  <div class='ocr_page' id='page_1' title='image "/cluster/home/n/w/nwhite01/storage/ocr_20150623/140/umn.31951002477433x/580.png"; bbox 0 0 3950 6298; ppageno 0'>
   <div class='ocr_carea' id='block_1_1' title="bbox 226 280 355 331">
    <p class='ocr_par' dir='ltr' id='par_1_1' title="bbox 226 280 355 331">
     <span class='ocr_line' id='line_1_1' title="bbox 226 280 355 331; baseline -0.008 0"><span class='ocrx_word' id='word_1_1' title='bbox 226 280 355 331; x_wconf 81' lang='grc'>1057</span> 
     </span>
    </p>
   </div>
   <div class='ocr_carea' id='block_1_2' title="bbox 1276 280 2663 341">
    <p class='ocr_par' dir='ltr' id='par_1_2' title="bbox 1276 280 2663 341">
     <span class='ocr_line' id='line_1_2' title="bbox 1276 280 2663 341; baseline 0.001 -5"><span class='ocrx_word' id='word_1_2' title='bbox 1276 280 1656 339; x_wconf 83' lang='lat' dir='ltr'><strong>CONCILIUM</strong></span> <span class='ocrx_word' id='word_1_3' title='bbox 1696 283 1765 337; x_wconf 88' lang='lat' dir='ltr'>IN</span> <span class='ocrx_word' id='word_1_4' title='bbox 1805 283 2287 340; x_wconf 80' lang='lat' dir='ltr'>SALEGUNSTAT</span> <span class='ocrx_word' id='word_1_5' title='bbox 2329 284 2663 341; x_wconf 78' lang='lat' dir='ltr'>HABITUM.</span> 
     </span>
    </p>
   </div>
   <div class='ocr_carea' id='block_1_3' title="bbox 3583 294 3717 347">
    <p class='ocr_par' dir='ltr' id='par_1_3' title="bbox 3583 294 3717 347">
     <span class='ocr_line' id='line_1_3' title="bbox 3583 294 3717 347; baseline 0.015 -2"><span class='ocrx_word' id='word_1_6' title='bbox 3583 294 3717 347; x_wconf 79' lang='grc'><strong>1058</strong></span> 
     </span>
    </p>
   </div>
   <div class='ocr_carea' id='block_1_4' title="bbox 218 398 3639 481">
    <p class='ocr_par' dir='ltr' id='par_1_4' title="bbox 218 398 3639 481">
     <span class='ocr_line' id='line_1_4' title="bbox 218 398 3639 481; baseline 0.004 -28"><span class='ocrx_word' id='word_1_7' title='bbox 218 404 471 453; x_wconf 87' lang='lat' dir='ltr'>nostram</span> <span class='ocrx_word' id='word_1_8' title='bbox 505 415 636 453; x_wconf 92' lang='lat' dir='ltr'>cum</span> <span class='ocrx_word' id='word_1_9' title='bbox 666 398 899 469; x_wconf 88' lang='lat' dir='ltr'>judicat,</span> <span class='ocrx_word' id='word_1_10' title='bbox 954 400 1102 455; x_wconf 88' lang='lat' dir='ltr'>hanc</span> <span class='ocrx_word' id='word_1_11' title='bbox 1141 403 1292 473; x_wconf 90' lang='lat' dir='ltr'>apud</span> <span class='ocrx_word' id='word_1_12' title='bbox 1341 420 1400 458; x_wconf 87' lang='lat' dir='ltr'>se</span> <span class='ocrx_word' id='word_1_13' title='bbox 1431 404 1625 459; x_wconf 87' lang='lat' dir='ltr'>divina</span> <span class='ocrx_word' id='word_1_14' title='bbox 1675 404 1906 458; x_wconf 88' lang='lat' dir='ltr'>miseri-</span> <span class='ocrx_word' id='word_1_15' title='bbox 1936 411 1977 462; x_wconf 80' lang='grc' dir='ltr'>Α</span> <span class='ocrx_word' id='word_1_16' title='bbox 2089 408 2215 461; x_wconf 77' lang='lat' dir='ltr'><strong>CAP.</strong></span> <span class='ocrx_word' id='word_1_17' title='bbox 2250 406 2432 462; x_wconf 80' lang='lat' dir='ltr'>CVIII.</span> <span class='ocrx_word' id='word_1_18' title='bbox 2461 437 2532 450; x_wconf 93' lang='lat'><strong><em>—</em></strong></span> <span class='ocrx_word' id='word_1_19' title='bbox 2556 410 2633 463; x_wconf 91' lang='lat' dir='ltr'>De</span> <span class='ocrx_word' id='word_1_20' title='bbox 2661 408 2835 477; x_wconf 84' lang='lat' dir='ltr'>gloria</span> <span class='ocrx_word' id='word_1_21' title='bbox 2855 414 3165 464; x_wconf 71' lang='lat' dir='ltr'>sanctorum</span> <span class='ocrx_word' id='word_1_22' title='bbox 3201 416 3323 480; x_wconf 84' lang='lat' dir='ltr'>post</span> <span class='ocrx_word' id='word_1_23' title='bbox 3345 412 3639 481; x_wconf 84' lang='lat' dir='ltr'>judicium.</span> 
     </span>
    </p>
   </div>
   <div class='ocr_carea' id='block_1_5' title="bbox 219 490 829 543">
    <p class='ocr_par' dir='ltr' id='par_1_5' title="bbox 219 490 829 543">
     <span class='ocr_line' id='line_1_5' title="bbox 219 490 829 543; baseline 0.003 -2"><span class='ocrx_word' id='word_1_24' title='bbox 219 490 414 543; x_wconf 90' lang='lat' dir='ltr'>cordia</span> <span class='ocrx_word' id='word_1_25' title='bbox 444 505 557 541; x_wconf 91' lang='lat' dir='ltr'>non</span> <span class='ocrx_word' id='word_1_26' title='bbox 581 495 829 543; x_wconf 81' lang='lat' dir='ltr'>excusat.</span> 
     </span>
    </p>
   </div>
   <div class='ocr_carea' id='block_1_6' title="bbox 221 576 1916 650">
    <p class='ocr_par' dir='ltr' id='par_1_6' title="bbox 221 576 1916 650">
     <span class='ocr_line' id='line_1_6' title="bbox 221 576 1916 650; baseline 0.005 -23"><span class='ocrx_word' id='word_1_27' title='bbox 221 576 347 627; x_wconf 76' lang='lat' dir='ltr'>CAP.</span> <span class='ocrx_word' id='word_1_28' title='bbox 383 576 514 629; x_wconf 84' lang='lat' dir='ltr'><strong>CVI.</strong></span> <span class='ocrx_word' id='word_1_29' title='bbox 546 606 613 614; x_wconf 96' lang='lat'>—</span> <span class='ocrx_word' id='word_1_30' title='bbox 645 576 797 642; x_wconf 87' lang='lat' dir='ltr'>Quod</span> <span class='ocrx_word' id='word_1_31' title='bbox 819 593 873 629; x_wconf 77' lang='lat' dir='ltr'>in</span> <span class='ocrx_word' id='word_1_32' title='bbox 920 577 1008 630; x_wconf 84' lang='lat' dir='ltr'>die</span> <span class='ocrx_word' id='word_1_33' title='bbox 1042 578 1249 646; x_wconf 72' lang='lat' dir='ltr'>iudicii</span> <span class='ocrx_word' id='word_1_34' title='bbox 1289 580 1393 634; x_wconf 86' lang='lat' dir='ltr'>duo</span> <span class='ocrx_word' id='word_1_35' title='bbox 1423 582 1638 635; x_wconf 83' lang='lat' dir='ltr'>ordines</span> <span class='ocrx_word' id='word_1_36' title='bbox 1686 583 1743 634; x_wconf 91' lang='lat' dir='ltr'>in</span> <span class='ocrx_word' id='word_1_37' title='bbox 1782 597 1916 650; x_wconf 86' lang='lat' dir='ltr'>qua-</span> 
     </span>
    </p>
   </div>
   <div class='ocr_carea' id='block_1_7' title="bbox 824 650 1307 704">
    <p class='ocr_par' dir='ltr' id='par_1_7' title="bbox 824 650 1307 704">
     <span class='ocr_line' id='line_1_7' title="bbox 824 650 1307 704; baseline 0.006 -3"><span class='ocrx_word' id='word_1_38' title='bbox 824 653 945 702; x_wconf 87' lang='lat' dir='ltr'>tuor</span> <span class='ocrx_word' id='word_1_39' title='bbox 964 650 1307 704; x_wconf 79' lang='lat' dir='ltr'>dividuntur.</span> 
     </span>
    </p>
   </div>
   <div class='ocr_carea' id='block_1_8' title="bbox 290 734 1915 803">
    <p class='ocr_par' dir='ltr' id='par_1_8' title="bbox 290 734 1915 803">
     <span class='ocr_line' id='line_1_8' title="bbox 290 734 1915 803; baseline 0.004 -16"><span class='ocrx_word' id='word_1_40' title='bbox 290 736 398 799; x_wconf 76' lang='lat' dir='ltr'>(Ea:</span> <span class='ocrx_word' id='word_1_41' title='bbox 427 734 588 789; x_wconf 84' lang='lat' dir='ltr'>dictis</span> <span class='ocrx_word' id='word_1_42' title='bbox 608 736 855 803; x_wconf 86' lang='lat' dir='ltr'>Isidori.)</span> <span class='ocrx_word' id='word_1_43' title='bbox 889 737 1023 790; x_wconf 87' lang='lat' dir='ltr'>Duae</span> <span class='ocrx_word' id='word_1_44' title='bbox 1067 745 1202 791; x_wconf 90' lang='lat' dir='ltr'>sunt</span> <span class='ocrx_word' id='word_1_45' title='bbox 1231 738 1566 793; x_wconf 76' lang='lat' dir='ltr'>ditferentizn</span> <span class='ocrx_word' id='word_1_46' title='bbox 1620 741 1709 793; x_wconf 86' lang='lat' dir='ltr'>vel</span> <span class='ocrx_word' id='word_1_47' title='bbox 1759 740 1915 795; x_wconf 87' lang='lat' dir='ltr'>ordi-</span> 
     </span>
    </p>
   </div>
   <div class='ocr_carea' id='block_1_9' title="bbox 216 822 1914 896">
    <p class='ocr_par' dir='ltr' id='par_1_9' title="bbox 216 822 1914 896">
     <span class='ocr_line' id='line_1_9' title="bbox 216 822 1914 896; baseline 0.004 -21"><span class='ocrx_word' id='word_1_48' title='bbox 216 838 318 876; x_wconf 90' lang='lat' dir='ltr'>nes</span> <span class='ocrx_word' id='word_1_49' title='bbox 350 822 651 876; x_wconf 87' lang='lat' dir='ltr'>hominum</span> <span class='ocrx_word' id='word_1_50' title='bbox 676 824 980 894; x_wconf 89' lang='lat' dir='ltr'>injudicio,</span> <span class='ocrx_word' id='word_1_51' title='bbox 1016 825 1119 879; x_wconf 91' lang='lat' dir='ltr'>hoc</span> <span class='ocrx_word' id='word_1_52' title='bbox 1151 833 1255 893; x_wconf 91' lang='lat' dir='ltr'>est,</span> <span class='ocrx_word' id='word_1_53' title='bbox 1280 828 1594 881; x_wconf 77' lang='lat' dir='ltr'>electorum</span> <span class='ocrx_word' id='word_1_54' title='bbox 1628 833 1685 882; x_wconf 91' lang='lat' dir='ltr'>et</span> <span class='ocrx_word' id='word_1_55' title='bbox 1716 844 1914 896; x_wconf 86' lang='lat' dir='ltr'>repro-</span> 
     </span>
    </p>
   </div>
   <div class='ocr_carea' id='block_1_10' title="bbox 214 912 1914 986">
    <p class='ocr_par' dir='ltr' id='par_1_10' title="bbox 214 912 1914 986">
     <span class='ocr_line' id='line_1_10' title="bbox 214 912 1914 986; baseline 0.003 -21"><span class='ocrx_word' id='word_1_56' title='bbox 214 914 444 965; x_wconf 92' lang='lat' dir='ltr'>borum.</span> <span class='ocrx_word' id='word_1_57' title='bbox 480 912 587 975; x_wconf 89' lang='lat' dir='ltr'>Qui</span> <span class='ocrx_word' id='word_1_58' title='bbox 620 920 810 967; x_wconf 87' lang='lat' dir='ltr'>tamen</span> <span class='ocrx_word' id='word_1_59' title='bbox 837 914 1172 967; x_wconf 87' lang='lat' dir='ltr'>dividuntur</span> <span class='ocrx_word' id='word_1_60' title='bbox 1210 915 1270 968; x_wconf 92' lang='lat' dir='ltr'>in</span> <span class='ocrx_word' id='word_1_61' title='bbox 1304 923 1572 986; x_wconf 80' lang='lat' dir='ltr'>quatuor.</span> <span class='ocrx_word' id='word_1_62' title='bbox 1636 918 1914 970; x_wconf 83' lang='lat' dir='ltr'>Perfecto-</span> 
     </span>
    </p>
   </div>
   <div class='ocr_carea' id='block_1_11' title="bbox 218 1002 1908 1074">
    <p class='ocr_par' dir='ltr' id='par_1_11' title="bbox 218 1002 1908 1074">
     <span class='ocr_line' id='line_1_11' title="bbox 218 1002 1908 1074; baseline 0.003 -20"><span class='ocrx_word' id='word_1_63' title='bbox 218 1017 347 1054; x_wconf 89' lang='lat' dir='ltr'>rum</span> <span class='ocrx_word' id='word_1_64' title='bbox 381 1002 521 1055; x_wconf 88' lang='lat' dir='ltr'><strong>ordo</strong></span> <span class='ocrx_word' id='word_1_65' title='bbox 553 1018 699 1055; x_wconf 90' lang='lat' dir='ltr'>unus</span> <span class='ocrx_word' id='word_1_66' title='bbox 747 1008 849 1067; x_wconf 90' lang='lat' dir='ltr'>est,</span> <span class='ocrx_word' id='word_1_67' title='bbox 911 1003 1010 1072; x_wconf 87' lang='lat' dir='ltr'>qui</span> <span class='ocrx_word' id='word_1_68' title='bbox 1057 1019 1187 1057; x_wconf 91' lang='lat' dir='ltr'>cum</span> <span class='ocrx_word' id='word_1_69' title='bbox 1221 1004 1332 1057; x_wconf 92' lang='lat' dir='ltr'>Deo</span> <span class='ocrx_word' id='word_1_70' title='bbox 1372 1005 1611 1074; x_wconf 89' lang='lat' dir='ltr'>judicat,</span> <span class='ocrx_word' id='word_1_71' title='bbox 1665 1012 1721 1059; x_wconf 92' lang='lat' dir='ltr'>et</span> <span class='ocrx_word' id='word_1_72' title='bbox 1763 1007 1908 1059; x_wconf 88' lang='lat' dir='ltr'>alius</span> 
     </span>
    </p>
   </div>
   <div class='ocr_carea' id='block_1_12' title="bbox 220 1090 1909 1165">
    <p class='ocr_par' dir='ltr' id='par_1_12' title="bbox 220 1090 1909 1165">
     <span class='ocr_line' id='line_1_12' title="bbox 220 1090 1909 1165; baseline 0.004 -23"><span class='ocrx_word' id='word_1_73' title='bbox 220 1090 317 1161; x_wconf 88' lang='lat' dir='ltr'>qui</span> <span class='ocrx_word' id='word_1_74' title='bbox 342 1091 653 1159; x_wconf 84' lang='lat' dir='ltr'>judicatur.</span> <span class='ocrx_word' id='word_1_75' title='bbox 692 1091 924 1161; x_wconf 80' lang='lat' dir='ltr'>Utrique</span> <span class='ocrx_word' id='word_1_76' title='bbox 951 1099 1145 1145; x_wconf 86' lang='lat' dir='ltr'>tamen</span> <span class='ocrx_word' id='word_1_77' title='bbox 1168 1109 1297 1146; x_wconf 90' lang='lat' dir='ltr'>cum</span> <span class='ocrx_word' id='word_1_78' title='bbox 1326 1094 1546 1147; x_wconf 84' lang='lat' dir='ltr'>Christo</span> <span class='ocrx_word' id='word_1_79' title='bbox 1570 1095 1909 1165; x_wconf 81' lang='lat' dir='ltr'>regnabant.</span> 
     </span>
    </p>
   </div>
   <div class='ocr_carea' id='block_1_13' title="bbox 219 1178 1915 1250">
    <p class='ocr_par' dir='ltr' id='par_1_13' title="bbox 219 1178 1915 1250">
     <span class='ocr_line' id='line_1_13' title="bbox 219 1178 1915 1250; baseline 0.002 -17"><span class='ocrx_word' id='word_1_80' title='bbox 219 1178 495 1234; x_wconf 79' lang='lat' dir='ltr'>Similiter</span> <span class='ocrx_word' id='word_1_81' title='bbox 525 1180 664 1233; x_wconf 87' lang='lat' dir='ltr'>ordo</span> <span class='ocrx_word' id='word_1_82' title='bbox 695 1180 1075 1249; x_wconf 89' lang='lat' dir='ltr'>reproborum</span> <span class='ocrx_word' id='word_1_83' title='bbox 1107 1180 1320 1250; x_wconf 89' lang='lat' dir='ltr'>pariter</span> <span class='ocrx_word' id='word_1_84' title='bbox 1350 1183 1407 1234; x_wconf 91' lang='lat' dir='ltr'>in</span> <span class='ocrx_word' id='word_1_85' title='bbox 1452 1183 1565 1235; x_wconf 91' lang='lat' dir='ltr'>duo</span> <span class='ocrx_word' id='word_1_86' title='bbox 1601 1198 1613 1235; x_wconf 92' lang='lat'>:</span> <span class='ocrx_word' id='word_1_87' title='bbox 1665 1184 1801 1236; x_wconf 89' lang='lat' dir='ltr'>dum</span> <span class='ocrx_word' id='word_1_88' title='bbox 1854 1183 1915 1236; x_wconf 88' lang='lat' dir='ltr'>hi</span> 
     </span>
    </p>
   </div>
   <div class='ocr_carea' id='block_1_14' title="bbox 219 1267 1916 1337">
    <p class='ocr_par' dir='ltr' id='par_1_14' title="bbox 219 1267 1916 1337">
     <span class='ocr_line' id='line_1_14' title="bbox 219 1267 1916 1337; baseline 0.002 -17"><span class='ocrx_word' id='word_1_89' title='bbox 219 1268 320 1336; x_wconf 86' lang='lat' dir='ltr'>qui</span> <span class='ocrx_word' id='word_1_90' title='bbox 352 1268 500 1321; x_wconf 72' lang='lat' dir='ltr'>intra</span> <span class='ocrx_word' id='word_1_91' title='bbox 526 1267 827 1321; x_wconf 83' lang='lat' dir='ltr'>Ecclesiam</span> <span class='ocrx_word' id='word_1_92' title='bbox 853 1274 984 1320; x_wconf 88' lang='lat' dir='ltr'>sunt</span> <span class='ocrx_word' id='word_1_93' title='bbox 1006 1268 1160 1332; x_wconf 89' lang='lat' dir='ltr'>mali,</span> <span class='ocrx_word' id='word_1_94' title='bbox 1184 1268 1480 1337; x_wconf 90' lang='lat' dir='ltr'>judicandi</span> <span class='ocrx_word' id='word_1_95' title='bbox 1506 1276 1659 1337; x_wconf 90' lang='lat' dir='ltr'>sunt,</span> <span class='ocrx_word' id='word_1_96' title='bbox 1682 1277 1739 1323; x_wconf 91' lang='lat' dir='ltr'>et</span> <span class='ocrx_word' id='word_1_97' title='bbox 1759 1270 1916 1323; x_wconf 87' lang='lat' dir='ltr'>dam-</span> 
     </span>
    </p>
   </div>
   <div class='ocr_carea' id='block_1_15' title="bbox 219 1356 1911 1427">
    <p class='ocr_par' dir='ltr' id='par_1_15' title="bbox 219 1356 1911 1427">
     <span class='ocr_line' id='line_1_15' title="bbox 219 1356 1911 1427; baseline 0.002 -19"><span class='ocrx_word' id='word_1_98' title='bbox 219 1356 417 1409; x_wconf 78' lang='lat' dir='ltr'>nandi.</span> <span class='ocrx_word' id='word_1_99' title='bbox 469 1356 579 1420; x_wconf 88' lang='lat' dir='ltr'>Qui</span> <span class='ocrx_word' id='word_1_100' title='bbox 643 1372 776 1409; x_wconf 90' lang='lat' dir='ltr'>vero</span> <span class='ocrx_word' id='word_1_101' title='bbox 822 1363 979 1409; x_wconf 79' lang='lat' dir='ltr'>extra</span> <span class='ocrx_word' id='word_1_102' title='bbox 1024 1356 1327 1410; x_wconf 89' lang='lat' dir='ltr'>Ecclesiam</span> <span class='ocrx_word' id='word_1_103' title='bbox 1379 1358 1711 1411; x_wconf 84' lang='lat' dir='ltr'>inveniendi</span> <span class='ocrx_word' id='word_1_104' title='bbox 1760 1364 1911 1427; x_wconf 90' lang='lat' dir='ltr'>sunt,</span> 
     </span>
    </p>
   </div>
   <div class='ocr_carea' id='block_1_16' title="bbox 219 1443 1913 1513">
    <p class='ocr_par' dir='ltr' id='par_1_16' title="bbox 219 1443 1913 1513">
     <span class='ocr_line' id='line_1_16' title="bbox 219 1443 1913 1513; baseline 0.002 -17"><span class='ocrx_word' id='word_1_105' title='bbox 219 1459 337 1497; x_wconf 92' lang='lat' dir='ltr'>non</span> <span class='ocrx_word' id='word_1_106' title='bbox 368 1449 501 1496; x_wconf 90' lang='lat' dir='ltr'>sunt</span> <span class='ocrx_word' id='word_1_107' title='bbox 547 1443 864 1513; x_wconf 89' lang='lat' dir='ltr'>judicandi,</span> <span class='ocrx_word' id='word_1_108' title='bbox 918 1443 1015 1496; x_wconf 88' lang='lat' dir='ltr'>sed</span> <span class='ocrx_word' id='word_1_109' title='bbox 1068 1450 1259 1497; x_wconf 86' lang='lat' dir='ltr'>tamen</span> <span class='ocrx_word' id='word_1_110' title='bbox 1306 1445 1638 1499; x_wconf 86' lang='lat' dir='ltr'>damnandi.</span> <span class='ocrx_word' id='word_1_111' title='bbox 1688 1446 1913 1499; x_wconf 84' lang='lat' dir='ltr'>Primus</span> 
     </span>
    </p>
   </div>
   <div class='ocr_carea' id='block_1_17' title="bbox 219 1531 1910 1604">
    <p class='ocr_par' dir='ltr' id='par_1_17' title="bbox 219 1531 1910 1604">
     <span class='ocr_line' id='line_1_17' title="bbox 219 1531 1910 1604; baseline 0.002 -20"><span class='ocrx_word' id='word_1_112' title='bbox 219 1532 400 1602; x_wconf 81' lang='lat' dir='ltr'>igitur</span> <span class='ocrx_word' id='word_1_113' title='bbox 432 1548 630 1584; x_wconf 90' lang='lat' dir='ltr'>eorum</span> <span class='ocrx_word' id='word_1_114' title='bbox 660 1531 799 1585; x_wconf 91' lang='lat' dir='ltr'>ordo</span> <span class='ocrx_word' id='word_1_115' title='bbox 832 1531 1304 1601; x_wconf 82' lang='lat' dir='ltr'>quijudicantur,</span> <span class='ocrx_word' id='word_1_116' title='bbox 1336 1540 1392 1587; x_wconf 91' lang='lat' dir='ltr'>et</span> <span class='ocrx_word' id='word_1_117' title='bbox 1422 1540 1684 1603; x_wconf 92' lang='lat' dir='ltr'>pereunt,</span> <span class='ocrx_word' id='word_1_118' title='bbox 1733 1551 1910 1604; x_wconf 89' lang='lat' dir='ltr'>oppo-</span> 
     </span>
    </p>
   </div>
   <div class='ocr_carea' id='block_1_18' title="bbox 219 1620 1915 1692">
    <p class='ocr_par' dir='ltr' id='par_1_18' title="bbox 219 1620 1915 1692">
     <span class='ocr_line' id='line_1_18' title="bbox 219 1620 1915 1692; baseline 0.002 -20"><span class='ocrx_word' id='word_1_119' title='bbox 219 1620 379 1673; x_wconf 84' lang='lat' dir='ltr'>nitur</span> <span class='ocrx_word' id='word_1_120' title='bbox 401 1620 484 1673; x_wconf 87' lang='lat' dir='ltr'>illi</span> <span class='ocrx_word' id='word_1_121' title='bbox 516 1620 705 1673; x_wconf 88' lang='lat' dir='ltr'>ordini</span> <span class='ocrx_word' id='word_1_122' title='bbox 734 1620 1016 1673; x_wconf 88' lang='lat' dir='ltr'>bonorum</span> <span class='ocrx_word' id='word_1_123' title='bbox 1050 1622 1119 1673; x_wconf 90' lang='lat' dir='ltr'>de</span> <span class='ocrx_word' id='word_1_124' title='bbox 1150 1638 1264 1690; x_wconf 91' lang='lat' dir='ltr'>quo</span> <span class='ocrx_word' id='word_1_125' title='bbox 1294 1628 1427 1675; x_wconf 89' lang='lat' dir='ltr'>sunt</span> <span class='ocrx_word' id='word_1_126' title='bbox 1456 1622 1554 1692; x_wconf 89' lang='lat' dir='ltr'>qui</span> <span class='ocrx_word' id='word_1_127' title='bbox 1581 1622 1915 1692; x_wconf 90' lang='lat' dir='ltr'>judicantur</span> 
     </span>
    </p>
   </div>
   <div class='ocr_carea' id='block_1_19' title="bbox 221 1709 1917 1781">
    <p class='ocr_par' dir='ltr' id='par_1_19' title="bbox 221 1709 1917 1781">
     <span class='ocr_line' id='line_1_19' title="bbox 221 1709 1917 1781; baseline 0.002 -20"><span class='ocrx_word' id='word_1_128' title='bbox 221 1713 278 1762; x_wconf 90' lang='lat' dir='ltr'>et</span> <span class='ocrx_word' id='word_1_129' title='bbox 308 1714 571 1779; x_wconf 90' lang='lat' dir='ltr'>regnant.</span> <span class='ocrx_word' id='word_1_130' title='bbox 607 1709 904 1763; x_wconf 88' lang='lat' dir='ltr'>Secundus</span> <span class='ocrx_word' id='word_1_131' title='bbox 956 1710 1096 1762; x_wconf 92' lang='lat' dir='ltr'>ordo</span> <span class='ocrx_word' id='word_1_132' title='bbox 1153 1726 1351 1763; x_wconf 89' lang='lat' dir='ltr'>eorum</span> <span class='ocrx_word' id='word_1_133' title='bbox 1384 1711 1486 1781; x_wconf 92' lang='lat' dir='ltr'>qui</span> <span class='ocrx_word' id='word_1_134' title='bbox 1515 1727 1633 1764; x_wconf 89' lang='lat' dir='ltr'>non</span> <span class='ocrx_word' id='word_1_135' title='bbox 1656 1711 1917 1780; x_wconf 87' lang='lat' dir='ltr'>judican-</span> 
     </span>
    </p>
   </div>
   <div class='ocr_carea' id='block_1_20' title="bbox 220 1798 1917 1869">
    <p class='ocr_par' dir='ltr' id='par_1_20' title="bbox 220 1798 1917 1869">
     <span class='ocr_line' id='line_1_20' title="bbox 220 1798 1917 1869; baseline 0.002 -19"><span class='ocrx_word' id='word_1_136' title='bbox 220 1800 335 1864; x_wconf 86' lang='lat' dir='ltr'>tur,</span> <span class='ocrx_word' id='word_1_137' title='bbox 371 1802 427 1850; x_wconf 91' lang='lat' dir='ltr'>et</span> <span class='ocrx_word' id='word_1_138' title='bbox 471 1803 735 1867; x_wconf 89' lang='lat' dir='ltr'>pereunt,</span> <span class='ocrx_word' id='word_1_139' title='bbox 793 1799 1105 1867; x_wconf 86' lang='lat' dir='ltr'>opponitur</span> <span class='ocrx_word' id='word_1_140' title='bbox 1156 1798 1241 1852; x_wconf 89' lang='lat' dir='ltr'>illi</span> <span class='ocrx_word' id='word_1_141' title='bbox 1289 1799 1479 1852; x_wconf 88' lang='lat' dir='ltr'>ordini</span> <span class='ocrx_word' id='word_1_142' title='bbox 1531 1798 1917 1869; x_wconf 87' lang='lat' dir='ltr'>perfectorum</span> 
     </span>
    </p>
   </div>
   <div class='ocr_carea' id='block_1_21' title="bbox 224 1886 1917 1957">
    <p class='ocr_par' dir='ltr' id='par_1_21' title="bbox 224 1886 1917 1957">
     <span class='ocr_line' id='line_1_21' title="bbox 224 1886 1917 1957; baseline 0.002 -19"><span class='ocrx_word' id='word_1_143' title='bbox 224 1886 324 1955; x_wconf 88' lang='lat' dir='ltr'>qui</span> <span class='ocrx_word' id='word_1_144' title='bbox 351 1891 485 1939; x_wconf 91' lang='lat' dir='ltr'>sunt</span> <span class='ocrx_word' id='word_1_145' title='bbox 514 1887 573 1939; x_wconf 91' lang='lat' dir='ltr'>hi</span> <span class='ocrx_word' id='word_1_146' title='bbox 604 1886 704 1956; x_wconf 89' lang='lat' dir='ltr'>qui</span> <span class='ocrx_word' id='word_1_147' title='bbox 737 1903 853 1939; x_wconf 91' lang='lat' dir='ltr'>non</span> <span class='ocrx_word' id='word_1_148' title='bbox 897 1887 1250 1957; x_wconf 90' lang='lat' dir='ltr'>judicantur,</span> <span class='ocrx_word' id='word_1_149' title='bbox 1284 1892 1337 1939; x_wconf 91' lang='lat' dir='ltr'>et</span> <span class='ocrx_word' id='word_1_150' title='bbox 1386 1893 1644 1957; x_wconf 89' lang='lat' dir='ltr'>regnant.</span> <span class='ocrx_word' id='word_1_151' title='bbox 1695 1888 1917 1941; x_wconf 91' lang='lat' dir='ltr'>Tertius</span> 
     </span>
    </p>
   </div>
   <div class='ocr_carea' id='block_1_22' title="bbox 222 1974 1917 2046">
    <p class='ocr_par' dir='ltr' id='par_1_22' title="bbox 222 1974 1917 2046">
     <span class='ocr_line' id='line_1_22' title="bbox 222 1974 1917 2046; baseline 0.001 -19"><span class='ocrx_word' id='word_1_152' title='bbox 222 1974 364 2027; x_wconf 89' lang='lat' dir='ltr'>ordo</span> <span class='ocrx_word' id='word_1_153' title='bbox 396 1990 598 2027; x_wconf 90' lang='lat' dir='ltr'>eorum</span> <span class='ocrx_word' id='word_1_154' title='bbox 628 1974 727 2044; x_wconf 89' lang='lat' dir='ltr'>qui</span> <span class='ocrx_word' id='word_1_155' title='bbox 778 1974 1115 2044; x_wconf 85' lang='lat' dir='ltr'>judicantur</span> <span class='ocrx_word' id='word_1_156' title='bbox 1164 1982 1219 2028; x_wconf 92' lang='lat' dir='ltr'>et</span> <span class='ocrx_word' id='word_1_157' title='bbox 1258 1982 1504 2046; x_wconf 88' lang='lat' dir='ltr'>regnant</span> <span class='ocrx_word' id='word_1_158' title='bbox 1538 1992 1550 2029; x_wconf 89' lang='lat'>:</span> <span class='ocrx_word' id='word_1_159' title='bbox 1586 1977 1667 2030; x_wconf 84' lang='lat' dir='ltr'>illi</span> <span class='ocrx_word' id='word_1_160' title='bbox 1724 1976 1917 2030; x_wconf 90' lang='lat' dir='ltr'>ordini</span> 
     </span>
    </p>
   </div>
   <div class='ocr_carea' id='block_1_23' title="bbox 223 2064 1913 2135">
    <p class='ocr_par' dir='ltr' id='par_1_23' title="bbox 223 2064 1913 2135">
     <span class='ocr_line' id='line_1_23' title="bbox 223 2064 1913 2135; baseline 0.002 -19"><span class='ocrx_word' id='word_1_161' title='bbox 223 2064 542 2116; x_wconf 89' lang='lat' dir='ltr'>contrarius</span> <span class='ocrx_word' id='word_1_162' title='bbox 574 2070 659 2116; x_wconf 87' lang='lat' dir='ltr'>est</span> <span class='ocrx_word' id='word_1_163' title='bbox 688 2064 757 2117; x_wconf 93' lang='lat' dir='ltr'>de</span> <span class='ocrx_word' id='word_1_164' title='bbox 784 2080 898 2133; x_wconf 91' lang='lat' dir='ltr'>quo</span> <span class='ocrx_word' id='word_1_165' title='bbox 919 2072 1050 2115; x_wconf 91' lang='lat' dir='ltr'>sunt</span> <span class='ocrx_word' id='word_1_166' title='bbox 1080 2064 1177 2133; x_wconf 89' lang='lat' dir='ltr'>qui</span> <span class='ocrx_word' id='word_1_167' title='bbox 1204 2064 1538 2133; x_wconf 55' lang='lat' dir='ltr'>juviicantur</span> <span class='ocrx_word' id='word_1_168' title='bbox 1570 2070 1626 2118; x_wconf 89' lang='lat' dir='ltr'>et</span> <span class='ocrx_word' id='word_1_169' title='bbox 1651 2070 1913 2135; x_wconf 88' lang='lat' dir='ltr'>pereunt.</span> 
     </span>
    </p>
   </div>
   <div class='ocr_carea' id='block_1_24' title="bbox 220 2151 1915 2225">
    <p class='ocr_par' dir='ltr' id='par_1_24' title="bbox 220 2151 1915 2225">
     <span class='ocr_line' id='line_1_24' title="bbox 220 2151 1915 2225; baseline 0 -20"><span class='ocrx_word' id='word_1_170' title='bbox 220 2151 467 2215; x_wconf 81' lang='lat' dir='ltr'>Quartus</span> <span class='ocrx_word' id='word_1_171' title='bbox 508 2152 645 2204; x_wconf 91' lang='lat' dir='ltr'>ordo</span> <span class='ocrx_word' id='word_1_172' title='bbox 678 2167 875 2204; x_wconf 89' lang='lat' dir='ltr'>eorum</span> <span class='ocrx_word' id='word_1_173' title='bbox 909 2152 1007 2221; x_wconf 87' lang='lat' dir='ltr'>qui</span> <span class='ocrx_word' id='word_1_174' title='bbox 1034 2169 1149 2205; x_wconf 89' lang='lat' dir='ltr'>non</span> <span class='ocrx_word' id='word_1_175' title='bbox 1174 2152 1511 2221; x_wconf 83' lang='lat' dir='ltr'>judicantur</span> <span class='ocrx_word' id='word_1_176' title='bbox 1557 2158 1613 2207; x_wconf 91' lang='lat' dir='ltr'>et</span> <span class='ocrx_word' id='word_1_177' title='bbox 1650 2160 1915 2225; x_wconf 87' lang='lat' dir='ltr'>regnant,</span> 
     </span>
    </p>
   </div>
   <div class='ocr_carea' id='block_1_25' title="bbox 222 2240 1917 2315">
    <p class='ocr_par' dir='ltr' id='par_1_25' title="bbox 222 2240 1917 2315">
     <span class='ocr_line' id='line_1_25' title="bbox 222 2240 1917 2315; baseline 0.002 -21"><span class='ocrx_word' id='word_1_178' title='bbox 222 2240 534 2311; x_wconf 89' lang='lat' dir='ltr'>opponitur</span> <span class='ocrx_word' id='word_1_179' title='bbox 564 2242 646 2294; x_wconf 87' lang='lat' dir='ltr'>illi</span> <span class='ocrx_word' id='word_1_180' title='bbox 674 2243 960 2294; x_wconf 83' lang='lat' dir='ltr'>contrario</span> <span class='ocrx_word' id='word_1_181' title='bbox 997 2241 1186 2294; x_wconf 89' lang='lat' dir='ltr'>ordini</span> <span class='ocrx_word' id='word_1_182' title='bbox 1220 2243 1318 2312; x_wconf 91' lang='lat' dir='ltr'>qui</span> <span class='ocrx_word' id='word_1_183' title='bbox 1351 2243 1433 2296; x_wconf 90' lang='lat' dir='ltr'>illi</span> <span class='ocrx_word' id='word_1_184' title='bbox 1467 2249 1599 2297; x_wconf 90' lang='lat' dir='ltr'>sunt</span> <span class='ocrx_word' id='word_1_185' title='bbox 1648 2246 1747 2315; x_wconf 91' lang='lat' dir='ltr'>qui</span> <span class='ocrx_word' id='word_1_186' title='bbox 1800 2261 1917 2298; x_wconf 90' lang='lat' dir='ltr'>non</span> 
     </span>
    </p>
   </div>
   <div class='ocr_carea' id='block_1_26' title="bbox 217 2329 1917 2399">
    <p class='ocr_par' dir='ltr' id='par_1_26' title="bbox 217 2329 1917 2399">
     <span class='ocr_line' id='line_1_26' title="bbox 217 2329 1917 2399; baseline 0.003 -18"><span class='ocrx_word' id='word_1_187' title='bbox 217 2329 552 2398; x_wconf 88' lang='lat' dir='ltr'>judicantur</span> <span class='ocrx_word' id='word_1_188' title='bbox 582 2336 639 2382; x_wconf 91' lang='lat' dir='ltr'>et</span> <span class='ocrx_word' id='word_1_189' title='bbox 664 2337 925 2398; x_wconf 89' lang='lat' dir='ltr'>pereunt.</span> <span class='ocrx_word' id='word_1_190' title='bbox 960 2329 1198 2383; x_wconf 89' lang='lat' dir='ltr'>Gemina</span> <span class='ocrx_word' id='word_1_191' title='bbox 1232 2331 1472 2399; x_wconf 88' lang='lat' dir='ltr'>punitur</span> <span class='ocrx_word' id='word_1_192' title='bbox 1500 2334 1782 2386; x_wconf 87' lang='lat' dir='ltr'>sententia</span> <span class='ocrx_word' id='word_1_193' title='bbox 1808 2335 1917 2386; x_wconf 89' lang='lat' dir='ltr'>im-</span> 
     </span>
    </p>
   </div>
   <div class='ocr_carea' id='block_1_27' title="bbox 223 2418 1919 2487">
    <p class='ocr_par' dir='ltr' id='par_1_27' title="bbox 223 2418 1919 2487">
     <span class='ocr_line' id='line_1_27' title="bbox 223 2418 1919 2487; baseline 0.003 -17"><span class='ocrx_word' id='word_1_194' title='bbox 223 2418 353 2487; x_wconf 90' lang='lat' dir='ltr'>pius</span> <span class='ocrx_word' id='word_1_195' title='bbox 387 2434 399 2471; x_wconf 91' lang='lat'>:</span> <span class='ocrx_word' id='word_1_196' title='bbox 432 2418 569 2471; x_wconf 91' lang='lat' dir='ltr'>dum</span> <span class='ocrx_word' id='word_1_197' title='bbox 600 2424 698 2471; x_wconf 88' lang='lat' dir='ltr'>aut</span> <span class='ocrx_word' id='word_1_198' title='bbox 742 2418 834 2471; x_wconf 91' lang='lat' dir='ltr'>hic</span> <span class='ocrx_word' id='word_1_199' title='bbox 878 2434 983 2487; x_wconf 86' lang='lat' dir='ltr'>pro</span> <span class='ocrx_word' id='word_1_200' title='bbox 1016 2418 1132 2471; x_wconf 90' lang='lat' dir='ltr'>suis</span> <span class='ocrx_word' id='word_1_201' title='bbox 1164 2419 1380 2472; x_wconf 85' lang='lat' dir='ltr'>meritis</span> <span class='ocrx_word' id='word_1_202' title='bbox 1431 2420 1635 2474; x_wconf 90' lang='lat' dir='ltr'>mentis</span> <span class='ocrx_word' id='word_1_203' title='bbox 1665 2424 1919 2475; x_wconf 82' lang='lat' dir='ltr'>caecitate</span> 
     </span>
    </p>
   </div>
   <div class='ocr_carea' id='block_1_28' title="bbox 224 2507 1918 2576">
    <p class='ocr_par' dir='ltr' id='par_1_28' title="bbox 224 2507 1918 2576">
     <span class='ocr_line' id='line_1_28' title="bbox 224 2507 1918 2576; baseline 0.003 -17"><span class='ocrx_word' id='word_1_204' title='bbox 224 2507 541 2576; x_wconf 83' lang='lat' dir='ltr'>percutitur</span> <span class='ocrx_word' id='word_1_205' title='bbox 567 2524 636 2559; x_wconf 84' lang='lat' dir='ltr'>ne</span> <span class='ocrx_word' id='word_1_206' title='bbox 669 2507 964 2559; x_wconf 86' lang='lat' dir='ltr'>veritatem</span> <span class='ocrx_word' id='word_1_207' title='bbox 998 2507 1203 2574; x_wconf 88' lang='lat' dir='ltr'>videat,</span> <span class='ocrx_word' id='word_1_208' title='bbox 1231 2515 1331 2560; x_wconf 90' lang='lat' dir='ltr'>aut</span> <span class='ocrx_word' id='word_1_209' title='bbox 1356 2508 1492 2561; x_wconf 91' lang='lat' dir='ltr'>dum</span> <span class='ocrx_word' id='word_1_210' title='bbox 1524 2510 1584 2561; x_wconf 93' lang='lat' dir='ltr'>in</span> <span class='ocrx_word' id='word_1_211' title='bbox 1612 2510 1725 2563; x_wconf 82' lang='lat' dir='ltr'>ﬁne</span> <span class='ocrx_word' id='word_1_212' title='bbox 1757 2510 1918 2563; x_wconf 90' lang='lat' dir='ltr'>dam-</span> 
     </span>
    </p>
   </div>
   <div class='ocr_carea' id='block_1_29' title="bbox 226 2595 1313 2664">
    <p class='ocr_par' dir='ltr' id='par_1_29' title="bbox 226 2595 1313 2664">
     <span class='ocr_line' id='line_1_29' title="bbox 226 2595 1313 2664; baseline 0.003 -18"><span class='ocrx_word' id='word_1_213' title='bbox 226 2595 457 2648; x_wconf 89' lang='lat' dir='ltr'>nabitur</span> <span class='ocrx_word' id='word_1_214' title='bbox 487 2601 550 2648; x_wconf 91' lang='lat' dir='ltr'>ut</span> <span class='ocrx_word' id='word_1_215' title='bbox 577 2596 795 2648; x_wconf 87' lang='lat' dir='ltr'>debitas</span> <span class='ocrx_word' id='word_1_216' title='bbox 826 2611 1024 2664; x_wconf 75' lang='lat' dir='ltr'>pcenas</span> <span class='ocrx_word' id='word_1_217' title='bbox 1046 2597 1313 2649; x_wconf 81' lang='lat' dir='ltr'>exsolvat.</span> 
     </span>
    </p>
   </div>
   <div class='ocr_carea' id='block_1_30' title="bbox 225 2684 1919 2751">
    <p class='ocr_par' dir='ltr' id='par_1_30' title="bbox 225 2684 1919 2751">
     <span class='ocr_line' id='line_1_30' title="bbox 225 2684 1919 2751; baseline 0.001 -14"><span class='ocrx_word' id='word_1_218' title='bbox 225 2684 353 2737; x_wconf 78' lang='lat' dir='ltr'><strong>CAP.</strong></span> <span class='ocrx_word' id='word_1_219' title='bbox 386 2710 457 2725; x_wconf 92' lang='lat'><strong>—</strong></span> <span class='ocrx_word' id='word_1_220' title='bbox 487 2684 639 2736; x_wconf 84' lang='lat' dir='ltr'><strong>CVII.</strong></span> <span class='ocrx_word' id='word_1_221' title='bbox 666 2684 816 2751; x_wconf 67' lang='lat' dir='ltr'>Quod</span> <span class='ocrx_word' id='word_1_222' title='bbox 849 2684 983 2735; x_wconf 85' lang='lat' dir='ltr'>liber</span> <span class='ocrx_word' id='word_1_223' title='bbox 1025 2688 1150 2736; x_wconf 66' lang='lat' dir='ltr'>vitae</span> <span class='ocrx_word' id='word_1_224' title='bbox 1177 2686 1249 2735; x_wconf 89' lang='lat' dir='ltr'>sit</span> <span class='ocrx_word' id='word_1_225' title='bbox 1265 2686 1387 2751; x_wconf 87' lang='lat' dir='ltr'>ipsa</span> <span class='ocrx_word' id='word_1_226' title='bbox 1413 2686 1551 2737; x_wconf 82' lang='lat' dir='ltr'>visio</span> <span class='ocrx_word' id='word_1_227' title='bbox 1581 2684 1919 2739; x_wconf 77' lang='lat' dir='ltr'>advenientis</span> 
     </span>
    </p>
   </div>
   <div class='ocr_carea' id='block_1_31' title="bbox 294 2753 1921 2890">
    <p class='ocr_par' dir='ltr' id='par_1_31' title="bbox 294 2753 1921 2890">
     <span class='ocr_line' id='line_1_31' title="bbox 294 2753 1921 2877; baseline 0.002 -71"><span class='ocrx_word' id='word_1_228' title='bbox 587 2759 718 2822; x_wconf 83' lang='lat' dir='ltr'>quia</span> <span class='ocrx_word' id='word_1_229' title='bbox 757 2753 1030 2822; x_wconf 74' lang='lat' dir='ltr'>quidquid</span> <span class='ocrx_word' id='word_1_230' title='bbox 1051 2756 1174 2821; x_wconf 84' lang='lat' dir='ltr'>quis</span> <span class='ocrx_word' id='word_1_231' title='bbox 1192 2756 1405 2822; x_wconf 76' lang='lat' dir='ltr'>fecerit,</span> <span class='ocrx_word' id='word_1_232' title='bbox 1443 2757 1563 2823; x_wconf 88' lang='lat' dir='ltr'>ipso</span> <span class='ocrx_word' id='word_1_233' title='bbox 1594 2758 1707 2810; x_wconf 81' lang='lat' dir='ltr'>viso</span> <span class='ocrx_word' id='word_1_234' title='bbox 1732 2760 1921 2810; x_wconf 78' lang='lat' dir='ltr'>statim</span> 
     </span>
     <span class='ocr_line' id='line_1_32' title="bbox 298 2841 580 2890; baseline -0.004 -13"><span class='ocrx_word' id='word_1_235' title='bbox 298 2841 353 2877; x_wconf 77' lang='lat' dir='ltr'>in</span> <span class='ocrx_word' id='word_1_236' title='bbox 382 2841 407 2876; x_wconf 81' lang='grc' dir='ltr'><em>ρ</em></span> <span class='ocrx_word' id='word_1_237' title='bbox 453 2841 536 2890; x_wconf 71' lang='lat' dir='ltr'>age</span> <span class='ocrx_word' id='word_1_238' title='bbox 568 2864 580 2876; x_wconf 94' lang='lat'><strong>.</strong></span> 
     </span>
    </p>
   </div>
   <div class='ocr_carea' id='block_1_32' title="bbox 299 2911 1922 2984">
    <p class='ocr_par' dir='ltr' id='par_1_32' title="bbox 299 2911 1922 2984">
     <span class='ocr_line' id='line_1_33' title="bbox 299 2911 1922 2984; baseline 0.002 -19"><span class='ocrx_word' id='word_1_239' title='bbox 299 2914 545 2980; x_wconf 82' lang='lat' dir='ltr'>(Grcgor.</span> <span class='ocrx_word' id='word_1_240' title='bbox 572 2915 629 2964; x_wconf 89' lang='lat' dir='ltr'>in</span> <span class='ocrx_word' id='word_1_241' title='bbox 659 2913 771 2964; x_wconf 88' lang='lat' dir='ltr'>suis</span> <span class='ocrx_word' id='word_1_242' title='bbox 800 2913 987 2967; x_wconf 82' lang='grc' dir='ltr'>Μοναι.</span> <span class='ocrx_word' id='word_1_243' title='bbox 1018 2911 1153 2965; x_wconf 83' lang='lat' dir='ltr'>dicit</span> <span class='ocrx_word' id='word_1_244' title='bbox 1181 2914 1225 2980; x_wconf 82' lang='lat'>:)</span> <span class='ocrx_word' id='word_1_245' title='bbox 1269 2912 1420 2967; x_wconf 87' lang='lat' dir='ltr'>Libri</span> <span class='ocrx_word' id='word_1_246' title='bbox 1454 2915 1636 2984; x_wconf 89' lang='lat' dir='ltr'>aperti</span> <span class='ocrx_word' id='word_1_247' title='bbox 1662 2919 1813 2982; x_wconf 90' lang='lat' dir='ltr'>sunt,</span> <span class='ocrx_word' id='word_1_248' title='bbox 1866 2920 1922 2969; x_wconf 92' lang='lat' dir='ltr'>et</span> 
     </span>
    </p>
   </div>
   <div class='ocr_carea' id='block_1_33' title="bbox 227 3000 1922 3073">
    <p class='ocr_par' dir='ltr' id='par_1_33' title="bbox 227 3000 1922 3073">
     <span class='ocr_line' id='line_1_34' title="bbox 227 3000 1922 3073; baseline 0.003 -20"><span class='ocrx_word' id='word_1_249' title='bbox 227 3000 370 3053; x_wconf 89' lang='lat' dir='ltr'>alius</span> <span class='ocrx_word' id='word_1_250' title='bbox 402 3002 546 3054; x_wconf 89' lang='lat' dir='ltr'>liber</span> <span class='ocrx_word' id='word_1_251' title='bbox 576 3009 809 3069; x_wconf 90' lang='lat' dir='ltr'>apertus</span> <span class='ocrx_word' id='word_1_252' title='bbox 839 3003 924 3053; x_wconf 89' lang='lat' dir='ltr'>est</span> <span class='ocrx_word' id='word_1_253' title='bbox 963 3001 1061 3070; x_wconf 91' lang='lat' dir='ltr'>qui</span> <span class='ocrx_word' id='word_1_254' title='bbox 1090 3007 1174 3054; x_wconf 88' lang='lat' dir='ltr'>est</span> <span class='ocrx_word' id='word_1_255' title='bbox 1207 3001 1332 3055; x_wconf 65' lang='lat' dir='ltr'>vitae</span> <span class='ocrx_word' id='word_1_256' title='bbox 1375 3019 1387 3056; x_wconf 94' lang='lat'>:</span> <span class='ocrx_word' id='word_1_257' title='bbox 1423 3010 1479 3055; x_wconf 90' lang='lat' dir='ltr'>et</span> <span class='ocrx_word' id='word_1_258' title='bbox 1501 3003 1744 3073; x_wconf 88' lang='lat' dir='ltr'>judicati</span> <span class='ocrx_word' id='word_1_259' title='bbox 1789 3010 1922 3059; x_wconf 90' lang='lat' dir='ltr'>sunt</span> 
     </span>
    </p>
   </div>
   <div class='ocr_carea' id='block_1_34' title="bbox 226 3090 1919 3160">
    <p class='ocr_par' dir='ltr' id='par_1_34' title="bbox 226 3090 1919 3160">
     <span class='ocr_line' id='line_1_35' title="bbox 226 3090 1919 3160; baseline 0.003 -18"><span class='ocrx_word' id='word_1_260' title='bbox 226 3090 434 3142; x_wconf 91' lang='lat' dir='ltr'>mortui</span> <span class='ocrx_word' id='word_1_261' title='bbox 467 3106 531 3142; x_wconf 86' lang='lat' dir='ltr'>ex</span> <span class='ocrx_word' id='word_1_262' title='bbox 564 3090 653 3143; x_wconf 88' lang='lat' dir='ltr'>his</span> <span class='ocrx_word' id='word_1_263' title='bbox 686 3106 812 3159; x_wconf 67' lang='lat' dir='ltr'>qua:</span> <span class='ocrx_word' id='word_1_264' title='bbox 846 3094 1053 3160; x_wconf 86' lang='lat' dir='ltr'>scripta</span> <span class='ocrx_word' id='word_1_265' title='bbox 1084 3099 1246 3143; x_wconf 89' lang='lat' dir='ltr'>erant</span> <span class='ocrx_word' id='word_1_266' title='bbox 1278 3090 1335 3144; x_wconf 91' lang='lat' dir='ltr'>iu</span> <span class='ocrx_word' id='word_1_267' title='bbox 1358 3091 1534 3145; x_wconf 85' lang='lat' dir='ltr'>libris.</span> <span class='ocrx_word' id='word_1_268' title='bbox 1576 3092 1739 3146; x_wconf 88' lang='lat' dir='ltr'>Liber</span> <span class='ocrx_word' id='word_1_269' title='bbox 1758 3110 1919 3147; x_wconf 89' lang='lat' dir='ltr'>nam-</span> 
     </span>
    </p>
   </div>
   <div class='ocr_carea' id='block_1_35' title="bbox 225 3178 1918 3253">
    <p class='ocr_par' dir='ltr' id='par_1_35' title="bbox 225 3178 1918 3253">
     <span class='ocr_line' id='line_1_36' title="bbox 225 3178 1918 3253; baseline 0.003 -22"><span class='ocrx_word' id='word_1_270' title='bbox 225 3195 335 3249; x_wconf 87' lang='lat' dir='ltr'>que</span> <span class='ocrx_word' id='word_1_271' title='bbox 376 3178 507 3231; x_wconf 71' lang='lat' dir='ltr'>vitze</span> <span class='ocrx_word' id='word_1_272' title='bbox 540 3184 624 3230; x_wconf 89' lang='lat' dir='ltr'>est</span> <span class='ocrx_word' id='word_1_273' title='bbox 656 3178 778 3247; x_wconf 90' lang='lat' dir='ltr'>ipsa</span> <span class='ocrx_word' id='word_1_274' title='bbox 831 3178 971 3230; x_wconf 91' lang='lat' dir='ltr'>visio</span> <span class='ocrx_word' id='word_1_275' title='bbox 1020 3179 1377 3232; x_wconf 80' lang='lat' dir='ltr'>advenientis</span> <span class='ocrx_word' id='word_1_276' title='bbox 1420 3180 1650 3251; x_wconf 84' lang='lat' dir='ltr'>judicis.</span> <span class='ocrx_word' id='word_1_277' title='bbox 1697 3182 1758 3234; x_wconf 90' lang='lat' dir='ltr'><strong>In</strong></span> <span class='ocrx_word' id='word_1_278' title='bbox 1805 3198 1918 3253; x_wconf 90' lang='lat' dir='ltr'>quo</span> 
     </span>
    </p>
   </div>
   <div class='ocr_carea' id='block_1_36' title="bbox 226 3266 1920 3342">
    <p class='ocr_par' dir='ltr' id='par_1_36' title="bbox 226 3266 1920 3342">
     <span class='ocr_line' id='line_1_37' title="bbox 226 3266 1920 3342; baseline 0.002 -23"><span class='ocrx_word' id='word_1_279' title='bbox 226 3269 387 3337; x_wconf 89' lang='lat' dir='ltr'>quasi</span> <span class='ocrx_word' id='word_1_280' title='bbox 416 3266 688 3334; x_wconf 83' lang='lat' dir='ltr'>scriptum</span> <span class='ocrx_word' id='word_1_281' title='bbox 722 3273 807 3319; x_wconf 91' lang='lat' dir='ltr'>est</span> <span class='ocrx_word' id='word_1_282' title='bbox 839 3284 1010 3320; x_wconf 93' lang='lat' dir='ltr'>omne</span> <span class='ocrx_word' id='word_1_283' title='bbox 1053 3270 1381 3321; x_wconf 86' lang='lat' dir='ltr'>mandatum</span> <span class='ocrx_word' id='word_1_284' title='bbox 1419 3285 1431 3322; x_wconf 88' lang='lat'><strong>:</strong></span> <span class='ocrx_word' id='word_1_285' title='bbox 1468 3270 1604 3339; x_wconf 87' lang='lat' dir='ltr'>quia</span> <span class='ocrx_word' id='word_1_286' title='bbox 1661 3270 1920 3342; x_wconf 84' lang='lat' dir='ltr'>quisquis</span> 
     </span>
    </p>
   </div>
   <div class='ocr_carea' id='block_1_37' title="bbox 225 3356 1919 3428">
    <p class='ocr_par' dir='ltr' id='par_1_37' title="bbox 225 3356 1919 3428">
     <span class='ocr_line' id='line_1_38' title="bbox 225 3356 1919 3428; baseline 0.003 -21"><span class='ocrx_word' id='word_1_287' title='bbox 225 3372 357 3408; x_wconf 91' lang='lat' dir='ltr'>eum</span> <span class='ocrx_word' id='word_1_288' title='bbox 413 3356 636 3421; x_wconf 80' lang='lat' dir='ltr'>viderit,</span> <span class='ocrx_word' id='word_1_289' title='bbox 696 3373 827 3409; x_wconf 80' lang='lat' dir='ltr'>mox</span> <span class='ocrx_word' id='word_1_290' title='bbox 878 3362 1031 3409; x_wconf 87' lang='lat' dir='ltr'>teste</span> <span class='ocrx_word' id='word_1_291' title='bbox 1079 3358 1430 3410; x_wconf 85' lang='lat' dir='ltr'>conscientia</span> <span class='ocrx_word' id='word_1_292' title='bbox 1475 3358 1755 3428; x_wconf 88' lang='lat' dir='ltr'>quidquid</span> <span class='ocrx_word' id='word_1_293' title='bbox 1805 3376 1919 3412; x_wconf 87' lang='lat' dir='ltr'>non</span> 
     </span>
    </p>
   </div>
   <div class='ocr_carea' id='block_1_38' title="bbox 222 3444 1921 3517">
    <p class='ocr_par' dir='ltr' id='par_1_38' title="bbox 222 3444 1921 3517">
     <span class='ocr_line' id='line_1_39' title="bbox 222 3444 1921 3517; baseline 0.002 -20"><span class='ocrx_word' id='word_1_294' title='bbox 222 3444 355 3497; x_wconf 88' lang='lat' dir='ltr'>fecit</span> <span class='ocrx_word' id='word_1_295' title='bbox 386 3444 672 3514; x_wconf 82' lang='lat' dir='ltr'>intelligit.</span> <span class='ocrx_word' id='word_1_296' title='bbox 730 3444 883 3498; x_wconf 86' lang='lat' dir='ltr'>Libri</span> <span class='ocrx_word' id='word_1_297' title='bbox 936 3445 1105 3497; x_wconf 87' lang='lat' dir='ltr'>etiam</span> <span class='ocrx_word' id='word_1_298' title='bbox 1158 3447 1340 3514; x_wconf 85' lang='lat' dir='ltr'>aperti</span> <span class='ocrx_word' id='word_1_299' title='bbox 1385 3448 1749 3500; x_wconf 77' lang='lat' dir='ltr'>referuntur:</span> <span class='ocrx_word' id='word_1_300' title='bbox 1786 3447 1921 3517; x_wconf 88' lang='lat' dir='ltr'>quia</span> 
     </span>
    </p>
   </div>
   <div class='ocr_carea' id='block_1_39' title="bbox 217 3532 1921 3605">
    <p class='ocr_par' dir='ltr' id='par_1_39' title="bbox 217 3532 1921 3605">
     <span class='ocr_line' id='line_1_40' title="bbox 217 3532 1921 3605; baseline 0.004 -21"><span class='ocrx_word' id='word_1_301' title='bbox 217 3532 506 3602; x_wconf 87' lang='lat' dir='ltr'>justorum</span> <span class='ocrx_word' id='word_1_302' title='bbox 538 3539 673 3587; x_wconf 90' lang='lat' dir='ltr'>tunc</span> <span class='ocrx_word' id='word_1_303' title='bbox 713 3535 825 3587; x_wconf 89' lang='lat' dir='ltr'>vita</span> <span class='ocrx_word' id='word_1_304' title='bbox 865 3535 1230 3604; x_wconf 86' lang='lat' dir='ltr'>conspicitur,</span> <span class='ocrx_word' id='word_1_305' title='bbox 1284 3535 1341 3587; x_wconf 92' lang='lat' dir='ltr'>in</span> <span class='ocrx_word' id='word_1_306' title='bbox 1388 3536 1597 3605; x_wconf 82' lang='lat' dir='ltr'>quibus</span> <span class='ocrx_word' id='word_1_307' title='bbox 1650 3536 1921 3589; x_wconf 89' lang='lat' dir='ltr'>mandata</span> 
     </span>
    </p>
   </div>
   <div class='ocr_carea' id='block_1_40' title="bbox 223 3622 1939 3701">
    <p class='ocr_par' dir='ltr' id='par_1_40' title="bbox 223 3622 1939 3701">
     <span class='ocr_line' id='line_1_41' title="bbox 223 3622 1939 3701; baseline 0.002 -26"><span class='ocrx_word' id='word_1_308' title='bbox 223 3623 474 3675; x_wconf 69' lang='lat' dir='ltr'>cmlestia</span> <span class='ocrx_word' id='word_1_309' title='bbox 507 3639 678 3693; x_wconf 91' lang='lat' dir='ltr'>opere</span> <span class='ocrx_word' id='word_1_310' title='bbox 711 3622 987 3692; x_wconf 88' lang='lat' dir='ltr'>impressa</span> <span class='ocrx_word' id='word_1_311' title='bbox 1032 3629 1367 3677; x_wconf 86' lang='lat' dir='ltr'>cernuntur.</span> <span class='ocrx_word' id='word_1_312' title='bbox 1407 3627 1469 3677; x_wconf 76' lang='lat' dir='ltr'>Et</span> <span class='ocrx_word' id='word_1_313' title='bbox 1494 3625 1743 3694; x_wconf 82' lang='lat' dir='ltr'>judicati</span> <span class='ocrx_word' id='word_1_314' title='bbox 1789 3631 1939 3701; x_wconf 9' lang='lat' dir='ltr'>sunt,</span> 
     </span>
    </p>
   </div>
   <div class='ocr_carea' id='block_1_41' title="bbox 223 3711 1920 3785">
    <p class='ocr_par' dir='ltr' id='par_1_41' title="bbox 223 3711 1920 3785">
     <span class='ocr_line' id='line_1_42' title="bbox 223 3711 1920 3785; baseline 0.004 -22"><span class='ocrx_word' id='word_1_315' title='bbox 223 3711 437 3764; x_wconf 90' lang='lat' dir='ltr'>mortui</span> <span class='ocrx_word' id='word_1_316' title='bbox 463 3727 525 3764; x_wconf 87' lang='lat' dir='ltr'>ex</span> <span class='ocrx_word' id='word_1_317' title='bbox 568 3711 654 3764; x_wconf 90' lang='lat' dir='ltr'>his</span> <span class='ocrx_word' id='word_1_318' title='bbox 685 3727 814 3782; x_wconf 62' lang='lat' dir='ltr'>quas</span> <span class='ocrx_word' id='word_1_319' title='bbox 857 3712 1064 3781; x_wconf 89' lang='lat' dir='ltr'>scripta</span> <span class='ocrx_word' id='word_1_320' title='bbox 1116 3717 1278 3765; x_wconf 89' lang='lat' dir='ltr'>erant</span> <span class='ocrx_word' id='word_1_321' title='bbox 1330 3713 1387 3766; x_wconf 92' lang='lat' dir='ltr'>in</span> <span class='ocrx_word' id='word_1_322' title='bbox 1418 3714 1623 3768; x_wconf 91' lang='lat' dir='ltr'>libris:</span> <span class='ocrx_word' id='word_1_323' title='bbox 1677 3715 1812 3785; x_wconf 91' lang='lat' dir='ltr'>quia</span> <span class='ocrx_word' id='word_1_324' title='bbox 1859 3716 1920 3769; x_wconf 89' lang='lat' dir='ltr'>in</span> 
     </span>
    </p>
   </div>
   <div class='ocr_carea' id='block_1_42' title="bbox 223 3798 1917 3869">
    <p class='ocr_par' dir='ltr' id='par_1_42' title="bbox 223 3798 1917 3869">
     <span class='ocr_line' id='line_1_43' title="bbox 223 3798 1917 3869; baseline 0.004 -19"><span class='ocrx_word' id='word_1_325' title='bbox 223 3803 448 3851; x_wconf 90' lang='lat' dir='ltr'>ostensa</span> <span class='ocrx_word' id='word_1_326' title='bbox 473 3798 587 3851; x_wconf 89' lang='lat' dir='ltr'>vita</span> <span class='ocrx_word' id='word_1_327' title='bbox 611 3798 924 3867; x_wconf 87' lang='lat' dir='ltr'>justorum,</span> <span class='ocrx_word' id='word_1_328' title='bbox 953 3800 1113 3868; x_wconf 78' lang='lat' dir='ltr'>quasi</span> <span class='ocrx_word' id='word_1_329' title='bbox 1146 3800 1203 3853; x_wconf 92' lang='lat' dir='ltr'>in</span> <span class='ocrx_word' id='word_1_330' title='bbox 1233 3802 1580 3869; x_wconf 82' lang='lat' dir='ltr'>expausione</span> <span class='ocrx_word' id='word_1_331' title='bbox 1614 3802 1917 3869; x_wconf 89' lang='lat' dir='ltr'>librorum,</span> 
     </span>
    </p>
   </div>
   <div class='ocr_carea' id='block_1_43' title="bbox 221 3886 1919 3961">
    <p class='ocr_par' dir='ltr' id='par_1_43' title="bbox 221 3886 1919 3961">
     <span class='ocr_line' id='line_1_44' title="bbox 221 3886 1919 3961; baseline 0.005 -23"><span class='ocrx_word' id='word_1_332' title='bbox 221 3886 424 3956; x_wconf 89' lang='lat' dir='ltr'>legunt.</span> <span class='ocrx_word' id='word_1_333' title='bbox 454 3886 667 3940; x_wconf 91' lang='lat' dir='ltr'>bonum</span> <span class='ocrx_word' id='word_1_334' title='bbox 701 3888 853 3957; x_wconf 89' lang='lat' dir='ltr'>quod</span> <span class='ocrx_word' id='word_1_335' title='bbox 885 3904 1054 3958; x_wconf 83' lang='lat' dir='ltr'>agere</span> <span class='ocrx_word' id='word_1_336' title='bbox 1075 3889 1183 3957; x_wconf 90' lang='lat' dir='ltr'>ipsi</span> <span class='ocrx_word' id='word_1_337' title='bbox 1219 3891 1531 3943; x_wconf 87' lang='lat' dir='ltr'>noluerunt</span> <span class='ocrx_word' id='word_1_338' title='bbox 1563 3907 1576 3944; x_wconf 92' lang='lat'>:</span> <span class='ocrx_word' id='word_1_339' title='bbox 1610 3897 1783 3961; x_wconf 89' lang='lat' dir='ltr'>atque</span> <span class='ocrx_word' id='word_1_340' title='bbox 1816 3908 1919 3945; x_wconf 92' lang='lat' dir='ltr'>eo-</span> 
     </span>
    </p>
   </div>
   <div class='ocr_carea' id='block_1_44' title="bbox 220 3974 1918 4051">
    <p class='ocr_par' dir='ltr' id='par_1_44' title="bbox 220 3974 1918 4051">
     <span class='ocr_line' id='line_1_45' title="bbox 220 3974 1918 4051; baseline 0.004 -24"><span class='ocrx_word' id='word_1_341' title='bbox 220 3990 352 4028; x_wconf 89' lang='lat' dir='ltr'>rum</span> <span class='ocrx_word' id='word_1_342' title='bbox 382 3975 479 4045; x_wconf 91' lang='lat' dir='ltr'>qui</span> <span class='ocrx_word' id='word_1_343' title='bbox 511 3974 770 4029; x_wconf 85' lang='lat' dir='ltr'>fecerunt</span> <span class='ocrx_word' id='word_1_344' title='bbox 798 3977 1224 4046; x_wconf 86' lang='lat' dir='ltr'>comparatione</span> <span class='ocrx_word' id='word_1_345' title='bbox 1263 3978 1631 4034; x_wconf 87' lang='lat' dir='ltr'>damnantur.</span> <span class='ocrx_word' id='word_1_346' title='bbox 1668 3981 1745 4034; x_wconf 88' lang='lat' dir='ltr'>Ne</span> <span class='ocrx_word' id='word_1_347' title='bbox 1781 3996 1918 4051; x_wconf 87' lang='lat' dir='ltr'>ergo</span> 
     </span>
    </p>
   </div>
   <div class='ocr_carea' id='block_1_45' title="bbox 222 4064 1914 4136">
    <p class='ocr_par' dir='ltr' id='par_1_45' title="bbox 222 4064 1914 4136">
     <span class='ocr_line' id='line_1_46' title="bbox 222 4064 1914 4136; baseline 0.003 -19"><span class='ocrx_word' id='word_1_348' title='bbox 222 4064 620 4135; x_wconf 89' lang='lat' dir='ltr'>unusquisque</span> <span class='ocrx_word' id='word_1_349' title='bbox 654 4070 788 4118; x_wconf 87' lang='lat' dir='ltr'>tunc</span> <span class='ocrx_word' id='word_1_350' title='bbox 822 4065 1016 4118; x_wconf 86' lang='lat' dir='ltr'>videns</span> <span class='ocrx_word' id='word_1_351' title='bbox 1044 4083 1161 4133; x_wconf 87' lang='lat' dir='ltr'>eos,</span> <span class='ocrx_word' id='word_1_352' title='bbox 1194 4068 1343 4136; x_wconf 85' lang='lat' dir='ltr'>quod</span> <span class='ocrx_word' id='word_1_353' title='bbox 1379 4083 1493 4121; x_wconf 82' lang='lat' dir='ltr'>nun</span> <span class='ocrx_word' id='word_1_354' title='bbox 1526 4068 1659 4121; x_wconf 85' lang='lat' dir='ltr'>fecit</span> <span class='ocrx_word' id='word_1_355' title='bbox 1688 4069 1914 4136; x_wconf 85' lang='lat' dir='ltr'>deﬂeat,</span> 
     </span>
    </p>
   </div>
   <div class='ocr_carea' id='block_1_46' title="bbox 221 4153 1915 4228">
    <p class='ocr_par' dir='ltr' id='par_1_46' title="bbox 221 4153 1915 4228">
     <span class='ocr_line' id='line_1_47' title="bbox 221 4153 1915 4228; baseline 0.004 -23"><span class='ocrx_word' id='word_1_356' title='bbox 221 4168 375 4205; x_wconf 90' lang='lat' dir='ltr'>nunc</span> <span class='ocrx_word' id='word_1_357' title='bbox 402 4153 461 4206; x_wconf 92' lang='lat' dir='ltr'>in</span> <span class='ocrx_word' id='word_1_358' title='bbox 494 4153 578 4207; x_wconf 87' lang='lat' dir='ltr'>eis</span> <span class='ocrx_word' id='word_1_359' title='bbox 606 4155 761 4224; x_wconf 92' lang='lat' dir='ltr'>quod</span> <span class='ocrx_word' id='word_1_360' title='bbox 798 4153 1079 4221; x_wconf 88' lang='lat' dir='ltr'>imitetur,</span> <span class='ocrx_word' id='word_1_361' title='bbox 1129 4156 1390 4210; x_wconf 86' lang='lat' dir='ltr'>attendat</span> <span class='ocrx_word' id='word_1_362' title='bbox 1421 4173 1433 4211; x_wconf 93' lang='lat'>:</span> <span class='ocrx_word' id='word_1_363' title='bbox 1468 4157 1619 4227; x_wconf 93' lang='lat' dir='ltr'>quod</span> <span class='ocrx_word' id='word_1_364' title='bbox 1677 4158 1915 4228; x_wconf 86' lang='lat' dir='ltr'>quidam</span> 
     </span>
    </p>
   </div>
   <div class='ocr_carea' id='block_1_47' title="bbox 218 4236 832 4293">
    <p class='ocr_par' dir='ltr' id='par_1_47' title="bbox 218 4236 832 4293">
     <span class='ocr_line' id='line_1_48' title="bbox 218 4236 832 4293; baseline 0.002 -3"><span class='ocrx_word' id='word_1_365' title='bbox 218 4236 405 4291; x_wconf 89' lang='lat' dir='ltr'>facere</span> <span class='ocrx_word' id='word_1_366' title='bbox 444 4254 562 4292; x_wconf 88' lang='lat' dir='ltr'>non</span> <span class='ocrx_word' id='word_1_367' title='bbox 592 4243 832 4293; x_wconf 89' lang='lat' dir='ltr'>cessant.</span> 
     </span>
    </p>
   </div>
   <div class='ocr_carea' id='block_1_48' title="bbox 2095 530 3715 602">
    <p class='ocr_par' dir='ltr' id='par_1_48' title="bbox 2095 530 3715 602">
     <span class='ocr_line' id='line_1_49' title="bbox 2095 530 3715 602; baseline 0.004 -17"><span class='ocrx_word' id='word_1_368' title='bbox 2095 532 2205 597; x_wconf 79' lang='lat' dir='ltr'>(Ea:</span> <span class='ocrx_word' id='word_1_369' title='bbox 2234 530 2397 585; x_wconf 79' lang='lat' dir='ltr'>dictis</span> <span class='ocrx_word' id='word_1_370' title='bbox 2436 531 2680 602; x_wconf 87' lang='lat' dir='ltr'>Isidori.)</span> <span class='ocrx_word' id='word_1_371' title='bbox 2725 533 2845 586; x_wconf 87' lang='lat' dir='ltr'>Non</span> <span class='ocrx_word' id='word_1_372' title='bbox 2878 532 3045 587; x_wconf 77' lang='lat' dir='ltr'>faciet</span> <span class='ocrx_word' id='word_1_373' title='bbox 3075 534 3131 587; x_wconf 93' lang='lat' dir='ltr'>in</span> <span class='ocrx_word' id='word_1_374' title='bbox 3164 534 3417 589; x_wconf 89' lang='lat' dir='ltr'>futurum</span> <span class='ocrx_word' id='word_1_375' title='bbox 3462 553 3558 590; x_wconf 89' lang='lat' dir='ltr'>cor</span> <span class='ocrx_word' id='word_1_376' title='bbox 3607 537 3715 591; x_wconf 91' lang='lat' dir='ltr'>mi-</span> 
     </span>
    </p>
   </div>
   <div class='ocr_carea' id='block_1_49' title="bbox 2029 620 3712 691">
    <p class='ocr_par' dir='ltr' id='par_1_49' title="bbox 2029 620 3712 691">
     <span class='ocr_line' id='line_1_50' title="bbox 2029 620 3712 691; baseline 0.005 -20"><span class='ocrx_word' id='word_1_377' title='bbox 2029 637 2220 673; x_wconf 86' lang='lat' dir='ltr'>serum</span> <span class='ocrx_word' id='word_1_378' title='bbox 2247 620 2537 689; x_wconf 88' lang='lat' dir='ltr'>justorum</span> <span class='ocrx_word' id='word_1_379' title='bbox 2569 622 2963 691; x_wconf 88' lang='lat' dir='ltr'>compassione</span> <span class='ocrx_word' id='word_1_380' title='bbox 2980 624 3381 678; x_wconf 80' lang='lat' dir='ltr'>damnatorum</span> <span class='ocrx_word' id='word_1_381' title='bbox 3404 627 3712 681; x_wconf 86' lang='lat' dir='ltr'>condolen-</span> 
     </span>
    </p>
   </div>
   <div class='ocr_carea' id='block_1_50' title="bbox 2023 708 3714 776">
    <p class='ocr_par' dir='ltr' id='par_1_50' title="bbox 2023 708 3714 776">
     <span class='ocr_line' id='line_1_51' title="bbox 2023 708 3714 776; baseline 0.005 -15"><span class='ocrx_word' id='word_1_382' title='bbox 2023 708 2079 762; x_wconf 93' lang='lat' dir='ltr'>di</span> <span class='ocrx_word' id='word_1_383' title='bbox 2099 709 2343 776; x_wconf 74' lang='lat' dir='ltr'>affectio,</span> <span class='ocrx_word' id='word_1_384' title='bbox 2377 710 2475 764; x_wconf 80' lang='lat' dir='ltr'>ubi</span> <span class='ocrx_word' id='word_1_385' title='bbox 2505 715 2729 764; x_wconf 90' lang='lat' dir='ltr'>tantum</span> <span class='ocrx_word' id='word_1_386' title='bbox 2762 712 2869 765; x_wconf 88' lang='lat' dir='ltr'>erit</span> <span class='ocrx_word' id='word_1_387' title='bbox 2917 718 3243 767; x_wconf 89' lang='lat' dir='ltr'>sanctorum</span> <span class='ocrx_word' id='word_1_388' title='bbox 3302 714 3370 767; x_wconf 87' lang='lat' dir='ltr'>de</span> <span class='ocrx_word' id='word_1_389' title='bbox 3426 715 3523 768; x_wconf 87' lang='lat' dir='ltr'>Dei</span> <span class='ocrx_word' id='word_1_390' title='bbox 3577 731 3714 769; x_wconf 89' lang='lat' dir='ltr'>con-</span> 
     </span>
    </p>
   </div>
   <div class='ocr_carea' id='block_1_51' title="bbox 2024 798 3717 869">
    <p class='ocr_par' dir='ltr' id='par_1_51' title="bbox 2024 798 3717 869">
     <span class='ocr_line' id='line_1_52' title="bbox 2024 798 3717 869; baseline 0.005 -19"><span class='ocrx_word' id='word_1_391' title='bbox 2024 798 2401 868; x_wconf 89' lang='lat' dir='ltr'>templatione</span> <span class='ocrx_word' id='word_1_392' title='bbox 2444 800 2737 869; x_wconf 80' lang='lat' dir='ltr'>gaudium,</span> <span class='ocrx_word' id='word_1_393' title='bbox 2792 806 2857 854; x_wconf 89' lang='lat' dir='ltr'>ut</span> <span class='ocrx_word' id='word_1_394' title='bbox 2888 801 3133 855; x_wconf 61' lang='lat' dir='ltr'>tristitiae</span> <span class='ocrx_word' id='word_1_395' title='bbox 3180 803 3373 855; x_wconf 89' lang='lat' dir='ltr'>nullus</span> <span class='ocrx_word' id='word_1_396' title='bbox 3429 804 3717 858; x_wconf 87' lang='lat' dir='ltr'>tribuatur</span> 
     </span>
    </p>
   </div>
   <div class='ocr_carea' id='block_1_52' title="bbox 2023 885 3714 961">
    <p class='ocr_par' dir='ltr' id='par_1_52' title="bbox 2023 885 3714 961">
     <span class='ocr_line' id='line_1_53' title="bbox 2023 885 3714 961; baseline 0.004 -23"><span class='ocrx_word' id='word_1_397' title='bbox 2023 885 2313 940; x_wconf 85' lang='lat' dir='ltr'>introitus.</span> <span class='ocrx_word' id='word_1_398' title='bbox 2338 886 2497 941; x_wconf 89' lang='lat' dir='ltr'>Sicut</span> <span class='ocrx_word' id='word_1_399' title='bbox 2524 893 2886 958; x_wconf 90' lang='lat' dir='ltr'>comparatus</span> <span class='ocrx_word' id='word_1_400' title='bbox 2915 890 3075 942; x_wconf 89' lang='lat' dir='ltr'>color</span> <span class='ocrx_word' id='word_1_401' title='bbox 3106 890 3386 944; x_wconf 91' lang='lat' dir='ltr'>candidus</span> <span class='ocrx_word' id='word_1_402' title='bbox 3412 890 3579 961; x_wconf 87' lang='lat' dir='ltr'>nigro</span> <span class='ocrx_word' id='word_1_403' title='bbox 3621 908 3714 945; x_wconf 85' lang='lat' dir='ltr'>co-</span> 
     </span>
    </p>
   </div>
   <div class='ocr_carea' id='block_1_53' title="bbox 2022 975 3715 1050">
    <p class='ocr_par' dir='ltr' id='par_1_53' title="bbox 2022 975 3715 1050">
     <span class='ocr_line' id='line_1_54' title="bbox 2022 975 3715 1050; baseline 0.004 -22"><span class='ocrx_word' id='word_1_404' title='bbox 2022 975 2134 1029; x_wconf 92' lang='lat' dir='ltr'>lori</span> <span class='ocrx_word' id='word_1_405' title='bbox 2160 975 2231 1029; x_wconf 89' lang='lat' dir='ltr'>sit</span> <span class='ocrx_word' id='word_1_406' title='bbox 2260 976 2574 1045; x_wconf 86' lang='lat' dir='ltr'>pulchrior,</span> <span class='ocrx_word' id='word_1_407' title='bbox 2602 978 2681 1031; x_wconf 88' lang='lat' dir='ltr'>ita</span> <span class='ocrx_word' id='word_1_408' title='bbox 2721 981 2777 1031; x_wconf 91' lang='lat' dir='ltr'>et</span> <span class='ocrx_word' id='word_1_409' title='bbox 2817 984 3141 1031; x_wconf 88' lang='lat' dir='ltr'>sanctorum</span> <span class='ocrx_word' id='word_1_410' title='bbox 3198 979 3424 1049; x_wconf 89' lang='lat' dir='ltr'>requies</span> <span class='ocrx_word' id='word_1_411' title='bbox 3479 996 3715 1050; x_wconf 88' lang='lat' dir='ltr'>compa-</span> 
     </span>
    </p>
   </div>
   <div class='ocr_carea' id='block_1_54' title="bbox 2023 1064 3717 1139">
    <p class='ocr_par' dir='ltr' id='par_1_54' title="bbox 2023 1064 3717 1139">
     <span class='ocr_line' id='line_1_55' title="bbox 2023 1064 3717 1139; baseline 0.004 -23"><span class='ocrx_word' id='word_1_412' title='bbox 2023 1070 2145 1117; x_wconf 88' lang='lat' dir='ltr'>rata</span> <span class='ocrx_word' id='word_1_413' title='bbox 2186 1064 2543 1119; x_wconf 87' lang='lat' dir='ltr'>damnationi</span> <span class='ocrx_word' id='word_1_414' title='bbox 2599 1067 2876 1119; x_wconf 89' lang='lat' dir='ltr'>malorum</span> <span class='ocrx_word' id='word_1_415' title='bbox 2912 1068 3206 1136; x_wconf 83' lang='lat' dir='ltr'>gloriosior</span> <span class='ocrx_word' id='word_1_416' title='bbox 3259 1068 3385 1122; x_wconf 90' lang='lat' dir='ltr'>erit.</span> <span class='ocrx_word' id='word_1_417' title='bbox 3449 1070 3717 1139; x_wconf 85' lang='lat' dir='ltr'>Sicutju-</span> 
     </span>
    </p>
   </div>
   <div class='ocr_carea' id='block_1_55' title="bbox 2024 1150 3715 1225">
    <p class='ocr_par' dir='ltr' id='par_1_55' title="bbox 2024 1150 3715 1225">
     <span class='ocr_line' id='line_1_56' title="bbox 2024 1150 3715 1225; baseline 0.004 -22"><span class='ocrx_word' id='word_1_418' title='bbox 2024 1150 2177 1205; x_wconf 89' lang='lat' dir='ltr'>stitia</span> <span class='ocrx_word' id='word_1_419' title='bbox 2209 1151 2520 1221; x_wconf 71' lang='lat' dir='ltr'>iniustitiae,</span> <span class='ocrx_word' id='word_1_420' title='bbox 2581 1152 2659 1206; x_wconf 91' lang='lat' dir='ltr'>sic</span> <span class='ocrx_word' id='word_1_421' title='bbox 2706 1154 2883 1206; x_wconf 86' lang='lat' dir='ltr'>virtus</span> <span class='ocrx_word' id='word_1_422' title='bbox 2932 1154 3084 1207; x_wconf 89' lang='lat' dir='ltr'>vitio.</span> <span class='ocrx_word' id='word_1_423' title='bbox 3139 1154 3350 1207; x_wconf 89' lang='lat' dir='ltr'>Crescit</span> <span class='ocrx_word' id='word_1_424' title='bbox 3405 1171 3542 1225; x_wconf 89' lang='lat' dir='ltr'>ergo</span> <span class='ocrx_word' id='word_1_425' title='bbox 3581 1172 3715 1209; x_wconf 86' lang='lat' dir='ltr'>san-</span> 
     </span>
    </p>
   </div>
   <div class='ocr_carea' id='block_1_56' title="bbox 2023 1240 3707 1314">
    <p class='ocr_par' dir='ltr' id='par_1_56' title="bbox 2023 1240 3707 1314">
     <span class='ocr_line' id='line_1_57' title="bbox 2023 1240 3707 1314; baseline 0.004 -22"><span class='ocrx_word' id='word_1_426' title='bbox 2023 1244 2242 1293; x_wconf 89' lang='lat' dir='ltr'>ctorum</span> <span class='ocrx_word' id='word_1_427' title='bbox 2273 1240 2458 1309; x_wconf 87' lang='lat' dir='ltr'>gloria</span> <span class='ocrx_word' id='word_1_428' title='bbox 2529 1240 2665 1294; x_wconf 93' lang='lat' dir='ltr'>dum</span> <span class='ocrx_word' id='word_1_429' title='bbox 2697 1241 2888 1295; x_wconf 89' lang='lat' dir='ltr'>debita</span> <span class='ocrx_word' id='word_1_430' title='bbox 2921 1241 3267 1295; x_wconf 88' lang='lat' dir='ltr'>damnantur</span> <span class='ocrx_word' id='word_1_431' title='bbox 3312 1242 3477 1313; x_wconf 91' lang='lat' dir='ltr'>impii</span> <span class='ocrx_word' id='word_1_432' title='bbox 3513 1260 3707 1314; x_wconf 72' lang='lat' dir='ltr'>poena.</span> 
     </span>
    </p>
   </div>
   <div class='ocr_carea' id='block_1_57' title="bbox 2025 1327 3713 1401">
    <p class='ocr_par' dir='ltr' id='par_1_57' title="bbox 2025 1327 3713 1401">
     <span class='ocr_line' id='line_1_58' title="bbox 2025 1327 3713 1401; baseline 0.002 -20"><span class='ocrx_word' id='word_1_433' title='bbox 2025 1327 2162 1381; x_wconf 87' lang='lat' dir='ltr'>Post</span> <span class='ocrx_word' id='word_1_434' title='bbox 2206 1327 2686 1382; x_wconf 87' lang='lat' dir='ltr'>resurrectionem</span> <span class='ocrx_word' id='word_1_435' title='bbox 2731 1329 2938 1382; x_wconf 89' lang='lat' dir='ltr'>sanctis</span> <span class='ocrx_word' id='word_1_436' title='bbox 2992 1330 3052 1382; x_wconf 91' lang='lat' dir='ltr'>in</span> <span class='ocrx_word' id='word_1_437' title='bbox 3109 1346 3277 1383; x_wconf 90' lang='lat' dir='ltr'>carne</span> <span class='ocrx_word' id='word_1_438' title='bbox 3304 1331 3582 1401; x_wconf 87' lang='lat' dir='ltr'>promissa</span> <span class='ocrx_word' id='word_1_439' title='bbox 3626 1336 3713 1386; x_wconf 89' lang='lat' dir='ltr'>est</span> 
     </span>
    </p>
   </div>
   <div class='ocr_carea' id='block_1_58' title="bbox 2024 1417 3717 1485">
    <p class='ocr_par' dir='ltr' id='par_1_58' title="bbox 2024 1417 3717 1485">
     <span class='ocr_line' id='line_1_59' title="bbox 2024 1417 3717 1485; baseline 0.004 -16"><span class='ocrx_word' id='word_1_440' title='bbox 2024 1417 2299 1471; x_wconf 77' lang='lat' dir='ltr'>caelorum</span> <span class='ocrx_word' id='word_1_441' title='bbox 2328 1418 2603 1485; x_wconf 80' lang='lat' dir='ltr'>ascensio,</span> <span class='ocrx_word' id='word_1_442' title='bbox 2637 1418 2859 1471; x_wconf 90' lang='lat' dir='ltr'>dicente</span> <span class='ocrx_word' id='word_1_443' title='bbox 2911 1419 2981 1473; x_wconf 87' lang='lat' dir='ltr'>ad</span> <span class='ocrx_word' id='word_1_444' title='bbox 3009 1420 3235 1472; x_wconf 88' lang='lat' dir='ltr'>Patrem</span> <span class='ocrx_word' id='word_1_445' title='bbox 3278 1420 3497 1474; x_wconf 87' lang='lat' dir='ltr'>Christo</span> <span class='ocrx_word' id='word_1_446' title='bbox 3534 1437 3546 1474; x_wconf 92' lang='lat'><strong>:</strong></span> <span class='ocrx_word' id='word_1_447' title='bbox 3579 1420 3717 1475; x_wconf 91' lang='lat' dir='ltr'>Volo</span> 
     </span>
    </p>
   </div>
   <div class='ocr_carea' id='block_1_59' title="bbox 2022 1505 3719 1575">
    <p class='ocr_par' dir='ltr' id='par_1_59' title="bbox 2022 1505 3719 1575">
     <span class='ocr_line' id='line_1_60' title="bbox 2022 1505 3719 1575; baseline 0.004 -18"><span class='ocrx_word' id='word_1_448' title='bbox 2022 1510 2085 1558; x_wconf 90' lang='lat' dir='ltr'>ut</span> <span class='ocrx_word' id='word_1_449' title='bbox 2119 1505 2214 1559; x_wconf 87' lang='lat' dir='ltr'>ubi</span> <span class='ocrx_word' id='word_1_450' title='bbox 2250 1521 2375 1558; x_wconf 87' lang='lat' dir='ltr'>sum</span> <span class='ocrx_word' id='word_1_451' title='bbox 2409 1521 2533 1575; x_wconf 92' lang='lat' dir='ltr'>ego,</span> <span class='ocrx_word' id='word_1_452' title='bbox 2566 1510 2622 1559; x_wconf 88' lang='lat' dir='ltr'>et</span> <span class='ocrx_word' id='word_1_453' title='bbox 2667 1506 2778 1575; x_wconf 89' lang='lat' dir='ltr'>ipsi</span> <span class='ocrx_word' id='word_1_454' title='bbox 2825 1507 2940 1560; x_wconf 89' lang='lat' dir='ltr'>sint</span> <span class='ocrx_word' id='word_1_455' title='bbox 2987 1522 3236 1560; x_wconf 89' lang='lat' dir='ltr'>mecum.</span> <span class='ocrx_word' id='word_1_456' title='bbox 3282 1507 3337 1561; x_wconf 92' lang='lat' dir='ltr'>Si</span> <span class='ocrx_word' id='word_1_457' title='bbox 3370 1508 3524 1562; x_wconf 90' lang='lat' dir='ltr'>enim</span> <span class='ocrx_word' id='word_1_458' title='bbox 3557 1525 3719 1563; x_wconf 88' lang='lat' dir='ltr'>men-</span> 
     </span>
    </p>
   </div>
   <div class='ocr_carea' id='block_1_60' title="bbox 2023 1593 3718 1663">
    <p class='ocr_par' dir='ltr' id='par_1_60' title="bbox 2023 1593 3718 1663">
     <span class='ocr_line' id='line_1_61' title="bbox 2023 1593 3718 1663; baseline 0.003 -17"><span class='ocrx_word' id='word_1_459' title='bbox 2023 1593 2126 1647; x_wconf 90' lang='lat' dir='ltr'>bra</span> <span class='ocrx_word' id='word_1_460' title='bbox 2150 1593 2349 1663; x_wconf 89' lang='lat' dir='ltr'>capitis</span> <span class='ocrx_word' id='word_1_461' title='bbox 2376 1610 2597 1661; x_wconf 91' lang='lat' dir='ltr'>sumus,</span> <span class='ocrx_word' id='word_1_462' title='bbox 2627 1600 2681 1647; x_wconf 89' lang='lat' dir='ltr'>et</span> <span class='ocrx_word' id='word_1_463' title='bbox 2708 1610 2855 1647; x_wconf 88' lang='lat' dir='ltr'>unus</span> <span class='ocrx_word' id='word_1_464' title='bbox 2885 1594 2946 1649; x_wconf 90' lang='lat' dir='ltr'>in</span> <span class='ocrx_word' id='word_1_465' title='bbox 2976 1611 3033 1649; x_wconf 90' lang='lat' dir='ltr'>se</span> <span class='ocrx_word' id='word_1_466' title='bbox 3062 1602 3119 1649; x_wconf 91' lang='lat' dir='ltr'>et</span> <span class='ocrx_word' id='word_1_467' title='bbox 3146 1596 3204 1648; x_wconf 89' lang='lat' dir='ltr'>in</span> <span class='ocrx_word' id='word_1_468' title='bbox 3245 1596 3409 1650; x_wconf 90' lang='lat' dir='ltr'>nobis</span> <span class='ocrx_word' id='word_1_469' title='bbox 3438 1603 3521 1651; x_wconf 88' lang='lat' dir='ltr'>est</span> <span class='ocrx_word' id='word_1_470' title='bbox 3559 1596 3718 1652; x_wconf 89' lang='lat' dir='ltr'>Chri-</span> 
     </span>
    </p>
   </div>
   <div class='ocr_carea' id='block_1_61' title="bbox 2028 1682 3719 1752">
    <p class='ocr_par' dir='ltr' id='par_1_61' title="bbox 2028 1682 3719 1752">
     <span class='ocr_line' id='line_1_62' title="bbox 2028 1682 3719 1752; baseline 0.005 -19"><span class='ocrx_word' id='word_1_471' title='bbox 2028 1687 2164 1750; x_wconf 90' lang='lat' dir='ltr'>stus,</span> <span class='ocrx_word' id='word_1_472' title='bbox 2201 1682 2399 1752; x_wconf 88' lang='lat' dir='ltr'>utique</span> <span class='ocrx_word' id='word_1_473' title='bbox 2430 1682 2531 1736; x_wconf 91' lang='lat' dir='ltr'>ubi</span> <span class='ocrx_word' id='word_1_474' title='bbox 2560 1683 2680 1752; x_wconf 89' lang='lat' dir='ltr'>ipse</span> <span class='ocrx_word' id='word_1_475' title='bbox 2714 1683 2987 1752; x_wconf 80' lang='lat' dir='ltr'>ascendit,</span> <span class='ocrx_word' id='word_1_476' title='bbox 3041 1689 3097 1737; x_wconf 93' lang='lat' dir='ltr'>et</span> <span class='ocrx_word' id='word_1_477' title='bbox 3132 1700 3237 1738; x_wconf 88' lang='lat' dir='ltr'>nos</span> <span class='ocrx_word' id='word_1_478' title='bbox 3287 1686 3578 1741; x_wconf 88' lang='lat' dir='ltr'>ascensuri</span> <span class='ocrx_word' id='word_1_479' title='bbox 3625 1702 3719 1741; x_wconf 90' lang='lat' dir='ltr'>su-</span> 
     </span>
    </p>
   </div>
   <div class='ocr_carea' id='block_1_62' title="bbox 2027 1787 2177 1824">
    <p class='ocr_par' dir='ltr' id='par_1_62' title="bbox 2027 1787 2177 1824">
     <span class='ocr_line' id='line_1_63' title="bbox 2027 1787 2177 1824; baseline 0 0"><span class='ocrx_word' id='word_1_480' title='bbox 2027 1787 2177 1824; x_wconf 90' lang='lat' dir='ltr'>mus.</span> 
     </span>
    </p>
   </div>
   <div class='ocr_carea' id='block_1_63' title="bbox 2028 1910 3720 1982">
    <p class='ocr_par' dir='ltr' id='par_1_63' title="bbox 2028 1910 3720 1982">
     <span class='ocr_line' id='line_1_64' title="bbox 2028 1910 3720 1982; baseline 0.002 -16"><span class='ocrx_word' id='word_1_481' title='bbox 2028 1911 2156 1966; x_wconf 79' lang='lat' dir='ltr'>CAP.</span> <span class='ocrx_word' id='word_1_482' title='bbox 2190 1911 2316 1966; x_wconf 87' lang='lat' dir='ltr'><strong>CIX.</strong></span> <span class='ocrx_word' id='word_1_483' title='bbox 2339 1936 2410 1954; x_wconf 89' lang='lat'>—-</span> <span class='ocrx_word' id='word_1_484' title='bbox 2439 1910 2596 1977; x_wconf 84' lang='lat' dir='ltr'>Quod</span> <span class='ocrx_word' id='word_1_485' title='bbox 2624 1914 2777 1980; x_wconf 82' lang='lat' dir='ltr'>ﬁnito</span> <span class='ocrx_word' id='word_1_486' title='bbox 2800 1912 3013 1980; x_wconf 83' lang='lat' dir='ltr'>judicio</span> <span class='ocrx_word' id='word_1_487' title='bbox 3057 1915 3293 1982; x_wconf 80' lang='lat' dir='ltr'>incipiat</span> <span class='ocrx_word' id='word_1_488' title='bbox 3332 1929 3442 1969; x_wconf 86' lang='lat' dir='ltr'>esse</span> <span class='ocrx_word' id='word_1_489' title='bbox 3469 1916 3720 1970; x_wconf 54' lang='lat' dir='ltr'>secutum</span> 
     </span>
    </p>
   </div>
   <div class='ocr_carea' id='block_1_64' title="bbox 2557 1988 3186 2041">
    <p class='ocr_par' dir='ltr' id='par_1_64' title="bbox 2557 1988 3186 2041">
     <span class='ocr_line' id='line_1_65' title="bbox 2557 1988 3186 2041; baseline 0.005 -6"><span class='ocrx_word' id='word_1_490' title='bbox 2557 1997 2770 2041; x_wconf 84' lang='lat' dir='ltr'>novum.</span> <span class='ocrx_word' id='word_1_491' title='bbox 2796 1988 2847 2036; x_wconf 83' lang='lat' dir='ltr'>et</span> <span class='ocrx_word' id='word_1_492' title='bbox 2864 1988 3007 2037; x_wconf 82' lang='lat' dir='ltr'>terra</span> <span class='ocrx_word' id='word_1_493' title='bbox 3029 1999 3186 2038; x_wconf 86' lang='lat' dir='ltr'>nova.</span> 
     </span>
    </p>
   </div>
   <div class='ocr_carea' id='block_1_65' title="bbox 2098 2087 3722 2162">
    <p class='ocr_par' dir='ltr' id='par_1_65' title="bbox 2098 2087 3722 2162">
     <span class='ocr_line' id='line_1_66' title="bbox 2098 2087 3722 2162; baseline 0.002 -20"><span class='ocrx_word' id='word_1_494' title='bbox 2098 2089 2206 2155; x_wconf 78' lang='lat' dir='ltr'>(Ea:</span> <span class='ocrx_word' id='word_1_495' title='bbox 2237 2087 2397 2141; x_wconf 85' lang='lat' dir='ltr'>dictis</span> <span class='ocrx_word' id='word_1_496' title='bbox 2426 2087 2705 2157; x_wconf 79' lang='lat' dir='ltr'>ejusdem.)</span> <span class='ocrx_word' id='word_1_497' title='bbox 2742 2088 2809 2141; x_wconf 91' lang='lat' dir='ltr'>Ut</span> <span class='ocrx_word' id='word_1_498' title='bbox 2849 2087 2929 2141; x_wconf 87' lang='lat' dir='ltr'>ait</span> <span class='ocrx_word' id='word_1_499' title='bbox 2970 2089 3026 2142; x_wconf 89' lang='grc' dir='ltr'>Β.</span> <span class='ocrx_word' id='word_1_500' title='bbox 3073 2089 3441 2159; x_wconf 84' lang='lat' dir='ltr'>Augustinus,</span> <span class='ocrx_word' id='word_1_501' title='bbox 3494 2097 3722 2162; x_wconf 89' lang='lat' dir='ltr'>peracto</span> 
     </span>
    </p>
   </div>
   <div class='ocr_carea' id='block_1_66' title="bbox 2027 2176 3724 2247">
    <p class='ocr_par' dir='ltr' id='par_1_66' title="bbox 2027 2176 3724 2247">
     <span class='ocr_line' id='line_1_67' title="bbox 2027 2176 3724 2247; baseline 0.003 -17"><span class='ocrx_word' id='word_1_502' title='bbox 2027 2176 2303 2247; x_wconf 78' lang='lat' dir='ltr'>finitoque</span> <span class='ocrx_word' id='word_1_503' title='bbox 2328 2176 2564 2244; x_wconf 75' lang='lat' dir='ltr'>judicio,</span> <span class='ocrx_word' id='word_1_504' title='bbox 2615 2184 2749 2230; x_wconf 89' lang='lat' dir='ltr'>tunc</span> <span class='ocrx_word' id='word_1_505' title='bbox 2804 2194 2926 2230; x_wconf 91' lang='lat' dir='ltr'>esse</span> <span class='ocrx_word' id='word_1_506' title='bbox 2975 2178 3198 2233; x_wconf 90' lang='lat' dir='ltr'>desinet</span> <span class='ocrx_word' id='word_1_507' title='bbox 3241 2180 3348 2233; x_wconf 92' lang='lat' dir='ltr'>hoc</span> <span class='ocrx_word' id='word_1_508' title='bbox 3391 2182 3617 2247; x_wconf 77' lang='lat' dir='ltr'>coelum,</span> <span class='ocrx_word' id='word_1_509' title='bbox 3668 2186 3724 2237; x_wconf 93' lang='lat' dir='ltr'>et</span> 
     </span>
    </p>
   </div>
   <div class='ocr_carea' id='block_1_67' title="bbox 2026 2264 3725 2336">
    <p class='ocr_par' dir='ltr' id='par_1_67' title="bbox 2026 2264 3725 2336">
     <span class='ocr_line' id='line_1_68' title="bbox 2026 2264 3725 2336; baseline 0.003 -17"><span class='ocrx_word' id='word_1_510' title='bbox 2026 2271 2179 2319; x_wconf 90' lang='lat' dir='ltr'>terra</span> <span class='ocrx_word' id='word_1_511' title='bbox 2211 2282 2224 2320; x_wconf 91' lang='lat'><strong>:</strong></span> <span class='ocrx_word' id='word_1_512' title='bbox 2266 2265 2492 2336; x_wconf 91' lang='lat' dir='ltr'>quando</span> <span class='ocrx_word' id='word_1_513' title='bbox 2524 2264 2763 2335; x_wconf 90' lang='lat' dir='ltr'>incipiet</span> <span class='ocrx_word' id='word_1_514' title='bbox 2794 2282 2913 2319; x_wconf 90' lang='lat' dir='ltr'>esse</span> <span class='ocrx_word' id='word_1_515' title='bbox 2960 2267 3165 2319; x_wconf 88' lang='lat' dir='ltr'>coelum</span> <span class='ocrx_word' id='word_1_516' title='bbox 3195 2283 3435 2335; x_wconf 90' lang='lat' dir='ltr'>novum,</span> <span class='ocrx_word' id='word_1_517' title='bbox 3492 2275 3546 2322; x_wconf 92' lang='lat' dir='ltr'>et</span> <span class='ocrx_word' id='word_1_518' title='bbox 3572 2276 3725 2325; x_wconf 89' lang='lat' dir='ltr'>terra</span> 
     </span>
    </p>
   </div>
   <div class='ocr_carea' id='block_1_68' title="bbox 2027 2354 3725 2425">
    <p class='ocr_par' dir='ltr' id='par_1_68' title="bbox 2027 2354 3725 2425">
     <span class='ocr_line' id='line_1_69' title="bbox 2027 2354 3725 2425; baseline 0.004 -18"><span class='ocrx_word' id='word_1_519' title='bbox 2027 2369 2193 2408; x_wconf 88' lang='lat' dir='ltr'>nova.</span> <span class='ocrx_word' id='word_1_520' title='bbox 2226 2354 2535 2408; x_wconf 85' lang='lat' dir='ltr'>Mutatione</span> <span class='ocrx_word' id='word_1_521' title='bbox 2568 2371 2817 2425; x_wconf 88' lang='lat' dir='ltr'>namque</span> <span class='ocrx_word' id='word_1_522' title='bbox 2867 2371 3080 2408; x_wconf 89' lang='lat' dir='ltr'>rerum.</span> <span class='ocrx_word' id='word_1_523' title='bbox 3115 2354 3226 2409; x_wconf 89' lang='lat' dir='ltr'>non</span> <span class='ocrx_word' id='word_1_524' title='bbox 3261 2357 3417 2410; x_wconf 89' lang='lat' dir='ltr'>omni</span> <span class='ocrx_word' id='word_1_525' title='bbox 3447 2359 3615 2412; x_wconf 93' lang='lat' dir='ltr'>modo</span> <span class='ocrx_word' id='word_1_526' title='bbox 3643 2360 3725 2413; x_wconf 91' lang='lat' dir='ltr'>in-</span> 
     </span>
    </p>
   </div>
   <div class='ocr_carea' id='block_1_69' title="bbox 2028 2443 3718 2514">
    <p class='ocr_par' dir='ltr' id='par_1_69' title="bbox 2028 2443 3718 2514">
     <span class='ocr_line' id='line_1_70' title="bbox 2028 2443 3718 2514; baseline 0.004 -19"><span class='ocrx_word' id='word_1_527' title='bbox 2028 2443 2199 2495; x_wconf 85' lang='lat' dir='ltr'>teritu</span> <span class='ocrx_word' id='word_1_528' title='bbox 2226 2444 2493 2496; x_wconf 87' lang='lat' dir='ltr'>transibit</span> <span class='ocrx_word' id='word_1_529' title='bbox 2523 2443 2613 2496; x_wconf 90' lang='lat' dir='ltr'>hic</span> <span class='ocrx_word' id='word_1_530' title='bbox 2643 2443 2910 2496; x_wconf 90' lang='lat' dir='ltr'>mundus.</span> <span class='ocrx_word' id='word_1_531' title='bbox 2948 2444 3106 2497; x_wconf 90' lang='lat' dir='ltr'>Unde</span> <span class='ocrx_word' id='word_1_532' title='bbox 3138 2450 3193 2497; x_wconf 91' lang='lat' dir='ltr'>et</span> <span class='ocrx_word' id='word_1_533' title='bbox 3223 2447 3681 2514; x_wconf 76' lang='lat' dir='ltr'>Apostolusdicit</span> <span class='ocrx_word' id='word_1_534' title='bbox 3706 2465 3718 2503; x_wconf 76' lang='grc' dir='ltr'>ε</span> 
     </span>
    </p>
   </div>
   <div class='ocr_carea' id='block_1_70' title="bbox 2029 2530 3721 2605">
    <p class='ocr_par' dir='ltr' id='par_1_70' title="bbox 2029 2530 3721 2605">
     <span class='ocr_line' id='line_1_71' title="bbox 2029 2530 3721 2605; baseline 0.004 -21"><span class='ocrx_word' id='word_1_535' title='bbox 2029 2530 2289 2584; x_wconf 70' lang='lat' dir='ltr'>Praeterit</span> <span class='ocrx_word' id='word_1_536' title='bbox 2310 2532 2460 2584; x_wconf 91' lang='lat' dir='ltr'>enim</span> <span class='ocrx_word' id='word_1_537' title='bbox 2490 2531 2675 2601; x_wconf 83' lang='lat' dir='ltr'>ﬁgura</span> <span class='ocrx_word' id='word_1_538' title='bbox 2708 2531 2878 2600; x_wconf 82' lang='lat' dir='ltr'>hujus</span> <span class='ocrx_word' id='word_1_539' title='bbox 2908 2531 3132 2585; x_wconf 89' lang='lat' dir='ltr'>mundi.</span> <span class='ocrx_word' id='word_1_540' title='bbox 3167 2533 3376 2601; x_wconf 89' lang='lat' dir='ltr'>Figura</span> <span class='ocrx_word' id='word_1_541' title='bbox 3413 2550 3550 2605; x_wconf 88' lang='lat' dir='ltr'>ergo</span> <span class='ocrx_word' id='word_1_542' title='bbox 3576 2552 3721 2605; x_wconf 67' lang='lat' dir='ltr'>prae-</span> 
     </span>
    </p>
   </div>
   <div class='ocr_carea' id='block_1_71' title="bbox 2028 2618 2582 2685">
    <p class='ocr_par' dir='ltr' id='par_1_71' title="bbox 2028 2618 2582 2685">
     <span class='ocr_line' id='line_1_72' title="bbox 2028 2618 2582 2685; baseline -0.005 -12"><span class='ocrx_word' id='word_1_543' title='bbox 2028 2618 2181 2685; x_wconf 89' lang='lat' dir='ltr'>terit,</span> <span class='ocrx_word' id='word_1_544' title='bbox 2216 2635 2329 2672; x_wconf 92' lang='lat' dir='ltr'>non</span> <span class='ocrx_word' id='word_1_545' title='bbox 2358 2626 2582 2673; x_wconf 89' lang='lat' dir='ltr'>natura.</span> 
     </span>
    </p>
   </div>
   <div class='ocr_carea' id='block_1_72' title="bbox 2031 2743 3720 2817">
    <p class='ocr_par' dir='ltr' id='par_1_72' title="bbox 2031 2743 3720 2817">
     <span class='ocr_line' id='line_1_73' title="bbox 2031 2743 3720 2817; baseline 0.002 -18"><span class='ocrx_word' id='word_1_546' title='bbox 2031 2745 2158 2817; x_wconf 58' lang='lat' dir='ltr'>Cas.</span> <span class='ocrx_word' id='word_1_547' title='bbox 2192 2743 2293 2817; x_wconf 87' lang='lat' dir='ltr'>CX.</span> <span class='ocrx_word' id='word_1_548' title='bbox 2336 2772 2404 2784; x_wconf 94' lang='lat'><strong>—</strong></span> <span class='ocrx_word' id='word_1_549' title='bbox 2431 2744 2629 2817; x_wconf 74' lang='lat' dir='ltr'>Contra</span> <span class='ocrx_word' id='word_1_550' title='bbox 2667 2758 2751 2796; x_wconf 90' lang='lat' dir='ltr'>eos</span> <span class='ocrx_word' id='word_1_551' title='bbox 2778 2745 2875 2813; x_wconf 91' lang='lat' dir='ltr'>qui</span> <span class='ocrx_word' id='word_1_552' title='bbox 2911 2743 3101 2817; x_wconf 78' lang='lat' dir='ltr'>dicunt</span> <span class='ocrx_word' id='word_1_553' title='bbox 3130 2747 3180 2817; x_wconf 87' lang='lat' dir='ltr'>si</span> <span class='ocrx_word' id='word_1_554' title='bbox 3202 2750 3323 2812; x_wconf 88' lang='lat' dir='ltr'>post</span> <span class='ocrx_word' id='word_1_555' title='bbox 3377 2748 3587 2812; x_wconf 83' lang='lat' dir='ltr'>factum</span> <span class='ocrx_word' id='word_1_556' title='bbox 3622 2751 3720 2817; x_wconf 82' lang='lat' dir='ltr'>ju-</span> 
     </span>
    </p>
   </div>
   <div class='ocr_carea' id='block_1_73' title="bbox 2100 2814 3723 2887">
    <p class='ocr_par' dir='ltr' id='par_1_73' title="bbox 2100 2814 3723 2887">
     <span class='ocr_line' id='line_1_74' title="bbox 2100 2814 3723 2887; baseline 0.005 -20"><span class='ocrx_word' id='word_1_557' title='bbox 2100 2814 2301 2867; x_wconf 86' lang='lat' dir='ltr'>dicium</span> <span class='ocrx_word' id='word_1_558' title='bbox 2332 2818 2433 2868; x_wconf 86' lang='lat' dir='ltr'>erit</span> <span class='ocrx_word' id='word_1_559' title='bbox 2461 2816 2812 2881; x_wconf 83' lang='lat' dir='ltr'>conﬂagratio</span> <span class='ocrx_word' id='word_1_560' title='bbox 2841 2815 3051 2877; x_wconf 84' lang='lat' dir='ltr'>mundi,</span> <span class='ocrx_word' id='word_1_561' title='bbox 3102 2816 3198 2869; x_wconf 84' lang='lat' dir='ltr'>ubi</span> <span class='ocrx_word' id='word_1_562' title='bbox 3234 2822 3358 2870; x_wconf 85' lang='lat' dir='ltr'>tunc</span> <span class='ocrx_word' id='word_1_563' title='bbox 3386 2832 3497 2872; x_wconf 81' lang='lat' dir='ltr'>esse</span> <span class='ocrx_word' id='word_1_564' title='bbox 3533 2814 3723 2887; x_wconf 72' lang='lat' dir='ltr'>potue-</span> 
     </span>
    </p>
   </div>
   <div class='ocr_carea' id='block_1_74' title="bbox 2098 2888 3645 2954">
    <p class='ocr_par' dir='ltr' id='par_1_74' title="bbox 2098 2888 3645 2954">
     <span class='ocr_line' id='line_1_75' title="bbox 2098 2888 3645 2954; baseline 0.004 -16"><span class='ocrx_word' id='word_1_565' title='bbox 2098 2888 2213 2939; x_wconf 82' lang='lat' dir='ltr'>rint</span> <span class='ocrx_word' id='word_1_566' title='bbox 2242 2888 2436 2951; x_wconf 84' lang='lat' dir='ltr'>suncti,</span> <span class='ocrx_word' id='word_1_567' title='bbox 2474 2902 2565 2954; x_wconf 74' lang='lat' dir='ltr'>qui</span> <span class='ocrx_word' id='word_1_568' title='bbox 2593 2902 2697 2938; x_wconf 88' lang='lat' dir='ltr'>non</span> <span class='ocrx_word' id='word_1_569' title='bbox 2721 2889 3106 2952; x_wconf 85' lang='lat' dir='ltr'>continguntur</span> <span class='ocrx_word' id='word_1_570' title='bbox 3143 2890 3363 2954; x_wconf 83' lang='lat' dir='ltr'>ﬂummu</span> <span class='ocrx_word' id='word_1_571' title='bbox 3388 2890 3645 2944; x_wconf 86' lang='lat' dir='ltr'>incendii.</span> 
     </span>
    </p>
   </div>
   <div class='ocr_carea' id='block_1_75' title="bbox 2101 2999 3721 3071">
    <p class='ocr_par' dir='ltr' id='par_1_75' title="bbox 2101 2999 3721 3071">
     <span class='ocr_line' id='line_1_76' title="bbox 2101 2999 3721 3071; baseline 0.002 -16"><span class='ocrx_word' id='word_1_572' title='bbox 2101 3002 2206 3068; x_wconf 75' lang='lat' dir='ltr'>(Ea:</span> <span class='ocrx_word' id='word_1_573' title='bbox 2232 3000 2393 3056; x_wconf 87' lang='lat' dir='ltr'>dictis</span> <span class='ocrx_word' id='word_1_574' title='bbox 2432 2999 2713 3071; x_wconf 87' lang='lat' dir='ltr'>ejusdem.)</span> <span class='ocrx_word' id='word_1_575' title='bbox 2746 3000 2898 3053; x_wconf 84' lang='lat' dir='ltr'>Hanc</span> <span class='ocrx_word' id='word_1_576' title='bbox 2942 3002 3319 3071; x_wconf 61' lang='lat' dir='ltr'>quaestionem</span> <span class='ocrx_word' id='word_1_577' title='bbox 3368 3002 3565 3058; x_wconf 87' lang='lat' dir='ltr'>beatus</span> <span class='ocrx_word' id='word_1_578' title='bbox 3603 3008 3721 3060; x_wconf 83' lang='lat' dir='ltr'>Au-</span> 
     </span>
    </p>
   </div>
   <div class='ocr_carea' id='block_1_76' title="bbox 2030 3088 3725 3161">
    <p class='ocr_par' dir='ltr' id='par_1_76' title="bbox 2030 3088 3725 3161">
     <span class='ocr_line' id='line_1_77' title="bbox 2030 3088 3725 3161; baseline 0.004 -20"><span class='ocrx_word' id='word_1_579' title='bbox 2030 3089 2295 3158; x_wconf 90' lang='lat' dir='ltr'>gustinus</span> <span class='ocrx_word' id='word_1_580' title='bbox 2343 3088 2621 3142; x_wconf 87' lang='lat' dir='ltr'>dissolvit.</span> <span class='ocrx_word' id='word_1_581' title='bbox 2673 3088 2919 3155; x_wconf 67' lang='lat' dir='ltr'>Quaeret,</span> <span class='ocrx_word' id='word_1_582' title='bbox 2971 3089 3068 3151; x_wconf 90' lang='lat' dir='ltr'>ait,</span> <span class='ocrx_word' id='word_1_583' title='bbox 3126 3090 3359 3143; x_wconf 84' lang='lat' dir='ltr'>forsitan</span> <span class='ocrx_word' id='word_1_584' title='bbox 3409 3091 3635 3161; x_wconf 87' lang='lat' dir='ltr'>aliquis,</span> <span class='ocrx_word' id='word_1_585' title='bbox 3678 3093 3725 3147; x_wconf 88' lang='lat' dir='ltr'>si</span> 
     </span>
    </p>
   </div>
   <div class='ocr_carea' id='block_1_77' title="bbox 2028 3177 3719 3253">
    <p class='ocr_par' dir='ltr' id='par_1_77' title="bbox 2028 3177 3719 3253">
     <span class='ocr_line' id='line_1_78' title="bbox 2028 3177 3719 3253; baseline 0.004 -24"><span class='ocrx_word' id='word_1_586' title='bbox 2028 3185 2158 3247; x_wconf 90' lang='lat' dir='ltr'>post</span> <span class='ocrx_word' id='word_1_587' title='bbox 2188 3180 2396 3232; x_wconf 87' lang='lat' dir='ltr'>factum</span> <span class='ocrx_word' id='word_1_588' title='bbox 2429 3177 2702 3231; x_wconf 91' lang='lat' dir='ltr'>indicium</span> <span class='ocrx_word' id='word_1_589' title='bbox 2730 3180 2832 3231; x_wconf 87' lang='lat' dir='ltr'>iste</span> <span class='ocrx_word' id='word_1_590' title='bbox 2864 3178 3113 3231; x_wconf 90' lang='lat' dir='ltr'>mundus</span> <span class='ocrx_word' id='word_1_591' title='bbox 3148 3179 3388 3244; x_wconf 90' lang='lat' dir='ltr'>ardebit,</span> <span class='ocrx_word' id='word_1_592' title='bbox 3415 3188 3719 3253; x_wconf 74' lang='lat' dir='ltr'>antequam</span> 
     </span>
    </p>
   </div>
   <div class='ocr_carea' id='block_1_78' title="bbox 2028 3266 3723 3337">
    <p class='ocr_par' dir='ltr' id='par_1_78' title="bbox 2028 3266 3723 3337">
     <span class='ocr_line' id='line_1_79' title="bbox 2028 3266 3723 3337; baseline 0.004 -19"><span class='ocrx_word' id='word_1_593' title='bbox 2028 3282 2133 3335; x_wconf 90' lang='lat' dir='ltr'>pro</span> <span class='ocrx_word' id='word_1_594' title='bbox 2168 3266 2264 3319; x_wconf 92' lang='lat' dir='ltr'>illo</span> <span class='ocrx_word' id='word_1_595' title='bbox 2297 3268 2502 3319; x_wconf 69' lang='lat' dir='ltr'>costum</span> <span class='ocrx_word' id='word_1_596' title='bbox 2532 3281 2740 3318; x_wconf 90' lang='lat' dir='ltr'>novum</span> <span class='ocrx_word' id='word_1_597' title='bbox 2791 3272 2848 3319; x_wconf 91' lang='lat' dir='ltr'>et</span> <span class='ocrx_word' id='word_1_598' title='bbox 2904 3274 3054 3319; x_wconf 86' lang='lat' dir='ltr'>terra</span> <span class='ocrx_word' id='word_1_599' title='bbox 3086 3283 3229 3320; x_wconf 90' lang='lat' dir='ltr'>nova</span> <span class='ocrx_word' id='word_1_600' title='bbox 3279 3276 3610 3337; x_wconf 87' lang='lat' dir='ltr'>reponatur,</span> <span class='ocrx_word' id='word_1_601' title='bbox 3654 3286 3723 3324; x_wconf 90' lang='lat' dir='ltr'>eo</span> 
     </span>
    </p>
   </div>
   <div class='ocr_carea' id='block_1_79' title="bbox 2027 3354 3722 3427">
    <p class='ocr_par' dir='ltr' id='par_1_79' title="bbox 2027 3354 3722 3427">
     <span class='ocr_line' id='line_1_80' title="bbox 2027 3354 3722 3427; baseline 0.003 -20"><span class='ocrx_word' id='word_1_602' title='bbox 2027 3354 2152 3423; x_wconf 89' lang='lat' dir='ltr'>ipso</span> <span class='ocrx_word' id='word_1_603' title='bbox 2183 3362 2441 3423; x_wconf 84' lang='lat' dir='ltr'>tempore</span> <span class='ocrx_word' id='word_1_604' title='bbox 2473 3354 2935 3424; x_wconf 57' lang='lat' dir='ltr'>conﬂagratiouis</span> <span class='ocrx_word' id='word_1_605' title='bbox 2986 3355 3129 3424; x_wconf 85' lang='lat' dir='ltr'>ejus,</span> <span class='ocrx_word' id='word_1_606' title='bbox 3182 3356 3275 3408; x_wconf 91' lang='lat' dir='ltr'>ubi</span> <span class='ocrx_word' id='word_1_607' title='bbox 3303 3357 3495 3410; x_wconf 51' lang='lat' dir='ltr'>erunt?</span> <span class='ocrx_word' id='word_1_608' title='bbox 3520 3358 3722 3427; x_wconf 87' lang='lat' dir='ltr'>sancti,</span> 
     </span>
    </p>
   </div>
   <div class='ocr_carea' id='block_1_80' title="bbox 2028 3442 3723 3513">
    <p class='ocr_par' dir='ltr' id='par_1_80' title="bbox 2028 3442 3723 3513">
     <span class='ocr_line' id='line_1_81' title="bbox 2028 3442 3723 3513; baseline 0.004 -18"><span class='ocrx_word' id='word_1_609' title='bbox 2028 3459 2156 3496; x_wconf 91' lang='lat' dir='ltr'>cum</span> <span class='ocrx_word' id='word_1_610' title='bbox 2189 3459 2285 3496; x_wconf 91' lang='lat' dir='ltr'>eos</span> <span class='ocrx_word' id='word_1_611' title='bbox 2310 3443 2584 3497; x_wconf 87' lang='lat' dir='ltr'>habentes</span> <span class='ocrx_word' id='word_1_612' title='bbox 2625 3459 2865 3513; x_wconf 89' lang='lat' dir='ltr'>corpora</span> <span class='ocrx_word' id='word_1_613' title='bbox 2910 3442 2969 3495; x_wconf 92' lang='lat' dir='ltr'>in</span> <span class='ocrx_word' id='word_1_614' title='bbox 3019 3444 3217 3513; x_wconf 86' lang='lat' dir='ltr'>aliquo</span> <span class='ocrx_word' id='word_1_615' title='bbox 3264 3446 3546 3513; x_wconf 82' lang='lat' dir='ltr'>corporali</span> <span class='ocrx_word' id='word_1_616' title='bbox 3603 3448 3723 3501; x_wconf 88' lang='lat' dir='ltr'>loco</span> 
     </span>
    </p>
   </div>
   <div class='ocr_carea' id='block_1_81' title="bbox 2028 3531 3723 3600">
    <p class='ocr_par' dir='ltr' id='par_1_81' title="bbox 2028 3531 3723 3600">
     <span class='ocr_line' id='line_1_82' title="bbox 2028 3531 3723 3600; baseline 0.003 -17"><span class='ocrx_word' id='word_1_617' title='bbox 2028 3547 2148 3584; x_wconf 89' lang='lat' dir='ltr'>esse</span> <span class='ocrx_word' id='word_1_618' title='bbox 2182 3546 2406 3585; x_wconf 86' lang='lat' dir='ltr'>necesse</span> <span class='ocrx_word' id='word_1_619' title='bbox 2442 3532 2533 3584; x_wconf 88' lang='lat' dir='ltr'>sit.</span> <span class='ocrx_word' id='word_1_620' title='bbox 2569 3531 2890 3584; x_wconf 75' lang='lat' dir='ltr'>Possumus</span> <span class='ocrx_word' id='word_1_621' title='bbox 2937 3532 3277 3600; x_wconf 89' lang='lat' dir='ltr'>respondere</span> <span class='ocrx_word' id='word_1_622' title='bbox 3330 3533 3549 3587; x_wconf 82' lang='lat' dir='ltr'>futuros</span> <span class='ocrx_word' id='word_1_623' title='bbox 3602 3551 3723 3589; x_wconf 89' lang='lat' dir='ltr'>esse</span> 
     </span>
    </p>
   </div>
   <div class='ocr_carea' id='block_1_82' title="bbox 2029 3619 3725 3691">
    <p class='ocr_par' dir='ltr' id='par_1_82' title="bbox 2029 3619 3725 3691">
     <span class='ocr_line' id='line_1_83' title="bbox 2029 3619 3725 3691; baseline 0.002 -18"><span class='ocrx_word' id='word_1_624' title='bbox 2029 3636 2123 3674; x_wconf 88' lang='lat' dir='ltr'>eos</span> <span class='ocrx_word' id='word_1_625' title='bbox 2155 3620 2213 3674; x_wconf 90' lang='lat' dir='ltr'>in</span> <span class='ocrx_word' id='word_1_626' title='bbox 2246 3619 2639 3690; x_wconf 87' lang='lat' dir='ltr'>superioribus</span> <span class='ocrx_word' id='word_1_627' title='bbox 2691 3619 2968 3690; x_wconf 89' lang='lat' dir='ltr'>patribus,</span> <span class='ocrx_word' id='word_1_628' title='bbox 3027 3636 3141 3691; x_wconf 90' lang='lat' dir='ltr'>quo</span> <span class='ocrx_word' id='word_1_629' title='bbox 3185 3620 3265 3674; x_wconf 89' lang='lat' dir='ltr'>ita</span> <span class='ocrx_word' id='word_1_630' title='bbox 3293 3637 3405 3675; x_wconf 89' lang='lat' dir='ltr'>non</span> <span class='ocrx_word' id='word_1_631' title='bbox 3457 3624 3725 3677; x_wconf 88' lang='lat' dir='ltr'>ascendat</span> 
     </span>
    </p>
   </div>
   <div class='ocr_carea' id='block_1_83' title="bbox 2029 3708 3716 3778">
    <p class='ocr_par' dir='ltr' id='par_1_83' title="bbox 2029 3708 3716 3778">
     <span class='ocr_line' id='line_1_84' title="bbox 2029 3708 3716 3778; baseline 0.001 -15"><span class='ocrx_word' id='word_1_632' title='bbox 2029 3709 2261 3763; x_wconf 85' lang='lat' dir='ltr'>ﬂamma</span> <span class='ocrx_word' id='word_1_633' title='bbox 2292 3708 2445 3762; x_wconf 89' lang='lat' dir='ltr'>illius</span> <span class='ocrx_word' id='word_1_634' title='bbox 2473 3708 2743 3774; x_wconf 87' lang='lat' dir='ltr'>incendii,</span> <span class='ocrx_word' id='word_1_635' title='bbox 2778 3708 3271 3778; x_wconf 87' lang='lat' dir='ltr'>quemadmodum</span> <span class='ocrx_word' id='word_1_636' title='bbox 3302 3726 3405 3763; x_wconf 87' lang='lat' dir='ltr'>nec</span> <span class='ocrx_word' id='word_1_637' title='bbox 3436 3712 3589 3765; x_wconf 91' lang='lat' dir='ltr'>unda</span> <span class='ocrx_word' id='word_1_638' title='bbox 3631 3713 3716 3765; x_wconf 88' lang='lat' dir='ltr'>di-</span> 
     </span>
    </p>
   </div>
   <div class='ocr_carea' id='block_1_84' title="bbox 2030 3796 3721 3867">
    <p class='ocr_par' dir='ltr' id='par_1_84' title="bbox 2030 3796 3721 3867">
     <span class='ocr_line' id='line_1_85' title="bbox 2030 3796 3721 3867; baseline 0.002 -16"><span class='ocrx_word' id='word_1_639' title='bbox 2030 3798 2187 3852; x_wconf 88' lang='lat' dir='ltr'>luvii.</span> <span class='ocrx_word' id='word_1_640' title='bbox 2222 3797 2378 3851; x_wconf 91' lang='lat' dir='ltr'>Talia</span> <span class='ocrx_word' id='word_1_641' title='bbox 2407 3797 2622 3867; x_wconf 90' lang='lat' dir='ltr'>quippe</span> <span class='ocrx_word' id='word_1_642' title='bbox 2661 3796 2773 3849; x_wconf 88' lang='lat' dir='ltr'>illis</span> <span class='ocrx_word' id='word_1_643' title='bbox 2802 3801 2973 3851; x_wconf 89' lang='lat' dir='ltr'>erunt</span> <span class='ocrx_word' id='word_1_644' title='bbox 3018 3812 3279 3867; x_wconf 89' lang='lat' dir='ltr'>corpora,</span> <span class='ocrx_word' id='word_1_645' title='bbox 3328 3804 3390 3852; x_wconf 94' lang='lat' dir='ltr'>ut</span> <span class='ocrx_word' id='word_1_646' title='bbox 3435 3799 3551 3852; x_wconf 88' lang='lat' dir='ltr'>illic</span> <span class='ocrx_word' id='word_1_647' title='bbox 3605 3800 3721 3855; x_wconf 85' lang='lat' dir='ltr'>sint</span> 
     </span>
    </p>
   </div>
   <div class='ocr_carea' id='block_1_85' title="bbox 2030 3885 3725 3956">
    <p class='ocr_par' dir='ltr' id='par_1_85' title="bbox 2030 3885 3725 3956">
     <span class='ocr_line' id='line_1_86' title="bbox 2030 3885 3725 3956; baseline 0.001 -16"><span class='ocrx_word' id='word_1_648' title='bbox 2030 3886 2128 3940; x_wconf 90' lang='lat' dir='ltr'>ubi</span> <span class='ocrx_word' id='word_1_649' title='bbox 2173 3902 2292 3940; x_wconf 86' lang='lat' dir='ltr'>esse</span> <span class='ocrx_word' id='word_1_650' title='bbox 2332 3887 2639 3939; x_wconf 88' lang='lat' dir='ltr'>voluerint.</span> <span class='ocrx_word' id='word_1_651' title='bbox 2699 3885 2807 3940; x_wconf 89' lang='lat' dir='ltr'>Sed</span> <span class='ocrx_word' id='word_1_652' title='bbox 2854 3902 2959 3939; x_wconf 90' lang='lat' dir='ltr'>nec</span> <span class='ocrx_word' id='word_1_653' title='bbox 2998 3886 3194 3955; x_wconf 80' lang='lat' dir='ltr'>ignem</span> <span class='ocrx_word' id='word_1_654' title='bbox 3250 3887 3725 3956; x_wconf 86' lang='lat' dir='ltr'>conﬂagrationis</span> 
     </span>
    </p>
   </div>
   <div class='ocr_carea' id='block_1_86' title="bbox 2030 3974 3723 4047">
    <p class='ocr_par' dir='ltr' id='par_1_86' title="bbox 2030 3974 3723 4047">
     <span class='ocr_line' id='line_1_87' title="bbox 2030 3974 3723 4047; baseline 0.001 -17"><span class='ocrx_word' id='word_1_655' title='bbox 2030 3975 2183 4030; x_wconf 89' lang='lat' dir='ltr'>illius</span> <span class='ocrx_word' id='word_1_656' title='bbox 2221 3976 2625 4045; x_wconf 89' lang='lat' dir='ltr'>pertimescent</span> <span class='ocrx_word' id='word_1_657' title='bbox 2654 3974 3007 4028; x_wconf 89' lang='lat' dir='ltr'>immortales</span> <span class='ocrx_word' id='word_1_658' title='bbox 3037 3980 3209 4046; x_wconf 87' lang='lat' dir='ltr'>atque</span> <span class='ocrx_word' id='word_1_659' title='bbox 3256 3975 3723 4047; x_wconf 86' lang='lat' dir='ltr'>incorruptibiles</span> 
     </span>
    </p>
   </div>
   <div class='ocr_carea' id='block_1_87' title="bbox 2028 4063 3717 4134">
    <p class='ocr_par' dir='ltr' id='par_1_87' title="bbox 2028 4063 3717 4134">
     <span class='ocr_line' id='line_1_88' title="bbox 2028 4063 3717 4134; baseline 0.001 -16"><span class='ocrx_word' id='word_1_660' title='bbox 2028 4064 2183 4128; x_wconf 89' lang='lat' dir='ltr'>facti,</span> <span class='ocrx_word' id='word_1_661' title='bbox 2214 4065 2359 4118; x_wconf 88' lang='lat' dir='ltr'>sicut</span> <span class='ocrx_word' id='word_1_662' title='bbox 2381 4064 2640 4117; x_wconf 90' lang='lat' dir='ltr'>vivorum</span> <span class='ocrx_word' id='word_1_663' title='bbox 2664 4063 2836 4116; x_wconf 88' lang='lat' dir='ltr'>trium</span> <span class='ocrx_word' id='word_1_664' title='bbox 2892 4064 3289 4133; x_wconf 73' lang='lat' dir='ltr'>corruptibilis</span> <span class='ocrx_word' id='word_1_665' title='bbox 3344 4080 3587 4134; x_wconf 85' lang='lat' dir='ltr'>corpora</span> <span class='ocrx_word' id='word_1_666' title='bbox 3634 4073 3717 4120; x_wconf 88' lang='lat' dir='ltr'>at-</span> 
     </span>
    </p>
   </div>
   <div class='ocr_carea' id='block_1_88' title="bbox 2028 4151 3718 4225">
    <p class='ocr_par' dir='ltr' id='par_1_88' title="bbox 2028 4151 3718 4225">
     <span class='ocr_line' id='line_1_89' title="bbox 2028 4151 3718 4225; baseline 0.002 -20"><span class='ocrx_word' id='word_1_667' title='bbox 2028 4169 2139 4223; x_wconf 90' lang='lat' dir='ltr'>que</span> <span class='ocrx_word' id='word_1_668' title='bbox 2181 4152 2445 4206; x_wconf 88' lang='lat' dir='ltr'>mortalia</span> <span class='ocrx_word' id='word_1_669' title='bbox 2473 4153 2534 4206; x_wconf 91' lang='lat' dir='ltr'>in</span> <span class='ocrx_word' id='word_1_670' title='bbox 2564 4152 2788 4206; x_wconf 90' lang='lat' dir='ltr'>camino</span> <span class='ocrx_word' id='word_1_671' title='bbox 2820 4151 3046 4207; x_wconf 86' lang='lat' dir='ltr'>ardenti</span> <span class='ocrx_word' id='word_1_672' title='bbox 3072 4152 3248 4207; x_wconf 64' lang='lat' dir='ltr'>illassa</span> <span class='ocrx_word' id='word_1_673' title='bbox 3281 4153 3466 4208; x_wconf 87' lang='lat' dir='ltr'>vivere</span> <span class='ocrx_word' id='word_1_674' title='bbox 3511 4160 3718 4225; x_wconf 87' lang='lat' dir='ltr'>potue-</span> 
     </span>
    </p>
   </div>
   <div class='ocr_carea' id='block_1_89' title="bbox 2030 4246 2182 4295">
    <p class='ocr_par' dir='ltr' id='par_1_89' title="bbox 2030 4246 2182 4295">
     <span class='ocr_line' id='line_1_90' title="bbox 2030 4246 2182 4295; baseline 0 0"><span class='ocrx_word' id='word_1_675' title='bbox 2030 4246 2182 4295; x_wconf 90' lang='lat' dir='ltr'>runt.</span> 
     </span>
    </p>
   </div>
   <div class='ocr_carea' id='block_1_90' title="bbox 1590 4425 2361 4468">
    <p class='ocr_par' dir='ltr' id='par_1_90' title="bbox 1590 4425 2361 4468">
     <span class='ocr_line' id='line_1_91' title="bbox 1590 4425 2361 4468; baseline 0.001 -2"><span class='ocrx_word' id='word_1_676' title='bbox 1590 4425 1766 4467; x_wconf 81' lang='lat' dir='ltr'><strong>FINIS</strong></span> <span class='ocrx_word' id='word_1_677' title='bbox 1810 4426 1988 4467; x_wconf 79' lang='lat' dir='ltr'><strong>LIBRI</strong></span> <span class='ocrx_word' id='word_1_678' title='bbox 2033 4426 2361 4468; x_wconf 75' lang='lat' dir='ltr'><strong>VIGESIMI.</strong></span> 
     </span>
    </p>
   </div>
   <div class='ocr_carea' id='block_1_91' title="bbox 996 4739 2948 4814">
    <p class='ocr_par' dir='ltr' id='par_1_91' title="bbox 996 4739 2948 4814">
     <span class='ocr_line' id='line_1_92' title="bbox 996 4739 2948 4814; baseline 0.001 -2"><span class='ocrx_word' id='word_1_679' title='bbox 996 4739 1528 4813; x_wconf 79' lang='lat' dir='ltr'><strong>CONCILIUM</strong></span> <span class='ocrx_word' id='word_1_680' title='bbox 1587 4740 1685 4813; x_wconf 92' lang='lat' dir='ltr'>IN</span> <span class='ocrx_word' id='word_1_681' title='bbox 1747 4740 2427 4814; x_wconf 84' lang='lat' dir='ltr'>SALEGUNSTAT</span> <span class='ocrx_word' id='word_1_682' title='bbox 2484 4739 2948 4814; x_wconf 88' lang='lat' dir='ltr'>HABITUM.</span> 
     </span>
    </p>
   </div>
   <div class='ocr_carea' id='block_1_92' title="bbox 292 5082 3722 5157">
    <p class='ocr_par' dir='ltr' id='par_1_92' title="bbox 292 5082 3722 5157">
     <span class='ocr_line' id='line_1_93' title="bbox 292 5082 3722 5157; baseline 0.001 -18"><span class='ocrx_word' id='word_1_683' title='bbox 292 5086 355 5139; x_wconf 91' lang='lat' dir='ltr'><strong>In</strong></span> <span class='ocrx_word' id='word_1_684' title='bbox 386 5084 486 5138; x_wconf 91' lang='lat' dir='ltr'>Dei</span> <span class='ocrx_word' id='word_1_685' title='bbox 520 5083 774 5149; x_wconf 91' lang='lat' dir='ltr'>nomine,</span> <span class='ocrx_word' id='word_1_686' title='bbox 806 5099 940 5154; x_wconf 89' lang='lat' dir='ltr'>ergo</span> <span class='ocrx_word' id='word_1_687' title='bbox 963 5082 1136 5137; x_wconf 83' lang='lat' dir='ltr'>Ariho</span> <span class='ocrx_word' id='word_1_688' title='bbox 1167 5083 1515 5154; x_wconf 58' lang='lat' dir='ltr'>Moguntina</span> <span class='ocrx_word' id='word_1_689' title='bbox 1549 5084 1695 5137; x_wconf 82' lang='lat' dir='ltr'>sedis</span> <span class='ocrx_word' id='word_1_690' title='bbox 1729 5083 1914 5139; x_wconf 88' lang='lat' dir='ltr'>arcbi-</span> <span class='ocrx_word' id='word_1_691' title='bbox 1950 5086 1993 5139; x_wconf 90' lang='lat' dir='ltr'><strong>D</strong></span> <span class='ocrx_word' id='word_1_692' title='bbox 2032 5083 2307 5138; x_wconf 90' lang='lat' dir='ltr'>incarnat.</span> <span class='ocrx_word' id='word_1_693' title='bbox 2343 5084 2574 5147; x_wconf 86' lang='lat' dir='ltr'><strong>MXXIII,</strong></span> <span class='ocrx_word' id='word_1_694' title='bbox 2607 5083 2823 5141; x_wconf 90' lang='lat' dir='ltr'>indicit.</span> <span class='ocrx_word' id='word_1_695' title='bbox 2876 5085 2938 5151; x_wconf 89' lang='lat' dir='ltr'>V,</span> <span class='ocrx_word' id='word_1_696' title='bbox 2988 5085 3036 5139; x_wconf 93' lang='lat' dir='ltr'>II</span> <span class='ocrx_word' id='word_1_697' title='bbox 3090 5085 3221 5139; x_wconf 91' lang='lat' dir='ltr'>Idus</span> <span class='ocrx_word' id='word_1_698' title='bbox 3274 5086 3516 5157; x_wconf 80' lang='lat' dir='ltr'>August.</span> <span class='ocrx_word' id='word_1_699' title='bbox 3570 5103 3722 5141; x_wconf 90' lang='lat' dir='ltr'>anno</span> 
     </span>
    </p>
   </div>
   <div class='ocr_carea' id='block_1_93' title="bbox 220 5173 1918 5244">
    <p class='ocr_par' dir='ltr' id='par_1_93' title="bbox 220 5173 1918 5244">
     <span class='ocr_line' id='line_1_94' title="bbox 220 5173 1918 5244; baseline -0.001 -16"><span class='ocrx_word' id='word_1_700' title='bbox 220 5174 536 5244; x_wconf 87' lang='lat' dir='ltr'>episcopus,</span> <span class='ocrx_word' id='word_1_701' title='bbox 570 5175 831 5244; x_wconf 89' lang='lat' dir='ltr'>quamvis</span> <span class='ocrx_word' id='word_1_702' title='bbox 863 5173 1160 5243; x_wconf 88' lang='lat' dir='ltr'>indignus,</span> <span class='ocrx_word' id='word_1_703' title='bbox 1197 5190 1325 5227; x_wconf 91' lang='lat' dir='ltr'>cum</span> <span class='ocrx_word' id='word_1_704' title='bbox 1359 5174 1579 5228; x_wconf 59' lang='lat' dir='ltr'>caeteris</span> <span class='ocrx_word' id='word_1_705' title='bbox 1626 5174 1918 5227; x_wconf 89' lang='lat' dir='ltr'>confratri-</span> 
     </span>
    </p>
   </div>
   <div class='ocr_carea' id='block_1_94' title="bbox 220 5262 1915 5332">
    <p class='ocr_par' dir='ltr' id='par_1_94' title="bbox 220 5262 1915 5332">
     <span class='ocr_line' id='line_1_95' title="bbox 220 5262 1915 5332; baseline -0.001 -16"><span class='ocrx_word' id='word_1_706' title='bbox 220 5263 327 5317; x_wconf 90' lang='lat' dir='ltr'>bus</span> <span class='ocrx_word' id='word_1_707' title='bbox 360 5263 585 5328; x_wconf 90' lang='lat' dir='ltr'>nostris,</span> <span class='ocrx_word' id='word_1_708' title='bbox 622 5268 677 5315; x_wconf 86' lang='lat' dir='ltr'>et</span> <span class='ocrx_word' id='word_1_709' title='bbox 704 5279 827 5332; x_wconf 62' lang='lat' dir='ltr'>coe;</span> <span class='ocrx_word' id='word_1_710' title='bbox 849 5262 1076 5332; x_wconf 89' lang='lat' dir='ltr'>iscopis,</span> <span class='ocrx_word' id='word_1_711' title='bbox 1130 5264 1456 5318; x_wconf 85' lang='lat' dir='ltr'>Burchardo</span> <span class='ocrx_word' id='word_1_712' title='bbox 1488 5263 1915 5330; x_wconf 84' lang='lat' dir='ltr'>Wormaciensi,</span> 
     </span>
    </p>
   </div>
   <div class='ocr_carea' id='block_1_95' title="bbox 218 5351 1916 5422">
    <p class='ocr_par' dir='ltr' id='par_1_95' title="bbox 218 5351 1916 5422">
     <span class='ocr_line' id='line_1_96' title="bbox 218 5351 1916 5422; baseline 0.001 -19"><span class='ocrx_word' id='word_1_713' title='bbox 218 5352 586 5404; x_wconf 88' lang='lat' dir='ltr'>Werenhario</span> <span class='ocrx_word' id='word_1_714' title='bbox 642 5351 973 5421; x_wconf 85' lang='lat' dir='ltr'>Argentino,</span> <span class='ocrx_word' id='word_1_715' title='bbox 1034 5354 1297 5406; x_wconf 88' lang='lat' dir='ltr'>Brunone</span> <span class='ocrx_word' id='word_1_716' title='bbox 1359 5352 1725 5422; x_wconf 79' lang='lat' dir='ltr'>Augusteusi,</span> <span class='ocrx_word' id='word_1_717' title='bbox 1779 5352 1916 5405; x_wconf 89' lang='lat' dir='ltr'>Ebe-</span> 
     </span>
    </p>
   </div>
   <div class='ocr_carea' id='block_1_96' title="bbox 218 5440 1914 5512">
    <p class='ocr_par' dir='ltr' id='par_1_96' title="bbox 218 5440 1914 5512">
     <span class='ocr_line' id='line_1_97' title="bbox 218 5440 1914 5512; baseline -0.002 -16"><span class='ocrx_word' id='word_1_718' title='bbox 218 5440 424 5496; x_wconf 85' lang='lat' dir='ltr'>thardo</span> <span class='ocrx_word' id='word_1_719' title='bbox 457 5440 936 5511; x_wconf 85' lang='lat' dir='ltr'>Babenbergeusi,</span> <span class='ocrx_word' id='word_1_720' title='bbox 975 5442 1344 5511; x_wconf 83' lang='lat' dir='ltr'>Meginhardo</span> <span class='ocrx_word' id='word_1_721' title='bbox 1394 5440 1914 5512; x_wconf 82' lang='lat' dir='ltr'>Wircenburgensi,</span> 
     </span>
    </p>
   </div>
   <div class='ocr_carea' id='block_1_97' title="bbox 220 5529 1916 5600">
    <p class='ocr_par' dir='ltr' id='par_1_97' title="bbox 220 5529 1916 5600">
     <span class='ocr_line' id='line_1_98' title="bbox 220 5529 1916 5600; baseline 0 -17"><span class='ocrx_word' id='word_1_722' title='bbox 220 5529 504 5599; x_wconf 87' lang='lat' dir='ltr'>synodum</span> <span class='ocrx_word' id='word_1_723' title='bbox 535 5529 596 5583; x_wconf 91' lang='lat' dir='ltr'>in</span> <span class='ocrx_word' id='word_1_724' title='bbox 624 5530 987 5600; x_wconf 88' lang='lat' dir='ltr'>Salegunstat</span> <span class='ocrx_word' id='word_1_725' title='bbox 1015 5531 1391 5585; x_wconf 82' lang='lat' dir='ltr'>condiximus.</span> <span class='ocrx_word' id='word_1_726' title='bbox 1418 5534 1583 5585; x_wconf 88' lang='lat' dir='ltr'>Anno</span> <span class='ocrx_word' id='word_1_727' title='bbox 1606 5530 1916 5585; x_wconf 71' lang='lat' dir='ltr'>Dominicaa</span> 
     </span>
    </p>
   </div>
   <div class='ocr_carea' id='block_1_98' title="bbox 2026 5173 3722 5243">
    <p class='ocr_par' dir='ltr' id='par_1_98' title="bbox 2026 5173 3722 5243">
     <span class='ocr_line' id='line_1_99' title="bbox 2026 5173 3722 5243; baseline 0.002 -17"><span class='ocrx_word' id='word_1_728' title='bbox 2026 5176 2215 5227; x_wconf 88' lang='lat' dir='ltr'>autem</span> <span class='ocrx_word' id='word_1_729' title='bbox 2266 5173 2480 5226; x_wconf 89' lang='lat' dir='ltr'>domini</span> <span class='ocrx_word' id='word_1_730' title='bbox 2526 5174 2749 5228; x_wconf 89' lang='lat' dir='ltr'>Henrici</span> <span class='ocrx_word' id='word_1_731' title='bbox 2798 5173 3032 5228; x_wconf 88' lang='lat' dir='ltr'>secundi</span> <span class='ocrx_word' id='word_1_732' title='bbox 3081 5174 3375 5243; x_wconf 88' lang='lat' dir='ltr'>regnantis</span> <span class='ocrx_word' id='word_1_733' title='bbox 3432 5176 3563 5241; x_wconf 84' lang='lat' dir='ltr'>XXI,</span> <span class='ocrx_word' id='word_1_734' title='bbox 3613 5176 3722 5229; x_wconf 90' lang='lat' dir='ltr'>im-</span> 
     </span>
    </p>
   </div>
   <div class='ocr_carea' id='block_1_99' title="bbox 2027 5262 3721 5333">
    <p class='ocr_par' dir='ltr' id='par_1_99' title="bbox 2027 5262 3721 5333">
     <span class='ocr_line' id='line_1_100' title="bbox 2027 5262 3721 5333; baseline 0.002 -18"><span class='ocrx_word' id='word_1_735' title='bbox 2027 5262 2172 5333; x_wconf 89' lang='lat' dir='ltr'>perii</span> <span class='ocrx_word' id='word_1_736' title='bbox 2205 5278 2335 5313; x_wconf 88' lang='lat' dir='ltr'>vero</span> <span class='ocrx_word' id='word_1_737' title='bbox 2386 5263 2467 5325; x_wconf 89' lang='lat' dir='ltr'>Vl,</span> <span class='ocrx_word' id='word_1_738' title='bbox 2522 5272 2807 5332; x_wconf 83' lang='lat' dir='ltr'>quatenus</span> <span class='ocrx_word' id='word_1_739' title='bbox 2865 5279 2994 5316; x_wconf 91' lang='lat' dir='ltr'>cum</span> <span class='ocrx_word' id='word_1_740' title='bbox 3028 5264 3325 5316; x_wconf 88' lang='lat' dir='ltr'>communi</span> <span class='ocrx_word' id='word_1_741' title='bbox 3369 5265 3721 5319; x_wconf 86' lang='lat' dir='ltr'>confratrum</span> 
     </span>
    </p>
   </div>
   <div class='ocr_carea' id='block_1_100' title="bbox 2028 5351 3724 5421">
    <p class='ocr_par' dir='ltr' id='par_1_100' title="bbox 2028 5351 3724 5421">
     <span class='ocr_line' id='line_1_101' title="bbox 2028 5351 3724 5421; baseline 0.001 -16"><span class='ocrx_word' id='word_1_742' title='bbox 2028 5351 2433 5421; x_wconf 65' lang='lat' dir='ltr'>praedictorum</span> <span class='ocrx_word' id='word_1_743' title='bbox 2487 5351 2727 5404; x_wconf 89' lang='lat' dir='ltr'>concilio</span> <span class='ocrx_word' id='word_1_744' title='bbox 2800 5355 2973 5421; x_wconf 89' lang='lat' dir='ltr'>atque</span> <span class='ocrx_word' id='word_1_745' title='bbox 3034 5351 3318 5417; x_wconf 87' lang='lat' dir='ltr'>consultu,</span> <span class='ocrx_word' id='word_1_746' title='bbox 3382 5352 3724 5406; x_wconf 88' lang='lat' dir='ltr'>multimoda</span> 
     </span>
    </p>
   </div>
   <div class='ocr_carea' id='block_1_101' title="bbox 2027 5439 3724 5512">
    <p class='ocr_par' dir='ltr' id='par_1_101' title="bbox 2027 5439 3724 5512">
     <span class='ocr_line' id='line_1_102' title="bbox 2027 5439 3724 5512; baseline 0.001 -17"><span class='ocrx_word' id='word_1_747' title='bbox 2027 5441 2353 5495; x_wconf 91' lang='lat' dir='ltr'>divinorum</span> <span class='ocrx_word' id='word_1_748' title='bbox 2380 5439 2703 5493; x_wconf 82' lang='lat' dir='ltr'>ofﬁciorum</span> <span class='ocrx_word' id='word_1_749' title='bbox 2738 5442 2909 5509; x_wconf 87' lang='lat' dir='ltr'>atque</span> <span class='ocrx_word' id='word_1_750' title='bbox 2942 5440 3302 5510; x_wconf 86' lang='lat' dir='ltr'>synodalium</span> <span class='ocrx_word' id='word_1_751' title='bbox 3334 5442 3525 5512; x_wconf 90' lang='lat' dir='ltr'>legum</span> <span class='ocrx_word' id='word_1_752' title='bbox 3573 5458 3724 5496; x_wconf 90' lang='lat' dir='ltr'>com-</span> 
     </span>
    </p>
   </div>
   <div class='ocr_carea' id='block_1_102' title="bbox 2026 5527 3723 5601">
    <p class='ocr_par' dir='ltr' id='par_1_102' title="bbox 2026 5527 3723 5601">
     <span class='ocr_line' id='line_1_103' title="bbox 2026 5527 3723 5601; baseline 0.002 -18"><span class='ocrx_word' id='word_1_753' title='bbox 2026 5535 2340 5600; x_wconf 87' lang='lat' dir='ltr'>poneretur</span> <span class='ocrx_word' id='word_1_754' title='bbox 2368 5527 2668 5597; x_wconf 88' lang='lat' dir='ltr'>dissensio,</span> <span class='ocrx_word' id='word_1_755' title='bbox 2701 5533 2757 5583; x_wconf 90' lang='lat' dir='ltr'>et</span> <span class='ocrx_word' id='word_1_756' title='bbox 2790 5528 3138 5598; x_wconf 84' lang='lat' dir='ltr'>disparilitas</span> <span class='ocrx_word' id='word_1_757' title='bbox 3168 5534 3495 5585; x_wconf 84' lang='lat' dir='ltr'>nostrarum</span> <span class='ocrx_word' id='word_1_758' title='bbox 3526 5531 3723 5601; x_wconf 85' lang='lat' dir='ltr'>singu-</span> 
     </span>
    </p>
   </div>
  </div>
