3950 6324
209 305 366 357 ’1059

1267 289 1638 347 CONCILIUM
1679 289 1747 343 IN
1789 285 2308 343 SALLEGUNSTAT
2350 281 2682 338 HABITUM.

3593 277 3734 330 1060

229 429 416 480 larum
463 419 989 483 consuetudinum,
1048 415 1290 470 honesta
1347 412 1720 468 consensione
1780 410 1920 464 redi-
1957 408 2177 476 Abret,
2225 404 2628 478 hyemantibus
2674 400 2956 466 similiter,
3022 399 3132 453 nisi
3177 398 3484 452 necessitas
3540 402 3728 466 cogat.

231 520 461 586 geretur
490 513 552 566 in
578 524 778 564 unum.
813 507 1063 576 Ideoque
1085 509 1321 574 promer
1351 501 1478 555 illas
1529 501 1924 554 lamentabiles

233 601 631 664 dissensiones,
662 595 956 652 communi
1011 595 1239 648 decreto
1287 591 1536 660 concilii,
1587 590 1708 644 hac
1764 589 1918 660 capi-

231 692 348 746 tula
377 688 592 743 sancita
624 691 774 740 sunt.

227 780 353 834 CAP.
388 779 430 832 Ι.
467 806 536 816 —-
564 778 638 829 De
685 772 1014 827 abstinentia
1040 770 1243 834 carnis,
1281 771 1331 820 et
1353 759 1641 834 sanguinis
1692 767 1750 818 in
1796 763 1923 818 sub-

779 844 1000 910 scriptis
1034 840 1379 908 temporibus.

303 930 395 995 (In
429 926 654 980 concilio
677 925 733 976 in
755 922 1103 988 Salegunstat
1131 919 1361 985 habito.)
1393 917 1464 971 Ut
1493 931 1582 970 xxv
1641 913 1762 968 dies
1796 929 1926 966 om-

227 1007 330 1071 nes
361 1011 667 1069 Christiani
706 1013 836 1063 ante
895 1007 1268 1061 festivitatem
1315 1005 1370 1060 S.
1402 1003 1634 1059 Joannis
1658 1002 1926 1072 Baptista

230 1106 289 1159 in
322 1099 665 1157 abstinentia
697 1097 812 1151 sint
841 1095 1027 1149 carnis
1069 1099 1125 1148 et
1173 1093 1488 1163 sanguinis,
1537 1091 1648 1145 nisi
1687 1089 1930 1144 infirmi-

233 1199 344 1247 tate
375 1189 744 1261 impediente,
780 1191 879 1239 aut
907 1183 1148 1252 alicujus
1168 1181 1297 1235 festi
1325 1182 1684 1234 solemnitate
1712 1187 1841 1248 qua
1869 1177 1928 1230 in

231 1282 328 1335 illo
359 1276 648 1350 episcopio
679 1273 918 1329 celebris
948 1271 1191 1325 habetur
1233 1269 1642 1323 intercedente.
1678 1267 1743 1321 Et
1798 1269 1928 1319 ante

235 1371 360 1424 Nat.
395 1365 620 1422 Domini
664 1363 946 1417 similiter.
983 1361 1046 1414 Et
1101 1360 1159 1413 in
1217 1358 1414 1426 vigilia
1466 1354 1818 1426 Epiphania.
1867 1354 1930 1407 Et

235 1458 292 1511 in
325 1457 583 1512 omnium
616 1452 826 1522 vigiliis
855 1450 1271 1520 apostolorum.
1298 1447 1364 1500 Et
1392 1446 1452 1499 in
1481 1445 1680 1514 vigilia
1711 1458 1928 1496 assum-

232 1544 460 1616 ptionisl
490 1549 696 1596 sancta
727 1539 934 1601 Maria.
967 1543 1023 1590 et
1067 1536 1124 1589 in
1166 1535 1359 1604 vigilia
1391 1533 1568 1586 sancti
1617 1530 1926 1595 Laurentii,

237 1651 340 1690 nec
361 1649 479 1688 non
505 1632 677 1685 etiam
707 1628 763 1680 in
799 1626 990 1696 vigilia
1020 1625 1281 1678 omnium
1308 1629 1635 1676 sanctorum
1663 1619 1931 1688 adjicien-

235 1730 320 1779 tes
353 1719 636 1793 pradictis
663 1716 869 1786 vigiliis
891 1729 1064 1768 unam
1095 1715 1295 1766 horam
1319 1709 1663 1774 refectionis,
1698 1713 1932 1777 excepta

236 1810 592 1873 inﬁrmitate,
626 1811 684 1860 at
715 1804 826 1858 nisi
854 1803 1064 1873 aliquis
1104 1801 1198 1870 sit,
1226 1799 1326 1872 qui
1367 1799 1598 1870 proprio
1649 1803 1780 1851 voto
1809 1811 1931 1850 ma-

231 1902 349 1972 jori
379 1894 723 1952 abstinentia
755 1893 840 1946 uti
871 1891 1026 1945 velit.

309 1987 438 2042 CAP.
474 1986 545 2039 Il.
577 2013 632 2023 —
672 1983 751 2035 De
781 1978 1130 2034 custodiendo
1168 1977 1382 2047 jejunio
1421 1975 1517 2030 IV
1540 1979 1858 2043 temporum.

311 2077 413 2146 (Ea:
443 2073 624 2128 eodem
657 2071 926 2137 concilio.)
977 2069 1055 2121 De
1105 2067 1320 2120 incerto
1368 2070 1560 2118 autem
1591 2062 1814 2134 jejunio
1867 2061 1934 2116 ιν

237 2170 562 2236 temporum
587 2162 734 2215 hanc
753 2157 1156 2213 certitudinem
1187 2154 1510 2221 statuimus,
1547 2160 1608 2206 ut
1632 2153 1704 2206 sit
1736 2151 1931 2206 Kalen.

240 2255 378 2308 Mar.
408 2254 468 2306 in
497 2266 548 2305 iv
578 2249 741 2313 feria,
775 2247 891 2300 sive
931 2249 1098 2299 antea
1132 2243 1446 2309 evenerint,
1483 2242 1684 2295 eadem
1715 2239 1935 2293 hebdo-

241 2342 411 2399 mada
428 2338 716 2410 jejunium
745 2335 1083 2388 celebretur.
1133 2331 1192 2387 Si
1222 2337 1413 2384 autem
1447 2329 1645 2383 Kalen.
1692 2327 1825 2381 Mar.
1875 2325 1934 2378 in

239 2449 274 2484 v
303 2430 505 2486 feriam
546 2431 643 2479 aut
669 2441 723 2478 ιν
753 2428 851 2477 aut
897 2422 1212 2477 Sabbatum
1263 2417 1691 2482 distenduntur,
1735 2415 1795 2468 in
1844 2431 1938 2468 se-

243 2523 515 2592 quentem
571 2511 988 2569 hebdomadam
1054 2508 1344 2579 jejunium
1394 2505 1708 2561 differatur.
1756 2502 1938 2558 Simili

244 2623 475 2680 quoque
508 2604 675 2659 modo
708 2602 755 2654 si
787 2601 909 2654 Kal.
959 2598 1114 2653 Junii
1164 2597 1222 2650 in
1268 2612 1322 2650 ιν
1347 2596 1574 2660 feriam,
1627 2597 1723 2646 aut
1769 2596 1938 2645 antea

245 2696 560 2758 evenerint,
586 2693 646 2745 in
681 2691 1062 2759 subsequente
1101 2684 1461 2739 hebdomade
1499 2681 1788 2752 jejunium
1840 2695 1939 2733 ce-

244 2787 513 2841 lebretur.
548 2782 612 2835 Et
643 2780 691 2833 si
720 2780 780 2832 in
819 2793 852 2829 v
879 2777 1080 2830 feriam
1112 2779 1211 2828 aut
1241 2790 1292 2828 γι
1317 2781 1414 2826 aut
1445 2772 1753 2826 Sabbatum
1805 2785 1937 2823 con-

243 2873 456 2944 tigerit,
486 2868 775 2940 jejunium
807 2866 866 2919 in
898 2881 957 2918 III
1019 2862 1437 2918 hebdomadam
1495 2863 1849 2924 reservetur;
1883 2861 1940 2910 et

245 2963 355 3018 hoc
384 2959 681 3014 sciendum
715 2961 817 3016 est,
851 2954 1008 3024 quod
1043 2953 1088 3004 si
1120 2950 1351 3021 quando
1395 2949 1682 3020 jejunium
1726 2945 1937 3001 mensis
1977 2979 2018 3032 ε

244 3048 398 3105 Junii
425 3048 484 3100 in
516 3043 711 3115 vigilia
740 3043 1105 3096 Pentecostes
1136 3037 1452 3092 secundum
1485 3036 1814 3106 pradictam
1846 3050 1935 3086 re-

248 3137 442 3208 gulam
487 3131 760 3198 evenerit,
817 3144 933 3183 non
981 3127 1062 3181 ibi
1115 3125 1522 3180 celebrandum
1566 3123 1696 3191 erit,
1750 3123 1844 3175 sed
1876 3121 1936 3174 in

245 3225 369 3296 ipsa
399 3219 758 3277 hebdomada
809 3215 1054 3270 solemni
1102 3215 1481 3278 Pentecostes,
1525 3216 1582 3266 et
1623 3216 1760 3266 tunc
1802 3226 1938 3280 pro-

245 3320 374 3384 pter
422 3308 847 3365 solemnitatem
895 3303 1137 3374 Spiritus
1169 3302 1368 3367 sancti,
1414 3301 1681 3354 diacones
1729 3299 1942 3352 dalma-

249 3401 373 3456 ticis
400 3400 737 3460 induantur,
788 3399 846 3448 et
887 3393 1133 3446 Alleluia
1190 3393 1472 3451 cantetur,
1533 3393 1591 3442 et
1639 3388 1939 3441 Flectamus

246 3506 421 3560 genua
451 3503 566 3542 non
597 3486 836 3540 dicatur.
872 3481 1086 3535 Eodem
1124 3480 1294 3533 modo
1335 3478 1404 3532 de
1457 3476 1807 3547 Septembris
1853 3477 1937 3544 je-

241 3580 406 3652 junio
458 3574 832 3630 constitutum
889 3575 994 3634 est,
1041 3575 1106 3622 ut
1125 3568 1173 3620 si
1225 3567 1350 3623 Kal.
1384 3566 1536 3637 Sept.
1589 3566 1646 3617 in
1699 3581 1751 3617 IV
1801 3564 1944 3618 feria

249 3665 519 3733 evenerit,
553 3667 650 3716 aut
697 3667 885 3728 antea,
929 3657 1221 3728 jejunium
1271 3657 1331 3709 in
1371 3672 1432 3709 ιιι
1463 3653 1824 3708 hebdomade
1856 3668 1942 3705 ce-

247 3761 503 3813 lebretur
537 3771 549 3807 :
583 3737 711 3806 etsi
749 3751 808 3804 in
855 3765 889 3801 v
932 3753 1032 3802 aut
1077 3763 1128 3800 VI
1178 3751 1276 3800 aut
1313 3745 1560 3800 Sabbato
1611 3742 1940 3812 contigerit,

246 3848 310 3902 in
340 3862 393 3900 iv
423 3839 780 3898 hebdomada
821 3836 1202 3908 jejunandum
1252 3835 1378 3887 erit.
1433 3835 1495 3886 In
1544 3832 1840 3886 Decembr.
1874 3831 1941 3884 il-

246 3936 349 3990 lud
382 3929 798 3987 observandum
830 3926 957 3993 erit,
990 3931 1055 3978 ut
1083 3923 1348 3994 proximo
1395 3921 1639 3976 Sabbato
1680 3923 1810 3973 ante
1861 3919 1943 3972 vi-

250 4025 448 4096 giliam
480 4019 683 4074 natalis
731 4014 952 4070 Domini
997 4012 1316 4066 celebretur
1357 4009 1646 4080 jejunium
1681 4025 1693 4062 :
1727 4008 1868 4078 quia
1897 4006 1944 4059 si

248 4113 445 4186 vigilia
491 4110 550 4163 in
599 4106 844 4162 Sabbato
895 4101 1167 4171 evenerit,
1221 4102 1391 4154 simul
1447 4099 1644 4169 vigilia
1692 4103 1748 4151 et
1798 4097 1945 4167 jeju-

250 4203 414 4256 nium
445 4197 733 4253 celebrare
763 4208 876 4246 non
909 4189 1195 4244 convenit.

2032 497 2159 552 CAP.
2197 496 2260 549 V.
2289 524 2358 535 —
2392 495 2458 549 Ut
2495 492 2776 562 presbyter
2803 504 2909 543 non
2937 489 3172 562 amplius
3217 503 3380 555 quam
3440 491 3548 540 tres
3594 487 3730 540 Mis-

2597 560 2688 617 sas
2711 564 2767 615 in
2796 563 2884 614 die
2915 560 3155 614 celebret.

2104 659 2260 728 (Item
2282 671 2350 710 ea:
2403 653 2629 722 eodem.)
2662 652 2800 706 Item
2850 649 3140 703 decretum
3191 652 3294 714 est,
3329 650 3394 700 ut
3426 645 3732 716 unusquis-

2032 762 2143 817 que
2169 744 2464 815 presbyter
2507 742 2564 794 in
2616 740 2707 794 die
2756 755 2871 792 non
2920 736 3168 808 amplius
3217 751 3392 806 quam
3433 738 3548 788 tres
3593 733 3731 787 Mis-

2034 850 2121 886 sas
2142 833 2428 886 celebrare
2462 831 2792 899 prasumat.

2033 932 2162 986 CAP.
2193 930 2280 982 VI.
2313 959 2381 967 —
2416 929 2481 982 Ut
2532 940 2681 978 nemo
2733 923 3009 991 corporale
3051 921 3125 974 ad
3161 919 3586 988 extinguendum
3646 917 3733 973 in-

2456 996 2702 1051 cendium
2731 997 2789 1048 in
2808 997 2990 1062 ignem
3018 993 3296 1062 projiciat.

2105 1089 2212 1159 (Ea:
2270 1085 2492 1155 eodem.)
2534 1085 2918 1154 Conquestum
2950 1086 3033 1135 est
3065 1081 3238 1133 etiam
3270 1080 3326 1132 in
3361 1082 3560 1132 sancto
3587 1094 3731 1131 con-

2035 1177 2164 1232 cilio
2195 1177 2263 1230 de
2287 1174 2626 1246 quibusdam
2653 1170 3001 1226 stultissimis
3026 1168 3396 1239 presbyteris,
3415 1172 3482 1221 ut
3499 1167 3732 1238 quando

2034 1266 2363 1320 incendium
2422 1263 2671 1328 videant,
2758 1261 3052 1330 corporale
3138 1257 3435 1312 Dominico
3489 1271 3734 1325 corpore

2036 1359 2448 1417 consecratum,
2481 1351 2553 1404 ad
2604 1348 3059 1419 extinguendum
3088 1347 3423 1400 incendium
3479 1350 3732 1398 temera-

2037 1444 2121 1498 ria
2148 1441 2599 1514 prasumptione
2629 1439 2687 1492 in
2741 1439 2933 1508 ignem
2969 1435 3296 1507 projiciant.
3354 1435 3604 1504 Ideoque
3631 1433 3734 1486 de-

2037 1539 2253 1587 cretum
2303 1537 2386 1584 est
2442 1531 2546 1584 sub
2598 1526 2981 1581 anathematis
3032 1523 3460 1589 interdictione,
3529 1538 3599 1576 ne
3654 1522 3737 1574 ul-

2038 1621 2213 1676 terius
2242 1619 2359 1673 ﬁat.

1971 1700 2010 1753 Β
2041 1710 2169 1766 CAP.
2201 1710 2313 1762 Vll.
2334 1739 2400 1747 —-
2427 1711 2495 1762 De
2517 1709 2630 1772 hoc,
2659 1707 2709 1759 si
2728 1704 2834 1758 duo
2851 1704 3120 1771 inculpati
3137 1702 3428 1772 fuerintiin
3444 1699 3737 1772 adulterio,

2111 1787 2161 1835 et
2186 1795 2324 1840 unus
2351 1783 2533 1847 negat,
2568 1771 2705 1832 alter
2747 1779 3052 1844 proﬁtetur,
3097 1773 3231 1841 quid
3271 1771 3398 1825 inde
3420 1771 3739 1838 faciendum

2112 1854 2204 1906 sit.

2114 1941 2231 2007 (Ea:
2259 1938 2479 2006 eodem.)
2515 1937 2937 2004 Interrogatum
2968 1936 3072 1998 est,
3108 1931 3155 1985 si
3186 1932 3300 1985 duo
3334 1931 3394 1984 in
3451 1929 3738 1984 adulterio

2042 2027 2318 2097 inculpati
2349 2027 2572 2089 tierent,
2599 2027 2653 2076 et
2679 2039 2827 2076 unus
2863 2020 3248 2092 proﬁteretur,
3309 2024 3364 2072 et
3392 2019 3536 2072 alter
3567 2033 3743 2087 nega-

2043 2120 2148 2178 ret,
2182 2114 2321 2185 quid
2352 2113 2484 2166 inde
2517 2110 2802 2180 agendum
2855 2112 3021 2161 esset.
3078 2107 3377 2160 Decretum
3431 2109 3514 2157 est
3563 2104 3738 2156 etiam

2043 2208 2302 2258 asancto
2355 2199 2614 2265 concilio,
2674 2203 2740 2252 ut
2787 2197 2884 2250 ille
2941 2195 3041 2266 qui
3077 2193 3390 2264 negaverit,
3449 2191 3740 2263 probabili

2037 2292 2253 2364 judicio
2285 2307 2348 2344 se
2394 2291 2689 2358 eXpurget,
2732 2291 2790 2340 et
2832 2284 2934 2356 qui
2981 2282 3272 2354 professus
3313 2281 3504 2347 fuerit,
3562 2280 3739 2350 digne

2051 2377 2443 2452 panitentiam
2476 2380 2628 2445 agat.

2116 2477 2242 2531 CAP.
2269 2475 2408 2528 VIII.
2428 2503 2496 2511 —
2521 2473 2588 2526 Ut
2607 2486 2758 2524 nemo
2779 2469 3024 2537 gladium
3045 2470 3103 2522 in
3127 2468 3431 2522 Ecclesium
3450 2470 3650 2536 portet.

2119 2569 2223 2635 (Ea:
2249 2562 2475 2631 eodem.)
2513 2564 2807 2615 Decretum
2841 2565 2926 2612 est
2957 2558 3128 2612 etiam
3153 2557 3210 2610 in
3239 2558 3440 2610 eodem
3473 2554 3740 2620 concilio,

2046 2660 2111 2709 ut
2139 2669 2307 2709 nemo
2335 2652 2592 2722 gladium
2627 2650 2688 2704 in
2719 2648 3025 2703 Ecclesiam
3055 2651 3268 2718 portet,
3297 2644 3478 2715 regali
3514 2648 3744 2698 tantum

2048 2747 2305 2814 excepto.

2049 2834 2180 2888 CAP.
2213 2832 2295 2886 IX.
2329 2861 2398 2870 —-
2425 2831 2500 2885 Ne
2527 2829 2678 2882 mala
2702 2827 2967 2895 colloquia
2998 2827 3056 2878 in
3076 2825 3315 2890 ecclesia,
3361 2827 3460 2878 aut
3493 2825 3554 2876 in
3597 2824 3746 2876 atrio

2685 2900 2914 2952 ecclesia
2941 2898 3098 2964 ﬁant.

2120 2993 2235 3062 (Ea:
2261 2988 2479 3056 eodem.)
2507 2986 2721 3041 Statuit
2745 2987 2918 3039 etiam
2959 2987 3152 3036 sancta
3182 2981 3452 3052 synodus,
3486 2986 3550 3035 ut
3592 2982 3750 3036 mala

2046 3078 2397 3135 consuetudo
2431 3091 2560 3147 qua
2587 3073 2740 3145 apud
2794 3088 2993 3128 omnes
3015 3087 3161 3141 pene
3185 3069 3304 3138 jam
3335 3069 3585 3136 inolevit,
3615 3087 3746 3124 om-

2046 3171 2182 3224 nino
2216 3166 2609 3239 prohibeatur,
2629 3165 2736 3218 hoc
2757 3167 2862 3231 est,
2885 3161 3040 3232 quod
3062 3158 3348 3230 colloquia
3379 3175 3478 3212 sua
3508 3158 3568 3212 in
3598 3159 3749 3212 atrio

2049 3257 2284 3328 alicujus
2315 3253 2567 3308 ecclesiae
2599 3252 2955 3306 constituunt
2985 3248 3269 3314 habenda,
3306 3252 3362 3300 et
3413 3253 3549 3300 tunc
3587 3262 3653 3299 ea
3684 3247 3750 3301 in

2048 3347 2174 3416 ipsa
2205 3344 2453 3398 maxima
2487 3345 2750 3395 exercent
2801 3338 3059 3401 ecclesia,
3110 3336 3210 3390 ubi
3240 3337 3526 3390 orationes
3567 3341 3623 3388 et
3659 3334 3745 3389 di-

2047 3434 2180 3487 vina
2209 3437 2433 3486 tantum
2462 3429 2589 3484 ﬁeri
2619 3443 2850 3498 aqnum
2882 3431 2967 3481 est
2995 3425 3199 3479 ofﬁcia.

2050 3529 2179 3585 CAP.
2212 3530 2270 3583 Χ.
2315 3558 2384 3567 -
2424 3530 2502 3582 De
2547 3525 2862 3592 Evangelia,
2912 3525 2973 3578 1n
3009 3524 3285 3592 principio
3333 3525 3449 3576 erat
3493 3521 3750 3587 Verbum,

2119 3601 2406 3724 etbmissis
2450 3598 2851 3668 peculiaribus,
2904 3610 2970 3649 ne
3013 3596 3152 3662 ﬁant
3213 3609 3321 3648 non
3367 3595 3481 3647 suis
3540 3598 3750 3662 tempo-

2119 3687 2170 3725 ri
2210 3685 2293 3725 us.

2123 3763 2232 3826 (Eo:
2260 3757 2477 3824 eodem.)
2534 3755 2779 3820 Quidam
2827 3754 3002 3809 etiam
3051 3752 3350 3821 laicorum,
3394 3756 3450 3805 et
3499 3752 3752 3806 maxime

2051 3853 2354 3914 matrona,
2385 3847 2598 3900 habent
2625 3845 2685 3898 in
2740 3841 3176 3907 consuetudine,
3226 3857 3289 3894 ut
3338 3856 3438 3911 per
3489 3840 3752 3910 singulos

2055 3937 2177 3992 dies
2209 3935 2578 4006 Evangelium
2610 3949 2623 3987 :
2655 3934 2717 3986 In
2740 3931 3025 4002 principio
3041 3936 3163 3984 erat
3186 3929 3525 3996 Verbum,et
3547 3931 3753 3982 missas

2053 4025 2386 4096 peculiares,
2411 4024 2518 4076 hoc
2547 4027 2652 4088 est,
2679 4021 2748 4075 de
2777 4028 2972 4074 sancta
2992 4018 3286 4084 Trinitate,
3326 4021 3427 4071 aut
3454 4017 3522 4071 de
3550 4022 3750 4071 sancto

2054 4114 2322 4168 Michaele
2358 4107 2612 4184 [dicant],
2646 4114 2701 4163 et
2733 4109 2826 4163 ido
2858 4107 3138 4161 sancitum
3167 4111 3251 4159 est
3281 4106 3340 4160 in
3379 4105 3578 4159 eodem
3611 4121 3751 4159 con-

2055 4203 2208 4271 cilio,
2237 4206 2301 4254 ut
2328 4202 2434 4255 hoc
2464 4199 2699 4253 ulterius
2721 4214 2836 4252 non
2858 4195 3216 4262 ﬁat,nisisuo
3241 4201 3519 4264 tempore,
3554 4200 3611 4248 et
3637 4195 3755 4248 nisi

252 4291 379 4347 Car.
417 4288 506 4343 Ill.
542 4314 608 4326 —
637 4283 844 4349 Quibus
868 4278 1469 4360 temporibustegitima
1500 4273 1767 4330 connubia
1819 4287 1928 4342 pro-

2118 4291 2262 4360 iquis
2297 4289 2552 4342 fidelium
2600 4287 2798 4340 audire
2848 4286 2985 4338 velit
3033 4301 3136 4354 pro
3170 4284 3485 4338 reverentia
3539 4290 3754 4338 sancta

903 4349 1137 4404 hibenda
1165 4352 1292 4402 sint.

324 4439 433 4509 (Ea:
460 4435 641 4490 eodem
682 4428 948 4498 concilio.)
996 4429 1074 4482 De
1103 4427 1380 4498 legitimis
1410 4431 1606 4480 autem
1659 4421 1946 4493 conjugiis

253 4529 332 4582 ita
354 4527 537 4580 visum
574 4526 676 4589 est,
725 4519 881 4590 quod
928 4518 1119 4571 nullus
1166 4515 1522 4571 Christianus
1569 4529 1805 4567 uxorem
1845 4512 1948 4565 du-

254 4632 380 4671 cere
427 4613 629 4668 debeat
675 4610 746 4663 ab
793 4609 1037 4662 adventu
1088 4604 1335 4670 Domini,
1384 4618 1564 4673 usque
1618 4602 1680 4655 in
1725 4606 1949 4655 octavas

254 4699 604 4775 Epiphania,
648 4701 704 4751 et
733 4714 766 4750 a
807 4711 911 4750 Lxx
959 4711 1140 4764 usque
1173 4694 1232 4747 in
1289 4697 1511 4746 octavas
1546 4691 1794 4756 Pascha,
1846 4705 1951 4743 nec

255 4795 315 4847 in
352 4805 524 4860 supra
570 4785 778 4840 notatis
825 4781 1256 4855 quatuordecim
1303 4779 1506 4833 diebus
1555 4783 1687 4832 ante
1735 4777 1947 4831 festivi-

255 4888 433 4938 tatem
465 4876 644 4931 sancti
690 4873 926 4928 Joannis
977 4870 1261 4941 Baptista,
1309 4884 1498 4939 neque
1552 4867 1614 4920 in
1663 4866 1950 4938 praedictis

251 4968 605 5040 jejuniorum
637 4962 860 5027 diebus,
889 4959 1006 5012 sive
1043 4958 1102 5010 in
1151 4956 1408 5010 omnium
1464 4955 1807 5009 solemnium
1836 4953 1951 5007 die-

257 5073 385 5111 rum
409 5049 862 5125 pracedentibus
885 5045 1166 5100 noctibus.

259 5149 386 5202 CAP.
420 5144 506 5198 ιν.
543 5172 603 5182 -
633 5143 698 5196 Ut
727 5139 1009 5208 presbyter
1038 5136 1133 5202 qui
1173 5133 1488 5208 post‘galli
1518 5129 1950 5208 cantumbibat,

327 5219 438 5270 nisi
466 5201 752 5268 necessitas
789 5201 962 5276 cogat,
992 5201 1238 5274 sequenti
1281 5204 1369 5257 die
1411 5206 1634 5256 missam
1689 5201 1953 5254 celebrare

329 5303 436 5342 non
466 5287 682 5339 audeat.

329 5370 440 5438 (Ea:
471 5365 694 5431 eodem.)
746 5363 1050 5416 Decretum
1097 5359 1183 5410 est
1224 5355 1397 5408 etiam
1453 5353 1512 5406 in
1557 5351 1762 5405 eodem
1811 5366 1955 5405 con~

261 5458 414 5525 cilio,
435 5461 499 5509 ut
521 5453 819 5525 presbyter
849 5446 1056 5517 aliquis
1071 5445 1171 5517 qui
1209 5448 1339 5515 post
1368 5442 1506 5513 galli
1537 5446 1771 5520 cantum
1798 5440 1951 5494 asti-

261 5545 347 5599 vis
377 5542 638 5598 noctibus
664 5539 889 5605 bibens,
919 5533 1182 5605 proximo
1215 5531 1305 5587 die
1352 5530 1583 5586 missam
1633 5545 1748 5584 non
1805 5530 1954 5583 cele-

2053 4378 2362 4445 Trinitatis,
2398 4392 2512 4429 non
2532 4391 2636 4446 pro
2657 4375 2851 4445 aliqua
2876 4372 3226 4428 divinatione
3259 4389 3272 4426 :
3310 4377 3366 4426 et
3387 4372 3435 4425 si
3465 4372 3756 4427 voluerint

2056 4472 2121 4521 ut
2143 4467 2252 4520 sibi
2284 4465 2469 4519 missa
2501 4467 2820 4526 cantentur,
2868 4463 2936 4517 de
2967 4463 3171 4516 eodem
3203 4461 3294 4515 die
3332 4460 3569 4514 audiant
3614 4459 3753 4513 mis-

2055 4571 2160 4622 sas,
2195 4554 2282 4607 vel
2313 4569 2416 4623 pro
2449 4553 2629 4606 salute
2661 4551 2941 4612 vivorum,
2976 4555 3070 4603 aut
3095 4565 3200 4619 pro
3232 4547 3535 4603 defunctis.

2201 4652 2328 4706 CAP.
2361 4651 2446 4704 XI.
2477 4681 2541 4689 —
2564 4653 2636 4704 De
2665 4651 3060 4719 computatione
3088 4647 3600 4714 consanguinitatis.

2134 4743 2239 4808 (Ea:
2277 4739 2457 4793 eodem
2502 4740 2770 4808 concilio.)
2821 4737 3063 4801 Quidam
3109 4736 3281 4788 etiam
3321 4735 3758 4805 generationem

2057 4827 2571 4898 consanguinitatis
2617 4828 2698 4881 ita
2730 4827 2926 4881 volunt
2984 4840 3310 4891 numerare,
3357 4829 3420 4877 ut
3468 4824 3648 4878 frater
3702 4827 3761 4876 et

2061 4935 2219 4972 soror
2249 4919 2360 4970 sint
2393 4915 2582 4986 primi.
2642 4916 2755 4969 Hoc
2777 4919 2969 4968 autem
3015 4913 3214 4966 statuit
3257 4917 3450 4966 sancta
3505 4912 3759 4983 synodus

2061 5008 2206 5060 sicut
2233 5007 2405 5060 etiam
2436 5006 2507 5059 ab
2558 5004 2812 5074 antiquis
2866 5002 3127 5056 Patribus
3177 5002 3474 5057 decretum
3533 5007 3638 5068 est,
3699 5005 3760 5055 ut

2063 5095 2141 5148 ita
2170 5111 2284 5147 non
2314 5098 2522 5157 essent,
2557 5093 2654 5146 sed
2688 5098 2752 5144 ut
2779 5107 2977 5160 nepos,
3012 5097 3068 5144 et
3117 5091 3328 5161 neptis,
3363 5091 3421 5146 id
3470 5096 3573 5160 est,
3605 5089 3760 5144 ﬁlius

2061 5182 2274 5248 fratris,
2301 5197 2365 5235 ac
2394 5181 2514 5236 ﬁlia
2545 5181 2762 5234 sororis
2793 5179 2967 5250 primi
2993 5179 3334 5234 habeantur.

2063 5282 2193 5336 CAP.
2253 5281 2367 5334 XII.
2423 5309 2489 5318 —
2544 5276 2803 5348 zEdi/icia
2857 5278 3119 5330 laicorum
3174 5279 3233 5331 in
3295 5277 3441 5333 atrio
3513 5278 3764 5333 Ecclesia

2699 5364 2805 5402 non
2838 5355 3134 5417 ponantur.

2134 5439 2251 5512 (Ea:
2280 5437 2501 5510 eodem.)
2538 5439 2826 5494 Statutum
2870 5444 2956 5492 est
3003 5439 3172 5491 etiam
3233 5441 3297 5490 ut
3320 5436 3563 5491 aedilicia
3593 5437 3762 5492 laico-

2064 5545 2212 5597 rum,
2271 5544 2399 5599 qua
2455 5526 2709 5582 ecclesiis
2772 5526 3045 5596 adjuncta
3092 5529 3246 5591 sunt,
3293 5524 3650 5592 auferantur,
3707 5531 3764 5579 et
