3950 6298
214 264 342 315 1061

1465 259 1793 315 lNITIANDI
1833 257 2153 314 SYNODUM
2198 256 2460 313 MODUS.

3580 258 3713 311 1062

209 382 370 437 nulla
399 380 460 436 in
490 380 637 437 atrio
666 380 920 437 ecclesia:
960 385 1248 453 ponantur
1276 381 1386 436 nisi
1416 386 1640 437 tantum
1667 380 1900 454 presby-
1939 386 1983 438 A
2016 378 2477 451 presbyterorum
2527 379 2793 449 cuiquam
2824 378 3124 449 poenitenti
3173 379 3425 435 carinam
3457 379 3710 435 dividere

208 477 492 528 terorum.

212 562 343 616 CAP.
394 560 535 616 XIII.
584 589 653 600 —
699 560 765 615 Ut
800 559 981 613 nullus
1033 560 1204 613 laicus
1250 558 1563 628 presbytero
1614 559 1909 614 Ecclesiam

415 647 570 686 suam
599 632 923 685 commendet
948 634 1060 684 sine
1086 632 1303 684 licmtiu
1323 633 1562 699 episcopi
1593 633 1700 684 sui.

287 718 399 784 (Ea:
452 720 676 789 eodem.)
712 720 851 773 Item
910 719 1198 773 decretum
1245 726 1349 783 est,
1403 724 1463 771 ut
1492 718 1683 772 nullus
1730 717 1908 771 laico-

212 824 342 861 rum
376 807 544 861 alicui
590 809 917 878 presbytero
970 824 1130 860 suam
1161 807 1529 860 commendet
1576 806 1907 871 Ecclesium,

212 901 421 965 praeter
479 912 821 949 consensum
870 897 1148 966 episcopi,
1197 896 1297 949 sed
1338 912 1469 948 eum
1524 896 1683 965 prius
1723 896 1913 948 mittat

213 1001 316 1038 suo
347 984 636 1055 episcopo,
683 985 771 1040 vel
817 986 940 1054 ejus
972 984 1198 1051 vicario,
1252 988 1313 1036 ut
1345 984 1618 1054 probetur
1648 983 1694 1036 si
1728 983 1909 1036 scien-

209 1073 311 1138 tia,
362 1080 549 1141 astate,
585 1079 640 1127 et
687 1073 944 1127 moribus
994 1072 1123 1126 talis
1156 1073 1247 1135 sit,
1285 1078 1350 1126 ut
1379 1072 1485 1125 sibi
1517 1074 1762 1143 populus
1811 1070 1911 1124 Dei

214 1163 673 1216 commendetur.

215 1252 342 1305 Car.
392 1252 521 1306 XIV.
574 1281 641 1291 -—
690 1252 751 1306 Si
798 1251 903 1304 duo
943 1250 1009 1304 de
1072 1250 1342 1304 adulterio
1403 1250 1644 1304 accusati
1679 1250 1905 1315 fuerint,

686 1322 822 1391 quid
851 1323 976 1375 inde
999 1323 1313 1388 faciendum
1345 1322 1437 1375 sit.

288 1411 405 1482 (Ea:
438 1410 665 1481 eodem.)
697 1412 907 1465 Statuit
934 1428 1163 1481 quoque
1192 1423 1385 1464 sancta
1417 1410 1686 1481 synodus,
1717 1408 1763 1462 si
1796 1408 1909 1462 duo

220 1499 289 1555 de
339 1501 620 1554 adulterio
669 1501 915 1553 accusati
967 1501 1203 1559 fuerint,
1245 1506 1300 1553 et
1330 1500 1499 1553 ambo
1551 1497 1908 1568 negaverint,

220 1593 277 1641 et
334 1595 501 1641 orant
531 1587 638 1641 sibi
691 1588 945 1654 concedi,
988 1594 1050 1640 ut
1078 1589 1316 1641 alterum
1362 1588 1590 1641 illorum
1639 1593 1911 1656 utrosque

219 1675 411 1728 divino
443 1680 649 1747 purget
688 1635 1009 1745 judicio,,si
1054 1690 1233 1728 unum
1266 1675 1324 1727 in
1372 1674 1479 1727 hoc
1522 1635 1914 1738 decideritfut
1954 1670 1994 1724 Β
2026 1635 2149 1689 CAP"

219 1763 389 1817 ambo
417 1765 499 1816 rei
529 1764 866 1817 habeantur.

346 1851 476 1906 CAP.
504 1853 612 1906 XV.
646 1882 709 1893 —
747 1853 812 1906 Ut
842 1852 1120 1905 bannitum
1143 1852 1421 1920 jejunium
1450 1849 1517 1903 ab
1546 1849 1791 1903 omnibus

679 1923 1092 1989 diligentissime
1121 1925 1447 1977 observetur.

290 2011 399 2076 (Ea:
445 2010 669 2075 eodem.)
727 2010 1027 2063 Decretum
1078 2014 1162 2062 est
1192 2011 1386 2074 etiam,
1440 2013 1501 2061 ut
1531 2022 1731 2060 omnes
1781 2007 1911 2060 ban-

218 2098 401 2151 nitum
425 2099 735 2169 jejunium,
763 2098 822 2150 in
864 2114 1207 2168 quocunque
1250 2096 1541 2167 episcopio
1569 2095 1910 2161 celebratur,

217 2186 653 2256 diligentissime
705 2188 1024 2251 observent,
1076 2187 1207 2239 etsi
1249 2188 1377 2255 quis
1423 2185 1655 2239 illarum
1702 2200 1797 2238 vui
1831 2183 1913 2236 in-

218 2276 589 2331 terdicturum
675 2292 868 2329 rerum
953 2276 1206 2344 aliquam
1284 2274 1565 2328 redimere
1632 2272 1909 2338 voluerit,

221 2379 400 2417 unum
455 2380 768 2435 pauperem
799 2368 971 2434 prout
1017 2380 1118 2416 sua
1149 2364 1384 2416 facultas
1427 2362 1557 2430 erit,
1590 2361 1787 2416 eadem
1819 2360 1911 2415 die

217 2451 458 2505 reﬁciat.

397 2541 521 2595 CAP.
548 2541 678 2594 XVI.
704 2570 772 2581 —
802 2543 876 2594 De
905 2540 1015 2593 illis
1047 2541 1144 2606 qui
1167 2540 1392 2593 Romam
1422 2537 1559 2591 ituri
1586 2542 1728 2591 sunt.

294 2628 549 2682 Decrevit
602 2645 834 2699 quoque
891 2634 1082 2680 sancta
1142 2628 1413 2696 synodus,
1458 2632 1520 2679 ut
1559 2627 1750 2678 nullus
1802 2625 1913 2678 Ro-

219 2729 373 2767 mam
422 2720 532 2783 eat,
568 2716 679 2768 nisi
740 2732 869 2769 cum
913 2714 1143 2768 licentia
1199 2714 1284 2767 sui
1342 2713 1617 2783 episcopi,
1667 2714 1757 2766 vel
1790 2712 1913 2782 ejus

218 2801 437 2856 vicarii.

290 2891 417 2945 CAP.
451 2892 615 2948 XVII.
651 2920 723 2932 —
759 2894 825 2947 Ut
852 2893 1044 2945 carina
1070 2906 1177 2944 non
1216 2889 1501 2943 dividatur
1536 2890 1839 2958 pwnitenti.

290 2980 358 3034 Et
387 2981 525 3034 illud
555 2981 657 3034 sub
698 2981 1063 3035 anathemate
1102 2984 1456 3050 praeceptum
1491 2984 1595 3046 est,
1628 2983 1694 3032 ut
1722 2977 1914 3031 nullus

2015 472 2345 538 praesumat,
2395 466 2443 520 si
2475 465 2780 519 inﬁrmitas
2808 481 2925 518 non
2953 464 3345 520 intervenerit.

2017 572 2144 629 Cap.
2176 573 2364 629 XVIII.
2395 601 2460 611 —
2491 574 2563 627 De
2602 573 2713 626 illis
2744 574 2841 641 qui
2880 573 3251 641 paenitentiam
3276 589 3312 627 a
3336 572 3712 628 sacerdotibus

2620 645 2861 712 accipere
2900 646 3108 697 nolunt.

2088 733 2233 797 Quia
2263 732 2429 786 multi
2454 736 2614 786 tanta
2655 732 2863 785 mentis
2894 747 3011 785 suae
3044 732 3320 785 falluntur
3351 732 3610 795 stultitia,
3645 737 3709 785 ut

2016 820 2076 875 in
2119 821 2313 891 aliquo
2376 819 2607 890 capitali
2655 819 2897 873 crimine
2962 820 3258 890 inculpati,
3312 821 3710 890 paenitentiam

2018 909 2405 963 sacerdotibus
2456 908 2573 961 suis
2624 908 2883 976 accipere
2924 909 3150 973 nolunt,
3203 908 3263 961 in
3314 911 3420 963 hoc
3466 909 3709 962 maxime

2017 998 2216 1051 conﬁsi
2274 1003 2337 1050 ut
2377 999 2617 1051 Romam
2661 996 2939 1050 ‘euutibus
2986 996 3329 1067 apostolicus
3368 997 3565 1050 omnia
3603 995 3710 1050 sibi

2016 1087 2268 1140 dimittat
2312 1092 2542 1156 peccata
2572 1102 2584 1139 :
2621 1092 2815 1138 sancto
2846 1085 3031 1138 visum
3077 1089 3163 1138 est
3193 1086 3454 1153 concilio,
3491 1090 3556 1138 ut
3584 1085 3713 1139 talis

2018 1174 2377 1244 indulgentia
2421 1174 2531 1227 illis
2566 1191 2677 1227 non
2712 1175 2909 1244 prosit,
2946 1174 3039 1227 sed
3074 1173 3229 1243 prius
3270 1174 3436 1244 juxta
3472 1174 3712 1227 modum

2020 1263 2212 1318 delicti
2258 1263 2655 1331 paenitentiam
2702 1262 2811 1315 sibi
2877 1262 3069 1315 datam
3103 1279 3134 1315 a
3164 1262 3280 1315 suis
3320 1262 3713 1316 sacerdotibus

2018 1352 2375 1421 adimpleant
2422 1356 2478 1404 et
2538 1357 2671 1404 tunc
2723 1352 2965 1404 Romam
3025 1350 3107 1403 ire
3155 1350 3201 1402 si
3258 1350 3454 1416 velint,
3490 1350 3561 1404 ab
3591 1350 3715 1420 epi-

2020 1456 2193 1510 scopo
2241 1440 2473 1510 proprio
2522 1439 2832 1503 licentiam,
2877 1445 2933 1492 et
2963 1438 3179 1492 litteras
3231 1439 3303 1493 ad
3335 1440 3715 1508 apostolicum

2021 1545 2086 1583 ex
2113 1529 2317 1582 iisdem
2350 1528 2519 1583 rebus
2550 1527 2883 1581 deferendas
2914 1527 3212 1596 accipiant.

2184 1635 2314 1689 XIX.
2369 1662 2438 1674 —
2488 1635 2553 1688 Ut
2585 1636 2757 1687 omnis
2796 1635 3059 1702 paenitens
3113 1633 3242 1685 dum
3282 1635 3527 1687 carinam
3559 1648 3714 1688 suam

2292 1706 2532 1773 jejunat,
2566 1704 2631 1758 de
2658 1706 2766 1758 loco
2797 1704 2870 1758 ad
2900 1706 3067 1757 locum
3096 1719 3203 1757 non
3224 1708 3436 1771 migret.

2096 1811 2393 1865 Decretum
2443 1815 2528 1865 est
2573 1811 2745 1864 etiam
2778 1809 2839 1863 in
2870 1810 3069 1863 eodem
3123 1810 3383 1875 concilio,
3418 1814 3483 1863 ut
3528 1809 3715 1863 omnis

2022 1900 2305 1971 pcenitens
2334 1900 2471 1953 dum
2515 1899 2768 1952 carinam
2800 1914 2960 1952 suam
2989 1898 3232 1967 jejunat,
3290 1899 3358 1952 de
3389 1898 3510 1952 loco
3535 1898 3597 1951 in
3630 1899 3715 1952 lo-

2023 2005 2151 2042 cum
2184 2005 2298 2041 non
2343 1989 2568 2058 migret,
2617 1987 2714 2041 sed
2742 1987 2822 2041 ibi
2854 1992 3190 2056 permaneat
3223 1986 3318 2040 ubi
3360 2003 3522 2041 suam
3557 2003 3714 2041 acce-

2021 2077 2172 2148 perit
2198 2076 2618 2148 paenitentiam,
2651 2081 2713 2129 ut
2741 2076 3008 2145 proprius
3030 2075 3293 2128 sacerdos
3326 2074 3432 2128 sibi
3461 2074 3717 2145 praebeat

2022 2167 2414 2220 testimonium
2447 2181 2460 2218 :
2495 2164 2540 2217 si
2572 2169 2762 2217 autem
2797 2164 2907 2217 sibi
2937 2170 3174 2234 propter
3203 2164 3437 2217 hostiles
3481 2163 3716 2218 insidias

2016 2254 2280 2325 jejunare
2319 2270 2434 2308 non
2463 2254 2694 2323 poterit,
2728 2269 2865 2306 suus
2905 2253 3166 2306 sacerdos
3196 2268 3323 2305 cum
3361 2251 3715 2305 confratrum

2023 2359 2254 2397 suorum
2289 2343 2478 2407 alicui,
2528 2340 2625 2395 ubi
2652 2340 2884 2411 paciﬁca
2916 2340 3094 2410 possit
3135 2339 3419 2410 jejunare,
3464 2338 3716 2410 diligen-

2021 2431 2239 2485 tissime
2263 2430 2648 2485 commendet.

2024 2538 2151 2591 CAP.
2184 2537 2295 2592 XX.
2329 2568 2397 2577 —
2433 2539 2498 2592 Ut
2534 2537 2716 2590 nullus
2747 2535 3027 2603 presbyter
3078 2550 3400 2602 quemquam
3448 2536 3714 2604 pmniten-

2440 2613 2542 2661 tem
2574 2611 2631 2660 in
2660 2608 2935 2661 ecclesiam
2962 2606 3293 2660 introducat.

2094 2714 2157 2767 In
2188 2714 2390 2768 eodem
2438 2728 2668 2784 quoque
2700 2712 2937 2767 concilio
2985 2713 3278 2766 decretum
3310 2716 3395 2766 est
3434 2716 3499 2765 ut
3525 2711 3717 2765 nullus

2022 2802 2485 2871 presbyterorum
2537 2817 2885 2872 quemquam
2921 2800 3028 2854 nisi
3057 2801 3216 2871 jussu
3263 2800 3517 2871 episcopi
3547 2801 3720 2853 eccle-

2023 2889 2165 2942 siam
2216 2890 2577 2944 introducere
2629 2894 2958 2959 praasumat,
3018 2889 3108 2942 cui
3139 2905 3242 2959 pro
3275 2891 3469 2959 aliquo
3509 2888 3717 2943 delicto

2023 2977 2183 3031 illam
2210 2978 2437 3049 ingredi
2470 2995 2588 3033 non
2615 2980 2800 3032 liceat.

1051 3316 1538 3403 QUOMODO
1617 3316 2116 3390 INITIANDA
2194 3317 2340 3390 SIT
2416 3316 2885 3391 SYNODUS.

296 3652 444 3704 Hora
491 3649 874 3719 convenienti,
925 3649 1152 3720 quando
1204 3649 1474 3721 episcopo
1523 3650 1611 3704 vel
1661 3651 1784 3721 ejus
1827 3650 1915 3704 vi-
1954 3661 1993 3715 ρ
2027 3651 2327 3715 thuribulo,
2375 3656 2425 3706 et
2468 3667 2587 3707 cum
2634 3653 2978 3719 ceroferariis
3031 3652 3259 3721 duobus,
3295 3654 3439 3721 legat
3469 3655 3720 3723 Evange-

221 3739 373 3793 cario
428 3739 609 3793 visum
655 3738 846 3805 fuerit,
896 3754 1091 3792 omnes
1123 3739 1483 3808 expellantur
1534 3739 1602 3793 de
1655 3740 1911 3807 ecclesia,

222 3828 500 3881 obseratis
533 3827 752 3880 foribus
778 3826 1016 3893 cunctis,
1046 3828 1112 3881 ad
1140 3843 1314 3879 unam
1336 3827 1575 3896 januam
1607 3843 1711 3897 per
1741 3843 1915 3898 quam

220 3917 541 3970 sacerdotes
591 3915 817 3985 ingredi
873 3921 1099 3985 oportet
1167 3914 1387 3968 ostiarii
1449 3920 1617 3982 stent,
1668 3922 1724 3969 et
1779 3917 1918 3970 sella

218 4011 470 4074 ponatur
519 4004 578 4057 in
611 4003 821 4071 medio,
870 4008 927 4057 et
955 4019 1128 4073 super
1172 4019 1298 4056 eam
1338 4020 1512 4057 sacras
1544 4005 1829 4075 reliquias,
1862 4009 1918 4058 et

217 4093 541 4162 plenarium
595 4108 725 4145 cum
774 4092 932 4153 stola,
985 4097 1256 4161 ponatur.
1304 4092 1522 4145 Deinde
1571 4094 1916 4147 convenien-

216 4186 301 4235 tes
346 4181 666 4251 presbyteri
715 4196 915 4233 omnes
962 4180 1196 4246 intrent,
1252 4186 1309 4233 et
1336 4180 1653 4234 secundum
1684 4181 1916 4234 ordina-

218 4270 395 4323 tionis
441 4286 558 4322 suaa
588 4274 818 4340 tempus
859 4269 1168 4323 resideant.
1206 4270 1339 4322 Post
1366 4269 1472 4322 hos
1514 4270 1918 4339 ingrediantur

216 4358 442 4413 diaconi
473 4357 819 4428 probabiles,
873 4373 1016 4430 quos
1057 4358 1199 4411 ordo
1247 4358 1578 4428 poposcerit
1615 4357 1913 4412 interesse.

220 4447 430 4501 Exinde
494 4446 933 4501 introducantur
999 4446 1130 4501 laici
1197 4446 1367 4501 bona
1444 4446 1913 4501 conversationis.

217 4536 375 4589 Tunc
427 4534 785 4605 ingrediatur
831 4535 1151 4605 episcopus,
1203 4534 1250 4587 si
1280 4534 1543 4601 voluerit,
1589 4534 1678 4587 vel
1710 4534 1757 4587 si
1810 4550 1916 4588 ne-

219 4624 448 4679 cessitas
499 4624 771 4694 exegerit,
823 4628 878 4677 et
925 4624 975 4677 si
1024 4640 1142 4677 non
1193 4624 1378 4678 aderit
1413 4624 1740 4694 episcopus,
1793 4623 1915 4694 ejus

217 4713 463 4767 vicarius
496 4713 696 4767 eadem
733 4712 919 4766 faciat.

288 4802 560 4869 Synodum
610 4803 920 4869 ingrediens
951 4802 1067 4870 ipse
1096 4800 1177 4853 vel
1205 4800 1323 4868 ejus
1368 4802 1627 4864 vicarius,
1680 4802 1915 4870 primum

216 4892 414 4946 salutet
443 4893 641 4945 clerum
670 4897 720 4944 et
765 4893 1049 4961 populum,
1081 4894 1131 4943 et
1175 4904 1361 4943 versus
1409 4891 1469 4943 in
1497 4892 1756 4944 orientem
1803 4905 1911 4943 me-

218 4979 395 5034 diocri
421 4996 549 5034 voce.
579 4980 728 5033 dicta
761 4996 773 5034 :

290 5070 436 5123 Deus
489 5070 797 5123 humilium
848 5068 1127 5134 visitator,
1179 5066 1279 5139 qui
1320 5084 1425 5121 nos
1471 5067 1725 5121 fraterna
1773 5066 1917 5123 dile-

218 5158 405 5212 ctione
437 5159 769 5225 consolaris,
804 5160 1097 5228 praetende
1142 5158 1397 5212 societati
1430 5162 1634 5211 nostrae
1672 5157 1918 5228 gratiam

218 5252 397 5312 tuam,
432 5254 494 5302 ut
527 5264 629 5319 per
676 5264 772 5301 eos
819 5248 878 5300 in
911 5247 1117 5318 quibus
1150 5238 1392 5314 habitas,
1445 5251 1612 5300 tuum
1661 5248 1719 5299 in
1754 5246 1919 5299 nobis

220 5338 535 5391 sentiamus
568 5337 892 5391 adventum.
945 5339 1051 5391 Per
1084 5337 1392 5391 Dominum
1436 5342 1697 5390 nostrum
1726 5335 1920 5389 lesum

220 5425 525 5481 Christum.

296 5517 438 5571 Tunc
486 5516 779 5586 procedens
836 5516 1095 5571 diaconus
1146 5531 1266 5571 cum
1321 5515 1649 5571 subdiacono
1699 5518 1750 5569 et
1798 5529 1919 5569 cum

2027 3741 2159 3794 lium
2192 3756 2207 3793 :

2099 3830 2239 3883 Cum
2289 3833 2439 3883 esset
2469 3844 2595 3883 sero
2645 3827 2736 3882 die
2783 3827 2881 3882 illo
2914 3844 3029 3882 una
3055 3828 3432 3885 Sabbatorum
3483 3836 3541 3886 et
3568 3830 3720 3885 fores

2028 3923 2222 3971 essent
2251 3918 2478 3972 clausas.

2098 4006 2298 4060 Deinde
2330 4007 2478 4060 dicat
2504 4008 2753 4074 ponti/ea:
2780 4006 2862 4060 vel
2890 4007 3007 4075 ejus
3032 4009 3271 4061 vicarius
3300 4024 3313 4061 :

2099 4096 2301 4149 Sancta
2346 4094 2538 4161 Maria,
2596 4102 2651 4148 et
2680 4111 2881 4148 omnes
2922 4095 3122 4154 sancti,
3178 4101 3233 4149 et
3261 4096 3425 4149 electi
3472 4097 3591 4161 Dei,
3625 4096 3722 4151 iu-

2026 4184 2301 4236 tercedite
2327 4200 2431 4253 pro
2465 4184 2628 4236 nobis
2662 4184 3056 4253 peccatoribus
3083 4185 3150 4237 ad
3186 4184 3495 4239 Dominum
3542 4188 3722 4241 Deum

2026 4277 2308 4340 nostrum,
2368 4277 2434 4325 ut
2472 4288 2797 4325 mereamur
2826 4273 2897 4326 ab
2946 4288 3013 4326 eo
3058 4271 3335 4343 adjuvari,
3371 4279 3430 4329 et
3475 4275 3719 4346 protegi,

2029 4365 2087 4414 et
2117 4358 2323 4412 sanari.
2355 4359 2461 4423 Qui
2492 4359 2631 4413 vivit
2658 4365 2714 4413 et
2741 4364 2945 4431 regnat
2977 4360 3037 4413 in
3067 4362 3290 4415 secula.

2096 4448 2439 4502 Postmodum
2467 4448 2678 4503 duabus
2716 4450 2922 4503 vicibus
2952 4448 3101 4503 dicat
3132 4467 3149 4502 :

2098 4536 2269 4603 Deus,
2300 4537 2357 4590 in
2389 4537 2741 4607 adjutorium
2773 4554 2966 4592 meum
2998 4538 3253 4592 intende.

2098 4626 2357 4694 Domine,
2390 4626 2460 4680 ad
2495 4626 2882 4696 adjuvandum
2911 4641 3001 4679 me
3031 4625 3257 4682 festina.

2101 4715 2245 4767 Tunc
2277 4717 2432 4767 tertio
2460 4716 2658 4767 iterum
2686 4714 2835 4769 dicat
2862 4732 2879 4768 :

2098 4802 2265 4869 Deus,
2294 4801 2353 4854 in
2385 4802 2737 4871 adjutorium
2770 4818 2966 4857 meum
2998 4801 3252 4857 intende.

2096 4891 2244 4947 Clero
2273 4892 2626 4959 respondente
2655 4910 2671 4947 :

1953 4960 1995 5013 Ῑ)
2102 4980 2364 5047 Domine,
2412 4980 2481 5034 ad
2516 4978 2901 5050 adjuvandum
2955 4995 3045 5034 me
3088 4980 3314 5044 festina,
3370 4996 3489 5035 cum
3531 4982 3723 5039 Gloria

2027 5069 2200 5136 Patri,
2234 5073 2285 5123 et
2329 5069 2500 5139 Kyrie
2531 5068 2766 5135 eleison,
2798 5074 2847 5123 et
2874 5068 3043 5123 Pater
3072 5076 3285 5137 noster,
3319 5085 3438 5124 cum
3466 5072 3724 5140 precibus

2026 5160 2150 5212 istis
2186 5173 2200 5212 :

2099 5247 2360 5315 Domine,
2392 5263 2464 5302 ne
2494 5245 2828 5302 memineris
2852 5245 3225 5318 iniquitatum
3257 5252 3584 5303 nostrarum
3615 5266 3724 5304 an-

2028 5336 2342 5408 tiquarum.
2982 5324 2989 5341 ’

2098 5426 2320 5497 Adjuva
2346 5442 2467 5491 nos,
2504 5426 2671 5491 Deus,
2706 5424 2970 5480 salutaris
3003 5430 3215 5481 noster.

2102 5515 2233 5568 Esto
2259 5515 2447 5581 nobis,
2476 5515 2738 5583 Domine,
2766 5516 2939 5570 turris
2966 5515 3341 5571 fortitudinis.
