3950 6326
227 308 362 361 1063

297 428 558 495 Domine,
588 427 791 482 exaudi
819 427 1142 482 orationem
1167 442 1379 481 meam.

294 519 573 572 Dominus
607 517 919 571 vobiscum.

294 607 534 661 Oremus.
567 605 779 659 Exaudi
810 621 937 672 nos,
975 605 1143 670 Deus,
1175 604 1439 658 salutaris
1468 608 1677 670 noster,
1710 608 1766 656 et
1795 603 1915 656 dies

227 701 446 749 nostros
493 695 554 748 in
587 701 685 747 tua
713 710 851 763 pace
895 694 1152 762 dispone,
1188 699 1251 746 ut
1288 710 1321 745 a
1349 693 1568 746 cunctis
1614 692 1914 762 perturba-

226 784 478 838 tionibus
509 783 757 851 liberati,
791 782 1096 852 tranquilla
1119 781 1220 834 tibi
1247 782 1518 835 servitute
1544 781 1911 836 famulemur.

227 875 332 927 Per
363 872 672 926 Dominum
704 879 964 924 nostrum
991 872 1181 924 Jesum
1215 870 1522 924 Christum.

294 961 497 1015 Deinde
537 975 640 1030 pro
704 961 970 1012 universis
1023 958 1328 1022 ordinibus,
1387 973 1589 1012 necnon
1624 973 1726 1027 pro
1765 962 1915 1011 statu

220 1065 400 1117 papa,
432 1053 482 1102 et
511 1050 777 1102 antistitis
798 1046 1037 1115 ejusdem
1059 1046 1223 1114 sedis,
1255 1047 1441 1100 dicant
1470 1049 1600 1101 istos
1626 1048 1864 1116 psalmos
1895 1065 1911 1099 :

292 1138 551 1190 Miserere
597 1136 729 1201 mei,
783 1137 950 1200 Deus,
1007 1137 1321 1189 secundum
1371 1151 1643 1206 magnam
1692 1135 1914 1190 miseri—-

223 1225 475 1278 cordiam
505 1232 679 1278 tuam.

291 1314 462 1380 Deus,
495 1313 555 1365 in
583 1311 815 1366 nomine
846 1316 946 1364 tuo
979 1311 1198 1366 salvum
1229 1327 1321 1365 me
1354 1311 1461 1366 fac.

290 1402 550 1457 Miserere
580 1400 711 1466 mei,
744 1401 912 1466 Deus,
945 1399 1217 1454 miserere
1244 1400 1376 1454 mei.

291 1490 439 1543 Deus
472 1488 810 1542 misereatur
842 1487 1038 1542 nostri.

290 1579 354 1632 Et
383 1579 550 1632 Pater
579 1583 790 1644 noster,
823 1591 954 1629 cum
987 1575 1269 1646 precibus.

289 1666 622 1721 Sacerdotes
653 1665 738 1717 tui
768 1665 1078 1718 induantur
1100 1664 1340 1733 justitia.

291 1756 570 1809 Memento
599 1752 1056 1823 congregationis
1088 1759 1221 1806 tuas.

290 1843 483 1898 Salvos
512 1842 598 1897 fac
623 1859 750 1909 nos,
786 1841 1024 1895 Domine
1059 1842 1205 1894 Deus
1238 1845 1450 1895 noster.

293 1934 362 1988 Ut
387 1932 764 1986 conﬁteamur
786 1931 1006 1984 nomini
1037 1935 1230 1983 sancto
1259 1935 1380 1983 tuo.

290 2020 657 2091 Adjutorium
693 2023 953 2073 nostrum
985 2019 1044 2071 in
1073 2018 1306 2071 nomine
1340 2016 1590 2072 Domini.

291 2109 552 2176 Domine,
588 2107 789 2162 exaudi
824 2107 1142 2161 orationem
1170 2122 1378 2161 meam.

290 2199 569 2251 Dominus
599 2197 910 2250 vobiscum.

290 2287 531 2342 Oremus.
578 2285 955 2354 Omnipotens
997 2284 1344 2354 sempiterne
1380 2281 1544 2351 Deus,
1592 2283 1755 2353 cujus
1787 2283 1910 2354 spi-

219 2374 331 2429 ritu
377 2379 564 2428 totum
595 2389 802 2443 corpus
851 2372 1111 2425 Ecclesiae
1144 2370 1534 2425 sanctiﬁcatur
1575 2377 1633 2425 et
1671 2371 1908 2442 regitur,

219 2463 422 2518 exaudi
471 2479 576 2516 nos
619 2477 723 2531 pro
759 2459 1035 2514 universis
1064 2459 1365 2514 ordinibus
1407 2459 1816 2530 supplicantes,
1849 2464 1914 2514 ut

219 2553 417 2622 gratiae
447 2557 559 2604 tuae
591 2565 849 2614 munere,
885 2549 952 2602 ab
989 2548 1255 2602 omnibus
1285 2547 1390 2602 tibi
1420 2547 1696 2619 gradibus
1726 2547 1914 2603 ﬁdeli—

217 2645 304 2694 ter
333 2639 628 2694 serviatur.
667 2640 772 2692 Per
797 2637 1124 2692 Dominum.

291 2728 490 2784 Deinde
517 2727 666 2781 dicat
701 2745 717 2781 :
1696 2773 1700 2779 .

290 2819 458 2880 Deus,
493 2816 752 2870 omnium
784 2815 1036 2869 ﬁdelium
1075 2817 1269 2884 pastor
1297 2817 1355 2866 et
1386 2815 1589 2874 rector,
1626 2811 1910 2867 famulum

220 2911 381 2961 tuum
415 2921 586 2976 quem
620 2911 905 2974 pastorem
944 2903 1200 2957 Ecclesiae
1234 2907 1346 2955 tuas
1377 2917 1622 2970 praeesse
1653 2901 1910 2967 voluisti,

1479 286 1808 361 INITIANDI
1833 287 2171 360 'SYNODUM
2213 302 2463 360 nonus.

1953 431 1996 483 Α
2028 442 2184 480 sonas
2210 427 2562 495 corrumpat,
2597 424 2692 478 sed
2725 423 2907 495 junge
2943 439 3049 478 nos
3076 423 3181 479 tibi
3212 423 3519 480 efﬁcaciter
3549 428 3730 482 solius

3597 308 3732 360 1064

2025 521 2137 569 tua:
2168 515 2380 586 gratiae
2416 516 2586 578 dono,
2642 520 2705 567 ut
2736 513 2915 567 simus
2948 513 3008 566 in
3051 520 3106 568 te
3140 530 3341 581 unum,
3375 523 3432 568 et
3477 515 3537 570 in
3570 518 3729 569 nullo

2026 603 2320 658 deviemus
2351 621 2382 657 a
2428 619 2561 657 vero
2597 619 2609 656 :
2645 608 2927 673 quatenus
2969 602 3030 656 in
3071 603 3306 656 nomine
3339 611 3436 658 tuo
3481 605 3725 672 collecti,

2025 692 2104 746 sic
2157 693 2217 746 in
2263 693 2479 746 cunctis
2522 699 2822 746 teneamus
2873 707 3004 746 cum
3051 692 3443 746 moderamine
3499 693 3727 764 pietatis

2021 779 2326 850 justitiam,
2363 787 2424 835 ut
2456 786 2512 834 et
2551 781 2643 834 hic
2672 798 2704 834 a
2733 785 2785 833 te
2817 780 2876 833 in
2910 780 3068 833 nullo
3117 781 3412 834 dissentiat
3445 783 3725 835 sententia

2030 873 2239 939 mnstra,
2291 875 2347 922 et
2389 869 2446 922 in
2494 869 2689 922 futuro
2740 885 2844 938 pro
2889 869 3036 923 bene
3083 869 3258 939 gestis
3305 886 3722 941 consequamur

2025 957 2265 1027 praemia
2297 958 2666 1027 sempiterna.
2700 958 2826 1010 Per.

2100 1049 2249 1100 Tunc
2295 1045 2554 1099 diaconus
2602 1045 2838 1099 codicem
2870 1061 3134 1099 canonum
3175 1049 3234 1099 in
3276 1047 3514 1101 medium
3537 1050 3719 1118 profe-

2021 1149 2145 1186 rens
2187 1135 2429 1202 capitula
2461 1134 2526 1187 de
2570 1135 2832 1187 Conciliis
2877 1134 3101 1200 agendis
3146 1138 3479 1202 pronuntiet,
3521 1136 3583 1189 id
3618 1144 3716 1203 est,

2023 1237 2090 1275 ere
2121 1223 2345 1276 concilio
2400 1223 2672 1276 Toletano.
2721 1223 3032 1291 Finitisque
3082 1223 3280 1288 titulis,
3312 1227 3363 1276 et
3406 1226 3613 1278 cunctis
3661 1227 3720 1278 in

2021 1310 2211 1364 ordine
2257 1310 2565 1363 sedentibus
2614 1311 2722 1364 hac
2761 1311 3060 1364 admonitio
3099 1311 3167 1364 ab
3213 1314 3479 1381 episcopo,
3531 1313 3634 1378 vel,
3667 1316 3720 1366 si

2021 1399 2269 1464 voluerit,
2306 1414 2341 1451 a
2362 1399 2587 1452 diacono
2620 1400 2833 1466 legatur
2861 1416 2874 1452 :

2091 1486 2252 1552 Ecce,
2286 1486 2628 1540 sanctissimi
2674 1487 2897 1550 fratres,
2931 1486 3243 1557 praemissis
3295 1488 3411 1541 Deo
3456 1489 3721 1557 precibus

2021 1573 2443 1630 fraternitatem
2491 1581 2735 1628 vestram
2785 1591 2913 1630 cum
2945 1575 3041 1646 pia
3069 1576 3464 1630 exhortatione
3511 1593 3724 1630 conve-

2025 1663 2142 1729 nio,
2184 1669 2242 1717 et
2271 1678 2376 1734 per
2423 1663 2686 1717 divinum
2737 1679 2950 1718 nomen
3003 1664 3273 1728 obtestor,
3309 1669 3370 1718 ut
3425 1681 3493 1718 ea
3530 1681 3658 1736 quae
3690 1683 3724 1721 α

2027 1751 2196 1806 nobis
2227 1752 2296 1805 de
2344 1753 2477 1819 Deo,
2520 1757 2577 1806 et
2623 1752 2794 1805 sacris
2827 1752 3147 1820 ordinibus,
3178 1753 3264 1806 vel
3307 1753 3514 1806 nostris
3547 1754 3722 1808 mori-

2026 1841 2133 1895 bus
2161 1840 2320 1894 vobis
2353 1840 2568 1894 fuerint
2609 1841 2776 1908 dicta,
2825 1857 2953 1894 cum
2986 1857 3213 1894 summa
3243 1842 3563 1896 reverentia
3591 1859 3721 1913 per-

2026 1927 2198 1982 ﬁcere
2244 1928 2574 1983 intendatis.
2628 1928 2788 1992 Quod
2840 1929 2887 1982 si
2918 1929 3156 1982 forsitan
3203 1929 3411 2000 aliquis
3458 1936 3722 1985 nostrum

2026 2015 2193 2069 aliter
2235 2031 2408 2086 quam
2442 2016 2590 2070 dicta
2635 2017 2867 2083 fuerint,
2901 2017 3140 2072 senserit
3170 2019 3294 2071 sine
3325 2019 3518 2087 aliquo
3564 2035 3720 2072 scru-

1988 2104 2162 2174 'pulo
2217 2104 2620 2170 contentionis,
2663 2103 2722 2158 in
2757 2110 3020 2159 nostrum
3052 2106 3312 2160 omnium
3359 2107 3723 2177 copulatione

2023 2209 2091 2246 ea
2121 2192 2241 2263 ipse
2294 2194 2364 2247 de
2396 2193 2606 2263 quibus
2651 2193 2999 2248 dubitaverit
3046 2195 3397 2249 conferenda
3439 2196 3718 2250 reducat:

2025 2282 2292 2351 qualiter,
2330 2283 2443 2335 Deo
2470 2281 2785 2350 mediante,
2819 2289 2918 2336 aut
2945 2282 3136 2336 doceri
3164 2285 3359 2353 possit,
3381 2290 3481 2338 aut
3503 2285 3720 2339 doceat.

2026 2369 2241 2424 Deinde
2273 2387 2370 2424 vos
2409 2370 2584 2424 simili
2618 2371 2996 2425 obtestatione
3027 2373 3287 2442 conjuro,
3322 2378 3382 2426 ut
3414 2375 3600 2428 nullus
3631 2390 3723 2428 ve-

2023 2463 2206 2512 strum
2237 2457 2296 2511 in
2321 2459 2659 2528 judicando,
2692 2465 2790 2513 aut
2820 2476 3122 2530 personam
3155 2460 3414 2531 accipiat,
3449 2466 3549 2515 aut
3579 2479 3724 2532 quo-

2023 2546 2164 2601 libet
2192 2547 2400 2610 favore,
2434 2553 2533 2602 aut
2565 2564 2802 2603 munere
2833 2551 3092 2619 pulsatus
3123 2566 3154 2602 a
3179 2551 3411 2603 veritate
3443 2551 3720 2605 discedat.

2023 2634 2132 2689 Sed
2163 2651 2291 2689 cum
2324 2642 2482 2690 tanta
2507 2637 2719 2707 pietate
2751 2637 3030 2708 quidquid
3061 2638 3230 2692 coetui
3259 2655 3318 2692 se
3341 2638 3723 2708 judicandum

2022 2723 2284 2778 intulerit
2328 2731 2652 2792 retractate,
2701 2732 2764 2779 ut
2796 2742 2902 2780 nec
2939 2726 3268 2780 discordans
3305 2728 3595 2781 contentio
3644 2729 3720 2782 ad

2023 2812 2451 2867 subversionem
2487 2813 2730 2883 justitim
2770 2814 2920 2868 inter
2947 2831 3050 2868 nos
3081 2815 3267 2868 locum
3298 2815 3576 2880 inveniat,
3613 2833 3722 2872 nec

2022 2901 2229 2955 iterum
2271 2903 2330 2956 in
2356 2903 2744 2973 perquirenda
2774 2904 3048 2974 (equitate
3077 2903 3241 2974 vigor
3270 2903 3452 2958 nostri
3478 2903 3718 2971 ordinis,

220 2994 502 3064 propitius
526 2994 761 3062 respice,
793 2992 864 3044 da
893 2991 964 3054 ei,
990 3006 1340 3060 quaesumus,
1368 2991 1539 3042 verbo
1570 2995 1626 3042 et
1647 2989 1909 3058 exemplo
1948 2995 1986 3049 C
2020 2991 2106 3044 vel
2139 2991 2499 3045 sollicitando
2529 2998 2795 3061 tepescat.

220 3082 429 3152 quibus
461 3081 650 3151 presit
680 3081 975 3150 proiicere,
1027 3086 1087 3133 ut
1120 3079 1188 3132 ad
1220 3078 1396 3131 vitam
1427 3094 1541 3130 una
1577 3093 1706 3131 cum
1736 3094 1909 3148 grege

218 3170 325 3224 sibi
371 3170 583 3222 credito
618 3168 913 3238 perveniat
962 3168 1391 3237 sempiternam.
1447 3168 1551 3220 Per
1602 3167 1910 3221 Dominum

218 3263 474 3313 nostrum
509 3258 698 3311 .lesum
731 3257 1018 3311 Christum
1053 3254 1258 3309 Filium
1290 3261 1476 3309 tuum.

288 3348 390 3402 His
439 3347 668 3416 expletis
717 3350 914 3414 septem
962 3345 1205 3399 Psalmos
1254 3346 1580 3414 pwnitentia:
1607 3344 1906 3399 decantent.

219 3436 348 3491 Cum
375 3435 546 3505 Kyrie
581 3435 814 3501 eleison,
844 3441 892 3487 et
913 3435 1078 3487 Pater
1108 3439 1320 3498 noster,
1343 3449 1460 3488 cum
1476 3434 1730 3503 precibus
1751 3436 1905 3489 istis:

290 3525 406 3595 Ego
435 3524 569 3590 dixi,
609 3523 868 3587 Domine,
904 3523 1174 3576 miserere
1206 3523 1338 3576 mei.

290 3614 650 3687 Convertere,
688 3612 951 3687 Domine,
988 3627 1311 3681 usquequo.

290 3701 412 3755 Fiat
439 3685 828 3754 miseri—cordia
857 3706 977 3766 tua,
1011 3700 1272 3765 Domine,
1303 3715 1476 3769 super
1499 3715 1622 3752 nos.

292 3791 555 3857 Domine,
589 3789 791 3842 exaudi
823 3791 1144 3842 orationem
1175 3804 1383 3842 meam.

292 3878 566 3934 Dominus
591 3876 902 3930 vobiscum.

292 3968 532 4024 Oremus.
568 3964 697 4018 Dies
735 3970 980 4030 nostros,
1023 3979 1375 4034 quaesumus,
1421 3961 1678 4028 Domine,
1719 3961 1909 4030 placa-

218 4063 310 4112 tus
340 4055 594 4120 intende,
651 4054 982 4124 pariterque
1037 4069 1162 4119 nos,
1212 4058 1268 4106 et
1305 4069 1338 4106 a
1390 4053 1633 4122 peccatis
1681 4052 1908 4105 absolve

217 4146 520 4217 propitius,
555 4149 611 4198 et
636 4161 665 4196 a
709 4143 926 4197 cunctis
975 4145 1132 4212 eripe
1162 4142 1446 4212 benignus
1500 4140 1770 4196 adversis.
1804 4141 1910 4194 Per

219 4234 546 4290 Dominum.

286 4324 412 4378 Post
456 4321 563 4374 hac
608 4334 731 4372 vero
777 4317 1130 4386 egrediantur
1157 4332 1356 4385 omnes,
1405 4320 1642 4387 exceptis
1679 4317 1907 4386 presby-

219 4413 370 4475 teris,
409 4414 460 4463 et
489 4409 692 4464 caeteris
720 4407 926 4461 idoneis
952 4408 1180 4473 clericis,
1212 4409 1467 4474 factoque
1507 4408 1744 4473 silentio,
1769 4421 1912 4475 pon-

222 4501 382 4564 tifem,
413 4497 498 4551 vel
527 4497 644 4566 ejus
665 4497 930 4563 vicarius,
953 4495 1104 4550 dicat
1128 4498 1264 4550 hanc
1295 4497 1599 4550 orationem
1631 4511 1644 4549 :

293 4586 569 4641 Dominus
593 4585 906 4639 vobiscum.

288 4676 530 4731 Oremus.
562 4673 771 4728 Adesto
813 4674 1000 4741 nobis,
1042 4688 1394 4744 quaesumus,
1431 4672 1674 4726 Domine
1720 4675 1912 4726 sancte

217 4764 483 4832 Spiritus,
515 4763 734 4832 peccati
764 4763 996 4832 quidem
1029 4761 1389 4816 immanitate
1421 4761 1687 4828 detentis,
1721 4762 1814 4816 sed
1849 4761 1910 4816 in

216 4852 450 4907 nomine
484 4857 582 4904 tuo
632 4851 951 4920 specialiter
995 4849 1339 4920 aggregatis,
1394 4849 1520 4902 veni
1573 4849 1646 4903 ad
1698 4865 1820 4916 nos,
1855 4853 1910 4904 et

216 4941 455 5012 dignare
489 4939 648 4993 illabi
693 4939 957 4993 cordibus
999 4937 1229 5005 nostris,
1272 4938 1409 4992 doce
1456 4954 1560 4991 nos
1590 4937 1728 5008 quid
1774 4953 1907 5006 aga-

214 5045 362 5097 mus,
399 5046 512 5100 quo
557 5028 891 5098 gradiamur
932 5027 1186 5089 ostende,
1238 5027 1373 5097 quid
1422 5027 1735 5080 efﬁciamus
1766 5041 1906 5096 ope-

214 5135 361 5186 rare,
395 5123 514 5171 esto
544 5119 716 5182 salus,
767 5121 823 5170 et
853 5121 1178 5186 suggestor,
1214 5121 1270 5168 et
1302 5114 1536 5168 effector
1557 5114 1902 5183 judiciorum

210 5213 564 5272 nostrorum,
621 5207 718 5277 qui
749 5206 904 5260 solus
947 5221 1076 5258 cum
1115 5206 1227 5258 Deo
1273 5205 1460 5270 Patre,
1521 5209 1578 5257 et
1609 5205 1732 5274 ejus
1765 5203 1906 5257 Filio

213 5313 428 5350 nomen
459 5295 714 5366 possides
740 5294 1055 5365 gloriosum
1097 5309 1108 5346 :
1142 5308 1256 5345 non
1288 5309 1389 5345 nos
1416 5292 1648 5362 patiaris
1676 5295 1906 5362 pertur-

210 5385 434 5440 batores
471 5385 706 5455 justitiae
755 5400 899 5450 esse,
949 5381 1048 5453 qui
1112 5397 1353 5434 summae
1393 5381 1647 5434 veritatis
1714 5380 1906 5451 diligis

211 5475 560 5544 aequitatem,
588 5478 652 5528 ut
672 5475 731 5528 in
754 5471 1050 5526 sinistrum
1072 5487 1172 5525 nos
1205 5486 1320 5525 non
1344 5469 1670 5541 ignorantia
1695 5469 1899 5538 trahat,

209 5578 332 5616 non
357 5563 519 5616 favor
564 5561 840 5626 inﬂectat,
890 5576 1006 5614 non
1036 5559 1288 5630 acceptio
1340 5557 1604 5614 muneris
1637 5558 1725 5614 vel
1771 5574 1900 5629 per-

2088 3080 2210 3133 Post
2258 3081 2396 3134 hanc
2446 3082 2872 3135 exhortationem
2921 3082 3172 3148 quisquis
3221 3082 3536 3135 clericorum
3585 3083 3720 3135 velit

2018 3169 2264 3232 conferat
2326 3170 2616 3237 querelam.
2675 3171 2745 3223 Et
2785 3169 3114 3222 admonendi
3162 3175 3288 3223 sunt
3335 3179 3392 3223 ut
3422 3170 3603 3223 nullus
3644 3170 3722 3223 ad

2018 3254 2284 3322 synodum
2332 3259 2512 3310 veniat
2543 3271 2648 3310 non
2688 3257 2937 3325 jejunus,
2967 3258 3114 3310 vela
3153 3264 3285 3312 cwtu
3331 3260 3599 3312 communi
3636 3273 3716 3312 se-

2018 3340 2173 3395 cedat
2227 3349 2518 3412 antequam
2579 3345 2844 3410 generalis
2912 3347 3137 3399 secessio
3183 3345 3458 3400 adveniat.
3515 3348 3586 3400 Et
3640 3348 3720 3400 sic

2019 3445 2227 3498 quoque
2250 3431 2491 3499 synodus
2513 3434 2681 3500 primi
2709 3432 2820 3486 diei
2847 3433 3110 3486 solvatur.

2089 3518 2347 3573 Secunda
2400 3519 2515 3587 die,
2547 3521 2776 3590 quando
2818 3521 3139 3590 episcopus,
3183 3522 3270 3575 vel
3323 3521 3444 3592 ejus
3477 3521 3722 3575 vicarius

2018 3607 2302 3677 synodum
2334 3608 2677 3677 ingreditur,
2707 3610 2768 3663 in
2799 3610 2920 3664 loco
2952 3626 3055 3664 suo
3086 3615 3240 3664 stans
3271 3610 3420 3665 dicat
3447 3626 3460 3664 :

2091 3697 2372 3750 Dominus
2399 3697 2718 3752 vobiscum.

2089 3784 2328 3840 Oremus.
2367 3786 2536 3852 Deus,
2583 3786 2683 3856 qui
2713 3785 2877 3840 nobis
2908 3787 2968 3840 in
3008 3785 3239 3841 famulis
3270 3785 3355 3841 tui
3399 3789 3726 3856 praesentiae

2024 3878 2133 3927 tuae
2163 3874 2326 3944 signa
2356 3875 2706 3944 manifestas,
2748 3876 2910 3929 mitte
2953 3891 3128 3946 super
3163 3892 3262 3929 nos
3293 3876 3558 3946 spiritum
3591 3878 3725 3932 cha-

2017 3961 2228 4029 ritatis,
2280 3963 2434 4016 utin
2481 3962 2728 4017 adventu
2771 3963 3013 4017 fratrum
3058 3980 3582 4036 conservorumque
3616 3982 3726 4020 no-

2018 4055 2265 4104 strorum
2321 4050 2507 4120 gratia
2552 4050 2717 4104 nobis
2748 4059 2859 4105 tua;
2904 4051 3184 4122 largitatis
3229 4059 3526 4124 augeatur.
3577 4056 3707 4111 Per.

2087 4140 2278 4193 Postea
2309 4140 2520 4206 legatur
2549 4142 2908 4212 Evangelium
2939 4144 3020 4196 ita
3050 4148 3112 4196 ut
3140 4144 3200 4196 in
3227 4146 3406 4211 priori
3429 4143 3536 4198 die.

2095 4227 2419 4297 Designavit
2449 4227 2724 4282 Dominus
2755 4234 2812 4282 et
2845 4230 2983 4284 alios
3013 4232 3379 4301 septuaginta
3408 4231 3570 4285 duos.

2093 4316 2294 4370 Deinde
2341 4315 2492 4370 dicat
2552 4319 2852 4387 episcopus,
2918 4320 3002 4374 vel
3063 4323 3176 4390 ejus
3229 4322 3496 4388 vicarius,
3536 4324 3723 4390 preces

2023 4406 2161 4458 sicut
2184 4407 2243 4458 in
2267 4407 2446 4474 priori
2477 4406 2582 4460 die.

2093 4494 2294 4548 Sancta
2322 4494 2515 4562 Maria,
2547 4501 2604 4549 et
2629 4511 2828 4550 omnes
2858 4497 3058 4564 sancti,
3092 4501 3148 4552 et
3172 4497 3250 4550 sic
3275 4502 3500 4551 caetera.

2097 4584 2241 4637 Tunc
2294 4599 2471 4640 omnes
2522 4588 2792 4653 prostrati
2841 4586 3121 4641 decantent
3172 4587 3409 4655 psalmos
3459 4589 3591 4640 istos
3617 4601 3723 4655 pro

2019 4674 2167 4740 regis
2195 4675 2389 4739 nostri,
2421 4678 2472 4727 et
2513 4675 2750 4730 aliorum
2778 4678 2866 4729 sui
2894 4677 3050 4742 regni
3088 4677 3392 4744 primatum
3438 4677 3716 4743 sospitate.

2092 4761 2355 4828 Domine,
2385 4763 2522 4832 quid
2555 4763 2923 4834 multiplicati
2954 4769 3086 4818 sunt
3112 4765 3211 4835 qui
3241 4764 3609 4818 tribulantur.

2093 4851 2373 4905 Exaudiat
2401 4858 2458 4905 te
2493 4853 2767 4906 Dominus
2797 4853 2856 4906 in
2889 4853 2980 4907 die
3007 4853 3414 4907 tribulationis.

2097 4941 2259 5001 Deus,
2289 4941 2522 4995 auribus
2552 4943 2762 4995 nostris
2794 4942 3138 4996 audivimus.

2091 5030 2222 5084 Cum
2273 5029 2441 5100 Kyrie
2473 5030 2707 5100 eleison,
2754 5036 2804 5084 et
2833 5032 3000 5085 Pater
3048 5035 3262 5098 noster,
3303 5045 3423 5084 cum
3468 5031 3723 5100 precibus

2018 5118 2143 5170 istis
2179 5131 2192 5169 :

2090 5204 2352 5271 Domine,
2382 5207 2599 5259 salvum
2632 5205 2718 5260 fac
2750 5221 2966 5275 regem.

2089 5296 2216 5349 Esto
2247 5295 2318 5360 ei,
2356 5296 2610 5357 Dimine,
2640 5296 2817 5350 turris
2849 5295 3228 5350 fortitudinis.

2087 5383 2317 5438 Salvum
2349 5383 2431 5438 fac
2459 5385 2740 5455 populum
2771 5390 2956 5451 tuum,
2993 5385 3248 5439 Domine.

2089 5472 2208 5526 Fiat
2237 5489 2347 5542 pax
2375 5473 2432 5526 in
2467 5474 2676 5527 virtute
2700 5478 2818 5526 tua.

2091 5561 2361 5629 Exsurge,
2392 5560 2651 5648 meine,
2683 5561 2891 5631 adjuva
2917 5576 3038 5616 nos.
