3950 6338
128 317 250 368 1065

188 446 436 513 Domine,
473 444 687 501 exaudi
718 444 1038 500 orationem
1070 461 1278 500 meam.

188 534 420 589 Domine
452 536 599 589 Deus
627 534 928 603 virtutum,
961 540 1226 589 converte
1254 550 1376 588 nos.

191 623 461 677 Dominus
488 623 802 676 vobiscum.

185 709 417 763 Oremus.
474 707 620 761 Deus
677 722 992 777 regnorum
1045 707 1325 775 omnium,
1385 710 1441 760 et
1493 706 1801 761 Christiani

121 798 354 850 maxime
383 799 667 865 protector
696 795 946 865 imperii,
983 796 1052 848 da
1085 811 1246 849 servo
1284 800 1384 849 tuo
1436 795 1559 865 regi
1606 800 1800 849 nostro

120 884 467 954 triumphum
493 883 719 937 virtutis
744 888 857 936 tuae
889 884 1134 937 scienter
1159 884 1435 951 excolere,
1462 889 1525 937 ut
1547 883 1684 954 quia
1703 889 1801 938 tua

120 973 513 1027 constitutione
563 977 651 1025 est
694 972 983 1043 princeps,
1014 978 1115 1027 tuo
1167 988 1394 1042 semper
1438 987 1679 1027 munere
1731 972 1802 1025 sit

120 1068 336 1132 potens.
370 1062 497 1115 Per.

190 1152 422 1207 Oremus.
457 1149 773 1219 Prmtende,
802 1149 1062 1216 Domine,
1093 1149 1322 1203 famulis
1356 1148 1468 1203 tuis
1509 1149 1801 1204 dexteram

123 1236 355 1295 ccelestis
386 1237 603 1303 auxilii,
659 1243 723 1292 ut
769 1243 889 1292 toto
933 1239 1102 1293 corde
1153 1237 1512 1310 perquirant,
1580 1242 1635 1292 et
1673 1254 1803 1308 quas

122 1331 284 1400 digne
310 1329 619 1399 postulant,
656 1328 930 1398 consequi
961 1333 1309 1382 mereantur.
1345 1328 1472 1382 Per.

194 1416 395 1471 Deinde
432 1432 530 1485 pro
561 1416 816 1481 inﬁrmis,
850 1422 900 1470 et
921 1420 1046 1486 ipro
1094 1416 1272 1471 salute
1327 1419 1491 1470 totius
1542 1416 1805 1470 Ecclesiae

122 1509 247 1561 istos
275 1506 507 1573 psalmos
539 1505 857 1559 decantent:

195 1596 392 1648 Beatus
422 1593 520 1663 qui
554 1592 843 1662 intelligit.

193 1681 462 1734 Dominus
490 1678 800 1748 refugium.

192 1769 427 1823 Domine
461 1769 607 1821 Deus
635 1766 834 1820 salutis
856 1782 1019 1820 mem.

191 1860 317 1914 Cum
354 1856 522 1927 Kyrie
576 1855 791 1910 eleison
825 1860 875 1910 et
933 1858 1099 1909 Pater
1154 1860 1368 1921 noster,
1401 1871 1520 1910 cum
1557 1856 1808 1925 precibus

126 1948 248 2001 istis
284 1963 296 1999 :

193 2034 485 2104 Castigans
515 2033 812 2102 castigavit
843 2049 937 2085 eos
980 2032 1274 2087 Dominus.

198 2123 344 2177 Nihil
378 2121 641 2192 proficiat
671 2120 938 2174 inimicus
969 2120 1030 2174 in
1061 2121 1161 2177 eis.

197 2213 464 2280 Exsurge,
503 2209 762 2276 Domine,
796 2210 1000 2279 adjuva
1034 2224 1157 2263 nos.

198 2300 456 2365 Domine,
479 2298 688 2352 exaudi
719 2298 1039 2352 orationem
1073 2313 1279 2351 meam.

198 2388 472 2443 Dominus
512 2386 820 2441 vobiscum.

196 2478 438 2532 Oremus.
487 2477 634 2530 Deus
673 2474 1025 2529 inﬁrmitatis
1055 2474 1324 2529 humanae
1354 2474 1644 2543 singulare
1672 2491 1817 2545 prae-

125 2566 357 2631 sidium,
425 2564 623 2618 auxilii
678 2564 762 2617 tui
802 2579 974 2633 super
1028 2562 1289 2617 inﬁrmos
1340 2563 1584 2617 famulos
1633 2569 1689 2618 et
1737 2563 1817 2618 la-

126 2655 311 2709 mulas
352 2658 478 2707 tuas
534 2652 771 2706 ostende
836 2652 1127 2718 virtutem,
1158 2656 1223 2705 ut
1253 2668 1360 2721 ope
1415 2651 1817 2707 misericordiae

125 2748 240 2797 tuae
274 2743 473 2813 adjuti,
528 2740 789 2794 Ecclesia:
841 2743 951 2792 tuae
996 2744 1203 2794 sanctae
1259 2741 1657 2810 repraesentari
1696 2757 1815 2794 me-

127 2834 381 2886 reantur.
412 2832 538 2883 Per.

200 2921 401 2974 Postea
430 2921 643 2986 legatur
698 2932 736 2972 a
791 2915 1014 2970 diacono
1063 2916 1285 2970 homilia
1346 2918 1618 2983 Gregorii,
1681 2919 1817 2970 inci-

127 3011 309 3077 piente
336 3023 494 3061 versu
518 3008 621 3060 isto
649 3022 661 3059 :

205 3095 394 3151 Messis
424 3095 656 3164 quidem
710 3093 911 3157 multa,
958 3107 1141 3161 usque
1183 3095 1371 3161 patres
1412 3108 1531 3145 esse
1582 3092 1823 3146 minime

131 3186 567 3254 recognoscunt.

209 3275 354 3327 Tunc
386 3274 435 3325 si
465 3271 648 3326 clerici
697 3270 969 3339 querelam
1008 3284 1115 3322 non
1175 3268 1372 3322 habent
1424 3269 1824 3336 conferendam,

135 3363 268 3415 laici
296 3362 737 3414 intromittuntur
768 3376 780 3411 :
816 3360 926 3412 illis
954 3360 1118 3412 etiam
1139 3357 1504 3425 audientibus,
1548 3360 1699 3413 lectio
1724 3357 1826 3416 Ni-

134 3452 269 3505 czni
292 3450 517 3504 Concilii
539 3450 811 3501 recitetur.

206 3537 457 3602 Judices,
506 3552 622 3590 non
675 3534 785 3589 nisi
824 3533 1010 3604 jejuni
1064 3533 1220 3601 leges
1258 3536 1315 3586 et
1347 3531 1567 3602 judicia
1620 3532 1831 3586 discer-

134 3632 306 3681 nant.

208 3716 471 3783 Quisquis
517 3729 584 3767 ea:
627 3713 783 3766 laicis
836 3712 1033 3766 habeat
1087 3711 1362 3781 querelam
1418 3711 1690 3779 proferat.
1754 3709 1833 3763 Et

135 3802 377 3872 synodus
415 3801 657 3856 secundae
686 3800 796 3854 diei
828 3802 904 3854 sic
933 3801 1193 3854 solvatur.

210 3891 401 3945 Tertia
436 3891 527 3944 die
559 3904 692 3943 cum
718 3888 1041 3958 episcopus,
1071 3892 1182 3957 ,aut
1212 3886 1334 3957 ejus
1373 3886 1615 3941 vicarius
1672 3890 1738 3941 ut
1772 3885 1835 3940 in

138 3979 364 4035 caeteris
394 3977 596 4032 diebus
624 3976 907 4046 synodum
924 3975 1270 4046 ingreditur,
1296 3974 1449 4029 dicat
1483 3990 1496 4028 ε

215 4068 497 4123 Dominus
533 4065 843 4119 vobiscum.

216 4156 461 4211 Oremus.
495 4155 757 4223 Protege,
794 4152 1054 4221 Domine,
1101 4167 1453 4223 quaesumus,
1503 4166 1608 4205 nos
1652 4151 1834 4205 famu-

142 4246 232 4299 los
258 4249 387 4298 tuos
416 4242 685 4296 subsidiis
728 4241 937 4295 mentis
967 4245 1023 4293 et
1067 4239 1341 4310 corporis,
1377 4243 1433 4293 et
1490 4238 1840 4309 spiritalibus

144 4332 448 4388 enutriens
476 4330 782 4397 alimentis,
824 4329 1110 4400 propitius
1152 4328 1326 4383 redde
1370 4343 1600 4381 securos
1638 4328 1708 4381 ab
1741 4328 1840 4381 ho-

143 4422 335 4478 stibus
366 4419 663 4475 universis.
698 4420 805 4473 Per
829 4417 1138 4472 Dominum
1164 4420 1423 4471 nostrum
1462 4416 1656 4469 lesum
1676 4414 1844 4470 Chri-

144 4517 327 4567 stum.

216 4603 294 4655 Et
317 4603 439 4667 post
470 4598 564 4651 hoc
591 4597 804 4664 legatur
841 4595 1240 4661 Evangelium:

216 4686 513 4743 Circuibat
538 4687 700 4740 Jesus
726 4683 999 4751 civitates,
1044 4688 1101 4736 et
1125 4681 1381 4736 castella.

224 4776 427 4832 Deinde
488 4790 589 4844 pro
643 4774 893 4843 ﬁdelibus
951 4773 1225 4838 defunctis
1280 4773 1411 4825 istos
1466 4769 1705 4839 psalmos
1761 4768 1849 4822 de-

142 4868 369 4922 cantent
404 4880 418 4918 :

534 5564 814 5629 PATROL.
866 5562 1040 5629 CXL.

1468 317 1558 373 DE
1590 317 1861 373 SYNODO
1890 318 2253 374 INITIANDA.

1830 453 1877 505 A
1980 448 2163 502 Verba
2191 464 2319 502 mea
2345 446 2578 502 auribus
2608 444 2856 517 percipe,
2886 443 3144 499 Domine.

3466 314 3601 366 1066

1980 537 2246 602 Domine,
2281 552 2351 589 ne
2378 536 2439 589 in
2465 535 2658 589 furore
2686 539 2809 599 tuo,
2841 533 3146 586 minorem.

1978 626 2061 679 Ad
2095 631 2169 690 te,
2206 625 2468 690 Domine,
2502 623 2683 677 levavi
2708 621 2957 675 animam
3001 635 3209 677 meam.

1980 714 2122 768 Cum
2144 715 2311 784 Kyrie
2332 713 2570 778 eleison,
2624 719 2674 766 et
2700 712 2869 765 Pater
2919 714 3133 776 noster,
3193 724 3312 762 cum
3356 708 3603 777 precibus

1908 803 2030 856 istis
2065 818 2078 855 :

1981 890 2260 961 Requiem
2290 893 2562 944 aeternam
2596 887 2744 942 dona
2775 886 2876 954 eis,
2911 884 3174 939 Domine.

1981 981 2045 1033 1n
2066 978 2346 1032 memoria
2375 982 2589 1032 aeterna
2611 978 2781 1029 erunt
2804 973 2963 1045 justi.

1979 1070 2026 1121 A
2054 1070 2221 1137 porta
2250 1066 2437 1120 inferi.

1984 1156 2258 1209 Dominus
2287 1154 2608 1208 vobiscum.

1982 1245 2221 1300 Oremus.
2255 1242 2575 1307 Invenient,
2609 1254 2956 1311 quaesumus,
2985 1236 3242 1303 Domine,
3267 1235 3474 1290 animae
3504 1236 3603 1306 gfa—

1912 1334 2200 1387 rnulorum
2232 1331 2696 1400 famularumque
2718 1332 2969 1393 tuarum,
2996 1325 3259 1379 omnium
3290 1325 3353 1378 in
3383 1325 3605 1379 Christo

1914 1419 2330 1491 quiescentium
2362 1418 2502 1472 lucis
2555 1422 2782 1471 aeternae
2825 1415 3216 1469 consortium:
3251 1412 3351 1482 qui
3403 1413 3460 1467 in
3483 1413 3605 1484 |hac

1915 1511 2038 1563 luce
2069 1508 2241 1577 positi
2274 1513 2439 1560 tuum
2489 1504 2776 1560 consecuti
2808 1508 2942 1557 sunt
3004 1508 3446 1556 sacramentum.
3501 1503 3608 1555 Per

1920 1597 2224 1651 Dominum
2247 1607 2527 1649 nostrum.

1989 1687 2123 1739 Post
2154 1687 2261 1738 haec
2280 1700 2378 1753 pro
2401 1683 2724 1749 irreligiosis
2753 1684 2884 1736 istos
2904 1682 3139 1751 psalmos
3178 1678 3459 1733 decantent
3488 1694 3500 1732 :

1990 1774 2075 1828 Ad
2102 1779 2176 1840 te,
2212 1772 2474 1838 Domine,
2510 1771 2790 1826 clamabo.

1991 1862 2332 1917 Benedicam
2367 1861 2694 1915 Dominum.

1992 1953 2163 2017 Deus,
2196 1955 2477 2003 venerunt
2506 1954 2729 2019 gentes.

1992 2041 2133 2094 Cum
2167 2038 2337 2109 Kyrie
2367 2038 2604 2098 eleison,
2639 2041 2689 2091 et
2736 2037 2901 2089 Pater
2923 2037 3138 2097 noster,
3198 2047 3319 2088 cum
3361 2030 3612 2101 precibus

1919 2128 2063 2180 istis.

1994 2214 2118 2268 Fiat
2146 2228 2256 2284 pax
2285 2211 2347 2265 in
2378 2211 2587 2265 virtute
2607 2214 2725 2264 tua.

1995 2302 2241 2357 Ostende
2271 2301 2459 2367 nobis,
2492 2299 2753 2364 Domine,
2788 2295 3240 2351 misericordiam
3288 2300 3468 2350 tuam.

1998 2392 2165 2457 Deus,
2194 2394 2258 2443 tu
2288 2404 2593 2443 conversus
2621 2385 2930 2441 viviﬁcabis
2959 2402 3082 2440 nos.

1998 2478 2257 2545 Domine,
2292 2477 2498 2532 exaudi
2529 2475 2850 2531 orationem
2881 2490 3090 2529 meam.

1998 2567 2275 2621 Dominus
2312 2566 2625 2620 vobiscum.

1998 2655 2238 2709 Oremus.
2283 2655 2450 2721 Deus,
2485 2652 2585 2723 qui
2616 2650 2877 2705 inﬁdeles
2908 2649 3140 2715 deseris,
3176 2652 3232 2703 et
3250 2648 3405 2718 juste
3451 2647 3617 2702 inde-

1929 2743 2073 2797 votis
2102 2742 2379 2807 irasceris,
2410 2742 2692 2811 populum
2720 2744 2906 2804 tuum,
2933 2752 3285 2808 qumsumus,
3318 2736 3385 2788 ad
3420 2740 3475 2788 te
3493 2749 3624 2787 con-

1928 2837 2086 2887 verte
2117 2829 2422 2901 propitius,
2469 2832 2532 2882 ut
2570 2827 2669 2899 qui
2697 2832 2754 2882 te
2804 2842 2908 2897 per
2953 2824 3228 2880 duritiam
3281 2822 3620 2892 irreligiosus

1929 2918 2139 2974 mentis
2177 2933 2404 2988 semper
2428 2916 2725 2971 offendunt
2756 2932 2769 2969 :
2804 2915 2873 2969 ad
2920 2923 3114 2968 sancta
3141 2912 3330 2966 ofﬁcia
3377 2912 3622 2981 'prome-

1858 3000 1898 3053 C
1933 3010 2130 3073 renda,
2163 3013 2276 3062 tua:
2306 3006 2687 3061 miserationis
2727 3004 2910 3075 gratia
2950 3003 3266 3074 inspirante
3306 3004 3621 3055 convertas.

1936 3102 2043 3155 Per
2071 3097 2377 3151 Dominum
2407 3100 2689 3149 nostrum.

2004 3186 2066 3242 Si
2095 3201 2212 3254 quae
2241 3188 2352 3239 sint
2373 3185 2711 3252 .‘queestiones
2738 3180 2822 3234 vel
2871 3178 3097 3249 querela:
3151 3178 3523 3243 conferantur,
3577 3180 3629 3228 et

1932 3278 2010 3331 sic
2040 3274 2279 3345 synodus
2323 3274 2484 3327 tertia
2514 3271 2600 3325 die
2615 3271 2876 3325 solvatur.

2008 3363 2219 3427 Quarta
2247 3377 2380 3414 vero
2429 3359 2540 3423 die,
2601 3357 2904 3428 episcopus
2953 3354 3239 3425 synodum
3300 3351 3630 3422 ingrediens

1939 3450 2022 3504 sic
2053 3450 2325 3521 procedat
2352 3452 2418 3502 ut
2446 3447 2699 3517 primum
2727 3447 3033 3515 portentur
3064 3445 3195 3495 ante
3245 3456 3378 3494 eum
3422 3439 3629 3493 cande-

1938 3538 2099 3592 labra
2128 3553 2258 3591 cum
2289 3535 2467 3590 cereis
2488 3533 2756 3599 incensis,
2789 3547 2919 3603 quae
2948 3534 3222 3600 sequatur
3253 3528 3633 3582 subdiaconus

1940 3632 2178 3697 portans
2217 3622 2609 3694 Evangelium,
2637 3623 2764 3676 dua:
2781 3635 2973 3674 cruces
2994 3618 3126 3672 hinc
3158 3623 3215 3672 et
3233 3616 3386 3672 inde.
3416 3615 3633 3670 Deinde

1941 3713 2232 3767 diaconus.
2262 3714 2623 3767 Postremum
2655 3708 2956 3781 episcopus
3006 3705 3427 3777 episcopalibus
3457 3705 3634 3758 indu—

1942 3802 2035 3852 tus
2064 3799 2439 3867 vestimentis,
2494 3804 2547 3853 et
2575 3814 2777 3869 coppa,
2824 3794 3204 3866 ingrediatur,
3256 3799 3314 3849 et
3341 3793 3637 3864 ingressus

1943 3886 2006 3941 in
2034 3888 2164 3941 sede
2194 3903 2296 3941 sua
2333 3893 2486 3942 stans
2518 3887 2669 3941 dicat
2702 3903 2715 3940 :

2018 3976 2293 4030 Dominus
2322 3976 2633 4030 vobiscum.

2018 4064 2258 4120 Oremus.
2290 4066 2629 4119 Nostrorum
2655 4062 2780 4132 tibi,
2816 4062 3081 4131 Domine,
3127 4063 3425 4115 curvantes
3454 4074 3644 4129 genua

1948 4152 2228 4219 cordium,
2259 4169 2585 4224 quaesumus
2618 4158 2680 4207 ut
2731 4152 2948 4207 bonum
3001 4150 3155 4221 quod
3208 4148 3270 4202 in
3318 4147 3484 4202 nobis
3515 4164 3547 4200 a
3587 4150 3643 4200 te

1954 4240 2280 4312 requiretur
2318 4257 2710 4311 exsequamur,
2753 4240 2984 4307 scilicet,
3035 4242 3098 4292 ut
3128 4240 3399 4308 prompta
3454 4240 3645 4289 tecum

1955 4329 2340 4385 sollicitudine
2374 4330 2717 4400 gradientes,
2778 4327 3134 4383 discretionis
3188 4326 3383 4379 arduae
3440 4322 3647 4377 subtile

1948 4419 2229 4491 judicium
2261 4418 2555 4481 faciamus,
2590 4434 2652 4471 ac
2701 4416 3153 4472 misericordiam
3200 4413 3499 4485 diligentes
3542 4412 3651 4466 cla-

1954 4524 2203 4575 reamus,
2240 4507 2445 4562 studiis
2482 4506 2589 4561 tibi
2617 4506 2843 4577 placitae
2875 4505 3129 4560 actionis.
3182 4504 3289 4558 Per
3342 4500 3651 4556 Dominum

1954 4602 2219 4654 nostrum
2249 4597 2275 4651 ,Ι
2282 4612 2444 4649 esum
2475 4594 2782 4651 Christum.

2028 4688 2219 4741 Postea
2246 4684 2401 4739 solito
2431 4698 2575 4738 more
2596 4683 2810 4751 legatur
2837 4682 3193 4750 Evangelium
3223 4698 3239 4734 :

2032 4773 2367 4844 Respiciens
2389 4773 2552 4826 .lesus
2587 4770 2897 4840 discipulos
2926 4786 3076 4836 suos,
3110 4768 3252 4823 dixit
3279 4765 3503 4822 Simoni
3550 4766 3652 4819 Pe-

1961 4868 2050 4917 tro
2082 4878 2094 4917 :
2131 4862 2189 4918 Si
2219 4860 2568 4933 peccaverit.

3291 5559 3374 5617 34
