3950 6330
313 311 334 362 1
345 309 445 362 067

1542 307 1894 366 APPENDIX
1921 309 2012 364 AD
2070 307 2573 364 BURCHARDUM.

3681 310 3806 362 1068

903 701 1705 804 APPENDIX
1789 701 1985 803 AD
2077 700 3206 806 BUBCHARDUM.

1233 1075 1967 1159 STATUTA
2077 1075 2892 1160 CANONUM

377 1289 684 1450 DE
815 1287 1836 1453 OFFICIO
1974 1289 3736 1455 SACERDOTUM.

1661 1574 1960 1630 INCERTO
2001 1574 2473 1631 COLLECTORE.

878 1732 1064 1802 (Apud
1096 1731 1384 1787 Canisium
1417 1733 1685 1787 Lectiones
1717 1735 1976 1802 antiquae,
2011 1732 2282 1789 editionis
2307 1733 2595 1804 Basnagii,
2629 1736 2767 1788 tom.
2801 1734 2899 1800 Ill,
2934 1750 3068 1805 pag.
3099 1734 3248 1806 396.)

1674 2070 1990 2137 JACOBI
2057 2071 2464 2137 BASNAGI

1234 2245 1302 2285 IN
1347 2244 1521 2286 HANC
1565 2243 1886 2289 CANONUM
1931 2244 2429 2288 COLLECTIONEM
2473 2245 2908 2289 OBSERVATIO.

390 2378 686 2433 Canonum
709 2376 1123 2448 amplissimam
1174 2377 1583 2432 Collectionem
1632 2377 1953 2432 confecerat
2001 2377 2379 2444 Burchardus,
2435 2393 2725 2447 quamque
2774 2377 3041 2447 plurimis
3081 2376 3242 2431 libris
3276 2377 3607 2448 complexus
3665 2383 3810 2432 erat.

320 2459 476 2510 Hanc
507 2473 831 2528 anonymus
879 2457 941 2510 in
990 2457 1394 2528 compendium
1441 2458 1686 2527 redegit,
1741 2459 1825 2512 vel
1871 2458 2062 2527 potius
2110 2473 2176 2512 ex
2220 2473 2287 2511 ea
2335 2473 2463 2526 quae
2506 2457 2574 2510 ad
2623 2456 2874 2510 ofﬁcium
2927 2457 3285 2511 sacerdotum
3334 2457 3722 2526 pertinebant,
3754 2474 3824 2511 ex

323 2536 633 2590 Burchardi
673 2537 835 2590 libris
905 2537 1200 2606 excerpsit.
1254 2537 1375 2601 Quo
1430 2541 1687 2607 tempore
1716 2537 1920 2590 vixerit
1948 2538 2044 2592 ille
2095 2552 2460 2607 annonymus
2510 2537 2812 2600 incertum,
2864 2537 2961 2591 sed
3001 2551 3130 2590 cum
3173 2541 3388 2590 constet
3430 2537 3826 2590 Burchardum

322 2631 436 2669 non
467 2616 675 2670 obiisse
705 2616 815 2670 nisi
845 2633 938 2669 an.
976 2618 1130 2681 1026,
1161 2620 1293 2668 ante
1321 2616 1514 2669 saeculi
1545 2615 1836 2669 undecimi
1876 2616 2048 2669 tinem
2092 2616 2271 2685 ipsius
2313 2615 2763 2669 abbreviatorem
2814 2632 3092 2686 reponere
3124 2632 3236 2669 non
3268 2615 3450 2683 licuit,
3486 2632 3826 2687 quanquam

316 2695 556 2750 fortasse
583 2696 766 2749 multo
791 2695 972 2748 serius
1001 2694 1206 2748 vixerit
1247 2710 1258 2747 :
1293 2694 1436 2748 nihil
1467 2693 1620 2747 enim
1648 2694 1821 2749 habet
1849 2695 2001 2765 quod
2034 2693 2154 2764 ejus
2185 2700 2413 2748 aetatem
2444 2693 2628 2764 possit
2657 2694 2928 2748 indicare.

1821 3008 1914 3070 IN
1933 3007 2328 3070 CIPlUNT

784 3182 1268 3257 STATUTA
1325 3181 1856 3257 CANONUM
1913 3181 2048 3254 DE
2105 3180 2544 3254 OFFICIO
2606 3179 3354 3253 SACERDOTUM.

713 3517 820 3582 (EX
861 3516 1069 3572 LIBRO
1111 3517 1157 3570 Il
1185 3514 1615 3570 BURCHARDI.

397 3608 509 3677 (Ea:
538 3606 764 3660 concilio
794 3607 1060 3672 Remensz',
1095 3607 1270 3674 capite
1297 3605 1371 3671 4.)
1409 3604 1478 3656 Ut
1507 3602 1700 3655 nullus
1721 3600 2019 3671 presbyter

323 3697 541 3766 absque
571 3693 804 3756 amictu,
837 3693 984 3759 alba,
1010 3693 1176 3759 stola,
1199 3692 1410 3745 fanone
1431 3695 1487 3744 et
1516 3690 1706 3743 casula
1727 3690 2018 3743 ullatenus

324 3786 638 3855 praesumat
693 3781 923 3835 missam
981 3781 1286 3834 celebrare.
1346 3780 1412 3832 Et
1462 3779 1583 3831 haec
1637 3794 1796 3832 sacra
1851 3778 2017 3831 vesti-

327 3876 523 3926 menta
581 3869 959 3924 mundissima
1008 3869 1144 3936 sint,
1205 3872 1261 3922 et
1312 3867 1372 3920 in
1421 3867 1602 3921 nitido
1669 3867 1814 3933 loco,
1871 3866 2019 3918 infra

325 3958 618 4013 ecclesiam
676 3959 1039 4011 collocentur.
1093 3957 1206 4010 Nec
1261 3971 1519 4027 unquam
1584 3954 1883 4025 presbyter
1931 3953 2019 4007 his

323 4047 562 4102 indutus
602 4045 896 4100 ecclesiam
928 4051 1111 4112 exeat,
1153 4045 1286 4115 quia
1329 4045 1450 4099 haec
1498 4044 1690 4098 divina
1739 4044 1827 4097 lex
1884 4059 2014 4113 pro-

325 4135 507 4190 hibet.

397 4223 476 4276 Ex
535 4221 778 4277 concilio
813 4221 1162 4275 Nannetensi
1217 4237 1342 4292 cap.
1371 4223 1402 4274 5
1441 4238 1453 4275 :
1505 4220 1784 4276 Omnibus
1826 4219 2018 4274 Domi-

327 4311 469 4365 nicis
501 4310 699 4365 diebus
727 4310 1123 4380 unusquisque
1153 4310 1456 4380 presbyter
1500 4309 1561 4362 in
1608 4307 1846 4363 ecclesia
1895 4323 2016 4371 sua,

328 4404 459 4454 ante
490 4399 795 4452 missarum
853 4399 1154 4467 solemnia,
1206 4414 1415 4470 aquam
1445 4397 1748 4451 benedicat
1802 4396 1862 4449 in
1892 4412 2021 4449 vase

326 4487 548 4552 nitidio,
581 4486 853 4558 mysterio
873 4489 1266 4542 conveniente.
1305 4488 1380 4540 De
1410 4501 1560 4555 aqua
1586 4485 1837 4555 populus
1870 4484 2019 4538 intra

328 4576 619 4630 ecclesiam
670 4582 1040 4646 aspergatur;
1075 4581 1131 4630 et
1190 4574 1399 4628 atrium
1459 4573 1715 4644 ejusdem
1769 4573 2020 4627 ecclesia}

327 4680 458 4719 cum
507 4664 769 4718 crucibus
831 4663 1240 4718 circumeundo
1291 4661 1558 4715 similiter
1613 4665 1897 4732 aspergat.
1954 4662 2022 4716 Et

326 4769 432 4824 pro
459 4753 756 4807 animabus
777 4753 856 4806 ibi
889 4751 1318 4824 quiescentibus
1357 4755 1500 4804 oret.
1533 4751 1594 4803 Et
1644 4751 1742 4821 qui
1781 4749 2023 4804 voluerit

2051 3520 2099 3572 A
2127 3519 2247 3582 tur;
2279 3513 2415 3585 quia
2445 3513 2728 3584 pessimus
2766 3530 2906 3568 usus
2957 3518 3042 3569 est
3099 3515 3254 3585 apud
3282 3515 3564 3586 quosdam
3615 3517 3675 3570 in
3709 3517 3840 3571 Do-

2131 3601 2357 3655 minicis
2388 3601 2590 3657 diebus
2645 3605 2702 3656 et
2759 3602 2884 3656 aliis
2944 3602 3344 3658 festivitatibus
3401 3621 3532 3658 mox
3590 3607 3840 3660 missam

2131 3689 2438 3757 celebrare,
2475 3706 2648 3761 quam
2675 3691 2824 3762 quis,
2893 3691 2999 3745 etsi
3051 3707 3156 3761 pro
3215 3692 3496 3746 defunctis
3561 3694 3654 3759 sit,
3690 3711 3837 3748 cum

2132 3778 2397 3847 audierit,
2436 3779 2704 3833 discedat.
2746 3780 3153 3834 Admonendus
3183 3785 3266 3834 est
3292 3782 3542 3851 populus
3571 3788 3634 3836 ut
3687 3791 3834 3837 ante

2129 3867 2423 3936 publicum
2446 3873 2859 3938 peractumque
2891 3867 3143 3923 ofﬁcium
3186 3870 3458 3923 canonice
3490 3870 3839 3940 boraatertia

2131 3956 2536 4010 celebrandum
2568 3956 2637 4011 ad
2668 3957 2859 4010 cibum
2897 3974 3014 4012 non
3045 3958 3313 4025 accedat;
3371 3959 3467 4012 sed
3501 3961 3569 4014 ad
3631 3961 3834 4030 publi-

2133 4061 2254 4098 cam
2287 4045 2537 4112 missam,
2560 4045 3026 4115 praedicationem
3053 4046 3373 4112 auditurus,
3395 4049 3716 4102 conveniat.

2205 4134 2278 4186 Ex
2309 4134 2550 4187 concilio
2599 4135 2946 4188 Nannetensi
3003 4151 3127 4205 cap.
3166 4138 3246 4189 8:
3310 4136 3380 4188 Ut
3429 4137 3842 4207 unusquisque

2130 4221 2448 4292 presbyter,
2511 4222 2612 4292 qui
2669 4223 2898 4294 plebem
2953 4224 3118 4293 regit,
3177 4224 3444 4278 clericum
3487 4224 3697 4280 habeat
3729 4228 3843 4297 qui

2133 4325 2323 4364 secum
2356 4315 2567 4365 cantet.

2205 4399 2273 4452 Ut
2301 4399 2490 4453 omnis
2520 4398 2817 4470 presbyter
2839 4399 2998 4454 omni
3030 4416 3132 4454 suo
3179 4400 3449 4471 parochio
3499 4401 3840 4472 symbolum

2134 4491 2192 4540 et
2220 4488 2538 4542 orationem
2566 4487 2920 4542 Dominicam
2950 4488 3223 4555 insinuet,
3273 4505 3518 4559 cumque
3571 4491 3630 4542 in
3667 4489 3844 4553 Qua-

2134 4576 2456 4646 dragesima
2487 4577 2555 4630 ad
2587 4575 3000 4631 confessionem
3031 4577 3290 4645 veniunt,
3322 4578 3381 4631 in
3421 4578 3622 4648 primis
3655 4579 3846 4633 faciat

2133 4680 2608 4736 unumquemque
2656 4666 2752 4718 illa
2782 4666 2890 4720 sibi
2947 4666 3284 4720 memoriter
3332 4667 3653 4721 decantare.
3718 4670 3846 4722 Nec

2138 4754 2428 4823 presbyter
2459 4754 2627 4807 alicui
2662 4759 2914 4808 sanctam
2958 4755 3426 4810 communionem
3475 4756 3686 4825 tradat,
3719 4757 3841 4810 nisi

326 4843 397 4896 de
419 4841 540 4912 ipsa
568 4858 736 4912 aqua,
768 4842 828 4894 in
867 4857 995 4894 vase
1053 4857 1154 4892 suo
1217 4840 1453 4910 accipiat
1498 4839 1696 4893 domui
1745 4855 1882 4906 sum,
1924 4839 2022 4908 :vel
2063 4873 2102 4926 Β
2134 4841 2235 4912 qui
2265 4841 2412 4895 hanc
2438 4858 2504 4895 ex
2529 4841 2695 4896 corde
2726 4843 3200 4912 pronuntiaverit.

325 4931 385 4984 in
416 4929 588 5000 agris,
627 4931 715 4984 vel
742 4945 914 5000 super
943 4943 1173 4999 pecora,
1205 4929 1289 4982 vel
1325 4929 1651 4998 ubicunque
1693 4927 1863 4994 volet,
1894 4942 2018 4981 eam

328 5035 650 5090 sparsurus.
1792 5077 1795 5080 ί

394 5107 712 5162 Alexander
767 5120 914 5176 papa
993 5103 1289 5158 constituit
1347 5119 1556 5174 aquam
1621 5104 1736 5157 sale
1790 5103 2016 5157 mistam

323 5196 555 5266 populis
614 5194 876 5249 benedici
926 5210 938 5246 :
995 5193 1147 5262 quod
1209 5197 1266 5246 et
1309 5193 1576 5246 omnibus
1631 5191 2018 5246 sacerdotibus

322 5284 650 5338 faciendum
683 5299 804 5337 esse
834 5281 1145 5335 mandavit.

398 5374 474 5427 Ex
504 5372 669 5427 dictis
721 5370 1027 5440 Augustini
1065 5385 1077 5422 :
1141 5369 1322 5424 Missas
1354 5367 1671 5438 peculiares
1702 5368 1760 5421 in
1786 5368 2015 5438 publico

323 5479 440 5517 non
475 5466 608 5517 sunt
637 5459 991 5514 celebrandae
1031 5474 1137 5528 per
1163 5457 1334 5512 festos
1363 5456 1502 5524 dies,
1537 5462 1602 5511 ut
1631 5473 1736 5528 per
1783 5473 1880 5512 eas
1910 5474 2017 5527 po-

324 5552 494 5621 pulus
523 5566 558 5604 a
584 5547 828 5620 publicis
875 5547 1176 5601 missarum
1220 5545 1680 5601 solemnitatibus
1721 5545 2014 5601 abstraha-

2203 4931 2278 4984 Ex
2357 4930 2598 4984 concilio
2656 4931 2984 5002 Carthagin.
3037 4949 3160 5003 cap.
3193 4932 3267 4986 4:
3310 4931 3616 4987 Sacerdote
3647 4934 3708 4987 in
3741 4949 3845 4987 ec-

2131 5019 2300 5073 clesia
2334 5019 2570 5074 verbum
2626 5019 2892 5085 faciente,
2948 5021 3050 5092 qui
3103 5037 3364 5092 egressus
3419 5021 3488 5076 de
3540 5023 3842 5077 auditorio

2128 5106 2303 5160 fuerit
2325 5107 2448 5161 sine
2475 5107 2632 5177 gravi
2664 5109 2996 5163 necessitate
3026 5109 3570 5164 excommunicetur.

2201 5194 2312 5265 (Ere
2340 5197 2561 5250 concilio
2591 5197 2880 5251 Aurelian.
2913 5200 3088 5266 capite
3126 5201 3204 5264 2.)
3231 5199 3376 5252 Item
3424 5199 3482 5252 in
3509 5199 3848 5255 canonibus

2129 5285 2518 5354 apostolorum
2550 5285 2881 5356 praecipitur
2914 5287 3088 5340 :Tres
3119 5287 3238 5341 dies
3280 5287 3650 5358 rogationum
3697 5296 3845 5344 ante

2125 5371 2532 5424 Ascensionem
2589 5373 2816 5427 Domini
2877 5373 3313 5446 (observentur),
3371 5383 3434 5430 ut
3490 5378 3562 5431 ad
3611 5379 3842 5433 saluta-

2125 5458 2309 5511 tiones
2347 5459 2657 5514 sacerdotis
2689 5477 2801 5515 non
2834 5464 3016 5517 solum
3064 5463 3273 5530 clerici,
3321 5469 3380 5518 et
3432 5467 3547 5520 Deo
3593 5467 3839 5537 dicata,

2125 5547 2220 5601 sed
2253 5552 2307 5601 et
2337 5549 2523 5602 omnis
2553 5551 2713 5619 plebs
2743 5567 2990 5608 consona
3023 5569 3154 5608 voce
3185 5555 3550 5624 respondeat.
