3950 6296
121 270 252 323 1069

1062 271 1368 328 STATUTA
1398 271 1727 329 CANONUM
1766 274 1851 330 DE
1882 275 2152 335 OFFICIO
2177 279 2664 338 SACERDOTUM.

3474 296 3609 349 1070

179 390 297 460 (Ea:
337 391 498 445 dictis
557 393 730 462 Aug.)
795 393 862 447 Ut
914 394 1105 448 nullus
1137 395 1435 451 ordinatus
1481 397 1695 469 migret
1736 398 1805 452 de
1842 402 1887 455 A
1991 403 2065 455 Ex
2114 402 2352 457 concilio
2387 406 2713 460 Laodicensi
2771 424 2895 479 cap.
2948 412 3018 464 2O
3053 427 3066 465 :
3104 413 3172 467 Ut
3230 414 3457 471 diaconi
3510 434 3609 473 co-
3666 460 3671 463 ι

107 493 208 532 sua
236 480 509 549 parocliia
545 480 604 533 in
665 481 855 549 aliam,
902 499 1004 536 nec
1034 483 1101 536 ad
1151 484 1351 539 limina
1389 486 1799 554 apostolorum,

106 583 272 620 causa
305 568 600 630 orationis,
637 585 772 623 cura
804 570 1061 624 Ecclesia:
1100 588 1215 624 suae
1247 573 1543 645 derelicta;
1588 590 1691 627 nec
1731 575 1799 628 ad

105 657 402 726 palatium,
452 674 621 711 causa
666 658 1090 729 interpellandi.
1146 661 1309 725 Quod
1366 664 1413 716 si
1468 664 1687 730 fecerit,
1719 664 1796 718 nil

104 746 253 800 valet
289 746 623 816 hujusmodi
650 747 932 802 ordinatio
952 754 1053 803 aut
1080 750 1439 821 demigratio.

174 834 283 903 (Ea;
309 836 531 889 concilio
579 836 758 890 habito
783 837 934 905 apud
968 839 1237 909 Regium.)
1270 840 1332 892 Et
1379 841 1483 894 hoc
1534 840 1799 895 omnibus

104 921 366 976 ﬁdelibus
408 923 865 978 denuntiandum
926 940 939 978 :
990 925 1079 987 Ut,
1147 926 1249 997 qui
1296 944 1465 981 causa
1523 928 1799 983 orationis

102 1010 172 1063 ad
198 1010 396 1064 limina
433 1012 734 1066 beatorum
794 1013 1185 1082 apostolorum
1243 1030 1483 1086 pergere
1538 1016 1795 1087 cupiunt,

100 1098 258 1153 domi
287 1099 665 1154 conﬁteantur
710 1107 935 1170 peccata
962 1119 1081 1165 sua,
1118 1108 1175 1156 et
1212 1102 1291 1156 sic
1335 1104 1797 1176 proﬁciscantur;

102 1188 297 1258 quiaa
355 1190 584 1260 proprio
634 1189 897 1260 episcopo
944 1191 1031 1245 vel
1088 1191 1378 1247 sacerdote
1435 1194 1652 1264 ligandi
1698 1202 1799 1249 aut

100 1278 355 1332 solvendi
377 1284 529 1343 sunt,
564 1294 676 1331 non
701 1279 771 1331 ab
802 1285 1089 1333 extraneo.

174 1368 277 1434 (Ea:
333 1367 545 1427 eod..e.
599 1366 679 1436 4.)
714 1367 782 1422 Ut
838 1368 1155 1439 presbyteri
1202 1368 1471 1439 privatim
1531 1370 1797 1426 ﬁdelibus

98 1454 552 1508 desiderantibus
580 1454 934 1508 benedicant.

172 1544 245 1596 E".
279 1543 516 1597 concilio
548 1544 684 1597 Ven.
735 1560 859 1613 cap.
892 1544 959 1597 20
996 1560 1009 1598 :
1053 1545 1121 1598 Ut
1151 1545 1343 1598 nullus
1384 1546 1445 1600 in
1485 1546 1797 1601 Dominicis

98 1631 298 1684 diebus
327 1648 513 1700 genua
540 1632 749 1697 ﬂectat,
796 1648 899 1685 nec
928 1650 960 1686 a
1005 1633 1216 1686 Pascha
1266 1650 1448 1704 usque
1478 1635 1538 1688 in
1572 1641 1797 1689 octavas

102 1722 477 1774 Pentecostes.
560 1720 1020 1775 Benedictionem
1096 1738 1267 1792 super
1312 1722 1540 1793 plebem
1611 1724 1797 1778 facere

97 1808 444 1879 presbyteris
466 1824 583 1861 non
611 1809 742 1862 licet
771 1809 830 1862 in
863 1809 1169 1863 Dominicis
1204 1810 1405 1864 diebus
1455 1813 1539 1865 vel
1574 1811 1632 1865 in
1673 1813 1798 1865 aliis

97 1899 139 1951 [ε
157 1898 274 1964 stis,
311 1898 521 1968 populo
554 1897 613 1949 in
645 1897 878 1950 ecclesia
903 1899 1299 1952 conveniente.

171 1985 283 2056 (Ea:
335 1986 557 2039 concilio
608 1987 957 2051 Nannetenst,
1015 1988 1191 2055 capite
1235 1989 1357 2054 300,
1398 1988 1497 2052 l8.)
1524 1987 1580 2042 Si
1620 1987 1798 2058 aliqui

98 2074 489 2129 discordantes
539 2073 672 2141 sint,
730 2074 920 2127 statim
989 2092 1018 2127 a
1068 2075 1398 2145 presbytero
1448 2081 1545 2129 aut
1601 2093 1796 2131 recon-

109 2162 385 2231 ﬁlientur,
441 2167 539 2216 aut
590 2162 658 2216 ab
688 2164 931 2216 Ecclesia
961 2162 1330 2233 abjiciantnr;
1374 2180 1488 2234 quo
1545 2170 1794 2235 peracto,

97 2252 272 2305 missa
298 2252 633 2305 celebretur.

168 2340 289 2411 (Ea:
331 2340 552 2395 concilio
594 2339 1035 2408 Moguntinensi.)
1086 2339 1404 2409 Presbyteri
1449 2340 1571 2395 sine
1617 2341 1795 2396 inter-

93 2431 364 2484 missione
393 2429 593 2483 orariis
623 2434 874 2495 utantur,
910 2433 1144 2499 propter
1194 2429 1575 2485 differentiam
1606 2448 1797 2487 sacer-

94 2518 305 2572 dotalis
333 2517 646 2587 dignitatis.

166 2606 276 2677 (Ea:
300 2609 523 2660 concilio
576 2604 791 2675 Afric.)
840 2604 1089 2659 Clericus
1144 2605 1378 2673 victum,
1422 2610 1480 2660 et
1528 2607 1795 2662 vestitum

92 2697 205 2750 sibi
231 2696 472 2748 honesto
498 2694 739 2747 artiﬁcio
799 2694 883 2746 vel
931 2693 1301 2763 agricultura,
1345 2695 1562 2765 absque
1619 2696 1795 2751 ofﬁcii

95 2784 187 2836 sui
209 2783 481 2837 duntaxat
519 2782 861 2835 detrimento
889 2786 1189 2851 praeparet.

169 2874 276 2939 (Ere
314 2872 533 2925 concilio
572 2871 917 2931 Nannetensi,
942 2872 1117 2938 capite
1147 2872 1255 2936 60.)
1300 2869 1597 2939 Presbyter
1626 2885 1793 2924 mane

94 2960 422 3013 matutinali
448 2958 634 3011 ofﬁcio
668 2958 914 3026 expleto,
950 2973 1189 3026 pensum
1231 2957 1521 3011 servitutis
1566 2974 1682 3012 suae
1711 2975 1801 3012 ca-

94 3048 290 3101 nendo
324 3047 587 3116 primam,
626 3048 847 3099 tertiam
885 3052 1099 3098 sextam
1136 3062 1463 3115 nonamque
1497 3048 1800 3116 persolvat.

95 3143 179 3195 Ita
213 3147 426 3205 tamen,
478 3145 540 3193 ut
597 3145 794 3209 postea
827 3137 979 3192 horis
1028 3138 1484 3207 competentibus
1523 3143 1578 3191 et
1625 3138 1804 3209 signis

94 3229 546 3299 designantibus,
605 3229 772 3296 juxta
822 3227 1280 3296 possibilitatem,
1335 3232 1435 3280 aut
1502 3243 1534 3279 a
1591 3243 1650 3280 se
1707 3232 1804 3281 aut

96 3317 449 3371 scholaribus
469 3316 864 3385 compleantur
886 3313 1131 3385 publice.

168 3408 241 3459 Ex
276 3404 515 3459 concilio
571 3404 860 3469 Toletano,
903 3418 1024 3472 cap.
1059 3404 1089 3454 6
1124 3417 1136 3454 :
1183 3400 1240 3455 Si
1272 3400 1513 3471 quilibet
1578 3401 1804 3456 ordina-

94 3499 189 3548 tus
213 3494 273 3546 in
303 3493 525 3546 civitate
580 3508 817 3546 manens
848 3497 903 3544 et
960 3491 1107 3557 loco,
1167 3489 1262 3542 ubi
1291 3488 1406 3559 est}
1435 3490 1687 3551 ecclesia.
1732 3490 1803 3543 ad

95 3581 442 3637 sacriﬁcium
494 3580 899 3652 quotidianum
952 3594 1068 3632 non
1098 3577 1334 3643 venerit,
1386 3577 1621 3632 clericus
1686 3595 1799 3633 non

95 3671 396 3726 habeatur.

170 3759 277 3829 (Ea:
308 3756 531 3812 concilio
569 3758 835 3821 Venetico,
867 3754 1043 3824 capite
1080 3754 1152 3825 1.)
1188 3753 1438 3808 Clericus
1479 3753 1538 3807 in
1576 3753 1801 3808 civitate

98 3864 356 3912 manens,
384 3848 432 3900 si
492 3863 559 3899 ea
611 3845 701 3899 die
746 3844 1042 3898 matutinis
1107 3843 1338 3914 hymnis
1393 3842 1639 3897 defuerit
1679 3844 1801 3898 sine

96 3935 461 4007 aegritudine,
516 3939 546 3987 7
600 3932 763 4003 (dies)
818 3949 851 3986 a
921 3930 1437 3986 communicatione
1521 3931 1803 3987 habeatur

96 4031 421 4080 extraneas.

165 4116 275 4179 (Ea:
327 4112 549 4167 concilio
606 4111 953 4176 Nannetensi,
1008 4111 1184 4178 capite
1244 4109 1354 4178 tl.)
1423 4108 1480 4163 [n
1540 4108 1798 4163 convivio

92 4202 561 4273 presbyterorum
590 4202 719 4252 ante
750 4212 1007 4251 mensam
1037 4196 1260 4251 dicatur
1290 4211 1502 4261 versus,
1535 4200 1587 4249 et
1627 4195 1801 4250 bene-

93 4291 317 4345 dicatur
363 4289 522 4342 cibus
549 4288 620 4340 ab
657 4287 848 4357 aliquo
879 4285 1088 4356 priore.
1131 4283 1345 4338 Deinde
1375 4283 1695 4348 comedant,
1743 4289 1799 4337 et

92 4395 200 4450 per
228 4378 377 4431 vices
396 4377 587 4430 cibum
611 4382 928 4447 potumque
959 4372 1319 4439 benedicant,
1362 4372 1555 4443 aliquo
1597 4372 1801 4426 clerico

91 4466 325 4522 interim
346 4467 606 4536 legente;
632 4463 898 4518 similiter
908 4466 1034 4533 post
1046 4462 1237 4516 cibum
1260 4460 1468 4514 dicturi
1498 4461 1800 4530 hymnum.

166 4558 272 4619 (Ea:
304 4556 528 4609 concilio
577 4556 755 4620 Afric.
810 4553 985 4621 capite
1014 4550 1090 4620 6.)
1146 4551 1212 4604 In
1268 4548 1423 4605 omni
1470 4548 1805 4603 sacerdotali

92 4645 357 4700 convivio
415 4642 741 4697 divinarum
815 4639 1241 4710 Scripturarum
1308 4637 1477 4693 lectio
1550 4637 1806 4692 intermi-

94 4739 341 4788 sceatur.

169 4821 278 4892 (Ea:
310 4820 532 4875 concilio
589 4815 872 4887 Carthag.)
904 4814 1151 4870 Clericus
1182 4830 1288 4869 nec
1324 4830 1527 4869 coman
1564 4813 1803 4881 nutriat,

96 4925 203 4965 nec
227 4908 485 4963 barbam.
512 4909 599 4973 Et,
645 4907 694 4960 si
748 4920 849 4976 per
903 4907 1225 4957 creaturam
1279 4902 1457 4972 juret,
1528 4902 1806 4957 acerrime

97 4998 445 5069 corrigatur;
486 4997 534 5049 si
576 4993 890 5065 perstiterit
939 4993 1000 5046 in
1032 4991 1193 5058 vitio,
1256 4992 1802 5046 excommunicetur.

172 5087 285 5157 (Em
304 5085 530 5140 concilio
563 5081 938 5150 Triburienst.)
974 5078 1344 5149 Prcecipimus
1381 5083 1446 5131 ut
1494 5079 1809 5149 unusquis-

100 5192 213 5248 que
243 5175 540 5246 presbyter
569 5187 739 5243 super
770 5170 930 5234 duas,
964 5169 1053 5223 vel
1080 5173 1192 5222 tres
1223 5166 1569 5238 septimanas
1611 5166 1809 5220 Domi-

101 5265 245 5320 nicis
293 5264 514 5332 diebus,
561 5262 649 5316 vel
682 5265 1012 5314 sanctorum
1064 5256 1466 5312 festivitatibus
1531 5255 1809 5326 populum

102 5354 215 5409 sibi
244 5352 613 5408 commissum
645 5350 707 5404 in
752 5347 989 5404 ecclesia
1014 5363 1135 5414 sua,
1185 5351 1313 5417 post
1359 5345 1568 5399 lectum
1629 5345 1806 5398 Evan-

103 5442 343 5513 gelium,
414 5440 685 5496 doctrinis
739 5456 771 5493 a
818 5442 1012 5492 sancta
1042 5435 1334 5507 Scriptura
1398 5432 1665 5505 sumptis,
1712 5432 1806 5487 in-

105 5538 331 5588 struere
363 5531 605 5585 studeat.

1910 505 2029 544 ram
2106 493 2451 563 presbyteris
2506 512 2624 549 non
2676 496 2933 565 sedeant,
2993 499 3104 554 nisi
3160 503 3367 558 horum
3415 507 3603 576 jussu.

1911 578 2062 631 Idem
2098 580 2167 633 de
2196 581 2417 635 caeteris
2447 583 2738 651 gradibus.

1981 666 2089 754 (Ea:
2109 670 2332 723 concilio
2376 672 2612 739 Valensi,
2664 676 2841 742 capite
2898 674 2974 747 6.)
3032 676 3089 731 Si
3146 680 3439 751 presbyter
3491 699 3607 754 prae

1907 752 2241 809 inﬁrmitate
2289 764 2536 828 nequeat
2587 762 2915 829 praedicare,
2975 780 3008 817 a
3048 765 3286 821 diacono
3365 752 3606 839 probato

1907 847 2235 898 sanctorum
2267 847 2495 900 Patrum
2519 847 2769 903 homilize
2796 852 3142 913 frecitentur.

2298 934 2381 987 EX
2420 936 2628 991 LIBRO
2661 938 2731 991 III
2772 939 3204 997 BURCHARDI.

1980 1018 2087 1090 (Em
2141 1024 2363 1076 concilio
2414 1023 2743 1094 Arelatensi,
2799 1031 2974 1098 capite
3010 1031 3083 1099 l.)
3127 1032 3195 1085 Ut
3234 1034 3483 1104 populus
3537 1036 3603 1091 ad

1905 1108 2307 1163 celebrandam
2359 1111 2590 1167 missam
2636 1122 3012 1187 congregatus
3063 1124 3192 1174 ante
3258 1122 3605 1178 benedictio-

1908 1212 2040 1250 nem
2070 1198 2375 1252 sacerdotis
2404 1216 2522 1253 non
2560 1201 2830 1257 discedat.

1978 1285 2086 1355 (Ea:
2125 1286 2348 1341 decretis
2400 1290 2593 1357 Higint
2644 1307 2823 1361 papae,
2890 1296 3064 1363 capite
3116 1295 3192 1367 3.)
3228 1297 3407 1368 Ligna
3439 1299 3598 1354 dedi-

1906 1376 2045 1427 cata
2078 1375 2326 1429 ecclesiae
2354 1393 2471 1430 non
2520 1377 2728 1433 debent
2756 1381 2826 1435 ad
2874 1381 3031 1436 aliud
3090 1401 3234 1455 opus
3277 1387 3465 1458 jungi,
3496 1389 3605 1443 nisi

1906 1462 1976 1515 ad
2037 1463 2208 1517 aliam
2257 1466 2579 1533 ecclesiam;
2630 1468 2715 1520 vel
2774 1468 2895 1539 igni
2946 1472 3358 1540 comburenda,
3401 1477 3488 1529 vel
3533 1478 3603 1532 ad

1906 1552 2227 1623 profectum
2257 1552 2525 1607 fratribus
2560 1554 2612 1607 in
2663 1557 3104 1613 monasterium.

1837 1673 1879 1727 Β
1981 1642 2248 1711 Exempla
2280 1642 2483 1696 Isidori
2516 1643 2584 1696 ad
2622 1645 2968 1700 Lamfridum
3030 1646 3440 1722 [Ludifredum]
3481 1653 3601 1722 epi.

1908 1745 2143 1799 scopum
2173 1745 2185 1782 :
2215 1730 2298 1783 Ad
2339 1730 2693 1800 psalmistam
2724 1733 2973 1801 pertinet
3013 1734 3268 1789 ofﬁcium
3331 1739 3601 1807 canendi;

1907 1817 2096 1872 dicere
2126 1816 2568 1879 benedictiones,
2604 1820 2798 1873 laudes
2827 1821 2896 1875 ad
2957 1822 3318 1890 sacriﬁcium,
3364 1842 3604 1897 respon-

1907 1906 2059 1960 soria
2096 1911 2152 1960 et
2183 1906 2461 1977 quidquid
2492 1908 2743 1976 pertinet
2776 1910 2845 1963 ad
2877 1911 3118 1964 canendi
3146 1912 3421 1967 ofﬁcium.

1978 1994 2057 2048 Ad
2091 1994 2385 2047 ostiarium
2419 1994 2706 2063 pertinent
2737 1988 2919 2050 claves
2950 1999 3224 2069 ecclesiae,
3274 2007 3335 2055 ut
3380 2003 3607 2058 claudat

1908 2088 1965 2137 et
1994 2081 2213 2152 aperiat
2240 2083 2520 2153 templum
2558 2084 2683 2153 Dei;
2718 2090 2773 2137 et
2832 2085 3026 2140 omnia
3056 2104 3185 2158 qua:
3235 2095 3370 2143 sunt
3427 2091 3600 2158 intus,

1906 2176 1965 2226 et
1991 2177 2148 2225 extra
2180 2171 2489 2241 custodiat;
2524 2172 2721 2226 ﬁdeles
2764 2174 3031 2244 recipiat;
3090 2180 3606 2235 excommunicatos

1907 2259 1965 2309 et
1990 2254 2253 2308 inﬁdeles
2288 2255 2555 2324 excipiat.

1978 2345 2063 2397 Ad
2102 2344 2370 2397 lectorem
2400 2348 2592 2397 autem
2632 2344 2901 2399 lectiones
2958 2348 3354 2416 pronuntiare,
3422 2355 3477 2405 et
3511 2368 3597 2418 ea,

1906 2448 2034 2501 quae
2075 2432 2370 2501 prophetae
2400 2432 2867 2498 vaticinaverunt,
2902 2435 3129 2504 populis
3161 2436 3495 2506 praedicare.

1977 2517 2058 2570 Ad
2119 2516 2454 2569 exorcistam
2533 2517 2878 2571 exorcismos
2937 2521 3270 2575 memoriter
3334 2525 3602 2593 retinere,

1907 2620 2226 2675 manusque
2274 2620 2448 2675 super
2496 2621 2915 2675 energumenos
2970 2612 3025 2661 et
3084 2611 3505 2666 enechumenos
3545 2614 3604 2667 in

1906 2692 2273 2747 eiturcisando
2327 2692 2647 2762 imponere.
2707 2694 2789 2748 Ad
2856 2696 3181 2765 acolythnm
3262 2702 3605 2770 praeparatio

1906 2780 2279 2836 luminarium
2333 2780 2392 2834 in
2448 2781 2716 2835 sacrario.
2780 2783 2906 2854 Ipse
2937 2799 3167 2839 cereum
3220 2792 3438 2857 portat;
3483 2789 3606 2859 ipse

1905 2868 2289 2940 surgesta[sic
2315 2871 2436 2936 ms.]
2491 2886 2593 2940 pro
2635 2871 2980 2926 eucharistia
3035 2872 3225 2927 calicis
3297 2882 3602 2947 prmparat.

1842 2948 1879 3002 C
1984 2957 2067 3011 Ad
2106 2956 2519 3011 subdiaconum
2582 2958 2812 3013 calicem
2870 2965 2925 3014 et
2975 2966 3243 3031 patenam
3305 2965 3376 3018 ad
3429 2967 3607 3020 altare

1914 3046 2121 3101 Christi
2154 3046 2373 3100 deferre
2423 3052 2479 3101 et
2533 3047 2719 3101 levitis
2767 3049 2991 3103 tradere
3025 3051 3257 3122 :eisque
3286 3053 3607 3109 ministrare

1913 3136 2205 3189 urceolum
2231 3151 2458 3206 quoque
2486 3140 2542 3190 et
2561 3153 2789 3207 aquam,
2820 3139 3057 3193 mantile
3090 3146 3144 3193 et
3176 3143 3607 3214 manutergium

1912 3227 2107 3278 tenere
2146 3224 2431 3293 episcopo,
2487 3226 2823 3295 presbytero
2877 3232 2933 3280 et
2962 3227 3148 3282 levitis
3196 3244 3303 3299 pro
3349 3231 3604 3287 lavandis

1914 3317 2045 3366 ante
2074 3312 2252 3365 altare
2277 3312 2543 3365 manibus
2576 3329 2784 3383 aquam
2819 3315 3090 3384 praebere.

1980 3400 2065 3454 Ad
2135 3399 2439 3454 diaconum
2497 3405 2686 3453 autem
2756 3402 3015 3455 assistere
3090 3404 3495 3475 sacerdotibus,
3550 3413 3609 3463 et

1911 3488 2235 3542 ministrare
2265 3487 2325 3541 in
2384 3487 2648 3541 omnibus
2697 3504 2827 3558 quas
2892 3495 3070 3560 agunt
3122 3490 3181 3545 in
3234 3496 3607 3550 sacramentis

1910 3576 2181 3647 episcopi,
2234 3581 2290 3630 et
2318 3575 2378 3629 in
2407 3576 2713 3646 baptismo,
2772 3577 3096 3647 chrismate,
3158 3586 3366 3649 patena
3389 3587 3446 3637 et
3466 3585 3609 3639 cali-

1910 3681 1999 3731 ce;
2049 3664 2365 3719 oblationes
2397 3681 2629 3735 quoque
2685 3665 2917 3733 inferre,
2950 3672 3007 3721 et
3063 3669 3372 3738 praedicare
3430 3672 3608 3727 Evan-

1910 3754 2124 3824 gelium
2154 3758 2209 3807 et
2238 3753 2590 3824 Apostolum.
2652 3754 2793 3807 Nam
2852 3754 2998 3809 sicut
3056 3756 3364 3813 lectoribus
3439 3761 3609 3816 Vetus

1908 3843 2353 3907 Testamentum,
2386 3841 2465 3895 ita
2498 3842 2832 3897 diaconibus
2852 3844 3072 3898 Novum
3101 3846 3412 3914 praedicare
3458 3865 3609 3920 pre-

1910 3934 2141 4000 ceptum
2174 3933 2276 3983 est.
2307 3929 2388 3983 Ad
2429 3930 2619 4000 ipsum
2650 3947 2879 4002 quoque
2904 3933 3152 4003 pertinet
3188 3934 3441 3991 ofﬁcium
3482 3954 3608 4009 pre-

1908 4033 2039 4072 cum
2074 4023 2131 4072 et
2158 4017 2414 4071 recitatio
2456 4018 2780 4073 nominum.
2812 4022 2936 4089 Ipse
2982 4027 3301 4090 praemonet
3330 4040 3495 4079 aures
3540 4026 3612 4081 ad

1908 4106 2219 4160 Dominum
2246 4104 2483 4171 habere;
2517 4105 2638 4176 ipse
2666 4106 2929 4161 hortatur
2965 4109 3241 4178 clamare;
3272 4110 3396 4182 ipse
3440 4114 3616 4169 donat

1910 4210 2110 4264 pacem
2137 4198 2191 4248 et
2233 4193 2353 4263 ipse
2384 4210 2581 4262 pacem
2602 4195 2927 4250 annuntiat.

1979 4283 2067 4337 Ad
2111 4282 2509 4352 presbyterum
2555 4282 2805 4352 pertinet
2862 4290 3216 4341 sacramenta
3263 4290 3520 4359 corporis
3558 4296 3616 4346 et

1911 4370 2206 4441 sanguinis
2257 4369 2487 4423 Domini
2541 4371 2601 4424 in
2630 4371 2796 4425 altari
2853 4374 3150 4441 conﬁcere,
3203 4380 3259 4429 et
3295 4377 3613 4434 orationem

1910 4459 2118 4527 dicere,
2152 4462 2209 4513 et
2232 4459 2383 4513 dona
2423 4458 2523 4515 Dei
2549 4459 2926 4526 benedicere.

1980 4548 2065 4602 Ad
2121 4548 2456 4618 episcopum
2540 4547 2907 4603 basilicarum
2977 4551 3364 4621 consecratio;
3419 4554 3617 4609 altaris

1915 4636 2147 4695 unctio;
2180 4634 2502 4689 chrismatis
2536 4636 2837 4690 confectio.
2898 4638 3023 4707 Ipse
3080 4640 3356 4709 praedicta
3428 4642 3620 4698 ofﬁcia

1912 4730 1969 4780 et
2029 4724 2257 4778 ordines
2316 4723 2723 4778 ecclesiasticos
2788 4725 3098 4794 distribuit,
3156 4732 3213 4782 et
3266 4729 3389 4800 ipse
3435 4748 3620 4786 sacras

1911 4812 2167 4883 virgines
2186 4811 2490 4865 benedicit.

1987 4901 2057 4958 Hi
2125 4905 2258 4955 sunt
2303 4899 2537 4954 ordines
2595 4916 2660 4954 ac
2717 4902 2995 4973 mysteria
3045 4904 3427 4961 clericorum:
3492 4923 3621 4978 quae

1913 4994 2109 5044 tamen
2142 4988 2481 5043 auctoritate
2530 4988 2872 5060 pontiﬁcali,
2914 4990 2973 5044 in
3028 4992 3411 5048 archidiaconi
3461 5011 3618 5064 cura,

1915 5083 1972 5133 et
2000 5076 2311 5149 primicerii
2343 5094 2405 5131 ac
2436 5078 2777 5131 thesaurarii
2826 5079 3209 5134 sollicitudine
3266 5082 3618 5150 dividuntur,

1915 5166 2362 5222 Archidiaconus
2425 5164 2672 5235 imperat
2726 5166 3087 5221 subdiaconis
3138 5173 3194 5222 et
3245 5169 3474 5239 levitis;
3557 5172 3624 5227 ad

1918 5272 2091 5328 quem
2120 5256 2370 5327 pertinet
2414 5269 2551 5307 cnra
2580 5254 2860 5308 vestiendi
2903 5255 3095 5308 altaris
3120 5271 3155 5308 a
3222 5256 3429 5325 levitis;
3488 5275 3626 5315 cura

1919 5343 2139 5398 incensi
2169 5347 2226 5397 et
2290 5340 2572 5396 sacriﬁcii.
2633 5340 2828 5405 Quivis
2870 5341 3172 5397 levitarum
3231 5344 3541 5415 Epistolam
3571 5351 3626 5401 et

1920 5429 2293 5501 Evangelium
2340 5430 2524 5500 legat;
2573 5428 2757 5500 quivis
2786 5444 2981 5498 preces
3010 5429 3177 5499 dicat,
3232 5448 3336 5486 seu
3387 5448 3625 5504 respon-

1922 5520 2139 5575 sorium
2188 5519 2248 5573 in
2307 5517 2618 5574 Dominicis
2668 5516 2873 5573 diebus
2929 5517 3017 5571 vel
3060 5517 3187 5573 aliis
3229 5519 3628 5577 festivitatibus
