3950 6318
349 321 482 374 ’1071
1588 321 1932 377 APPENDIX
1963 323 2056 376 AD
2091 321 2601 380 BURCHARDUM.
3720 325 3874 376 107‘2

360 446 642 510 decantet,
697 449 755 498 et
801 445 1044 516 reliqua.
1107 445 1416 516 Hucusque
1463 446 1712 501 Isidorus
1757 446 2060 517 episcopus
2097 451 2141 502 A
2243 448 2320 501 Ex
2375 444 2624 500 Decretis
2693 443 2948 497 Anacleti
3027 459 3218 514 papae,
3277 459 3401 514 cap.
3456 448 3566 499 ll:
3641 447 3888 500 Peracta

365 535 435 588 de
457 533 849 588 ecclesiasticis
883 533 1201 588 ordinibus.
2177 540 2368 589 autem
2435 533 2882 600 consecratione,
2919 548 3119 586 omnes
3175 533 3623 600 communicent,
3659 534 3764 605 qui
3784 551 3886 588 vo-

436 625 510 676 Ex
544 623 791 675 Decretis
839 623 1037 676 Felicis
1091 639 1254 693 papae
1287 639 1299 676 :
1336 622 1498 676 Missa
1530 638 1644 676 non
1700 623 1867 677 debet
1913 623 2062 677 cele-
2173 623 2386 678 luerint
2431 621 2827 676 ecclesiasticis
2874 637 3066 675 carere
3115 621 3427 675 liminibus.
3478 622 3566 676 Sic
3620 623 3784 676 enim
3827 627 3887 676 et

365 710 538 776 brari,
572 710 680 762 nisi
745 707 798 762 in
858 709 993 762 locis
1053 710 1122 763 ab
1199 709 1466 779 episcopo
1530 711 1891 773 consecratis,
1955 709 2066 763 nisi
2176 712 2416 783 apostoli
2491 715 2832 776 statuerunt,
2891 716 2946 763 et
2998 716 3189 763 sancta
3250 710 3507 763 Romana
3561 715 3720 765 tenet
3783 713 3885 764 Ec-

367 814 593 851 summa
635 797 931 850 necessitas
989 802 1170 867 cogat.
1232 799 1305 851 Ex
1360 797 1609 852 iisdem:
1674 797 2066 852 Dedicationes
2175 801 2384 871 clesia;
2433 805 2510 868 et,
2540 801 2582 854 si
2615 801 2726 854 hoc
2756 799 3136 868 neglexerint,
3169 800 3572 868 degradentur.

367 885 734 940 ecclesiarum
769 902 869 956 per
898 885 1153 956 singulos
1182 902 1364 940 annos
1388 886 1525 940 ﬁant
1545 887 1814 940 celebres.
2246 888 2354 957 (Em
2399 889 2621 942 concilio
2676 889 3108 954 Rothomage—nsi,
3143 890 3320 956 capite
3371 890 3440 957 l.)
3497 888 3694 943 Omnis
3749 905 3888 959 pre-

440 977 512 1028 Ex
543 974 780 1028 concilio
827 974 1244 1039 Aurelianensi,
1275 990 1398 1044 cap.
1443 977 1472 1028 3
1505 991 1518 1027 :
1552 975 1892 1028 Necessitate
1957 973 2064 1044 igi-
2174 977 2365 1046 sbyter
2398 977 2630 1030 missam
2659 975 2952 1030 celebrans
2987 977 3388 1043 communicet,
3423 977 3734 1048 divinaque
3769 993 3894 1047 my-

364 1067 458 1116 tur
488 1068 726 1132 cogente
775 1061 1015 1130 itineris,
1064 1062 1454 1132 permittimus
1506 1062 1784 1116 celebrari
1833 1063 2064 1115 missam
2175 1066 2348 1119 steria
2375 1065 2614 1119 diacono
2642 1065 2728 1118 vel
2785 1063 3155 1130 subdiacono,
3183 1064 3280 1135 qui
3313 1065 3558 1119 ministri
3591 1070 3726 1119 sunt
3750 1066 3894 1118 alta-

363 1152 421 1205 in
447 1151 711 1216 tentorio,
745 1150 860 1203 sive
891 1151 994 1204 sub
1043 1150 1194 1212 divo,
1246 1150 1306 1204 in
1360 1150 1544 1204 nitido
1591 1151 1734 1205 loco.
1793 1149 1904 1205 Sed
1944 1151 2067 1204 haec
2176 1154 2274 1222 ris,
2305 1154 2491 1208 tradat
2545 1153 2883 1224 colligenda.
2943 1153 3087 1207 Illud
3141 1153 3314 1206 etiam
3373 1154 3650 1219 attendat,
3681 1159 3753 1207 ut
3794 1170 3892 1206 eos

363 1239 833 1294 nullatenussine
865 1243 1193 1292 consecrata
1221 1239 1433 1293 tabula.
2175 1241 2410 1311 propria
2469 1257 2641 1295 manu
2701 1240 3106 1294 communicet.
3167 1241 3320 1294 Nulli
3373 1248 3566 1296 autem
3595 1242 3744 1296 laico
3799 1243 3892 1295 vel

435 1331 510 1383 Ex
543 1328 786 1398 epistola
815 1327 1183 1400 Thelesphori
1237 1344 1425 1398 papae,
1476 1345 1598 1399 cap.
1633 1330 1712 1382 6:
1773 1327 1938 1383 Missa
1974 1343 2064 1381 ce-
2174 1330 2404 1384 feminae
2462 1329 2863 1384 eucharistiam
2893 1329 2952 1382 in
3009 1345 3213 1382 manus
3256 1336 3453 1400 ponat,
3503 1331 3601 1384 sed
3657 1335 3891 1384 tantum

362 1417 637 1472 lebranda
665 1422 749 1470 est
795 1416 1037 1470 minime
1067 1421 1201 1470 ante
1259 1416 1456 1470 horam
1487 1416 1600 1470 diei
1643 1417 1892 1482 tertiam,
1933 1415 2067 1486 quia
2175 1417 2237 1471 in
2293 1434 2355 1471 os
2401 1417 2557 1486 ejus;
2592 1417 2640 1471 si
2697 1417 2826 1488 quis
2884 1417 2993 1471 hoc
3047 1417 3520 1488 transgrediatnr,
3583 1418 3654 1472 ab
3717 1419 3894 1472 altari

364 1507 563 1561 eadem
616 1505 760 1558 hora
811 1510 868 1558 et
921 1505 1195 1560 Dominus
1235 1505 1537 1559 crucifixus
1569 1510 1670 1572 est,
1725 1510 1778 1559 et
1821 1505 2064 1576 Spiritus
2175 1511 2555 1560 removeatur.

363 1600 591 1648 sanctus
623 1594 913 1648 descendit
941 1611 1113 1664 super
1137 1595 1444 1665 apostolos.
1478 1593 1768 1664 Excipitur
1804 1593 1865 1647 in
1900 1597 2065 1647 nocte
2249 1595 2326 1648 Ex
2355 1593 2592 1648 concilio
2635 1593 2987 1661 Laodicensi,
3020 1609 3141 1664 cap.
3174 1596 3241 1649 29
3275 1610 3288 1647 :
3342 1594 3502 1658 Quod
3534 1609 3654 1648 non
3709 1610 3893 1664 opor-

365 1683 576 1737 Natalis
612 1681 853 1735 Domini.
2107 1741 2146 1752 ἢ
2176 1687 2294 1736 teat
2331 1683 2390 1736 in
2421 1681 2668 1736 ecclesiis
2697 1699 2912 1752 agapea
2947 1682 3091 1749 ﬁeri,
3126 1698 3230 1736 nec
3274 1683 3594 1748 comedere,
3661 1698 3775 1736 nec
3807 1699 3893 1736 ac-

438 1773 512 1824 Ex
541 1770 786 1824 concilio
819 1769 1221 1836 Cabillonensi,
1253 1786 1375 1840 cap.
1410 1772 1476 1824 39
1506 1787 1518 1823 :
1562 1770 1757 1824 Visum
1790 1775 1873 1823 est
1902 1769 2069 1823 nobis
2107 1741 2149 1794 B
2180 1772 2402 1827 cubitus
2427 1777 2700 1826 sternere.

363 1865 426 1914 ut
475 1859 741 1913 omnibus
801 1859 1104 1912 missarum
1165 1858 1639 1922 solemnitatibus,
1708 1875 1813 1928 pro
1866 1858 2068 1912 defun-
2251 1861 2326 1914 Ex
2357 1859 2597 1912 concilio
2626 1859 2914 1926 Remensi,
2966 1875 3070 1929 cap
3125 1860 3156 1913 6
3194 1875 3206 1912 :
3246 1859 3317 1912 Ut
3346 1859 3510 1924 calix,
3544 1863 3601 1912 et
3647 1863 3889 1928 patens,

361 1954 581 2001 ctorum
615 1946 931 2016 spiritibus,
985 1947 1102 2000 loco
1135 1946 1485 2017 competenti
1540 1946 1815 2000 Dominus
1859 1947 2058 2017 depre-
2177 1949 2222 2002 si
2250 1965 2365 2002 non
2397 1965 2461 2002 ex
2491 1964 2650 2014 auro,
2699 1947 3047 2002 omnimodis
3099 1946 3199 2000 fiat
3228 1963 3292 2000 ex
3327 1953 3580 2017 argento.
3622 1947 3890 2001 Nimium

361 2041 539 2091 cetur.
2176 2041 2368 2090 tamen
2422 2052 2640 2107 pauper
2682 2041 2981 2090 stanneum
3033 2035 3239 2089 habeat
3295 2036 3548 2089 calicem.
3624 2036 3704 2088 De
3779 2053 3895 2090 mre

437 2126 735 2197 Dionysius
793 2123 1145 2194 Areopagita
1193 2123 1328 2178 dicit
1377 2122 1762 2194 blasphemias
1811 2123 1925 2177 Deo
1988 2123 2064 2177 fa-
2177 2129 2388 2190 autem,
2439 2126 2524 2179 vel
2585 2125 2888 2190 orichalco,
2925 2124 3012 2178 vel
3041 2124 3220 2194 ligno,
3255 2125 3339 2178 vel
3405 2125 3574 2190 vitro,
3637 2125 3893 2179 nullate-

362 2231 510 2280 cere,
539 2214 639 2285 qui
672 2213 871 2266 missas
903 2211 1071 2264 ofl‘ert
1100 2228 1204 2282 pro
1241 2211 1388 2265 malo
1422 2212 1674 2265 homine.
2176 2229 2281 2289 nus
2306 2213 2451 2267 calix
2477 2213 2537 2266 in
2559 2229 2667 2266 usu
2693 2213 2988 2266 habeatur.

432 2302 786 2373 Augustinus
869 2300 1006 2354 dicit
1063 2316 1166 2370 pro
1247 2301 1515 2354 omnibus
1578 2299 1916 2355 Christianis
1947 2315 2066 2353 esse
2246 2303 2321 2355 Ex
2351 2301 2552 2355 eodem
2585 2301 2870 2354 concilio:
2919 2300 3069 2354 Nihil
3109 2299 3167 2353 in
3224 2299 3391 2354 altari
3453 2306 3728 2370 ponatur,
3776 2302 3889 2356 nisi

360 2392 718 2457 faciendum;
753 2389 888 2460 quia
916 2389 1003 2442 vel
1036 2389 1117 2441 eis
1143 2389 1385 2458 proficit,
1419 2393 1519 2443 aut
1547 2387 1935 2453 offerentibus,
1970 2392 2069 2442 aut
2173 2406 2359 2460 capsae
2419 2406 2549 2444 cum
2604 2394 2932 2443 sanctorum
3000 2388 3277 2459 reliquiis,
3314 2393 3370 2443 et
3401 2395 3650 2460 quatuor
3693 2391 3880 2445 Evan-

364 2479 771 2551 pmnitentibus
800 2477 1079 2547 proderit.
2173 2479 2343 2548 gelia.

434 2570 512 2622 Ex
543 2566 780 2622 concilio
835 2565 1006 2619 Afric.
1043 2580 1165 2634 cap.
1224 2565 1340 2618 64:
1397 2565 1465 2618 Ut
1502 2580 1699 2634 preces
1755 2567 1813 2617 et
1858 2563 2065 2635 praefa-
2245 2568 2322 2620 Ex
2375 2565 2615 2620 concilio
2675 2564 3098 2636 Moguntiensi:
3136 2566 3204 2619 Ut
3250 2565 3381 2619 laici
3437 2565 3588 2620 inter
3637 2567 3889 2621 clericos

362 2657 546 2712 tiones
575 2671 694 2710 non
727 2654 1105 2715 celebrentur,
1140 2653 1245 2706 nisi
1279 2662 1406 2724 qna;
1437 2652 1498 2706 in
1538 2652 1778 2706 concilio
1811 2653 2066 2722 probata
2172 2671 2277 2709 nec
2307 2655 2375 2709 ad
2420 2655 2662 2726 vigilias,
2697 2671 2800 2708 nec
2829 2653 2900 2708 ad
2935 2654 3153 2721 missas,
3214 2654 3365 2708 intra
3395 2655 3676 2710 cancellos
3728 2661 3885 2711 stare

362 2745 592 2800 fuerint.
2171 2745 2261 2798 vel
2290 2744 2487 2798 sedere
2515 2748 2884 2814 praesumant.

431 2835 510 2887 Ex
580 2831 822 2886 concilio
900 2829 1246 2884 Nannetensi
1323 2845 1445 2900 cap.
1533 2831 1620 2882 30.
1687 2827 2065 2882 Definivitsa‘
2245 2833 2512 2904 Exempla
2543 2832 2824 2886 Anastasii
2881 2847 3090 2904 papae:
3157 2832 3234 2885 Ex
3268 2831 3580 2901 apostolica
3627 2834 3883 2888 auctori-

360 2939 518 2976 crum
571 2921 875 2975 concilium
926 2926 990 2973 ut
1033 2919 1225 2973 nullus
1269 2917 1568 2988 presbyter
1618 2917 1773 2970 solus
1827 2917 2059 2970 missam
2171 2926 2289 2976 tate
2320 2922 2660 2976 mandamus
2680 2926 2766 2987 ut,
2795 2922 2930 2975 dum
2964 2924 3155 2974 sancta
3185 2920 3491 2990 Evangelia
3532 2922 3879 2991 recitantur,

359 3011 648 3064 celebrare
694 3011 1034 3078 praesumat;
1069 3006 1206 3077 quia
1256 3010 1482 3076 oportet
1512 3022 1643 3060 eum
1682 3005 1893 3058 habere
1948 3005 2057 3060 sibi
2098 3007 2141 3060 D
2172 3011 2362 3064 nullus
2396 3010 2645 3064 sedendo
2685 3009 2913 3063 Domini
2942 3009 3114 3062 verba
3144 3007 3356 3062 audiat.

359 3103 638 3153 astantem
663 3098 730 3168 :et
783 3095 1241 3165 respondentem.
1303 3094 1358 3149 Si
1389 3093 1517 3164 quis
1565 3095 1684 3148 haec
1734 3097 2056 3164 transgres-
2237 3100 2312 3153 Ex
2401 3098 2642 3152 concilio
2696 3097 3056 3150 Avernensi:
3109 3097 3187 3150 De
3239 3096 3528 3166 opertorio
3588 3098 3882 3153 Dominici

356 3205 451 3242 sus
483 3187 676 3253 fuerit,
708 3185 778 3240 ab
809 3184 994 3238 ofﬁcio
1024 3183 1425 3254 suspendatur.
2163 3187 2416 3257 corporis
2444 3187 2529 3240 vel
2565 3185 2758 3240 altaris
2789 3200 3084 3256 nunquam
3117 3201 3343 3256 corpus,
3380 3184 3518 3239 dum
3554 3186 3624 3240 ad
3671 3192 3878 3241 tumu-

430 3280 505 3332 Ex
563 3276 813 3331 Decretis
873 3275 1090 3345 Pelagii
1145 3290 1334 3344 papae,
1393 3289 1516 3341 cap.
1557 3275 1633 3326 8:
1687 3271 2054 3326 Praefationes
2163 3274 2283 3327 lum
2336 3274 2536 3340 fertur,
2597 3275 2926 3345 obtegatur,
2986 3290 3090 3328 nec
3138 3289 3297 3328 sacro
3365 3275 3677 3345 velamine,
3736 3279 3875 3332 dum

355 3371 580 3421 tantum
611 3373 743 3420 sunt
787 3363 1149 3433 recipiendae.
1208 3363 1328 3415 Una
1358 3359 1418 3414 in
1469 3359 1836 3414 Paschalibus
1891 3360 2052 3423 albis,
2161 3363 2520 3417 honorantur
2561 3378 2821 3433 corpora,
2872 3363 3205 3433 polluantur
3254 3363 3484 3427 altaria;
3515 3379 3621 3418 nec
3679 3366 3753 3419 ad
3789 3367 3874 3420 di-

353 3457 465 3510 alia
516 3456 587 3510 de
643 3453 990 3508 Ascensione
1051 3450 1298 3515 Domini,
1354 3449 1521 3504 tertia
1579 3449 1641 3504 in
1697 3451 2049 3505 Pentecoste.
2161 3452 2357 3505 vinum
2413 3450 2795 3505 ministerium
2829 3451 3178 3522 pertinentia
3205 3452 3272 3506 ad
3320 3469 3594 3523 pompam
3640 3457 3876 3525 nuptia-

353 3550 556 3616 quarta
598 3544 658 3597 in
717 3541 899 3596 Natali
957 3540 1207 3606 Domini,
1280 3539 1482 3609 quinta
1556 3539 1624 3592 de
1693 3539 2054 3608 apparitione
2161 3555 2288 3593 rum
2319 3542 2682 3609 praestentur.

357 3633 598 3695 Domini,
629 3635 786 3685 sexta
834 3630 903 3684 de
933 3629 1227 3700 apostolis,
1298 3627 1540 3697 septima
1572 3627 1641 3680 de
1681 3632 1873 3681 sancta
1929 3627 2050 3681 Tri-
2229 3628 2579 3698 Augustinus
2631 3627 2703 3682 ad
2762 3627 3100 3682 Casulanum
3157 3627 3600 3698 presbyterum:
3653 3631 3717 3684 In
3781 3632 3875 3685 his

358 3723 555 3787 nitate,
583 3725 778 3774 octava
803 3719 872 3772 de
904 3734 1089 3784 cruce,
1150 3732 1302 3770 nona
1330 3715 1398 3769 de
1449 3715 1672 3785 jejunio
1727 3716 2051 3786 quadrage-
2159 3717 2348 3783 rebus,
2380 3717 2449 3770 de
2481 3716 2688 3787 quibus
2720 3715 2863 3770 nihil
2901 3717 3039 3770 certi
3081 3717 3277 3771 statuit
3315 3717 3502 3771 divina
3549 3718 3870 3788 Scriptura,

351 3810 538 3865 simali
587 3813 813 3863 tantum
873 3806 1131 3860 dicenda.
1183 3807 1292 3860 Has
1349 3805 1709 3875 praefationes
1778 3809 1934 3858 tenet
1998 3809 2053 3858 et
2161 3821 2282 3858 mos
2331 3805 2531 3876 populi
2584 3805 2686 3859 Dei
2744 3806 2828 3858 vel
2859 3804 3120 3859 instituta
3153 3805 3437 3874 majorum
3477 3821 3582 3875 pro
3613 3807 3739 3876 lege
3785 3815 3870 3862 te-

349 3901 597 3956 custodit
625 3902 816 3952 sancta
846 3898 1104 3951 Romana
1137 3895 1397 3950 Ecclesia.
1433 3897 1540 3949 llas
1577 3894 1856 3949 tenendas
1895 3895 2050 3948 vobis
2158 3895 2346 3949 nenda
2379 3898 2529 3948 sunt.
2565 3895 2649 3962 Et,
2699 3895 2843 3948 sicut
2899 3893 3394 3965 praevaricationes
3423 3895 3748 3950 divinarum
3791 3897 3874 3950 le-

350 4005 472 4044 esse
501 3987 861 4041 mandamus.
2158 3999 2317 4054 gum,
2350 3983 2428 4036 ita
2456 3986 2878 4052 contemptores
2935 3982 3444 4038 ecclesiasticarum
3495 3985 3870 4038 consuetudi-

421 4079 494 4132 Ex
525 4075 764 4130 concilio
802 4075 1072 4128 Toletano
1127 4089 1200 4138 ix,
1232 4087 1354 4143 cap.
1384 4073 1418 4125 2
1450 4089 1462 4126 :
1498 4072 1769 4126 Sacerdos
1817 4071 1876 4125 in
1903 4077 2046 4126 tem-
2157 4087 2296 4124 num
2323 4070 2622 4124 coercendi
2652 4073 2800 4124 sunt.

346 4183 486 4237 pore
539 4167 860 4226 missarum.
930 4165 1233 4233 postquam
1290 4177 1448 4215 sacra
1504 4161 1776 4232 mysteria
1851 4178 2046 4215 consc-
2230 4160 2341 4228 (Ea:
2389 4161 2612 4213 concilio
2687 4159 3088 4225 Aurelianensi,
3165 4161 3340 4228 capite
3409 4162 3485 4225 3.)
3575 4159 3726 4213 Nihil
3809 4161 3869 4214 in

343 4269 503 4308 crare
533 4253 786 4324 coeperit,
820 4252 866 4305 si
896 4268 1026 4305 eum
1055 4251 1242 4305 subita
1279 4250 1583 4303 infirmitas
1626 4254 1874 4320 coeptum
1921 4265 2045 4318 per-
2084 4279 2126 4333 Β
2160 4246 2396 4300 ecclesia
2446 4246 2671 4317 legatur
2725 4251 2822 4299 aut
2873 4251 3155 4315 cantetur,
3212 4247 3322 4300 nisi
3362 4263 3428 4300 ea
3455 4263 3585 4317 quae
3625 4250 3871 4302 auctori‘

342 4358 514 4412 agere
557 4341 906 4411 impedierit,
941 4341 1015 4394 sit
1041 4340 1286 4394 liberum
1334 4338 1600 4408 episcopo
1647 4339 1736 4391 vel
1805 4338 2043 4408 presby-
2157 4336 2287 4390 tatis
2319 4335 2526 4389 divina:
2576 4339 2708 4389 sunt
2758 4338 2814 4388 et
2870 4335 3100 4388 Patrum
3158 4334 3613 4389 orthodoxorum
3679 4337 3869 4391 sanxit

342 4435 464 4484 tero
506 4435 568 4484 ut
615 4431 759 4483 alter
809 4428 1297 4483 consecrationem
1346 4426 1515 4495 ccepti
1567 4425 1740 4479 ofﬁcii
1799 4426 2040 4496 expleat.
2153 4423 2482 4477 auctoritas.

344 4521 485 4574 Nam
517 4521 721 4573 iterata
781 4517 1051 4590 mysteria
1097 4531 1202 4568 nec
1253 4515 1504 4584 perfecta
1535 4514 1714 4569 videri
1767 4520 2042 4586 possunt;
2221 4513 2295 4566 Ex
2322 4511 2562 4566 concilio
2612 4510 2960 4578 Laodicensi,
2992 4527 3114 4580 cap.
3163 4514 3278 4566 59:
3330 4512 3394 4565 In
3447 4513 3683 4566 ecclesia
3745 4530 3864 4568 non

341 4607 451 4658 nisi
505 4605 868 4676 perfectionis
927 4603 1128 4657 ordine
1193 4603 1604 4672 compleantur.
1649 4601 1812 4664 Quod
1872 4601 2043 4657 etiam
2153 4600 2287 4654 licet
2327 4601 2501 4655 libros
2554 4600 2685 4670 legi,
2748 4599 2858 4652 nisi
2918 4600 3133 4653 Veteris
3181 4603 3238 4654 et
3296 4601 3438 4654 Novi
3489 4603 3859 4656 Testamenti.

340 4695 662 4747 consultum
714 4691 900 4746 cuncti
957 4690 1188 4744 ordines
1242 4691 1580 4743 clericorum
1651 4690 1895 4744 inditum
1956 4692 2040 4744 vel
2226 4691 2344 4756 (Ea:
2392 4689 2584 4742 deerat.
2642 4689 2790 4743 Sicuti
2814 4689 3022 4758 papas.)
3062 4688 3230 4743 Sacra
3258 4705 3392 4742 vasa
3443 4705 3560 4743 non
3615 4690 3683 4744 ab
3735 4690 3861 4743 aliis

339 4781 624 4835 indultum
652 4797 772 4834 esse
809 4777 914 4832 sibi
948 4794 1061 4830 non
1093 4778 1408 4848 ambigant,
1450 4777 1546 4830 sed
1591 4778 2045 4848 praecedentibus
2153 4781 2262 4834 nisi
2295 4796 2326 4832 a
2357 4779 2530 4833 sacris
2558 4778 2695 4832 viris
2734 4783 3067 4833 tractentur.

338 4871 527 4924 statim
560 4870 658 4923 alii
684 4885 787 4939 pro
839 4865 1262 4936 complemento
1314 4867 1640 4920 succedant.
1702 4868 1813 4920 Nec
1851 4871 2043 4920 tamen
2226 4869 2497 4940 Exempla
2523 4867 2733 4922 Soteris
2772 4883 2936 4938 papae
2970 4885 2982 4921 :
3017 4868 3258 4922 Sacratae
3304 4867 3554 4935 feminae,
3605 4868 3691 4921 vel
3734 4884 3855 4923 mo-

338 4960 491 5030 quod
551 4964 789 5023 naturae,
834 4953 1127 5024 languoris
1176 4971 1362 5021 causa,
1422 4955 1760 5022 consulitur,
1795 4956 1856 5008 in
1893 4972 2044 5025 prae-
2153 4959 2371 5025 nachm,
2405 4973 2562 5011 secra
2589 4973 2742 5023 vasa,
2774 4956 2862 5008 vel
2909 4972 3094 5009 sacras
3116 4957 3296 5026 pallas
3344 4956 3673 5010 nullatenus
3706 4973 3855 5026 prae-

336 5046 682 5118 sumptionis
719 5042 1030 5114 perniciem
1090 5046 1471 5094 convertatur.
1519 5043 1719 5096 Nullus
1773 5047 1906 5112 post
1963 5043 2040 5096 ci-
2155 5051 2384 5101 sumant
2432 5046 2788 5115 contingere,
2821 5045 2905 5098 vel
2969 5044 3269 5098 incensum
3323 5045 3472 5098 circa
3521 5044 3721 5098 altaria
3755 5046 3858 5099 de-

336 5137 474 5191 bum
505 5139 844 5205 potumque,
899 5131 1015 5184 sive
1061 5129 1361 5200 quodlibet
1387 5129 1691 5183 minimum
1719 5135 2037 5199 sumptum,
2152 5135 2322 5190 ferre.

339 5225 535 5279 missas
561 5224 768 5287 facere,
830 5221 1160 5289 nullusque,
1193 5218 1408 5288 absque
1441 5218 1688 5288 patentis
1759 5223 2041 5288 proventu
2225 5223 2492 5293 Exempla
2527 5221 2835 5278 Clementis
2867 5239 3029 5293 papae
3058 5244 3069 5278 :
3099 5223 3306 5277 Altaris
3351 5222 3526 5294 palla,
3568 5221 3853 5289 cathedra,

334 5313 634 5375 molestiae,
671 5309 934 5362 minister
982 5308 1067 5361 vel
1125 5306 1404 5372 sacerdos,
1457 5322 1588 5360 cum
1641 5305 1895 5375 coeperit,
1933 5306 2042 5361 im-
2152 5311 2580 5374 candelabrum,
2627 5315 2684 5364 et
2734 5311 2915 5364 udum
2983 5309 3104 5378 (sic)
3162 5315 3443 5365 vetustata
3516 5316 3857 5380 consumpta

331 5402 585 5475 perfecta
615 5398 803 5452 officia
835 5408 1150 5468 praesumat
1180 5394 1415 5449 omnino
1446 5395 1787 5465 relinquere.
1813 5394 1870 5449 Si
1911 5395 2042 5467 quis
2151 5399 2582 5466 comburantur,
2635 5403 2692 5451 et
2747 5397 2892 5451 cinis
2944 5397 3004 5452 in
3054 5399 3267 5453 mundo
3317 5399 3442 5452 loco
3481 5397 3641 5468 juxta
3675 5399 3850 5452 eccle-

328 5493 438 5546 hoc
505 5488 812 5543 temerarie
902 5483 1355 5558 praesumpserit,
1429 5485 2038 5540 excommunicationis
2149 5486 2293 5541 siam
2323 5486 2686 5541 recondatur.

365 5577 650 5630 ntentiam
682 5575 1003 5630 sustinebit.
2223 5576 2297 5627 Ex
2335 5575 2584 5627 Decretis
2619 5573 2831 5627 Gelasii
2861 5590 3027 5644 papae
3057 5591 3069 5629 :
3108 5575 3274 5629 Gesta
3322 5577 3650 5630 sanctorum
3701 5592 3847 5630 mar-
