3950 6314
146 295 277 344 1073
1060 292 1368 347 STATUTA
1406 293 1726 349 CANONUM
1770 293 1859 347 DE
1898 292 2173 348 OFFICIO
2211 291 2696 349 SACEBDOTUM.
3512 296 3642 347 l07~i

134 420 327 485 tyrum
384 419 578 467 sancta
633 413 880 468 Ecclesia
932 414 1155 486 recipit,
1207 431 1336 486 quas
1385 420 1579 470 tamen
1638 416 1698 470 in
1744 418 1837 470 Ec-
1874 420 1916 471 A
1950 432 2122 486 gnam
2174 417 2254 469 ita
2304 416 2652 487 infringente
2684 432 2696 470 :
2731 418 2793 469 In
2849 417 3080 470 nomine
3128 418 3338 482 Patria,
3386 423 3441 472 et
3480 418 3637 485 Filia,

136 502 308 557 clcsia
339 504 595 557 Romana
641 519 763 557 non
799 505 1094 573 leguntur,
1149 504 1285 575 quia
1328 509 1584 559 auctores
1633 521 1833 559 eorum
1943 509 2000 557 et
2029 504 2271 575 Spiritus
2299 505 2498 558 sancti.

139 592 510 663 ignorantur.
2012 594 2088 646 Ex
2120 593 2370 646 Decretis
2414 593 2639 647 Martini
2679 610 2842 663 papte
2872 598 2928 645 et
2975 594 3212 664 Eugenii
3254 611 3461 665 papae:
3499 596 3633 650 Ubi-

208 682 283 734 Ex
314 680 551 733 concilio
597 680 1064 751 Rothomagensi,
1119 696 1243 751 cap.
1279 684 1311 734 2
1346 697 1358 735 :
1389 683 1458 735 Ut
1500 686 1626 751 post
1663 698 1829 735 evan-
1941 697 2165 751 cunque
2196 681 2428 735 cuilibet
2470 682 2824 751 presbytero.
2859 682 2973 735 sive
3008 682 3068 735 in
3096 699 3215 747 sua,
3254 684 3368 735 sive
3399 684 3459 736 in
3490 684 3632 736 alte-

132 769 371 839 gelium,
405 768 568 822 ﬁnito
599 768 909 837 oﬁertorio,
954 786 1127 839 super
1159 770 1501 824 oblationem
1529 769 1829 825 incensum
1938 768 2059 821 rius
2118 769 2387 839 parochia
2426 769 2690 822 inﬁrmus
2748 769 3019 823 afferatur
3066 771 3135 823 ad
3196 770 3627 839 baptizandum,

131 861 391 926 ponatur
416 856 796 910 decrevimus.
1940 856 2188 927 baptizet
2218 874 2385 924 eum;
2419 859 2569 928 quod
2597 858 2642 910 si
2673 874 2785 911 non
2824 859 3040 925 fecerit,
3074 860 3414 927 deponatur.

208 945 321 1014 (Ea:
365 946 588 999 concilio
640 943 876 1014 Urbica.)
919 944 1192 1014 Exempla
1244 944 1446 999 Leonis
1484 961 1668 1016 papae,
1700 961 1824 1015 cap.
2009 946 2085 998 Ex
2140 946 2386 999 Decretis
2452 946 2765 999 Hormisdaz
2831 962 3016 1014 papae,
3070 962 3193 1015 cap.
3247 949 3275 999 3
3325 962 3337 999 :
3378 946 3435 999 Si
3502 946 3631 1017 quis

133 1035 213 1085 2:
249 1032 484 1095 Quoties
531 1032 826 1085 ecclesiam
860 1032 931 1085 ad
971 1048 1144 1101 quam
1192 1032 1527 1086 convenitur
1574 1049 1825 1101 praesen-
1936 1032 2205 1102 baptizat,
2259 1039 2356 1087 aut
2410 1034 2630 1103 aliquot
2684 1034 2942 1087 divinum
3000 1034 3247 1087 ofﬁcium
3315 1035 3630 1089 exercuerit

130 1119 212 1173 tia
260 1136 421 1173 novae
478 1120 661 1190 plebis
707 1120 1049 1191 impleverit,
1094 1121 1265 1174 toties
1319 1120 1580 1174 sacriﬁcii
1613 1121 1824 1175 oblatio
1936 1136 2038 1190 per
2063 1121 2442 1175 temeritatem
2496 1121 2635 1193 [non
2684 1122 2980 1175 ordinatur
3012 1122 3338 1188 (redundare
3386 1124 3621 1178 videtur.

128 1207 526 1261 indubitanter
574 1209 834 1271 iteretur,
871 1225 941 1261 ne
971 1209 1148 1280 aliqui
1181 1210 1585 1264 convenientes
1614 1210 1695 1264 ibi
1725 1227 1826 1264 sua
1936 1209 2069 1263 CAN.
2104 1210 2212 1279 leg.
2267 1227 2381 1262 non
2416 1210 2756 1279 ordinatus.)
2785 1210 2805 1281 ]
2839 1211 3140 1280 abjiciatur
3174 1211 3243 1264 ab
3276 1212 3539 1277 Ecclesia,
3572 1220 3627 1265 et

128 1296 436 1350 devotione
500 1297 820 1366 priventur.
862 1298 975 1351 Nec
1022 1297 1082 1351 in
1147 1298 1314 1351 altari
1373 1314 1486 1369 quo
1525 1298 1823 1368 episcopus
1934 1314 2233 1368 nunquam
2265 1298 2579 1352 ordinetur.

128 1384 365 1438 missam
398 1386 645 1439 cantavit
686 1386 981 1457 presbyter
1026 1402 1093 1439 eo
1126 1386 1216 1440 die
1264 1387 1496 1442 missam
1536 1388 1823 1441 celebrare
2007 1388 2080 1439 Ex
2110 1386 2359 1439 Decretis
2388 1387 2595 1440 Gelasii
2623 1402 2806 1456 papae,
2842 1402 2965 1456 cap.
2999 1392 3029 1441 7
3064 1403 3076 1440 :
3111 1387 3381 1440 Diacones
3411 1388 3623 1458 absque

124 1477 458 1540 prazsumat.
1933 1473 2200 1544 episcopo
2250 1478 2305 1527 et
2347 1474 2675 1543 presbytero
2723 1474 3011 1544 baptizare
3044 1491 3159 1527 non
3209 1475 3475 1541 audeant,
3510 1476 3623 1529 nisi

195 1560 270 1612 Ex
318 1560 568 1615 Decretis
614 1560 898 1615 Zachariae
945 1578 1109 1632 papa:
1150 1563 1259 1617 XIX
1307 1580 1319 1617 :
1357 1562 1684 1634 Episcopus,
1734 1565 1822 1618 vel
1930 1562 2222 1630 praedictis
2255 1562 2456 1615 ofﬁciis
2485 1562 2724 1615 fortasse
2744 1562 2912 1631 longe
2943 1562 3282 1628 constitutis,
3314 1564 3622 1618 necessitas

118 1647 439 1718 presbyter,
493 1652 798 1719 postquam
830 1650 903 1703 ad
948 1650 1180 1704 missam
1229 1651 1537 1719 introierit,
1584 1656 1640 1705 et
1689 1668 1817 1705 ora-
1858 1699 1896 1719 ἢ
1933 1653 2185 1702 extrema
2228 1650 2551 1719 compellat.
2602 1649 2762 1713 Quod
2792 1654 2846 1703 et
2875 1648 3032 1704 laicis
3071 1649 3405 1704 Christianis
3438 1651 3621 1706 facere

117 1736 341 1790 tionem
374 1736 603 1801 dixerit,
638 1737 751 1791 nisi
782 1737 974 1808 aliqua
1015 1738 1203 1808 passio
1247 1738 1608 1808 interveniat,
1658 1743 1817 1793 ante-
1858 1736 1898 1752 υ
1928 1738 2273 1809 plerumque
2303 1738 2645 1791 conceditur.

116 1841 292 1895 quam
328 1826 623 1897 inceptum
657 1826 1045 1881 ministerium
1076 1827 1332 1899 impleat,
1367 1829 1438 1882 ab
1469 1829 1671 1883 altario
1718 1828 1819 1883 Dei
1997 1827 2073 1879 Ex
2129 1826 2368 1880 concilio
2422 1826 2857 1891 Tarraconensi,
2917 1841 3038 1896 cap.
3073 1829 3103 1879 6
3148 1842 3161 1880 :
3206 1826 3366 1897 Saepe
3423 1833 3622 1882 contra

115 1914 447 1968 nullatenus
478 1915 769 1970 discedere
799 1916 1026 1970 audeat.
1706 1902 1709 1905 ’
1925 1913 2238 1967 secundum
2284 1913 2653 1967 conﬁrmatos
2698 1913 2991 1967 decretum
3040 1918 3164 1967 est:
3195 1914 3477 1969 Saeculum
3528 1933 3621 1970 re-

190 2004 299 2069 (Ea:
341 2004 562 2057 concilio
597 2006 911 2069 Turonensz',
946 2006 1123 2071 capite
1170 2004 1281 2067 37.)
1323 2003 1629 2057 Sciendum
1661 2005 1814 2075 quod
1924 2000 2208 2072 linquere,
2240 2006 2295 2055 et
2319 2002 2426 2055 soli
2473 2003 2588 2055 Deo
2636 2001 2826 2056 vivere
2872 2003 2961 2056 vel
2992 2002 3223 2066 servire,
3262 2003 3407 2057 sicut
3445 2008 3502 2058 et
3530 2004 3619 2058 bis

114 2090 364 2161 exceptis
433 2090 741 2145 Dominicis
806 2091 1026 2156 diebus,
1069 2094 1125 2144 et
1180 2090 1292 2144 illis
1356 2092 1815 2147 solemnitatibus
1922 2088 2259 2159 baptizatos.

116 2179 329 2248 quibus
373 2184 571 2233 sancta
605 2179 850 2233 Ecclesia
889 2179 963 2233 ob
1007 2179 1463 2233 recordationem
1508 2180 1816 2234 Dominicae
1995 2177 2074 2231 Ex
2118 2176 2369 2230 Decretis
2415 2176 2808 2230 Aurelianens.
2860 2194 2979 2248 cap.
3012 2182 3042 2232 5
3074 2194 3087 2230 :
3123 2179 3191 2231 Ut
3237 2194 3437 2234 omnes
3485 2196 3615 2250 per-

119 2268 551 2322 resurrectionis
604 2268 747 2321 solet
810 2267 1012 2321 stando
1059 2283 1241 2331 orare,
1302 2268 1429 2322 ﬁxis
1484 2268 1544 2322 in
1601 2275 1815 2323 terram
1923 2264 2084 2318 fectaa
2140 2265 2321 2320 atatis
2357 2264 2543 2335 jejuni
2594 2265 2661 2319 ad
2711 2265 3207 2320 conﬁrmationem
3262 2268 3511 2336 veniant,
3563 2274 3619 2323 et

116 2355 365 2424 genibus
413 2355 751 2426 suppliciter
806 2356 1080 2410 debemus
1125 2372 1309 2424 orare,
1375 2357 1445 2410 ad
1487 2358 1814 2429 exemplum
1925 2359 2270 2408 moneantur
2312 2353 2703 2408 confesaiones
2732 2354 2917 2408 facere
2964 2354 3145 2423 prius,
3180 2360 3242 2409 ut
3274 2358 3473 2411 mundi
3515 2359 3616 2412 do-

112 2445 267 2511 Jesu,
304 2448 358 2497 et
386 2444 439 2498 S.
469 2444 761 2513 Stephani,
795 2449 851 2498 et
882 2444 935 2499 S.
974 2444 1136 2498 Pauli
1159 2445 1419 2514 apostoli.
1923 2458 2063 2495 num
2095 2441 2274 2495 sancti
2318 2441 2560 2512 Spiritus
2592 2443 2815 2495 valeant
2864 2444 3134 2513 accipere.
3170 2444 3253 2511 Et,
3293 2445 3429 2515 quia
3458 2461 3615 2498 nun-

190 2533 268 2585 De
306 2536 659 2585 sacramento
690 2531 960 2602 baptismi
993 2548 1059 2586 ex
1110 2549 1163 2586 1v
1194 2533 1294 2587 lib.
1329 2533 1608 2602 ejusdem,
1652 2534 1815 2604 juxta
1924 2546 2098 2600 quam
2126 2530 2233 2584 erit
2276 2529 2649 2595 Christianus,
2681 2530 2793 2583 nisi
2823 2531 3128 2602 episcopali
3177 2532 3616 2588 conﬁrmatione

118 2620 415 2673 decretum
448 2620 649 2674 Leonis
675 2636 861 2690 papae,
896 2619 1139 2674 Victoris
1168 2636 1352 2691 papae,
1388 2621 1594 2675 Gelasii
1626 2638 1810 2692 papae,
1923 2618 2283 2672 chrismatus.

114 2707 318 2777 Syricii
367 2724 533 2778 papae
567 2725 578 2761 :
617 2709 781 2762 Nullo
820 2713 1081 2778 tempore
1127 2708 1531 2779 baptizandum
1566 2714 1667 2775 est,
1706 2710 1813 2764 nisi
1994 2705 2333 2760 Melchiades
2388 2721 2533 2777 papa
2573 2705 2843 2776 Hispanis
2893 2706 3193 2778 episcopis,
3246 2725 3368 2778 cap.
3404 2712 3434 2763 6
3466 2726 3477 2763 :
3510 2712 3614 2764 Ba-

110 2797 171 2851 in
222 2802 417 2851 sancto
478 2797 712 2851 sabbato
760 2798 990 2851 Pascha:
1031 2802 1087 2851 et
1140 2800 1492 2865 Pentecoste,
1554 2798 1664 2852 nisi
1706 2815 1811 2869 pro
1920 2794 2164 2865 plismus
2196 2799 2253 2848 et
2286 2794 2574 2864 impositio
2612 2811 2837 2862 manus,
2864 2802 3176 2867 utrumque
3221 2813 3521 2868 magnum,
3556 2799 3613 2854 id

107 2886 370 2957 periculo
406 2886 602 2940 mortis
625 2886 993 2957 anticipetur.
1921 2888 2025 2949 est,
2069 2887 2527 2948 sacramentum;
2575 2882 2674 2935 sed
2706 2899 2907 2936 manus
2938 2883 3230 2953 impositio
3279 2886 3486 2956 majori
3516 2903 3611 2941 ve-

185 2976 263 3027 Ex
315 2974 554 3027 decretis
611 2974 878 3028 Celestini
924 2991 1106 3045 papae,
1166 2992 1290 3046 cap.
1345 2980 1449 3032 l2:
1484 2977 1624 3031 Cum
1676 2993 1805 3047 par-
1844 2972 1882 3025 C
1919 2971 2213 3025 neratione
2242 2975 2327 3025 est
2357 2970 2551 3041 digna,
2583 2970 2797 3041 quippe
2831 2988 2861 3025 a
2903 2972 3036 3025 solis
3068 2973 3435 3043 pontiﬁcibus
3467 2976 3610 3029 acci-

110 3062 229 3115 vuli
279 3062 395 3116 sive
441 3063 683 3132 juvenes
729 3063 802 3117 ad
848 3063 1299 3134 regenerationis
1346 3066 1583 3120 veniunt
1621 3082 1804 3119 sacra-
1918 3058 2147 3129 pienda-
2194 3058 2337 3113 Sunt
2383 3063 2577 3112 tamen
2624 3059 2746 3112 haec
2777 3058 2888 3112 duo
2934 3060 3074 3114 adeo
3125 3062 3425 3131 conjuncta
3454 3069 3514 3117 ut
3537 3065 3608 3119 ab

113 3157 394 3219 mentum,
431 3168 549 3204 non
581 3152 741 3222 prius
769 3151 987 3207 fontem
1021 3152 1147 3207 vita:
1178 3154 1408 3221 adeant,
1440 3170 1615 3224 quam
1648 3170 1806 3208 exor-
1916 3147 2185 3215 invicem,
2227 3146 2341 3201 nisi
2371 3153 2551 3201 morte
2581 3148 2987 3217 praeveniente,
3036 3149 3363 3204 nullatenus
3393 3152 3611 3221 possint

109 3239 300 3293 cismis
331 3244 389 3293 et
434 3240 928 3295 exsufﬁationibus
975 3240 1315 3296 clericorum
1346 3242 1579 3312 spiritus
1626 3242 1695 3295 ab
1722 3243 1803 3297 eis
1915 3236 2226 3306 segregari.
2295 3240 2350 3290 et
2406 3252 2589 3289 unum
2649 3235 2770 3289 Sine
2836 3237 3013 3290 altero
3081 3236 3190 3291 rite
3254 3239 3454 3308 perﬁCi
3494 3257 3607 3294 non

107 3328 445 3382 immundus
478 3328 763 3397 abigatur.
1916 3329 2125 3395 potest.

185 3418 259 3469 Ex
316 3416 556 3470 concilio
608 3416 900 3482 Meldensi,
949 3432 1072 3486 cap.
1123 3422 1153 3470 7
1200 3434 1212 3471 :
1255 3416 1454 3470 Omnis
1511 3418 1804 3489 presbyter
1984 3412 2061 3465 Ex
2091 3411 2331 3465 concilio
2364 3411 2752 3481 Lugdunensi,
2789 3428 2917 3481 cap.
2960 3414 2989 3466 3
3021 3432 3037 3466 :
3074 3415 3142 3467 Ut
3170 3416 3361 3469 nullus
3392 3417 3460 3469 de
3493 3417 3604 3471 alio

108 3504 211 3575 qui
240 3504 461 3558 fontem
511 3504 803 3574 lapideum
832 3505 1041 3558 habere
1086 3505 1427 3576 nequiverit,
1468 3522 1563 3559 vas
1606 3523 1803 3561 conve-
1911 3500 2237 3566 Chrismate,
2289 3499 2402 3552 DiSi
2431 3500 2499 3553 de
2548 3515 2717 3565 DOVO,
2755 3501 2908 3571 (ἰυοά
2955 3502 3175 3571 proprii
3205 3503 3459 3574 episcopi
3490 3506 3604 3558 lar-

106 3594 274 3647 niens
301 3593 373 3647 ad
404 3594 513 3647 hoc
541 3593 899 3647 solummodo
929 3592 1257 3664 baptizandi
1286 3593 1535 3647 ofﬁcium
1570 3593 1797 3663 habeat,
1910 3588 2128 3658 gitione
2160 3587 2247 3641 vel
2295 3588 2660 3641 concessione
2690 3589 2924 3660 accepit,
2956 3589 3245 3660 baptizare
3278 3591 3387 3644 nisi
3420 3598 3603 3647 morte

104 3683 263 3753 quod
293 3687 452 3736 extra
478 3682 773 3735 ecclesiam
808 3698 926 3736 non
950 3683 1301 3752 deportetur.
1909 3680 2343 3746 praeoccupante
2377 3681 2702 3745 praesumat.

176 3774 284 3838 (Ea:
316 3772 526 3825 Decret.
574 3772 785 3841 Hygini
828 3786 1007 3839 papa,
1051 3773 1227 3839 capite
1275 3773 1385 3836 10.)
1416 3770 1689 3824 Similiter
1729 3772 1800 3826 ad
1980 3765 2053 3818 EX
2100 3765 2345 3819 concilio
2401 3766 2678 3829 Romano,
2725 3781 2848 3836 cap.
2908 3768 2977 3820 20
3011 3782 3023 3819 ε
3060 3768 3136 3820 De
3192 3767 3470 3822 scrutinio
3517 3769 3600 3823 fa-

103 3860 402 3929 corporale
451 3859 759 3913 lavandum
790 3864 845 3913 et
875 3859 945 3913 ad
992 3860 1173 3928 pallas
1203 3857 1396 3912 altaris
1427 3860 1666 3929 propria
1696 3860 1796 3914 ha-
1908 3853 2109 3907 ciendo
2139 3853 2499 3908 decernimus
2529 3856 2591 3907 ut
2624 3852 2766 3925 [ubi]
2803 3854 3120 3924 episcopus,
3153 3860 3207 3908 et
3234 3857 3328 3910 ubi
3355 3874 3600 3911 conven-

102 3949 348 4003 beantur
376 3965 524 4016 vasa,
557 3948 618 4001 in
647 3948 854 4019 quibus
884 3947 1029 4001 nihil
1062 3947 1219 4001 aliud
1250 3947 1368 4001 ﬁat.
1908 3948 1999 3996 tus
2042 3947 2128 3997 est
2168 3943 2390 4014 populi,
2425 3948 2481 3997 et
2510 3943 2664 4011 cleri,
2709 3949 2766 3998 et
2810 3943 3158 4013 possibilitas
3190 3946 3487 4015 permittit,
3521 3947 3601 4001 ibi

176 4038 239 4090 In
290 4037 697 4091 catechumeno
756 4042 813 4091 et
860 4036 921 4090 in
964 4036 1250 4107 baptismo
1297 4041 1355 4091 et
1400 4036 1460 4089 in
1491 4037 1796 4092 conﬁrma-
1908 4032 2243 4085 celebretur.

103 4126 262 4179 tione
295 4142 441 4179 unus
470 4126 731 4195 patrinus
779 4130 967 4196 potest
995 4126 1139 4193 ﬁeri,
1173 4126 1219 4179 si
1268 4125 1575 4180 necessitas
1606 4131 1792 4197 cogat.
1981 4121 2056 4174 EX
2105 4120 2348 4174 CODCiliO
2384 4119 2732 4187 Triblll‘enSi,
2787 4136 2910 4190 cap.
2945 4123 3013 4174 22
3044 4136 3057 4174 ε
3087 4122 3387 4176 Decretum
3427 4129 3511 4177 est
3540 4129 3602 4179 ut

102 4212 226 4264 Non
276 4215 361 4263 est
408 4214 601 4264 tamen
657 4209 1009 4264 consuetudo
1063 4210 1321 4265 Romana
1359 4227 1372 4264 :
1418 4227 1522 4281 per
1568 4210 1797 4281 singula
1840 4256 1879 4308 Β
1908 4208 2174 4278 deinceps
2229 4224 2332 4262 nec
2374 4224 2479 4279 pro
2538 4207 2921 4277 ordinatione,
2972 4225 3077 4263 nec
3133 4226 3238 4279 pro
3269 4210 3591 4279 chrismate,

104 4298 320 4368 singuli
350 4298 648 4368 recipiunt.
1840 4296 1876 4308 “’
1908 4297 1995 4350 vel
2025 4298 2332 4368 baptismo,
2361 4298 2448 4350 vel
2476 4296 2756 4363 balsamo,
2779 4298 2868 4350 vel
2896 4298 3211 4367 sepultura,
3236 4299 3323 4353 vel
3345 4316 3600 4355 commu-

179 4389 254 4440 Ex
318 4388 563 4441 Decretis
609 4386 808 4441 Leonis
854 4403 1016 4458 papae
1050 4404 1062 4440 :
1101 4388 1166 4441 Ut
1197 4402 1313 4441 non
1355 4387 1547 4457 plures
1580 4388 1650 4442 ad
1681 4404 1799 4441 sus-
1905 4384 2081 4440 nione
2111 4386 2429 4456 quidquam
2462 4384 2745 4455 exigatur.

104 4475 437 4546 cipiendum
486 4476 554 4530 de
617 4476 901 4546 baptismo
966 4475 1246 4530 infantem
1287 4476 1558 4530 accedant
1623 4492 1797 4546 quam
1907 4474 1987 4528 EX
2040 4474 2247 4529 LIBRO
2286 4475 2331 4527 V
2389 4474 2792 4527 BURCHARDI
2848 4474 3137 4528 DECRET.
3201 4474 3287 4528 DE
3338 4476 3596 4531 EUCHA-
3650 4536 3653 4537 ν

104 4581 274 4632 unus,
342 4563 458 4618 sive
507 4563 614 4631 vir,
674 4563 789 4617 sive
847 4563 1083 4617 femina.
1152 4565 1217 4617 In
1264 4563 1797 4618 conﬁrmationibus
2628 4562 2873 4616 RISTIA.

102 4670 335 4724 quoque
366 4653 424 4707 id
454 4654 644 4724 ipsum
674 4653 793 4707 ﬁat.
1978 4652 2055 4705 Ex
2086 4651 2301 4705 Decret.
2335 4650 2470 4704 Julii
2498 4666 2664 4720 papas
2710 4649 2781 4704 ad
2827 4648 3124 4719 episcopos
3151 4651 3376 4722 Egypti
3403 4668 3416 4705 :
3448 4653 3596 4709 Illud

171 4743 250 4795 Ex
299 4742 539 4795 concilio
587 4743 865 4812 Mogunt.,
917 4757 1038 4812 cap.
1067 4743 1100 4793 2
1135 4754 1147 4796 :
1179 4740 1246 4794 In
1293 4740 1576 4811 baptismo
1603 4742 1691 4796 vel
1737 4741 1795 4796 in
1903 4755 2058 4807 vero,
2082 4739 2230 4809 quod
2255 4738 2487 4809 quidam
2507 4755 2609 4808 pro
2630 4739 3050 4808 complemento
3071 4739 3493 4793 communionis
3514 4740 3598 4793 in-

103 4831 408 4884 chrismate
458 4846 570 4883 non
600 4834 788 4900 potest
819 4828 1101 4899 suscipere
1132 4828 1277 4882 alius
1308 4830 1481 4883 alium
1523 4831 1582 4883 in
1612 4830 1797 4886 ﬁlium
1903 4828 2139 4882 tinctam
2186 4828 2422 4882 tradunt
2449 4826 2853 4881 eucharistiam
2886 4827 3148 4898 populis;
3191 4844 3295 4882 nec
3325 4829 3431 4882 hoc
3462 4846 3595 4899 pro-

104 4921 225 4990 ipse
258 4920 358 4990 qui
386 4935 503 4973 non
534 4923 619 4973 est
644 4919 961 4989 baptizatus
990 4917 1075 4971 vel
1108 4918 1498 4972 conﬁrmatus.
1904 4917 2085 4971 latum
2141 4933 2209 4970 ex
2255 4916 2557 4986 Evangelio
2605 4915 2998 4970 testimonium
3048 4922 3389 4986 receperunt
3430 4934 3443 4971 :
3490 4917 3594 4972 Ubi

176 5009 250 5061 Ex
298 5007 537 5061 concilio
572 5006 894 5073 Parisiensi,
953 5022 1075 5076 cap.
1126 5008 1197 5059 2:
1234 5006 1302 5059 Ut
1348 5021 1519 5060 nemo
1575 5023 1605 5059 a
1637 5023 1794 5062 sacro
1903 5005 2177 5075 apostolis
2225 5021 2429 5075 corpus
2463 5020 2653 5067 suum,
2689 5008 2744 5058 et
2770 5005 3110 5075 sanguinem
3141 5005 3419 5058 Dominus
3446 5021 3596 5058 com-

104 5097 258 5151 fonte
291 5097 541 5168 aliquem
586 5094 877 5165 suscipiat,
927 5094 1037 5148 nisi
1069 5093 1389 5149 orationem
1441 5094 1794 5148 Dominicam
1904 5093 2210 5147 mendavit.
2272 5092 2516 5147 Seorsim
2560 5093 2715 5146 enim
2767 5093 2949 5164 panis,
2997 5098 3050 5147 et
3095 5108 3352 5147 seorsum
3407 5093 3595 5147 calicis

105 5192 161 5240 et
216 5186 548 5256 Symbolum
580 5184 742 5255 juxta
797 5183 1056 5253 linguam
1111 5199 1293 5250 suam,
1346 5186 1403 5237 et
1441 5183 1792 5237 intellectum
1903 5181 2327 5236 commendatio
2388 5185 2757 5236 memoratur.
2824 5183 2966 5236 Nam
3020 5181 3326 5235 intinctum
3386 5198 3594 5252 panem

105 5279 315 5342 teneat,
351 5277 406 5328 et
436 5289 625 5328 coram
657 5273 989 5343 presbytero
1016 5273 1296 5326 decantet.
1902 5270 2029 5324 aliis
2077 5271 2367 5325 Christum
2415 5286 2529 5324 non
2561 5269 2807 5340 legimus
2836 5270 3166 5339 praebuisse,
3221 5270 3330 5323 nisi
3361 5270 3443 5323 illi
3472 5273 3594 5324 tan-

176 5363 442 5433 Exempla
510 5362 786 5416 Zachariae
845 5377 1009 5431 papa:
1068 5361 1140 5415 ad
1198 5359 1551 5415 Bonifacium
1611 5361 1792 5414 archi-
1902 5364 2027 5412 tum
2078 5359 2381 5429 discipulo,
2429 5374 2599 5429 quem
2632 5358 2871 5411 intincta
2898 5358 3151 5411 buccella
3181 5358 3428 5427 Magistri
3460 5375 3593 5428 pro-

105 5452 439 5521 episcopum
471 5467 483 5503 :
517 5451 674 5515 Quod
703 5466 818 5503 non
850 5450 1123 5503 deberent
1153 5448 1488 5518 rebaptizari
1523 5449 1793 5518 baptizati
1903 5450 2147 5502 ditorem
2177 5450 2521 5515 ostenderet,
2552 5464 2666 5502 non
2706 5464 2835 5519 qua:
2865 5448 3034 5518 hujus
3067 5449 3407 5503 sacramenti
3435 5448 3597 5502 insti-

106 5558 137 5593 a
182 5539 514 5612 presbytero
563 5538 997 5609 grammaticam
1030 5537 1353 5607 ignorante,
1388 5536 1644 5591 Latinam
1692 5537 1796 5591 lin-
1902 5537 2184 5591 tationem
2211 5538 2558 5608 designaret.
