3950 6308
336 322 471 376 i075

1570 315 1937 384 ,APPENDlX
1973 317 2064 370 AD
2105 313 2603 371 BURCHARDUM.

3705 306 3851 358 1076

407 442 483 496 Ex
513 438 755 494 concilio
803 437 1144 506 Turonensi,
1174 454 1298 508 cap.
1329 438 1364 492 4
1414 452 1427 490 :
1468 438 1537 491 Ut
1570 435 1758 490 omnis
1789 435 2021 507 presby-

2226 451 2399 507 atium
2430 451 2673 505 fratrum
2721 463 2910 519 neque
2939 447 3000 501 in
3029 445 3308 502 sacriﬁcio
3353 460 3544 516 neque
3573 445 3634 498 in
3675 460 3853 516 gazo-

333 534 422 585 ter
447 530 656 584 habeat
706 545 801 582 vas
833 528 1133 594 mundum,
1169 527 1229 580 in
1264 542 1376 597 quo
1405 541 1611 595 corpus
1659 525 1882 580 Domini
1911 523 2036 579 dili-

336 623 540 690 genter
579 616 943 681 recondatur,
1002 621 1098 669 aut
1149 615 1217 668 ad
1266 614 1533 667 viaticum
1577 613 1971 668 recedentibus
2002 629 2035 666 a

337 707 547 761 saeculo
583 722 596 760 :
631 721 762 775 quae
793 709 987 758 tamen
1019 719 1177 757 sacra
1204 701 1414 756 oblatio
1443 702 1684 756 intincta
1713 701 1882 756 debet
1910 717 2034 756 esse

335 795 397 848 in
448 793 729 863 sanguine
780 791 1010 857 Christi,
1065 795 1128 844 ut
1181 790 1458 844 veraciter
1515 789 1814 861 presbyter
1857 791 2036 861 possit

339 881 525 936 dicere
569 879 800 934 inﬁrmo
834 895 847 934 :
883 879 1101 950 Corpus
1151 883 1208 932 et
1233 877 1466 948 sanguis
1513 877 1766 944 Domini,
1816 883 1874 931 et
1901 877 2032 930 reli-

339 985 472 1039 qua.
526 969 877 1038 Semperque
921 967 995 1020 sit
1052 983 1224 1037 super
1255 967 1432 1020 altare
1492 967 1756 1021 obserata
1800 969 2037 1036 propter

343 1073 535 1111 mures
565 1061 620 1110 et
664 1055 909 1110 nefarios
955 1055 1233 1109 homines.
1285 1055 1349 1108 Et
1377 1055 1446 1108 de
1494 1054 1736 1126 septimo
1767 1054 1827 1108 in
1860 1053 2035 1124 septi-

341 1159 501 1199 mum
553 1143 705 1198 diem
757 1159 983 1214 semper
1021 1147 1297 1210 mutetur,
1347 1149 1402 1197 et
1467 1160 1500 1196 a
1542 1143 1875 1213 presbytero
1939 1142 2035 1195 illa

340 1238 618 1287 sumatur.
682 1233 748 1286 Et
794 1232 878 1286 illi
941 1232 1147 1286 eodem
1202 1231 1293 1286 die
1347 1235 1673 1285 consecrata
1740 1231 1800 1284 in
1845 1231 2034 1284 locum

341 1321 599 1390 ejusdem
629 1320 990 1390 subrogetur,
1025 1336 1096 1374 ne
1122 1319 1270 1374 forte
1314 1320 1529 1374 diutius
1559 1323 1778 1373 servata
1810 1319 2037 1373 mucida

342 1411 441 1464 fiat
471 1424 485 1461 :
509 1407 666 1478 quod
696 1407 864 1461 absit.

416 1498 493 1552 Ex
559 1495 797 1550 concilio
857 1495 1270 1556 Aurelianensi,
1339 1511 1461 1565 cap.
1515 1496 1549 1549 4
1602 1510 1614 1547 :
1666 1493 1813 1547 Illud
1863 1493 2034 1546 etiam

345 1586 760 1640 adnectendum
817 1584 1048 1638 videtur
1104 1588 1170 1638 ut
1216 1583 1535 1637 oblationes
1584 1598 1713 1652 quae
1760 1583 1820 1636 in
1859 1582 2037 1635 altare

346 1675 685 1739 oiferuntur,
733 1673 802 1726 de
847 1672 1092 1727 Sabbato
1129 1671 1190 1725 in
1248 1671 1560 1726 Sabbatum
1609 1685 1834 1740 semper
1877 1670 2039 1723 inno-

349 1767 554 1816 ventur
580 1761 724 1814 sicut
754 1777 928 1831 panes
959 1759 1387 1831 propositionis,
1421 1775 1492 1812 ne
1523 1759 1622 1813 diu
1669 1758 1876 1812 servati
1909 1773 2037 1810 mu-

349 1851 462 1905 cidi
495 1851 651 1914 ﬁant,
704 1854 767 1903 ut
815 1849 1051 1919 quidam
1096 1849 1366 1912 sentiunt,
1420 1849 1550 1919 igne
1581 1853 2035 1902 concrementur.

350 1939 510 2004 Quod
543 1939 589 1992 si
637 1939 781 2008 quis,
817 1938 1044 1992 diabolo
1074 1937 1402 2007 instigante,
1434 1937 1617 1990 facere
1661 1951 2039 2007 praesumpse-

351 2028 442 2093 rit,
477 2028 785 2082 anathema
814 2027 904 2080 sit.

418 2118 490 2170 Ex
537 2115 775 2169 concilio
824 2115 1090 2184 Carthag.
1141 2131 1262 2184 cap.
1319 2115 1428 2168 38:
1471 2114 1536 2168 Ut
1565 2113 1856 2178 diaconus,
1889 2128 2036 2182 prae-

347 2209 504 2257 sente
533 2204 867 2273 presbytero
890 2207 942 2256 et
975 2203 1369 2273 praecipiente,
1391 2202 1793 2256 eucharistiam
1823 2201 2039 2271 populo

348 2293 667 2358 distribuat,
703 2291 750 2344 si
780 2291 1083 2344 necessitas
1117 2295 1300 2360 cogat.

420 2382 477 2436 S.
537 2380 800 2435 Ambros.
865 2381 936 2434 ad
982 2379 1380 2451 quotidianam
1439 2378 1794 2432 eucharistim
1844 2395 2039 2449 perce-

349 2471 604 2542 ptionem
629 2469 905 2522 hortatur.

420 2558 659 2612 Sanctus
711 2556 959 2610 Hilarius
1023 2556 1322 2627 episcopus
1383 2555 1519 2610 dicit
1574 2571 1586 2608 :
1642 2556 1765 2609 Non
1833 2555 2042 2608 debere

351 2643 604 2714 separari
669 2661 701 2696 a
771 2642 1053 2696 medicina
1105 2642 1358 2712 corporis
1419 2641 1644 2695 Domini
1693 2641 1802 2694 nisi
1869 2656 2042 2711 quem

350 2733 487 2787 talia
517 2736 879 2804 praegravant
909 2736 1157 2802 peccata,
1203 2747 1306 2801 pro
1332 2730 1539 2800 quibus
1586 2730 1790 2784 debeat
1822 2745 2044 2783 excom-

352 2819 649 2874 municari.
1958 2807 1966 2818 ’

423 2907 502 2960 Ex
559 2905 806 2962 Decretis
869 2905 1122 2960 Silvestri
1171 2921 1351 2975 papae,
1409 2920 1532 2974 cap.
1575 2905 1608 2957 4
1657 2920 1669 2957 ί
1713 2904 1936 2972 Singuli
1983 2903 2042 2956 in

354 2994 662 3049 Dominicis
707 2994 908 3049 diebus
957 2994 1016 3047 in
1065 2994 1410 3062 Quadrages.
1473 2996 1678 3062 printer
1723 3007 2047 3045 excommu-
2085 2983 2125 3037 C

353 3084 571 3138 nicatos
602 3087 658 3135 et
686 3081 914 3152 publice
966 3081 1310 3152 poenitentes
1357 3079 1760 3133 eucharistiam
1789 3084 2040 3133 sumant.

355 3175 421 3228 Et
451 3171 510 3225 in
555 3171 724 3226 Coena
769 3170 1014 3236 Domini,
1060 3170 1118 3223 in
1165 3169 1375 3239 vigiliis
1407 3169 1656 3234 Paschaa,
1709 3173 1762 3223 et
1809 3169 1865 3222 in
1899 3171 2043 3222 Pen-

354 3264 588 3327 tecoste,
637 3264 693 3311 et
741 3260 922 3313 Natali
974 3257 1199 3313 Domini
1248 3257 1474 3328 penitus
1521 3257 1593 3311 ab
1649 3257 1913 3311 omnibus
1961 3260 2046 3310 est

355 3347 918 3404 communicandum.

428 3447 500 3501 Ex
531 3445 772 3500 concilio
815 3445 1181 3510 Eliberitano,
1216 3461 1338 3514 cap.
1371 3447 1400 3498 3
1435 3460 1448 3498 :
1482 3442 1679 3498 Omnis
1709 3443 1883 3496 homo
1916 3445 2046 3494 ante

357 3551 571 3588 sacram
638 3535 1106 3588 communionem
1155 3549 1186 3586 a
1235 3532 1470 3604 propria
1536 3546 1709 3585 uxore
1760 3530 2047 3584 abstinere

356 3623 526 3678 debet
550 3627 600 3689 3,
637 3629 734 3676 aut
766 3627 818 3689 5,
852 3627 951 3676 aut
977 3627 1008 3676 '7
1037 3621 1176 3675 dies.

427 3723 503 3775 Ex
535 3736 754 3775 canone
799 3719 1088 3792 Agatensi.
1132 3719 1439 3774 Saeculares
1469 3733 1601 3772 vero
1645 3716 1745 3786 qui
1775 3716 1834 3769 in
1868 3714 2050 3769 Natali

361 3809 608 3878 Domini,
654 3813 710 3862 et
742 3809 972 3874 Pascha,
1017 3812 1073 3862 et
1118 3809 1444 3861 Pentecoste
1492 3821 1611 3859 non
1659 3803 2047 3858 communica-

360 3897 566 3964 verint,
600 3896 862 3950 catholici
895 3913 1006 3950 non
1032 3895 1373 3949 habeantur.

432 4003 734 4074 Presbyter
763 4003 858 4071 qui
893 4002 1058 4068 laico,
1093 4001 1176 4055 vel
1197 4001 1446 4062 feminae,
1480 4000 1582 4070 qui
1614 4015 1715 4053 nec
1737 3997 2048 4052 sacrarium

358 4091 587 4162 ingredi
631 4091 719 4146 vel
765 4091 972 4145 sanctis
1021 4097 1347 4144 sanctorum
1399 4087 1865 4160 appropinquare
1912 4103 2046 4158 per-

358 4181 690 4247 mittuntur,
757 4179 1159 4234 eucharistiam
1226 4179 1297 4234 ad
1369 4178 1739 4233 deferendum
1813 4176 2046 4230 inﬁrmo

359 4268 731 4336 commiserit,
797 4269 1006 4339 gradus
1058 4267 1146 4322 sui
1201 4268 1452 4339 periculo
1509 4265 1840 4337 subjacebit.
1904 4266 2046 4319 Nam

358 4357 479 4427 ipse
529 4356 824 4428 presbyter
855 4372 958 4428 per
999 4356 1370 4426 semetipsum
1409 4356 1577 4411 debet
1623 4353 2047 4409 communicare

357 4444 678 4500 inﬁrmum.

432 4551 554 4618 (Ea:
582 4551 805 4605 concilio
851 4549 1188 4615 Laodicensi,
1234 4553 1412 4620 capite
1446 4549 1547 4619 19.)
1599 4548 1742 4603 Solis
1773 4548 2048 4602 ministris

359 4654 518 4692 sacro
549 4638 739 4692 ordini
785 4637 992 4693 deditis
1021 4638 1090 4692 ad
1111 4650 1116 4654 ’
1135 4639 1312 4692 altare
1343 4637 1609 4692 accedere
1647 4642 1704 4691 et
1731 4637 2049 4690 communi-

359 4743 487 4782 care
518 4728 704 4782 liceat.

431 4835 538 4901 (Ea:
571 4833 766 4887 decret.
819 4834 1071 4888 Silvestri
1095 4849 1276 4902 papa,
1307 4834 1484 4900 capite
1530 4835 1605 4897 7.)
1637 4831 1840 4887 Nullus
1869 4833 2051 4902 acoly-

361 4921 590 4975 thorum
636 4921 722 4974 vel
769 4921 1251 4975 subdiaconorum
1285 4936 1401 4973 rem
1444 4921 1560 4989 jam
1600 4925 1984 4974 consecratam
2017 4936 2048 4973 a

357 5009 691 5081 presbytero
755 5010 881 5063 aliis
949 5009 1224 5080 porrigat,
1290 5007 1398 5060 nisi
1465 5011 1688 5062 tantum
1751 5008 2049 5079 subportet

356 5099 507 5169 quod
537 5099 590 5152 ei
617 5099 880 5152 sacerdos
909 5095 1266 5168 imposuerit.

429 5205 724 5272 (Fabianus
759 5219 931 5272 papa,
984 5204 1163 5272 capite
1230 5203 1341 5268 10.)
1383 5199 1735 5255 Sacriﬁcium
1800 5216 1914 5254 non
1963 5205 2048 5254 est

357 5293 748 5363 accipiendum
781 5292 850 5346 de
902 5307 1076 5345 manu
1129 5289 1435 5343 sacerdotis
1475 5289 1573 5360 qui
1624 5288 1911 5342 orationes
1959 5290 2043 5343 vel

353 5381 628 5436 lectiones
675 5384 731 5434 et
773 5380 1020 5451 reliquas
1067 5377 1486 5433 observationes
1515 5377 1575 5430 in
1626 5375 1798 5430 missa
1845 5391 2046 5430 secun-

356 5472 494 5526 dum
528 5469 701 5524 ritum
730 5469 970 5539 implere
1001 5483 1112 5520 non
1142 5469 1351 5537 potest.

428 5566 536 5635 (Ea;
576 5565 800 5620 concilio
843 5565 1126 5630 Carthag.,
1173 5565 1349 5632 capite
1379 5561 1492 5631 23.)
1525 5561 1853 5618 Oblationes
1880 5561 2044 5617 dissi-

2142 541 2402 612 phylacio
2432 538 2802 610 recipiantur.

2214 650 2323 719 (Em
2352 649 2575 715 eodem.)
2609 648 2820 700 Eorum
2861 644 2962 715 qui
3001 657 3285 714 pauperes
3317 639 3656 711 opprimunt
3692 639 3857 694 dona

2143 753 2176 790 a
2208 737 2595 792 sacerdotibus
2621 733 2938 789 refutanda.

2213 845 2322 909 (Ea:
2349 846 2619 912 responsis
2675 842 2728 893 S.
2763 840 3012 910 Gregorii
3039 838 3113 892 ad
3143 837 3445 901 Augustin.
3491 835 3858 904 archiepisc.)

2143 930 2335 984 illusio
2402 945 2505 999 per
2542 928 2832 982 somnium
2879 925 3189 996 aliquando
3252 923 3317 978 ﬁt
3370 938 3474 993 per
3519 923 3856 991 crapulam,

2142 1019 2453 1090 aliquando
2506 1034 2571 1071 ex
2615 1021 2835 1070 naturas
2883 1013 3299 1085 superﬂuitate,
3345 1012 3430 1066 vel
3481 1011 3857 1078 inﬁrmitate,

2143 1107 2453 1178 aliquando
2489 1123 2552 1160 ex
2601 1104 2964 1176 cogitatione.
3021 1103 3080 1158 Si
3109 1117 3247 1170 ergo
3297 1100 3488 1154 illusio
3519 1115 3584 1153 ex
3639 1105 3860 1152 natura

2143 1195 2420 1262 evenerit,
2452 1211 2566 1248 non
2597 1198 2682 1247 est
2703 1193 2978 1250 timenda,
3001 1190 3135 1261 quia
3165 1191 3313 1243 hanc
3335 1187 3559 1241 animus
3583 1185 3858 1240 nesciens

2144 1283 2445 1354 pertulisse
2469 1282 2652 1352 magis
2673 1280 2988 1336 dolendum
3011 1283 3095 1332 est
3125 1293 3298 1349 quam
3321 1277 3542 1331 fecisse.
3567 1275 3860 1329 Illusione

2144 1377 2336 1426 autem
2365 1387 2470 1440 per
2517 1370 2810 1439 crapulam
2841 1368 3069 1422 animus
3110 1365 3344 1437 quidem
3394 1364 3562 1418 habet
3589 1363 3859 1434 aliquem

2147 1465 2390 1524 reatum,
2445 1475 2561 1512 non
2593 1463 2787 1511 tamen
2834 1472 3015 1526 usque
3062 1455 3132 1509 ad
3175 1453 3621 1524 prohibitionem
3665 1451 3864 1521 perci-

2145 1549 2372 1619 pienda
2419 1547 2796 1616 eucharistiae,
2851 1546 2936 1599 vel
2979 1543 3331 1598 celebrandae
3383 1542 3589 1606 missas,
3632 1542 3683 1594 si
3729 1541 3862 1594 dies

2147 1637 2324 1690 festus
2385 1635 2582 1705 exigit,
2637 1650 2743 1689 nec
2801 1633 2926 1703 ipse
2964 1632 3260 1703 presbyter
3313 1629 3584 1684 vicarium
3636 1629 3867 1682 habere

2151 1724 2422 1795 potuerit.
2473 1725 2632 1778 Tunc
2679 1723 2914 1794 quidem
2962 1721 3197 1775 mutatis
3243 1719 3493 1773 vestibus
3539 1722 3760 1772 cantet.
3800 1716 3863 1772 Si

2150 1817 2342 1866 autem
2390 1811 2689 1881 presbyter
2730 1809 3004 1863 vicarium
3049 1807 3242 1874 habet,
3276 1806 3466 1859 illusio
3515 1821 3617 1874 per
3646 1820 3864 1874 crapu-

2149 1901 2260 1954 lam
2308 1916 2420 1953 non
2453 1916 2486 1952 a
2531 1897 2922 1970 perceptione,
2983 1897 3079 1950 sed
3125 1895 3196 1950 ab
3242 1893 3640 1948 immolatione
3705 1893 3864 1947 sacri

2151 1987 2405 2058 mysterii
2436 1986 2742 2057 prohibere
2773 1986 2964 2050 debet,
2997 1985 3044 2037 si
3071 1989 3267 2038 tamen
3303 1981 3644 2037 dormientis
3692 1997 3867 2034 men-

2149 2081 2265 2130 tem
2313 2075 2468 2144 turpi
2516 2074 2931 2144 imaginatione
2974 2089 3092 2126 non
3141 2070 3508 2126 concusserit.
3543 2070 3685 2123 Nam
3723 2073 3864 2123 sunt

2150 2162 2358 2233 quibus
2408 2163 2754 2232 plerumque
2808 2161 3000 2215 illusio
3062 2160 3334 2226 nascitur,
3388 2175 3495 2214 nec
3540 2163 3741 2213 tamen
3800 2157 3865 2211 in

2150 2267 2352 2305 somno
2384 2251 2612 2304 animus
2641 2265 2839 2304 eorum
2885 2249 3150 2318 turpibus
3189 2249 3536 2318 imaginibus
3580 2246 3859 2312 findatur,

2150 2339 2250 2409 qui
2280 2345 2473 2392 tamen
2506 2355 2564 2391 se
2597 2338 2656 2390 in
2683 2337 2998 2406 ingluviem
3028 2336 3295 2391 cecidisse
3325 2335 3612 2404 vigilando
3644 2334 3862 2388 memi-

2153 2428 2254 2481 nit.
2288 2427 2345 2481 Si
2374 2443 2504 2480 vero
2534 2443 2598 2480 ex
2634 2427 2787 2496 turpi
2818 2425 3166 2494 cogitatione
3196 2425 3485 2494 vigilantis
3513 2423 3703 2477 oritur
3732 2423 3864 2476 illu-

2151 2515 2236 2568 sio
2267 2515 2626 2576 dormientis,
2672 2513 2810 2584 quia
2835 2513 3064 2566 animus
3109 2513 3261 2583 quod
3293 2511 3558 2581 cogitavit
3589 2512 3862 2564 nesciens

2154 2603 2408 2674 pertulit,
2466 2601 2666 2656 eadem
2713 2601 2805 2655 die
2859 2618 2889 2654 a
2920 2617 3078 2654 sacro
3113 2601 3380 2672 mysterio
3430 2605 3515 2654 est
3544 2600 3859 2653 abstinen-

2152 2691 2308 2745 dum.
2363 2690 2470 2745 Sed
2501 2690 2794 2760 pensanda
2848 2695 2934 2743 est
2987 2690 3111 2760 ipsa
3158 2688 3448 2759 cogitatio,
3493 2705 3564 2741 an
3609 2693 3768 2741 esset
3800 2687 3859 2740 in

2153 2778 2541 2849 suggestione,
2589 2794 2660 2831 an
2703 2779 2762 2832 in
2795 2777 3190 2842 delectatione,
3222 2794 3293 2830 an
3327 2777 3386 2830 in
3414 2791 3722 2829 consensu.
3773 2776 3861 2829 Fit

2152 2873 2345 2920 autem
2365 2865 2653 2936 suggestio
2675 2882 2779 2936 per
2807 2865 3120 2928 diabolum,
3147 2864 3445 2917 delectatio
3469 2880 3572 2933 per
3593 2879 3856 2929 carnem,

2152 2969 2463 3007 consensus
2492 2970 2596 3023 per
2643 2953 2930 3024 spiritum.
2977 2954 3116 3007 Cum
3159 2953 3335 3022 igitur
3364 2952 3704 3005 immundus
3745 2952 3859 3020 spi-

2156 3040 2300 3094 ritus
2353 3042 2606 3111 suggerit
2667 3046 2984 3110 peccatum,
3045 3041 3092 3094 si
3141 3056 3271 3094 caro
3335 3056 3450 3093 non
3512 3039 3856 3105 delectatur,

2154 3134 2449 3200 peccatum
2521 3130 2847 3184 nullatenus
2912 3133 3295 3200 perpetratur.
3361 3129 3418 3183 Si
3477 3132 3672 3181 autem
3721 3143 3860 3181 caro

2154 3217 2391 3288 cmperit
2437 3217 2725 3284 delectari,
2776 3217 2980 3288 incipit
3009 3223 3304 3287 peccatum
3355 3216 3525 3270 nasci.
3561 3215 3618 3270 Si
3660 3221 3859 3269 autem

2155 3321 2314 3359 mens
2344 3304 2699 3359 consenserit
2727 3305 3092 3359 delectationi
3121 3309 3257 3359 tunc
3288 3309 3583 3374 peccatum
3631 3306 3864 3357 constat

2153 3393 2372 3464 perﬁci.

2224 3499 2386 3568 Saepe
2420 3503 2615 3553 tamen
2660 3499 2942 3568 contingit
2983 3502 3046 3552 ut
3074 3513 3235 3552 mens
3266 3501 3551 3568 repugnet
3595 3497 3757 3551 carni
3787 3513 3856 3552 ex

2154 3587 2521 3656 suggestione
2551 3586 2832 3640 diabolica
2853 3587 3175 3640 delectanti.

2226 3691 2344 3760 (Eat
2365 3693 2780 3762 Pamitentiali.)
2811 3692 2920 3756 Qui
2940 3691 3281 3746 sacriﬁcium
3296 3691 3635 3759 evomuerit,
3651 3692 3722 3745 40
3733 3690 3855 3744 dies

2153 3781 2448 3853 paeniteat.
2481 3781 2540 3836 Si
2570 3781 2923 3836 inﬁrmitatis
2955 3797 3143 3845 causa,
3173 3785 3202 3834 7
3235 3780 3435 3834 diebus
3460 3796 3474 3846 ;
3500 3780 3547 3832 si
3568 3779 3627 3833 in
3657 3780 3853 3849 ignem

2156 3870 2484 3942 projecerit,
2520 3873 2620 3924 tOO
2668 3870 2920 3940 psalmos
2962 3873 3174 3923 cantet.
3206 3868 3260 3923 Si
3295 3885 3427 3922 vero
3471 3883 3641 3921 canes
3679 3870 3852 3921 talem

2155 3959 2436 4012 vomitum
2466 3958 2796 4026 lamberint,
2844 3960 2946 4012 1οΟ
2977 3958 3097 4012 dies
3128 3958 3227 4027 qui
3270 3973 3406 4009 even
3436 3956 3522 4009 uit
3561 3956 3853 4026 pmniteat.

2156 4045 2265 4110 Qui
2302 4060 2434 4099 vero
2464 4061 2579 4099 non
2607 4045 2751 4098 bene
2779 4044 3112 4099 custodierit
3141 4044 3502 4110 sacriﬁcium,
3532 4049 3589 4096 et
3618 4043 3849 4114 aliquod

2157 4133 2368 4187 animal
2399 4133 2715 4187 comederit
2748 4133 2910 4200 illud,
2946 4134 3016 4186 40
3045 4133 3164 4186 dies
3195 4133 3484 4203 pmnitoat.
3517 4131 3624 4195 Qui
3657 4138 3849 4187 autem

2086 4263 2128 4316 Β
2157 4222 2472 4293 perdiderit
2500 4221 2641 4276 illud
2700 4222 2756 4276 in
2803 4221 3058 4287 ecclesia,
3105 4225 3201 4275 aut
3231 4237 3362 4291 pars
3410 4220 3532 4290 ejus
3562 4219 3843 4285 ceciderit,

2157 4315 2213 4364 et
2251 4326 2367 4364 non
2401 4310 2630 4364 inventa
2673 4311 2864 4375 fuerit,
2910 4311 2980 4364 2O
3011 4311 3130 4364 dies
3168 4310 3458 4380 paeniteat.
3499 4307 3846 4362 Perfundens

2156 4399 2371 4469 aliquid
2404 4399 2474 4453 de
2500 4399 2674 4452 calice
2711 4415 2882 4470 super
2912 4399 3108 4463 altare,
3143 4401 3174 4452 6
3204 4398 3324 4450 dies
3355 4397 3649 4466 paeniteat,
3681 4397 3763 4449 vel
3791 4400 3842 4451 8.

2158 4488 2222 4541 Et
2259 4487 2359 4558 qui
2389 4487 2671 4557 acceperit
2699 4487 3043 4542 sacriﬁcium
3072 4487 3326 4558 pollutus
3363 4491 3644 4539 nocturno
3680 4483 3843 4556 [tem-

2158 4574 2321 4648 pore]
2357 4581 2388 4631 7
2415 4575 2558 4630 dies.

2229 4680 2342 4740 (Ea:
2388 4681 2754 4734 Pwnitentiali
2813 4683 3068 4748 Romano,
3125 4683 3192 4735 De
3237 4683 3531 4750 sacriﬁcio;
3596 4683 3677 4735 Ea:
3737 4683 3843 4735 Pce-

2156 4769 2434 4823 nitentiali
2461 4768 2743 4838 quodam.)
2770 4769 2825 4823 Si
2857 4769 3120 4824 ceciderit
3149 4769 3491 4824 sacriﬁcium
3522 4770 3582 4822 in
3615 4779 3836 4835 terram,

2157 4873 2262 4910 nec
2298 4856 2593 4910 inventum
2649 4857 2840 4923 fuerit,
2873 4875 3044 4912 omne
3087 4858 3472 4928 quodcunque
3522 4858 3839 4911 inveniatur

2158 4946 2215 4999 in
2249 4945 2372 4999 loco
2401 4945 2463 4999 in
2524 4962 2632 5016 quo
2664 4946 2867 5001 cecidit
2922 4947 3310 5015 comburatur,
3365 4954 3421 5000 et
3459 4947 3622 5017 juxta
3670 4947 3836 4999 altare

2157 5033 2300 5086 cinis
2345 5034 2705 5088 recondatur.
2760 5035 2825 5088 Et
2852 5034 2944 5088 cui
2991 5034 3278 5103 acciderit,
3331 5034 3580 5088 medium
3630 5050 3833 5088 annum

2157 5122 2447 5192 paeniteat.
2481 5122 2538 5177 Si
2569 5139 2698 5177 vero
2749 5123 3047 5177 inventum
3095 5123 3268 5177 fuerit
3296 5123 3659 5189 sacriﬁcium,
3687 5123 3833 5175 locus

2154 5210 2336 5281 scopis
2389 5210 2722 5277 mundetur,
2773 5216 2829 5263 et
2858 5214 3105 5264 stramen
3142 5210 3260 5280 igni
3306 5211 3488 5272 detur,
3526 5213 3583 5263 et
3611 5208 3744 5262 cinis
3777 5215 3834 5262 ut

2155 5315 2328 5370 supra
2370 5298 2732 5364 recondatur,
2780 5305 2836 5352 et
2868 5299 3130 5352 sacerdos
3183 5302 3250 5354 20
3281 5299 3399 5352 dies
3448 5298 3732 5369 paeniteat.
3777 5298 3830 5352 Si

2152 5387 2213 5441 in
2277 5387 2588 5442 linteamen
2634 5388 2829 5441 altaris
2877 5388 3020 5441 calix
3073 5388 3464 5453 destillaverit,
3527 5387 3649 5456 ipsa
3691 5387 3830 5440 stilla

2153 5475 2469 5542 sorbeatur,
2499 5481 2555 5529 et
2585 5475 2898 5530 linteamen
2923 5475 3057 5529 inde
3091 5475 3468 5530 madefactum
3502 5489 3673 5544 super
3699 5473 3824 5527 cali-

2153 5578 2276 5619 cem
2305 5564 2549 5634 lavetur,
2575 5567 2634 5618 et
2671 5580 2818 5636 aqua
2859 5563 3164 5619 ablutionis
3183 5565 3344 5635 juxta
3388 5564 3564 5617 altare
3592 5561 3824 5629 bibatur,
