  <div class='ocr_page' id='page_1' title='image "/cluster/home/n/w/nwhite01/storage/ocr_20150623/140/umn.31951002477433x/590.png"; bbox 0 0 3950 6348; ppageno 0'>
   <div class='ocr_carea' id='block_1_1' title="bbox 197 322 349 374">
    <p class='ocr_par' dir='ltr' id='par_1_1' title="bbox 197 322 349 374">
     <span class='ocr_line' id='line_1_1' title="bbox 197 322 349 374; baseline -0.013 0"><span class='ocrx_word' id='word_1_1' title='bbox 197 322 349 374; x_wconf 82' lang='grc'>1077</span> 
     </span>
    </p>
   </div>
   <div class='ocr_carea' id='block_1_2' title="bbox 1142 324 2784 392">
    <p class='ocr_par' dir='ltr' id='par_1_2' title="bbox 1142 324 2784 392">
     <span class='ocr_line' id='line_1_2' title="bbox 1142 324 2784 392; baseline 0.008 -15"><span class='ocrx_word' id='word_1_2' title='bbox 1142 325 1444 379; x_wconf 85' lang='lat' dir='ltr'>STATUTA</span> <span class='ocrx_word' id='word_1_3' title='bbox 1485 324 1816 383; x_wconf 82' lang='lat' dir='ltr'>CANONUM</span> <span class='ocrx_word' id='word_1_4' title='bbox 1859 331 1948 385; x_wconf 88' lang='lat' dir='ltr'>DE</span> <span class='ocrx_word' id='word_1_5' title='bbox 1989 331 2264 390; x_wconf 74' lang='lat' dir='ltr'>OFFILIO</span> <span class='ocrx_word' id='word_1_6' title='bbox 2302 335 2784 392; x_wconf 79' lang='lat' dir='ltr'>SACERDOTUM.</span> 
     </span>
    </p>
   </div>
   <div class='ocr_carea' id='block_1_3' title="bbox 3572 346 3705 397">
    <p class='ocr_par' dir='ltr' id='par_1_3' title="bbox 3572 346 3705 397">
     <span class='ocr_line' id='line_1_3' title="bbox 3572 346 3705 397; baseline 0.015 -1"><span class='ocrx_word' id='word_1_7' title='bbox 3572 346 3705 397; x_wconf 82' lang='grc'>1078</span> 
     </span>
    </p>
   </div>
   <div class='ocr_carea' id='block_1_4' title="bbox 195 443 3702 532">
    <p class='ocr_par' dir='ltr' id='par_1_4' title="bbox 195 443 3702 532">
     <span class='ocr_line' id='line_1_4' title="bbox 195 443 3702 532; baseline 0.006 -36"><span class='ocrx_word' id='word_1_8' title='bbox 195 443 293 496; x_wconf 86' lang='lat' dir='ltr'>vel</span> <span class='ocrx_word' id='word_1_9' title='bbox 342 443 700 496; x_wconf 83' lang='lat' dir='ltr'>recondatur.</span> <span class='ocrx_word' id='word_1_10' title='bbox 761 443 819 498; x_wconf 91' lang='lat' dir='ltr'>Si</span> <span class='ocrx_word' id='word_1_11' title='bbox 875 449 1062 499; x_wconf 89' lang='lat' dir='ltr'>autem</span> <span class='ocrx_word' id='word_1_12' title='bbox 1121 446 1263 500; x_wconf 84' lang='lat' dir='ltr'>calix</span> <span class='ocrx_word' id='word_1_13' title='bbox 1319 447 1456 499; x_wconf 85' lang='lat' dir='ltr'>alibi</span> <span class='ocrx_word' id='word_1_14' title='bbox 1510 448 1894 517; x_wconf 77' lang='lat' dir='ltr'>distillaverit,</span> <span class='ocrx_word' id='word_1_15' title='bbox 1936 456 1979 507; x_wconf 84' lang='lat' dir='ltr'><strong>A</strong></span> <span class='ocrx_word' id='word_1_16' title='bbox 2010 454 2054 505; x_wconf 90' lang='lat' dir='ltr'>si</span> <span class='ocrx_word' id='word_1_17' title='bbox 2104 455 2310 510; x_wconf 90' lang='lat' dir='ltr'>idonea</span> <span class='ocrx_word' id='word_1_18' title='bbox 2364 458 2690 511; x_wconf 89' lang='lat' dir='ltr'>testimonia</span> <span class='ocrx_word' id='word_1_19' title='bbox 2739 459 3005 512; x_wconf 83' lang='lat' dir='ltr'>habuerit</span> <span class='ocrx_word' id='word_1_20' title='bbox 3043 461 3197 531; x_wconf 91' lang='lat' dir='ltr'>quod</span> <span class='ocrx_word' id='word_1_21' title='bbox 3242 461 3362 532; x_wconf 90' lang='lat' dir='ltr'>ipse</span> <span class='ocrx_word' id='word_1_22' title='bbox 3414 464 3702 532; x_wconf 59' lang='lat' dir='ltr'>paeniten-</span> 
     </span>
    </p>
   </div>
   <div class='ocr_carea' id='block_1_5' title="bbox 191 530 1897 605">
    <p class='ocr_par' dir='ltr' id='par_1_5' title="bbox 191 530 1897 605">
     <span class='ocr_line' id='line_1_5' title="bbox 191 530 1897 605; baseline 0.006 -23"><span class='ocrx_word' id='word_1_23' title='bbox 191 530 326 600; x_wconf 88' lang='lat' dir='ltr'>ipse</span> <span class='ocrx_word' id='word_1_24' title='bbox 384 532 542 585; x_wconf 92' lang='lat' dir='ltr'>locus</span> <span class='ocrx_word' id='word_1_25' title='bbox 599 531 870 602; x_wconf 90' lang='lat' dir='ltr'>lingatur,</span> <span class='ocrx_word' id='word_1_26' title='bbox 895 537 953 586; x_wconf 90' lang='lat' dir='ltr'>et</span> <span class='ocrx_word' id='word_1_27' title='bbox 1002 549 1261 588; x_wconf 87' lang='lat' dir='ltr'>corrasus</span> <span class='ocrx_word' id='word_1_28' title='bbox 1319 535 1451 605; x_wconf 84' lang='lat' dir='ltr'>igne</span> <span class='ocrx_word' id='word_1_29' title='bbox 1507 542 1897 600; x_wconf 90' lang='lat' dir='ltr'>consumetur,</span> 
     </span>
    </p>
   </div>
   <div class='ocr_carea' id='block_1_6' title="bbox 193 617 1345 690">
    <p class='ocr_par' dir='ltr' id='par_1_6' title="bbox 193 617 1345 690">
     <span class='ocr_line' id='line_1_6' title="bbox 193 617 1345 690; baseline 0.006 -20"><span class='ocrx_word' id='word_1_30' title='bbox 193 617 351 671; x_wconf 90' lang='lat' dir='ltr'>cinis</span> <span class='ocrx_word' id='word_1_31' title='bbox 372 625 566 673; x_wconf 90' lang='lat' dir='ltr'>autem</span> <span class='ocrx_word' id='word_1_32' title='bbox 583 619 747 690; x_wconf 86' lang='lat' dir='ltr'>juxta</span> <span class='ocrx_word' id='word_1_33' title='bbox 778 621 952 675; x_wconf 89' lang='lat' dir='ltr'>altare</span> <span class='ocrx_word' id='word_1_34' title='bbox 981 623 1345 678; x_wconf 82' lang='lat' dir='ltr'>recondatur.</span> 
     </span>
    </p>
   </div>
   <div class='ocr_carea' id='block_1_7' title="bbox 571 766 1531 825">
    <p class='ocr_par' dir='ltr' id='par_1_7' title="bbox 571 766 1531 825">
     <span class='ocr_line' id='line_1_7' title="bbox 571 766 1531 825; baseline 0.006 -6"><span class='ocrx_word' id='word_1_35' title='bbox 571 766 652 819; x_wconf 83' lang='lat' dir='ltr'><strong>EX</strong></span> <span class='ocrx_word' id='word_1_36' title='bbox 691 766 898 821; x_wconf 83' lang='lat' dir='ltr'>LIBRO</span> <span class='ocrx_word' id='word_1_37' title='bbox 941 768 1060 821; x_wconf 86' lang='lat' dir='ltr'>Vlll</span> <span class='ocrx_word' id='word_1_38' title='bbox 1103 770 1531 825; x_wconf 81' lang='lat' dir='ltr'>BURCHARDI.</span> 
     </span>
    </p>
   </div>
   <div class='ocr_carea' id='block_1_8' title="bbox 272 889 1896 968">
    <p class='ocr_par' dir='ltr' id='par_1_8' title="bbox 272 889 1896 968">
     <span class='ocr_line' id='line_1_8' title="bbox 272 889 1896 968; baseline 0.007 -26"><span class='ocrx_word' id='word_1_39' title='bbox 272 889 387 959; x_wconf 78' lang='lat' dir='ltr'>(Ea:</span> <span class='ocrx_word' id='word_1_40' title='bbox 438 892 661 946; x_wconf 83' lang='lat' dir='ltr'>concilio</span> <span class='ocrx_word' id='word_1_41' title='bbox 711 897 823 961; x_wconf 79' lang='lat' dir='ltr'>Ap.</span> <span class='ocrx_word' id='word_1_42' title='bbox 870 896 1170 950; x_wconf 84' lang='lat' dir='ltr'>secundum</span> <span class='ocrx_word' id='word_1_43' title='bbox 1209 896 1574 968; x_wconf 85' lang='lat' dir='ltr'>Medardum.)</span> <span class='ocrx_word' id='word_1_44' title='bbox 1614 898 1809 952; x_wconf 86' lang='lat' dir='ltr'>Laicus</span> <span class='ocrx_word' id='word_1_45' title='bbox 1837 900 1896 953; x_wconf 89' lang='lat' dir='ltr'>in</span> 
     </span>
    </p>
   </div>
   <div class='ocr_carea' id='block_1_9' title="bbox 191 979 1898 1054">
    <p class='ocr_par' dir='ltr' id='par_1_9' title="bbox 191 979 1898 1054">
     <span class='ocr_line' id='line_1_9' title="bbox 191 979 1898 1054; baseline 0.004 -22"><span class='ocrx_word' id='word_1_46' title='bbox 191 979 433 1054; x_wconf 79' lang='lat' dir='ltr'>ecclesia</span> <span class='ocrx_word' id='word_1_47' title='bbox 480 995 594 1032; x_wconf 90' lang='lat' dir='ltr'>non</span> <span class='ocrx_word' id='word_1_48' title='bbox 629 980 798 1034; x_wconf 87' lang='lat' dir='ltr'>debet</span> <span class='ocrx_word' id='word_1_49' title='bbox 844 983 1084 1036; x_wconf 80' lang='lat' dir='ltr'>recitare</span> <span class='ocrx_word' id='word_1_50' title='bbox 1134 984 1461 1043; x_wconf 86' lang='lat' dir='ltr'>lectionem,</span> <span class='ocrx_word' id='word_1_51' title='bbox 1517 1001 1621 1038; x_wconf 91' lang='lat' dir='ltr'>nec</span> <span class='ocrx_word' id='word_1_52' title='bbox 1670 986 1898 1038; x_wconf 87' lang='lat' dir='ltr'>alleluia</span> 
     </span>
    </p>
   </div>
   <div class='ocr_carea' id='block_1_10' title="bbox 191 1065 1894 1142">
    <p class='ocr_par' dir='ltr' id='par_1_10' title="bbox 191 1065 1894 1142">
     <span class='ocr_line' id='line_1_10' title="bbox 191 1065 1894 1142; baseline 0.005 -24"><span class='ocrx_word' id='word_1_53' title='bbox 191 1065 406 1133; x_wconf 87' lang='lat' dir='ltr'>dicere,</span> <span class='ocrx_word' id='word_1_54' title='bbox 469 1066 578 1120; x_wconf 88' lang='lat' dir='ltr'>nisi</span> <span class='ocrx_word' id='word_1_55' title='bbox 621 1068 870 1138; x_wconf 85' lang='lat' dir='ltr'>psalmos</span> <span class='ocrx_word' id='word_1_56' title='bbox 926 1074 1173 1133; x_wconf 90' lang='lat' dir='ltr'>tantum,</span> <span class='ocrx_word' id='word_1_57' title='bbox 1233 1077 1290 1124; x_wconf 91' lang='lat' dir='ltr'>et</span> <span class='ocrx_word' id='word_1_58' title='bbox 1337 1073 1720 1142; x_wconf 89' lang='lat' dir='ltr'>responsoria,</span> <span class='ocrx_word' id='word_1_59' title='bbox 1772 1074 1894 1127; x_wconf 90' lang='lat' dir='ltr'>sine</span> 
     </span>
    </p>
   </div>
   <div class='ocr_carea' id='block_1_11' title="bbox 194 1155 454 1208">
    <p class='ocr_par' dir='ltr' id='par_1_11' title="bbox 194 1155 454 1208">
     <span class='ocr_line' id='line_1_11' title="bbox 194 1155 454 1208; baseline 0.004 -1"><span class='ocrx_word' id='word_1_60' title='bbox 194 1155 454 1208; x_wconf 87' lang='lat' dir='ltr'>alleluia.</span> 
     </span>
    </p>
   </div>
   <div class='ocr_carea' id='block_1_12' title="bbox 267 1245 1895 1317">
    <p class='ocr_par' dir='ltr' id='par_1_12' title="bbox 267 1245 1895 1317">
     <span class='ocr_line' id='line_1_12' title="bbox 267 1245 1895 1317; baseline 0.004 -21"><span class='ocrx_word' id='word_1_61' title='bbox 267 1245 349 1297; x_wconf 87' lang='lat' dir='ltr'>Ex</span> <span class='ocrx_word' id='word_1_62' title='bbox 381 1245 474 1298; x_wconf 86' lang='lat' dir='ltr'>lib.</span> <span class='ocrx_word' id='word_1_63' title='bbox 505 1261 581 1298; x_wconf 86' lang='lat' dir='ltr'>xu</span> <span class='ocrx_word' id='word_1_64' title='bbox 615 1246 870 1314; x_wconf 86' lang='lat' dir='ltr'>ejusdem</span> <span class='ocrx_word' id='word_1_65' title='bbox 913 1248 980 1301; x_wconf 90' lang='lat' dir='ltr'>de</span> <span class='ocrx_word' id='word_1_66' title='bbox 1007 1247 1374 1317; x_wconf 87' lang='lat' dir='ltr'>juramento:</span> <span class='ocrx_word' id='word_1_67' title='bbox 1417 1251 1672 1303; x_wconf 82' lang='lat' dir='ltr'>Decrevit</span> <span class='ocrx_word' id='word_1_68' title='bbox 1703 1255 1895 1304; x_wconf 88' lang='lat' dir='ltr'>sancta</span> 
     </span>
    </p>
   </div>
   <div class='ocr_carea' id='block_1_13' title="bbox 191 1333 1890 1408">
    <p class='ocr_par' dir='ltr' id='par_1_13' title="bbox 191 1333 1890 1408">
     <span class='ocr_line' id='line_1_13' title="bbox 191 1333 1890 1408; baseline 0.005 -24"><span class='ocrx_word' id='word_1_69' title='bbox 191 1333 446 1402; x_wconf 79' lang='lat' dir='ltr'>synodus</span> <span class='ocrx_word' id='word_1_70' title='bbox 470 1339 531 1388; x_wconf 93' lang='lat' dir='ltr'>ut</span> <span class='ocrx_word' id='word_1_71' title='bbox 560 1351 590 1388; x_wconf 93' lang='lat' dir='ltr'>a</span> <span class='ocrx_word' id='word_1_72' title='bbox 619 1334 1053 1405; x_wconf 89' lang='lat' dir='ltr'>Septuagesima</span> <span class='ocrx_word' id='word_1_73' title='bbox 1084 1354 1264 1408; x_wconf 91' lang='lat' dir='ltr'>usque</span> <span class='ocrx_word' id='word_1_74' title='bbox 1296 1338 1356 1392; x_wconf 92' lang='lat' dir='ltr'>in</span> <span class='ocrx_word' id='word_1_75' title='bbox 1386 1343 1608 1391; x_wconf 90' lang='lat' dir='ltr'>octavas</span> <span class='ocrx_word' id='word_1_76' title='bbox 1641 1341 1890 1406; x_wconf 75' lang='lat' dir='ltr'>Paschae,</span> 
     </span>
    </p>
   </div>
   <div class='ocr_carea' id='block_1_14' title="bbox 192 1421 1890 1495">
    <p class='ocr_par' dir='ltr' id='par_1_14' title="bbox 192 1421 1890 1495">
     <span class='ocr_line' id='line_1_14' title="bbox 192 1421 1890 1495; baseline 0.005 -23"><span class='ocrx_word' id='word_1_77' title='bbox 192 1424 252 1472; x_wconf 92' lang='lat' dir='ltr'>et</span> <span class='ocrx_word' id='word_1_78' title='bbox 301 1421 372 1474; x_wconf 91' lang='lat' dir='ltr'>ab</span> <span class='ocrx_word' id='word_1_79' title='bbox 401 1422 661 1476; x_wconf 86' lang='lat' dir='ltr'>Adventu</span> <span class='ocrx_word' id='word_1_80' title='bbox 699 1424 922 1477; x_wconf 89' lang='lat' dir='ltr'>Domini</span> <span class='ocrx_word' id='word_1_81' title='bbox 955 1441 1131 1495; x_wconf 88' lang='lat' dir='ltr'>usque</span> <span class='ocrx_word' id='word_1_82' title='bbox 1172 1431 1302 1495; x_wconf 90' lang='lat' dir='ltr'>post</span> <span class='ocrx_word' id='word_1_83' title='bbox 1346 1432 1704 1481; x_wconf 90' lang='lat' dir='ltr'>consecratos</span> <span class='ocrx_word' id='word_1_84' title='bbox 1749 1428 1890 1495; x_wconf 90' lang='lat' dir='ltr'>dies,</span> 
     </span>
    </p>
   </div>
   <div class='ocr_carea' id='block_1_15' title="bbox 191 1510 1892 1583">
    <p class='ocr_par' dir='ltr' id='par_1_15' title="bbox 191 1510 1892 1583">
     <span class='ocr_line' id='line_1_15' title="bbox 191 1510 1892 1583; baseline 0.005 -22"><span class='ocrx_word' id='word_1_85' title='bbox 191 1524 302 1561; x_wconf 91' lang='lat' dir='ltr'>nec</span> <span class='ocrx_word' id='word_1_86' title='bbox 335 1526 446 1562; x_wconf 92' lang='lat' dir='ltr'>non</span> <span class='ocrx_word' id='word_1_87' title='bbox 495 1510 732 1580; x_wconf 88' lang='lat' dir='ltr'>jejuniis</span> <span class='ocrx_word' id='word_1_88' title='bbox 776 1512 1034 1576; x_wconf 89' lang='lat' dir='ltr'>Quatuor</span> <span class='ocrx_word' id='word_1_89' title='bbox 1062 1514 1432 1583; x_wconf 89' lang='lat' dir='ltr'>Temporum,</span> <span class='ocrx_word' id='word_1_90' title='bbox 1483 1520 1539 1568; x_wconf 87' lang='lat' dir='ltr'>et</span> <span class='ocrx_word' id='word_1_91' title='bbox 1585 1516 1644 1568; x_wconf 91' lang='lat' dir='ltr'>in</span> <span class='ocrx_word' id='word_1_92' title='bbox 1671 1516 1892 1571; x_wconf 89' lang='lat' dir='ltr'>Litania</span> 
     </span>
    </p>
   </div>
   <div class='ocr_carea' id='block_1_16' title="bbox 193 1597 1892 1673">
    <p class='ocr_par' dir='ltr' id='par_1_16' title="bbox 193 1597 1892 1673">
     <span class='ocr_line' id='line_1_16' title="bbox 193 1597 1892 1673; baseline 0.005 -23"><span class='ocrx_word' id='word_1_93' title='bbox 193 1597 437 1667; x_wconf 82' lang='lat' dir='ltr'>majore,</span> <span class='ocrx_word' id='word_1_94' title='bbox 475 1604 529 1652; x_wconf 92' lang='lat' dir='ltr'>et</span> <span class='ocrx_word' id='word_1_95' title='bbox 560 1599 618 1652; x_wconf 92' lang='lat' dir='ltr'>in</span> <span class='ocrx_word' id='word_1_96' title='bbox 658 1600 857 1653; x_wconf 91' lang='lat' dir='ltr'>diebus</span> <span class='ocrx_word' id='word_1_97' title='bbox 890 1602 1199 1655; x_wconf 85' lang='lat' dir='ltr'>Dominicis</span> <span class='ocrx_word' id='word_1_98' title='bbox 1233 1608 1287 1656; x_wconf 90' lang='lat' dir='ltr'>et</span> <span class='ocrx_word' id='word_1_99' title='bbox 1335 1604 1744 1673; x_wconf 85' lang='lat' dir='ltr'>Rogationum,</span> <span class='ocrx_word' id='word_1_100' title='bbox 1780 1605 1892 1659; x_wconf 88' lang='lat' dir='ltr'>nisi</span> 
     </span>
    </p>
   </div>
   <div class='ocr_carea' id='block_1_17' title="bbox 192 1687 1888 1762">
    <p class='ocr_par' dir='ltr' id='par_1_17' title="bbox 192 1687 1888 1762">
     <span class='ocr_line' id='line_1_17' title="bbox 192 1687 1888 1762; baseline 0.005 -23"><span class='ocrx_word' id='word_1_101' title='bbox 192 1687 264 1739; x_wconf 90' lang='lat' dir='ltr'>de</span> <span class='ocrx_word' id='word_1_102' title='bbox 317 1688 623 1742; x_wconf 88' lang='lat' dir='ltr'>concordia</span> <span class='ocrx_word' id='word_1_103' title='bbox 679 1693 736 1742; x_wconf 93' lang='lat' dir='ltr'>et</span> <span class='ocrx_word' id='word_1_104' title='bbox 784 1690 1196 1760; x_wconf 88' lang='lat' dir='ltr'>pacificatione,</span> <span class='ocrx_word' id='word_1_105' title='bbox 1262 1692 1452 1746; x_wconf 90' lang='lat' dir='ltr'>nullus</span> <span class='ocrx_word' id='word_1_106' title='bbox 1504 1708 1676 1762; x_wconf 89' lang='lat' dir='ltr'>super</span> <span class='ocrx_word' id='word_1_107' title='bbox 1733 1711 1888 1748; x_wconf 90' lang='lat' dir='ltr'>sacra</span> 
     </span>
    </p>
   </div>
   <div class='ocr_carea' id='block_1_18' title="bbox 187 1774 1892 1849">
    <p class='ocr_par' dir='ltr' id='par_1_18' title="bbox 187 1774 1892 1849">
     <span class='ocr_line' id='line_1_18' title="bbox 187 1774 1892 1849; baseline 0.005 -22"><span class='ocrx_word' id='word_1_108' title='bbox 187 1774 386 1844; x_wconf 87' lang='lat' dir='ltr'>jurare</span> <span class='ocrx_word' id='word_1_109' title='bbox 425 1781 756 1846; x_wconf 70' lang='lat' dir='ltr'>praesumat.</span> <span class='ocrx_word' id='word_1_110' title='bbox 788 1779 992 1831; x_wconf 83' lang='lat' dir='ltr'>Anima</span> <span class='ocrx_word' id='word_1_111' title='bbox 1028 1796 1155 1849; x_wconf 76' lang='lat' dir='ltr'>quae</span> <span class='ocrx_word' id='word_1_112' title='bbox 1186 1781 1525 1849; x_wconf 79' lang='lat' dir='ltr'>peccaverit,</span> <span class='ocrx_word' id='word_1_113' title='bbox 1559 1787 1614 1834; x_wconf 92' lang='lat' dir='ltr'>et</span> <span class='ocrx_word' id='word_1_114' title='bbox 1643 1783 1892 1837; x_wconf 90' lang='lat' dir='ltr'>audierit</span> 
     </span>
    </p>
   </div>
   <div class='ocr_carea' id='block_1_19' title="bbox 191 1865 1891 1937">
    <p class='ocr_par' dir='ltr' id='par_1_19' title="bbox 191 1865 1891 1937">
     <span class='ocr_line' id='line_1_19' title="bbox 191 1865 1891 1937; baseline 0.006 -22"><span class='ocrx_word' id='word_1_115' title='bbox 191 1880 393 1917; x_wconf 88' lang='lat' dir='ltr'>vocem</span> <span class='ocrx_word' id='word_1_116' title='bbox 446 1865 814 1934; x_wconf 88' lang='lat' dir='ltr'>perjurantis,</span> <span class='ocrx_word' id='word_1_117' title='bbox 870 1871 968 1920; x_wconf 88' lang='lat' dir='ltr'>aut</span> <span class='ocrx_word' id='word_1_118' title='bbox 1018 1867 1141 1937; x_wconf 90' lang='lat' dir='ltr'>ipse</span> <span class='ocrx_word' id='word_1_119' title='bbox 1195 1868 1419 1933; x_wconf 90' lang='lat' dir='ltr'>viderit,</span> <span class='ocrx_word' id='word_1_120' title='bbox 1475 1875 1574 1922; x_wconf 90' lang='lat' dir='ltr'>aut</span> <span class='ocrx_word' id='word_1_121' title='bbox 1632 1871 1891 1926; x_wconf 89' lang='lat' dir='ltr'>conscius</span> 
     </span>
    </p>
   </div>
   <div class='ocr_carea' id='block_1_20' title="bbox 191 1952 1656 2027">
    <p class='ocr_par' dir='ltr' id='par_1_20' title="bbox 191 1952 1656 2027">
     <span class='ocr_line' id='line_1_20' title="bbox 191 1952 1656 2027; baseline 0.004 -22"><span class='ocrx_word' id='word_1_122' title='bbox 191 1952 389 2018; x_wconf 88' lang='lat' dir='ltr'>fuerit,</span> <span class='ocrx_word' id='word_1_123' title='bbox 423 1953 530 2005; x_wconf 89' lang='lat' dir='ltr'>nisi</span> <span class='ocrx_word' id='word_1_124' title='bbox 560 1954 952 2020; x_wconf 87' lang='lat' dir='ltr'>vindicaverit,</span> <span class='ocrx_word' id='word_1_125' title='bbox 987 1956 1239 2025; x_wconf 86' lang='lat' dir='ltr'>portabit</span> <span class='ocrx_word' id='word_1_126' title='bbox 1274 1957 1656 2027; x_wconf 88' lang='lat' dir='ltr'>iniquitatem.</span> 
     </span>
    </p>
   </div>
   <div class='ocr_carea' id='block_1_21' title="bbox 266 2042 1889 2116">
    <p class='ocr_par' dir='ltr' id='par_1_21' title="bbox 266 2042 1889 2116">
     <span class='ocr_line' id='line_1_21' title="bbox 266 2042 1889 2116; baseline 0.004 -22"><span class='ocrx_word' id='word_1_127' title='bbox 266 2042 375 2111; x_wconf 77' lang='lat' dir='ltr'>(E&#39;c</span> <span class='ocrx_word' id='word_1_128' title='bbox 437 2044 662 2096; x_wconf 85' lang='lat' dir='ltr'>concilio</span> <span class='ocrx_word' id='word_1_129' title='bbox 737 2045 1061 2112; x_wconf 73' lang='lat' dir='ltr'>Aureliano,</span> <span class='ocrx_word' id='word_1_130' title='bbox 1123 2049 1300 2113; x_wconf 77' lang='lat' dir='ltr'>capite</span> <span class='ocrx_word' id='word_1_131' title='bbox 1360 2045 1465 2114; x_wconf 88' lang='lat' dir='ltr'>l3.)</span> <span class='ocrx_word' id='word_1_132' title='bbox 1526 2048 1602 2100; x_wconf 94' lang='lat' dir='ltr'>De</span> <span class='ocrx_word' id='word_1_133' title='bbox 1666 2047 1889 2116; x_wconf 85' lang='lat' dir='ltr'>jejunio</span> 
     </span>
    </p>
   </div>
   <div class='ocr_carea' id='block_1_22' title="bbox 191 2129 1890 2202">
    <p class='ocr_par' dir='ltr' id='par_1_22' title="bbox 191 2129 1890 2202">
     <span class='ocr_line' id='line_1_22' title="bbox 191 2129 1890 2202; baseline 0.004 -20"><span class='ocrx_word' id='word_1_134' title='bbox 191 2146 255 2183; x_wconf 80' lang='lat' dir='ltr'>ex</span> <span class='ocrx_word' id='word_1_135' title='bbox 310 2129 416 2186; x_wconf 93' lang='lat' dir='ltr'>lib.</span> <span class='ocrx_word' id='word_1_136' title='bbox 477 2147 568 2184; x_wconf 74' lang='lat' dir='ltr'>xrv</span> <span class='ocrx_word' id='word_1_137' title='bbox 607 2131 912 2200; x_wconf 87' lang='lat' dir='ltr'>ejusdem:</span> <span class='ocrx_word' id='word_1_138' title='bbox 966 2133 1287 2202; x_wconf 86' lang='lat' dir='ltr'>Presbyteri</span> <span class='ocrx_word' id='word_1_139' title='bbox 1338 2134 1602 2202; x_wconf 84' lang='lat' dir='ltr'>plebibus</span> <span class='ocrx_word' id='word_1_140' title='bbox 1659 2151 1890 2188; x_wconf 89' lang='lat' dir='ltr'>annun-</span> 
     </span>
    </p>
   </div>
   <div class='ocr_carea' id='block_1_23' title="bbox 190 2219 1893 2292">
    <p class='ocr_par' dir='ltr' id='par_1_23' title="bbox 190 2219 1893 2292">
     <span class='ocr_line' id='line_1_23' title="bbox 190 2219 1893 2292; baseline 0.002 -20"><span class='ocrx_word' id='word_1_141' title='bbox 190 2219 357 2285; x_wconf 90' lang='lat' dir='ltr'>tient,</span> <span class='ocrx_word' id='word_1_142' title='bbox 446 2225 507 2272; x_wconf 92' lang='lat' dir='ltr'>ut</span> <span class='ocrx_word' id='word_1_143' title='bbox 588 2220 649 2272; x_wconf 92' lang='lat' dir='ltr'>in</span> <span class='ocrx_word' id='word_1_144' title='bbox 724 2221 1173 2290; x_wconf 89' lang='lat' dir='ltr'>Quadragesima</span> <span class='ocrx_word' id='word_1_145' title='bbox 1243 2227 1300 2274; x_wconf 91' lang='lat' dir='ltr'>et</span> <span class='ocrx_word' id='word_1_146' title='bbox 1359 2222 1582 2292; x_wconf 86' lang='lat' dir='ltr'>jejunio</span> <span class='ocrx_word' id='word_1_147' title='bbox 1635 2224 1893 2287; x_wconf 88' lang='lat' dir='ltr'>Quatuor</span> 
     </span>
    </p>
   </div>
   <div class='ocr_carea' id='block_1_24' title="bbox 190 2307 1886 2378">
    <p class='ocr_par' dir='ltr' id='par_1_24' title="bbox 190 2307 1886 2378">
     <span class='ocr_line' id='line_1_24' title="bbox 190 2307 1886 2378; baseline 0.002 -17"><span class='ocrx_word' id='word_1_148' title='bbox 190 2309 560 2376; x_wconf 86' lang='lat' dir='ltr'>Temporum,</span> <span class='ocrx_word' id='word_1_149' title='bbox 632 2308 697 2360; x_wconf 89' lang='lat' dir='ltr'>ad</span> <span class='ocrx_word' id='word_1_150' title='bbox 781 2307 1011 2361; x_wconf 89' lang='lat' dir='ltr'>missam</span> <span class='ocrx_word' id='word_1_151' title='bbox 1083 2314 1307 2362; x_wconf 91' lang='lat' dir='ltr'>tantum</span> <span class='ocrx_word' id='word_1_152' title='bbox 1378 2326 1564 2378; x_wconf 87' lang='lat' dir='ltr'>genua</span> <span class='ocrx_word' id='word_1_153' title='bbox 1637 2311 1886 2365; x_wconf 87' lang='lat' dir='ltr'>ﬂectant.</span> 
     </span>
    </p>
   </div>
   <div class='ocr_carea' id='block_1_25' title="bbox 195 2395 1891 2461">
    <p class='ocr_par' dir='ltr' id='par_1_25' title="bbox 195 2395 1891 2461">
     <span class='ocr_line' id='line_1_25' title="bbox 195 2395 1891 2461; baseline 0.004 -14"><span class='ocrx_word' id='word_1_154' title='bbox 195 2397 258 2448; x_wconf 91' lang='lat' dir='ltr'>In</span> <span class='ocrx_word' id='word_1_155' title='bbox 299 2395 610 2448; x_wconf 90' lang='lat' dir='ltr'>Dominicis</span> <span class='ocrx_word' id='word_1_156' title='bbox 655 2402 853 2449; x_wconf 91' lang='lat' dir='ltr'>contra</span> <span class='ocrx_word' id='word_1_157' title='bbox 909 2396 1130 2461; x_wconf 90' lang='lat' dir='ltr'>diebus,</span> <span class='ocrx_word' id='word_1_158' title='bbox 1195 2404 1252 2451; x_wconf 94' lang='lat' dir='ltr'>et</span> <span class='ocrx_word' id='word_1_159' title='bbox 1300 2399 1426 2451; x_wconf 92' lang='lat' dir='ltr'>aliis</span> <span class='ocrx_word' id='word_1_160' title='bbox 1483 2399 1644 2453; x_wconf 89' lang='lat' dir='ltr'>festis</span> <span class='ocrx_word' id='word_1_161' title='bbox 1707 2417 1740 2453; x_wconf 88' lang='lat' dir='ltr'>a</span> <span class='ocrx_word' id='word_1_162' title='bbox 1793 2417 1891 2454; x_wconf 87' lang='lat' dir='ltr'>ve—</span> 
     </span>
    </p>
   </div>
   <div class='ocr_carea' id='block_1_26' title="bbox 195 2483 1889 2553">
    <p class='ocr_par' dir='ltr' id='par_1_26' title="bbox 195 2483 1889 2553">
     <span class='ocr_line' id='line_1_26' title="bbox 195 2483 1889 2553; baseline 0.004 -19"><span class='ocrx_word' id='word_1_163' title='bbox 195 2498 363 2551; x_wconf 87' lang='lat' dir='ltr'>spera</span> <span class='ocrx_word' id='word_1_164' title='bbox 401 2483 460 2535; x_wconf 92' lang='lat' dir='ltr'>in</span> <span class='ocrx_word' id='word_1_165' title='bbox 510 2499 804 2553; x_wconf 83' lang='lat' dir='ltr'>vesperam</span> <span class='ocrx_word' id='word_1_166' title='bbox 857 2500 1046 2553; x_wconf 90' lang='lat' dir='ltr'>genua</span> <span class='ocrx_word' id='word_1_167' title='bbox 1107 2501 1221 2537; x_wconf 92' lang='lat' dir='ltr'>non</span> <span class='ocrx_word' id='word_1_168' title='bbox 1283 2484 1532 2553; x_wconf 88' lang='lat' dir='ltr'>flectant,</span> <span class='ocrx_word' id='word_1_169' title='bbox 1582 2488 1677 2541; x_wconf 91' lang='lat' dir='ltr'>sed</span> <span class='ocrx_word' id='word_1_170' title='bbox 1735 2492 1889 2541; x_wconf 91' lang='lat' dir='ltr'>stan-</span> 
     </span>
    </p>
   </div>
   <div class='ocr_carea' id='block_1_27' title="bbox 195 2571 1889 2644">
    <p class='ocr_par' dir='ltr' id='par_1_27' title="bbox 195 2571 1889 2644">
     <span class='ocr_line' id='line_1_27' title="bbox 195 2571 1889 2644; baseline 0.002 -20"><span class='ocrx_word' id='word_1_171' title='bbox 195 2576 280 2624; x_wconf 91' lang='lat' dir='ltr'>tes</span> <span class='ocrx_word' id='word_1_172' title='bbox 309 2571 588 2624; x_wconf 86' lang='lat' dir='ltr'>incurvati</span> <span class='ocrx_word' id='word_1_173' title='bbox 618 2577 800 2625; x_wconf 89' lang='lat' dir='ltr'>orent.</span> <span class='ocrx_word' id='word_1_174' title='bbox 865 2573 974 2624; x_wconf 77' lang='lat' dir='ltr'>Nec</span> <span class='ocrx_word' id='word_1_175' title='bbox 1014 2573 1321 2643; x_wconf 87' lang='lat' dir='ltr'>quisquam</span> <span class='ocrx_word' id='word_1_176' title='bbox 1352 2590 1466 2626; x_wconf 93' lang='lat' dir='ltr'>uno</span> <span class='ocrx_word' id='word_1_177' title='bbox 1511 2591 1663 2644; x_wconf 88' lang='lat' dir='ltr'>genu</span> <span class='ocrx_word' id='word_1_178' title='bbox 1720 2581 1889 2629; x_wconf 83' lang='lat' dir='ltr'>terrae</span> 
     </span>
    </p>
   </div>
   <div class='ocr_carea' id='block_1_28' title="bbox 195 2659 1892 2730">
    <p class='ocr_par' dir='ltr' id='par_1_28' title="bbox 195 2659 1892 2730">
     <span class='ocr_line' id='line_1_28' title="bbox 195 2659 1892 2730; baseline 0.003 -18"><span class='ocrx_word' id='word_1_179' title='bbox 195 2659 473 2729; x_wconf 89' lang='lat' dir='ltr'>impresso</span> <span class='ocrx_word' id='word_1_180' title='bbox 505 2676 666 2712; x_wconf 91' lang='lat' dir='ltr'>orare</span> <span class='ocrx_word' id='word_1_181' title='bbox 701 2665 1028 2730; x_wconf 84' lang='lat' dir='ltr'>praesumat,</span> <span class='ocrx_word' id='word_1_182' title='bbox 1063 2666 1127 2714; x_wconf 92' lang='lat' dir='ltr'>ut</span> <span class='ocrx_word' id='word_1_183' title='bbox 1155 2661 1334 2715; x_wconf 70' lang='lat' dir='ltr'>Judaei</span> <span class='ocrx_word' id='word_1_184' title='bbox 1385 2663 1639 2716; x_wconf 89' lang='lat' dir='ltr'>fecerunt</span> <span class='ocrx_word' id='word_1_185' title='bbox 1696 2664 1892 2717; x_wconf 85' lang='lat' dir='ltr'>Domi-</span> 
     </span>
    </p>
   </div>
   <div class='ocr_carea' id='block_1_29' title="bbox 197 2748 691 2802">
    <p class='ocr_par' dir='ltr' id='par_1_29' title="bbox 197 2748 691 2802">
     <span class='ocr_line' id='line_1_29' title="bbox 197 2748 691 2802; baseline -0.002 0"><span class='ocrx_word' id='word_1_186' title='bbox 197 2765 334 2802; x_wconf 89' lang='lat' dir='ltr'>num</span> <span class='ocrx_word' id='word_1_187' title='bbox 369 2748 691 2802; x_wconf 89' lang='lat' dir='ltr'>irridentes.</span> 
     </span>
    </p>
   </div>
   <div class='ocr_carea' id='block_1_30' title="bbox 268 2838 1886 2909">
    <p class='ocr_par' dir='ltr' id='par_1_30' title="bbox 268 2838 1886 2909">
     <span class='ocr_line' id='line_1_30' title="bbox 268 2838 1886 2909; baseline 0.002 -20"><span class='ocrx_word' id='word_1_188' title='bbox 268 2840 374 2906; x_wconf 69' lang='lat' dir='ltr'>(Em</span> <span class='ocrx_word' id='word_1_189' title='bbox 404 2839 626 2891; x_wconf 81' lang='lat' dir='ltr'>concilio</span> <span class='ocrx_word' id='word_1_190' title='bbox 660 2838 994 2901; x_wconf 86' lang='lat' dir='ltr'>Laodicensi,</span> <span class='ocrx_word' id='word_1_191' title='bbox 1030 2841 1208 2906; x_wconf 85' lang='lat' dir='ltr'>capite</span> <span class='ocrx_word' id='word_1_192' title='bbox 1241 2839 1353 2908; x_wconf 86' lang='grc'>51.)</span> <span class='ocrx_word' id='word_1_193' title='bbox 1384 2839 1543 2902; x_wconf 87' lang='lat' dir='ltr'>Quod</span> <span class='ocrx_word' id='word_1_194' title='bbox 1575 2855 1689 2892; x_wconf 91' lang='lat' dir='ltr'>non</span> <span class='ocrx_word' id='word_1_195' title='bbox 1719 2856 1886 2909; x_wconf 91' lang='lat' dir='ltr'>opor-</span> 
     </span>
    </p>
   </div>
   <div class='ocr_carea' id='block_1_31' title="bbox 195 2926 1884 2997">
    <p class='ocr_par' dir='ltr' id='par_1_31' title="bbox 195 2926 1884 2997">
     <span class='ocr_line' id='line_1_31' title="bbox 195 2926 1884 2997; baseline 0.002 -17"><span class='ocrx_word' id='word_1_196' title='bbox 195 2931 312 2980; x_wconf 85' lang='lat' dir='ltr'>teat</span> <span class='ocrx_word' id='word_1_197' title='bbox 344 2927 401 2979; x_wconf 93' lang='lat' dir='ltr'>in</span> <span class='ocrx_word' id='word_1_198' title='bbox 427 2926 872 2997; x_wconf 87' lang='lat' dir='ltr'>Quadragesima</span> <span class='ocrx_word' id='word_1_199' title='bbox 908 2933 1224 2997; x_wconf 83' lang='lat' dir='ltr'>martyrum</span> <span class='ocrx_word' id='word_1_200' title='bbox 1256 2928 1516 2982; x_wconf 88' lang='lat' dir='ltr'>natalitia</span> <span class='ocrx_word' id='word_1_201' title='bbox 1562 2929 1884 2983; x_wconf 88' lang='lat' dir='ltr'>celebrare:</span> 
     </span>
    </p>
   </div>
   <div class='ocr_carea' id='block_1_32' title="bbox 2012 543 2427 615">
    <p class='ocr_par' dir='ltr' id='par_1_32' title="bbox 2012 543 2427 615">
     <span class='ocr_line' id='line_1_32' title="bbox 2012 543 2427 615; baseline 0.007 -19"><span class='ocrx_word' id='word_1_202' title='bbox 2012 543 2144 596; x_wconf 88' lang='lat' dir='ltr'>tiam</span> <span class='ocrx_word' id='word_1_203' title='bbox 2181 545 2427 615; x_wconf 85' lang='lat' dir='ltr'>petierit.</span> 
     </span>
    </p>
   </div>
   <div class='ocr_carea' id='block_1_33' title="bbox 2082 634 3701 705">
    <p class='ocr_par' dir='ltr' id='par_1_33' title="bbox 2082 634 3701 705">
     <span class='ocr_line' id='line_1_33' title="bbox 2082 634 3701 705; baseline 0.005 -19"><span class='ocrx_word' id='word_1_204' title='bbox 2082 634 2155 686; x_wconf 84' lang='lat' dir='ltr'>Ex</span> <span class='ocrx_word' id='word_1_205' title='bbox 2187 634 2282 687; x_wconf 88' lang='lat' dir='ltr'>lib.</span> <span class='ocrx_word' id='word_1_206' title='bbox 2317 650 2412 687; x_wconf 78' lang='lat' dir='ltr'>XIX</span> <span class='ocrx_word' id='word_1_207' title='bbox 2467 635 2769 703; x_wconf 87' lang='lat' dir='ltr'>ejusdem:</span> <span class='ocrx_word' id='word_1_208' title='bbox 2824 636 3037 705; x_wconf 81' lang='lat' dir='ltr'>Viginti</span> <span class='ocrx_word' id='word_1_209' title='bbox 3092 638 3214 690; x_wconf 86' lang='lat' dir='ltr'>dies</span> <span class='ocrx_word' id='word_1_210' title='bbox 3259 646 3389 692; x_wconf 87' lang='lat' dir='ltr'>ante</span> <span class='ocrx_word' id='word_1_211' title='bbox 3444 640 3701 694; x_wconf 89' lang='lat' dir='ltr'>Natalem</span> 
     </span>
    </p>
   </div>
   <div class='ocr_carea' id='block_1_34' title="bbox 2011 722 3700 790">
    <p class='ocr_par' dir='ltr' id='par_1_34' title="bbox 2011 722 3700 790">
     <span class='ocr_line' id='line_1_34' title="bbox 2011 722 3700 790; baseline 0.004 -16"><span class='ocrx_word' id='word_1_212' title='bbox 2011 722 2257 789; x_wconf 91' lang='lat' dir='ltr'>Domini,</span> <span class='ocrx_word' id='word_1_213' title='bbox 2291 725 2346 775; x_wconf 91' lang='lat' dir='ltr'>et</span> <span class='ocrx_word' id='word_1_214' title='bbox 2375 738 2574 775; x_wconf 91' lang='lat' dir='ltr'>omnes</span> <span class='ocrx_word' id='word_1_215' title='bbox 2597 723 2715 776; x_wconf 90' lang='lat' dir='ltr'>dies</span> <span class='ocrx_word' id='word_1_216' title='bbox 2743 725 3085 790; x_wconf 91' lang='lat' dir='ltr'>Dominicos,</span> <span class='ocrx_word' id='word_1_217' title='bbox 3119 730 3173 778; x_wconf 89' lang='lat' dir='ltr'>et</span> <span class='ocrx_word' id='word_1_218' title='bbox 3217 726 3275 778; x_wconf 91' lang='lat' dir='ltr'>in</span> <span class='ocrx_word' id='word_1_219' title='bbox 3307 727 3572 780; x_wconf 89' lang='lat' dir='ltr'>omnibus</span> <span class='ocrx_word' id='word_1_220' title='bbox 3621 729 3700 781; x_wconf 92' lang='lat' dir='ltr'>1e-</span> 
     </span>
    </p>
   </div>
   <div class='ocr_carea' id='block_1_35' title="bbox 2009 808 3704 884">
    <p class='ocr_par' dir='ltr' id='par_1_35' title="bbox 2009 808 3704 884">
     <span class='ocr_line' id='line_1_35' title="bbox 2009 808 3704 884; baseline 0.004 -22"><span class='ocrx_word' id='word_1_221' title='bbox 2009 808 2491 880; x_wconf 88' lang='lat' dir='ltr'>gitimisjejuniis,</span> <span class='ocrx_word' id='word_1_222' title='bbox 2515 816 2569 864; x_wconf 90' lang='lat' dir='ltr'>et</span> <span class='ocrx_word' id='word_1_223' title='bbox 2586 816 2640 864; x_wconf 91' lang='lat' dir='ltr'>et</span> <span class='ocrx_word' id='word_1_224' title='bbox 2670 812 2727 864; x_wconf 90' lang='lat' dir='ltr'>in</span> <span class='ocrx_word' id='word_1_225' title='bbox 2751 813 3023 865; x_wconf 85' lang='lat' dir='ltr'>natalitiis</span> <span class='ocrx_word' id='word_1_226' title='bbox 3051 815 3463 883; x_wconf 84' lang='lat' dir='ltr'>apostolorum,</span> <span class='ocrx_word' id='word_1_227' title='bbox 3488 820 3540 868; x_wconf 88' lang='lat' dir='ltr'>et</span> <span class='ocrx_word' id='word_1_228' title='bbox 3561 832 3704 884; x_wconf 64' lang='lat' dir='ltr'>prm-</span> 
     </span>
    </p>
   </div>
   <div class='ocr_carea' id='block_1_36' title="bbox 2006 897 3703 970">
    <p class='ocr_par' dir='ltr' id='par_1_36' title="bbox 2006 897 3703 970">
     <span class='ocr_line' id='line_1_36' title="bbox 2006 897 3703 970; baseline 0.005 -20"><span class='ocrx_word' id='word_1_229' title='bbox 2006 897 2190 967; x_wconf 91' lang='lat' dir='ltr'>cipuis</span> <span class='ocrx_word' id='word_1_230' title='bbox 2223 899 2397 964; x_wconf 87' lang='lat' dir='ltr'>festis,</span> <span class='ocrx_word' id='word_1_231' title='bbox 2429 905 2482 951; x_wconf 86' lang='lat' dir='ltr'>et</span> <span class='ocrx_word' id='word_1_232' title='bbox 2514 899 2777 970; x_wconf 90' lang='lat' dir='ltr'>publicis,</span> <span class='ocrx_word' id='word_1_233' title='bbox 2820 901 3136 954; x_wconf 82' lang='lat' dir='ltr'>castitatem</span> <span class='ocrx_word' id='word_1_234' title='bbox 3162 903 3464 955; x_wconf 88' lang='lat' dir='ltr'>observare</span> <span class='ocrx_word' id='word_1_235' title='bbox 3492 904 3703 958; x_wconf 87' lang='lat' dir='ltr'>debent</span> 
     </span>
    </p>
   </div>
   <div class='ocr_carea' id='block_1_37' title="bbox 2006 986 3702 1060">
    <p class='ocr_par' dir='ltr' id='par_1_37' title="bbox 2006 986 3702 1060">
     <span class='ocr_line' id='line_1_37' title="bbox 2006 986 3702 1060; baseline 0.004 -22"><span class='ocrx_word' id='word_1_236' title='bbox 2006 986 2314 1055; x_wconf 86' lang='lat' dir='ltr'>conjugati.</span> <span class='ocrx_word' id='word_1_237' title='bbox 2349 988 2508 1050; x_wconf 88' lang='lat' dir='ltr'>Quod</span> <span class='ocrx_word' id='word_1_238' title='bbox 2548 987 2594 1040; x_wconf 88' lang='lat' dir='ltr'>si</span> <span class='ocrx_word' id='word_1_239' title='bbox 2637 1003 2744 1040; x_wconf 89' lang='lat' dir='ltr'>non</span> <span class='ocrx_word' id='word_1_240' title='bbox 2791 988 3047 1054; x_wconf 88' lang='lat' dir='ltr'>fecerint,</span> <span class='ocrx_word' id='word_1_241' title='bbox 3097 991 3166 1041; x_wconf 78' lang='grc'>20</span> <span class='ocrx_word' id='word_1_242' title='bbox 3218 989 3337 1042; x_wconf 90' lang='lat' dir='ltr'>dies</span> <span class='ocrx_word' id='word_1_243' title='bbox 3372 990 3431 1043; x_wconf 87' lang='lat' dir='ltr'>in</span> <span class='ocrx_word' id='word_1_244' title='bbox 3465 1007 3610 1060; x_wconf 89' lang='lat' dir='ltr'>pane</span> <span class='ocrx_word' id='word_1_245' title='bbox 3646 997 3702 1045; x_wconf 91' lang='lat' dir='ltr'>et</span> 
     </span>
    </p>
   </div>
   <div class='ocr_carea' id='block_1_38' title="bbox 2006 1075 2463 1144">
    <p class='ocr_par' dir='ltr' id='par_1_38' title="bbox 2006 1075 2463 1144">
     <span class='ocr_line' id='line_1_38' title="bbox 2006 1075 2463 1144; baseline 0.004 -18"><span class='ocrx_word' id='word_1_246' title='bbox 2006 1091 2152 1144; x_wconf 90' lang='lat' dir='ltr'>aqua</span> <span class='ocrx_word' id='word_1_247' title='bbox 2179 1075 2463 1144; x_wconf 89' lang='lat' dir='ltr'>jejunent.</span> 
     </span>
    </p>
   </div>
   <div class='ocr_carea' id='block_1_39' title="bbox 2076 1161 3702 1234">
    <p class='ocr_par' dir='ltr' id='par_1_39' title="bbox 2076 1161 3702 1234">
     <span class='ocr_line' id='line_1_39' title="bbox 2076 1161 3702 1234; baseline 0.004 -20"><span class='ocrx_word' id='word_1_248' title='bbox 2076 1161 2483 1230; x_wconf 60' lang='lat' dir='ltr'>(Augustinus)</span> <span class='ocrx_word' id='word_1_249' title='bbox 2513 1162 2754 1226; x_wconf 90' lang='lat' dir='ltr'>Quidam</span> <span class='ocrx_word' id='word_1_250' title='bbox 2787 1168 2916 1232; x_wconf 87' lang='lat' dir='ltr'>post</span> <span class='ocrx_word' id='word_1_251' title='bbox 2943 1164 3248 1234; x_wconf 85' lang='lat' dir='ltr'>prandium</span> <span class='ocrx_word' id='word_1_252' title='bbox 3281 1170 3338 1218; x_wconf 92' lang='lat' dir='ltr'>et</span> <span class='ocrx_word' id='word_1_253' title='bbox 3367 1168 3624 1233; x_wconf 87' lang='lat' dir='ltr'>saturati,</span> <span class='ocrx_word' id='word_1_254' title='bbox 3669 1185 3702 1221; x_wconf 90' lang='lat' dir='ltr'>a</span> 
     </span>
    </p>
   </div>
   <div class='ocr_carea' id='block_1_40' title="bbox 2004 1251 3699 1324">
    <p class='ocr_par' dir='ltr' id='par_1_40' title="bbox 2004 1251 3699 1324">
     <span class='ocr_line' id='line_1_40' title="bbox 2004 1251 3699 1324; baseline 0.005 -23"><span class='ocrx_word' id='word_1_255' title='bbox 2004 1251 2294 1304; x_wconf 89' lang='lat' dir='ltr'>sacerdote</span> <span class='ocrx_word' id='word_1_256' title='bbox 2340 1252 2556 1320; x_wconf 89' lang='lat' dir='ltr'>populo</span> <span class='ocrx_word' id='word_1_257' title='bbox 2608 1251 2884 1306; x_wconf 73' lang='lat' dir='ltr'>ofl‘erente</span> <span class='ocrx_word' id='word_1_258' title='bbox 2951 1253 3180 1323; x_wconf 89' lang='lat' dir='ltr'>signum</span> <span class='ocrx_word' id='word_1_259' title='bbox 3237 1255 3391 1323; x_wconf 89' lang='lat' dir='ltr'>pacis</span> <span class='ocrx_word' id='word_1_260' title='bbox 3440 1257 3699 1324; x_wconf 87' lang='lat' dir='ltr'>accipere</span> 
     </span>
    </p>
   </div>
   <div class='ocr_carea' id='block_1_41' title="bbox 2003 1340 3700 1415">
    <p class='ocr_par' dir='ltr' id='par_1_41' title="bbox 2003 1340 3700 1415">
     <span class='ocr_line' id='line_1_41' title="bbox 2003 1340 3700 1415; baseline 0.005 -25"><span class='ocrx_word' id='word_1_261' title='bbox 2003 1344 2360 1408; x_wconf 70' lang='lat' dir='ltr'>praesumunt</span> <span class='ocrx_word' id='word_1_262' title='bbox 2391 1356 2403 1392; x_wconf 91' lang='lat'><strong>:</strong></span> <span class='ocrx_word' id='word_1_263' title='bbox 2456 1341 2562 1392; x_wconf 90' lang='lat' dir='ltr'>hoc</span> <span class='ocrx_word' id='word_1_264' title='bbox 2595 1340 2692 1410; x_wconf 88' lang='lat' dir='ltr'>qui</span> <span class='ocrx_word' id='word_1_265' title='bbox 2742 1342 3189 1412; x_wconf 75' lang='lat' dir='ltr'>praesumpserit,</span> <span class='ocrx_word' id='word_1_266' title='bbox 3223 1346 3252 1396; x_wconf 90' lang='lat'>3</span> <span class='ocrx_word' id='word_1_267' title='bbox 3295 1342 3415 1397; x_wconf 88' lang='lat' dir='ltr'>dies</span> <span class='ocrx_word' id='word_1_268' title='bbox 3461 1344 3520 1397; x_wconf 91' lang='lat' dir='ltr'>in</span> <span class='ocrx_word' id='word_1_269' title='bbox 3550 1361 3700 1415; x_wconf 91' lang='lat' dir='ltr'>pane</span> 
     </span>
    </p>
   </div>
   <div class='ocr_carea' id='block_1_42' title="bbox 2004 1428 2558 1497">
    <p class='ocr_par' dir='ltr' id='par_1_42' title="bbox 2004 1428 2558 1497">
     <span class='ocr_line' id='line_1_42' title="bbox 2004 1428 2558 1497; baseline -0.002 -17"><span class='ocrx_word' id='word_1_270' title='bbox 2004 1431 2058 1480; x_wconf 90' lang='lat' dir='ltr'>et</span> <span class='ocrx_word' id='word_1_271' title='bbox 2090 1443 2238 1497; x_wconf 87' lang='lat' dir='ltr'>aqua</span> <span class='ocrx_word' id='word_1_272' title='bbox 2264 1428 2558 1497; x_wconf 77' lang='lat' dir='ltr'>pceniteat.</span> 
     </span>
    </p>
   </div>
   <div class='ocr_carea' id='block_1_43' title="bbox 2073 1515 3695 1572">
    <p class='ocr_par' dir='ltr' id='par_1_43' title="bbox 2073 1515 3695 1572">
     <span class='ocr_line' id='line_1_43' title="bbox 2073 1515 3695 1572; baseline 0.004 -6"><span class='ocrx_word' id='word_1_273' title='bbox 2073 1515 2354 1567; x_wconf 88' lang='lat' dir='ltr'>Incestum</span> <span class='ocrx_word' id='word_1_274' title='bbox 2404 1515 2688 1568; x_wconf 87' lang='lat' dir='ltr'>occultum</span> <span class='ocrx_word' id='word_1_275' title='bbox 2720 1516 3018 1570; x_wconf 86' lang='lat' dir='ltr'>conﬁtenti</span> <span class='ocrx_word' id='word_1_276' title='bbox 3083 1518 3400 1571; x_wconf 89' lang='lat' dir='ltr'>remedium</span> <span class='ocrx_word' id='word_1_277' title='bbox 3461 1520 3695 1572; x_wconf 90' lang='lat' dir='ltr'>canoni-</span> 
     </span>
    </p>
   </div>
   <div class='ocr_carea' id='block_1_44' title="bbox 2001 1603 3694 1677">
    <p class='ocr_par' dir='ltr' id='par_1_44' title="bbox 2001 1603 3694 1677">
     <span class='ocr_line' id='line_1_44' title="bbox 2001 1603 3694 1677; baseline 0.003 -22"><span class='ocrx_word' id='word_1_278' title='bbox 2001 1618 2129 1655; x_wconf 92' lang='lat' dir='ltr'>cum</span> <span class='ocrx_word' id='word_1_279' title='bbox 2183 1603 2487 1672; x_wconf 86' lang='lat' dir='ltr'>indicetur,</span> <span class='ocrx_word' id='word_1_280' title='bbox 2527 1605 2678 1674; x_wconf 90' lang='lat' dir='ltr'>quod</span> <span class='ocrx_word' id='word_1_281' title='bbox 2702 1605 2892 1658; x_wconf 88' lang='lat' dir='ltr'>subire</span> <span class='ocrx_word' id='word_1_282' title='bbox 2944 1606 3250 1671; x_wconf 84' lang='lat' dir='ltr'>debuisset,</span> <span class='ocrx_word' id='word_1_283' title='bbox 3305 1606 3351 1659; x_wconf 90' lang='lat' dir='ltr'>si</span> <span class='ocrx_word' id='word_1_284' title='bbox 3383 1608 3504 1677; x_wconf 86' lang='lat' dir='ltr'>ejus</span> <span class='ocrx_word' id='word_1_285' title='bbox 3559 1607 3694 1660; x_wconf 78' lang='lat' dir='ltr'>faci-</span> 
     </span>
    </p>
   </div>
   <div class='ocr_carea' id='block_1_45' title="bbox 1929 1691 3698 1782">
    <p class='ocr_par' dir='ltr' id='par_1_45' title="bbox 1929 1691 3698 1782">
     <span class='ocr_line' id='line_1_45' title="bbox 1929 1691 3698 1782; baseline 0.005 -40"><span class='ocrx_word' id='word_1_286' title='bbox 1929 1728 1969 1782; x_wconf 78' lang='lat' dir='ltr'><strong>B</strong></span> <span class='ocrx_word' id='word_1_287' title='bbox 2003 1706 2110 1743; x_wconf 87' lang='lat' dir='ltr'>nus</span> <span class='ocrx_word' id='word_1_288' title='bbox 2140 1691 2433 1760; x_wconf 90' lang='lat' dir='ltr'>publicum</span> <span class='ocrx_word' id='word_1_289' title='bbox 2484 1703 2647 1746; x_wconf 90' lang='lat' dir='ltr'>esset.</span> <span class='ocrx_word' id='word_1_290' title='bbox 2703 1694 2910 1746; x_wconf 91' lang='lat' dir='ltr'>Verum</span> <span class='ocrx_word' id='word_1_291' title='bbox 2972 1694 3108 1763; x_wconf 89' lang='lat' dir='ltr'>quia</span> <span class='ocrx_word' id='word_1_292' title='bbox 3152 1696 3288 1748; x_wconf 89' lang='lat' dir='ltr'>latet</span> <span class='ocrx_word' id='word_1_293' title='bbox 3327 1695 3698 1750; x_wconf 91' lang='lat' dir='ltr'>commissum</span> 
     </span>
    </p>
   </div>
   <div class='ocr_carea' id='block_1_46' title="bbox 2005 1779 3694 1855">
    <p class='ocr_par' dir='ltr' id='par_1_46' title="bbox 2005 1779 3694 1855">
     <span class='ocr_line' id='line_1_46' title="bbox 2005 1779 3694 1855; baseline 0.004 -24"><span class='ocrx_word' id='word_1_294' title='bbox 2005 1779 2379 1834; x_wconf 90' lang='lat' dir='ltr'>admoneatur</span> <span class='ocrx_word' id='word_1_295' title='bbox 2407 1781 2548 1851; x_wconf 90' lang='lat' dir='ltr'>ipse,</span> <span class='ocrx_word' id='word_1_296' title='bbox 2586 1784 2646 1834; x_wconf 92' lang='lat' dir='ltr'>ut</span> <span class='ocrx_word' id='word_1_297' title='bbox 2691 1782 2931 1849; x_wconf 90' lang='lat' dir='ltr'>occulte,</span> <span class='ocrx_word' id='word_1_298' title='bbox 2957 1787 3238 1852; x_wconf 87' lang='lat' dir='ltr'>quantum</span> <span class='ocrx_word' id='word_1_299' title='bbox 3297 1784 3480 1853; x_wconf 89' lang='lat' dir='ltr'>possit</span> <span class='ocrx_word' id='word_1_300' title='bbox 3509 1784 3694 1855; x_wconf 89' lang='lat' dir='ltr'>poeni-</span> 
     </span>
    </p>
   </div>
   <div class='ocr_carea' id='block_1_47' title="bbox 2002 1870 2136 1920">
    <p class='ocr_par' dir='ltr' id='par_1_47' title="bbox 2002 1870 2136 1920">
     <span class='ocr_line' id='line_1_47' title="bbox 2002 1870 2136 1920; baseline 0.007 -1"><span class='ocrx_word' id='word_1_301' title='bbox 2002 1870 2136 1920; x_wconf 87' lang='lat' dir='ltr'>teat.</span> 
     </span>
    </p>
   </div>
   <div class='ocr_carea' id='block_1_48' title="bbox 2073 1955 3695 2027">
    <p class='ocr_par' dir='ltr' id='par_1_48' title="bbox 2073 1955 3695 2027">
     <span class='ocr_line' id='line_1_48' title="bbox 2073 1955 3695 2027; baseline 0.002 -19"><span class='ocrx_word' id='word_1_302' title='bbox 2073 1955 2184 2019; x_wconf 74' lang='lat' dir='ltr'>(Ea:</span> <span class='ocrx_word' id='word_1_303' title='bbox 2212 1957 2576 2009; x_wconf 82' lang='lat' dir='ltr'>Pamitentiali</span> <span class='ocrx_word' id='word_1_304' title='bbox 2623 1955 2930 2027; x_wconf 82' lang='lat' dir='ltr'>Theodori.)</span> <span class='ocrx_word' id='word_1_305' title='bbox 2974 1957 3217 2020; x_wconf 89' lang='lat' dir='ltr'>Quidam</span> <span class='ocrx_word' id='word_1_306' title='bbox 3258 1959 3371 2012; x_wconf 90' lang='lat' dir='ltr'>Deo</span> <span class='ocrx_word' id='word_1_307' title='bbox 3423 1958 3531 2011; x_wconf 86' lang='lat' dir='ltr'>soli</span> <span class='ocrx_word' id='word_1_308' title='bbox 3565 1975 3695 2012; x_wconf 92' lang='lat' dir='ltr'>con-</span> 
     </span>
    </p>
   </div>
   <div class='ocr_carea' id='block_1_49' title="bbox 2000 2041 3690 2117">
    <p class='ocr_par' dir='ltr' id='par_1_49' title="bbox 2000 2041 3690 2117">
     <span class='ocr_line' id='line_1_49' title="bbox 2000 2041 3690 2117; baseline 0.004 -23"><span class='ocrx_word' id='word_1_309' title='bbox 2000 2041 2151 2094; x_wconf 88' lang='lat' dir='ltr'>ﬁteri</span> <span class='ocrx_word' id='word_1_310' title='bbox 2199 2046 2425 2112; x_wconf 88' lang='lat' dir='ltr'>peccata</span> <span class='ocrx_word' id='word_1_311' title='bbox 2471 2044 2678 2097; x_wconf 89' lang='lat' dir='ltr'>debere</span> <span class='ocrx_word' id='word_1_312' title='bbox 2737 2044 2956 2109; x_wconf 92' lang='lat' dir='ltr'>dicunt,</span> <span class='ocrx_word' id='word_1_313' title='bbox 3017 2050 3080 2098; x_wconf 89' lang='lat' dir='ltr'>ut</span> <span class='ocrx_word' id='word_1_314' title='bbox 3139 2047 3360 2100; x_wconf 86' lang='lat' dir='ltr'>Graeci:</span> <span class='ocrx_word' id='word_1_315' title='bbox 3421 2048 3576 2117; x_wconf 91' lang='lat' dir='ltr'>quod</span> <span class='ocrx_word' id='word_1_316' title='bbox 3634 2053 3690 2101; x_wconf 88' lang='lat' dir='ltr'>et</span> 
     </span>
    </p>
   </div>
   <div class='ocr_carea' id='block_1_50' title="bbox 1993 2130 3693 2205">
    <p class='ocr_par' dir='ltr' id='par_1_50' title="bbox 1993 2130 3693 2205">
     <span class='ocr_line' id='line_1_50' title="bbox 1993 2130 3693 2205; baseline 0.005 -24"><span class='ocrx_word' id='word_1_317' title='bbox 1993 2130 2281 2199; x_wconf 91' lang='lat' dir='ltr'>justorum</span> <span class='ocrx_word' id='word_1_318' title='bbox 2304 2135 2407 2197; x_wconf 90' lang='lat' dir='ltr'>est,</span> <span class='ocrx_word' id='word_1_319' title='bbox 2435 2131 2665 2201; x_wconf 89' lang='lat' dir='ltr'>quidam</span> <span class='ocrx_word' id='word_1_320' title='bbox 2700 2147 2834 2184; x_wconf 84' lang='lat' dir='ltr'>vero</span> <span class='ocrx_word' id='word_1_321' title='bbox 2870 2133 3275 2201; x_wconf 82' lang='lat' dir='ltr'>sacerdotibus,</span> <span class='ocrx_word' id='word_1_322' title='bbox 3302 2139 3363 2188; x_wconf 90' lang='lat' dir='ltr'>ut</span> <span class='ocrx_word' id='word_1_323' title='bbox 3411 2151 3559 2205; x_wconf 89' lang='lat' dir='ltr'>pene</span> <span class='ocrx_word' id='word_1_324' title='bbox 3604 2139 3693 2189; x_wconf 91' lang='lat' dir='ltr'>to-</span> 
     </span>
    </p>
   </div>
   <div class='ocr_carea' id='block_1_51' title="bbox 1998 2219 3691 2291">
    <p class='ocr_par' dir='ltr' id='par_1_51' title="bbox 1998 2219 3691 2291">
     <span class='ocr_line' id='line_1_51' title="bbox 1998 2219 3691 2291; baseline 0.003 -19"><span class='ocrx_word' id='word_1_325' title='bbox 1998 2223 2055 2272; x_wconf 87' lang='lat' dir='ltr'>ta</span> <span class='ocrx_word' id='word_1_326' title='bbox 2085 2223 2280 2271; x_wconf 91' lang='lat' dir='ltr'>sancta</span> <span class='ocrx_word' id='word_1_327' title='bbox 2314 2219 2576 2272; x_wconf 88' lang='lat' dir='ltr'>Ecclesia.</span> <span class='ocrx_word' id='word_1_328' title='bbox 2627 2220 2767 2273; x_wconf 90' lang='lat' dir='ltr'>Nam</span> <span class='ocrx_word' id='word_1_329' title='bbox 2798 2219 3086 2274; x_wconf 89' lang='lat' dir='ltr'>institutio</span> <span class='ocrx_word' id='word_1_330' title='bbox 3117 2222 3374 2291; x_wconf 88' lang='lat' dir='ltr'>Apostoli</span> <span class='ocrx_word' id='word_1_331' title='bbox 3403 2223 3567 2277; x_wconf 91' lang='lat' dir='ltr'>nobis</span> <span class='ocrx_word' id='word_1_332' title='bbox 3598 2240 3691 2277; x_wconf 89' lang='lat' dir='ltr'>se-</span> 
     </span>
    </p>
   </div>
   <div class='ocr_carea' id='block_1_52' title="bbox 2000 2307 3694 2381">
    <p class='ocr_par' dir='ltr' id='par_1_52' title="bbox 2000 2307 3694 2381">
     <span class='ocr_line' id='line_1_52' title="bbox 2000 2307 3694 2381; baseline 0.004 -22"><span class='ocrx_word' id='word_1_333' title='bbox 2000 2307 2227 2376; x_wconf 90' lang='lat' dir='ltr'>quenda</span> <span class='ocrx_word' id='word_1_334' title='bbox 2284 2311 2416 2360; x_wconf 90' lang='lat' dir='ltr'>est:</span> <span class='ocrx_word' id='word_1_335' title='bbox 2480 2312 2561 2374; x_wconf 90' lang='lat' dir='ltr'>ut,</span> <span class='ocrx_word' id='word_1_336' title='bbox 2625 2308 3004 2362; x_wconf 89' lang='lat' dir='ltr'>conﬁteamur</span> <span class='ocrx_word' id='word_1_337' title='bbox 3056 2311 3397 2365; x_wconf 86' lang='lat' dir='ltr'>alterutrum</span> <span class='ocrx_word' id='word_1_338' title='bbox 3462 2316 3694 2381; x_wconf 90' lang='lat' dir='ltr'>peccata</span> 
     </span>
    </p>
   </div>
   <div class='ocr_carea' id='block_1_53' title="bbox 2001 2401 2213 2447">
    <p class='ocr_par' dir='ltr' id='par_1_53' title="bbox 2001 2401 2213 2447">
     <span class='ocr_line' id='line_1_53' title="bbox 2001 2401 2213 2447; baseline 0.005 -1"><span class='ocrx_word' id='word_1_339' title='bbox 2001 2401 2213 2447; x_wconf 89' lang='lat' dir='ltr'>nostra.</span> 
     </span>
    </p>
   </div>
   <div class='ocr_carea' id='block_1_54' title="bbox 2070 2483 3691 2557">
    <p class='ocr_par' dir='ltr' id='par_1_54' title="bbox 2070 2483 3691 2557">
     <span class='ocr_line' id='line_1_54' title="bbox 2070 2483 3691 2557; baseline 0.003 -21"><span class='ocrx_word' id='word_1_340' title='bbox 2070 2483 2178 2553; x_wconf 70' lang='lat' dir='ltr'>(Ea:</span> <span class='ocrx_word' id='word_1_341' title='bbox 2204 2485 2426 2537; x_wconf 82' lang='lat' dir='ltr'>concilio</span> <span class='ocrx_word' id='word_1_342' title='bbox 2456 2484 2744 2550; x_wconf 82' lang='lat' dir='ltr'>Ilerdensi,</span> <span class='ocrx_word' id='word_1_343' title='bbox 2779 2487 2954 2553; x_wconf 86' lang='lat' dir='ltr'>capite</span> <span class='ocrx_word' id='word_1_344' title='bbox 2990 2485 3098 2557; x_wconf 91' lang='grc'>10.)</span> <span class='ocrx_word' id='word_1_345' title='bbox 3134 2486 3395 2541; x_wconf 90' lang='lat' dir='ltr'>Ordinati</span> <span class='ocrx_word' id='word_1_346' title='bbox 3440 2491 3567 2557; x_wconf 91' lang='lat' dir='ltr'>post</span> <span class='ocrx_word' id='word_1_347' title='bbox 3600 2504 3691 2541; x_wconf 89' lang='lat' dir='ltr'>or-</span> 
     </span>
    </p>
   </div>
   <div class='ocr_carea' id='block_1_55' title="bbox 1998 2571 3690 2646">
    <p class='ocr_par' dir='ltr' id='par_1_55' title="bbox 1998 2571 3690 2646">
     <span class='ocr_line' id='line_1_55' title="bbox 1998 2571 3690 2646; baseline 0.002 -21"><span class='ocrx_word' id='word_1_348' title='bbox 1998 2571 2351 2626; x_wconf 90' lang='lat' dir='ltr'>dinationem</span> <span class='ocrx_word' id='word_1_349' title='bbox 2408 2573 2495 2625; x_wconf 90' lang='lat' dir='ltr'>vel</span> <span class='ocrx_word' id='word_1_350' title='bbox 2555 2578 2707 2640; x_wconf 91' lang='lat' dir='ltr'>ante,</span> <span class='ocrx_word' id='word_1_351' title='bbox 2737 2574 3075 2644; x_wconf 89' lang='lat' dir='ltr'>capitalibus</span> <span class='ocrx_word' id='word_1_352' title='bbox 3131 2574 3470 2628; x_wconf 89' lang='lat' dir='ltr'>criminibus</span> <span class='ocrx_word' id='word_1_353' title='bbox 3522 2576 3690 2646; x_wconf 90' lang='lat' dir='ltr'>lapsi,</span> 
     </span>
    </p>
   </div>
   <div class='ocr_carea' id='block_1_56' title="bbox 1998 2661 3692 2732">
    <p class='ocr_par' dir='ltr' id='par_1_56' title="bbox 1998 2661 3692 2732">
     <span class='ocr_line' id='line_1_56' title="bbox 1998 2661 3692 2732; baseline 0.002 -18"><span class='ocrx_word' id='word_1_354' title='bbox 1998 2661 2057 2714; x_wconf 88' lang='lat' dir='ltr'>id</span> <span class='ocrx_word' id='word_1_355' title='bbox 2086 2665 2168 2712; x_wconf 91' lang='lat' dir='ltr'>est</span> <span class='ocrx_word' id='word_1_356' title='bbox 2224 2661 2374 2714; x_wconf 89' lang='lat' dir='ltr'>furto</span> <span class='ocrx_word' id='word_1_357' title='bbox 2411 2661 2498 2713; x_wconf 88' lang='lat' dir='ltr'>vel</span> <span class='ocrx_word' id='word_1_358' title='bbox 2558 2661 2956 2729; x_wconf 90' lang='lat' dir='ltr'>fornicatione,</span> <span class='ocrx_word' id='word_1_359' title='bbox 3000 2663 3254 2732; x_wconf 90' lang='lat' dir='ltr'>perjurio</span> <span class='ocrx_word' id='word_1_360' title='bbox 3304 2668 3360 2717; x_wconf 92' lang='lat' dir='ltr'>et</span> <span class='ocrx_word' id='word_1_361' title='bbox 3405 2663 3531 2717; x_wconf 89' lang='lat' dir='ltr'>aliis</span> <span class='ocrx_word' id='word_1_362' title='bbox 3583 2665 3692 2718; x_wconf 92' lang='lat' dir='ltr'>hu-</span> 
     </span>
    </p>
   </div>
   <div class='ocr_carea' id='block_1_57' title="bbox 1990 2749 3689 2822">
    <p class='ocr_par' dir='ltr' id='par_1_57' title="bbox 1990 2749 3689 2822">
     <span class='ocr_line' id='line_1_57' title="bbox 1990 2749 3689 2822; baseline 0.003 -21"><span class='ocrx_word' id='word_1_363' title='bbox 1990 2749 2269 2819; x_wconf 88' lang='lat' dir='ltr'>jusmodi,</span> <span class='ocrx_word' id='word_1_364' title='bbox 2300 2749 2346 2801; x_wconf 92' lang='lat' dir='ltr'>si</span> <span class='ocrx_word' id='word_1_365' title='bbox 2385 2749 2615 2818; x_wconf 90' lang='lat' dir='ltr'>publica</span> <span class='ocrx_word' id='word_1_366' title='bbox 2653 2754 2786 2803; x_wconf 91' lang='lat' dir='ltr'>sunt</span> <span class='ocrx_word' id='word_1_367' title='bbox 2815 2767 3016 2804; x_wconf 90' lang='lat' dir='ltr'>eorum</span> <span class='ocrx_word' id='word_1_368' title='bbox 3047 2751 3310 2817; x_wconf 87' lang='lat' dir='ltr'>crimina,</span> <span class='ocrx_word' id='word_1_369' title='bbox 3367 2752 3689 2822; x_wconf 90' lang='lat' dir='ltr'>degraden-</span> 
     </span>
    </p>
   </div>
   <div class='ocr_carea' id='block_1_58' title="bbox 1996 2837 3691 2908">
    <p class='ocr_par' dir='ltr' id='par_1_58' title="bbox 1996 2837 3691 2908">
     <span class='ocr_line' id='line_1_58' title="bbox 1996 2837 3691 2908; baseline 0.003 -19"><span class='ocrx_word' id='word_1_370' title='bbox 1996 2841 2108 2890; x_wconf 89' lang='lat' dir='ltr'>tur.</span> <span class='ocrx_word' id='word_1_371' title='bbox 2144 2837 2203 2891; x_wconf 92' lang='lat' dir='ltr'>Si</span> <span class='ocrx_word' id='word_1_372' title='bbox 2242 2853 2371 2890; x_wconf 90' lang='lat' dir='ltr'>vero</span> <span class='ocrx_word' id='word_1_373' title='bbox 2401 2837 2615 2891; x_wconf 89' lang='lat' dir='ltr'>fuerint</span> <span class='ocrx_word' id='word_1_374' title='bbox 2667 2839 2908 2907; x_wconf 88' lang='lat' dir='ltr'>occulta,</span> <span class='ocrx_word' id='word_1_375' title='bbox 2948 2840 3189 2908; x_wconf 87' lang='lat' dir='ltr'>gradum</span> <span class='ocrx_word' id='word_1_376' title='bbox 3222 2855 3391 2893; x_wconf 92' lang='lat' dir='ltr'>suum</span> <span class='ocrx_word' id='word_1_377' title='bbox 3442 2841 3691 2894; x_wconf 89' lang='lat' dir='ltr'>retinere</span> 
     </span>
    </p>
   </div>
   <div class='ocr_carea' id='block_1_59' title="bbox 2000 2926 3692 2999">
    <p class='ocr_par' dir='ltr' id='par_1_59' title="bbox 2000 2926 3692 2999">
     <span class='ocr_line' id='line_1_59' title="bbox 2000 2926 3692 2999; baseline 0.003 -22"><span class='ocrx_word' id='word_1_378' title='bbox 2000 2929 2263 2995; x_wconf 89' lang='lat' dir='ltr'>possunt;</span> <span class='ocrx_word' id='word_1_379' title='bbox 2297 2926 2362 2990; x_wconf 90' lang='lat' dir='ltr'>si,</span> <span class='ocrx_word' id='word_1_380' title='bbox 2397 2931 2609 2980; x_wconf 90' lang='lat' dir='ltr'>secrete</span> <span class='ocrx_word' id='word_1_381' title='bbox 2642 2926 2980 2979; x_wconf 88' lang='lat' dir='ltr'>conﬁtentes</span> <span class='ocrx_word' id='word_1_382' title='bbox 3028 2927 3330 2992; x_wconf 87' lang='lat' dir='ltr'>sacerdoti,</span> <span class='ocrx_word' id='word_1_383' title='bbox 3376 2928 3538 2996; x_wconf 86' lang='lat' dir='ltr'>juxta</span> <span class='ocrx_word' id='word_1_384' title='bbox 3571 2929 3692 2999; x_wconf 88' lang='lat' dir='ltr'>ejus</span> 
     </span>
    </p>
   </div>
   <div class='ocr_carea' id='block_1_60' title="bbox 194 2998 3215 3084">
    <p class='ocr_par' dir='ltr' id='par_1_60' title="bbox 194 2998 3215 3084">
     <span class='ocr_line' id='line_1_60' title="bbox 194 2998 3215 3084; baseline 0 -17"><span class='ocrx_word' id='word_1_385' title='bbox 194 3015 292 3068; x_wconf 82' lang='lat' dir='ltr'>sed</span> <span class='ocrx_word' id='word_1_386' title='bbox 353 3031 552 3068; x_wconf 90' lang='lat' dir='ltr'>eorum</span> <span class='ocrx_word' id='word_1_387' title='bbox 611 3020 806 3068; x_wconf 88' lang='lat' dir='ltr'>sancta</span> <span class='ocrx_word' id='word_1_388' title='bbox 865 3016 1334 3069; x_wconf 89' lang='lat' dir='ltr'>commemoratio</span> <span class='ocrx_word' id='word_1_389' title='bbox 1392 3016 1491 3070; x_wconf 87' lang='lat' dir='ltr'>ﬁat</span> <span class='ocrx_word' id='word_1_390' title='bbox 1569 3017 1630 3069; x_wconf 92' lang='lat' dir='ltr'>in</span> <span class='ocrx_word' id='word_1_391' title='bbox 1688 3017 1888 3071; x_wconf 89' lang='lat' dir='ltr'>diebus</span> <span class='ocrx_word' id='word_1_392' title='bbox 1926 2998 2301 3067; x_wconf 56' lang='lat' dir='ltr'>C:consilium</span> <span class='ocrx_word' id='word_1_393' title='bbox 2337 3013 2508 3082; x_wconf 81' lang='lat' dir='ltr'>digne</span> <span class='ocrx_word' id='word_1_394' title='bbox 2541 3015 2891 3067; x_wconf 87' lang='lat' dir='ltr'>contendant</span> <span class='ocrx_word' id='word_1_395' title='bbox 2919 3014 3215 3084; x_wconf 71' lang='lat' dir='ltr'>pmnitere.</span> 
     </span>
    </p>
   </div>
   <div class='ocr_carea' id='block_1_61' title="bbox 195 3103 1889 3174">
    <p class='ocr_par' dir='ltr' id='par_1_61' title="bbox 195 3103 1889 3174">
     <span class='ocr_line' id='line_1_61' title="bbox 195 3103 1889 3174; baseline 0.002 -18"><span class='ocrx_word' id='word_1_396' title='bbox 195 3103 572 3156; x_wconf 86' lang='lat' dir='ltr'>Sabbatorum</span> <span class='ocrx_word' id='word_1_397' title='bbox 618 3108 674 3156; x_wconf 89' lang='lat' dir='ltr'>et</span> <span class='ocrx_word' id='word_1_398' title='bbox 707 3104 1157 3157; x_wconf 84' lang='lat' dir='ltr'>Dominicorum.</span> <span class='ocrx_word' id='word_1_399' title='bbox 1195 3105 1303 3157; x_wconf 86' lang='lat' dir='ltr'>Nec</span> <span class='ocrx_word' id='word_1_400' title='bbox 1347 3105 1631 3174; x_wconf 88' lang='lat' dir='ltr'>jejunium</span> <span class='ocrx_word' id='word_1_401' title='bbox 1664 3106 1722 3158; x_wconf 91' lang='lat' dir='ltr'>in</span> <span class='ocrx_word' id='word_1_402' title='bbox 1768 3107 1889 3170; x_wconf 90' lang='lat' dir='ltr'>Qua</span> 
     </span>
    </p>
   </div>
   <div class='ocr_carea' id='block_1_62' title="bbox 197 3191 1879 3261">
    <p class='ocr_par' dir='ltr' id='par_1_62' title="bbox 197 3191 1879 3261">
     <span class='ocr_line' id='line_1_62' title="bbox 197 3191 1879 3261; baseline 0.003 -18"><span class='ocrx_word' id='word_1_403' title='bbox 197 3191 518 3259; x_wconf 88' lang='lat' dir='ltr'>dragesima</span> <span class='ocrx_word' id='word_1_404' title='bbox 572 3197 702 3243; x_wconf 89' lang='lat' dir='ltr'>ante</span> <span class='ocrx_word' id='word_1_405' title='bbox 765 3192 942 3244; x_wconf 83' lang='lat' dir='ltr'>tinem</span> <span class='ocrx_word' id='word_1_406' title='bbox 1011 3192 1319 3261; x_wconf 88' lang='lat' dir='ltr'>vespertini</span> <span class='ocrx_word' id='word_1_407' title='bbox 1374 3192 1548 3247; x_wconf 91' lang='lat' dir='ltr'>ofﬁcii</span> <span class='ocrx_word' id='word_1_408' title='bbox 1606 3194 1879 3249; x_wconf 86' lang='lat' dir='ltr'>solvatur.</span> 
     </span>
    </p>
   </div>
   <div class='ocr_carea' id='block_1_63' title="bbox 195 3278 1888 3352">
    <p class='ocr_par' dir='ltr' id='par_1_63' title="bbox 195 3278 1888 3352">
     <span class='ocr_line' id='line_1_63' title="bbox 195 3278 1888 3352; baseline 0.003 -22"><span class='ocrx_word' id='word_1_409' title='bbox 195 3279 532 3348; x_wconf 88' lang='lat' dir='ltr'>Quicunque</span> <span class='ocrx_word' id='word_1_410' title='bbox 581 3278 640 3330; x_wconf 91' lang='lat' dir='ltr'>in</span> <span class='ocrx_word' id='word_1_411' title='bbox 699 3279 788 3332; x_wconf 89' lang='lat' dir='ltr'>die</span> <span class='ocrx_word' id='word_1_412' title='bbox 822 3279 1117 3334; x_wconf 91' lang='lat' dir='ltr'>Dominico</span> <span class='ocrx_word' id='word_1_413' title='bbox 1164 3281 1329 3352; x_wconf 88' lang='lat' dir='ltr'>quasi</span> <span class='ocrx_word' id='word_1_414' title='bbox 1377 3297 1482 3350; x_wconf 90' lang='lat' dir='ltr'>pro</span> <span class='ocrx_word' id='word_1_415' title='bbox 1537 3281 1888 3336; x_wconf 86' lang='lat' dir='ltr'>continentia</span> 
     </span>
    </p>
   </div>
   <div class='ocr_carea' id='block_1_64' title="bbox 191 3367 1019 3438">
    <p class='ocr_par' dir='ltr' id='par_1_64' title="bbox 191 3367 1019 3438">
     <span class='ocr_line' id='line_1_64' title="bbox 191 3367 1019 3438; baseline -0.002 -17"><span class='ocrx_word' id='word_1_416' title='bbox 191 3367 561 3438; x_wconf 87' lang='lat' dir='ltr'>jejunaverit,</span> <span class='ocrx_word' id='word_1_417' title='bbox 593 3369 898 3420; x_wconf 87' lang='lat' dir='ltr'>anathema</span> <span class='ocrx_word' id='word_1_418' title='bbox 929 3368 1019 3421; x_wconf 91' lang='lat' dir='ltr'>sit.</span> 
     </span>
    </p>
   </div>
   <div class='ocr_carea' id='block_1_65' title="bbox 269 3454 1884 3524">
    <p class='ocr_par' dir='ltr' id='par_1_65' title="bbox 269 3454 1884 3524">
     <span class='ocr_line' id='line_1_65' title="bbox 269 3454 1884 3524; baseline 0.001 -16"><span class='ocrx_word' id='word_1_419' title='bbox 269 3457 374 3517; x_wconf 79' lang='lat' dir='ltr'>(Ea:</span> <span class='ocrx_word' id='word_1_420' title='bbox 403 3454 603 3507; x_wconf 79' lang='lat' dir='ltr'>decret.</span> <span class='ocrx_word' id='word_1_421' title='bbox 638 3455 829 3509; x_wconf 79' lang='lat' dir='ltr'>Caiisti</span> <span class='ocrx_word' id='word_1_422' title='bbox 849 3470 1028 3523; x_wconf 70' lang='lat' dir='ltr'>papae,</span> <span class='ocrx_word' id='word_1_423' title='bbox 1069 3457 1246 3523; x_wconf 78' lang='lat' dir='ltr'>capite</span> <span class='ocrx_word' id='word_1_424' title='bbox 1275 3454 1384 3524; x_wconf 77' lang='grc'>15.)</span> <span class='ocrx_word' id='word_1_425' title='bbox 1417 3455 1884 3509; x_wconf 85' lang='lat' dir='ltr'>Excommunica-</span> 
     </span>
    </p>
   </div>
   <div class='ocr_carea' id='block_1_66' title="bbox 193 3542 1886 3615">
    <p class='ocr_par' dir='ltr' id='par_1_66' title="bbox 193 3542 1886 3615">
     <span class='ocr_line' id='line_1_66' title="bbox 193 3542 1886 3615; baseline 0.002 -19"><span class='ocrx_word' id='word_1_426' title='bbox 193 3546 282 3596; x_wconf 85' lang='lat' dir='ltr'>tos</span> <span class='ocrx_word' id='word_1_427' title='bbox 337 3559 368 3595; x_wconf 91' lang='lat' dir='ltr'>a</span> <span class='ocrx_word' id='word_1_428' title='bbox 417 3542 828 3608; x_wconf 88' lang='lat' dir='ltr'>sacerdotibus,</span> <span class='ocrx_word' id='word_1_429' title='bbox 884 3543 1073 3595; x_wconf 91' lang='lat' dir='ltr'>nullus</span> <span class='ocrx_word' id='word_1_430' title='bbox 1126 3543 1365 3611; x_wconf 82' lang='lat' dir='ltr'>recipiat</span> <span class='ocrx_word' id='word_1_431' title='bbox 1405 3549 1532 3596; x_wconf 88' lang='lat' dir='ltr'>ante</span> <span class='ocrx_word' id='word_1_432' title='bbox 1587 3545 1886 3615; x_wconf 89' lang='lat' dir='ltr'>utriusque</span> 
     </span>
    </p>
   </div>
   <div class='ocr_carea' id='block_1_67' title="bbox 196 3631 1885 3701">
    <p class='ocr_par' dir='ltr' id='par_1_67' title="bbox 196 3631 1885 3701">
     <span class='ocr_line' id='line_1_67' title="bbox 196 3631 1885 3701; baseline 0.002 -19"><span class='ocrx_word' id='word_1_433' title='bbox 196 3631 371 3701; x_wconf 88' lang='lat' dir='ltr'>partis</span> <span class='ocrx_word' id='word_1_434' title='bbox 403 3631 616 3698; x_wconf 89' lang='lat' dir='ltr'>justam</span> <span class='ocrx_word' id='word_1_435' title='bbox 650 3631 1157 3684; x_wconf 83' lang='lat' dir='ltr'>examinationem.</span> <span class='ocrx_word' id='word_1_436' title='bbox 1200 3633 1311 3684; x_wconf 87' lang='lat' dir='ltr'>Nec</span> <span class='ocrx_word' id='word_1_437' title='bbox 1365 3647 1493 3684; x_wconf 93' lang='lat' dir='ltr'>cum</span> <span class='ocrx_word' id='word_1_438' title='bbox 1525 3633 1604 3685; x_wconf 91' lang='lat' dir='ltr'>eis</span> <span class='ocrx_word' id='word_1_439' title='bbox 1634 3634 1694 3685; x_wconf 92' lang='lat' dir='ltr'>in</span> <span class='ocrx_word' id='word_1_440' title='bbox 1753 3649 1885 3686; x_wconf 90' lang='lat' dir='ltr'>ora-</span> 
     </span>
    </p>
   </div>
   <div class='ocr_carea' id='block_1_68' title="bbox 197 3719 1884 3788">
    <p class='ocr_par' dir='ltr' id='par_1_68' title="bbox 197 3719 1884 3788">
     <span class='ocr_line' id='line_1_68' title="bbox 197 3719 1884 3788; baseline 0.003 -18"><span class='ocrx_word' id='word_1_441' title='bbox 197 3720 369 3783; x_wconf 90' lang='lat' dir='ltr'>tione,</span> <span class='ocrx_word' id='word_1_442' title='bbox 423 3724 522 3772; x_wconf 84' lang='lat' dir='ltr'>aut</span> <span class='ocrx_word' id='word_1_443' title='bbox 553 3719 701 3784; x_wconf 91' lang='lat' dir='ltr'>cibo,</span> <span class='ocrx_word' id='word_1_444' title='bbox 735 3723 832 3772; x_wconf 91' lang='lat' dir='ltr'>aut</span> <span class='ocrx_word' id='word_1_445' title='bbox 882 3723 1039 3788; x_wconf 90' lang='lat' dir='ltr'>potu,</span> <span class='ocrx_word' id='word_1_446' title='bbox 1099 3721 1183 3772; x_wconf 91' lang='lat' dir='ltr'>vel</span> <span class='ocrx_word' id='word_1_447' title='bbox 1240 3720 1430 3772; x_wconf 91' lang='lat' dir='ltr'>osculo</span> <span class='ocrx_word' id='word_1_448' title='bbox 1482 3722 1884 3788; x_wconf 89' lang='lat' dir='ltr'>communicet,</span> 
     </span>
    </p>
   </div>
   <div class='ocr_carea' id='block_1_69' title="bbox 198 3806 1886 3877">
    <p class='ocr_par' dir='ltr' id='par_1_69' title="bbox 198 3806 1886 3877">
     <span class='ocr_line' id='line_1_69' title="bbox 198 3806 1886 3877; baseline 0.001 -17"><span class='ocrx_word' id='word_1_449' title='bbox 198 3823 300 3860; x_wconf 93' lang='lat' dir='ltr'>nec</span> <span class='ocrx_word' id='word_1_450' title='bbox 331 3823 430 3860; x_wconf 87' lang='lat' dir='ltr'>ave</span> <span class='ocrx_word' id='word_1_451' title='bbox 454 3806 533 3858; x_wconf 92' lang='lat' dir='ltr'>eis</span> <span class='ocrx_word' id='word_1_452' title='bbox 580 3807 758 3872; x_wconf 88' lang='lat' dir='ltr'>dicat;</span> <span class='ocrx_word' id='word_1_453' title='bbox 797 3806 933 3877; x_wconf 87' lang='lat' dir='ltr'>quia</span> <span class='ocrx_word' id='word_1_454' title='bbox 967 3806 1293 3877; x_wconf 90' lang='lat' dir='ltr'>quicunque</span> <span class='ocrx_word' id='word_1_455' title='bbox 1324 3808 1385 3860; x_wconf 90' lang='lat' dir='ltr'>in</span> <span class='ocrx_word' id='word_1_456' title='bbox 1414 3807 1502 3860; x_wconf 89' lang='lat' dir='ltr'>his</span> <span class='ocrx_word' id='word_1_457' title='bbox 1532 3810 1618 3862; x_wconf 91' lang='lat' dir='ltr'>vel</span> <span class='ocrx_word' id='word_1_458' title='bbox 1651 3809 1712 3862; x_wconf 92' lang='lat' dir='ltr'>in</span> <span class='ocrx_word' id='word_1_459' title='bbox 1762 3811 1886 3863; x_wconf 90' lang='lat' dir='ltr'>aliis</span> 
     </span>
    </p>
   </div>
   <div class='ocr_carea' id='block_1_70' title="bbox 197 3894 1886 3965">
    <p class='ocr_par' dir='ltr' id='par_1_70' title="bbox 197 3894 1886 3965">
     <span class='ocr_line' id='line_1_70' title="bbox 197 3894 1886 3965; baseline 0.001 -17"><span class='ocrx_word' id='word_1_460' title='bbox 197 3895 502 3965; x_wconf 85' lang='lat' dir='ltr'>prohibitis</span> <span class='ocrx_word' id='word_1_461' title='bbox 559 3894 801 3947; x_wconf 91' lang='lat' dir='ltr'>scienter</span> <span class='ocrx_word' id='word_1_462' title='bbox 859 3895 1360 3948; x_wconf 83' lang='lat' dir='ltr'>excommunicatis</span> <span class='ocrx_word' id='word_1_463' title='bbox 1428 3896 1886 3950; x_wconf 89' lang='lat' dir='ltr'>communicave-</span> 
     </span>
    </p>
   </div>
   <div class='ocr_carea' id='block_1_71' title="bbox 195 3983 1886 4054">
    <p class='ocr_par' dir='ltr' id='par_1_71' title="bbox 195 3983 1886 4054">
     <span class='ocr_line' id='line_1_71' title="bbox 195 3983 1886 4054; baseline 0.001 -17"><span class='ocrx_word' id='word_1_464' title='bbox 195 3985 288 4050; x_wconf 90' lang='lat' dir='ltr'>rit,</span> <span class='ocrx_word' id='word_1_465' title='bbox 315 3985 480 4053; x_wconf 84' lang='lat' dir='ltr'>juxta</span> <span class='ocrx_word' id='word_1_466' title='bbox 510 3984 907 4052; x_wconf 90' lang='lat' dir='ltr'>apostolorum</span> <span class='ocrx_word' id='word_1_467' title='bbox 939 3983 1387 4048; x_wconf 86' lang='lat' dir='ltr'>institutionem,</span> <span class='ocrx_word' id='word_1_468' title='bbox 1438 3989 1492 4038; x_wconf 92' lang='lat' dir='ltr'>et</span> <span class='ocrx_word' id='word_1_469' title='bbox 1529 3985 1651 4054; x_wconf 91' lang='lat' dir='ltr'>ipse</span> <span class='ocrx_word' id='word_1_470' title='bbox 1710 3985 1886 4040; x_wconf 91' lang='lat' dir='ltr'>simili</span> 
     </span>
    </p>
   </div>
   <div class='ocr_carea' id='block_1_72' title="bbox 196 4072 1063 4142">
    <p class='ocr_par' dir='ltr' id='par_1_72' title="bbox 196 4072 1063 4142">
     <span class='ocr_line' id='line_1_72' title="bbox 196 4072 1063 4142; baseline -0.002 -15"><span class='ocrx_word' id='word_1_471' title='bbox 196 4072 770 4127; x_wconf 84' lang='lat' dir='ltr'>excommunicationi</span> <span class='ocrx_word' id='word_1_472' title='bbox 792 4072 1063 4142; x_wconf 89' lang='lat' dir='ltr'>subjacet.</span> 
     </span>
    </p>
   </div>
   <div class='ocr_carea' id='block_1_73' title="bbox 267 4161 1884 4230">
    <p class='ocr_par' dir='ltr' id='par_1_73' title="bbox 267 4161 1884 4230">
     <span class='ocr_line' id='line_1_73' title="bbox 267 4161 1884 4230; baseline 0.001 -16"><span class='ocrx_word' id='word_1_473' title='bbox 267 4163 370 4228; x_wconf 78' lang='lat' dir='ltr'>(Ea:</span> <span class='ocrx_word' id='word_1_474' title='bbox 417 4162 509 4214; x_wconf 79' lang='lat' dir='ltr'>lib.</span> <span class='ocrx_word' id='word_1_475' title='bbox 569 4176 677 4214; x_wconf 84' lang='lat' dir='ltr'>xvu</span> <span class='ocrx_word' id='word_1_476' title='bbox 736 4161 1004 4230; x_wconf 70' lang='lat' dir='ltr'>ejusdem;</span> <span class='ocrx_word' id='word_1_477' title='bbox 1059 4177 1126 4214; x_wconf 69' lang='lat' dir='ltr'>ea)</span> <span class='ocrx_word' id='word_1_478' title='bbox 1185 4162 1430 4215; x_wconf 85' lang='lat' dir='ltr'>Romano</span> <span class='ocrx_word' id='word_1_479' title='bbox 1476 4164 1884 4230; x_wconf 73' lang='lat' dir='ltr'>Pw-nitentiali.)</span> 
     </span>
    </p>
   </div>
   <div class='ocr_carea' id='block_1_74' title="bbox 2071 3101 3693 3174">
    <p class='ocr_par' dir='ltr' id='par_1_74' title="bbox 2071 3101 3693 3174">
     <span class='ocr_line' id='line_1_74' title="bbox 2071 3101 3693 3174; baseline 0.003 -19"><span class='ocrx_word' id='word_1_480' title='bbox 2071 3102 2181 3170; x_wconf 68' lang='lat' dir='ltr'>(Ex</span> <span class='ocrx_word' id='word_1_481' title='bbox 2237 3103 2460 3156; x_wconf 78' lang='lat' dir='ltr'>concilio</span> <span class='ocrx_word' id='word_1_482' title='bbox 2535 3101 2832 3172; x_wconf 83' lang='lat' dir='ltr'>Toletano.)</span> <span class='ocrx_word' id='word_1_483' title='bbox 2880 3103 3134 3157; x_wconf 89' lang='lat' dir='ltr'>Ordinati</span> <span class='ocrx_word' id='word_1_484' title='bbox 3182 3119 3431 3174; x_wconf 89' lang='lat' dir='ltr'>quorum</span> <span class='ocrx_word' id='word_1_485' title='bbox 3471 3107 3693 3160; x_wconf 86' lang='lat' dir='ltr'>occulta</span> 
     </span>
    </p>
   </div>
   <div class='ocr_carea' id='block_1_75' title="bbox 1999 3189 3691 3260">
    <p class='ocr_par' dir='ltr' id='par_1_75' title="bbox 1999 3189 3691 3260">
     <span class='ocr_line' id='line_1_75' title="bbox 1999 3189 3691 3260; baseline 0.004 -18"><span class='ocrx_word' id='word_1_486' title='bbox 1999 3193 2132 3243; x_wconf 91' lang='lat' dir='ltr'>sunt</span> <span class='ocrx_word' id='word_1_487' title='bbox 2159 3194 2408 3260; x_wconf 88' lang='lat' dir='ltr'>peccata,</span> <span class='ocrx_word' id='word_1_488' title='bbox 2460 3189 2506 3242; x_wconf 90' lang='lat' dir='ltr'>si</span> <span class='ocrx_word' id='word_1_489' title='bbox 2550 3191 2829 3244; x_wconf 87' lang='lat' dir='ltr'>sacerdoti</span> <span class='ocrx_word' id='word_1_490' title='bbox 2873 3193 3086 3245; x_wconf 89' lang='lat' dir='ltr'>occulte</span> <span class='ocrx_word' id='word_1_491' title='bbox 3127 3192 3542 3246; x_wconf 88' lang='lat' dir='ltr'>confessionem</span> <span class='ocrx_word' id='word_1_492' title='bbox 3602 3195 3691 3248; x_wconf 81' lang='lat' dir='ltr'>fe-</span> 
     </span>
    </p>
   </div>
   <div class='ocr_carea' id='block_1_76' title="bbox 1998 3278 3686 3351">
    <p class='ocr_par' dir='ltr' id='par_1_76' title="bbox 1998 3278 3686 3351">
     <span class='ocr_line' id='line_1_76' title="bbox 1998 3278 3686 3351; baseline 0.003 -20"><span class='ocrx_word' id='word_1_493' title='bbox 1998 3282 2215 3345; x_wconf 89' lang='lat' dir='ltr'>cerunt,</span> <span class='ocrx_word' id='word_1_494' title='bbox 2274 3278 2560 3348; x_wconf 86' lang='lat' dir='ltr'>digneque</span> <span class='ocrx_word' id='word_1_495' title='bbox 2605 3279 2764 3348; x_wconf 87' lang='lat' dir='ltr'>juxta</span> <span class='ocrx_word' id='word_1_496' title='bbox 2813 3279 3092 3349; x_wconf 64' lang='lat' dir='ltr'>judicium</span> <span class='ocrx_word' id='word_1_497' title='bbox 3138 3281 3260 3351; x_wconf 89' lang='lat' dir='ltr'>ejus</span> <span class='ocrx_word' id='word_1_498' title='bbox 3292 3281 3686 3351; x_wconf 71' lang='lat' dir='ltr'>pmnituerint,</span> 
     </span>
    </p>
   </div>
   <div class='ocr_carea' id='block_1_77' title="bbox 1997 3365 3130 3436">
    <p class='ocr_par' dir='ltr' id='par_1_77' title="bbox 1997 3365 3130 3436">
     <span class='ocr_line' id='line_1_77' title="bbox 1997 3365 3130 3436; baseline 0.004 -19"><span class='ocrx_word' id='word_1_499' title='bbox 1997 3365 2294 3436; x_wconf 86' lang='lat' dir='ltr'>proprium</span> <span class='ocrx_word' id='word_1_500' title='bbox 2326 3365 2569 3435; x_wconf 88' lang='lat' dir='ltr'>gradum</span> <span class='ocrx_word' id='word_1_501' title='bbox 2603 3366 2845 3419; x_wconf 88' lang='lat' dir='ltr'>retinerc</span> <span class='ocrx_word' id='word_1_502' title='bbox 2874 3373 3130 3436; x_wconf 92' lang='lat' dir='ltr'>possunt.</span> 
     </span>
    </p>
   </div>
   <div class='ocr_carea' id='block_1_78' title="bbox 2067 3452 3691 3522">
    <p class='ocr_par' dir='ltr' id='par_1_78' title="bbox 2067 3452 3691 3522">
     <span class='ocr_line' id='line_1_78' title="bbox 2067 3452 3691 3522; baseline 0.002 -16"><span class='ocrx_word' id='word_1_503' title='bbox 2067 3452 2184 3522; x_wconf 79' lang='lat' dir='ltr'>(Ea:</span> <span class='ocrx_word' id='word_1_504' title='bbox 2223 3455 2501 3507; x_wconf 83' lang='lat' dir='ltr'>Pamitent.</span> <span class='ocrx_word' id='word_1_505' title='bbox 2549 3453 2829 3522; x_wconf 85' lang='lat' dir='ltr'>Romano.)</span> <span class='ocrx_word' id='word_1_506' title='bbox 2881 3453 3035 3507; x_wconf 91' lang='lat' dir='ltr'>Sicut</span> <span class='ocrx_word' id='word_1_507' title='bbox 3090 3454 3432 3508; x_wconf 87' lang='lat' dir='ltr'>sacriﬁcium</span> <span class='ocrx_word' id='word_1_508' title='bbox 3486 3455 3691 3509; x_wconf 80' lang='lat' dir='ltr'>offerre</span> 
     </span>
    </p>
   </div>
   <div class='ocr_carea' id='block_1_79' title="bbox 1997 3541 3688 3614">
    <p class='ocr_par' dir='ltr' id='par_1_79' title="bbox 1997 3541 3688 3614">
     <span class='ocr_line' id='line_1_79' title="bbox 1997 3541 3688 3614; baseline 0.001 -19"><span class='ocrx_word' id='word_1_509' title='bbox 1997 3558 2110 3595; x_wconf 93' lang='lat' dir='ltr'>non</span> <span class='ocrx_word' id='word_1_510' title='bbox 2137 3542 2369 3608; x_wconf 88' lang='lat' dir='ltr'>debent,</span> <span class='ocrx_word' id='word_1_511' title='bbox 2401 3541 2510 3594; x_wconf 90' lang='lat' dir='ltr'>nisi</span> <span class='ocrx_word' id='word_1_512' title='bbox 2543 3541 2796 3610; x_wconf 88' lang='lat' dir='ltr'>episcopi</span> <span class='ocrx_word' id='word_1_513' title='bbox 2834 3542 2932 3611; x_wconf 86' lang='lat' dir='ltr'>[et]</span> <span class='ocrx_word' id='word_1_514' title='bbox 2967 3542 3308 3613; x_wconf 84' lang='lat' dir='ltr'>presbyteri,</span> <span class='ocrx_word' id='word_1_515' title='bbox 3334 3543 3544 3614; x_wconf 91' lang='lat' dir='ltr'>quibus</span> <span class='ocrx_word' id='word_1_516' title='bbox 3575 3545 3688 3598; x_wconf 88' lang='lat' dir='ltr'>cla-</span> 
     </span>
    </p>
   </div>
   <div class='ocr_carea' id='block_1_80' title="bbox 1994 3629 3688 3702">
    <p class='ocr_par' dir='ltr' id='par_1_80' title="bbox 1994 3629 3688 3702">
     <span class='ocr_line' id='line_1_80' title="bbox 1994 3629 3688 3702; baseline 0.002 -20"><span class='ocrx_word' id='word_1_517' title='bbox 1994 3645 2089 3683; x_wconf 86' lang='lat' dir='ltr'>ves</span> <span class='ocrx_word' id='word_1_518' title='bbox 2117 3629 2284 3700; x_wconf 84' lang='lat' dir='ltr'>regni</span> <span class='ocrx_word' id='word_1_519' title='bbox 2336 3629 2609 3682; x_wconf 85' lang='lat' dir='ltr'>coelorum</span> <span class='ocrx_word' id='word_1_520' title='bbox 2668 3630 2886 3683; x_wconf 55' lang='lat' dir='ltr'>tradita</span> <span class='ocrx_word' id='word_1_521' title='bbox 2915 3636 3074 3697; x_wconf 89' lang='lat' dir='ltr'>sunt;</span> <span class='ocrx_word' id='word_1_522' title='bbox 3113 3631 3209 3697; x_wconf 89' lang='lat' dir='ltr'>sic,</span> <span class='ocrx_word' id='word_1_523' title='bbox 3243 3648 3347 3686; x_wconf 90' lang='lat' dir='ltr'>nec</span> <span class='ocrx_word' id='word_1_524' title='bbox 3403 3633 3688 3702; x_wconf 89' lang='lat' dir='ltr'>poeniten-</span> 
     </span>
    </p>
   </div>
   <div class='ocr_carea' id='block_1_81' title="bbox 1993 3716 3690 3787">
    <p class='ocr_par' dir='ltr' id='par_1_81' title="bbox 1993 3716 3690 3787">
     <span class='ocr_line' id='line_1_81' title="bbox 1993 3716 3690 3787; baseline 0.001 -15"><span class='ocrx_word' id='word_1_525' title='bbox 1993 3719 2138 3772; x_wconf 90' lang='lat' dir='ltr'>tium</span> <span class='ocrx_word' id='word_1_526' title='bbox 2163 3717 2378 3786; x_wconf 91' lang='lat' dir='ltr'>judicia</span> <span class='ocrx_word' id='word_1_527' title='bbox 2425 3716 2521 3769; x_wconf 89' lang='lat' dir='ltr'>alii</span> <span class='ocrx_word' id='word_1_528' title='bbox 2552 3733 2832 3787; x_wconf 89' lang='lat' dir='ltr'>usurpare</span> <span class='ocrx_word' id='word_1_529' title='bbox 2891 3718 3119 3774; x_wconf 88' lang='lat' dir='ltr'>debent.</span> <span class='ocrx_word' id='word_1_530' title='bbox 3163 3720 3220 3773; x_wconf 91' lang='lat' dir='ltr'>Si</span> <span class='ocrx_word' id='word_1_531' title='bbox 3252 3724 3443 3774; x_wconf 88' lang='lat' dir='ltr'>autem</span> <span class='ocrx_word' id='word_1_532' title='bbox 3492 3737 3690 3774; x_wconf 91' lang='lat' dir='ltr'>neces-</span> 
     </span>
    </p>
   </div>
   <div class='ocr_carea' id='block_1_82' title="bbox 1996 3805 3686 3877">
    <p class='ocr_par' dir='ltr' id='par_1_82' title="bbox 1996 3805 3686 3877">
     <span class='ocr_line' id='line_1_82' title="bbox 1996 3805 3686 3877; baseline 0.001 -17"><span class='ocrx_word' id='word_1_533' title='bbox 1996 3807 2130 3860; x_wconf 82' lang='lat' dir='ltr'>sitas</span> <span class='ocrx_word' id='word_1_534' title='bbox 2160 3805 2353 3874; x_wconf 89' lang='lat' dir='ltr'>fuerit,</span> <span class='ocrx_word' id='word_1_535' title='bbox 2387 3810 2444 3859; x_wconf 92' lang='lat' dir='ltr'>et</span> <span class='ocrx_word' id='word_1_536' title='bbox 2491 3806 2790 3876; x_wconf 88' lang='lat' dir='ltr'>presbyter</span> <span class='ocrx_word' id='word_1_537' title='bbox 2819 3823 3072 3877; x_wconf 61' lang='lat' dir='ltr'>praesens</span> <span class='ocrx_word' id='word_1_538' title='bbox 3101 3824 3216 3861; x_wconf 91' lang='lat' dir='ltr'>non</span> <span class='ocrx_word' id='word_1_539' title='bbox 3243 3809 3439 3873; x_wconf 89' lang='lat' dir='ltr'>fuerit,</span> <span class='ocrx_word' id='word_1_540' title='bbox 3496 3809 3686 3863; x_wconf 88' lang='lat' dir='ltr'>diaco-</span> 
     </span>
    </p>
   </div>
   <div class='ocr_carea' id='block_1_83' title="bbox 1996 3893 3372 3964">
    <p class='ocr_par' dir='ltr' id='par_1_83' title="bbox 1996 3893 3372 3964">
     <span class='ocr_line' id='line_1_83' title="bbox 1996 3893 3372 3964; baseline 0.001 -17"><span class='ocrx_word' id='word_1_541' title='bbox 1996 3911 2102 3947; x_wconf 90' lang='lat' dir='ltr'>nus</span> <span class='ocrx_word' id='word_1_542' title='bbox 2121 3893 2514 3961; x_wconf 66' lang='lat' dir='ltr'>paenitentiam</span> <span class='ocrx_word' id='word_1_543' title='bbox 2546 3894 2817 3964; x_wconf 89' lang='lat' dir='ltr'>suscipiat</span> <span class='ocrx_word' id='word_1_544' title='bbox 2841 3895 2910 3947; x_wconf 92' lang='lat' dir='ltr'>ad</span> <span class='ocrx_word' id='word_1_545' title='bbox 2944 3896 3372 3950; x_wconf 90' lang='lat' dir='ltr'>comunionem.</span> 
     </span>
    </p>
   </div>
   <div class='ocr_carea' id='block_1_84' title="bbox 2067 3982 3688 4055">
    <p class='ocr_par' dir='ltr' id='par_1_84' title="bbox 2067 3982 3688 4055">
     <span class='ocr_line' id='line_1_84' title="bbox 2067 3982 3688 4055; baseline 0.001 -18"><span class='ocrx_word' id='word_1_546' title='bbox 2067 3985 2175 4053; x_wconf 81' lang='lat' dir='ltr'>(Ea:</span> <span class='ocrx_word' id='word_1_547' title='bbox 2203 3983 2424 4036; x_wconf 79' lang='lat' dir='ltr'>concilio</span> <span class='ocrx_word' id='word_1_548' title='bbox 2471 3982 2848 4052; x_wconf 85' lang='lat' dir='ltr'>Eliberitano.)</span> <span class='ocrx_word' id='word_1_549' title='bbox 2899 3983 2961 4036; x_wconf 90' lang='lat' dir='ltr'>In</span> <span class='ocrx_word' id='word_1_550' title='bbox 3012 3983 3194 4036; x_wconf 90' lang='lat' dir='ltr'>tribus</span> <span class='ocrx_word' id='word_1_551' title='bbox 3224 3984 3688 4055; x_wconf 82' lang='lat' dir='ltr'>Quadragesimis</span> 
     </span>
    </p>
   </div>
   <div class='ocr_carea' id='block_1_85' title="bbox 1995 4069 3685 4140">
    <p class='ocr_par' dir='ltr' id='par_1_85' title="bbox 1995 4069 3685 4140">
     <span class='ocr_line' id='line_1_85' title="bbox 1995 4069 3685 4140; baseline 0.001 -16"><span class='ocrx_word' id='word_1_552' title='bbox 1995 4071 2149 4137; x_wconf 90' lang='lat' dir='ltr'>anni,</span> <span class='ocrx_word' id='word_1_553' title='bbox 2178 4075 2232 4124; x_wconf 92' lang='lat' dir='ltr'>et</span> <span class='ocrx_word' id='word_1_554' title='bbox 2270 4070 2362 4124; x_wconf 90' lang='lat' dir='ltr'>die</span> <span class='ocrx_word' id='word_1_555' title='bbox 2400 4069 2721 4136; x_wconf 90' lang='lat' dir='ltr'>Dominico,</span> <span class='ocrx_word' id='word_1_556' title='bbox 2757 4077 2813 4123; x_wconf 86' lang='lat' dir='ltr'>et</span> <span class='ocrx_word' id='word_1_557' title='bbox 2844 4070 2903 4123; x_wconf 92' lang='lat' dir='ltr'>in</span> <span class='ocrx_word' id='word_1_558' title='bbox 2954 4075 3157 4140; x_wconf 88' lang='lat' dir='ltr'>quarta</span> <span class='ocrx_word' id='word_1_559' title='bbox 3205 4076 3261 4125; x_wconf 92' lang='lat' dir='ltr'>et</span> <span class='ocrx_word' id='word_1_560' title='bbox 3315 4076 3469 4126; x_wconf 86' lang='lat' dir='ltr'>sexta</span> <span class='ocrx_word' id='word_1_561' title='bbox 3523 4072 3685 4138; x_wconf 89' lang='lat' dir='ltr'>feria,</span> 
     </span>
    </p>
   </div>
   <div class='ocr_carea' id='block_1_86' title="bbox 1995 4158 3687 4230">
    <p class='ocr_par' dir='ltr' id='par_1_86' title="bbox 1995 4158 3687 4230">
     <span class='ocr_line' id='line_1_86' title="bbox 1995 4158 3687 4230; baseline 0.002 -20"><span class='ocrx_word' id='word_1_562' title='bbox 1995 4159 2286 4229; x_wconf 88' lang='lat' dir='ltr'>conjugati</span> <span class='ocrx_word' id='word_1_563' title='bbox 2316 4174 2374 4211; x_wconf 89' lang='lat' dir='ltr'>se</span> <span class='ocrx_word' id='word_1_564' title='bbox 2415 4158 2625 4211; x_wconf 92' lang='lat' dir='ltr'>debent</span> <span class='ocrx_word' id='word_1_565' title='bbox 2646 4159 2973 4224; x_wconf 88' lang='lat' dir='ltr'>continere;</span> <span class='ocrx_word' id='word_1_566' title='bbox 3008 4175 3113 4213; x_wconf 89' lang='lat' dir='ltr'>nec</span> <span class='ocrx_word' id='word_1_567' title='bbox 3148 4160 3260 4213; x_wconf 89' lang='lat' dir='ltr'>illis</span> <span class='ocrx_word' id='word_1_568' title='bbox 3290 4161 3491 4215; x_wconf 78' lang='lat' dir='ltr'>diebus</span> <span class='ocrx_word' id='word_1_569' title='bbox 3520 4177 3687 4230; x_wconf 91' lang='lat' dir='ltr'>copu-</span> 
     </span>
    </p>
   </div>
   <div class='ocr_carea' id='block_1_87' title="bbox 195 4245 3690 4336">
    <p class='ocr_par' dir='ltr' id='par_1_87' title="bbox 195 4245 3690 4336">
     <span class='ocr_line' id='line_1_87' title="bbox 195 4245 3690 4336; baseline -0.001 -32"><span class='ocrx_word' id='word_1_570' title='bbox 195 4249 246 4304; x_wconf 93' lang='lat' dir='ltr'>Si</span> <span class='ocrx_word' id='word_1_571' title='bbox 271 4249 528 4302; x_wconf 75' lang='lat' dir='ltr'>saCerdos</span> <span class='ocrx_word' id='word_1_572' title='bbox 551 4265 652 4318; x_wconf 89' lang='lat' dir='ltr'>per</span> <span class='ocrx_word' id='word_1_573' title='bbox 688 4247 1108 4319; x_wconf 89' lang='lat' dir='ltr'>turpiloquium</span> <span class='ocrx_word' id='word_1_574' title='bbox 1141 4266 1238 4303; x_wconf 93' lang='lat' dir='ltr'>seu</span> <span class='ocrx_word' id='word_1_575' title='bbox 1260 4250 1586 4319; x_wconf 58' lang='lat' dir='ltr'>{conspectu</span> <span class='ocrx_word' id='word_1_576' title='bbox 1618 4251 1876 4304; x_wconf 88' lang='lat' dir='ltr'>libidino-</span> <span class='ocrx_word' id='word_1_577' title='bbox 1919 4282 1962 4336; x_wconf 72' lang='grc' dir='ltr'>Ι)</span> <span class='ocrx_word' id='word_1_578' title='bbox 1995 4247 2119 4310; x_wconf 85' lang='lat' dir='ltr'>lari,</span> <span class='ocrx_word' id='word_1_579' title='bbox 2155 4245 2408 4316; x_wconf 89' lang='lat' dir='ltr'>quandiu</span> <span class='ocrx_word' id='word_1_580' title='bbox 2442 4245 2613 4298; x_wconf 90' lang='lat' dir='ltr'>fuerit</span> <span class='ocrx_word' id='word_1_581' title='bbox 2642 4246 2875 4315; x_wconf 85' lang='lat' dir='ltr'>gravida</span> <span class='ocrx_word' id='word_1_582' title='bbox 2909 4263 3070 4312; x_wconf 83' lang='lat' dir='ltr'>uxor,</span> <span class='ocrx_word' id='word_1_583' title='bbox 3095 4251 3150 4300; x_wconf 91' lang='lat' dir='ltr'>et</span> <span class='ocrx_word' id='word_1_584' title='bbox 3174 4264 3205 4300; x_wconf 89' lang='lat' dir='ltr'>a</span> <span class='ocrx_word' id='word_1_585' title='bbox 3240 4265 3353 4318; x_wconf 90' lang='lat' dir='ltr'>quo</span> <span class='ocrx_word' id='word_1_586' title='bbox 3388 4249 3478 4302; x_wconf 91' lang='lat' dir='ltr'>die</span> <span class='ocrx_word' id='word_1_587' title='bbox 3503 4249 3690 4302; x_wconf 90' lang='lat' dir='ltr'>infans</span> 
     </span>
    </p>
   </div>
   <div class='ocr_carea' id='block_1_88' title="bbox 195 4338 1879 4408">
    <p class='ocr_par' dir='ltr' id='par_1_88' title="bbox 195 4338 1879 4408">
     <span class='ocr_line' id='line_1_88' title="bbox 195 4338 1879 4408; baseline 0.001 -16"><span class='ocrx_word' id='word_1_588' title='bbox 195 4356 255 4392; x_wconf 92' lang='lat' dir='ltr'>so</span> <span class='ocrx_word' id='word_1_589' title='bbox 286 4338 708 4408; x_wconf 91' lang='lat' dir='ltr'>coinquinatur,</span> <span class='ocrx_word' id='word_1_590' title='bbox 743 4354 862 4392; x_wconf 90' lang='lat' dir='ltr'>non</span> <span class='ocrx_word' id='word_1_591' title='bbox 909 4343 1100 4392; x_wconf 91' lang='lat' dir='ltr'>tamen</span> <span class='ocrx_word' id='word_1_592' title='bbox 1130 4339 1402 4392; x_wconf 88' lang='lat' dir='ltr'>fornicari</span> <span class='ocrx_word' id='word_1_593' title='bbox 1449 4339 1664 4405; x_wconf 85' lang='lat' dir='ltr'>volens,</span> <span class='ocrx_word' id='word_1_594' title='bbox 1697 4342 1724 4391; x_wconf 82' lang='lat'><strong>5</strong></span> <span class='ocrx_word' id='word_1_595' title='bbox 1759 4340 1879 4393; x_wconf 91' lang='lat' dir='ltr'>dies</span> 
     </span>
    </p>
   </div>
   <div class='ocr_carea' id='block_1_89' title="bbox 195 4426 1883 4497">
    <p class='ocr_par' dir='ltr' id='par_1_89' title="bbox 195 4426 1883 4497">
     <span class='ocr_line' id='line_1_89' title="bbox 195 4426 1883 4497; baseline 0 -17"><span class='ocrx_word' id='word_1_596' title='bbox 195 4427 482 4497; x_wconf 73' lang='lat' dir='ltr'>pmniteat.</span> <span class='ocrx_word' id='word_1_597' title='bbox 527 4427 632 4490; x_wconf 93' lang='lat' dir='ltr'>Qui</span> <span class='ocrx_word' id='word_1_598' title='bbox 662 4426 1101 4496; x_wconf 87' lang='lat' dir='ltr'>impugnatione</span> <span class='ocrx_word' id='word_1_599' title='bbox 1141 4427 1318 4479; x_wconf 89' lang='lat' dir='ltr'>animi</span> <span class='ocrx_word' id='word_1_600' title='bbox 1370 4427 1666 4496; x_wconf 89' lang='lat' dir='ltr'>polluitur,</span> <span class='ocrx_word' id='word_1_601' title='bbox 1701 4431 1730 4480; x_wconf 90' lang='lat'><strong>7</strong></span> <span class='ocrx_word' id='word_1_602' title='bbox 1763 4427 1883 4481; x_wconf 90' lang='lat' dir='ltr'>dies</span> 
     </span>
    </p>
   </div>
   <div class='ocr_carea' id='block_1_90' title="bbox 196 4514 1882 4586">
    <p class='ocr_par' dir='ltr' id='par_1_90' title="bbox 196 4514 1882 4586">
     <span class='ocr_line' id='line_1_90' title="bbox 196 4514 1882 4586; baseline 0.001 -18"><span class='ocrx_word' id='word_1_603' title='bbox 196 4515 482 4586; x_wconf 72' lang='lat' dir='ltr'>pmniteat.</span> <span class='ocrx_word' id='word_1_604' title='bbox 522 4515 630 4579; x_wconf 91' lang='lat' dir='ltr'>Qui</span> <span class='ocrx_word' id='word_1_605' title='bbox 660 4514 717 4567; x_wconf 92' lang='lat' dir='ltr'>in</span> <span class='ocrx_word' id='word_1_606' title='bbox 749 4515 964 4567; x_wconf 89' lang='lat' dir='ltr'>somnis</span> <span class='ocrx_word' id='word_1_607' title='bbox 1023 4515 1344 4568; x_wconf 87' lang='lat' dir='ltr'>voluntarie</span> <span class='ocrx_word' id='word_1_608' title='bbox 1395 4515 1694 4584; x_wconf 89' lang='lat' dir='ltr'>polluitur,</span> <span class='ocrx_word' id='word_1_609' title='bbox 1744 4532 1882 4569; x_wconf 91' lang='lat' dir='ltr'>con-</span> 
     </span>
    </p>
   </div>
   <div class='ocr_carea' id='block_1_91' title="bbox 198 4602 1883 4674">
    <p class='ocr_par' dir='ltr' id='par_1_91' title="bbox 198 4602 1883 4674">
     <span class='ocr_line' id='line_1_91' title="bbox 198 4602 1883 4674; baseline 0 -17"><span class='ocrx_word' id='word_1_610' title='bbox 198 4608 409 4673; x_wconf 88' lang='lat' dir='ltr'>surgat,</span> <span class='ocrx_word' id='word_1_611' title='bbox 479 4608 535 4657; x_wconf 91' lang='lat' dir='ltr'>et</span> <span class='ocrx_word' id='word_1_612' title='bbox 565 4606 751 4656; x_wconf 90' lang='lat' dir='ltr'>cantet</span> <span class='ocrx_word' id='word_1_613' title='bbox 801 4602 1042 4671; x_wconf 89' lang='lat' dir='ltr'>genibus</span> <span class='ocrx_word' id='word_1_614' title='bbox 1093 4602 1255 4656; x_wconf 87' lang='lat' dir='ltr'>ﬂexis</span> <span class='ocrx_word' id='word_1_615' title='bbox 1312 4607 1343 4656; x_wconf 89' lang='lat'><strong>7</strong></span> <span class='ocrx_word' id='word_1_616' title='bbox 1405 4604 1651 4673; x_wconf 90' lang='lat' dir='ltr'>psalmos</span> <span class='ocrx_word' id='word_1_617' title='bbox 1707 4603 1883 4674; x_wconf 89' lang='lat' dir='ltr'>poeni-</span> 
     </span>
    </p>
   </div>
   <div class='ocr_carea' id='block_1_92' title="bbox 196 4692 405 4747">
    <p class='ocr_par' dir='ltr' id='par_1_92' title="bbox 196 4692 405 4747">
     <span class='ocr_line' id='line_1_92' title="bbox 196 4692 405 4747; baseline -0.005 0"><span class='ocrx_word' id='word_1_618' title='bbox 196 4692 405 4747; x_wconf 86' lang='lat' dir='ltr'>tentiae.</span> 
     </span>
    </p>
   </div>
   <div class='ocr_carea' id='block_1_93' title="bbox 266 4779 1883 4850">
    <p class='ocr_par' dir='ltr' id='par_1_93' title="bbox 266 4779 1883 4850">
     <span class='ocr_line' id='line_1_93' title="bbox 266 4779 1883 4850; baseline 0 -16"><span class='ocrx_word' id='word_1_619' title='bbox 266 4781 470 4835; x_wconf 85' lang='lat' dir='ltr'>Volens</span> <span class='ocrx_word' id='word_1_620' title='bbox 502 4784 693 4834; x_wconf 90' lang='lat' dir='ltr'>autem</span> <span class='ocrx_word' id='word_1_621' title='bbox 723 4784 945 4834; x_wconf 89' lang='lat' dir='ltr'>tantum</span> <span class='ocrx_word' id='word_1_622' title='bbox 978 4779 1037 4832; x_wconf 90' lang='lat' dir='ltr'>in</span> <span class='ocrx_word' id='word_1_623' title='bbox 1069 4779 1283 4832; x_wconf 90' lang='lat' dir='ltr'>somnis</span> <span class='ocrx_word' id='word_1_624' title='bbox 1312 4796 1570 4850; x_wconf 89' lang='lat' dir='ltr'>peccare,</span> <span class='ocrx_word' id='word_1_625' title='bbox 1617 4781 1686 4834; x_wconf 79' lang='lat'>20</span> <span class='ocrx_word' id='word_1_626' title='bbox 1733 4781 1883 4850; x_wconf 88' lang='lat' dir='ltr'>psal-</span> 
     </span>
    </p>
   </div>
   <div class='ocr_carea' id='block_1_94' title="bbox 200 4867 1883 4938">
    <p class='ocr_par' dir='ltr' id='par_1_94' title="bbox 200 4867 1883 4938">
     <span class='ocr_line' id='line_1_94' title="bbox 200 4867 1883 4938; baseline -0.001 -14"><span class='ocrx_word' id='word_1_627' title='bbox 200 4887 318 4924; x_wconf 88' lang='lat' dir='ltr'>mos</span> <span class='ocrx_word' id='word_1_628' title='bbox 345 4874 548 4922; x_wconf 89' lang='lat' dir='ltr'>cantet.</span> <span class='ocrx_word' id='word_1_629' title='bbox 597 4869 652 4924; x_wconf 92' lang='lat' dir='ltr'>Si</span> <span class='ocrx_word' id='word_1_630' title='bbox 700 4869 954 4938; x_wconf 89' lang='lat' dir='ltr'>pollutus</span> <span class='ocrx_word' id='word_1_631' title='bbox 987 4872 1072 4921; x_wconf 91' lang='lat' dir='ltr'>est</span> <span class='ocrx_word' id='word_1_632' title='bbox 1110 4867 1228 4921; x_wconf 90' lang='lat' dir='ltr'>sine</span> <span class='ocrx_word' id='word_1_633' title='bbox 1279 4869 1587 4938; x_wconf 83' lang='lat' dir='ltr'>voluntate,</span> <span class='ocrx_word' id='word_1_634' title='bbox 1631 4873 1694 4922; x_wconf 78' lang='grc'>15</span> <span class='ocrx_word' id='word_1_635' title='bbox 1724 4870 1883 4938; x_wconf 90' lang='lat' dir='ltr'>psal-</span> 
     </span>
    </p>
   </div>
   <div class='ocr_carea' id='block_1_95' title="bbox 197 4956 1881 5027">
    <p class='ocr_par' dir='ltr' id='par_1_95' title="bbox 197 4956 1881 5027">
     <span class='ocr_line' id='line_1_95' title="bbox 197 4956 1881 5027; baseline -0.001 -15"><span class='ocrx_word' id='word_1_636' title='bbox 197 4975 318 5013; x_wconf 91' lang='lat' dir='ltr'>mos</span> <span class='ocrx_word' id='word_1_637' title='bbox 369 4962 577 5025; x_wconf 89' lang='lat' dir='ltr'>cantet,</span> <span class='ocrx_word' id='word_1_638' title='bbox 629 4961 686 5011; x_wconf 89' lang='lat' dir='ltr'>et</span> <span class='ocrx_word' id='word_1_639' title='bbox 735 4957 793 5010; x_wconf 93' lang='lat' dir='ltr'>in</span> <span class='ocrx_word' id='word_1_640' title='bbox 842 4957 956 5010; x_wconf 88' lang='lat' dir='ltr'>ﬁne</span> <span class='ocrx_word' id='word_1_641' title='bbox 991 4956 1436 5027; x_wconf 88' lang='lat' dir='ltr'>uniuscujusque</span> <span class='ocrx_word' id='word_1_642' title='bbox 1486 4957 1692 5027; x_wconf 87' lang='lat' dir='ltr'>psalmi</span> <span class='ocrx_word' id='word_1_643' title='bbox 1734 4958 1881 5011; x_wconf 85' lang='lat' dir='ltr'>dicat</span> 
     </span>
    </p>
   </div>
   <div class='ocr_carea' id='block_1_96' title="bbox 195 5045 1882 5116">
    <p class='ocr_par' dir='ltr' id='par_1_96' title="bbox 195 5045 1882 5116">
     <span class='ocr_line' id='line_1_96' title="bbox 195 5045 1882 5116; baseline -0.002 -14"><span class='ocrx_word' id='word_1_644' title='bbox 195 5054 280 5102; x_wconf 90' lang='lat' dir='ltr'>ter</span> <span class='ocrx_word' id='word_1_645' title='bbox 313 5065 324 5100; x_wconf 95' lang='lat'>:</span> <span class='ocrx_word' id='word_1_646' title='bbox 357 5048 525 5111; x_wconf 89' lang='lat' dir='ltr'>Deus,</span> <span class='ocrx_word' id='word_1_647' title='bbox 555 5047 615 5099; x_wconf 89' lang='lat' dir='ltr'>in</span> <span class='ocrx_word' id='word_1_648' title='bbox 649 5046 994 5116; x_wconf 89' lang='lat' dir='ltr'>adjutorium</span> <span class='ocrx_word' id='word_1_649' title='bbox 1014 5061 1207 5098; x_wconf 92' lang='lat' dir='ltr'>meum</span> <span class='ocrx_word' id='word_1_650' title='bbox 1236 5045 1490 5113; x_wconf 90' lang='lat' dir='ltr'>intende,</span> <span class='ocrx_word' id='word_1_651' title='bbox 1520 5050 1621 5099; x_wconf 92' lang='lat' dir='ltr'>etc.</span> <span class='ocrx_word' id='word_1_652' title='bbox 1656 5046 1759 5109; x_wconf 90' lang='lat' dir='ltr'>Qui</span> <span class='ocrx_word' id='word_1_653' title='bbox 1795 5063 1882 5100; x_wconf 89' lang='lat' dir='ltr'>se-</span> 
     </span>
    </p>
   </div>
   <div class='ocr_carea' id='block_1_97' title="bbox 199 5129 1752 5199">
    <p class='ocr_par' dir='ltr' id='par_1_97' title="bbox 199 5129 1752 5199">
     <span class='ocr_line' id='line_1_97' title="bbox 199 5129 1752 5199; baseline -0.001 -14"><span class='ocrx_word' id='word_1_654' title='bbox 199 5149 325 5186; x_wconf 92' lang='lat' dir='ltr'>men</span> <span class='ocrx_word' id='word_1_655' title='bbox 356 5131 414 5184; x_wconf 91' lang='lat' dir='ltr'>in</span> <span class='ocrx_word' id='word_1_656' title='bbox 448 5130 682 5183; x_wconf 89' lang='lat' dir='ltr'>ecclesia</span> <span class='ocrx_word' id='word_1_657' title='bbox 712 5130 1001 5184; x_wconf 88' lang='lat' dir='ltr'>dormiens</span> <span class='ocrx_word' id='word_1_658' title='bbox 1022 5129 1254 5194; x_wconf 88' lang='lat' dir='ltr'>fuderit,</span> <span class='ocrx_word' id='word_1_659' title='bbox 1297 5132 1326 5183; x_wconf 90' lang='lat'>3</span> <span class='ocrx_word' id='word_1_660' title='bbox 1360 5129 1478 5183; x_wconf 86' lang='lat' dir='ltr'>dies</span> <span class='ocrx_word' id='word_1_661' title='bbox 1501 5129 1752 5199; x_wconf 89' lang='lat' dir='ltr'>jujunet.</span> 
     </span>
    </p>
   </div>
   <div class='ocr_carea' id='block_1_98' title="bbox 266 5218 1881 5289">
    <p class='ocr_par' dir='ltr' id='par_1_98' title="bbox 266 5218 1881 5289">
     <span class='ocr_line' id='line_1_98' title="bbox 266 5218 1881 5289; baseline -0.001 -17"><span class='ocrx_word' id='word_1_662' title='bbox 266 5218 369 5287; x_wconf 66' lang='lat' dir='ltr'>(Ex</span> <span class='ocrx_word' id='word_1_663' title='bbox 423 5219 646 5272; x_wconf 84' lang='lat' dir='ltr'>concilio</span> <span class='ocrx_word' id='word_1_664' title='bbox 707 5219 962 5285; x_wconf 83' lang='lat' dir='ltr'>Carthag.</span> <span class='ocrx_word' id='word_1_665' title='bbox 1020 5222 1069 5272; x_wconf 83' lang='lat' dir='ltr'>et</span> <span class='ocrx_word' id='word_1_666' title='bbox 1115 5219 1357 5272; x_wconf 81' lang='lat' dir='ltr'>Decretis</span> <span class='ocrx_word' id='word_1_667' title='bbox 1409 5219 1630 5272; x_wconf 79' lang='lat' dir='ltr'>Eusebii</span> <span class='ocrx_word' id='word_1_668' title='bbox 1681 5220 1881 5289; x_wconf 64' lang='lat' dir='ltr'>papae.)</span> 
     </span>
    </p>
   </div>
   <div class='ocr_carea' id='block_1_99' title="bbox 199 5305 1884 5376">
    <p class='ocr_par' dir='ltr' id='par_1_99' title="bbox 199 5305 1884 5376">
     <span class='ocr_line' id='line_1_99' title="bbox 199 5305 1884 5376; baseline -0.001 -16"><span class='ocrx_word' id='word_1_669' title='bbox 199 5308 273 5360; x_wconf 90' lang='lat' dir='ltr'>De</span> <span class='ocrx_word' id='word_1_670' title='bbox 293 5306 602 5376; x_wconf 86' lang='lat' dir='ltr'>poeniteute</span> <span class='ocrx_word' id='word_1_671' title='bbox 634 5311 762 5359; x_wconf 91' lang='lat' dir='ltr'>ante</span> <span class='ocrx_word' id='word_1_672' title='bbox 802 5307 1108 5360; x_wconf 77' lang='lat' dir='ltr'>adventum</span> <span class='ocrx_word' id='word_1_673' title='bbox 1140 5305 1458 5376; x_wconf 88' lang='lat' dir='ltr'>presbyteri</span> <span class='ocrx_word' id='word_1_674' title='bbox 1496 5306 1884 5359; x_wconf 87' lang='lat' dir='ltr'>obmutescen-</span> 
     </span>
    </p>
   </div>
   <div class='ocr_carea' id='block_1_100' title="bbox 197 5393 1880 5465">
    <p class='ocr_par' dir='ltr' id='par_1_100' title="bbox 197 5393 1880 5465">
     <span class='ocr_line' id='line_1_100' title="bbox 197 5393 1880 5465; baseline -0.001 -17"><span class='ocrx_word' id='word_1_675' title='bbox 197 5400 271 5459; x_wconf 90' lang='lat' dir='ltr'>te,</span> <span class='ocrx_word' id='word_1_676' title='bbox 303 5411 366 5447; x_wconf 85' lang='lat' dir='ltr'>ex</span> <span class='ocrx_word' id='word_1_677' title='bbox 398 5393 496 5448; x_wconf 91' lang='lat' dir='ltr'>lib.</span> <span class='ocrx_word' id='word_1_678' title='bbox 531 5411 618 5448; x_wconf 68' lang='lat' dir='ltr'>xxx</span> <span class='ocrx_word' id='word_1_679' title='bbox 671 5395 974 5465; x_wconf 85' lang='lat' dir='ltr'>ejusdem:</span> <span class='ocrx_word' id='word_1_680' title='bbox 1032 5395 1090 5449; x_wconf 90' lang='lat' dir='ltr'>Si</span> <span class='ocrx_word' id='word_1_681' title='bbox 1138 5395 1263 5464; x_wconf 91' lang='lat' dir='ltr'>quis</span> <span class='ocrx_word' id='word_1_682' title='bbox 1319 5394 1714 5465; x_wconf 75' lang='lat' dir='ltr'>paenitentiam</span> <span class='ocrx_word' id='word_1_683' title='bbox 1777 5410 1880 5463; x_wconf 90' lang='lat' dir='ltr'>pe-</span> 
     </span>
    </p>
   </div>
   <div class='ocr_carea' id='block_1_101' title="bbox 198 5482 1884 5552">
    <p class='ocr_par' dir='ltr' id='par_1_101' title="bbox 198 5482 1884 5552">
     <span class='ocr_line' id='line_1_101' title="bbox 198 5482 1884 5552; baseline 0 -16"><span class='ocrx_word' id='word_1_684' title='bbox 198 5488 338 5548; x_wconf 88' lang='lat' dir='ltr'>tens,</span> <span class='ocrx_word' id='word_1_685' title='bbox 390 5484 526 5537; x_wconf 90' lang='lat' dir='ltr'>dum</span> <span class='ocrx_word' id='word_1_686' title='bbox 559 5484 818 5537; x_wconf 86' lang='lat' dir='ltr'>sacerdos</span> <span class='ocrx_word' id='word_1_687' title='bbox 871 5483 1110 5549; x_wconf 86' lang='lat' dir='ltr'>venerit,</span> <span class='ocrx_word' id='word_1_688' title='bbox 1144 5483 1332 5536; x_wconf 86' lang='lat' dir='ltr'>ofﬁcio</span> <span class='ocrx_word' id='word_1_689' title='bbox 1382 5483 1590 5551; x_wconf 66' lang='lat' dir='ltr'>linguae</span> <span class='ocrx_word' id='word_1_690' title='bbox 1630 5482 1884 5552; x_wconf 88' lang='lat' dir='ltr'>privatus</span> 
     </span>
    </p>
   </div>
   <div class='ocr_carea' id='block_1_102' title="bbox 200 5570 1880 5638">
    <p class='ocr_par' dir='ltr' id='par_1_102' title="bbox 200 5570 1880 5638">
     <span class='ocr_line' id='line_1_102' title="bbox 200 5570 1880 5638; baseline -0.001 -13"><span class='ocrx_word' id='word_1_691' title='bbox 200 5571 388 5638; x_wconf 83' lang='lat' dir='ltr'>fuerit,</span> <span class='ocrx_word' id='word_1_692' title='bbox 426 5572 855 5638; x_wconf 89' lang='lat' dir='ltr'>reconcilietur;</span> <span class='ocrx_word' id='word_1_693' title='bbox 902 5577 959 5626; x_wconf 89' lang='lat' dir='ltr'>et</span> <span class='ocrx_word' id='word_1_694' title='bbox 997 5573 1338 5626; x_wconf 89' lang='lat' dir='ltr'>eucharistia</span> <span class='ocrx_word' id='word_1_695' title='bbox 1380 5571 1490 5626; x_wconf 90' lang='lat' dir='ltr'>sibi</span> <span class='ocrx_word' id='word_1_696' title='bbox 1527 5570 1880 5638; x_wconf 83' lang='lat' dir='ltr'>infundatur,</span> 
     </span>
    </p>
   </div>
   <div class='ocr_carea' id='block_1_103' title="bbox 1995 4333 3685 4407">
    <p class='ocr_par' dir='ltr' id='par_1_103' title="bbox 1995 4333 3685 4407">
     <span class='ocr_line' id='line_1_103' title="bbox 1995 4333 3685 4407; baseline 0.002 -20"><span class='ocrx_word' id='word_1_697' title='bbox 1995 4335 2053 4387; x_wconf 91' lang='lat' dir='ltr'>in</span> <span class='ocrx_word' id='word_1_698' title='bbox 2084 4339 2248 4387; x_wconf 93' lang='lat' dir='ltr'>utero</span> <span class='ocrx_word' id='word_1_699' title='bbox 2281 4338 2500 4387; x_wconf 90' lang='lat' dir='ltr'>motum</span> <span class='ocrx_word' id='word_1_700' title='bbox 2533 4333 2732 4387; x_wconf 86' lang='lat' dir='ltr'>fecerit</span> <span class='ocrx_word' id='word_1_701' title='bbox 2780 4350 2959 4404; x_wconf 91' lang='lat' dir='ltr'>usque</span> <span class='ocrx_word' id='word_1_702' title='bbox 3013 4336 3081 4389; x_wconf 89' lang='lat' dir='ltr'>ad</span> <span class='ocrx_word' id='word_1_703' title='bbox 3137 4341 3389 4405; x_wconf 87' lang='lat' dir='ltr'>partum,</span> <span class='ocrx_word' id='word_1_704' title='bbox 3423 4354 3455 4390; x_wconf 92' lang='lat' dir='ltr'>a</span> <span class='ocrx_word' id='word_1_705' title='bbox 3494 4341 3685 4407; x_wconf 90' lang='lat' dir='ltr'>partu,</span> 
     </span>
    </p>
   </div>
   <div class='ocr_carea' id='block_1_104' title="bbox 1990 4421 3379 4492">
    <p class='ocr_par' dir='ltr' id='par_1_104' title="bbox 1990 4421 3379 4492">
     <span class='ocr_line' id='line_1_104' title="bbox 1990 4421 3379 4492; baseline 0.001 -16"><span class='ocrx_word' id='word_1_706' title='bbox 1990 4427 2120 4492; x_wconf 90' lang='lat' dir='ltr'>post</span> <span class='ocrx_word' id='word_1_707' title='bbox 2153 4425 2218 4476; x_wconf 89' lang='lat'>33</span> <span class='ocrx_word' id='word_1_708' title='bbox 2249 4422 2388 4486; x_wconf 90' lang='lat' dir='ltr'>dies,</span> <span class='ocrx_word' id='word_1_709' title='bbox 2415 4422 2461 4474; x_wconf 92' lang='lat' dir='ltr'>si</span> <span class='ocrx_word' id='word_1_710' title='bbox 2485 4421 2638 4474; x_wconf 87' lang='lat' dir='ltr'>ﬁlius</span> <span class='ocrx_word' id='word_1_711' title='bbox 2668 4426 2784 4488; x_wconf 85' lang='lat' dir='ltr'>est;</span> <span class='ocrx_word' id='word_1_712' title='bbox 2823 4423 2868 4475; x_wconf 90' lang='lat' dir='ltr'>si</span> <span class='ocrx_word' id='word_1_713' title='bbox 2900 4428 3089 4477; x_wconf 90' lang='lat' dir='ltr'>autem</span> <span class='ocrx_word' id='word_1_714' title='bbox 3122 4423 3260 4490; x_wconf 83' lang='lat' dir='ltr'>filia,</span> <span class='ocrx_word' id='word_1_715' title='bbox 3295 4426 3379 4478; x_wconf 80' lang='lat'>56.</span> 
     </span>
    </p>
   </div>
   <div class='ocr_carea' id='block_1_105' title="bbox 2063 4512 3686 4582">
    <p class='ocr_par' dir='ltr' id='par_1_105' title="bbox 2063 4512 3686 4582">
     <span class='ocr_line' id='line_1_105' title="bbox 2063 4512 3686 4582; baseline 0.002 -18"><span class='ocrx_word' id='word_1_716' title='bbox 2063 4512 2183 4580; x_wconf 80' lang='lat' dir='ltr'>(Ea:</span> <span class='ocrx_word' id='word_1_717' title='bbox 2213 4513 2370 4579; x_wconf 82' lang='lat' dir='ltr'>epist.</span> <span class='ocrx_word' id='word_1_718' title='bbox 2415 4512 2604 4564; x_wconf 86' lang='lat' dir='ltr'>Leonis</span> <span class='ocrx_word' id='word_1_719' title='bbox 2634 4527 2810 4579; x_wconf 53' lang='lat' dir='ltr'>papa,</span> <span class='ocrx_word' id='word_1_720' title='bbox 2860 4514 3037 4580; x_wconf 84' lang='lat' dir='ltr'>capite</span> <span class='ocrx_word' id='word_1_721' title='bbox 3094 4516 3178 4577; x_wconf 90' lang='grc'>11,</span> <span class='ocrx_word' id='word_1_722' title='bbox 3224 4513 3298 4565; x_wconf 89' lang='lat' dir='ltr'>ad</span> <span class='ocrx_word' id='word_1_723' title='bbox 3346 4528 3523 4567; x_wconf 88' lang='lat' dir='ltr'>omnes</span> <span class='ocrx_word' id='word_1_724' title='bbox 3571 4517 3686 4582; x_wconf 87' lang='lat' dir='ltr'>epi-</span> 
     </span>
    </p>
   </div>
   <div class='ocr_carea' id='block_1_106' title="bbox 1989 4598 3685 4670">
    <p class='ocr_par' dir='ltr' id='par_1_106' title="bbox 1989 4598 3685 4670">
     <span class='ocr_line' id='line_1_106' title="bbox 1989 4598 3685 4670; baseline 0.001 -16"><span class='ocrx_word' id='word_1_725' title='bbox 1989 4601 2220 4668; x_wconf 83' lang='lat' dir='ltr'>scopos.)</span> <span class='ocrx_word' id='word_1_726' title='bbox 2253 4599 2330 4652; x_wconf 84' lang='lat' dir='ltr'>Ne</span> <span class='ocrx_word' id='word_1_727' title='bbox 2349 4598 2627 4652; x_wconf 82' lang='lat' dir='ltr'>confessio</span> <span class='ocrx_word' id='word_1_728' title='bbox 2651 4616 2668 4667; x_wconf 69' lang='lat'>1&#39;</span> <span class='ocrx_word' id='word_1_729' title='bbox 2692 4599 3056 4653; x_wconf 75' lang='lat' dir='ltr'>oenitentium</span> <span class='ocrx_word' id='word_1_730' title='bbox 3091 4599 3436 4670; x_wconf 87' lang='lat' dir='ltr'>publicetur.</span> <span class='ocrx_word' id='word_1_731' title='bbox 3468 4601 3685 4656; x_wconf 86' lang='lat' dir='ltr'>Sufﬁcit</span> 
     </span>
    </p>
   </div>
   <div class='ocr_carea' id='block_1_107' title="bbox 1991 4687 3682 4757">
    <p class='ocr_par' dir='ltr' id='par_1_107' title="bbox 1991 4687 3682 4757">
     <span class='ocr_line' id='line_1_107' title="bbox 1991 4687 3682 4757; baseline 0.002 -17"><span class='ocrx_word' id='word_1_732' title='bbox 1991 4688 2145 4741; x_wconf 89' lang='lat' dir='ltr'>enim</span> <span class='ocrx_word' id='word_1_733' title='bbox 2176 4688 2274 4741; x_wconf 90' lang='lat' dir='ltr'>illa</span> <span class='ocrx_word' id='word_1_734' title='bbox 2305 4687 2643 4756; x_wconf 88' lang='lat' dir='ltr'>poenitentia</span> <span class='ocrx_word' id='word_1_735' title='bbox 2675 4704 2687 4740; x_wconf 94' lang='lat'>:</span> <span class='ocrx_word' id='word_1_736' title='bbox 2717 4704 2846 4757; x_wconf 74' lang='lat' dir='ltr'>quae</span> <span class='ocrx_word' id='word_1_737' title='bbox 2868 4687 3122 4757; x_wconf 89' lang='lat' dir='ltr'>primum</span> <span class='ocrx_word' id='word_1_738' title='bbox 3168 4689 3405 4742; x_wconf 91' lang='lat' dir='ltr'>Domino</span> <span class='ocrx_word' id='word_1_739' title='bbox 3426 4690 3682 4757; x_wconf 78' lang='lat' dir='ltr'>offertur,</span> 
     </span>
    </p>
   </div>
   <div class='ocr_carea' id='block_1_108' title="bbox 1991 4773 3686 4846">
    <p class='ocr_par' dir='ltr' id='par_1_108' title="bbox 1991 4773 3686 4846">
     <span class='ocr_line' id='line_1_108' title="bbox 1991 4773 3686 4846; baseline 0.002 -18"><span class='ocrx_word' id='word_1_740' title='bbox 1991 4780 2126 4828; x_wconf 91' lang='lat' dir='ltr'>tunc</span> <span class='ocrx_word' id='word_1_741' title='bbox 2155 4773 2326 4828; x_wconf 91' lang='lat' dir='ltr'>etiam</span> <span class='ocrx_word' id='word_1_742' title='bbox 2374 4773 2676 4839; x_wconf 84' lang='lat' dir='ltr'>sacerdoti,</span> <span class='ocrx_word' id='word_1_743' title='bbox 2709 4775 2809 4844; x_wconf 88' lang='lat' dir='ltr'>qui</span> <span class='ocrx_word' id='word_1_744' title='bbox 2855 4790 2957 4844; x_wconf 89' lang='lat' dir='ltr'>pro</span> <span class='ocrx_word' id='word_1_745' title='bbox 2989 4775 3208 4829; x_wconf 91' lang='lat' dir='ltr'>delictis</span> <span class='ocrx_word' id='word_1_746' title='bbox 3279 4777 3686 4846; x_wconf 70' lang='lat' dir='ltr'>pmnitentium</span> 
     </span>
    </p>
   </div>
   <div class='ocr_carea' id='block_1_109' title="bbox 1990 4863 3685 4937">
    <p class='ocr_par' dir='ltr' id='par_1_109' title="bbox 1990 4863 3685 4937">
     <span class='ocr_line' id='line_1_109' title="bbox 1990 4863 3685 4937; baseline 0.002 -21"><span class='ocrx_word' id='word_1_747' title='bbox 1990 4867 2250 4933; x_wconf 90' lang='lat' dir='ltr'>precator</span> <span class='ocrx_word' id='word_1_748' title='bbox 2282 4863 2518 4916; x_wconf 84' lang='lat' dir='ltr'>accedit.</span> <span class='ocrx_word' id='word_1_749' title='bbox 2561 4864 2717 4916; x_wconf 89' lang='lat' dir='ltr'>Tunc</span> <span class='ocrx_word' id='word_1_750' title='bbox 2745 4863 2898 4916; x_wconf 90' lang='lat' dir='ltr'>enim</span> <span class='ocrx_word' id='word_1_751' title='bbox 2932 4863 3124 4933; x_wconf 90' lang='lat' dir='ltr'>plures</span> <span class='ocrx_word' id='word_1_752' title='bbox 3157 4866 3226 4919; x_wconf 91' lang='lat' dir='ltr'>ad</span> <span class='ocrx_word' id='word_1_753' title='bbox 3287 4866 3685 4937; x_wconf 81' lang='lat' dir='ltr'>paenitentiam</span> 
     </span>
    </p>
   </div>
   <div class='ocr_carea' id='block_1_110' title="bbox 1990 4951 3690 5024">
    <p class='ocr_par' dir='ltr' id='par_1_110' title="bbox 1990 4951 3690 5024">
     <span class='ocr_line' id='line_1_110' title="bbox 1990 4951 3690 5024; baseline 0.001 -18"><span class='ocrx_word' id='word_1_754' title='bbox 1990 4956 2262 5023; x_wconf 89' lang='lat' dir='ltr'>poterunt</span> <span class='ocrx_word' id='word_1_755' title='bbox 2300 4952 2613 5021; x_wconf 88' lang='lat' dir='ltr'>provocari,</span> <span class='ocrx_word' id='word_1_756' title='bbox 2646 4951 2693 5004; x_wconf 92' lang='lat' dir='ltr'>si</span> <span class='ocrx_word' id='word_1_757' title='bbox 2724 4951 2924 5023; x_wconf 89' lang='lat' dir='ltr'>populi</span> <span class='ocrx_word' id='word_1_758' title='bbox 2943 4953 3181 5007; x_wconf 90' lang='lat' dir='ltr'>auribus</span> <span class='ocrx_word' id='word_1_759' title='bbox 3207 4971 3320 5007; x_wconf 92' lang='lat' dir='ltr'>non</span> <span class='ocrx_word' id='word_1_760' title='bbox 3361 4955 3690 5024; x_wconf 89' lang='lat' dir='ltr'>publicetur</span> 
     </span>
    </p>
   </div>
   <div class='ocr_carea' id='block_1_111' title="bbox 1991 5039 2697 5106">
    <p class='ocr_par' dir='ltr' id='par_1_111' title="bbox 1991 5039 2697 5106">
     <span class='ocr_line' id='line_1_111' title="bbox 1991 5039 2697 5106; baseline -0.001 -12"><span class='ocrx_word' id='word_1_761' title='bbox 1991 5040 2338 5106; x_wconf 86' lang='lat' dir='ltr'>conscientia</span> <span class='ocrx_word' id='word_1_762' title='bbox 2357 5039 2697 5094; x_wconf 87' lang='lat' dir='ltr'>conﬁtentis.</span> 
     </span>
    </p>
   </div>
   <div class='ocr_carea' id='block_1_112' title="bbox 2064 5129 3683 5199">
    <p class='ocr_par' dir='ltr' id='par_1_112' title="bbox 2064 5129 3683 5199">
     <span class='ocr_line' id='line_1_112' title="bbox 2064 5129 3683 5199; baseline -0.001 -14"><span class='ocrx_word' id='word_1_763' title='bbox 2064 5129 2341 5199; x_wconf 79' lang='lat' dir='ltr'>(Callistus</span> <span class='ocrx_word' id='word_1_764' title='bbox 2393 5144 2546 5197; x_wconf 88' lang='lat' dir='ltr'>papa</span> <span class='ocrx_word' id='word_1_765' title='bbox 2626 5129 2878 5185; x_wconf 84' lang='lat' dir='ltr'>omnibus</span> <span class='ocrx_word' id='word_1_766' title='bbox 2950 5131 3260 5198; x_wconf 84' lang='lat' dir='ltr'>episcopis.)</span> <span class='ocrx_word' id='word_1_767' title='bbox 3313 5129 3683 5195; x_wconf 89' lang='lat' dir='ltr'>Criminosos,</span> 
     </span>
    </p>
   </div>
   <div class='ocr_carea' id='block_1_113' title="bbox 1992 5216 3689 5288">
    <p class='ocr_par' dir='ltr' id='par_1_113' title="bbox 1992 5216 3689 5288">
     <span class='ocr_line' id='line_1_113' title="bbox 1992 5216 3689 5288; baseline 0.001 -17"><span class='ocrx_word' id='word_1_768' title='bbox 1992 5233 2133 5288; x_wconf 89' lang='lat' dir='ltr'>quos</span> <span class='ocrx_word' id='word_1_769' title='bbox 2198 5216 2390 5270; x_wconf 67' lang='lat' dir='ltr'>saeculi</span> <span class='ocrx_word' id='word_1_770' title='bbox 2448 5217 2604 5286; x_wconf 87' lang='lat' dir='ltr'>leges</span> <span class='ocrx_word' id='word_1_771' title='bbox 2675 5216 3049 5284; x_wconf 88' lang='lat' dir='ltr'>interficiunt,</span> <span class='ocrx_word' id='word_1_772' title='bbox 3115 5234 3219 5270; x_wconf 89' lang='lat' dir='ltr'>nos</span> <span class='ocrx_word' id='word_1_773' title='bbox 3293 5219 3689 5274; x_wconf 87' lang='lat' dir='ltr'>misericordia</span> 
     </span>
    </p>
   </div>
   <div class='ocr_carea' id='block_1_114' title="bbox 1993 5305 3687 5377">
    <p class='ocr_par' dir='ltr' id='par_1_114' title="bbox 1993 5305 3687 5377">
     <span class='ocr_line' id='line_1_114' title="bbox 1993 5305 3687 5377; baseline 0.001 -18"><span class='ocrx_word' id='word_1_774' title='bbox 1993 5311 2305 5376; x_wconf 67' lang='lat' dir='ltr'>praeeunte,</span> <span class='ocrx_word' id='word_1_775' title='bbox 2338 5305 2442 5359; x_wconf 91' lang='lat' dir='ltr'>sub</span> <span class='ocrx_word' id='word_1_776' title='bbox 2468 5305 2718 5359; x_wconf 68' lang='lat' dir='ltr'>infamiae</span> <span class='ocrx_word' id='word_1_777' title='bbox 2752 5311 2907 5372; x_wconf 90' lang='lat' dir='ltr'>nota,</span> <span class='ocrx_word' id='word_1_778' title='bbox 2939 5307 3007 5359; x_wconf 90' lang='lat' dir='ltr'>ad</span> <span class='ocrx_word' id='word_1_779' title='bbox 3039 5306 3438 5375; x_wconf 62' lang='lat' dir='ltr'>paenitentiam</span> <span class='ocrx_word' id='word_1_780' title='bbox 3482 5307 3687 5377; x_wconf 84' lang='lat' dir='ltr'>recipi-</span> 
     </span>
    </p>
   </div>
   <div class='ocr_carea' id='block_1_115' title="bbox 1992 5393 3688 5464">
    <p class='ocr_par' dir='ltr' id='par_1_115' title="bbox 1992 5393 3688 5464">
     <span class='ocr_line' id='line_1_115' title="bbox 1992 5393 3688 5464; baseline 0.001 -16"><span class='ocrx_word' id='word_1_781' title='bbox 1992 5411 2137 5448; x_wconf 90' lang='lat' dir='ltr'>mus.</span> <span class='ocrx_word' id='word_1_782' title='bbox 2193 5395 2382 5462; x_wconf 88' lang='lat' dir='ltr'>Ipsam</span> <span class='ocrx_word' id='word_1_783' title='bbox 2431 5409 2662 5463; x_wconf 91' lang='lat' dir='ltr'>quoque</span> <span class='ocrx_word' id='word_1_784' title='bbox 2725 5393 3043 5461; x_wconf 88' lang='lat' dir='ltr'>infamiam,</span> <span class='ocrx_word' id='word_1_785' title='bbox 3099 5411 3212 5464; x_wconf 92' lang='lat' dir='ltr'>qua</span> <span class='ocrx_word' id='word_1_786' title='bbox 3267 5395 3483 5464; x_wconf 89' lang='lat' dir='ltr'>aspersi</span> <span class='ocrx_word' id='word_1_787' title='bbox 3537 5400 3688 5464; x_wconf 90' lang='lat' dir='ltr'>sunt,</span> 
     </span>
    </p>
   </div>
   <div class='ocr_carea' id='block_1_116' title="bbox 1993 5482 3690 5553">
    <p class='ocr_par' dir='ltr' id='par_1_116' title="bbox 1993 5482 3690 5553">
     <span class='ocr_line' id='line_1_116' title="bbox 1993 5482 3690 5553; baseline -0.001 -16"><span class='ocrx_word' id='word_1_788' title='bbox 1993 5483 2182 5537; x_wconf 87' lang='lat' dir='ltr'>delere</span> <span class='ocrx_word' id='word_1_789' title='bbox 2213 5499 2330 5535; x_wconf 90' lang='lat' dir='ltr'>non</span> <span class='ocrx_word' id='word_1_790' title='bbox 2374 5497 2704 5551; x_wconf 88' lang='lat' dir='ltr'>possumus;</span> <span class='ocrx_word' id='word_1_791' title='bbox 2742 5482 2839 5536; x_wconf 89' lang='lat' dir='ltr'>sed</span> <span class='ocrx_word' id='word_1_792' title='bbox 2873 5498 3076 5536; x_wconf 91' lang='lat' dir='ltr'>eorum</span> <span class='ocrx_word' id='word_1_793' title='bbox 3127 5483 3346 5536; x_wconf 86' lang='lat' dir='ltr'>animas</span> <span class='ocrx_word' id='word_1_794' title='bbox 3374 5499 3475 5553; x_wconf 89' lang='lat' dir='ltr'>per</span> <span class='ocrx_word' id='word_1_795' title='bbox 3513 5484 3690 5552; x_wconf 68' lang='lat' dir='ltr'>posui-</span> 
     </span>
    </p>
   </div>
   <div class='ocr_carea' id='block_1_117' title="bbox 1993 5569 3689 5640">
    <p class='ocr_par' dir='ltr' id='par_1_117' title="bbox 1993 5569 3689 5640">
     <span class='ocr_line' id='line_1_117' title="bbox 1993 5569 3689 5640; baseline 0.001 -15"><span class='ocrx_word' id='word_1_796' title='bbox 1993 5571 2235 5625; x_wconf 87' lang='lat' dir='ltr'>tentiam</span> <span class='ocrx_word' id='word_1_797' title='bbox 2265 5569 2554 5640; x_wconf 90' lang='lat' dir='ltr'>publicam</span> <span class='ocrx_word' id='word_1_798' title='bbox 2611 5573 2665 5623; x_wconf 89' lang='lat' dir='ltr'>et</span> <span class='ocrx_word' id='word_1_799' title='bbox 2700 5569 2960 5624; x_wconf 74' lang='lat' dir='ltr'>Ecclesiae</span> <span class='ocrx_word' id='word_1_800' title='bbox 2993 5570 3434 5626; x_wconf 88' lang='lat' dir='ltr'>satisfactionem</span> <span class='ocrx_word' id='word_1_801' title='bbox 3487 5587 3689 5626; x_wconf 81' lang='lat' dir='ltr'>sanare</span> 
     </span>
    </p>
   </div>
  </div>
