3950 6310
306 305 441 356 1079

1531 299 1875 356 APPENDIX
1912 300 2002 354 AD
2043 301 2554 357 BURCHARDUM.

3670 308 3812 362 1080

301 429 566 500 cupimus
613 428 753 500 quia
793 426 1099 482 manifesta
1151 430 1386 498 peccata
1439 441 1557 480 non
1597 428 1731 479 sunt
1783 424 2001 479 occulta
2036 427 2082 481 A
2112 424 2328 480 militer
2344 426 2589 497 jejunet,
2620 424 2734 481 nisi
2763 427 2914 498 quod
2943 428 3173 482 tertiam
3202 429 3427 492 feriam,
3460 435 3518 485 et
3545 431 3812 502 quintam

301 517 655 572 correctione
686 515 1008 588 purganda.

373 605 544 676 (Item
596 606 659 659 S.
707 606 934 672 Gregor.
989 603 1162 658 Felici
1206 605 1367 672 episc.
1401 601 1644 672 Siciliae.)
1701 600 1994 656 Manifesta

302 710 536 767 quoque
579 697 812 764 peccata
858 708 974 746 non
1006 697 1140 746 sunt
1168 691 1388 746 occulta
1442 689 1792 745 correctione
1848 705 1993 760 pur—

303 785 492 855 ganda
520 802 537 840 :
570 782 670 837 sed
702 781 892 852 palam
924 786 1060 835 sunt
1089 779 1370 852 arguendi
1395 780 1496 851 qui
1545 781 1737 850 palam
1766 785 1992 846 nocent,

303 877 369 926 ut
421 872 563 927 dum
607 875 807 940 aperta
859 869 1263 940 objurgatione
1307 873 1605 935 sanantur,
1638 868 1696 922 hi
1747 868 1847 940 qui
1899 885 1996 922 eos

303 959 582 1015 imitando
605 957 968 1027 deliquerant
1013 958 1394 1028 corrigantur.
1431 959 1575 1012 Dum
1605 973 1755 1012 unus
1811 956 1995 1011 corri-

302 1050 482 1120 pitur,
535 1045 772 1118 plurimi
823 1048 1218 1102 emendantur.
1259 1048 1326 1101 Et
1381 1045 1587 1101 melius
1639 1051 1728 1115 est
1779 1051 1843 1101 ut
1891 1063 1994 1116 pro

304 1136 618 1190 multorum
675 1131 986 1187 salvatione
1045 1151 1192 1188 unus
1221 1134 1638 1188 condemnetur
1678 1149 1853 1204 quam
1890 1149 1996 1203 per

305 1223 474 1278 uuius
504 1221 795 1277 licentiam
819 1223 986 1278 multi
1016 1223 1429 1294 periclitentur.
1466 1221 1660 1276 Melius
1700 1226 1784 1276 est
1839 1223 1993 1275 enim

307 1314 367 1364 ut
395 1311 532 1365 mali
561 1312 861 1368 manifeste
891 1311 1274 1382 corrigantur,
1308 1326 1483 1381 quam
1525 1325 1631 1380 pro
1689 1309 1804 1363 illis
1858 1309 1994 1364 boni

305 1404 557 1469 pereant.

374 1490 489 1557 (Ea:
543 1493 746 1544 Decret.
787 1489 1110 1544 Melchiadis
1153 1502 1314 1557 papa
1359 1491 1410 1541 et
1443 1486 1779 1543 Triburiensi
1823 1501 1992 1554 conc.,

305 1580 482 1645 capite
508 1577 583 1643 4.)
633 1578 710 1631 De
751 1577 1084 1648 poenitentia
1123 1576 1357 1630 illorum
1396 1575 1495 1644 qui
1527 1579 1726 1644 sponte
1752 1575 1993 1629 homici-

306 1665 465 1718 dium
516 1665 914 1733 committunt;
953 1665 1014 1719 in
1044 1664 1247 1735 primis
1300 1669 1364 1718 ut
1392 1663 1682 1717 licentiam
1735 1679 1852 1718 non
1891 1664 1991 1717 ha-

309 1754 484 1807 beant
512 1754 809 1808 ecclesiam
839 1754 1110 1808 intrandi.
1153 1753 1282 1806 Illos
1331 1752 1621 1822 proximos
1651 1752 1718 1805 40
1747 1752 1866 1806 dies
1895 1768 1993 1805 nu-

308 1842 396 1896 dis
424 1842 668 1912 pedibus
711 1843 961 1910 incedat,
990 1847 1047 1896 et
1079 1842 1237 1895 nullo
1268 1840 1528 1894 vehiculo
1577 1843 1788 1894 utatur.
1841 1841 1903 1893 In
1923 1839 2002 1893 la-

309 1931 431 1984 neis
459 1931 706 1985 vestibus
735 1932 806 1984 sit
833 1931 1048 2002 absque
1100 1929 1492 1995 femoralibus,
1527 1944 1686 1982 arma
1740 1943 1858 1982 non
1910 1928 2000 1982 fe-

307 2024 415 2082 rat,
444 2022 501 2072 et
529 2017 674 2073 nihil
730 2024 918 2073 sumat
958 2019 1046 2073 his
1100 2019 1170 2073 40
1215 2017 1418 2071 diebus
1469 2016 1579 2070 nisi
1621 2021 1846 2070 tantum
1897 2033 1997 2086 pa-

308 2107 484 2174 nem,"
505 2108 683 2161 salem
716 2113 773 2161 et
805 2124 1011 2179 puram
1042 2107 1202 2162 bibat
1232 2121 1460 2177 aquam.
1499 2105 1564 2159 Et
1593 2105 1809 2158 nullam
1840 2120 1996 2158 com-

308 2194 642 2249 munionem
675 2211 804 2249 cum
848 2196 1068 2250 caeteris
1125 2193 1462 2250 Christianis
1493 2208 1681 2262 neque
1723 2208 1854 2246 cum
1886 2193 1998 2246 alio

308 2282 620 2352 poenitente
648 2281 854 2337 habeat
875 2282 937 2336 in
989 2282 1150 2348 cibis,
1206 2282 1293 2335 vel
1336 2285 1503 2351 potu,
1564 2283 1871 2349 antequam
1931 2283 1999 2333 40

311 2370 430 2424 dies
459 2369 899 2440 adimpleantur.
928 2372 1000 2424 Ex
1031 2371 1156 2424 cibo
1203 2385 1377 2440 quem
1408 2368 1584 2422 sumit
1612 2369 1805 2422 nullus
1853 2368 1999 2432 alius

309 2458 634 2513 manducet.
668 2458 1035 2513 Considerata
1092 2474 1223 2512 vero
1270 2473 1528 2528 personae
1580 2457 1876 2526 qualitate,
1911 2458 2000 2511 vel

309 2547 664 2614 inﬁrmitate,
695 2547 765 2602 de
803 2547 1009 2618 pomis,
1045 2547 1132 2600 vel
1162 2547 1440 2611 oleribus,
1461 2545 1548 2598 vel
1585 2544 1996 2614 leguminibus,

306 2641 478 2706 prout
516 2637 697 2690 visum
749 2636 942 2703 fuerit,
991 2636 1210 2706 aliquid
1242 2651 1345 2706 pro
1384 2633 1779 2688 misericordia
1817 2635 1999 2689 indulo

306 2731 528 2796 geatur.
559 2725 798 2780 Maxime
824 2725 872 2778 si
909 2729 1132 2779 coactus
1161 2729 1217 2778 et
1249 2740 1362 2778 non
1389 2727 1593 2792 sponte
1624 2721 1995 2778 homicidium

303 2813 519 2866 fecerit.
588 2814 652 2867 Et
689 2812 741 2866 ei
789 2812 1138 2867 omnimodis
1195 2829 1262 2866 ex
1323 2809 1600 2865 canonica
1663 2814 1999 2869 auctoritate

305 2898 678 2953 interdicatur
719 2906 779 2956 ut
815 2900 873 2954 in
904 2899 995 2954 his
1024 2900 1226 2954 diebus
1256 2917 1386 2954 cum
1420 2898 1580 2953 nulla
1626 2899 1841 2958 femina
1898 2903 2000 2956 mi-

2105 517 2162 568 et
2189 515 2510 581 sabbatum,
2544 518 2885 586 potestatem
2919 517 3130 571 habeat
3166 517 3490 572 redimendi
3531 524 3810 589 prmtacto

2101 603 2311 674 pretio,
2364 603 2700 674 ubicunque
2739 610 2843 659 est.
2900 606 3116 660 Caetera
3145 606 3342 660 omnia
3374 607 3634 661 observet
3673 609 3808 663 dili-

2104 697 2324 762 genter,
2347 691 2431 744 uti
2454 691 2512 744 in
2543 691 2731 760 primo
2766 709 2936 746 anno.

2175 781 2289 847 (Ea:
2315 780 2532 844 eisdem,
2571 784 2746 848 rapite
2770 781 2846 852 7.)
2875 782 3135 846 Quatuor
3164 782 3300 836 anni
3323 782 3530 837 deinde
3557 788 3804 852 restant,

2102 883 2204 939 per
2234 883 2379 938 quos
2407 867 2663 938 singulos
2681 869 2907 938 jejunet
2937 874 3052 923 tres
3091 871 3562 941 quadragesimas
3585 888 3597 926 :
3624 888 3806 926 unam

2103 960 2234 1010 ante
2267 955 2479 1010 Pascha
2508 972 2638 1010 cum
2677 957 2898 1011 caeteris
2949 958 3304 1027 Christianis,
3348 959 3711 1028 abstinendo,
3771 977 3808 1014 a

2104 1044 2256 1110 vino,
2297 1048 2353 1098 et
2393 1045 2657 1112 medone,
2707 1046 2928 1100 mellita
2959 1047 3218 1114 cervisia,
3251 1064 3286 1101 a
3338 1064 3508 1102 carne
3556 1054 3614 1103 et
3663 1065 3803 1102 san-

2103 1132 2296 1202 guine,
2347 1135 2403 1185 et
2445 1132 2582 1194 ovis,
2624 1137 2681 1186 et
2726 1133 3041 1204 pinguibus
3089 1135 3364 1204 piscibus;
3414 1136 3652 1190 alteram
3684 1142 3804 1191 ter-

2104 1220 2242 1273 tiam
2269 1225 2401 1289 post
2439 1221 2838 1288 Pentecosten;
2889 1228 3024 1277 ante
3080 1224 3335 1276 Natalem
3368 1224 3591 1277 Domini
3641 1225 3803 1294 jeju-

2111 1312 2229 1374 net,
2259 1313 2325 1361 ut
2353 1324 2527 1377 supra
2547 1307 2761 1362 dictum
2787 1314 2890 1364 est.
2925 1311 2991 1364 Et
3019 1311 3076 1363 in
3104 1316 3353 1382 quatuor
3411 1329 3582 1382 supra
3634 1313 3808 1366 dictis

2103 1396 2268 1450 annis
2298 1397 2488 1464 tertia,
2521 1397 2722 1466 quinta
2752 1397 2894 1452 feria
2925 1403 2980 1453 et
3009 1399 3253 1453 Sabbato
3291 1401 3570 1471 quidquid
3629 1403 3756 1455 vult
3791 1417 3804 1454 :

2103 1491 2159 1542 et
2214 1487 2524 1541 secundam
2592 1493 2650 1541 et
2695 1493 2957 1558 quartam
3018 1489 3220 1543 feriam
3276 1490 3560 1544 redimere
3619 1496 3812 1562 potest

2102 1576 2288 1646 pretio
2313 1577 2434 1646 jam
2471 1592 2644 1646 supra
2673 1576 2850 1632 dicto.
2917 1577 3143 1632 Sextam
3194 1578 3396 1632 feriam
3456 1579 3811 1633 omnimodis

2034 1699 2076 1753 Β
2107 1664 2386 1730 observet,
2422 1665 2482 1753 in
2509 1680 2674 1734 pane,
2719 1669 2775 1719 et
2803 1681 2972 1737 aqua,
3005 1671 3060 1720 et
3099 1682 3470 1737 nequaquam
3530 1668 3805 1721 redimat.

2114 1753 2210 1809 His
2240 1752 2479 1823 expletis
2509 1768 2727 1808 sacram
2765 1753 3234 1808 communionem
3265 1755 3521 1826 accipiat.
3565 1755 3812 1826 Semper

2108 1847 2322 1906 tamen,
2356 1841 2610 1911 quandiu
2633 1840 2803 1909 vivat,
2835 1842 3115 1912 poenitere
3145 1859 3261 1898 non
3293 1844 3544 1898 desistat.

2179 1931 2325 2001 (Item
2364 1932 2493 1984 Pius
2543 1945 2712 1999 papa,
2767 1933 2944 2000 capite
2995 1931 3102 2001 l0.)
3149 1932 3497 1986 Poenitentes
3526 1948 3643 1986 non
3700 1931 3815 1987 de-

2109 2020 2246 2074 bent
2291 2018 2712 2073 communicare
2739 2023 2869 2074 ante
2910 2021 3465 2076 consummationem
3515 2021 3812 2092 paeniten-

2108 2109 2225 2162 tiae.

2183 2197 2259 2250 De
2318 2195 2637 2265 parricidis,
2685 2195 2802 2250 sive
2849 2195 3210 2264 incestuosis,
3267 2197 3592 2264 fratricidis,
3641 2199 3812 2253 Nico-

2109 2285 2232 2338 laus
2260 2298 2406 2354 papa
2436 2283 2634 2337 Carolo
2667 2283 3048 2353 Moguntiensi
3081 2285 3530 2357 archiepiscopo,
3564 2287 3811 2358 ejusque

2111 2370 2533 2441 suffraganeis:
2592 2371 2668 2424 De
2725 2371 3029 2441 parricidis
3086 2372 3250 2426 fratri
3306 2373 3495 2428 eidem
3538 2374 3812 2444 praecipi-

2113 2475 2240 2513 mus
2279 2464 2340 2512 ut
2367 2475 2472 2528 per
2497 2459 2668 2512 unius
2697 2459 2836 2512 anni
2875 2459 3150 2513 circulum
3183 2466 3313 2515 ante
3350 2461 3499 2515 fores
3555 2462 3812 2516 basilica:

2111 2551 2340 2602 orantes
2391 2546 2617 2601 Domini
2664 2548 3026 2601 clementiam
3077 2555 3461 2618 perseverent.
3505 2550 3811 2621 Completo

2112 2648 2246 2686 vero
2292 2633 2432 2687 anni
2484 2633 2696 2687 circulo
2750 2634 3194 2690 introducantur
3236 2637 3555 2703 ecclesiam,
3607 2644 3811 2692 tamen

2111 2720 2260 2774 inter
2284 2722 2600 2790 audientes,
2633 2738 2813 2792 usque
2857 2723 2992 2777 dum
3025 2725 3197 2778 unius
3227 2725 3364 2778 anni
3402 2726 3639 2780 ﬁniatur
3677 2744 3811 2798 spa-

2111 2809 2276 2876 tium,
2307 2814 2477 2863 stent.
2507 2811 2648 2864 Cum
2678 2811 2750 2864 ad
2782 2810 3087 2866 missarum
3119 2813 3418 2880 solemnia,
3458 2815 3543 2868 vel
3569 2815 3640 2869 ad
3699 2816 3817 2870 alia

2113 2913 2270 2951 sacra
2299 2898 2497 2952 audire
2519 2897 2706 2952 ofﬁcia
2735 2899 3011 2954 venerint.
3049 2901 3146 2956 His
3175 2901 3252 2955 ita
3281 2903 3543 2971 peractis,
3599 2903 3645 2956 si
3687 2920 3816 2974 pce-

305 2991 549 3052 sceatur,
599 3003 704 3040 nec
753 2987 820 3041 ad
875 2988 1166 3058 prepriam
1221 3004 1460 3042 uxorem
1519 2991 1763 3060 accedat,
1808 3007 1998 3063 neque
2035 2976 2073 3031 C
2115 2985 2370 3041 nitentias
2401 2986 2618 3041 fructus
2646 2987 2708 3041 in
2764 2987 2846 3041 eis
2885 2989 3228 3060 conspicitis,
3265 2991 3516 3060 corporis
3565 2997 3624 3045 et
3678 3009 3813 3047 san-

305 3090 436 3128 cum
483 3075 678 3145 aliquo
727 3074 961 3129 homine
1008 3075 1275 3129 dormiat.
1324 3077 1491 3131 Juxta
1546 3079 1853 3133 Ecclesiam
1907 3080 1995 3146 sit,

305 3166 438 3216 ante
463 3162 626 3232 cujus
648 3163 857 3233 januas
884 3167 1113 3234 peccata
1141 3179 1243 3217 sua
1269 3164 1476 3218 deﬂeat
1495 3165 1694 3220 diebus
1725 3183 1788 3221 ac
1819 3167 1998 3222 nocti-

305 3251 444 3320 bus;
476 3257 532 3306 et
564 3267 680 3305 non
708 3253 926 3306 deloco
964 3251 1025 3305 in
1057 3252 1242 3306 locum
1273 3258 1494 3323 pergat,
1534 3256 1634 3309 sed
1666 3255 1724 3309 in
1775 3272 1888 3310 uno
1919 3257 2000 3310 lo-

303 3356 368 3394 co
417 3339 506 3394 his
539 3341 608 3394 40
638 3340 840 3395 diebus
867 3340 959 3394 sit.
1003 3341 1070 3395 Et
1109 3341 1154 3394 si
1184 3341 1330 3395 forte
1377 3342 1647 3398 habuerit
1703 3344 1996 3399 insidiato-

303 3443 394 3482 res
422 3428 552 3482 vitas
595 3444 732 3494 suae,
783 3428 1018 3482 interim
1048 3428 1345 3482 differatur
1371 3430 1425 3483 ei
1478 3431 1832 3501 poenitentia,
1895 3433 2000 3488 do-

307 3531 409 3569 nec
437 3515 509 3570 ab
541 3515 808 3586 episcopo
854 3532 966 3586 pax
995 3515 1050 3570 ei
1082 3516 1152 3570 ab
1203 3517 1454 3571 inimicis
1494 3520 1857 3574 concedatur.
1911 3522 1995 3589 Et,

305 3604 352 3657 si
381 3604 444 3657 in
472 3603 805 3658 inﬁrmitate
827 3605 1090 3658 detentus
1118 3604 1312 3672 fuerit,
1344 3606 1423 3660 ita
1449 3611 1512 3661 ut
1541 3623 1659 3661 non
1680 3608 1861 3678 possit
1907 3610 1996 3664 di-

305 3707 417 3762 gne
458 3693 759 3762 pmnitere,
809 3692 1108 3747 differatur
1145 3694 1500 3764 poenitentia,
1549 3696 1730 3751 donec
1771 3698 2001 3752 sanitati

305 3781 659 3835 restituatur.
693 3780 750 3835 Si
781 3787 971 3835 autem
1005 3782 1177 3851 longa
1206 3783 1548 3851 aegritudine
1571 3784 1832 3838 detentus
1871 3785 2000 3840 fue-

307 3869 402 3935 rit,
438 3869 508 3922 ad
542 3869 884 3924 sententiam
907 3869 1163 3940 episcopi
1191 3870 1512 3940 pmnitebit,
1544 3878 1836 3942 quomodo
1888 3889 2003 3928 rea-

302 3961 429 4012 tum
459 3963 516 4011 et
562 3956 859 4011 inﬁrmum
886 3974 1086 4012 sanare
1121 3958 1404 4029 disponat.
1461 3959 1578 4029 (Ea:
1632 3961 1871 4030 ejusdem
1903 3963 1996 4016 de-

303 4048 480 4114 cretis)
505 4045 814 4116 Completis
838 4047 1150 4112 40diebus,
1208 4063 1356 4117 aqua
1415 4049 1588 4114 lotus,
1663 4050 2000 4106 vestimenta

303 4139 358 4188 et
378 4135 763 4188 calceamenta
783 4134 1046 4204 accipiat,
1076 4139 1132 4188 et
1161 4135 1398 4206 capillos
1427 4135 1661 4191 incidat.

2109 3075 2302 3147 guinis
2351 3075 2585 3129 Domini
2636 3076 2941 3145 participes
2973 3076 3132 3146 ﬁant,
3167 3082 3232 3131 ut
3259 3077 3644 3147 desperantiee
3687 3096 3813 3134 non

2108 3163 2450 3217 indurentur
2480 3163 2744 3233 caligine.
2797 3163 3039 3218 Carnem
3070 3181 3190 3219 non
3237 3167 3586 3221 manducent
3625 3168 3814 3222 omni-

2105 3253 2212 3306 bus
2238 3251 2440 3306 diebus
2469 3251 2598 3306 vitae
2628 3267 2771 3306 suae.
2806 3253 3077 3322 Jejunent
3125 3258 3317 3308 autem
3366 3270 3546 3325 usque
3576 3256 3651 3310 ad
3697 3272 3809 3310 no-

2109 3355 2240 3393 nam
2268 3338 2380 3393 dici
2412 3338 2615 3392 horam
2655 3340 2936 3409 quotidie,
2968 3340 3214 3410 exceptis
3261 3341 3417 3395 festis
3468 3342 3672 3397 diebus
3729 3350 3811 3398 at-

2107 3445 2218 3498 que
2252 3426 2581 3482 Dominicis.
2613 3427 2819 3481 Vinum
2848 3432 3021 3499 atque
3043 3430 3408 3498 pulmentum
3430 3445 3658 3485 sumere
3689 3447 3813 3486 non

2107 3519 2479 3587 praesumant,
2503 3515 2612 3569 nisi
2651 3521 2849 3570 contra
2888 3533 3162 3588 paganos.
3209 3518 3273 3571 Et
3321 3534 3664 3589 quocunque
3723 3521 3812 3574 ire

2106 3604 2410 3673 voluerint,
2460 3604 2622 3658 nullo
2676 3605 2936 3659 vehiculo
2981 3605 3356 3674 deducantur,
3393 3607 3490 3660 sed
3554 3608 3815 3678 pedestri

2107 3708 2268 3747 more
2296 3691 2576 3763 proﬁcisci
2611 3693 2893 3747 studeant.
2923 3695 3171 3765 Tempus
3211 3699 3406 3748 autem
3462 3695 3597 3749 huic
3626 3697 3812 3766 paeni-

2105 3781 2302 3836 tentiae
2332 3780 2394 3835 in
2436 3781 2840 3851 episcoporum
2890 3781 3128 3836 arbitrio
3174 3782 3464 3852 ponimus,
3493 3788 3559 3836 ut
3607 3800 3812 3838 secun-

2106 3870 2244 3924 dum
2295 3869 2786 3924 conversationem
2852 3869 3103 3938 illorum,
3173 3875 3272 3924 aut
3332 3872 3660 3939 extendere,
3720 3874 3809 3926 vel

2107 3958 2370 4012 minuere
2420 3958 2674 4012 valeatis.
2736 3957 2822 4012 Ab
2871 3958 3161 4023 uxoribus,
3216 3959 3262 4012 si
3308 3958 3634 4025 habuerint,
3690 3977 3810 4016 non

2108 4050 2480 4117 separentur;
2512 4045 2559 4099 si
2587 4051 2781 4100 autem
2830 4062 2947 4100 non
2975 4047 3286 4102 habuerint
3315 4052 3372 4101 et
3402 4065 3461 4103 se
3507 4049 3810 4105 continere

2109 4151 2222 4188 non
2253 4133 2557 4200 valuerint,
2590 4134 2876 4204 legitimas
2906 4135 3187 4207 accipiant
3205 4152 3431 4205 uxores,
3461 4153 3532 4191 ne
3562 4138 3810 4192 fornica-

371 4222 532 4286 Quod
559 4222 618 4275 in
675 4222 865 4290 primo
897 4239 1047 4276 anno
1090 4222 1394 4297 observare
1426 4225 1645 4278 debeat.
1693 4226 1756 4280 In
1805 4227 1994 4296 primo
2034 4255 2076 4308 D
2110 4223 2281 4278 tionis
2312 4222 2646 4293 voraginem
2673 4222 2948 4286 incidant.
2982 4224 3039 4279 Si
3073 4230 3265 4279 autem
3298 4229 3608 4296 antequam
3657 4226 3803 4280 duo-

299 4325 452 4363 anno
477 4314 608 4380 post
653 4311 723 4364 40
755 4310 873 4364 dies
901 4326 1005 4380 per
1051 4311 1418 4365 totumillum
1475 4329 1693 4368 annum
1752 4331 1783 4367 a
1841 4315 1991 4380 vino,

301 4398 545 4452 medone
573 4403 630 4452 et
649 4398 866 4452 mellita
909 4399 1164 4466 cervisia,
1193 4417 1226 4453 a
1258 4417 1448 4467 carne,
1478 4406 1529 4455 et
1563 4417 1745 4469 caseo,
1781 4407 1837 4455 et
1865 4403 1994 4472 pin-

299 4486 507 4556 guibus
537 4486 787 4558 piscibus
810 4487 1110 4554 abstineat,
1140 4487 1251 4542 nisi
1277 4489 1337 4543 in
1367 4489 1526 4543 festis
1558 4490 1779 4555 diebus,
1812 4492 1913 4561 qui
1936 4492 1994 4546 in

302 4572 400 4627 illo
430 4574 721 4645 episcopio
780 4591 812 4628 a
864 4580 1066 4629 cuncto
1123 4577 1336 4648 populo
1393 4577 1778 4632 celebrantur.
1829 4579 1915 4639 Et,
1947 4577 1993 4632 si

297 4661 443 4716 forte
471 4662 532 4717 in
562 4679 769 4734 magno
802 4663 1028 4732 itinere,
1054 4665 1140 4718 vel
1171 4665 1232 4718 in
1267 4665 1449 4732 hoste,
1481 4665 1566 4718 vel
1614 4665 1714 4720 diu
1771 4667 1843 4721 ad
1895 4668 1996 4721 Do-

299 4750 572 4806 minicam
633 4757 872 4819 curtem,
925 4753 1008 4807 vel
1069 4753 1128 4808 in
1189 4753 1524 4808 inﬁrmitate
1579 4755 1841 4809 detentus
1898 4757 1990 4825 sit,

297 4845 436 4895 tunc
460 4839 669 4894 habeat
711 4856 824 4894 uno
859 4841 1118 4909 denario,
1153 4843 1240 4895 vel
1295 4842 1477 4912 pretio
1521 4843 1691 4898 unius
1745 4843 1990 4913 denarii,

297 4933 399 4983 aut
425 4933 539 4982 tres
585 4945 866 4999 pauperes
913 4930 1219 5001 pascendo,
1255 4930 1484 4984 tertiam
1525 4930 1727 4984 feriam
1760 4936 1816 4984 et
1863 4933 1988 4987 sab-

297 5018 494 5072 batum
514 5017 818 5083 redimere,
851 5018 933 5074 ita
961 5024 1156 5072 tamen
1187 5023 1252 5072 ut
1282 5035 1396 5072 una
1438 5034 1498 5072 re
1538 5020 1608 5073 de
1639 5019 1825 5074 tribus
1869 5026 1993 5075 uta-

289 5113 409 5163 tur.
443 5107 561 5173 Vel,
602 5113 704 5162 aut
731 5107 932 5162 vinum
971 5106 1151 5173 bibat,
1183 5111 1283 5161 aut
1313 5108 1640 5176 medonem,
1676 5113 1774 5163 aut
1810 5109 1992 5162 melli-

293 5201 411 5249 tam
434 5195 750 5250 cervisiam.
774 5197 1085 5266 Postquam
1136 5195 1372 5248 domum
1399 5195 1641 5262 venerit,
1693 5200 1793 5250 aut
1840 5197 1990 5250 sani-

297 5283 396 5338 tati
441 5283 757 5351 restitutus,
814 5284 1032 5337 nullam
1064 5282 1352 5343 licentiam
1383 5283 1591 5337 habeat
1644 5283 1983 5338 redimendi.

292 5372 591 5443 Completo
620 5371 759 5425 anni
804 5371 1038 5440 circulo,
1099 5371 1208 5443 [in]
1241 5372 1536 5426 ecclesiam
1570 5373 1982 5440 introducatur,

289 5465 347 5513 et
382 5459 536 5530 pacis
569 5459 622 5515 ei
658 5458 918 5513 osculum
942 5459 1307 5515 concedatur.

360 5547 470 5609 (Ea:
494 5549 709 5612 iisdem,
742 5549 919 5616 capite
956 5547 1036 5617 6.)
1069 5549 1129 5602 In
1162 5549 1412 5604 secundo
1445 5553 1504 5603 et
1530 5547 1697 5604 tertio
1725 5565 1875 5604 anno
1904 5549 1981 5604 si-

2107 4328 2234 4366 rum
2284 4311 2691 4381 praedictorum
2746 4328 3029 4367 annorum
3083 4313 3363 4368 curricula
3405 4313 3699 4379 ﬁniantur,
3746 4316 3806 4368 li-

2105 4404 2192 4454 nis
2223 4400 2354 4455 vitas
2375 4400 2610 4454 illorum
2630 4400 2944 4469 advenerit,
2970 4401 3242 4457 viaticum
3259 4402 3371 4456 illis
3389 4419 3506 4456 non
3539 4408 3800 4473 negetur.

2172 4488 2230 4542 Si
2289 4487 2416 4559 quis
2456 4503 2587 4542 cum
2646 4487 2868 4542 duabus
2913 4489 3204 4543 sororibus
3258 4490 3428 4544 fuerit
3466 4490 3802 4559 fornicatus,

2102 4581 2201 4631 aut
2246 4592 2376 4630 cum
2437 4576 2528 4630 his
2559 4576 2839 4646 personis,
2908 4577 2977 4631 de
3036 4578 3244 4648 quibus
3298 4593 3456 4631 sacra
3506 4579 3805 4648 Scriptura

2101 4664 2383 4737 prohibet,
2419 4664 2466 4718 si
2495 4665 2729 4736 dignam
2760 4665 2944 4736 egerit
2972 4666 3387 4736 pmnitentiam,
3423 4672 3480 4720 et
3527 4668 3803 4722 castitatis

2101 4770 2218 4808 non
2269 4753 2512 4807 valuerit
2568 4753 2981 4808 continentiam
3025 4754 3256 4822 habere,
3292 4754 3460 4808 liceat
3513 4754 3567 4808 ei
3619 4755 3803 4825 legiti-

2101 4857 2256 4897 mam
2293 4857 2530 4896 uxorem
2563 4842 2838 4913 accipere.
2877 4842 3154 4897 Similiter
3184 4850 3240 4896 et
3270 4843 3500 4909 mulier,
3535 4860 3669 4915 qua:
3701 4845 3803 4897 tali

2101 4932 2312 4986 scelere
2355 4929 2530 4985 fuerit
2579 4931 2756 5001 lapsa,
2792 4935 2858 4985 ut
2905 4946 3018 4984 non
3059 4932 3129 4984 ad
3187 4931 3579 4985 fornicationis
3631 4931 3800 4985 chaos

2099 5019 2460 5091 perducatur.
2497 5019 2607 5074 Sed
2637 5019 2748 5073 hoc
2777 5019 2848 5074 de
2900 5018 3061 5072 laicis
3092 5019 3225 5073 viris
3276 5025 3332 5074 et
3355 5020 3425 5074 de
3459 5020 3800 5074 mulieribus

2098 5109 2459 5164 solummodo
2480 5112 2760 5163 statuunt.

2167 5196 2224 5252 Si
2253 5197 2382 5266 quis
2429 5212 2560 5250 cum
2609 5198 2921 5250 commatre
2943 5195 3188 5266 spiritali
3233 5196 3408 5250 fuerit
3461 5196 3797 5267 fornicatus,

2096 5284 2496 5352 anathematis,
2529 5289 2594 5339 ut
2643 5285 2815 5351 scitis,
2861 5284 3066 5339 ictibus
3108 5285 3446 5357 percutitur.
3518 5285 3799 5341 Similiter

2095 5378 2287 5427 autem
2319 5378 2376 5427 et
2412 5373 2573 5427 illum
2601 5373 2820 5444 percuti
2851 5375 3307 5444 promulgamus,
3339 5375 3439 5444 qui
3486 5390 3618 5428 cum
3669 5375 3785 5442 illa,

2093 5477 2267 5531 quam
2325 5461 2393 5515 de
2444 5477 2602 5515 sacro
2655 5461 2812 5516 fonte
2869 5462 3226 5534 baptismatis
3289 5463 3634 5533 susceperit,
3699 5469 3796 5518 aut

2091 5565 2221 5604 cum
2252 5550 2365 5614 illa,
2389 5566 2560 5621 quam
2607 5555 2739 5606 ante
2795 5551 3127 5622 episcopum
3178 5551 3446 5616 tenuerit,
3471 5567 3600 5605 cum
3635 5568 3794 5607 sacro
