3950 6308
226 320 353 372 1081

218 440 525 495 chrismate
626 444 958 511 angeretur,

222 530 424 583 scelus.
455 529 794 600 Legitimam
837 534 1048 598 tamen,
1082 530 1131 584 si
1161 531 1445 599 habuerit,
1503 548 1621 587 non
1669 532 1920 587 dimittat

222 634 481 672 uxorem.
518 619 673 671 Inter
712 618 830 671 haec
870 618 1137 673 sanctitas
1172 625 1359 673 vestra
1400 620 1610 674 addere
1678 622 1916 691 studuit,

225 707 271 760 si
303 708 464 776 cujus
493 722 635 760 uxor
681 706 1026 761 adulterium
1074 709 1509 778 perpetraverit,
1567 715 1763 763 utrum
1795 726 1915 764 ma-

223 795 336 849 rito
358 795 537 866 ipsius
576 795 763 861 liceat,
804 796 1115 849 secundum
1144 797 1496 851 mundanam
1545 798 1752 867 legem,
1789 815 1915 853 eam

226 885 569 938 interficere.
603 884 805 938 Sancta
841 883 937 937 Dei
968 884 1211 938 Ecclesia
1261 886 1569 939 mundanis
1619 903 1917 957 nunquam

226 972 565 1042 astringitur
596 972 836 1040 legibus.
871 973 1132 1027 Gladium
1164 989 1281 1027 non
1311 974 1499 1028 habet.
1532 974 1643 1028 nisi
1689 975 1916 1044 spirita-

225 1062 340 1115 lem
363 1066 534 1131 atque
567 1060 860 1126 divinum;
889 1076 1006 1114 non
1037 1062 1258 1127 occidit,
1292 1063 1389 1116 sed
1416 1062 1681 1117 vivificat.

298 1148 397 1219 (De
433 1150 665 1203 diversis
716 1151 1127 1205 homicidicrum
1171 1151 1392 1220 modis.)
1455 1153 1713 1206 Nicolaus
1770 1169 1915 1223 papa

226 1237 518 1306 Luitperto
559 1237 939 1307 Moguntiensi
996 1238 1425 1309 archiepiscopo
1464 1256 1476 1292 :
1509 1239 1564 1294 Si
1624 1241 1753 1311 quis
1800 1258 1916 1295 non

223 1326 283 1379 in
312 1326 484 1393 bello,
516 1326 604 1379 vel
635 1327 753 1379 odii
783 1326 1178 1393 meditatione,
1212 1329 1298 1381 vel
1330 1332 1571 1398 propter
1593 1329 1913 1396 avaritiam,

220 1430 511 1485 paganum
566 1414 850 1481 occiderit,
911 1415 1043 1484 quia
1075 1431 1190 1468 non
1240 1416 1347 1469 levi
1388 1415 1526 1471 vitio
1577 1418 1911 1487 connititur,

222 1501 567 1557 homicidam
618 1503 882 1555 convenit
931 1504 1228 1572 poenitere,
1291 1505 1759 1576 quandoquidem
1812 1524 1916 1563 nec

221 1590 429 1645 exteris
459 1591 745 1661 gentibus,
782 1591 892 1644 nisi
924 1592 1174 1646 oblatam
1204 1609 1401 1663 pacem
1433 1596 1773 1665 respuerint,
1803 1597 1918 1650 bel-

219 1680 343 1734 lum
376 1685 498 1733 erat
527 1681 741 1749 populo
772 1680 1008 1751 antiquo
1039 1682 1267 1752 penitus
1296 1682 1508 1738 inferre
1540 1689 1907 1754 praaceptum.

217 1768 276 1823 Si
295 1768 421 1839 quis
443 1784 638 1822 arcum
660 1769 899 1822 tendens
919 1786 1087 1824 causa
1103 1770 1415 1840 probandae
1434 1772 1683 1839 chordas,
1700 1773 1909 1843 sagitta

220 1872 377 1923 casu,
410 1872 529 1909 non
553 1860 704 1922 voto,
756 1857 1109 1927 prosiliente,
1140 1857 1327 1913 ﬁlium
1346 1875 1515 1913 suum
1538 1859 1913 1926 interemerit,

218 1944 300 1997 ita
332 1943 501 1998 debet
532 1944 833 2014 poenitere,
868 1950 930 1998 ut
954 1945 1304 1999 Anciranum
1357 1947 1663 2001 concilium
1696 1948 1911 2013 statuit,

220 2037 287 2085 ut
310 2032 378 2085 de
402 2031 712 2085 homicidio
748 2037 953 2102 sponte
976 2032 1299 2087 commisso.
1333 2034 1491 2087 Esset
1529 2040 1722 2088 autem
1757 2052 1914 2089 seve-

221 2120 343 2173 rior
371 2120 675 2175 indicenda
704 2121 1061 2189 poenitentia,
1113 2121 1245 2191 quia
1285 2122 1436 2175 ﬁlius
1484 2123 1607 2192 ejus
1657 2124 1917 2191 exstitit;

222 2210 319 2263 sed
374 2214 588 2281 quanto
635 2225 804 2263 carne
858 2209 1170 2279 proximior
1224 2210 1376 2263 visus
1432 2216 1574 2273 erat,
1637 2216 1795 2266 tanto
1848 2213 1915 2267 de

222 2302 406 2351 morte
436 2297 589 2351 illius
618 2297 679 2351 in
704 2298 872 2351 corde
905 2314 1005 2351 suo
1059 2298 1246 2351 acrior
1303 2300 1467 2353 dolor
1520 2304 1605 2354 est
1659 2307 1913 2355 exortus.

226 2387 351 2439 Non
385 2386 538 2439 enim
565 2386 672 2440 hoc
705 2391 907 2456 sponte
940 2391 1228 2457 patratum
1259 2393 1362 2442 est.
1408 2388 1465 2442 Si
1492 2388 1623 2458 quis
1683 2389 1916 2443 insanus

220 2475 519 2529 hominem
560 2474 849 2540 occiderit,
904 2474 1036 2529 licet
1081 2475 1135 2528 ei
1190 2474 1531 2546 paenitentia
1590 2476 1664 2530 sit
1720 2477 1917 2547 injun-

219 2564 426 2635 genda,
486 2563 621 2633 quia
671 2563 797 2633 ipsa
854 2562 1162 2617 infirmitas
1235 2579 1405 2617 causa
1460 2564 1677 2634 peccati
1745 2565 1916 2618 fuisse

219 2651 499 2711 creditur";
564 2655 759 2705 tamen
820 2655 1043 2705 tantum
1098 2651 1276 2705 levior
1325 2668 1499 2721 quam
1547 2652 1599 2705 ei
1649 2653 1749 2723 qui
1804 2654 1916 2707 tale

220 2738 359 2810 quid
392 2755 560 2793 sanus
590 2737 917 2805 committit,
965 2743 1245 2809 quantum
1290 2738 1440 2792 inter
1486 2756 1691 2793 sanum
1742 2746 1797 2793 et
1827 2740 1915 2794 in-

220 2844 446 2895 sanum,
524 2828 864 2882 rationabile
956 2832 1013 2882 et
1077 2827 1467 2882 irrationabile
1524 2832 1743 2883 constat
1794 2845 1915 2883 esse

221 2916 591 2971 discriminis.

1148 321 1463 377 STATUTA
1499 320 1830 377 CANONUM
1877 322 1965 376 DE
2005 321 2276 377 OFFICIO
2315 322 2794 376 SACERDOTUM.

1059 442 1437 497 forticationis
1502 444 1915 515 perpetraverit
1943 448 1985 500 Α
2023 460 2238 515 equum
2273 460 2386 499 non
2408 445 2708 517 ascendas;
2751 461 2981 500 causam
3010 452 3190 514 tuam,
3245 452 3302 501 et
3349 448 3603 515 alterius,
3658 448 3719 503 in

1954 1727 1992 1780 Β

3584 326 3720 379 1082

2027 536 2311 585 conventu
2344 531 2603 585 fidelium
2634 549 2750 586 non
2780 549 2933 603 agas.
2959 534 3024 586 In
3071 533 3340 587 conviviis
3400 534 3719 589 laetantium

2027 636 2323 691 nunquam
2393 621 2618 688 sedeas;
2665 620 2725 674 in
2785 622 3023 675 ecclesia
3078 627 3409 693 segregatus
3461 624 3531 676 ab
3589 623 3718 676 aliis

2025 708 2361 762 Christianis
2391 716 2520 779 post
2580 710 2794 763 ostium
2832 710 3130 764 humiliter
3177 716 3327 764 stes:
3388 710 3717 780 ingredien-

2021 796 2168 850 tium
2221 801 2301 871 et_
2348 797 2763 867 egredientium
2823 798 3181 853 orationibus
3264 799 3595 869 suppliciter
3660 805 3716 854 te

2024 885 2852 951 commendes;communione
2891 887 3037 941 sacri
3066 887 3321 956 corporis
3378 891 3434 940 et
3486 888 3713 957 sangui-

2025 973 2111 1026 nis
2144 974 2372 1027 Domini
2430 973 2644 1027 cunctis
2694 974 2824 1028 vitae
2889 979 3003 1028 tuae
3048 976 3251 1029 diebus
3315 975 3622 1045 indignum
3663 979 3717 1029 te

2024 1061 2339 1115 existimes.
2372 1063 2436 1115 In
2465 1063 2666 1116 ultimo
2705 1063 2952 1116 termino
2981 1063 3111 1117 vitae
3164 1068 3277 1117 tuas
3324 1080 3428 1133 pro
3476 1063 3713 1135 iviatico,

2024 1150 2073 1202 si
2098 1150 2482 1204 observaveris
2504 1151 2830 1217 consilium,
2868 1151 2974 1205 tibi
3012 1153 3392 1206 concedimus.

2093 1238 2207 1309 (Em
2232 1255 2350 1308 cap.
2383 1240 2596 1295 Nicolai
2621 1256 2800 1309 papae,
2832 1244 2944 1294 sive
2985 1243 3392 1296 Wormaciensis
3433 1243 3718 1310 episcopi.)

2024 1327 2276 1391 Qualiter
2306 1328 2583 1398 poeniteat
2612 1327 2711 1399 qui
2772 1329 3123 1383 sacerdotem
3157 1329 3361 1382 occidit
3388 1346 3400 1383 :
3454 1328 3597 1392 Quia
3629 1346 3721 1383 sa-

2023 1415 2310 1470 cerdotem
2343 1416 2661 1470 voluntarie
2694 1416 2980 1482 occiderit,
3019 1434 3248 1470 carnem
3290 1434 3406 1471 non
3459 1418 3720 1472 comedat

2024 1509 2082 1558 et
2109 1504 2309 1557 vinum
2342 1521 2459 1558 non
2497 1504 2682 1571 bibat;
2747 1504 2964 1558 cunctis
3009 1505 3211 1559 diebus
3264 1506 3489 1575 jejunet
3535 1522 3717 1576 usque

2025 1593 2095 1646 ad
2126 1609 2444 1662 vesperam,
2477 1594 2724 1663 exceptis
2751 1593 2954 1647 diebus
2980 1595 3138 1647 festis
3169 1598 3340 1663 atque
3374 1593 3713 1659 Dominicis;

2023 1697 2181 1735 arma
2212 1697 2328 1734 non
2362 1690 2577 1747 sumat;
2636 1697 2851 1752 equum
2893 1697 3011 1735 non
3065 1681 3363 1748 ascendat;
3423 1681 3718 1735 ecclesiam

2024 1785 2128 1838 per
2164 1772 2228 1823 10
2255 1786 2434 1823 annos
2465 1785 2581 1823 non
2637 1768 3025 1839 ingrediatur;
3059 1774 3190 1840 post
3216 1772 3244 1822 Ei
3305 1786 3484 1823 annos
3533 1770 3715 1823 eccle-

2024 1857 2168 1910 siam
2192 1857 2567 1928 ingrediatur,
2601 1873 2721 1910 non
2749 1862 2942 1911 tamen
2984 1857 3389 1926 communicet,
3426 1858 3522 1911 sed
3568 1857 3719 1911 inter

2023 1945 2320 1999 audientes
2368 1950 2500 2001 stet.
2541 1946 2683 2000 Cum
2741 1951 2932 2000 autem
2986 1946 3157 2000 fuerit
3213 1949 3276 2001 19
3324 1945 3462 1999 anni
3519 1944 3717 1999 ﬁnitus

2024 2050 2241 2101 cursus,
2275 2033 2737 2087 communicandi
2777 2034 2830 2087 ei
2859 2035 3091 2088 lice'ntia
3131 2034 3434 2102 tribuatur,
3468 2038 3523 2087 et
3552 2033 3717 2104 equi-

2023 2122 2181 2175 tandi
2219 2122 2499 2176 remissio.
2560 2123 2781 2176 Maneat
2825 2127 3015 2176 antem
3057 2122 3119 2176 in
3173 2121 3409 2194 reliquis
3454 2122 3716 2176 observa-

2023 2210 2275 2264 tionibus
2332 2214 2361 2265 3
2429 2210 2549 2264 dies
2595 2227 2699 2281 per
2769 2211 3212 2278 hebdomadam,
3272 2215 3338 2265 ut
3410 2211 3717 2282 perfectius

2024 2298 2317 2370 purificari
2342 2302 2652 2353 mereatur.

2098 2389 2208 2456 (Ea:
2237 2403 2357 2458 cap,
2384 2389 2596 2445 Nicolai
2638 2403 2801 2457 papae
2853 2390 2965 2442 sive
3018 2389 3413 2443 Wonmacensis
3455 2386 3715 2457 concilii.)

2024 2475 2131 2540 Qui
2156 2476 2433 2529 infantem
2493 2492 2661 2529 suum
2724 2476 3108 2545 oppresserit:
3170 2476 3226 2530 Si
3259 2475 3387 2546 quis
3438 2475 3717 2529 infantem

2024 2580 2192 2617 suum
2224 2565 2572 2635 oppresserit
2614 2564 2862 2630 incaute,
2905 2569 3005 2617 aut
3046 2564 3517 2617 vestimentorum
3566 2580 3717 2634 pon—

2025 2652 2159 2705 dere
2181 2651 2539 2706 suffocaverit
2583 2657 2710 2722 post
2753 2651 3123 2722 baptismum,
3156 2653 3225 2705 40
3266 2651 3385 2706 dies
3440 2651 3719 2721 poeniteat

2024 2740 2085 2794 in
2115 2756 2263 2810 pane
2299 2746 2353 2794 et
2409 2756 2577 2810 aqua,
2609 2744 2666 2794 et
2713 2740 2986 2808 oleribus,
3036 2746 3092 2793 et
3144 2740 3553 2810 leguminibus,
3604 2743 3713 2793 eta

2024 2828 2230 2882 merito
2253 2845 2312 2882 se
2346 2829 2646 2882 abstineat.
2672 2829 2871 2884 Postea
2909 2833 3024 2883 tres
3070 2845 3247 2883 annos
3309 2844 3412 2898 per
3460 2828 3717 2898 legitima

2023 2916 2193 2971 ferias
2214 2917 2499 2987 paeniteat.
2543 2918 2607 2971 In
2652 2918 2685 2971 4
2735 2933 2884 2971 anno
2916 2922 3032 2972 tres
3091 2917 3555 2989 quadragesimas
3608 2916 3715 2970 ob-

293 3006 349 3060 Si
377 3006 569 3075 aliquo
626 3005 915 3060 incidente
963 3005 1249 3072 arborem,
1291 3005 1392 3077 qui
1437 3005 1568 3060 licet
1622 3006 1725 3060 sub
1791 3006 1911 3075 ejus
1947 3006 1985 3060 C
2026 3011 2227 3059 servet.
2262 3005 2425 3069 Quod
2455 3005 2502 3059 si
2555 3011 2687 3059 ante
2718 3006 3089 3075 baptismum,
3143 3007 3213 3061 40
3261 3006 3378 3060 dies
3442 3004 3717 3076 poeniteat

219 3109 351 3146 casu
384 3093 748 3163 opprimitur,
775 3092 990 3146 incisor
1016 3093 1254 3160 a'rboris,
1288 3099 1353 3148 ut
1392 3094 1681 3149 homicida
1729 3095 1915 3164 poeni-

223 3184 360 3245 teat,
391 3181 436 3232 si
496 3181 617 3250 ejus
645 3182 939 3234 voluntate
996 3182 1082 3235 vel
1138 3181 1492 3252 negligentia
1546 3183 1760 3237 factum
1807 3188 1911 3236 est.

227 3269 391 3332 Quod
421 3268 613 3321 sinon
662 3274 815 3337 voto,
849 3285 963 3322 non
1005 3268 1219 3339 injuria
1266 3270 1441 3339 illius,
1493 3286 1610 3323 non
1668 3270 1914 3339 denique

220 3356 461 3410 scientia
499 3355 803 3425 contingit,
863 3357 984 3424 sed,
1042 3358 1180 3411 dum
1238 3357 1335 3411 ille
1387 3358 1549 3427 operi
1597 3359 1913 3412 necessario

220 3444 474 3498 fortassis
531 3445 905 3512 incumberet,
969 3445 1074 3499 iste
1126 3445 1447 3515 insperatus
1504 3447 1751 3500 occurrit
1809 3447 1912 3501 sub

220 3535 484 3588 arborem
517 3540 571 3588 et
602 3550 665 3587 ex
705 3533 1015 3604 improviso
1049 3538 1133 3588 est
1182 3550 1506 3604 oppressus,
1568 3533 1778 3588 incisor
1822 3552 1911 3589 ar-

218 3623 374 3677 boris
404 3623 706 3677 homicidze
734 3640 847 3676 non
876 3625 958 3676 est
979 3622 1412 3693 comparandus.

287 3712 396 3780 (Ea:
460 3713 687 3781 epistola
766 3713 988 3766 Paulini
1078 3712 1461 3766 Foroliviensis
1526 3714 1767 3781 episcopi
1839 3712 1914 3766 ad

216 3799 612 3869 Aistolphum.)
644 3801 722 3853 De
753 3800 853 3853 illo
885 3798 985 3870 qui
1014 3815 1254 3853 uxorem
1285 3816 1447 3853 suam
1479 3799 1686 3853 occidit
1724 3816 1736 3854 :
1790 3801 1911 3854 Duo

216 3889 453 3941 consilia
487 3888 591 3942 tibi
620 3888 1000 3959 proponimus
1035 3905 1047 3941 :
1100 3891 1211 3942 Aut
1267 3888 1567 3958 ingredere
1618 3894 1912 3944 monaste-

214 3975 390 4039 rium,
427 3980 485 4029 et
513 3975 819 4029 humiliare
854 3975 958 4029 sub
1017 3990 1255 4029 manum
1295 3975 1534 4044 abbatis,
1589 3980 1645 4029 et
1704 3977 1912 4031 multo-

216 4079 347 4117 rum
381 4064 623 4119 fratrum
649 4063 915 4135 precibus
963 4064 1209 4134 adjutus,
1253 4064 1493 4118 observa
1535 4070 1738 4120 cuncta
1780 4065 1912 4120 sim-

216 4152 353 4223 plici
387 4153 578 4205 animo
609 4169 738 4222 quas
794 4152 899 4206 tibi
957 4152 1025 4206 ab
1089 4152 1293 4206 abbate
1336 4153 1552 4207 fuerint
1604 4153 1906 4225 imperata,

215 4240 266 4294 si
296 4240 551 4311 ignoscat
591 4240 818 4294 infinita
852 4240 952 4295 Dei
1000 4241 1225 4295 bonitas
1256 4241 1501 4311 peccatis
1560 4242 1691 4295 tuis.
1755 4241 1906 4295 lstud
1946 4282 1989 4336 Β

216 4329 541 4395 consilium,
574 4334 639 4383 ut
690 4329 1006 4383 certissime
1046 4329 1210 4398 scias,
1274 4328 1453 4383 levius
1505 4334 1560 4383 et
1625 4329 1909 4384 salubrius

217 4423 305 4472 est
336 4422 395 4471 ut
426 4419 529 4472 sub
563 4418 796 4471 alterius
842 4418 1101 4472 custodia
1156 4418 1353 4489 lugeas
1398 4423 1646 4488 peccata.
1677 4418 1909 4486 ,Secun-

216 4506 354 4561 dum
391 4512 583 4560 autem
611 4507 915 4560 consilium
958 4507 1069 4561 tale
1102 4512 1185 4561 est
1218 4525 1234 4560 :
1293 4510 1464 4561 Arma
1521 4507 1828 4576 deponere,
1857 4512 1912 4561 et

216 4599 420 4648 cuncta
445 4594 740 4649 saecularia
767 4594 1000 4665 negotia
1031 4595 1344 4650 dimittere.
1399 4596 1639 4651 Carnem
1687 4606 1743 4649 et
1774 4613 1911 4650 san-

212 4683 448 4754 guinem
483 4700 782 4755 nunquam
835 4684 1127 4752 comedas,
1179 4688 1414 4755 excepto
1454 4684 1516 4737 in
1566 4684 1657 4738 die
1714 4689 1909 4738 sancto

217 4774 575 4826 Pentecostes
602 4778 658 4826 et
696 4773 756 4826 in
791 4788 903 4826 uno
936 4772 1030 4826 die
1078 4772 1530 4826 Resurrectionis
1582 4771 1809 4827 Domini
1856 4776 1911 4827 et

212 4860 400 4916 Natali
434 4861 682 4915 Domini.
728 4861 955 4917 (laeteris
986 4861 1344 4931 temporibus
1375 4861 1435 4914 in
1475 4878 1621 4932 pane
1652 4866 1709 4915 et
1739 4877 1908 4931 aqua,

220 4953 277 5004 et
339 4949 633 5003 interdum
688 4965 818 5004 cum
877 4948 1266 5020 leguminibus
1316 4954 1373 5003 et
1418 4950 1667 5003 oleribus
1724 4950 1913 5021 poeni-

210 5044 349 5092 teas.

284 5127 348 5180 In
370 5125 631 5197 jejuniis,
662 5125 723 5180 in
752 5125 964 5196 vigiliis
1002 5130 1058 5180 et
1114 5126 1175 5179 in
1205 5124 1579 5193 orationibus,
1642 5130 1699 5179 et
1760 5127 1907 5180 elee-

214 5216 467 5286 mosynis
497 5231 800 5285 persevera
832 5214 990 5269 omni
1022 5219 1303 5286 tempore.
1326 5214 1558 5283 Vinum,
1601 5215 1908 5269 medonem

211 5308 269 5358 et
292 5304 573 5359 mellitam
596 5303 896 5359 cervisiam
948 5320 1246 5375 nunquam
1295 5303 1477 5365 bibas.
1537 5303 1649 5357 nisi
1704 5302 1761 5356 in
1797 5303 1909 5358 illis

209 5393 501 5463 praedictis
559 5392 794 5461 diebus;
850 5407 1084 5447 uxorem
1143 5409 1214 5446 ne
1263 5392 1464 5458 ducas;
1530 5391 1906 5446 concubinam

211 5498 328 5536 non
358 5482 599 5550 habeas;
633 5481 981 5537 adulterium
1020 5498 1092 5535 ne
1122 5481 1317 5547 facias,
1372 5480 1587 5552 absque
1618 5496 1718 5551 spe
1773 5496 1905 5535 con-

204 5570 354 5642 jugii
387 5576 667 5642 perpetuo
693 5586 947 5625 maneas.
984 5571 1290 5641 Nunquam
1322 5573 1375 5624 te
1408 5570 1557 5624 laves
1576 5569 1637 5624 in
1666 5570 1902 5635 balneo;

2026 3098 2153 3164 post
2180 3093 2643 3164 quinquennium
2672 3094 2963 3161 jobservet.

2099 3183 2202 3251 (Ea:
2238 3182 2870 3253 DecretisigEutychiani
2910 3186 3116 3253 papas.)
3168 3184 3246 3236 De
3277 3182 3367 3236 his
3414 3182 3514 3252 qui
3553 3186 3714 3235 trun-

2024 3274 2154 3323 cant
2182 3271 2463 3337 homines,
2508 3272 2594 3325 vel
2632 3270 3200 3324 comburuntdomus
3233 3287 3246 3324 :
3274 3271 3329 3324 Si
3371 3270 3497 3340 quis
3544 3285 3713 3323 men-

2026 3358 2261 3412 brorum
2288 3358 2700 3425 truncationes,
2729 3360 2815 3411 vel
2843 3358 3149 3411 domorum
3200 3357 3465 3411 incendia
3495 3357 3710 3425 fecerit,

2025 3446 2141 3500 sive
2195 3447 2379 3500 facere
2417 3448 2654 3516 jusserit
2698 3451 2798 3500 aut
2842 3446 3071 3500 facienti
3132 3446 3502 3511 consenserit,
3564 3462 3709 3515 quo-

2022 3551 2205 3605 usque
2263 3534 2451 3588 dehis
2504 3534 2813 3605 unicuique
2865 3534 3125 3604 legaliter
3181 3535 3267 3587 vel
3335 3533 3713 3587 amicabiliter

2021 3639 2211 3676 coram
2235 3623 2497 3693 episcopo
2553 3623 2794 3677 civitatis
2842 3623 3083 3693 aliisque
3140 3623 3360 3676 civibus
3405 3638 3522 3675 non
3552 3638 3713 3675 com-

2021 3711 2396 3777 mendaverit,
2441 3712 2510 3765 ab
2557 3710 2792 3765 ecclesia
2822 3728 2880 3764 se
2930 3711 3217 3781 privatum
3267 3713 3587 3780 cognoscat.
3636 3710 3714 3780 [Si

2019 3816 2152 3853 vero
2196 3800 2504 3854 secundam
2533 3804 2589 3854 et
2618 3798 2842 3854 tertiam
2894 3798 3358 3864 conventionem,
3409 3798 3468 3851 in
3500 3797 3714 3868 quibus

2020 3888 2301 3958 arguitur,
2363 3905 2475 3942 non
2535 3888 2944 3956 emendaverit,
3001 3892 3275 3958 tanquam
3330 3886 3590 3941 ethnicus
3658 3891 3714 3940 et

2020 3976 2356 4046 publicanus
2408 3977 2479 4031 ab
2518 3977 2677 4031 omni
2735 3976 3191 4031 Christianorum
3248 3975 3487 4046 coliegio
3544 3991 3714 4045 sepa-

2021 4070 2200 4119 retur.

2093 4155 2200 4220 (Ea:
2228 4156 2432 4207 Decret.
2467 4154 2706 4221 ejusdem
2746 4169 2926 4222 papae,
2968 4168 3089 4222 cap.
3134 4152 3245 4214 26.)
3301 4151 3461 4215 Quod
3516 4151 3710 4221 perju-

2020 4241 2173 4295 rium
2203 4242 2441 4313 reliquis
2461 4241 2800 4296 criminibus
2824 4246 3086 4312 sequetur
3116 4259 3127 4296 :
3158 4240 3587 4296 Praedicandum
3628 4246 3714 4294 est

2020 4335 2085 4384 ut
2115 4330 2314 4384 ﬁdeles
2345 4330 2666 4400 perjurium
2696 4335 2930 4384 caveant
2962 4347 2974 4384 :
3009 4334 3064 4384 et
3094 4332 3163 4384 ab
3190 4330 3299 4383 hoc
3344 4345 3711 4399 summopere

2019 4418 2367 4485 abstineant,
2401 4418 2644 4471 scientes
2672 4418 2782 4472 hoc
2828 4419 3044 4488 grande
3074 4418 3256 4472 scelus
3300 4433 3439 4485 esse,
3473 4418 3531 4470 in
3562 4417 3709 4486 lege,

2020 4511 2075 4562 et
2096 4506 2412 4577 prophetis,
2442 4511 2499 4560 et
2542 4507 2601 4559 in
2628 4506 2933 4577 Evangelio
2960 4506 3334 4576 prohibitum.
3376 4504 3712 4559 Audivimus

2018 4601 2211 4649 autem
2244 4595 2519 4665 quosdam
2545 4595 2959 4665 parvipendere
2992 4596 3101 4649 hoc
3156 4595 3357 4661 scelus,
3414 4597 3471 4647 et
3525 4593 3711 4647 levem

2019 4684 2448 4754 quodammodo
2474 4684 2723 4754 perjuris
2736 4684 2973 4737 modum
3003 4683 3357 4754 paenitentia:
3388 4682 3707 4754 imponere.

2017 4773 2126 4836 Qui
2146 4772 2319 4826 etiam
2350 4773 2522 4825 talem
2553 4773 2621 4826 de
2642 4772 2899 4842 perjurio
2955 4772 3349 4843 paenitentiam
3410 4771 3710 4842 imponere

2019 4862 2311 4929 deberent,
2347 4862 2576 4931 qualem
2608 4865 2664 4913 et
2703 4861 2772 4914 de
2829 4856 3131 4929 adulterio,
3187 4860 3256 4914 de
3304 4860 3709 4925 fornicatione,

2017 4948 2326 5003 homicidio
2359 4952 2559 5018 sponte
2590 4948 2895 5002 commisso
2954 4953 3008 5002 et
3048 4949 3117 5005 de
3170 4949 3392 5002 caeteris
3440 4947 3710 5002 crimina-

2017 5038 2170 5092 libus
2193 5038 2363 5091 vitiis.
2388 5037 2446 5092 Si
2475 5037 2601 5108 quis
2644 5042 2971 5108 perpetrato
3015 5037 3271 5107 perjurio
3311 5040 3409 5090 aut
3457 5036 3712 5106 quolibet

2016 5127 2300 5181 criminali
2327 5131 2576 5198 peccato,
2636 5126 2844 5179 timens
2894 5125 3297 5196 pmnitentiam
3359 5125 3610 5195 longam,
3640 5126 3709 5180 ad

2017 5216 2436 5270 confessionem
2466 5215 2660 5268 venire
2692 5215 2961 5282 noluerit,
3010 5214 3079 5268 ab
3135 5213 3372 5267 ecclesia
3418 5213 3711 5283 repellen-

2017 5305 2123 5360 dus
2153 5309 2257 5373 est,
2298 5304 2412 5358 sive
2453 5321 2486 5357 a
2515 5303 2918 5357 communione
2950 5307 3006 5356 et
3059 5302 3346 5356 consortio
3404 5302 3661 5357 ﬁdelium
3694 5318 3707 5355 :

2016 5398 2080 5448 ut
2104 5393 2298 5449 nullus
2325 5410 2452 5448 cum
2476 5410 2542 5447 eo
2579 5392 2858 5456 comedat,
2889 5407 3077 5462 neque
3104 5390 3284 5459 bibat,
3340 5407 3530 5462 neque
3561 5396 3706 5459 oret,

2016 5498 2204 5553 neque
2236 5482 2295 5536 in
2321 5498 2423 5536 sua
2452 5482 2621 5537 domo
2652 5497 2784 5535 eum
2813 5480 3085 5551 (recipiat.

2087 5570 2195 5640 (Ea:
2256 5572 2497 5625 Decretis
2561 5572 2772 5637 Pelagii
2824 5585 2982 5639 papae
3033 5568 3155 5640 XI.)
3216 5570 3293 5624 De
3342 5569 3541 5624 eadem
3596 5584 3703 5623 rc:
