  <div class='ocr_page' id='page_1' title='image "/cluster/home/n/w/nwhite01/storage/ocr_20150623/140/umn.31951002477433x/593.png"; bbox 0 0 3950 6312; ppageno 0'>
   <div class='ocr_carea' id='block_1_1' title="bbox 252 321 384 374">
    <p class='ocr_par' dir='ltr' id='par_1_1' title="bbox 252 321 384 374">
     <span class='ocr_line' id='line_1_1' title="bbox 252 321 384 374; baseline 0 0"><span class='ocrx_word' id='word_1_1' title='bbox 252 321 384 374; x_wconf 73' lang='grc'><strong>1083</strong></span> 
     </span>
    </p>
   </div>
   <div class='ocr_carea' id='block_1_2' title="bbox 1051 321 2926 380">
    <p class='ocr_par' dir='ltr' id='par_1_2' title="bbox 1051 321 2926 380">
     <span class='ocr_line' id='line_1_2' title="bbox 1051 321 2926 380; baseline 0.001 -3"><span class='ocrx_word' id='word_1_2' title='bbox 1051 322 1399 379; x_wconf 82' lang='lat' dir='ltr'><strong>APPENDIX</strong></span> <span class='ocrx_word' id='word_1_3' title='bbox 1437 325 1527 378; x_wconf 85' lang='lat' dir='ltr'><strong>AD</strong></span> <span class='ocrx_word' id='word_1_4' title='bbox 1565 324 2072 379; x_wconf 79' lang='lat' dir='ltr'><strong>BURCHARDUM.</strong></span> <span class='ocrx_word' id='word_1_5' title='bbox 2113 353 2180 364; x_wconf 94' lang='lat'><strong>-</strong></span> <span class='ocrx_word' id='word_1_6' title='bbox 2219 325 2530 380; x_wconf 83' lang='lat' dir='ltr'><strong>STATUTA</strong></span> <span class='ocrx_word' id='word_1_7' title='bbox 2569 321 2926 380; x_wconf 78' lang='lat' dir='ltr'><strong>CANONUM.</strong></span> 
     </span>
    </p>
   </div>
   <div class='ocr_carea' id='block_1_3' title="bbox 3617 327 3757 379">
    <p class='ocr_par' dir='ltr' id='par_1_3' title="bbox 3617 327 3757 379">
     <span class='ocr_line' id='line_1_3' title="bbox 3617 327 3757 379; baseline 0 0"><span class='ocrx_word' id='word_1_8' title='bbox 3617 327 3757 379; x_wconf 76' lang='grc'><strong>1084-</strong></span> 
     </span>
    </p>
   </div>
   <div class='ocr_carea' id='block_1_4' title="bbox 242 447 3762 520">
    <p class='ocr_par' dir='ltr' id='par_1_4' title="bbox 242 447 3762 520">
     <span class='ocr_line' id='line_1_4' title="bbox 242 447 3762 520; baseline 0 -17"><span class='ocrx_word' id='word_1_9' title='bbox 242 447 300 503; x_wconf 92' lang='lat' dir='ltr'><strong>Si</strong></span> <span class='ocrx_word' id='word_1_10' title='bbox 332 447 459 518; x_wconf 87' lang='lat' dir='ltr'><strong>quis</strong></span> <span class='ocrx_word' id='word_1_11' title='bbox 486 451 667 502; x_wconf 86' lang='lat' dir='ltr'><strong>semet</strong></span> <span class='ocrx_word' id='word_1_12' title='bbox 711 447 1109 519; x_wconf 89' lang='lat' dir='ltr'><strong>perjuraverit,</strong></span> <span class='ocrx_word' id='word_1_13' title='bbox 1141 453 1198 503; x_wconf 90' lang='lat' dir='ltr'><strong>et</strong></span> <span class='ocrx_word' id='word_1_14' title='bbox 1250 450 1392 503; x_wconf 91' lang='lat' dir='ltr'><strong>alios</strong></span> <span class='ocrx_word' id='word_1_15' title='bbox 1422 449 1602 503; x_wconf 89' lang='lat' dir='ltr'><strong>sciens</strong></span> <span class='ocrx_word' id='word_1_16' title='bbox 1636 449 1696 502; x_wconf 92' lang='lat' dir='ltr'><strong>in</strong></span> <span class='ocrx_word' id='word_1_17' title='bbox 1737 449 1932 520; x_wconf 90' lang='lat' dir='ltr'><strong>perjn-</strong></span> <span class='ocrx_word' id='word_1_18' title='bbox 1970 451 2016 502; x_wconf 82' lang='lat' dir='ltr'><strong>A</strong></span> <span class='ocrx_word' id='word_1_19' title='bbox 2048 465 2206 514; x_wconf 89' lang='lat' dir='ltr'><strong>meo;</strong></span> <span class='ocrx_word' id='word_1_20' title='bbox 2270 465 2374 502; x_wconf 91' lang='lat' dir='ltr'><strong>nec</strong></span> <span class='ocrx_word' id='word_1_21' title='bbox 2441 447 2764 518; x_wconf 86' lang='lat' dir='ltr'><strong>perjurabis</strong></span> <span class='ocrx_word' id='word_1_22' title='bbox 2810 463 3022 500; x_wconf 87' lang='lat' dir='ltr'><strong>nomen</strong></span> <span class='ocrx_word' id='word_1_23' title='bbox 3092 448 3321 501; x_wconf 90' lang='lat' dir='ltr'><strong>Domini</strong></span> <span class='ocrx_word' id='word_1_24' title='bbox 3353 447 3453 502; x_wconf 89' lang='lat' dir='ltr'><strong>Dei</strong></span> <span class='ocrx_word' id='word_1_25' title='bbox 3485 449 3568 502; x_wconf 89' lang='lat' dir='ltr'><strong>tui</strong></span> <span class='ocrx_word' id='word_1_26' title='bbox 3603 465 3616 502; x_wconf 89' lang='lat'><strong>:</strong></span> <span class='ocrx_word' id='word_1_27' title='bbox 3651 465 3762 519; x_wconf 96' lang='lat' dir='ltr'><strong>ego</strong></span> 
     </span>
    </p>
   </div>
   <div class='ocr_carea' id='block_1_5' title="bbox 245 536 1944 610">
    <p class='ocr_par' dir='ltr' id='par_1_5' title="bbox 245 536 1944 610">
     <span class='ocr_line' id='line_1_5' title="bbox 245 536 1944 610; baseline 0.002 -20"><span class='ocrx_word' id='word_1_28' title='bbox 245 536 397 590; x_wconf 92' lang='lat' dir='ltr'><strong>rium</strong></span> <span class='ocrx_word' id='word_1_29' title='bbox 425 536 670 604; x_wconf 88' lang='lat' dir='ltr'><strong>duxerit,</strong></span> <span class='ocrx_word' id='word_1_30' title='bbox 703 537 772 590; x_wconf 77' lang='grc'>40</span> <span class='ocrx_word' id='word_1_31' title='bbox 818 537 940 592; x_wconf 89' lang='lat' dir='ltr'><strong>dies</strong></span> <span class='ocrx_word' id='word_1_32' title='bbox 997 537 1056 591; x_wconf 91' lang='lat' dir='ltr'><strong>in</strong></span> <span class='ocrx_word' id='word_1_33' title='bbox 1089 553 1235 608; x_wconf 90' lang='lat' dir='ltr'><strong>pane</strong></span> <span class='ocrx_word' id='word_1_34' title='bbox 1294 543 1348 592; x_wconf 91' lang='lat' dir='ltr'><strong>et</strong></span> <span class='ocrx_word' id='word_1_35' title='bbox 1397 554 1564 608; x_wconf 89' lang='lat' dir='ltr'><strong>aqua,</strong></span> <span class='ocrx_word' id='word_1_36' title='bbox 1623 542 1680 591; x_wconf 90' lang='lat' dir='ltr'><strong>et</strong></span> <span class='ocrx_word' id='word_1_37' title='bbox 1724 545 1944 610; x_wconf 81' lang='lat' dir='ltr'><strong>septem</strong></span> 
     </span>
    </p>
   </div>
   <div class='ocr_carea' id='block_1_6' title="bbox 247 625 1945 698">
    <p class='ocr_par' dir='ltr' id='par_1_6' title="bbox 247 625 1945 698">
     <span class='ocr_line' id='line_1_6' title="bbox 247 625 1945 698; baseline 0.001 -20"><span class='ocrx_word' id='word_1_38' title='bbox 247 629 552 696; x_wconf 84' lang='lat' dir='ltr'><strong>sequentes</strong></span> <span class='ocrx_word' id='word_1_39' title='bbox 583 641 762 678; x_wconf 90' lang='lat' dir='ltr'><strong>annos</strong></span> <span class='ocrx_word' id='word_1_40' title='bbox 796 625 1090 695; x_wconf 69' lang='lat' dir='ltr'><strong>paeniteat,</strong></span> <span class='ocrx_word' id='word_1_41' title='bbox 1137 629 1192 679; x_wconf 91' lang='lat' dir='ltr'><strong>et</strong></span> <span class='ocrx_word' id='word_1_42' title='bbox 1239 641 1536 696; x_wconf 83' lang='lat' dir='ltr'><strong>nunquam</strong></span> <span class='ocrx_word' id='word_1_43' title='bbox 1591 626 1714 680; x_wconf 88' lang='lat' dir='ltr'><strong>sine</strong></span> <span class='ocrx_word' id='word_1_44' title='bbox 1767 628 1945 698; x_wconf 64' lang='lat' dir='ltr'><strong>paeni-</strong></span> 
     </span>
    </p>
   </div>
   <div class='ocr_carea' id='block_1_7' title="bbox 245 712 1944 786">
    <p class='ocr_par' dir='ltr' id='par_1_7' title="bbox 245 712 1944 786">
     <span class='ocr_line' id='line_1_7' title="bbox 245 712 1944 786; baseline 0.002 -19"><span class='ocrx_word' id='word_1_45' title='bbox 245 712 426 768; x_wconf 79' lang='lat' dir='ltr'><strong>tentia</strong></span> <span class='ocrx_word' id='word_1_46' title='bbox 460 713 552 766; x_wconf 87' lang='lat' dir='ltr'><strong>sit.</strong></span> <span class='ocrx_word' id='word_1_47' title='bbox 585 715 648 767; x_wconf 88' lang='lat' dir='ltr'><strong>Et</strong></span> <span class='ocrx_word' id='word_1_48' title='bbox 687 713 805 780; x_wconf 85' lang='lat' dir='ltr'><strong>alii,</strong></span> <span class='ocrx_word' id='word_1_49' title='bbox 841 713 888 766; x_wconf 91' lang='lat' dir='ltr'><strong>si</strong></span> <span class='ocrx_word' id='word_1_50' title='bbox 918 713 1130 767; x_wconf 85' lang='lat' dir='ltr'><strong>conscii</strong></span> <span class='ocrx_word' id='word_1_51' title='bbox 1167 714 1413 782; x_wconf 82' lang='lat' dir='ltr'><strong>fuerant,</strong></span> <span class='ocrx_word' id='word_1_52' title='bbox 1469 715 1737 769; x_wconf 88' lang='lat' dir='ltr'><strong>similiter</strong></span> <span class='ocrx_word' id='word_1_53' title='bbox 1767 717 1944 786; x_wconf 54' lang='lat' dir='ltr'><strong>paeni-</strong></span> 
     </span>
    </p>
   </div>
   <div class='ocr_carea' id='block_1_8' title="bbox 243 800 1943 875">
    <p class='ocr_par' dir='ltr' id='par_1_8' title="bbox 243 800 1943 875">
     <span class='ocr_line' id='line_1_8' title="bbox 243 800 1943 875; baseline 0.002 -20"><span class='ocrx_word' id='word_1_54' title='bbox 243 804 422 855; x_wconf 88' lang='lat' dir='ltr'><strong>teant.</strong></span> <span class='ocrx_word' id='word_1_55' title='bbox 458 800 554 856; x_wconf 90' lang='lat' dir='ltr'><strong>Sin</strong></span> <span class='ocrx_word' id='word_1_56' title='bbox 583 805 776 854; x_wconf 87' lang='lat' dir='ltr'><strong>autem</strong></span> <span class='ocrx_word' id='word_1_57' title='bbox 818 800 1055 872; x_wconf 82' lang='lat' dir='ltr'><strong>singuli,</strong></span> <span class='ocrx_word' id='word_1_58' title='bbox 1099 806 1160 854; x_wconf 91' lang='lat' dir='ltr'><strong>ut</strong></span> <span class='ocrx_word' id='word_1_59' title='bbox 1202 802 1522 872; x_wconf 89' lang='lat' dir='ltr'><strong>perjurium</strong></span> <span class='ocrx_word' id='word_1_60' title='bbox 1575 818 1689 856; x_wconf 88' lang='lat' dir='ltr'><strong>non</strong></span> <span class='ocrx_word' id='word_1_61' title='bbox 1742 808 1943 875; x_wconf 86' lang='lat' dir='ltr'><strong>sponte</strong></span> 
     </span>
    </p>
   </div>
   <div class='ocr_carea' id='block_1_9' title="bbox 249 888 1023 959">
    <p class='ocr_par' dir='ltr' id='par_1_9' title="bbox 249 888 1023 959">
     <span class='ocr_line' id='line_1_9' title="bbox 249 888 1023 959; baseline -0.001 -16"><span class='ocrx_word' id='word_1_62' title='bbox 249 888 644 955; x_wconf 86' lang='lat' dir='ltr'><strong>commissum,</strong></span> <span class='ocrx_word' id='word_1_63' title='bbox 689 889 1023 959; x_wconf 79' lang='lat' dir='ltr'><strong>poeniteant.</strong></span> 
     </span>
    </p>
   </div>
   <div class='ocr_carea' id='block_1_10' title="bbox 323 977 1943 1050">
    <p class='ocr_par' dir='ltr' id='par_1_10' title="bbox 323 977 1943 1050">
     <span class='ocr_line' id='line_1_10' title="bbox 323 977 1943 1050; baseline 0.002 -20"><span class='ocrx_word' id='word_1_64' title='bbox 323 979 427 1042; x_wconf 78' lang='lat' dir='ltr'><strong>(Ea:</strong></span> <span class='ocrx_word' id='word_1_65' title='bbox 455 979 693 1031; x_wconf 75' lang='lat' dir='ltr'><strong>Decreti:</strong></span> <span class='ocrx_word' id='word_1_66' title='bbox 729 979 817 1032; x_wconf 90' lang='lat' dir='ltr'><strong>Pii</strong></span> <span class='ocrx_word' id='word_1_67' title='bbox 843 993 1018 1048; x_wconf 60' lang='lat' dir='ltr'><strong>papa,</strong></span> <span class='ocrx_word' id='word_1_68' title='bbox 1076 992 1195 1046; x_wconf 84' lang='lat' dir='ltr'><strong>cup.</strong></span> <span class='ocrx_word' id='word_1_69' title='bbox 1228 978 1302 1049; x_wconf 83' lang='lat'><strong>‘2.)</strong></span> <span class='ocrx_word' id='word_1_70' title='bbox 1361 977 1416 1033; x_wconf 90' lang='lat' dir='ltr'><strong>Si</strong></span> <span class='ocrx_word' id='word_1_71' title='bbox 1474 978 1603 1050; x_wconf 85' lang='lat' dir='ltr'><strong>quis</strong></span> <span class='ocrx_word' id='word_1_72' title='bbox 1644 996 1678 1032; x_wconf 91' lang='lat' dir='ltr'><strong>a</strong></span> <span class='ocrx_word' id='word_1_73' title='bbox 1709 979 1943 1034; x_wconf 92' lang='lat' dir='ltr'><strong>domino</strong></span> 
     </span>
    </p>
   </div>
   <div class='ocr_carea' id='block_1_11' title="bbox 217 1066 1944 1139">
    <p class='ocr_par' dir='ltr' id='par_1_11' title="bbox 217 1066 1944 1139">
     <span class='ocr_line' id='line_1_11' title="bbox 217 1066 1944 1139; baseline 0.001 -21"><span class='ocrx_word' id='word_1_74' title='bbox 217 1081 351 1134; x_wconf 90' lang='lat' dir='ltr'><strong>_suo</strong></span> <span class='ocrx_word' id='word_1_75' title='bbox 381 1071 606 1119; x_wconf 91' lang='lat' dir='ltr'><strong>coactus</strong></span> <span class='ocrx_word' id='word_1_76' title='bbox 636 1082 694 1118; x_wconf 91' lang='lat' dir='ltr'><strong>se</strong></span> <span class='ocrx_word' id='word_1_77' title='bbox 729 1067 1006 1136; x_wconf 89' lang='lat' dir='ltr'><strong>perjurat,</strong></span> <span class='ocrx_word' id='word_1_78' title='bbox 1063 1066 1294 1138; x_wconf 88' lang='lat' dir='ltr'><strong>utrique</strong></span> <span class='ocrx_word' id='word_1_79' title='bbox 1353 1073 1488 1121; x_wconf 89' lang='lat' dir='ltr'><strong>sunt</strong></span> <span class='ocrx_word' id='word_1_80' title='bbox 1545 1069 1782 1139; x_wconf 90' lang='lat' dir='ltr'><strong>perjuri.</strong></span> <span class='ocrx_word' id='word_1_81' title='bbox 1835 1068 1944 1133; x_wconf 85' lang='lat' dir='ltr'><strong>Qui</strong></span> 
     </span>
    </p>
   </div>
   <div class='ocr_carea' id='block_1_12' title="bbox 250 1155 1945 1228">
    <p class='ocr_par' dir='ltr' id='par_1_12' title="bbox 250 1155 1945 1228">
     <span class='ocr_line' id='line_1_12' title="bbox 250 1155 1945 1228; baseline 0.002 -21"><span class='ocrx_word' id='word_1_82' title='bbox 250 1155 578 1224; x_wconf 88' lang='lat' dir='ltr'><strong>compulsus</strong></span> <span class='ocrx_word' id='word_1_83' title='bbox 608 1170 640 1208; x_wconf 91' lang='lat' dir='ltr'><strong>a</strong></span> <span class='ocrx_word' id='word_1_84' title='bbox 670 1155 901 1208; x_wconf 91' lang='lat' dir='ltr'><strong>domino</strong></span> <span class='ocrx_word' id='word_1_85' title='bbox 935 1156 1193 1226; x_wconf 90' lang='lat' dir='ltr'><strong>perjurat</strong></span> <span class='ocrx_word' id='word_1_86' title='bbox 1221 1172 1280 1209; x_wconf 90' lang='lat' dir='ltr'><strong>se</strong></span> <span class='ocrx_word' id='word_1_87' title='bbox 1309 1156 1511 1223; x_wconf 89' lang='lat' dir='ltr'><strong>sciens,</strong></span> <span class='ocrx_word' id='word_1_88' title='bbox 1545 1157 1778 1228; x_wconf 83' lang='lat' dir='ltr'><strong>utrique</strong></span> <span class='ocrx_word' id='word_1_89' title='bbox 1811 1164 1945 1211; x_wconf 90' lang='lat' dir='ltr'><strong>sunt</strong></span> 
     </span>
    </p>
   </div>
   <div class='ocr_carea' id='block_1_13' title="bbox 251 1241 1940 1318">
    <p class='ocr_par' dir='ltr' id='par_1_13' title="bbox 251 1241 1940 1318">
     <span class='ocr_line' id='line_1_13' title="bbox 251 1241 1940 1318; baseline 0.002 -22"><span class='ocrx_word' id='word_1_90' title='bbox 251 1241 491 1313; x_wconf 89' lang='lat' dir='ltr'><strong>perjuri,</strong></span> <span class='ocrx_word' id='word_1_91' title='bbox 523 1247 580 1296; x_wconf 90' lang='lat' dir='ltr'><strong>et</strong></span> <span class='ocrx_word' id='word_1_92' title='bbox 619 1243 909 1311; x_wconf 89' lang='lat' dir='ltr'><strong>dominus,</strong></span> <span class='ocrx_word' id='word_1_93' title='bbox 946 1249 1002 1297; x_wconf 92' lang='lat' dir='ltr'><strong>et</strong></span> <span class='ocrx_word' id='word_1_94' title='bbox 1026 1245 1190 1298; x_wconf 90' lang='lat' dir='ltr'><strong>miles</strong></span> <span class='ocrx_word' id='word_1_95' title='bbox 1223 1261 1236 1298; x_wconf 88' lang='lat'><strong>:</strong></span> <span class='ocrx_word' id='word_1_96' title='bbox 1287 1244 1578 1312; x_wconf 91' lang='lat' dir='ltr'><strong>dominus,</strong></span> <span class='ocrx_word' id='word_1_97' title='bbox 1625 1247 1760 1316; x_wconf 88' lang='lat' dir='ltr'><strong>quia</strong></span> <span class='ocrx_word' id='word_1_98' title='bbox 1792 1262 1940 1318; x_wconf 63' lang='lat' dir='ltr'><strong>prae-</strong></span> 
     </span>
    </p>
   </div>
   <div class='ocr_carea' id='block_1_14' title="bbox 247 1330 1943 1404">
    <p class='ocr_par' dir='ltr' id='par_1_14' title="bbox 247 1330 1943 1404">
     <span class='ocr_line' id='line_1_14' title="bbox 247 1330 1943 1404; baseline 0.002 -20"><span class='ocrx_word' id='word_1_99' title='bbox 247 1331 424 1401; x_wconf 90' lang='lat' dir='ltr'><strong>cepit;</strong></span> <span class='ocrx_word' id='word_1_100' title='bbox 495 1330 678 1398; x_wconf 87' lang='lat' dir='ltr'><strong>miles,</strong></span> <span class='ocrx_word' id='word_1_101' title='bbox 736 1331 870 1402; x_wconf 89' lang='lat' dir='ltr'><strong>quia</strong></span> <span class='ocrx_word' id='word_1_102' title='bbox 920 1332 1221 1386; x_wconf 89' lang='lat' dir='ltr'><strong>dominum</strong></span> <span class='ocrx_word' id='word_1_103' title='bbox 1281 1335 1410 1404; x_wconf 89' lang='lat' dir='ltr'><strong>plus</strong></span> <span class='ocrx_word' id='word_1_104' title='bbox 1475 1350 1646 1404; x_wconf 85' lang='lat' dir='ltr'><strong>quam</strong></span> <span class='ocrx_word' id='word_1_105' title='bbox 1689 1335 1943 1388; x_wconf 89' lang='lat' dir='ltr'><strong>animam</strong></span> 
     </span>
    </p>
   </div>
   <div class='ocr_carea' id='block_1_15' title="bbox 250 1419 1939 1495">
    <p class='ocr_par' dir='ltr' id='par_1_15' title="bbox 250 1419 1939 1495">
     <span class='ocr_line' id='line_1_15' title="bbox 250 1419 1939 1495; baseline 0.002 -22"><span class='ocrx_word' id='word_1_106' title='bbox 250 1419 464 1474; x_wconf 87' lang='lat' dir='ltr'><strong>dilexit.</strong></span> <span class='ocrx_word' id='word_1_107' title='bbox 491 1419 548 1474; x_wconf 94' lang='lat' dir='ltr'><strong>Si</strong></span> <span class='ocrx_word' id='word_1_108' title='bbox 579 1420 723 1474; x_wconf 91' lang='lat' dir='ltr'><strong>liber</strong></span> <span class='ocrx_word' id='word_1_109' title='bbox 751 1425 854 1488; x_wconf 90' lang='lat' dir='ltr'><strong>est,</strong></span> <span class='ocrx_word' id='word_1_110' title='bbox 889 1423 958 1475; x_wconf 78' lang='grc'>40</span> <span class='ocrx_word' id='word_1_111' title='bbox 1003 1421 1123 1476; x_wconf 87' lang='lat' dir='ltr'><strong>dies</strong></span> <span class='ocrx_word' id='word_1_112' title='bbox 1172 1421 1229 1474; x_wconf 91' lang='lat' dir='ltr'><strong>in</strong></span> <span class='ocrx_word' id='word_1_113' title='bbox 1282 1439 1429 1492; x_wconf 89' lang='lat' dir='ltr'><strong>pane</strong></span> <span class='ocrx_word' id='word_1_114' title='bbox 1475 1427 1530 1476; x_wconf 89' lang='lat' dir='ltr'><strong>et</strong></span> <span class='ocrx_word' id='word_1_115' title='bbox 1563 1439 1714 1495; x_wconf 91' lang='lat' dir='ltr'><strong>aqua</strong></span> <span class='ocrx_word' id='word_1_116' title='bbox 1761 1423 1939 1494; x_wconf 88' lang='lat' dir='ltr'><strong>poeni-</strong></span> 
     </span>
    </p>
   </div>
   <div class='ocr_carea' id='block_1_16' title="bbox 248 1511 1945 1582">
    <p class='ocr_par' dir='ltr' id='par_1_16' title="bbox 248 1511 1945 1582">
     <span class='ocr_line' id='line_1_16' title="bbox 248 1511 1945 1582; baseline 0.002 -20"><span class='ocrx_word' id='word_1_117' title='bbox 248 1511 383 1575; x_wconf 87' lang='lat' dir='ltr'><strong>teat,</strong></span> <span class='ocrx_word' id='word_1_118' title='bbox 417 1515 474 1562; x_wconf 91' lang='lat' dir='ltr'><strong>et</strong></span> <span class='ocrx_word' id='word_1_119' title='bbox 499 1513 530 1562; x_wconf 91' lang='lat'><strong>7</strong></span> <span class='ocrx_word' id='word_1_120' title='bbox 561 1514 863 1579; x_wconf 78' lang='lat' dir='ltr'><strong>sequentes</strong></span> <span class='ocrx_word' id='word_1_121' title='bbox 894 1525 1090 1564; x_wconf 88' lang='lat' dir='ltr'><strong>annos.</strong></span> <span class='ocrx_word' id='word_1_122' title='bbox 1139 1511 1194 1564; x_wconf 92' lang='lat' dir='ltr'><strong>Si</strong></span> <span class='ocrx_word' id='word_1_123' title='bbox 1247 1526 1442 1564; x_wconf 89' lang='lat' dir='ltr'><strong>servus</strong></span> <span class='ocrx_word' id='word_1_124' title='bbox 1473 1515 1574 1577; x_wconf 91' lang='lat' dir='ltr'><strong>est,</strong></span> <span class='ocrx_word' id='word_1_125' title='bbox 1636 1516 1749 1565; x_wconf 90' lang='lat' dir='ltr'><strong>tres</strong></span> <span class='ocrx_word' id='word_1_126' title='bbox 1809 1527 1945 1582; x_wconf 90' lang='lat' dir='ltr'><strong>qua-</strong></span> 
     </span>
    </p>
   </div>
   <div class='ocr_carea' id='block_1_17' title="bbox 249 1596 1514 1668">
    <p class='ocr_par' dir='ltr' id='par_1_17' title="bbox 249 1596 1514 1668">
     <span class='ocr_line' id='line_1_17' title="bbox 249 1596 1514 1668; baseline 0.002 -18"><span class='ocrx_word' id='word_1_127' title='bbox 249 1596 602 1666; x_wconf 85' lang='lat' dir='ltr'><strong>dragesimas</strong></span> <span class='ocrx_word' id='word_1_128' title='bbox 633 1598 992 1666; x_wconf 89' lang='lat' dir='ltr'><strong>etlegitimas</strong></span> <span class='ocrx_word' id='word_1_129' title='bbox 1024 1599 1192 1652; x_wconf 86' lang='lat' dir='ltr'><strong>ferias</strong></span> <span class='ocrx_word' id='word_1_130' title='bbox 1222 1599 1514 1668; x_wconf 66' lang='lat' dir='ltr'><strong>paeniteat.</strong></span> 
     </span>
    </p>
   </div>
   <div class='ocr_carea' id='block_1_18' title="bbox 2059 535 3760 606">
    <p class='ocr_par' dir='ltr' id='par_1_18' title="bbox 2059 535 3760 606">
     <span class='ocr_line' id='line_1_18' title="bbox 2059 535 3760 606; baseline -0.001 -15"><span class='ocrx_word' id='word_1_131' title='bbox 2059 537 2351 592; x_wconf 92' lang='lat' dir='ltr'><strong>Dominus.</strong></span> <span class='ocrx_word' id='word_1_132' title='bbox 2378 537 2586 590; x_wconf 85' lang='lat' dir='ltr'><strong>Malum</strong></span> <span class='ocrx_word' id='word_1_133' title='bbox 2619 541 2833 601; x_wconf 88' lang='lat' dir='ltr'><strong>tamen,</strong></span> <span class='ocrx_word' id='word_1_134' title='bbox 2890 535 3044 606; x_wconf 91' lang='lat' dir='ltr'><strong>quod</strong></span> <span class='ocrx_word' id='word_1_135' title='bbox 3100 535 3383 589; x_wconf 81' lang='lat' dir='ltr'><strong>facturum</strong></span> <span class='ocrx_word' id='word_1_136' title='bbox 3445 553 3504 590; x_wconf 91' lang='lat' dir='ltr'><strong>se</strong></span> <span class='ocrx_word' id='word_1_137' title='bbox 3570 553 3760 590; x_wconf 89' lang='lat' dir='ltr'><strong>sacra-</strong></span> 
     </span>
    </p>
   </div>
   <div class='ocr_carea' id='block_1_19' title="bbox 2053 623 3759 695">
    <p class='ocr_par' dir='ltr' id='par_1_19' title="bbox 2053 623 3759 695">
     <span class='ocr_line' id='line_1_19' title="bbox 2053 623 3759 695; baseline -0.001 -16"><span class='ocrx_word' id='word_1_138' title='bbox 2053 630 2246 679; x_wconf 91' lang='lat' dir='ltr'><strong>mento</strong></span> <span class='ocrx_word' id='word_1_139' title='bbox 2277 625 2601 690; x_wconf 84' lang='lat' dir='ltr'><strong>devoverat,</strong></span> <span class='ocrx_word' id='word_1_140' title='bbox 2665 623 2902 678; x_wconf 90' lang='lat' dir='ltr'><strong>omnino</strong></span> <span class='ocrx_word' id='word_1_141' title='bbox 2959 639 3078 677; x_wconf 91' lang='lat' dir='ltr'><strong>non</strong></span> <span class='ocrx_word' id='word_1_142' title='bbox 3132 623 3338 690; x_wconf 84' lang='lat' dir='ltr'><strong>faciat;</strong></span> <span class='ocrx_word' id='word_1_143' title='bbox 3391 625 3527 695; x_wconf 86' lang='lat' dir='ltr'><strong>quia</strong></span> <span class='ocrx_word' id='word_1_144' title='bbox 3581 625 3759 680; x_wconf 87' lang='lat' dir='ltr'><strong>stulta</strong></span> 
     </span>
    </p>
   </div>
   <div class='ocr_carea' id='block_1_20' title="bbox 2055 713 2710 784">
    <p class='ocr_par' dir='ltr' id='par_1_20' title="bbox 2055 713 2710 784">
     <span class='ocr_line' id='line_1_20' title="bbox 2055 713 2710 784; baseline -0.005 -16"><span class='ocrx_word' id='word_1_145' title='bbox 2055 719 2185 768; x_wconf 85' lang='lat' dir='ltr'><strong>vota</strong></span> <span class='ocrx_word' id='word_1_146' title='bbox 2215 719 2346 767; x_wconf 90' lang='lat' dir='ltr'><strong>sunt</strong></span> <span class='ocrx_word' id='word_1_147' title='bbox 2373 713 2710 784; x_wconf 89' lang='lat' dir='ltr'><strong>frangenda.</strong></span> 
     </span>
    </p>
   </div>
   <div class='ocr_carea' id='block_1_21' title="bbox 2125 799 3755 872">
    <p class='ocr_par' dir='ltr' id='par_1_21' title="bbox 2125 799 3755 872">
     <span class='ocr_line' id='line_1_21' title="bbox 2125 799 3755 872; baseline -0.001 -15"><span class='ocrx_word' id='word_1_148' title='bbox 2125 804 2198 870; x_wconf 89' lang='lat' dir='ltr'><strong>(S.</strong></span> <span class='ocrx_word' id='word_1_149' title='bbox 2225 801 2509 872; x_wconf 79' lang='lat' dir='ltr'><strong>Isidorus.)</strong></span> <span class='ocrx_word' id='word_1_150' title='bbox 2560 801 2716 866; x_wconf 86' lang='lat' dir='ltr'><strong>Quod</strong></span> <span class='ocrx_word' id='word_1_151' title='bbox 2752 801 2900 854; x_wconf 89' lang='lat' dir='ltr'><strong>Deus</strong></span> <span class='ocrx_word' id='word_1_152' title='bbox 2961 799 3039 854; x_wconf 86' lang='lat' dir='ltr'><strong>ita</strong></span> <span class='ocrx_word' id='word_1_153' title='bbox 3085 799 3293 854; x_wconf 87' lang='lat' dir='ltr'><strong>habeat</strong></span> <span class='ocrx_word' id='word_1_154' title='bbox 3334 800 3755 870; x_wconf 87' lang='lat' dir='ltr'><strong>juramentum,</strong></span> 
     </span>
    </p>
   </div>
   <div class='ocr_carea' id='block_1_22' title="bbox 2052 887 3754 961">
    <p class='ocr_par' dir='ltr' id='par_1_22' title="bbox 2052 887 3754 961">
     <span class='ocr_line' id='line_1_22' title="bbox 2052 887 3754 961; baseline -0.001 -17"><span class='ocrx_word' id='word_1_155' title='bbox 2052 895 2116 944; x_wconf 92' lang='lat' dir='ltr'><strong>ut</strong></span> <span class='ocrx_word' id='word_1_156' title='bbox 2138 891 2254 951; x_wconf 90' lang='lat' dir='ltr'><strong>ille,</strong></span> <span class='ocrx_word' id='word_1_157' title='bbox 2287 890 2378 944; x_wconf 94' lang='lat' dir='ltr'><strong>cui</strong></span> <span class='ocrx_word' id='word_1_158' title='bbox 2401 891 2633 961; x_wconf 89' lang='lat' dir='ltr'><strong>juratur</strong></span> <span class='ocrx_word' id='word_1_159' title='bbox 2664 905 2677 942; x_wconf 87' lang='lat'><strong>:</strong></span> <span class='ocrx_word' id='word_1_160' title='bbox 2707 889 3058 959; x_wconf 88' lang='lat' dir='ltr'><strong>Quacunque</strong></span> <span class='ocrx_word' id='word_1_161' title='bbox 3083 887 3223 952; x_wconf 58' lang='lat' dir='ltr'><strong>Parte</strong></span> <span class='ocrx_word' id='word_1_162' title='bbox 3280 889 3582 942; x_wconf 86' lang='lat' dir='ltr'><strong>verborum</strong></span> <span class='ocrx_word' id='word_1_163' title='bbox 3620 889 3754 960; x_wconf 87' lang='lat' dir='ltr'><strong>quis</strong></span> 
     </span>
    </p>
   </div>
   <div class='ocr_carea' id='block_1_23' title="bbox 2047 976 3752 1050">
    <p class='ocr_par' dir='ltr' id='par_1_23' title="bbox 2047 976 3752 1050">
     <span class='ocr_line' id='line_1_23' title="bbox 2047 976 3752 1050; baseline -0.001 -18"><span class='ocrx_word' id='word_1_164' title='bbox 2047 978 2220 1050; x_wconf 90' lang='lat' dir='ltr'><strong>juret,</strong></span> <span class='ocrx_word' id='word_1_165' title='bbox 2261 980 2406 1033; x_wconf 91' lang='lat' dir='ltr'><strong>Deus</strong></span> <span class='ocrx_word' id='word_1_166' title='bbox 2456 982 2671 1044; x_wconf 89' lang='lat' dir='ltr'><strong>tamen,</strong></span> <span class='ocrx_word' id='word_1_167' title='bbox 2732 977 2832 1048; x_wconf 90' lang='lat' dir='ltr'><strong>qui</strong></span> <span class='ocrx_word' id='word_1_168' title='bbox 2897 976 3262 1030; x_wconf 63' lang='lat' dir='ltr'><strong>conscientias</strong></span> <span class='ocrx_word' id='word_1_169' title='bbox 3318 977 3478 1031; x_wconf 88' lang='lat' dir='ltr'><strong>testis</strong></span> <span class='ocrx_word' id='word_1_170' title='bbox 3525 983 3630 1042; x_wconf 84' lang='lat' dir='ltr'><strong>est,</strong></span> <span class='ocrx_word' id='word_1_171' title='bbox 3675 979 3752 1031; x_wconf 92' lang='lat' dir='ltr'><strong>ita</strong></span> 
     </span>
    </p>
   </div>
   <div class='ocr_carea' id='block_1_24' title="bbox 2051 1065 3752 1138">
    <p class='ocr_par' dir='ltr' id='par_1_24' title="bbox 2051 1065 3752 1138">
     <span class='ocr_line' id='line_1_24' title="bbox 2051 1065 3752 1138; baseline -0.001 -16"><span class='ocrx_word' id='word_1_172' title='bbox 2051 1068 2157 1122; x_wconf 92' lang='lat' dir='ltr'><strong>hoc</strong></span> <span class='ocrx_word' id='word_1_173' title='bbox 2187 1067 2407 1138; x_wconf 88' lang='lat' dir='ltr'><strong>accipit,</strong></span> <span class='ocrx_word' id='word_1_174' title='bbox 2437 1066 2582 1120; x_wconf 91' lang='lat' dir='ltr'><strong>sicut</strong></span> <span class='ocrx_word' id='word_1_175' title='bbox 2615 1067 2711 1120; x_wconf 90' lang='lat' dir='ltr'><strong>ille</strong></span> <span class='ocrx_word' id='word_1_176' title='bbox 2749 1065 2841 1119; x_wconf 89' lang='lat' dir='ltr'><strong>cui</strong></span> <span class='ocrx_word' id='word_1_177' title='bbox 2873 1065 3142 1136; x_wconf 87' lang='lat' dir='ltr'><strong>juratur;</strong></span> <span class='ocrx_word' id='word_1_178' title='bbox 3200 1066 3506 1136; x_wconf 90' lang='lat' dir='ltr'><strong>dupliciter</strong></span> <span class='ocrx_word' id='word_1_179' title='bbox 3555 1071 3752 1120; x_wconf 89' lang='lat' dir='ltr'><strong>autem</strong></span> 
     </span>
    </p>
   </div>
   <div class='ocr_carea' id='block_1_25' title="bbox 2054 1154 3756 1226">
    <p class='ocr_par' dir='ltr' id='par_1_25' title="bbox 2054 1154 3756 1226">
     <span class='ocr_line' id='line_1_25' title="bbox 2054 1154 3756 1226; baseline 0 -18"><span class='ocrx_word' id='word_1_180' title='bbox 2054 1171 2183 1210; x_wconf 88' lang='lat' dir='ltr'><strong>reus</strong></span> <span class='ocrx_word' id='word_1_181' title='bbox 2214 1156 2340 1221; x_wconf 91' lang='lat' dir='ltr'><strong>erit,</strong></span> <span class='ocrx_word' id='word_1_182' title='bbox 2376 1155 2512 1226; x_wconf 87' lang='lat' dir='ltr'><strong>quia</strong></span> <span class='ocrx_word' id='word_1_183' title='bbox 2543 1161 2598 1208; x_wconf 90' lang='lat' dir='ltr'><strong>et</strong></span> <span class='ocrx_word' id='word_1_184' title='bbox 2630 1155 2730 1208; x_wconf 91' lang='lat' dir='ltr'><strong>Dei</strong></span> <span class='ocrx_word' id='word_1_185' title='bbox 2761 1169 2976 1208; x_wconf 82' lang='lat' dir='ltr'><strong>nomen</strong></span> <span class='ocrx_word' id='word_1_186' title='bbox 3016 1154 3076 1206; x_wconf 93' lang='lat' dir='ltr'><strong>in</strong></span> <span class='ocrx_word' id='word_1_187' title='bbox 3131 1169 3341 1208; x_wconf 86' lang='lat' dir='ltr'><strong>vanum</strong></span> <span class='ocrx_word' id='word_1_188' title='bbox 3399 1155 3656 1222; x_wconf 86' lang='lat' dir='ltr'><strong>assumit,</strong></span> <span class='ocrx_word' id='word_1_189' title='bbox 3693 1162 3756 1208; x_wconf 88' lang='lat' dir='ltr'><strong>et</strong></span> 
     </span>
    </p>
   </div>
   <div class='ocr_carea' id='block_1_26' title="bbox 2051 1242 2745 1314">
    <p class='ocr_par' dir='ltr' id='par_1_26' title="bbox 2051 1242 2745 1314">
     <span class='ocr_line' id='line_1_26' title="bbox 2051 1242 2745 1314; baseline -0.001 -17"><span class='ocrx_word' id='word_1_190' title='bbox 2051 1244 2382 1314; x_wconf 91' lang='lat' dir='ltr'><strong>proximum</strong></span> <span class='ocrx_word' id='word_1_191' title='bbox 2414 1243 2544 1296; x_wconf 91' lang='lat' dir='ltr'><strong>dolo</strong></span> <span class='ocrx_word' id='word_1_192' title='bbox 2577 1242 2745 1312; x_wconf 89' lang='lat' dir='ltr'><strong>capit.</strong></span> 
     </span>
    </p>
   </div>
   <div class='ocr_carea' id='block_1_27' title="bbox 2124 1329 3748 1403">
    <p class='ocr_par' dir='ltr' id='par_1_27' title="bbox 2124 1329 3748 1403">
     <span class='ocr_line' id='line_1_27' title="bbox 2124 1329 3748 1403; baseline -0.002 -16"><span class='ocrx_word' id='word_1_193' title='bbox 2124 1333 2242 1403; x_wconf 72' lang='lat' dir='ltr'><strong>(Er</strong></span> <span class='ocrx_word' id='word_1_194' title='bbox 2273 1333 2462 1387; x_wconf 84' lang='lat' dir='ltr'><strong>concil.</strong></span> <span class='ocrx_word' id='word_1_195' title='bbox 2511 1332 2828 1398; x_wconf 60' lang='lat' dir='ltr'><strong>Aureliam,</strong></span> <span class='ocrx_word' id='word_1_196' title='bbox 2884 1347 3003 1400; x_wconf 88' lang='lat' dir='ltr'><strong>cap.</strong></span> <span class='ocrx_word' id='word_1_197' title='bbox 3070 1331 3174 1400; x_wconf 85' lang='lat' dir='ltr'><strong>lO.)</strong></span> <span class='ocrx_word' id='word_1_198' title='bbox 3223 1329 3339 1384; x_wconf 81' lang='lat' dir='ltr'><strong>Nisi</strong></span> <span class='ocrx_word' id='word_1_199' title='bbox 3399 1346 3501 1400; x_wconf 92' lang='lat' dir='ltr'><strong>pro</strong></span> <span class='ocrx_word' id='word_1_200' title='bbox 3562 1346 3748 1400; x_wconf 86' lang='lat' dir='ltr'><strong>pace:</strong></span> 
     </span>
    </p>
   </div>
   <div class='ocr_carea' id='block_1_28' title="bbox 2055 1418 3757 1490">
    <p class='ocr_par' dir='ltr' id='par_1_28' title="bbox 2055 1418 3757 1490">
     <span class='ocr_line' id='line_1_28' title="bbox 2055 1418 3757 1490; baseline -0.002 -15"><span class='ocrx_word' id='word_1_201' title='bbox 2055 1422 2117 1474; x_wconf 87' lang='lat' dir='ltr'><strong>Et</strong></span> <span class='ocrx_word' id='word_1_202' title='bbox 2145 1421 2251 1475; x_wconf 92' lang='lat' dir='ltr'><strong>hoc</strong></span> <span class='ocrx_word' id='word_1_203' title='bbox 2303 1425 2499 1475; x_wconf 88' lang='lat' dir='ltr'><strong>sancta</strong></span> <span class='ocrx_word' id='word_1_204' title='bbox 2553 1420 2804 1490; x_wconf 87' lang='lat' dir='ltr'><strong>synodus</strong></span> <span class='ocrx_word' id='word_1_205' title='bbox 2856 1418 3122 1486; x_wconf 83' lang='lat' dir='ltr'><strong>decrevit,</strong></span> <span class='ocrx_word' id='word_1_206' title='bbox 3189 1419 3300 1472; x_wconf 90' lang='lat' dir='ltr'><strong>nisi</strong></span> <span class='ocrx_word' id='word_1_207' title='bbox 3347 1435 3450 1489; x_wconf 91' lang='lat' dir='ltr'><strong>pro</strong></span> <span class='ocrx_word' id='word_1_208' title='bbox 3504 1435 3640 1490; x_wconf 84' lang='lat' dir='ltr'><strong>pace</strong></span> <span class='ocrx_word' id='word_1_209' title='bbox 3673 1419 3757 1472; x_wconf 87' lang='lat' dir='ltr'><strong>fa-</strong></span> 
     </span>
    </p>
   </div>
   <div class='ocr_carea' id='block_1_29' title="bbox 2051 1507 3754 1578">
    <p class='ocr_par' dir='ltr' id='par_1_29' title="bbox 2051 1507 3754 1578">
     <span class='ocr_line' id='line_1_29' title="bbox 2051 1507 3754 1578; baseline -0.002 -15"><span class='ocrx_word' id='word_1_210' title='bbox 2051 1510 2268 1575; x_wconf 90' lang='lat' dir='ltr'><strong>cienda,</strong></span> <span class='ocrx_word' id='word_1_211' title='bbox 2306 1513 2370 1563; x_wconf 88' lang='lat' dir='ltr'><strong>ut</strong></span> <span class='ocrx_word' id='word_1_212' title='bbox 2426 1525 2626 1563; x_wconf 90' lang='lat' dir='ltr'><strong>omnes</strong></span> <span class='ocrx_word' id='word_1_213' title='bbox 2669 1507 2863 1562; x_wconf 87' lang='lat' dir='ltr'><strong>ﬁdeles</strong></span> <span class='ocrx_word' id='word_1_214' title='bbox 2910 1507 3099 1578; x_wconf 83' lang='lat' dir='ltr'><strong>jejuni</strong></span> <span class='ocrx_word' id='word_1_215' title='bbox 3129 1507 3199 1560; x_wconf 91' lang='lat' dir='ltr'><strong>ad</strong></span> <span class='ocrx_word' id='word_1_216' title='bbox 3244 1513 3600 1562; x_wconf 88' lang='lat' dir='ltr'><strong>sacramenta</strong></span> <span class='ocrx_word' id='word_1_217' title='bbox 3655 1523 3754 1560; x_wconf 89' lang='lat' dir='ltr'><strong>ac-</strong></span> 
     </span>
    </p>
   </div>
   <div class='ocr_carea' id='block_1_30' title="bbox 2052 1599 2277 1652">
    <p class='ocr_par' dir='ltr' id='par_1_30' title="bbox 2052 1599 2277 1652">
     <span class='ocr_line' id='line_1_30' title="bbox 2052 1599 2277 1652; baseline 0 0"><span class='ocrx_word' id='word_1_218' title='bbox 2052 1599 2277 1652; x_wconf 89' lang='lat' dir='ltr'><strong>cedant.</strong></span> 
     </span>
    </p>
   </div>
   <div class='ocr_carea' id='block_1_31' title="bbox 322 1683 3760 1782">
    <p class='ocr_par' dir='ltr' id='par_1_31' title="bbox 322 1683 3760 1782">
     <span class='ocr_line' id='line_1_31' title="bbox 322 1683 3760 1782; baseline 0 -44"><span class='ocrx_word' id='word_1_219' title='bbox 322 1683 430 1754; x_wconf 76' lang='lat' dir='ltr'><strong>(Ea:</strong></span> <span class='ocrx_word' id='word_1_220' title='bbox 465 1685 704 1738; x_wconf 80' lang='lat' dir='ltr'><strong>Decretis</strong></span> <span class='ocrx_word' id='word_1_221' title='bbox 733 1685 933 1739; x_wconf 83' lang='lat' dir='ltr'><strong>Soteris</strong></span> <span class='ocrx_word' id='word_1_222' title='bbox 972 1686 1168 1754; x_wconf 69' lang='lat' dir='ltr'><strong>papae.)</strong></span> <span class='ocrx_word' id='word_1_223' title='bbox 1219 1687 1296 1739; x_wconf 90' lang='lat' dir='ltr'><strong>De</strong></span> <span class='ocrx_word' id='word_1_224' title='bbox 1346 1685 1588 1740; x_wconf 81' lang='lat' dir='ltr'><strong>incautis</strong></span> <span class='ocrx_word' id='word_1_225' title='bbox 1640 1686 1940 1756; x_wconf 84' lang='lat' dir='ltr'><strong>juramen-</strong></span> <span class='ocrx_word' id='word_1_226' title='bbox 1982 1728 2024 1782; x_wconf 80' lang='grc' dir='ltr'><strong>Β</strong></span> <span class='ocrx_word' id='word_1_227' title='bbox 2127 1688 2231 1757; x_wconf 83' lang='lat' dir='ltr'><strong>(Ea:</strong></span> <span class='ocrx_word' id='word_1_228' title='bbox 2261 1686 2447 1740; x_wconf 83' lang='lat' dir='ltr'><strong>concil.</strong></span> <span class='ocrx_word' id='word_1_229' title='bbox 2481 1687 2802 1754; x_wconf 63' lang='lat' dir='ltr'><strong>Aureliam,</strong></span> <span class='ocrx_word' id='word_1_230' title='bbox 2837 1701 2956 1754; x_wconf 85' lang='lat' dir='ltr'><strong>cap.</strong></span> <span class='ocrx_word' id='word_1_231' title='bbox 2993 1684 3070 1754; x_wconf 83' lang='lat'><strong>2.)</strong></span> <span class='ocrx_word' id='word_1_232' title='bbox 3104 1683 3438 1782; x_wconf 74' lang='lat' dir='ltr'><strong>Juramenta</strong></span> <span class='ocrx_word' id='word_1_233' title='bbox 3497 1683 3612 1782; x_wconf 43' lang='lat' dir='ltr'><strong>ﬁlii.</strong></span> <span class='ocrx_word' id='word_1_234' title='bbox 3653 1690 3760 1739; x_wconf 88' lang='lat' dir='ltr'><strong>aut</strong></span> 
     </span>
    </p>
   </div>
   <div class='ocr_carea' id='block_1_32' title="bbox 252 1772 1944 1844">
    <p class='ocr_par' dir='ltr' id='par_1_32' title="bbox 252 1772 1944 1844">
     <span class='ocr_line' id='line_1_32' title="bbox 252 1772 1944 1844; baseline 0.002 -18"><span class='ocrx_word' id='word_1_235' title='bbox 252 1772 326 1826; x_wconf 89' lang='lat' dir='ltr'><strong>tis</strong></span> <span class='ocrx_word' id='word_1_236' title='bbox 357 1788 476 1825; x_wconf 91' lang='lat' dir='ltr'><strong>non</strong></span> <span class='ocrx_word' id='word_1_237' title='bbox 507 1772 872 1826; x_wconf 86' lang='lat' dir='ltr'><strong>observandis</strong></span> <span class='ocrx_word' id='word_1_238' title='bbox 908 1788 920 1825; x_wconf 92' lang='lat'>:</span> <span class='ocrx_word' id='word_1_239' title='bbox 950 1773 1007 1828; x_wconf 93' lang='lat' dir='ltr'><strong>Si</strong></span> <span class='ocrx_word' id='word_1_240' title='bbox 1038 1772 1253 1844; x_wconf 90' lang='lat' dir='ltr'><strong>aliquid</strong></span> <span class='ocrx_word' id='word_1_241' title='bbox 1313 1773 1456 1828; x_wconf 87' lang='lat' dir='ltr'><strong>forte</strong></span> <span class='ocrx_word' id='word_1_242' title='bbox 1499 1789 1604 1827; x_wconf 90' lang='lat' dir='ltr'><strong>nos</strong></span> <span class='ocrx_word' id='word_1_243' title='bbox 1660 1774 1944 1829; x_wconf 88' lang='lat' dir='ltr'><strong>incautius</strong></span> 
     </span>
    </p>
   </div>
   <div class='ocr_carea' id='block_1_33' title="bbox 245 1859 1947 1934">
    <p class='ocr_par' dir='ltr' id='par_1_33' title="bbox 245 1859 1947 1934">
     <span class='ocr_line' id='line_1_33' title="bbox 245 1859 1947 1934; baseline 0.003 -21"><span class='ocrx_word' id='word_1_244' title='bbox 245 1861 469 1932; x_wconf 90' lang='lat' dir='ltr'><strong>jurasse</strong></span> <span class='ocrx_word' id='word_1_245' title='bbox 501 1859 827 1930; x_wconf 87' lang='lat' dir='ltr'><strong>contigerit,</strong></span> <span class='ocrx_word' id='word_1_246' title='bbox 867 1862 1020 1932; x_wconf 91' lang='lat' dir='ltr'><strong>quod</strong></span> <span class='ocrx_word' id='word_1_247' title='bbox 1053 1861 1433 1930; x_wconf 81' lang='lat' dir='ltr'><strong>observatum,</strong></span> <span class='ocrx_word' id='word_1_248' title='bbox 1462 1862 1718 1933; x_wconf 88' lang='lat' dir='ltr'><strong>pejorem</strong></span> <span class='ocrx_word' id='word_1_249' title='bbox 1751 1870 1947 1934; x_wconf 82' lang='lat' dir='ltr'><strong>vergat</strong></span> 
     </span>
    </p>
   </div>
   <div class='ocr_carea' id='block_1_34' title="bbox 250 1948 1943 2016">
    <p class='ocr_par' dir='ltr' id='par_1_34' title="bbox 250 1948 1943 2016">
     <span class='ocr_line' id='line_1_34' title="bbox 250 1948 1943 2016; baseline 0.001 -14"><span class='ocrx_word' id='word_1_250' title='bbox 250 1948 311 2002; x_wconf 92' lang='lat' dir='ltr'><strong>in</strong></span> <span class='ocrx_word' id='word_1_251' title='bbox 342 1949 554 2002; x_wconf 84' lang='lat' dir='ltr'><strong>exitum</strong></span> <span class='ocrx_word' id='word_1_252' title='bbox 592 1965 605 2002; x_wconf 89' lang='lat'><strong>:</strong></span> <span class='ocrx_word' id='word_1_253' title='bbox 633 1949 796 2016; x_wconf 89' lang='lat' dir='ltr'><strong>illud,</strong></span> <span class='ocrx_word' id='word_1_254' title='bbox 825 1949 1062 2003; x_wconf 90' lang='lat' dir='ltr'><strong>consilio</strong></span> <span class='ocrx_word' id='word_1_255' title='bbox 1093 1949 1410 2003; x_wconf 86' lang='lat' dir='ltr'><strong>salubriore</strong></span> <span class='ocrx_word' id='word_1_256' title='bbox 1453 1949 1790 2004; x_wconf 91' lang='lat' dir='ltr'><strong>mutandum</strong></span> <span class='ocrx_word' id='word_1_257' title='bbox 1840 1968 1943 2004; x_wconf 90' lang='lat' dir='ltr'><strong>no-</strong></span> 
     </span>
    </p>
   </div>
   <div class='ocr_carea' id='block_1_35' title="bbox 253 2037 1942 2110">
    <p class='ocr_par' dir='ltr' id='par_1_35' title="bbox 253 2037 1942 2110">
     <span class='ocr_line' id='line_1_35' title="bbox 253 2037 1942 2110; baseline 0.002 -20"><span class='ocrx_word' id='word_1_258' title='bbox 253 2037 525 2103; x_wconf 89' lang='lat' dir='ltr'><strong>verimus,</strong></span> <span class='ocrx_word' id='word_1_259' title='bbox 586 2055 649 2091; x_wconf 91' lang='lat' dir='ltr'><strong>ac</strong></span> <span class='ocrx_word' id='word_1_260' title='bbox 706 2038 887 2108; x_wconf 89' lang='lat' dir='ltr'><strong>magis</strong></span> <span class='ocrx_word' id='word_1_261' title='bbox 957 2038 1202 2092; x_wconf 89' lang='lat' dir='ltr'><strong>instante</strong></span> <span class='ocrx_word' id='word_1_262' title='bbox 1254 2039 1588 2093; x_wconf 84' lang='lat' dir='ltr'><strong>necessitate</strong></span> <span class='ocrx_word' id='word_1_263' title='bbox 1646 2041 1942 2110; x_wconf 88' lang='lat' dir='ltr'><strong>perjuran-</strong></span> 
     </span>
    </p>
   </div>
   <div class='ocr_carea' id='block_1_36' title="bbox 252 2125 1942 2197">
    <p class='ocr_par' dir='ltr' id='par_1_36' title="bbox 252 2125 1942 2197">
     <span class='ocr_line' id='line_1_36' title="bbox 252 2125 1942 2197; baseline 0.001 -16"><span class='ocrx_word' id='word_1_264' title='bbox 252 2126 390 2181; x_wconf 89' lang='lat' dir='ltr'><strong>dum</strong></span> <span class='ocrx_word' id='word_1_265' title='bbox 418 2125 583 2179; x_wconf 88' lang='lat' dir='ltr'><strong>nobis</strong></span> <span class='ocrx_word' id='word_1_266' title='bbox 616 2142 788 2196; x_wconf 89' lang='lat' dir='ltr'><strong>quam</strong></span> <span class='ocrx_word' id='word_1_267' title='bbox 819 2131 1039 2180; x_wconf 81' lang='lat' dir='ltr'><strong>servato</strong></span> <span class='ocrx_word' id='word_1_268' title='bbox 1063 2127 1412 2197; x_wconf 84' lang='lat' dir='ltr'><strong>juramento,</strong></span> <span class='ocrx_word' id='word_1_269' title='bbox 1445 2128 1505 2181; x_wconf 93' lang='lat' dir='ltr'><strong>in</strong></span> <span class='ocrx_word' id='word_1_270' title='bbox 1537 2128 1693 2183; x_wconf 85' lang='lat' dir='ltr'><strong>aliud</strong></span> <span class='ocrx_word' id='word_1_271' title='bbox 1725 2128 1942 2184; x_wconf 86' lang='lat' dir='ltr'><strong>crimen</strong></span> 
     </span>
    </p>
   </div>
   <div class='ocr_carea' id='block_1_37' title="bbox 250 2213 917 2282">
    <p class='ocr_par' dir='ltr' id='par_1_37' title="bbox 250 2213 917 2282">
     <span class='ocr_line' id='line_1_37' title="bbox 250 2213 917 2282; baseline 0.001 -16"><span class='ocrx_word' id='word_1_272' title='bbox 250 2213 436 2282; x_wconf 86' lang='lat' dir='ltr'><strong>majus</strong></span> <span class='ocrx_word' id='word_1_273' title='bbox 476 2213 917 2267; x_wconf 86' lang='lat' dir='ltr'><strong>divertendum.&quot;</strong></span> 
     </span>
    </p>
   </div>
   <div class='ocr_carea' id='block_1_38' title="bbox 323 2300 1942 2376">
    <p class='ocr_par' dir='ltr' id='par_1_38' title="bbox 323 2300 1942 2376">
     <span class='ocr_line' id='line_1_38' title="bbox 323 2300 1942 2376; baseline 0.004 -22"><span class='ocrx_word' id='word_1_274' title='bbox 323 2300 402 2371; x_wconf 93' lang='lat' dir='ltr'><strong>(S.</strong></span> <span class='ocrx_word' id='word_1_275' title='bbox 435 2301 685 2355; x_wconf 84' lang='lat' dir='ltr'><strong>Ambros.</strong></span> <span class='ocrx_word' id='word_1_276' title='bbox 719 2304 777 2354; x_wconf 84' lang='lat' dir='ltr'><strong>in</strong></span> <span class='ocrx_word' id='word_1_277' title='bbox 802 2303 895 2356; x_wconf 87' lang='lat' dir='ltr'><strong>lib.</strong></span> <span class='ocrx_word' id='word_1_278' title='bbox 935 2319 995 2356; x_wconf 90' lang='grc' dir='ltr'><strong>ιιι</strong></span> <span class='ocrx_word' id='word_1_279' title='bbox 1031 2303 1110 2356; x_wconf 88' lang='lat' dir='ltr'><strong>De</strong></span> <span class='ocrx_word' id='word_1_280' title='bbox 1149 2301 1323 2374; x_wconf 79' lang='lat' dir='ltr'><strong>ofﬁc.)</strong></span> <span class='ocrx_word' id='word_1_281' title='bbox 1363 2305 1440 2358; x_wconf 89' lang='lat' dir='ltr'><strong>De</strong></span> <span class='ocrx_word' id='word_1_282' title='bbox 1492 2303 1691 2358; x_wconf 89' lang='lat' dir='ltr'><strong>eodem</strong></span> <span class='ocrx_word' id='word_1_283' title='bbox 1727 2320 1738 2358; x_wconf 95' lang='lat'>:</span> <span class='ocrx_word' id='word_1_284' title='bbox 1783 2305 1942 2376; x_wconf 64' lang='lat' dir='ltr'><strong>Saepe</strong></span> 
     </span>
    </p>
   </div>
   <div class='ocr_carea' id='block_1_39' title="bbox 252 2388 1938 2464">
    <p class='ocr_par' dir='ltr' id='par_1_39' title="bbox 252 2388 1938 2464">
     <span class='ocr_line' id='line_1_39' title="bbox 252 2388 1938 2464; baseline 0.004 -23"><span class='ocrx_word' id='word_1_285' title='bbox 252 2388 513 2460; x_wconf 88' lang='lat' dir='ltr'><strong>plerique</strong></span> <span class='ocrx_word' id='word_1_286' title='bbox 539 2389 939 2460; x_wconf 89' lang='lat' dir='ltr'><strong>constringunt</strong></span> <span class='ocrx_word' id='word_1_287' title='bbox 967 2407 1026 2444; x_wconf 90' lang='lat' dir='ltr'><strong>se</strong></span> <span class='ocrx_word' id='word_1_288' title='bbox 1077 2390 1458 2462; x_wconf 89' lang='lat' dir='ltr'><strong>jurisjurandi</strong></span> <span class='ocrx_word' id='word_1_289' title='bbox 1509 2393 1818 2464; x_wconf 84' lang='lat' dir='ltr'><strong>religione;</strong></span> <span class='ocrx_word' id='word_1_290' title='bbox 1865 2400 1938 2463; x_wconf 93' lang='lat' dir='ltr'><strong>et,</strong></span> 
     </span>
    </p>
   </div>
   <div class='ocr_carea' id='block_1_40' title="bbox 252 2475 1946 2550">
    <p class='ocr_par' dir='ltr' id='par_1_40' title="bbox 252 2475 1946 2550">
     <span class='ocr_line' id='line_1_40' title="bbox 252 2475 1946 2550; baseline 0.005 -22"><span class='ocrx_word' id='word_1_291' title='bbox 252 2490 382 2530; x_wconf 92' lang='lat' dir='ltr'><strong>cum</strong></span> <span class='ocrx_word' id='word_1_292' title='bbox 413 2475 522 2545; x_wconf 88' lang='lat' dir='ltr'><strong>ipsi</strong></span> <span class='ocrx_word' id='word_1_293' title='bbox 553 2477 941 2547; x_wconf 82' lang='lat' dir='ltr'><strong>cognoverint,</strong></span> <span class='ocrx_word' id='word_1_294' title='bbox 973 2479 1430 2550; x_wconf 89' lang='lat' dir='ltr'><strong>promittendum</strong></span> <span class='ocrx_word' id='word_1_295' title='bbox 1480 2497 1597 2534; x_wconf 90' lang='lat' dir='ltr'><strong>non</strong></span> <span class='ocrx_word' id='word_1_296' title='bbox 1643 2481 1816 2535; x_wconf 91' lang='lat' dir='ltr'><strong>fuisse</strong></span> <span class='ocrx_word' id='word_1_297' title='bbox 1863 2499 1946 2536; x_wconf 89' lang='lat' dir='ltr'><strong>sa-</strong></span> 
     </span>
    </p>
   </div>
   <div class='ocr_carea' id='block_1_41' title="bbox 255 2565 1944 2641">
    <p class='ocr_par' dir='ltr' id='par_1_41' title="bbox 255 2565 1944 2641">
     <span class='ocr_line' id='line_1_41' title="bbox 255 2565 1944 2641; baseline 0.004 -24"><span class='ocrx_word' id='word_1_298' title='bbox 255 2565 532 2618; x_wconf 91' lang='lat' dir='ltr'><strong>cramenti</strong></span> <span class='ocrx_word' id='word_1_299' title='bbox 556 2571 749 2618; x_wconf 90' lang='lat' dir='ltr'><strong>tamen</strong></span> <span class='ocrx_word' id='word_1_300' title='bbox 802 2567 1287 2638; x_wconf 80' lang='lat' dir='ltr'><strong>contemplatione</strong></span> <span class='ocrx_word' id='word_1_301' title='bbox 1340 2569 1550 2623; x_wconf 84' lang='lat' dir='ltr'><strong>faciant</strong></span> <span class='ocrx_word' id='word_1_302' title='bbox 1606 2571 1762 2639; x_wconf 90' lang='lat' dir='ltr'><strong>quod</strong></span> <span class='ocrx_word' id='word_1_303' title='bbox 1815 2587 1944 2641; x_wconf 88' lang='lat' dir='ltr'><strong>spo-</strong></span> 
     </span>
    </p>
   </div>
   <div class='ocr_carea' id='block_1_42' title="bbox 253 2653 1943 2729">
    <p class='ocr_par' dir='ltr' id='par_1_42' title="bbox 253 2653 1943 2729">
     <span class='ocr_line' id='line_1_42' title="bbox 253 2653 1943 2729; baseline 0.004 -24"><span class='ocrx_word' id='word_1_304' title='bbox 253 2653 609 2723; x_wconf 88' lang='lat' dir='ltr'><strong>ponderunt;</strong></span> <span class='ocrx_word' id='word_1_305' title='bbox 643 2653 788 2708; x_wconf 89' lang='lat' dir='ltr'><strong>sicut</strong></span> <span class='ocrx_word' id='word_1_306' title='bbox 836 2655 904 2709; x_wconf 85' lang='lat' dir='ltr'><strong>de</strong></span> <span class='ocrx_word' id='word_1_307' title='bbox 957 2656 1176 2710; x_wconf 84' lang='lat' dir='ltr'><strong>Herode</strong></span> <span class='ocrx_word' id='word_1_308' title='bbox 1207 2672 1379 2726; x_wconf 88' lang='lat' dir='ltr'><strong>supra</strong></span> <span class='ocrx_word' id='word_1_309' title='bbox 1440 2658 1789 2728; x_wconf 81' lang='lat' dir='ltr'><strong>scripsimus,</strong></span> <span class='ocrx_word' id='word_1_310' title='bbox 1844 2659 1943 2729; x_wconf 91' lang='lat' dir='ltr'><strong>qui</strong></span> 
     </span>
    </p>
   </div>
   <div class='ocr_carea' id='block_1_43' title="bbox 255 2741 1941 2815">
    <p class='ocr_par' dir='ltr' id='par_1_43' title="bbox 255 2741 1941 2815">
     <span class='ocr_line' id='line_1_43' title="bbox 255 2741 1941 2815; baseline 0.005 -22"><span class='ocrx_word' id='word_1_311' title='bbox 255 2741 530 2794; x_wconf 89' lang='lat' dir='ltr'><strong>saltatrici</strong></span> <span class='ocrx_word' id='word_1_312' title='bbox 557 2743 862 2812; x_wconf 75' lang='lat' dir='ltr'><strong>praemium</strong></span> <span class='ocrx_word' id='word_1_313' title='bbox 891 2743 1139 2814; x_wconf 89' lang='lat' dir='ltr'><strong>turpiter</strong></span> <span class='ocrx_word' id='word_1_314' title='bbox 1164 2745 1448 2815; x_wconf 89' lang='lat' dir='ltr'><strong>promisit,</strong></span> <span class='ocrx_word' id='word_1_315' title='bbox 1491 2747 1802 2800; x_wconf 89' lang='lat' dir='ltr'><strong>crudeliter</strong></span> <span class='ocrx_word' id='word_1_316' title='bbox 1831 2749 1941 2800; x_wconf 89' lang='lat' dir='ltr'><strong>sol-</strong></span> 
     </span>
    </p>
   </div>
   <div class='ocr_carea' id='block_1_44' title="bbox 252 2829 1939 2904">
    <p class='ocr_par' dir='ltr' id='par_1_44' title="bbox 252 2829 1939 2904">
     <span class='ocr_line' id='line_1_44' title="bbox 252 2829 1939 2904; baseline 0.004 -23"><span class='ocrx_word' id='word_1_317' title='bbox 252 2829 372 2882; x_wconf 88' lang='lat' dir='ltr'><strong>vit:</strong></span> <span class='ocrx_word' id='word_1_318' title='bbox 405 2833 592 2899; x_wconf 89' lang='lat' dir='ltr'><strong>turpe,</strong></span> <span class='ocrx_word' id='word_1_319' title='bbox 627 2831 781 2900; x_wconf 91' lang='lat' dir='ltr'><strong>quod</strong></span> <span class='ocrx_word' id='word_1_320' title='bbox 816 2847 1058 2901; x_wconf 85' lang='lat' dir='ltr'><strong>regnum</strong></span> <span class='ocrx_word' id='word_1_321' title='bbox 1089 2848 1194 2901; x_wconf 90' lang='lat' dir='ltr'><strong>pro</strong></span> <span class='ocrx_word' id='word_1_322' title='bbox 1218 2833 1520 2887; x_wconf 87' lang='lat' dir='ltr'><strong>saltatione</strong></span> <span class='ocrx_word' id='word_1_323' title='bbox 1555 2834 1939 2904; x_wconf 87' lang='lat' dir='ltr'><strong>promittitur;</strong></span> 
     </span>
    </p>
   </div>
   <div class='ocr_carea' id='block_1_45' title="bbox 254 2918 1942 2993">
    <p class='ocr_par' dir='ltr' id='par_1_45' title="bbox 254 2918 1942 2993">
     <span class='ocr_line' id='line_1_45' title="bbox 254 2918 1942 2993; baseline 0.002 -21"><span class='ocrx_word' id='word_1_324' title='bbox 254 2918 506 2981; x_wconf 84' lang='lat' dir='ltr'><strong>crudele,</strong></span> <span class='ocrx_word' id='word_1_325' title='bbox 542 2918 696 2989; x_wconf 90' lang='lat' dir='ltr'><strong>quod</strong></span> <span class='ocrx_word' id='word_1_326' title='bbox 730 2935 884 2972; x_wconf 88' lang='lat' dir='ltr'><strong>mors</strong></span> <span class='ocrx_word' id='word_1_327' title='bbox 913 2921 1212 2990; x_wconf 54' lang='lat' dir='ltr'><strong>prophetae.</strong></span> <span class='ocrx_word' id='word_1_328' title='bbox 1260 2937 1365 2991; x_wconf 90' lang='lat' dir='ltr'><strong>pro</strong></span> <span class='ocrx_word' id='word_1_329' title='bbox 1400 2922 1778 2993; x_wconf 87' lang='lat' dir='ltr'><strong>jurisjurandi</strong></span> <span class='ocrx_word' id='word_1_330' title='bbox 1817 2924 1942 2976; x_wconf 91' lang='lat' dir='ltr'><strong>reli-</strong></span> 
     </span>
    </p>
   </div>
   <div class='ocr_carea' id='block_1_46' title="bbox 2054 1772 3757 1842">
    <p class='ocr_par' dir='ltr' id='par_1_46' title="bbox 2054 1772 3757 1842">
     <span class='ocr_line' id='line_1_46' title="bbox 2054 1772 3757 1842; baseline -0.001 -14"><span class='ocrx_word' id='word_1_331' title='bbox 2054 1776 2190 1829; x_wconf 69' lang='lat' dir='ltr'><strong>tiliaa</strong></span> <span class='ocrx_word' id='word_1_332' title='bbox 2251 1774 2537 1828; x_wconf 85' lang='lat' dir='ltr'><strong>nesciente</strong></span> <span class='ocrx_word' id='word_1_333' title='bbox 2599 1778 2778 1842; x_wconf 89' lang='lat' dir='ltr'><strong>patre,</strong></span> <span class='ocrx_word' id='word_1_334' title='bbox 2835 1777 2892 1826; x_wconf 91' lang='lat' dir='ltr'><strong>et</strong></span> <span class='ocrx_word' id='word_1_335' title='bbox 2955 1776 3084 1826; x_wconf 90' lang='lat' dir='ltr'><strong>vota</strong></span> <span class='ocrx_word' id='word_1_336' title='bbox 3139 1772 3405 1826; x_wconf 91' lang='lat' dir='ltr'><strong>monachi</strong></span> <span class='ocrx_word' id='word_1_337' title='bbox 3460 1772 3757 1827; x_wconf 89' lang='lat' dir='ltr'><strong>nesciente</strong></span> 
     </span>
    </p>
   </div>
   <div class='ocr_carea' id='block_1_47' title="bbox 2055 1861 3303 1933">
    <p class='ocr_par' dir='ltr' id='par_1_47' title="bbox 2055 1861 3303 1933">
     <span class='ocr_line' id='line_1_47' title="bbox 2055 1861 3303 1933; baseline -0.004 -14"><span class='ocrx_word' id='word_1_338' title='bbox 2055 1865 2280 1928; x_wconf 89' lang='lat' dir='ltr'><strong>abbate,</strong></span> <span class='ocrx_word' id='word_1_339' title='bbox 2309 1869 2362 1916; x_wconf 87' lang='lat' dir='ltr'><strong>et</strong></span> <span class='ocrx_word' id='word_1_340' title='bbox 2387 1863 2714 1933; x_wconf 88' lang='lat' dir='ltr'><strong>juramenta</strong></span> <span class='ocrx_word' id='word_1_341' title='bbox 2743 1861 2929 1931; x_wconf 90' lang='lat' dir='ltr'><strong>pueri,</strong></span> <span class='ocrx_word' id='word_1_342' title='bbox 2963 1861 3122 1915; x_wconf 89' lang='lat' dir='ltr'><strong>irrita</strong></span> <span class='ocrx_word' id='word_1_343' title='bbox 3153 1867 3303 1915; x_wconf 87' lang='lat' dir='ltr'><strong>sunt.</strong></span> 
     </span>
    </p>
   </div>
   <div class='ocr_carea' id='block_1_48' title="bbox 2127 1949 3761 2022">
    <p class='ocr_par' dir='ltr' id='par_1_48' title="bbox 2127 1949 3761 2022">
     <span class='ocr_line' id='line_1_48' title="bbox 2127 1949 3761 2022; baseline -0.003 -15"><span class='ocrx_word' id='word_1_344' title='bbox 2127 1954 2204 2007; x_wconf 92' lang='lat' dir='ltr'><strong>De</strong></span> <span class='ocrx_word' id='word_1_345' title='bbox 2238 1951 2412 2005; x_wconf 88' lang='lat' dir='ltr'><strong>irritis</strong></span> <span class='ocrx_word' id='word_1_346' title='bbox 2437 1949 2796 2022; x_wconf 75' lang='lat' dir='ltr'><strong>&#39;juramentis</strong></span> <span class='ocrx_word' id='word_1_347' title='bbox 2831 1966 2844 2004; x_wconf 95' lang='lat'><strong>:</strong></span> <span class='ocrx_word' id='word_1_348' title='bbox 2902 1950 2972 2003; x_wconf 91' lang='lat' dir='ltr'><strong>Ut</strong></span> <span class='ocrx_word' id='word_1_349' title='bbox 3021 1949 3187 2020; x_wconf 90' lang='lat' dir='ltr'><strong>pueri</strong></span> <span class='ocrx_word' id='word_1_350' title='bbox 3225 1953 3356 2002; x_wconf 87' lang='lat' dir='ltr'><strong>ante</strong></span> <span class='ocrx_word' id='word_1_351' title='bbox 3399 1949 3761 2019; x_wconf 89' lang='lat' dir='ltr'><strong>quatuorde-</strong></span> 
     </span>
    </p>
   </div>
   <div class='ocr_carea' id='block_1_49' title="bbox 2053 2036 3758 2108">
    <p class='ocr_par' dir='ltr' id='par_1_49' title="bbox 2053 2036 3758 2108">
     <span class='ocr_line' id='line_1_49' title="bbox 2053 2036 3758 2108; baseline -0.001 -16"><span class='ocrx_word' id='word_1_352' title='bbox 2053 2040 2164 2092; x_wconf 91' lang='lat' dir='ltr'><strong>cim</strong></span> <span class='ocrx_word' id='word_1_353' title='bbox 2197 2055 2375 2092; x_wconf 89' lang='lat' dir='ltr'><strong>annos</strong></span> <span class='ocrx_word' id='word_1_354' title='bbox 2397 2055 2512 2091; x_wconf 90' lang='lat' dir='ltr'><strong>non</strong></span> <span class='ocrx_word' id='word_1_355' title='bbox 2539 2042 2816 2108; x_wconf 85' lang='lat' dir='ltr'><strong>cogantur</strong></span> <span class='ocrx_word' id='word_1_356' title='bbox 2838 2037 3054 2107; x_wconf 90' lang='lat' dir='ltr'><strong>jurare.</strong></span> <span class='ocrx_word' id='word_1_357' title='bbox 3092 2036 3199 2102; x_wconf 86' lang='lat' dir='ltr'><strong>Qui</strong></span> <span class='ocrx_word' id='word_1_358' title='bbox 3233 2037 3515 2107; x_wconf 90' lang='lat' dir='ltr'><strong>acceperit</strong></span> <span class='ocrx_word' id='word_1_359' title='bbox 3573 2038 3758 2091; x_wconf 87' lang='lat' dir='ltr'><strong>sacri-</strong></span> 
     </span>
    </p>
   </div>
   <div class='ocr_carea' id='block_1_50' title="bbox 2055 2120 3761 2193">
    <p class='ocr_par' dir='ltr' id='par_1_50' title="bbox 2055 2120 3761 2193">
     <span class='ocr_line' id='line_1_50' title="bbox 2055 2120 3761 2193; baseline -0.001 -16"><span class='ocrx_word' id='word_1_360' title='bbox 2055 2123 2248 2177; x_wconf 83' lang='lat' dir='ltr'><strong>ficium</strong></span> <span class='ocrx_word' id='word_1_361' title='bbox 2277 2120 2402 2192; x_wconf 89' lang='lat' dir='ltr'><strong>post</strong></span> <span class='ocrx_word' id='word_1_362' title='bbox 2448 2123 2637 2176; x_wconf 90' lang='lat' dir='ltr'><strong>cibum</strong></span> <span class='ocrx_word' id='word_1_363' title='bbox 2698 2127 2795 2176; x_wconf 91' lang='lat' dir='ltr'><strong>aut</strong></span> <span class='ocrx_word' id='word_1_364' title='bbox 2851 2128 2978 2192; x_wconf 88' lang='lat' dir='ltr'><strong>post</strong></span> <span class='ocrx_word' id='word_1_365' title='bbox 3035 2122 3288 2193; x_wconf 87' lang='lat' dir='ltr'><strong>aliquam</strong></span> <span class='ocrx_word' id='word_1_366' title='bbox 3353 2122 3761 2193; x_wconf 89' lang='lat' dir='ltr'><strong>parvissimam</strong></span> 
     </span>
    </p>
   </div>
   <div class='ocr_carea' id='block_1_51' title="bbox 2054 2209 3758 2282">
    <p class='ocr_par' dir='ltr' id='par_1_51' title="bbox 2054 2209 3758 2282">
     <span class='ocr_line' id='line_1_51' title="bbox 2054 2209 3758 2282; baseline -0.001 -17"><span class='ocrx_word' id='word_1_367' title='bbox 2054 2211 2535 2282; x_wconf 88' lang='lat' dir='ltr'><strong>degustationem,</strong></span> <span class='ocrx_word' id='word_1_368' title='bbox 2570 2211 2679 2264; x_wconf 87' lang='lat' dir='ltr'><strong>nisi</strong></span> <span class='ocrx_word' id='word_1_369' title='bbox 2711 2226 2816 2280; x_wconf 91' lang='lat' dir='ltr'><strong>pro</strong></span> <span class='ocrx_word' id='word_1_370' title='bbox 2847 2210 3048 2263; x_wconf 91' lang='lat' dir='ltr'><strong>viatico</strong></span> <span class='ocrx_word' id='word_1_371' title='bbox 3077 2228 3094 2264; x_wconf 91' lang='lat'><strong><em>:</em></strong></span> <span class='ocrx_word' id='word_1_372' title='bbox 3126 2211 3294 2280; x_wconf 91' lang='lat' dir='ltr'><strong>pueri</strong></span> <span class='ocrx_word' id='word_1_373' title='bbox 3333 2215 3448 2264; x_wconf 91' lang='lat' dir='ltr'><strong>tres</strong></span> <span class='ocrx_word' id='word_1_374' title='bbox 3480 2209 3600 2265; x_wconf 91' lang='lat' dir='ltr'><strong>dies</strong></span> <span class='ocrx_word' id='word_1_375' title='bbox 3633 2227 3758 2264; x_wconf 88' lang='lat' dir='ltr'><strong>ma-</strong></span> 
     </span>
    </p>
   </div>
   <div class='ocr_carea' id='block_1_52' title="bbox 2047 2298 3163 2371">
    <p class='ocr_par' dir='ltr' id='par_1_52' title="bbox 2047 2298 3163 2371">
     <span class='ocr_line' id='line_1_52' title="bbox 2047 2298 3163 2371; baseline -0.001 -18"><span class='ocrx_word' id='word_1_376' title='bbox 2047 2301 2204 2371; x_wconf 91' lang='lat' dir='ltr'><strong>jores</strong></span> <span class='ocrx_word' id='word_1_377' title='bbox 2236 2305 2287 2364; x_wconf 89' lang='grc'><strong>7,</strong></span> <span class='ocrx_word' id='word_1_378' title='bbox 2317 2299 2507 2353; x_wconf 92' lang='lat' dir='ltr'><strong>clerici</strong></span> <span class='ocrx_word' id='word_1_379' title='bbox 2546 2302 2636 2362; x_wconf 72' lang='lat'><strong>20,</strong></span> <span class='ocrx_word' id='word_1_380' title='bbox 2668 2300 2790 2352; x_wconf 91' lang='lat' dir='ltr'><strong>dies</strong></span> <span class='ocrx_word' id='word_1_381' title='bbox 2829 2298 3163 2368; x_wconf 81' lang='lat' dir='ltr'><strong>pceniteant.</strong></span> 
     </span>
    </p>
   </div>
   <div class='ocr_carea' id='block_1_53' title="bbox 2121 2386 3757 2458">
    <p class='ocr_par' dir='ltr' id='par_1_53' title="bbox 2121 2386 3757 2458">
     <span class='ocr_line' id='line_1_53' title="bbox 2121 2386 3757 2458; baseline -0.002 -16"><span class='ocrx_word' id='word_1_382' title='bbox 2121 2389 2246 2458; x_wconf 81' lang='lat' dir='ltr'><strong>(Ea:</strong></span> <span class='ocrx_word' id='word_1_383' title='bbox 2275 2389 2473 2443; x_wconf 85' lang='lat' dir='ltr'><strong>decret.</strong></span> <span class='ocrx_word' id='word_1_384' title='bbox 2501 2389 2732 2444; x_wconf 73' lang='lat' dir='ltr'><strong>Cornelii</strong></span> <span class='ocrx_word' id='word_1_385' title='bbox 2758 2402 2936 2455; x_wconf 68' lang='lat' dir='ltr'><strong>papae,</strong></span> <span class='ocrx_word' id='word_1_386' title='bbox 2963 2389 3139 2455; x_wconf 85' lang='lat' dir='ltr'><strong>capite</strong></span> <span class='ocrx_word' id='word_1_387' title='bbox 3168 2390 3244 2453; x_wconf 84' lang='lat'><strong>5.)</strong></span> <span class='ocrx_word' id='word_1_388' title='bbox 3276 2387 3335 2440; x_wconf 94' lang='lat' dir='ltr'><strong>Si</strong></span> <span class='ocrx_word' id='word_1_389' title='bbox 3385 2386 3513 2456; x_wconf 88' lang='lat' dir='ltr'><strong>quis</strong></span> <span class='ocrx_word' id='word_1_390' title='bbox 3555 2386 3757 2457; x_wconf 63' lang='lat' dir='ltr'><strong>[dede-</strong></span> 
     </span>
    </p>
   </div>
   <div class='ocr_carea' id='block_1_54' title="bbox 2054 2475 3761 2546">
    <p class='ocr_par' dir='ltr' id='par_1_54' title="bbox 2054 2475 3761 2546">
     <span class='ocr_line' id='line_1_54' title="bbox 2054 2475 3761 2546; baseline 0 -17"><span class='ocrx_word' id='word_1_391' title='bbox 2054 2477 2126 2529; x_wconf 90' lang='lat' dir='ltr'><strong>rit</strong></span> <span class='ocrx_word' id='word_1_392' title='bbox 2154 2478 2236 2529; x_wconf 92' lang='lat' dir='ltr'><strong>vel</strong></span> <span class='ocrx_word' id='word_1_393' title='bbox 2269 2476 2552 2546; x_wconf 89' lang='lat' dir='ltr'><strong>acceperit</strong></span> <span class='ocrx_word' id='word_1_394' title='bbox 2571 2475 3040 2528; x_wconf 90' lang='lat' dir='ltr'><strong>communionem</strong></span> <span class='ocrx_word' id='word_1_395' title='bbox 3070 2475 3139 2528; x_wconf 92' lang='lat' dir='ltr'><strong>de</strong></span> <span class='ocrx_word' id='word_1_396' title='bbox 3175 2491 3345 2528; x_wconf 92' lang='lat' dir='ltr'><strong>manu</strong></span> <span class='ocrx_word' id='word_1_397' title='bbox 3387 2475 3662 2540; x_wconf 61' lang='lat' dir='ltr'><strong>heretici,</strong></span> <span class='ocrx_word' id='word_1_398' title='bbox 3700 2481 3761 2529; x_wconf 89' lang='lat' dir='ltr'><strong>et</strong></span> 
     </span>
    </p>
   </div>
   <div class='ocr_carea' id='block_1_55' title="bbox 2055 2563 3758 2635">
    <p class='ocr_par' dir='ltr' id='par_1_55' title="bbox 2055 2563 3758 2635">
     <span class='ocr_line' id='line_1_55' title="bbox 2055 2563 3758 2635; baseline 0 -17"><span class='ocrx_word' id='word_1_399' title='bbox 2055 2565 2232 2619; x_wconf 90' lang='lat' dir='ltr'><strong>nescit</strong></span> <span class='ocrx_word' id='word_1_400' title='bbox 2261 2565 2411 2635; x_wconf 90' lang='lat' dir='ltr'><strong>quad</strong></span> <span class='ocrx_word' id='word_1_401' title='bbox 2436 2565 2716 2618; x_wconf 90' lang='lat' dir='ltr'><strong>catholica</strong></span> <span class='ocrx_word' id='word_1_402' title='bbox 2752 2563 2995 2618; x_wconf 87' lang='lat' dir='ltr'><strong>Ecclesia</strong></span> <span class='ocrx_word' id='word_1_403' title='bbox 3029 2564 3389 2629; x_wconf 89' lang='lat' dir='ltr'><strong>contradicit,</strong></span> <span class='ocrx_word' id='word_1_404' title='bbox 3415 2569 3612 2634; x_wconf 86' lang='lat' dir='ltr'><strong>postea</strong></span> <span class='ocrx_word' id='word_1_405' title='bbox 3641 2565 3758 2631; x_wconf 59' lang='lat' dir='ltr'><strong>fin-</strong></span> 
     </span>
    </p>
   </div>
   <div class='ocr_carea' id='block_1_56' title="bbox 2051 2651 3754 2723">
    <p class='ocr_par' dir='ltr' id='par_1_56' title="bbox 2051 2651 3754 2723">
     <span class='ocr_line' id='line_1_56' title="bbox 2051 2651 3754 2723; baseline 0 -16"><span class='ocrx_word' id='word_1_406' title='bbox 2051 2654 2335 2723; x_wconf 88' lang='lat' dir='ltr'><strong>telligens.</strong></span> <span class='ocrx_word' id='word_1_407' title='bbox 2366 2669 2580 2707; x_wconf 90' lang='lat' dir='ltr'><strong>annum</strong></span> <span class='ocrx_word' id='word_1_408' title='bbox 2600 2652 2890 2720; x_wconf 84' lang='lat' dir='ltr'><strong>integrum</strong></span> <span class='ocrx_word' id='word_1_409' title='bbox 2923 2651 3213 2720; x_wconf 81' lang='lat' dir='ltr'><strong>poeniteat.</strong></span> <span class='ocrx_word' id='word_1_410' title='bbox 3246 2653 3303 2706; x_wconf 91' lang='lat' dir='ltr'><strong>Si</strong></span> <span class='ocrx_word' id='word_1_411' title='bbox 3331 2658 3522 2706; x_wconf 86' lang='lat' dir='ltr'><strong>autem</strong></span> <span class='ocrx_word' id='word_1_412' title='bbox 3554 2652 3658 2706; x_wconf 90' lang='lat' dir='ltr'><strong>scit</strong></span> <span class='ocrx_word' id='word_1_413' title='bbox 3691 2659 3754 2707; x_wconf 90' lang='lat' dir='ltr'><strong>et</strong></span> 
     </span>
    </p>
   </div>
   <div class='ocr_carea' id='block_1_57' title="bbox 2053 2739 3759 2811">
    <p class='ocr_par' dir='ltr' id='par_1_57' title="bbox 2053 2739 3759 2811">
     <span class='ocr_line' id='line_1_57' title="bbox 2053 2739 3759 2811; baseline 0 -16"><span class='ocrx_word' id='word_1_414' title='bbox 2053 2742 2389 2811; x_wconf 82' lang='lat' dir='ltr'><strong>neglexerit,</strong></span> <span class='ocrx_word' id='word_1_415' title='bbox 2424 2746 2479 2795; x_wconf 90' lang='lat' dir='ltr'><strong>et</strong></span> <span class='ocrx_word' id='word_1_416' title='bbox 2508 2745 2707 2811; x_wconf 89' lang='lat' dir='ltr'><strong>postea</strong></span> <span class='ocrx_word' id='word_1_417' title='bbox 2737 2739 3131 2810; x_wconf 88' lang='lat' dir='ltr'><strong>poenitentiam</strong></span> <span class='ocrx_word' id='word_1_418' title='bbox 3185 2741 3383 2810; x_wconf 85' lang='lat' dir='ltr'><strong>egerit,</strong></span> <span class='ocrx_word' id='word_1_419' title='bbox 3441 2744 3504 2796; x_wconf 82' lang='lat' dir='ltr'><strong>l0</strong></span> <span class='ocrx_word' id='word_1_420' title='bbox 3567 2757 3759 2795; x_wconf 89' lang='lat' dir='ltr'><strong>annos</strong></span> 
     </span>
    </p>
   </div>
   <div class='ocr_carea' id='block_1_58' title="bbox 2055 2828 3758 2901">
    <p class='ocr_par' dir='ltr' id='par_1_58' title="bbox 2055 2828 3758 2901">
     <span class='ocr_line' id='line_1_58' title="bbox 2055 2828 3758 2901; baseline 0 -17"><span class='ocrx_word' id='word_1_421' title='bbox 2055 2831 2344 2901; x_wconf 87' lang='lat' dir='ltr'><strong>pceniteat.</strong></span> <span class='ocrx_word' id='word_1_422' title='bbox 2378 2830 2488 2885; x_wconf 83' lang='lat' dir='ltr'><strong>Alii</strong></span> <span class='ocrx_word' id='word_1_423' title='bbox 2512 2830 2775 2898; x_wconf 86' lang='lat' dir='ltr'><strong>judicant</strong></span> <span class='ocrx_word' id='word_1_424' title='bbox 2803 2831 2855 2893; x_wconf 86' lang='lat'><strong>7,</strong></span> <span class='ocrx_word' id='word_1_425' title='bbox 2889 2832 2945 2882; x_wconf 90' lang='lat' dir='ltr'><strong>et</strong></span> <span class='ocrx_word' id='word_1_426' title='bbox 2976 2828 3286 2882; x_wconf 87' lang='lat' dir='ltr'><strong>humanius</strong></span> <span class='ocrx_word' id='word_1_427' title='bbox 3317 2833 3348 2882; x_wconf 84' lang='lat'><strong>5</strong></span> <span class='ocrx_word' id='word_1_428' title='bbox 3380 2845 3581 2882; x_wconf 89' lang='lat' dir='ltr'><strong>annos.</strong></span> <span class='ocrx_word' id='word_1_429' title='bbox 3631 2830 3758 2894; x_wconf 75' lang='lat' dir='ltr'><strong>(Ea:</strong></span> 
     </span>
    </p>
   </div>
   <div class='ocr_carea' id='block_1_59' title="bbox 2059 2916 3758 2988">
    <p class='ocr_par' dir='ltr' id='par_1_59' title="bbox 2059 2916 3758 2988">
     <span class='ocr_line' id='line_1_59' title="bbox 2059 2916 3758 2988; baseline -0.001 -16"><span class='ocrx_word' id='word_1_430' title='bbox 2059 2921 2266 2973; x_wconf 85' lang='lat' dir='ltr'><strong>Decret.</strong></span> <span class='ocrx_word' id='word_1_431' title='bbox 2301 2920 2637 2986; x_wconf 83' lang='lat' dir='ltr'><strong>Eutychiani</strong></span> <span class='ocrx_word' id='word_1_432' title='bbox 2665 2932 2840 2986; x_wconf 54' lang='lat' dir='ltr'><strong>papa,</strong></span> <span class='ocrx_word' id='word_1_433' title='bbox 2865 2918 3043 2984; x_wconf 82' lang='lat' dir='ltr'><strong>capite</strong></span> <span class='ocrx_word' id='word_1_434' title='bbox 3072 2916 3150 2985; x_wconf 80' lang='lat'><strong>2.)</strong></span> <span class='ocrx_word' id='word_1_435' title='bbox 3203 2917 3258 2971; x_wconf 90' lang='lat' dir='ltr'><strong>Si</strong></span> <span class='ocrx_word' id='word_1_436' title='bbox 3301 2918 3431 2987; x_wconf 91' lang='lat' dir='ltr'><strong>quis</strong></span> <span class='ocrx_word' id='word_1_437' title='bbox 3474 2918 3758 2988; x_wconf 85' lang='lat' dir='ltr'><strong>permise-</strong></span> 
     </span>
    </p>
   </div>
   <div class='ocr_carea' id='block_1_60' title="bbox 254 3005 3760 3082">
    <p class='ocr_par' dir='ltr' id='par_1_60' title="bbox 254 3005 3760 3082">
     <span class='ocr_line' id='line_1_60' title="bbox 254 3005 3760 3082; baseline 0.001 -24"><span class='ocrx_word' id='word_1_438' title='bbox 254 3006 427 3077; x_wconf 88' lang='lat' dir='ltr'><strong>gione</strong></span> <span class='ocrx_word' id='word_1_439' title='bbox 475 3006 742 3060; x_wconf 88' lang='lat' dir='ltr'><strong>donatur.</strong></span> <span class='ocrx_word' id='word_1_440' title='bbox 798 3007 1020 3070; x_wconf 91' lang='lat' dir='ltr'><strong>Quanto</strong></span> <span class='ocrx_word' id='word_1_441' title='bbox 1078 3009 1432 3062; x_wconf 84' lang='lat' dir='ltr'><strong>tolerabilius</strong></span> <span class='ocrx_word' id='word_1_442' title='bbox 1480 3014 1632 3064; x_wconf 90' lang='lat' dir='ltr'><strong>esset</strong></span> <span class='ocrx_word' id='word_1_443' title='bbox 1680 3012 1792 3064; x_wconf 89' lang='lat' dir='ltr'><strong>tale</strong></span> <span class='ocrx_word' id='word_1_444' title='bbox 1822 3028 1947 3082; x_wconf 90' lang='lat' dir='ltr'><strong>per—</strong></span> <span class='ocrx_word' id='word_1_445' title='bbox 1983 3007 2022 3062; x_wconf 91' lang='lat' dir='ltr'>C</span> <span class='ocrx_word' id='word_1_446' title='bbox 2056 3007 2130 3060; x_wconf 88' lang='lat' dir='ltr'><strong>rit</strong></span> <span class='ocrx_word' id='word_1_447' title='bbox 2183 3008 2513 3061; x_wconf 67' lang='lat' dir='ltr'><strong>haereticum</strong></span> <span class='ocrx_word' id='word_1_448' title='bbox 2568 3007 2798 3060; x_wconf 89' lang='lat' dir='ltr'><strong>missam</strong></span> <span class='ocrx_word' id='word_1_449' title='bbox 2847 3020 3005 3058; x_wconf 85' lang='lat' dir='ltr'><strong>suam</strong></span> <span class='ocrx_word' id='word_1_450' title='bbox 3066 3005 3352 3059; x_wconf 89' lang='lat' dir='ltr'><strong>celebrare</strong></span> <span class='ocrx_word' id='word_1_451' title='bbox 3399 3005 3458 3059; x_wconf 94' lang='lat' dir='ltr'><strong>in</strong></span> <span class='ocrx_word' id='word_1_452' title='bbox 3514 3005 3760 3060; x_wconf 84' lang='lat' dir='ltr'><strong>ecclesia</strong></span> 
     </span>
    </p>
   </div>
   <div class='ocr_carea' id='block_1_61' title="bbox 246 3093 1948 3169">
    <p class='ocr_par' dir='ltr' id='par_1_61' title="bbox 246 3093 1948 3169">
     <span class='ocr_line' id='line_1_61' title="bbox 246 3093 1948 3169; baseline 0.005 -24"><span class='ocrx_word' id='word_1_453' title='bbox 246 3093 468 3163; x_wconf 88' lang='lat' dir='ltr'><strong>jurium</strong></span> <span class='ocrx_word' id='word_1_454' title='bbox 501 3099 879 3148; x_wconf 89' lang='lat' dir='ltr'><strong>sacramento.</strong></span> <span class='ocrx_word' id='word_1_455' title='bbox 909 3096 976 3148; x_wconf 87' lang='lat' dir='ltr'><strong>Et</strong></span> <span class='ocrx_word' id='word_1_456' title='bbox 1008 3100 1137 3166; x_wconf 91' lang='lat' dir='ltr'><strong>post</strong></span> <span class='ocrx_word' id='word_1_457' title='bbox 1165 3112 1348 3166; x_wconf 89' lang='lat' dir='ltr'><strong>pauca</strong></span> <span class='ocrx_word' id='word_1_458' title='bbox 1381 3118 1392 3151; x_wconf 92' lang='lat'>:</span> <span class='ocrx_word' id='word_1_459' title='bbox 1431 3099 1554 3152; x_wconf 87' lang='lat' dir='ltr'><strong>Non</strong></span> <span class='ocrx_word' id='word_1_460' title='bbox 1606 3099 1782 3169; x_wconf 88' lang='lat' dir='ltr'><strong>igitur</strong></span> <span class='ocrx_word' id='word_1_461' title='bbox 1819 3115 1948 3153; x_wconf 88' lang='lat' dir='ltr'><strong>om—</strong></span> 
     </span>
    </p>
   </div>
   <div class='ocr_carea' id='block_1_62' title="bbox 263 3180 1134 3250">
    <p class='ocr_par' dir='ltr' id='par_1_62' title="bbox 263 3180 1134 3250">
     <span class='ocr_line' id='line_1_62' title="bbox 263 3180 1134 3250; baseline 0.006 -17"><span class='ocrx_word' id='word_1_462' title='bbox 263 3180 360 3234; x_wconf 87' lang='lat' dir='ltr'><strong>nia</strong></span> <span class='ocrx_word' id='word_1_463' title='bbox 391 3181 670 3250; x_wconf 88' lang='lat' dir='ltr'><strong>promissa</strong></span> <span class='ocrx_word' id='word_1_464' title='bbox 689 3183 962 3237; x_wconf 90' lang='lat' dir='ltr'><strong>solvenda</strong></span> <span class='ocrx_word' id='word_1_465' title='bbox 984 3188 1134 3239; x_wconf 91' lang='lat' dir='ltr'><strong>sunt.</strong></span> 
     </span>
    </p>
   </div>
   <div class='ocr_carea' id='block_1_63' title="bbox 329 3268 1947 3342">
    <p class='ocr_par' dir='ltr' id='par_1_63' title="bbox 329 3268 1947 3342">
     <span class='ocr_line' id='line_1_63' title="bbox 329 3268 1947 3342; baseline 0.005 -20"><span class='ocrx_word' id='word_1_466' title='bbox 329 3268 440 3338; x_wconf 78' lang='lat' dir='ltr'><strong>(Ea:</strong></span> <span class='ocrx_word' id='word_1_467' title='bbox 471 3272 692 3325; x_wconf 85' lang='lat' dir='ltr'><strong>concilio</strong></span> <span class='ocrx_word' id='word_1_468' title='bbox 723 3273 1086 3342; x_wconf 72' lang='lat' dir='ltr'><strong>Nive&#39;rnensi.)</strong></span> <span class='ocrx_word' id='word_1_469' title='bbox 1129 3274 1206 3327; x_wconf 91' lang='lat' dir='ltr'><strong>De</strong></span> <span class='ocrx_word' id='word_1_470' title='bbox 1247 3290 1360 3327; x_wconf 92' lang='lat' dir='ltr'><strong>non</strong></span> <span class='ocrx_word' id='word_1_471' title='bbox 1409 3275 1698 3328; x_wconf 89' lang='lat' dir='ltr'><strong>servandis</strong></span> <span class='ocrx_word' id='word_1_472' title='bbox 1747 3275 1947 3330; x_wconf 91' lang='lat' dir='ltr'><strong>incau-</strong></span> 
     </span>
    </p>
   </div>
   <div class='ocr_carea' id='block_1_64' title="bbox 255 3356 1946 3428">
    <p class='ocr_par' dir='ltr' id='par_1_64' title="bbox 255 3356 1946 3428">
     <span class='ocr_line' id='line_1_64' title="bbox 255 3356 1946 3428; baseline 0.005 -19"><span class='ocrx_word' id='word_1_473' title='bbox 255 3356 327 3410; x_wconf 90' lang='lat' dir='ltr'><strong>tis</strong></span> <span class='ocrx_word' id='word_1_474' title='bbox 344 3357 732 3428; x_wconf 79' lang='lat' dir='ltr'><strong>juramentis:</strong></span> <span class='ocrx_word' id='word_1_475' title='bbox 784 3359 1057 3414; x_wconf 83' lang='lat' dir='ltr'><strong>Difﬁnitio</strong></span> <span class='ocrx_word' id='word_1_476' title='bbox 1106 3361 1356 3426; x_wconf 87' lang='lat' dir='ltr'><strong>incauta,</strong></span> <span class='ocrx_word' id='word_1_477' title='bbox 1413 3362 1781 3417; x_wconf 87' lang='lat' dir='ltr'><strong>laudabiliter</strong></span> <span class='ocrx_word' id='word_1_478' title='bbox 1833 3365 1946 3418; x_wconf 91' lang='lat' dir='ltr'><strong>sol-</strong></span> 
     </span>
    </p>
   </div>
   <div class='ocr_carea' id='block_1_65' title="bbox 252 3445 1945 3518">
    <p class='ocr_par' dir='ltr' id='par_1_65' title="bbox 252 3445 1945 3518">
     <span class='ocr_line' id='line_1_65' title="bbox 252 3445 1945 3518; baseline 0.005 -20"><span class='ocrx_word' id='word_1_479' title='bbox 252 3445 470 3514; x_wconf 88' lang='lat' dir='ltr'><strong>venda;</strong></span> <span class='ocrx_word' id='word_1_480' title='bbox 501 3463 605 3501; x_wconf 89' lang='lat' dir='ltr'><strong>nec</strong></span> <span class='ocrx_word' id='word_1_481' title='bbox 635 3453 720 3501; x_wconf 88' lang='lat' dir='ltr'><strong>est</strong></span> <span class='ocrx_word' id='word_1_482' title='bbox 762 3449 1178 3518; x_wconf 73' lang='lat' dir='ltr'><strong>praevaricatio,</strong></span> <span class='ocrx_word' id='word_1_483' title='bbox 1221 3451 1320 3504; x_wconf 90' lang='lat' dir='ltr'><strong>sed</strong></span> <span class='ocrx_word' id='word_1_484' title='bbox 1357 3451 1700 3506; x_wconf 85' lang='lat' dir='ltr'><strong>temeritatis</strong></span> <span class='ocrx_word' id='word_1_485' title='bbox 1750 3469 1945 3507; x_wconf 90' lang='lat' dir='ltr'><strong>emen-</strong></span> 
     </span>
    </p>
   </div>
   <div class='ocr_carea' id='block_1_66' title="bbox 262 3533 435 3589">
    <p class='ocr_par' dir='ltr' id='par_1_66' title="bbox 262 3533 435 3589">
     <span class='ocr_line' id='line_1_66' title="bbox 262 3533 435 3589; baseline 0.012 -2"><span class='ocrx_word' id='word_1_486' title='bbox 262 3533 435 3589; x_wconf 73' lang='lat' dir='ltr'><strong>daﬁo.</strong></span> 
     </span>
    </p>
   </div>
   <div class='ocr_carea' id='block_1_67' title="bbox 325 3623 1948 3699">
    <p class='ocr_par' dir='ltr' id='par_1_67' title="bbox 325 3623 1948 3699">
     <span class='ocr_line' id='line_1_67' title="bbox 325 3623 1948 3699; baseline 0.004 -22"><span class='ocrx_word' id='word_1_487' title='bbox 325 3623 436 3691; x_wconf 74' lang='lat' dir='ltr'><strong>(Ea:</strong></span> <span class='ocrx_word' id='word_1_488' title='bbox 469 3625 696 3692; x_wconf 80' lang='lat' dir='ltr'><strong>Gregor.</strong></span> <span class='ocrx_word' id='word_1_489' title='bbox 722 3641 892 3695; x_wconf 88' lang='lat' dir='ltr'><strong>papa,</strong></span> <span class='ocrx_word' id='word_1_490' title='bbox 927 3627 986 3681; x_wconf 90' lang='lat' dir='ltr'><strong>in</strong></span> <span class='ocrx_word' id='word_1_491' title='bbox 1012 3629 1126 3682; x_wconf 87' lang='lat' dir='ltr'><strong>suis</strong></span> <span class='ocrx_word' id='word_1_492' title='bbox 1166 3628 1511 3699; x_wconf 82' lang='lat' dir='ltr'><strong>Moralibus.)</strong></span> <span class='ocrx_word' id='word_1_493' title='bbox 1568 3627 1725 3692; x_wconf 93' lang='lat' dir='ltr'><strong>Quod</strong></span> <span class='ocrx_word' id='word_1_494' title='bbox 1771 3630 1948 3684; x_wconf 89' lang='lat' dir='ltr'><strong>satius</strong></span> 
     </span>
    </p>
   </div>
   <div class='ocr_carea' id='block_1_68' title="bbox 239 3710 1945 3786">
    <p class='ocr_par' dir='ltr' id='par_1_68' title="bbox 239 3710 1945 3786">
     <span class='ocr_line' id='line_1_68' title="bbox 239 3710 1945 3786; baseline 0.005 -23"><span class='ocrx_word' id='word_1_495' title='bbox 239 3710 330 3786; x_wconf 83' lang='lat' dir='ltr'><strong>sit</strong></span> <span class='ocrx_word' id='word_1_496' title='bbox 395 3713 690 3782; x_wconf 81' lang='lat' dir='ltr'><strong>perjurare</strong></span> <span class='ocrx_word' id='word_1_497' title='bbox 744 3729 919 3784; x_wconf 92' lang='lat' dir='ltr'><strong>quam</strong></span> <span class='ocrx_word' id='word_1_498' title='bbox 961 3716 1222 3786; x_wconf 90' lang='lat' dir='ltr'><strong>juratum</strong></span> <span class='ocrx_word' id='word_1_499' title='bbox 1275 3716 1431 3770; x_wconf 89' lang='lat' dir='ltr'><strong>nefas</strong></span> <span class='ocrx_word' id='word_1_500' title='bbox 1489 3717 1752 3786; x_wconf 90' lang='lat' dir='ltr'><strong>implere,</strong></span> <span class='ocrx_word' id='word_1_501' title='bbox 1816 3735 1945 3772; x_wconf 91' lang='lat' dir='ltr'><strong>cum</strong></span> 
     </span>
    </p>
   </div>
   <div class='ocr_carea' id='block_1_69' title="bbox 256 3800 1946 3878">
    <p class='ocr_par' dir='ltr' id='par_1_69' title="bbox 256 3800 1946 3878">
     <span class='ocr_line' id='line_1_69' title="bbox 256 3800 1946 3878; baseline 0.005 -26"><span class='ocrx_word' id='word_1_502' title='bbox 256 3815 418 3853; x_wconf 87' lang='lat' dir='ltr'><strong>mens</strong></span> <span class='ocrx_word' id='word_1_503' title='bbox 448 3800 601 3854; x_wconf 90' lang='lat' dir='ltr'><strong>inter</strong></span> <span class='ocrx_word' id='word_1_504' title='bbox 637 3801 867 3856; x_wconf 91' lang='lat' dir='ltr'><strong>minora</strong></span> <span class='ocrx_word' id='word_1_505' title='bbox 905 3809 960 3857; x_wconf 92' lang='lat' dir='ltr'><strong>et</strong></span> <span class='ocrx_word' id='word_1_506' title='bbox 1014 3805 1259 3858; x_wconf 90' lang='lat' dir='ltr'><strong>maxima</strong></span> <span class='ocrx_word' id='word_1_507' title='bbox 1317 3810 1548 3875; x_wconf 90' lang='lat' dir='ltr'><strong>peccata</strong></span> <span class='ocrx_word' id='word_1_508' title='bbox 1603 3807 1946 3878; x_wconf 90' lang='lat' dir='ltr'><strong>constringi-</strong></span> 
     </span>
    </p>
   </div>
   <div class='ocr_carea' id='block_1_70' title="bbox 257 3888 1947 3962">
    <p class='ocr_par' dir='ltr' id='par_1_70' title="bbox 257 3888 1947 3962">
     <span class='ocr_line' id='line_1_70' title="bbox 257 3888 1947 3962; baseline 0.005 -20"><span class='ocrx_word' id='word_1_509' title='bbox 257 3891 349 3942; x_wconf 86' lang='lat' dir='ltr'><strong>tur</strong></span> <span class='ocrx_word' id='word_1_510' title='bbox 378 3905 392 3942; x_wconf 88' lang='lat'><strong>:</strong></span> <span class='ocrx_word' id='word_1_511' title='bbox 428 3888 471 3942; x_wconf 90' lang='lat' dir='ltr'><strong>si</strong></span> <span class='ocrx_word' id='word_1_512' title='bbox 507 3889 744 3944; x_wconf 91' lang='lat' dir='ltr'><strong>omnino</strong></span> <span class='ocrx_word' id='word_1_513' title='bbox 771 3891 964 3945; x_wconf 91' lang='lat' dir='ltr'><strong>nullus</strong></span> <span class='ocrx_word' id='word_1_514' title='bbox 999 3891 1122 3945; x_wconf 87' lang='lat' dir='ltr'><strong>sine</strong></span> <span class='ocrx_word' id='word_1_515' title='bbox 1151 3897 1380 3962; x_wconf 89' lang='lat' dir='ltr'><strong>peccato</strong></span> <span class='ocrx_word' id='word_1_516' title='bbox 1429 3894 1708 3948; x_wconf 88' lang='lat' dir='ltr'><strong>evadendi</strong></span> <span class='ocrx_word' id='word_1_517' title='bbox 1761 3897 1947 3950; x_wconf 88' lang='lat' dir='ltr'><strong>aditus</strong></span> 
     </span>
    </p>
   </div>
   <div class='ocr_carea' id='block_1_71' title="bbox 255 3977 1945 4054">
    <p class='ocr_par' dir='ltr' id='par_1_71' title="bbox 255 3977 1945 4054">
     <span class='ocr_line' id='line_1_71' title="bbox 255 3977 1945 4054; baseline 0.004 -23"><span class='ocrx_word' id='word_1_518' title='bbox 255 3982 434 4048; x_wconf 89' lang='lat' dir='ltr'><strong>patet,</strong></span> <span class='ocrx_word' id='word_1_519' title='bbox 470 3977 694 4032; x_wconf 90' lang='lat' dir='ltr'><strong>minora</strong></span> <span class='ocrx_word' id='word_1_520' title='bbox 723 3996 951 4050; x_wconf 89' lang='lat' dir='ltr'><strong>semper</strong></span> <span class='ocrx_word' id='word_1_521' title='bbox 980 3980 1293 4051; x_wconf 85' lang='lat' dir='ltr'><strong>eligantur;</strong></span> <span class='ocrx_word' id='word_1_522' title='bbox 1345 3982 1481 4054; x_wconf 91' lang='lat' dir='ltr'><strong>quia</strong></span> <span class='ocrx_word' id='word_1_523' title='bbox 1509 3987 1566 4037; x_wconf 89' lang='lat' dir='ltr'><strong>et</strong></span> <span class='ocrx_word' id='word_1_524' title='bbox 1594 3983 1690 4054; x_wconf 80' lang='lat' dir='ltr'><strong>qui</strong></span> <span class='ocrx_word' id='word_1_525' title='bbox 1752 4001 1945 4038; x_wconf 90' lang='lat' dir='ltr'><strong>muro-</strong></span> 
     </span>
    </p>
   </div>
   <div class='ocr_carea' id='block_1_72' title="bbox 259 4067 1945 4144">
    <p class='ocr_par' dir='ltr' id='par_1_72' title="bbox 259 4067 1945 4144">
     <span class='ocr_line' id='line_1_72' title="bbox 259 4067 1945 4144; baseline 0.005 -24"><span class='ocrx_word' id='word_1_526' title='bbox 259 4083 385 4120; x_wconf 90' lang='lat' dir='ltr'><strong>rum</strong></span> <span class='ocrx_word' id='word_1_527' title='bbox 419 4067 658 4136; x_wconf 88' lang='lat' dir='ltr'><strong>ambitu,</strong></span> <span class='ocrx_word' id='word_1_528' title='bbox 701 4084 773 4122; x_wconf 90' lang='lat' dir='ltr'><strong>ne</strong></span> <span class='ocrx_word' id='word_1_529' title='bbox 818 4069 1020 4139; x_wconf 84' lang='lat' dir='ltr'><strong>fugiat,</strong></span> <span class='ocrx_word' id='word_1_530' title='bbox 1067 4070 1366 4135; x_wconf 87' lang='lat' dir='ltr'><strong>clauditur,</strong></span> <span class='ocrx_word' id='word_1_531' title='bbox 1408 4071 1491 4126; x_wconf 93' lang='lat' dir='ltr'><strong>ibi</strong></span> <span class='ocrx_word' id='word_1_532' title='bbox 1543 4089 1601 4126; x_wconf 86' lang='lat' dir='ltr'><strong>se</strong></span> <span class='ocrx_word' id='word_1_533' title='bbox 1645 4072 1700 4127; x_wconf 88' lang='lat' dir='ltr'><strong>in</strong></span> <span class='ocrx_word' id='word_1_534' title='bbox 1748 4073 1945 4144; x_wconf 84' lang='lat' dir='ltr'><strong>fugam</strong></span> 
     </span>
    </p>
   </div>
   <div class='ocr_carea' id='block_1_73' title="bbox 257 4153 1550 4224">
    <p class='ocr_par' dir='ltr' id='par_1_73' title="bbox 257 4153 1550 4224">
     <span class='ocr_line' id='line_1_73' title="bbox 257 4153 1550 4224; baseline 0.008 -19"><span class='ocrx_word' id='word_1_535' title='bbox 257 4153 596 4224; x_wconf 59' lang='lat' dir='ltr'><strong>praecipitat,</strong></span> <span class='ocrx_word' id='word_1_536' title='bbox 630 4156 728 4209; x_wconf 91' lang='lat' dir='ltr'><strong>ubi</strong></span> <span class='ocrx_word' id='word_1_537' title='bbox 755 4157 982 4211; x_wconf 92' lang='lat' dir='ltr'><strong>brevior</strong></span> <span class='ocrx_word' id='word_1_538' title='bbox 1012 4174 1211 4212; x_wconf 88' lang='lat' dir='ltr'><strong>murus</strong></span> <span class='ocrx_word' id='word_1_539' title='bbox 1241 4161 1550 4215; x_wconf 90' lang='lat' dir='ltr'><strong>invenitur.</strong></span> 
     </span>
    </p>
   </div>
   <div class='ocr_carea' id='block_1_74' title="bbox 326 4242 1942 4316">
    <p class='ocr_par' dir='ltr' id='par_1_74' title="bbox 326 4242 1942 4316">
     <span class='ocr_line' id='line_1_74' title="bbox 326 4242 1942 4316; baseline 0.004 -18"><span class='ocrx_word' id='word_1_540' title='bbox 326 4242 404 4313; x_wconf 93' lang='lat' dir='ltr'><strong>(S.</strong></span> <span class='ocrx_word' id='word_1_541' title='bbox 440 4244 738 4316; x_wconf 85' lang='lat' dir='ltr'><strong>Isidorus.)</strong></span> <span class='ocrx_word' id='word_1_542' title='bbox 773 4247 850 4300; x_wconf 93' lang='lat' dir='ltr'><strong>De</strong></span> <span class='ocrx_word' id='word_1_543' title='bbox 907 4247 1101 4301; x_wconf 90' lang='lat' dir='ltr'><strong>eadem</strong></span> <span class='ocrx_word' id='word_1_544' title='bbox 1124 4264 1226 4302; x_wconf 88' lang='lat' dir='ltr'><strong>re:</strong></span> <span class='ocrx_word' id='word_1_545' title='bbox 1291 4250 1413 4304; x_wconf 89' lang='lat' dir='ltr'><strong>Non</strong></span> <span class='ocrx_word' id='word_1_546' title='bbox 1469 4256 1554 4304; x_wconf 86' lang='lat' dir='ltr'><strong>est</strong></span> <span class='ocrx_word' id='word_1_547' title='bbox 1601 4266 1942 4304; x_wconf 88' lang='lat' dir='ltr'><strong>conservan-</strong></span> 
     </span>
    </p>
   </div>
   <div class='ocr_carea' id='block_1_75' title="bbox 257 4330 1944 4408">
    <p class='ocr_par' dir='ltr' id='par_1_75' title="bbox 257 4330 1944 4408">
     <span class='ocr_line' id='line_1_75' title="bbox 257 4330 1944 4408; baseline 0.005 -22"><span class='ocrx_word' id='word_1_548' title='bbox 257 4330 395 4386; x_wconf 89' lang='lat' dir='ltr'><strong>dum</strong></span> <span class='ocrx_word' id='word_1_549' title='bbox 429 4339 872 4400; x_wconf 89' lang='lat' dir='ltr'><strong>sacramentum,</strong></span> <span class='ocrx_word' id='word_1_550' title='bbox 911 4353 1025 4407; x_wconf 93' lang='lat' dir='ltr'><strong>quo</strong></span> <span class='ocrx_word' id='word_1_551' title='bbox 1055 4337 1272 4392; x_wconf 89' lang='lat' dir='ltr'><strong>malum</strong></span> <span class='ocrx_word' id='word_1_552' title='bbox 1311 4337 1538 4392; x_wconf 84' lang='lat' dir='ltr'><strong>incaute</strong></span> <span class='ocrx_word' id='word_1_553' title='bbox 1569 4338 1944 4408; x_wconf 89' lang='lat' dir='ltr'><strong>promittitur.</strong></span> 
     </span>
    </p>
   </div>
   <div class='ocr_carea' id='block_1_76' title="bbox 257 4420 1948 4496">
    <p class='ocr_par' dir='ltr' id='par_1_76' title="bbox 257 4420 1948 4496">
     <span class='ocr_line' id='line_1_76' title="bbox 257 4420 1948 4496; baseline 0.005 -24"><span class='ocrx_word' id='word_1_554' title='bbox 257 4420 460 4487; x_wconf 87' lang='lat' dir='ltr'><strong>Veluti,</strong></span> <span class='ocrx_word' id='word_1_555' title='bbox 511 4421 558 4475; x_wconf 91' lang='lat' dir='ltr'><strong>si</strong></span> <span class='ocrx_word' id='word_1_556' title='bbox 624 4422 929 4493; x_wconf 89' lang='lat' dir='ltr'><strong>quisquam</strong></span> <span class='ocrx_word' id='word_1_557' title='bbox 988 4425 1259 4481; x_wconf 72' lang='lat' dir='ltr'><strong>adulterae</strong></span> <span class='ocrx_word' id='word_1_558' title='bbox 1317 4431 1656 4496; x_wconf 88' lang='lat' dir='ltr'><strong>perpetuam</strong></span> <span class='ocrx_word' id='word_1_559' title='bbox 1712 4442 1840 4480; x_wconf 91' lang='lat' dir='ltr'><strong>cum</strong></span> <span class='ocrx_word' id='word_1_560' title='bbox 1883 4443 1948 4481; x_wconf 91' lang='lat' dir='ltr'><strong>ea</strong></span> 
     </span>
    </p>
   </div>
   <div class='ocr_carea' id='block_1_77' title="bbox 255 4510 1948 4582">
    <p class='ocr_par' dir='ltr' id='par_1_77' title="bbox 255 4510 1948 4582">
     <span class='ocr_line' id='line_1_77' title="bbox 255 4510 1948 4582; baseline 0.005 -21"><span class='ocrx_word' id='word_1_561' title='bbox 255 4510 636 4578; x_wconf 89' lang='lat' dir='ltr'><strong>permanendi</strong></span> <span class='ocrx_word' id='word_1_562' title='bbox 660 4510 832 4564; x_wconf 86' lang='lat' dir='ltr'><strong>ﬁdem</strong></span> <span class='ocrx_word' id='word_1_563' title='bbox 873 4513 1228 4582; x_wconf 88' lang='lat' dir='ltr'><strong>polliceatur.</strong></span> <span class='ocrx_word' id='word_1_564' title='bbox 1274 4513 1644 4568; x_wconf 89' lang='lat' dir='ltr'><strong>Tolerabibus</strong></span> <span class='ocrx_word' id='word_1_565' title='bbox 1679 4519 1763 4568; x_wconf 90' lang='lat' dir='ltr'><strong>est</strong></span> <span class='ocrx_word' id='word_1_566' title='bbox 1792 4514 1948 4569; x_wconf 90' lang='lat' dir='ltr'><strong>enim</strong></span> 
     </span>
    </p>
   </div>
   <div class='ocr_carea' id='block_1_78' title="bbox 257 4596 1948 4672">
    <p class='ocr_par' dir='ltr' id='par_1_78' title="bbox 257 4596 1948 4672">
     <span class='ocr_line' id='line_1_78' title="bbox 257 4596 1948 4672; baseline 0.006 -23"><span class='ocrx_word' id='word_1_567' title='bbox 257 4613 374 4650; x_wconf 92' lang='lat' dir='ltr'><strong>non</strong></span> <span class='ocrx_word' id='word_1_568' title='bbox 442 4596 683 4668; x_wconf 91' lang='lat' dir='ltr'><strong>implere</strong></span> <span class='ocrx_word' id='word_1_569' title='bbox 739 4609 1182 4669; x_wconf 88' lang='lat' dir='ltr'><strong>sacramentum,</strong></span> <span class='ocrx_word' id='word_1_570' title='bbox 1254 4619 1427 4672; x_wconf 90' lang='lat' dir='ltr'><strong>quam</strong></span> <span class='ocrx_word' id='word_1_571' title='bbox 1493 4618 1830 4670; x_wconf 89' lang='lat' dir='ltr'><strong>permanere</strong></span> <span class='ocrx_word' id='word_1_572' title='bbox 1887 4603 1948 4659; x_wconf 90' lang='lat' dir='ltr'><strong>in</strong></span> 
     </span>
    </p>
   </div>
   <div class='ocr_carea' id='block_1_79' title="bbox 255 4685 708 4756">
    <p class='ocr_par' dir='ltr' id='par_1_79' title="bbox 255 4685 708 4756">
     <span class='ocr_line' id='line_1_79' title="bbox 255 4685 708 4756; baseline 0.004 -17"><span class='ocrx_word' id='word_1_573' title='bbox 255 4686 441 4754; x_wconf 89' lang='lat' dir='ltr'><strong>stupri</strong></span> <span class='ocrx_word' id='word_1_574' title='bbox 470 4685 708 4756; x_wconf 82' lang='lat' dir='ltr'><strong>flagitio.</strong></span> 
     </span>
    </p>
   </div>
   <div class='ocr_carea' id='block_1_80' title="bbox 329 4771 1946 4847">
    <p class='ocr_par' dir='ltr' id='par_1_80' title="bbox 329 4771 1946 4847">
     <span class='ocr_line' id='line_1_80' title="bbox 329 4771 1946 4847; baseline 0.004 -22"><span class='ocrx_word' id='word_1_575' title='bbox 329 4771 488 4840; x_wconf 82' lang='lat' dir='ltr'><strong>(Item</strong></span> <span class='ocrx_word' id='word_1_576' title='bbox 518 4774 768 4830; x_wconf 79' lang='lat' dir='ltr'><strong>Isidorus</strong></span> <span class='ocrx_word' id='word_1_577' title='bbox 807 4777 867 4830; x_wconf 87' lang='lat' dir='ltr'><strong>in</strong></span> <span class='ocrx_word' id='word_1_578' title='bbox 913 4777 1148 4832; x_wconf 79' lang='lat' dir='ltr'><strong>Sentent.</strong></span> <span class='ocrx_word' id='word_1_579' title='bbox 1203 4775 1363 4847; x_wconf 84' lang='lat' dir='ltr'><strong>suis.)</strong></span> <span class='ocrx_word' id='word_1_580' title='bbox 1417 4777 1606 4831; x_wconf 91' lang='lat' dir='ltr'><strong>Item:</strong></span> <span class='ocrx_word' id='word_1_581' title='bbox 1665 4778 1730 4832; x_wconf 90' lang='lat' dir='ltr'><strong>In</strong></span> <span class='ocrx_word' id='word_1_582' title='bbox 1778 4778 1946 4832; x_wconf 87' lang='lat' dir='ltr'><strong>malis</strong></span> 
     </span>
    </p>
   </div>
   <div class='ocr_carea' id='block_1_81' title="bbox 256 4860 1949 4937">
    <p class='ocr_par' dir='ltr' id='par_1_81' title="bbox 256 4860 1949 4937">
     <span class='ocr_line' id='line_1_81' title="bbox 256 4860 1949 4937; baseline 0.005 -24"><span class='ocrx_word' id='word_1_583' title='bbox 256 4860 555 4931; x_wconf 87' lang='lat' dir='ltr'><strong>promissis</strong></span> <span class='ocrx_word' id='word_1_584' title='bbox 612 4864 868 4918; x_wconf 89' lang='lat' dir='ltr'><strong>rescinde</strong></span> <span class='ocrx_word' id='word_1_585' title='bbox 929 4864 1122 4918; x_wconf 85' lang='lat' dir='ltr'><strong>ﬁdem.</strong></span> <span class='ocrx_word' id='word_1_586' title='bbox 1174 4865 1236 4918; x_wconf 91' lang='lat' dir='ltr'><strong>In</strong></span> <span class='ocrx_word' id='word_1_587' title='bbox 1289 4865 1442 4937; x_wconf 90' lang='lat' dir='ltr'><strong>turpi</strong></span> <span class='ocrx_word' id='word_1_588' title='bbox 1497 4871 1624 4919; x_wconf 84' lang='lat' dir='ltr'><strong>voto</strong></span> <span class='ocrx_word' id='word_1_589' title='bbox 1678 4883 1831 4934; x_wconf 91' lang='lat' dir='ltr'><strong>cave,</strong></span> <span class='ocrx_word' id='word_1_590' title='bbox 1888 4872 1949 4921; x_wconf 90' lang='lat' dir='ltr'><strong>ut</strong></span> 
     </span>
    </p>
   </div>
   <div class='ocr_carea' id='block_1_82' title="bbox 256 4947 1946 5027">
    <p class='ocr_par' dir='ltr' id='par_1_82' title="bbox 256 4947 1946 5027">
     <span class='ocr_line' id='line_1_82' title="bbox 256 4947 1946 5027; baseline 0.005 -26"><span class='ocrx_word' id='word_1_591' title='bbox 256 4947 572 5018; x_wconf 90' lang='lat' dir='ltr'><strong>decretum,</strong></span> <span class='ocrx_word' id='word_1_592' title='bbox 606 4952 762 5022; x_wconf 90' lang='lat' dir='ltr'><strong>quod</strong></span> <span class='ocrx_word' id='word_1_593' title='bbox 816 4951 1046 5005; x_wconf 85' lang='lat' dir='ltr'><strong>incaute</strong></span> <span class='ocrx_word' id='word_1_594' title='bbox 1089 4953 1306 5020; x_wconf 66' lang='lat' dir='ltr'><strong>vovisti,</strong></span> <span class='ocrx_word' id='word_1_595' title='bbox 1372 4970 1486 5008; x_wconf 92' lang='lat' dir='ltr'><strong>non</strong></span> <span class='ocrx_word' id='word_1_596' title='bbox 1536 4954 1725 5009; x_wconf 88' lang='lat' dir='ltr'><strong>facias.</strong></span> <span class='ocrx_word' id='word_1_597' title='bbox 1763 4955 1946 5027; x_wconf 91' lang='lat' dir='ltr'><strong>Impia</strong></span> 
     </span>
    </p>
   </div>
   <div class='ocr_carea' id='block_1_83' title="bbox 257 5039 1473 5111">
    <p class='ocr_par' dir='ltr' id='par_1_83' title="bbox 257 5039 1473 5111">
     <span class='ocr_line' id='line_1_83' title="bbox 257 5039 1473 5111; baseline 0.005 -21"><span class='ocrx_word' id='word_1_598' title='bbox 257 5042 342 5091; x_wconf 90' lang='lat' dir='ltr'><strong>est</strong></span> <span class='ocrx_word' id='word_1_599' title='bbox 373 5039 677 5106; x_wconf 83' lang='lat' dir='ltr'><strong>promissio</strong></span> <span class='ocrx_word' id='word_1_600' title='bbox 709 5056 838 5111; x_wconf 70' lang='lat' dir='ltr'><strong>qua:</strong></span> <span class='ocrx_word' id='word_1_601' title='bbox 869 5041 1078 5094; x_wconf 89' lang='lat' dir='ltr'><strong>scelere</strong></span> <span class='ocrx_word' id='word_1_602' title='bbox 1105 5039 1473 5110; x_wconf 89' lang='lat' dir='ltr'><strong>adimpletur.</strong></span> 
     </span>
    </p>
   </div>
   <div class='ocr_carea' id='block_1_84' title="bbox 328 5126 1947 5200">
    <p class='ocr_par' dir='ltr' id='par_1_84' title="bbox 328 5126 1947 5200">
     <span class='ocr_line' id='line_1_84' title="bbox 328 5126 1947 5200; baseline 0.002 -20"><span class='ocrx_word' id='word_1_603' title='bbox 328 5126 436 5196; x_wconf 76' lang='lat' dir='ltr'><strong>(Ea:</strong></span> <span class='ocrx_word' id='word_1_604' title='bbox 467 5131 687 5183; x_wconf 79' lang='lat' dir='ltr'><strong>concilio</strong></span> <span class='ocrx_word' id='word_1_605' title='bbox 722 5128 1017 5200; x_wconf 86' lang='lat' dir='ltr'><strong>Toletano.)</strong></span> <span class='ocrx_word' id='word_1_606' title='bbox 1057 5129 1293 5182; x_wconf 88' lang='lat' dir='ltr'><strong>Necesse</strong></span> <span class='ocrx_word' id='word_1_607' title='bbox 1333 5135 1418 5183; x_wconf 89' lang='lat' dir='ltr'><strong>est</strong></span> <span class='ocrx_word' id='word_1_608' title='bbox 1445 5135 1509 5183; x_wconf 87' lang='lat' dir='ltr'><strong>ut</strong></span> <span class='ocrx_word' id='word_1_609' title='bbox 1554 5131 1702 5184; x_wconf 89' lang='lat' dir='ltr'><strong>male</strong></span> <span class='ocrx_word' id='word_1_610' title='bbox 1743 5131 1947 5200; x_wconf 88' lang='lat' dir='ltr'><strong>jurans</strong></span> 
     </span>
    </p>
   </div>
   <div class='ocr_carea' id='block_1_85' title="bbox 256 5213 1946 5287">
    <p class='ocr_par' dir='ltr' id='par_1_85' title="bbox 256 5213 1946 5287">
     <span class='ocr_line' id='line_1_85' title="bbox 256 5213 1946 5287; baseline 0.004 -21"><span class='ocrx_word' id='word_1_611' title='bbox 256 5213 496 5284; x_wconf 90' lang='lat' dir='ltr'><strong>dignam</strong></span> <span class='ocrx_word' id='word_1_612' title='bbox 527 5216 924 5287; x_wconf 69' lang='lat' dir='ltr'><strong>pmnitentiam</strong></span> <span class='ocrx_word' id='word_1_613' title='bbox 957 5222 1108 5286; x_wconf 88' lang='lat' dir='ltr'><strong>agat,</strong></span> <span class='ocrx_word' id='word_1_614' title='bbox 1141 5232 1208 5269; x_wconf 90' lang='lat' dir='ltr'><strong>eo</strong></span> <span class='ocrx_word' id='word_1_615' title='bbox 1239 5217 1385 5285; x_wconf 94' lang='lat' dir='ltr'><strong>quod</strong></span> <span class='ocrx_word' id='word_1_616' title='bbox 1423 5233 1635 5272; x_wconf 89' lang='lat' dir='ltr'><strong>nomen</strong></span> <span class='ocrx_word' id='word_1_617' title='bbox 1668 5219 1768 5272; x_wconf 92' lang='lat' dir='ltr'><strong>Dei</strong></span> <span class='ocrx_word' id='word_1_618' title='bbox 1809 5234 1946 5272; x_wconf 91' lang='lat' dir='ltr'><strong>con-</strong></span> 
     </span>
    </p>
   </div>
   <div class='ocr_carea' id='block_1_86' title="bbox 253 5306 1944 5376">
    <p class='ocr_par' dir='ltr' id='par_1_86' title="bbox 253 5306 1944 5376">
     <span class='ocr_line' id='line_1_86' title="bbox 253 5306 1944 5376; baseline 0.003 -21"><span class='ocrx_word' id='word_1_619' title='bbox 253 5307 342 5356; x_wconf 90' lang='lat' dir='ltr'><strong>tra</strong></span> <span class='ocrx_word' id='word_1_620' title='bbox 394 5310 742 5375; x_wconf 62' lang='lat' dir='ltr'><strong>prmeeptum</strong></span> <span class='ocrx_word' id='word_1_621' title='bbox 821 5307 944 5375; x_wconf 86' lang='lat' dir='ltr'><strong>ejus</strong></span> <span class='ocrx_word' id='word_1_622' title='bbox 997 5306 1056 5358; x_wconf 91' lang='lat' dir='ltr'><strong>in</strong></span> <span class='ocrx_word' id='word_1_623' title='bbox 1113 5320 1322 5358; x_wconf 87' lang='lat' dir='ltr'><strong>vanum</strong></span> <span class='ocrx_word' id='word_1_624' title='bbox 1368 5306 1643 5376; x_wconf 89' lang='lat' dir='ltr'><strong>sumpsit;</strong></span> <span class='ocrx_word' id='word_1_625' title='bbox 1695 5307 1831 5376; x_wconf 91' lang='lat' dir='ltr'><strong>quia</strong></span> <span class='ocrx_word' id='word_1_626' title='bbox 1887 5307 1944 5360; x_wconf 92' lang='lat' dir='ltr'><strong>in</strong></span> 
     </span>
    </p>
   </div>
   <div class='ocr_carea' id='block_1_87' title="bbox 255 5393 1948 5466">
    <p class='ocr_par' dir='ltr' id='par_1_87' title="bbox 255 5393 1948 5466">
     <span class='ocr_line' id='line_1_87' title="bbox 255 5393 1948 5466; baseline 0.002 -20"><span class='ocrx_word' id='word_1_627' title='bbox 255 5393 443 5447; x_wconf 88' lang='lat' dir='ltr'><strong>Exodo</strong></span> <span class='ocrx_word' id='word_1_628' title='bbox 475 5396 746 5465; x_wconf 88' lang='lat' dir='ltr'><strong>scriptum</strong></span> <span class='ocrx_word' id='word_1_629' title='bbox 779 5400 864 5450; x_wconf 89' lang='lat' dir='ltr'><strong>est</strong></span> <span class='ocrx_word' id='word_1_630' title='bbox 897 5412 909 5450; x_wconf 93' lang='lat'>:</span> <span class='ocrx_word' id='word_1_631' title='bbox 943 5396 1136 5466; x_wconf 88' lang='lat' dir='ltr'><strong>Neque</strong></span> <span class='ocrx_word' id='word_1_632' title='bbox 1166 5393 1321 5448; x_wconf 91' lang='lat' dir='ltr'><strong>enim</strong></span> <span class='ocrx_word' id='word_1_633' title='bbox 1364 5394 1649 5449; x_wconf 89' lang='lat' dir='ltr'><strong>insontem</strong></span> <span class='ocrx_word' id='word_1_634' title='bbox 1712 5396 1948 5450; x_wconf 87' lang='lat' dir='ltr'><strong>habebit</strong></span> 
     </span>
    </p>
   </div>
   <div class='ocr_carea' id='block_1_88' title="bbox 257 5481 1946 5555">
    <p class='ocr_par' dir='ltr' id='par_1_88' title="bbox 257 5481 1946 5555">
     <span class='ocr_line' id='line_1_88' title="bbox 257 5481 1946 5555; baseline 0.003 -21"><span class='ocrx_word' id='word_1_635' title='bbox 257 5481 534 5536; x_wconf 91' lang='lat' dir='ltr'><strong>Dominus</strong></span> <span class='ocrx_word' id='word_1_636' title='bbox 561 5499 692 5538; x_wconf 89' lang='lat' dir='ltr'><strong>eum</strong></span> <span class='ocrx_word' id='word_1_637' title='bbox 724 5483 825 5555; x_wconf 89' lang='lat' dir='ltr'><strong>qui</strong></span> <span class='ocrx_word' id='word_1_638' title='bbox 886 5484 1257 5554; x_wconf 89' lang='lat' dir='ltr'><strong>assumpserit</strong></span> <span class='ocrx_word' id='word_1_639' title='bbox 1315 5499 1526 5538; x_wconf 91' lang='lat' dir='ltr'><strong>nomen</strong></span> <span class='ocrx_word' id='word_1_640' title='bbox 1583 5483 1681 5538; x_wconf 88' lang='lat' dir='ltr'><strong>Dei</strong></span> <span class='ocrx_word' id='word_1_641' title='bbox 1737 5484 1824 5538; x_wconf 89' lang='lat' dir='ltr'><strong>sui</strong></span> <span class='ocrx_word' id='word_1_642' title='bbox 1885 5485 1946 5539; x_wconf 88' lang='lat' dir='ltr'><strong>in</strong></span> 
     </span>
    </p>
   </div>
   <div class='ocr_carea' id='block_1_89' title="bbox 253 5571 1945 5644">
    <p class='ocr_par' dir='ltr' id='par_1_89' title="bbox 253 5571 1945 5644">
     <span class='ocr_line' id='line_1_89' title="bbox 253 5571 1945 5644; baseline 0.005 -24"><span class='ocrx_word' id='word_1_643' title='bbox 253 5585 497 5638; x_wconf 88' lang='lat' dir='ltr'><strong>vanum;</strong></span> <span class='ocrx_word' id='word_1_644' title='bbox 530 5576 586 5626; x_wconf 89' lang='lat' dir='ltr'><strong>et</strong></span> <span class='ocrx_word' id='word_1_645' title='bbox 615 5571 676 5626; x_wconf 92' lang='lat' dir='ltr'><strong>in</strong></span> <span class='ocrx_word' id='word_1_646' title='bbox 724 5571 970 5627; x_wconf 87' lang='lat' dir='ltr'><strong>Levitico</strong></span> <span class='ocrx_word' id='word_1_647' title='bbox 1004 5572 1168 5627; x_wconf 89' lang='lat' dir='ltr'><strong>:Non</strong></span> <span class='ocrx_word' id='word_1_648' title='bbox 1215 5572 1535 5644; x_wconf 86' lang='lat' dir='ltr'><strong>perjurabis</strong></span> <span class='ocrx_word' id='word_1_649' title='bbox 1591 5573 1652 5628; x_wconf 91' lang='lat' dir='ltr'><strong>in</strong></span> <span class='ocrx_word' id='word_1_650' title='bbox 1707 5573 1945 5629; x_wconf 88' lang='lat' dir='ltr'><strong>nomine</strong></span> 
     </span>
    </p>
   </div>
   <div class='ocr_carea' id='block_1_90' title="bbox 2057 3093 3758 3165">
    <p class='ocr_par' dir='ltr' id='par_1_90' title="bbox 2057 3093 3758 3165">
     <span class='ocr_line' id='line_1_90' title="bbox 2057 3093 3758 3165; baseline -0.001 -15"><span class='ocrx_word' id='word_1_651' title='bbox 2057 3095 2332 3150; x_wconf 86' lang='lat' dir='ltr'><strong>catholica</strong></span> <span class='ocrx_word' id='word_1_652' title='bbox 2363 3101 2418 3150; x_wconf 90' lang='lat' dir='ltr'><strong>et</strong></span> <span class='ocrx_word' id='word_1_653' title='bbox 2448 3095 2646 3162; x_wconf 91' lang='lat' dir='ltr'><strong>nescit,</strong></span> <span class='ocrx_word' id='word_1_654' title='bbox 2698 3095 2766 3147; x_wconf 83' lang='grc'>40</span> <span class='ocrx_word' id='word_1_655' title='bbox 2795 3093 2917 3148; x_wconf 90' lang='lat' dir='ltr'><strong>dies</strong></span> <span class='ocrx_word' id='word_1_656' title='bbox 2950 3093 3251 3162; x_wconf 89' lang='lat' dir='ltr'><strong>poeniteat;</strong></span> <span class='ocrx_word' id='word_1_657' title='bbox 3303 3094 3369 3162; x_wconf 92' lang='lat' dir='ltr'><strong>si,</strong></span> <span class='ocrx_word' id='word_1_658' title='bbox 3429 3111 3535 3165; x_wconf 90' lang='lat' dir='ltr'><strong>pro</strong></span> <span class='ocrx_word' id='word_1_659' title='bbox 3604 3111 3758 3148; x_wconf 87' lang='lat' dir='ltr'><strong>reve-</strong></span> 
     </span>
    </p>
   </div>
   <div class='ocr_carea' id='block_1_91' title="bbox 2055 3182 3757 3255">
    <p class='ocr_par' dir='ltr' id='par_1_91' title="bbox 2055 3182 3757 3255">
     <span class='ocr_line' id='line_1_91' title="bbox 2055 3182 3757 3255; baseline -0.001 -17"><span class='ocrx_word' id='word_1_660' title='bbox 2055 3185 2238 3239; x_wconf 92' lang='lat' dir='ltr'><strong>rentia</strong></span> <span class='ocrx_word' id='word_1_661' title='bbox 2266 3185 2411 3255; x_wconf 87' lang='lat' dir='ltr'><strong>ejus,</strong></span> <span class='ocrx_word' id='word_1_662' title='bbox 2446 3200 2660 3238; x_wconf 89' lang='lat' dir='ltr'><strong>annum</strong></span> <span class='ocrx_word' id='word_1_663' title='bbox 2686 3183 2977 3253; x_wconf 88' lang='lat' dir='ltr'><strong>integrum</strong></span> <span class='ocrx_word' id='word_1_664' title='bbox 3008 3182 3311 3251; x_wconf 68' lang='lat' dir='ltr'><strong>poeniteat:</strong></span> <span class='ocrx_word' id='word_1_665' title='bbox 3369 3183 3413 3237; x_wconf 88' lang='lat' dir='ltr'><strong>si</strong></span> <span class='ocrx_word' id='word_1_666' title='bbox 3455 3199 3558 3254; x_wconf 91' lang='lat' dir='ltr'><strong>pro</strong></span> <span class='ocrx_word' id='word_1_667' title='bbox 3589 3183 3757 3237; x_wconf 89' lang='lat' dir='ltr'><strong>dam-</strong></span> 
     </span>
    </p>
   </div>
   <div class='ocr_carea' id='block_1_92' title="bbox 2056 3270 3757 3327">
    <p class='ocr_par' dir='ltr' id='par_1_92' title="bbox 2056 3270 3757 3327">
     <span class='ocr_line' id='line_1_92' title="bbox 2056 3270 3757 3327; baseline 0 -1"><span class='ocrx_word' id='word_1_668' title='bbox 2056 3274 2285 3326; x_wconf 89' lang='lat' dir='ltr'><strong>natione</strong></span> <span class='ocrx_word' id='word_1_669' title='bbox 2314 3273 2574 3327; x_wconf 65' lang='lat' dir='ltr'><strong>Ecclesiaa</strong></span> <span class='ocrx_word' id='word_1_670' title='bbox 2621 3270 2916 3326; x_wconf 60' lang='lat' dir='ltr'><strong>catholicae</strong></span> <span class='ocrx_word' id='word_1_671' title='bbox 2965 3275 3019 3323; x_wconf 91' lang='lat' dir='ltr'><strong>et</strong></span> <span class='ocrx_word' id='word_1_672' title='bbox 3067 3272 3482 3326; x_wconf 88' lang='lat' dir='ltr'><strong>consuetudine</strong></span> <span class='ocrx_word' id='word_1_673' title='bbox 3544 3272 3757 3326; x_wconf 81' lang='lat' dir='ltr'><strong>Roma-</strong></span> 
     </span>
    </p>
   </div>
   <div class='ocr_carea' id='block_1_93' title="bbox 2055 3356 3751 3433">
    <p class='ocr_par' dir='ltr' id='par_1_93' title="bbox 2055 3356 3751 3433">
     <span class='ocr_line' id='line_1_93' title="bbox 2055 3356 3751 3433; baseline -0.002 -17"><span class='ocrx_word' id='word_1_674' title='bbox 2055 3378 2285 3416; x_wconf 89' lang='lat' dir='ltr'><strong>norum.</strong></span> <span class='ocrx_word' id='word_1_675' title='bbox 2317 3362 2652 3433; x_wconf 88' lang='lat' dir='ltr'><strong>projiciatur</strong></span> <span class='ocrx_word' id='word_1_676' title='bbox 2682 3360 2751 3414; x_wconf 89' lang='lat' dir='ltr'><strong>ab</strong></span> <span class='ocrx_word' id='word_1_677' title='bbox 2778 3356 3018 3414; x_wconf 85' lang='lat' dir='ltr'><strong>Ecclesia</strong></span> <span class='ocrx_word' id='word_1_678' title='bbox 3049 3358 3194 3413; x_wconf 88' lang='lat' dir='ltr'><strong>sicut</strong></span> <span class='ocrx_word' id='word_1_679' title='bbox 3237 3361 3560 3424; x_wconf 70' lang='lat' dir='ltr'><strong>haereticus,</strong></span> <span class='ocrx_word' id='word_1_680' title='bbox 3612 3359 3751 3425; x_wconf 87' lang='lat' dir='ltr'><strong>nisi,</strong></span> 
     </span>
    </p>
   </div>
   <div class='ocr_carea' id='block_1_94' title="bbox 2053 3447 3755 3520">
    <p class='ocr_par' dir='ltr' id='par_1_94' title="bbox 2053 3447 3755 3520">
     <span class='ocr_line' id='line_1_94' title="bbox 2053 3447 3755 3520; baseline -0.002 -17"><span class='ocrx_word' id='word_1_681' title='bbox 2053 3449 2259 3503; x_wconf 88' lang='lat' dir='ltr'><strong>habeat</strong></span> <span class='ocrx_word' id='word_1_682' title='bbox 2281 3449 2698 3520; x_wconf 74' lang='lat' dir='ltr'><strong>pmnitentiam.</strong></span> <span class='ocrx_word' id='word_1_683' title='bbox 2733 3448 2790 3502; x_wconf 90' lang='lat' dir='ltr'><strong>Si</strong></span> <span class='ocrx_word' id='word_1_684' title='bbox 2835 3447 3127 3500; x_wconf 88' lang='lat' dir='ltr'><strong>recesserit</strong></span> <span class='ocrx_word' id='word_1_685' title='bbox 3156 3448 3226 3502; x_wconf 89' lang='lat' dir='ltr'><strong>ab</strong></span> <span class='ocrx_word' id='word_1_686' title='bbox 3271 3448 3516 3502; x_wconf 91' lang='lat' dir='ltr'><strong>Ecclesia</strong></span> <span class='ocrx_word' id='word_1_687' title='bbox 3555 3447 3755 3501; x_wconf 92' lang='lat' dir='ltr'><strong>catho-</strong></span> 
     </span>
    </p>
   </div>
   <div class='ocr_carea' id='block_1_95' title="bbox 2055 3535 3752 3608">
    <p class='ocr_par' dir='ltr' id='par_1_95' title="bbox 2055 3535 3752 3608">
     <span class='ocr_line' id='line_1_95' title="bbox 2055 3535 3752 3608; baseline -0.001 -18"><span class='ocrx_word' id='word_1_688' title='bbox 2055 3537 2161 3591; x_wconf 88' lang='lat' dir='ltr'><strong>lica</strong></span> <span class='ocrx_word' id='word_1_689' title='bbox 2189 3537 2247 3591; x_wconf 93' lang='lat' dir='ltr'><strong>in</strong></span> <span class='ocrx_word' id='word_1_690' title='bbox 2280 3538 2785 3608; x_wconf 83' lang='lat' dir='ltr'><strong>congregationem</strong></span> <span class='ocrx_word' id='word_1_691' title='bbox 2809 3535 3227 3596; x_wconf 71' lang='lat' dir='ltr'><strong>haereticorum,</strong></span> <span class='ocrx_word' id='word_1_692' title='bbox 3262 3541 3318 3590; x_wconf 91' lang='lat' dir='ltr'><strong>et</strong></span> <span class='ocrx_word' id='word_1_693' title='bbox 3350 3536 3490 3590; x_wconf 89' lang='lat' dir='ltr'><strong>alios</strong></span> <span class='ocrx_word' id='word_1_694' title='bbox 3511 3551 3752 3606; x_wconf 87' lang='lat' dir='ltr'><strong>persua-</strong></span> 
     </span>
    </p>
   </div>
   <div class='ocr_carea' id='block_1_96' title="bbox 2056 3623 3754 3697">
    <p class='ocr_par' dir='ltr' id='par_1_96' title="bbox 2056 3623 3754 3697">
     <span class='ocr_line' id='line_1_96' title="bbox 2056 3623 3754 3697; baseline -0.001 -19"><span class='ocrx_word' id='word_1_695' title='bbox 2056 3626 2212 3689; x_wconf 90' lang='lat' dir='ltr'><strong>serit,</strong></span> <span class='ocrx_word' id='word_1_696' title='bbox 2246 3631 2445 3697; x_wconf 88' lang='lat' dir='ltr'><strong>postca</strong></span> <span class='ocrx_word' id='word_1_697' title='bbox 2476 3625 2872 3696; x_wconf 83' lang='lat' dir='ltr'><strong>pcenitentiam</strong></span> <span class='ocrx_word' id='word_1_698' title='bbox 2895 3623 3097 3693; x_wconf 89' lang='lat' dir='ltr'><strong>egerit,</strong></span> <span class='ocrx_word' id='word_1_699' title='bbox 3136 3627 3199 3679; x_wconf 74' lang='lat'><strong>12</strong></span> <span class='ocrx_word' id='word_1_700' title='bbox 3224 3641 3403 3678; x_wconf 87' lang='lat' dir='ltr'><strong>annos</strong></span> <span class='ocrx_word' id='word_1_701' title='bbox 3455 3624 3754 3696; x_wconf 76' lang='lat' dir='ltr'><strong>poeniteat,</strong></span> 
     </span>
    </p>
   </div>
   <div class='ocr_carea' id='block_1_97' title="bbox 2055 3713 3758 3783">
    <p class='ocr_par' dir='ltr' id='par_1_97' title="bbox 2055 3713 3758 3783">
     <span class='ocr_line' id='line_1_97' title="bbox 2055 3713 3758 3783; baseline -0.003 -13"><span class='ocrx_word' id='word_1_702' title='bbox 2055 3717 2290 3770; x_wconf 89' lang='lat' dir='ltr'><strong>3annos</strong></span> <span class='ocrx_word' id='word_1_703' title='bbox 2342 3720 2501 3770; x_wconf 88' lang='lat' dir='ltr'><strong>extra</strong></span> <span class='ocrx_word' id='word_1_704' title='bbox 2551 3715 2870 3783; x_wconf 88' lang='lat' dir='ltr'><strong>ecclesiam,</strong></span> <span class='ocrx_word' id='word_1_705' title='bbox 2902 3719 2958 3767; x_wconf 91' lang='lat' dir='ltr'><strong>et</strong></span> <span class='ocrx_word' id='word_1_706' title='bbox 3011 3713 3042 3763; x_wconf 88' lang='grc'>6</span> <span class='ocrx_word' id='word_1_707' title='bbox 3116 3714 3265 3768; x_wconf 90' lang='lat' dir='ltr'><strong>inter</strong></span> <span class='ocrx_word' id='word_1_708' title='bbox 3321 3713 3640 3779; x_wconf 89' lang='lat' dir='ltr'><strong>audientes,</strong></span> <span class='ocrx_word' id='word_1_709' title='bbox 3697 3719 3758 3766; x_wconf 91' lang='lat' dir='ltr'><strong>et</strong></span> 
     </span>
    </p>
   </div>
   <div class='ocr_carea' id='block_1_98' title="bbox 2054 3801 3755 3869">
    <p class='ocr_par' dir='ltr' id='par_1_98' title="bbox 2054 3801 3755 3869">
     <span class='ocr_line' id='line_1_98' title="bbox 2054 3801 3755 3869; baseline -0.002 -13"><span class='ocrx_word' id='word_1_710' title='bbox 2054 3803 2196 3857; x_wconf 90' lang='lat' dir='ltr'><strong>duos</strong></span> <span class='ocrx_word' id='word_1_711' title='bbox 2229 3804 2414 3858; x_wconf 89' lang='lat' dir='ltr'><strong>adhuc</strong></span> <span class='ocrx_word' id='word_1_712' title='bbox 2444 3809 2602 3857; x_wconf 88' lang='lat' dir='ltr'><strong>extra</strong></span> <span class='ocrx_word' id='word_1_713' title='bbox 2627 3804 3112 3859; x_wconf 91' lang='lat' dir='ltr'><strong>communionem.</strong></span> <span class='ocrx_word' id='word_1_714' title='bbox 3150 3805 3224 3857; x_wconf 93' lang='lat' dir='ltr'><strong>De</strong></span> <span class='ocrx_word' id='word_1_715' title='bbox 3256 3801 3364 3869; x_wconf 90' lang='lat' dir='ltr'><strong>his,</strong></span> <span class='ocrx_word' id='word_1_716' title='bbox 3411 3801 3472 3854; x_wconf 93' lang='lat' dir='ltr'><strong>in</strong></span> <span class='ocrx_word' id='word_1_717' title='bbox 3533 3816 3755 3854; x_wconf 89' lang='lat' dir='ltr'><strong>canone</strong></span> 
     </span>
    </p>
   </div>
   <div class='ocr_carea' id='block_1_99' title="bbox 2054 3888 3753 3960">
    <p class='ocr_par' dir='ltr' id='par_1_99' title="bbox 2054 3888 3753 3960">
     <span class='ocr_line' id='line_1_99' title="bbox 2054 3888 3753 3960; baseline -0.002 -14"><span class='ocrx_word' id='word_1_718' title='bbox 2054 3891 2279 3960; x_wconf 91' lang='lat' dir='ltr'><strong>dicitur,</strong></span> <span class='ocrx_word' id='word_1_719' title='bbox 2331 3898 2392 3947; x_wconf 93' lang='lat' dir='ltr'><strong>ut</strong></span> <span class='ocrx_word' id='word_1_720' title='bbox 2449 3891 2669 3946; x_wconf 91' lang='lat' dir='ltr'><strong>decimo</strong></span> <span class='ocrx_word' id='word_1_721' title='bbox 2718 3909 2870 3946; x_wconf 90' lang='lat' dir='ltr'><strong>anno</strong></span> <span class='ocrx_word' id='word_1_722' title='bbox 2915 3892 3382 3947; x_wconf 89' lang='lat' dir='ltr'><strong>communionem</strong></span> <span class='ocrx_word' id='word_1_723' title='bbox 3442 3889 3562 3943; x_wconf 90' lang='lat' dir='ltr'><strong>sine</strong></span> <span class='ocrx_word' id='word_1_724' title='bbox 3593 3888 3753 3942; x_wconf 89' lang='lat' dir='ltr'><strong>obla-</strong></span> 
     </span>
    </p>
   </div>
   <div class='ocr_carea' id='block_1_100' title="bbox 2053 3976 3754 4052">
    <p class='ocr_par' dir='ltr' id='par_1_100' title="bbox 2053 3976 3754 4052">
     <span class='ocr_line' id='line_1_100' title="bbox 2053 3976 3754 4052; baseline -0.002 -18"><span class='ocrx_word' id='word_1_725' title='bbox 2053 3980 2206 4035; x_wconf 90' lang='lat' dir='ltr'><strong>tione</strong></span> <span class='ocrx_word' id='word_1_726' title='bbox 2246 3981 2543 4050; x_wconf 88' lang='lat' dir='ltr'><strong>recipiant.</strong></span> <span class='ocrx_word' id='word_1_727' title='bbox 2596 3979 2652 4034; x_wconf 92' lang='lat' dir='ltr'><strong>Si</strong></span> <span class='ocrx_word' id='word_1_728' title='bbox 2704 3981 3031 4052; x_wconf 87' lang='lat' dir='ltr'><strong>episeopus,</strong></span> <span class='ocrx_word' id='word_1_729' title='bbox 3095 3985 3192 4034; x_wconf 87' lang='lat' dir='ltr'><strong>aut</strong></span> <span class='ocrx_word' id='word_1_730' title='bbox 3242 3978 3416 4032; x_wconf 88' lang='lat' dir='ltr'><strong>abbas</strong></span> <span class='ocrx_word' id='word_1_731' title='bbox 3467 3976 3754 4032; x_wconf 91' lang='lat' dir='ltr'><strong>monacho</strong></span> 
     </span>
    </p>
   </div>
   <div class='ocr_carea' id='block_1_101' title="bbox 2055 4065 3746 4140">
    <p class='ocr_par' dir='ltr' id='par_1_101' title="bbox 2055 4065 3746 4140">
     <span class='ocr_line' id='line_1_101' title="bbox 2055 4065 3746 4140; baseline -0.004 -17"><span class='ocrx_word' id='word_1_732' title='bbox 2055 4086 2157 4124; x_wconf 89' lang='lat' dir='ltr'><strong>suo</strong></span> <span class='ocrx_word' id='word_1_733' title='bbox 2181 4070 2348 4140; x_wconf 83' lang='lat' dir='ltr'><strong>jubet</strong></span> <span class='ocrx_word' id='word_1_734' title='bbox 2388 4075 2443 4124; x_wconf 85' lang='lat' dir='ltr'><strong>et</strong></span> <span class='ocrx_word' id='word_1_735' title='bbox 2479 4086 2584 4140; x_wconf 90' lang='lat' dir='ltr'><strong>pro</strong></span> <span class='ocrx_word' id='word_1_736' title='bbox 2636 4069 2920 4124; x_wconf 60' lang='lat' dir='ltr'><strong>haereticis</strong></span> <span class='ocrx_word' id='word_1_737' title='bbox 2978 4069 3222 4124; x_wconf 90' lang='lat' dir='ltr'><strong>mortuis</strong></span> <span class='ocrx_word' id='word_1_738' title='bbox 3279 4067 3482 4121; x_wconf 88' lang='lat' dir='ltr'><strong>missas</strong></span> <span class='ocrx_word' id='word_1_739' title='bbox 3540 4065 3746 4129; x_wconf 87' lang='lat' dir='ltr'><strong>facere,</strong></span> 
     </span>
    </p>
   </div>
   <div class='ocr_carea' id='block_1_102' title="bbox 2054 4155 3752 4228">
    <p class='ocr_par' dir='ltr' id='par_1_102' title="bbox 2054 4155 3752 4228">
     <span class='ocr_line' id='line_1_102' title="bbox 2054 4155 3752 4228; baseline -0.003 -16"><span class='ocrx_word' id='word_1_740' title='bbox 2054 4175 2169 4212; x_wconf 91' lang='lat' dir='ltr'><strong>non</strong></span> <span class='ocrx_word' id='word_1_741' title='bbox 2202 4159 2332 4212; x_wconf 90' lang='lat' dir='ltr'><strong>licet</strong></span> <span class='ocrx_word' id='word_1_742' title='bbox 2389 4163 2446 4211; x_wconf 91' lang='lat' dir='ltr'><strong>et</strong></span> <span class='ocrx_word' id='word_1_743' title='bbox 2501 4174 2618 4211; x_wconf 92' lang='lat' dir='ltr'><strong>non</strong></span> <span class='ocrx_word' id='word_1_744' title='bbox 2667 4160 2897 4228; x_wconf 90' lang='lat' dir='ltr'><strong>expedit</strong></span> <span class='ocrx_word' id='word_1_745' title='bbox 2927 4159 3158 4214; x_wconf 91' lang='lat' dir='ltr'><strong>obedire</strong></span> <span class='ocrx_word' id='word_1_746' title='bbox 3189 4158 3289 4211; x_wconf 91' lang='lat' dir='ltr'><strong>eis.</strong></span> <span class='ocrx_word' id='word_1_747' title='bbox 3327 4156 3386 4210; x_wconf 92' lang='lat' dir='ltr'><strong>Si</strong></span> <span class='ocrx_word' id='word_1_748' title='bbox 3416 4155 3752 4226; x_wconf 86' lang='lat' dir='ltr'><strong>presbytero</strong></span> 
     </span>
    </p>
   </div>
   <div class='ocr_carea' id='block_1_103' title="bbox 1987 4242 3754 4338">
    <p class='ocr_par' dir='ltr' id='par_1_103' title="bbox 1987 4242 3754 4338">
     <span class='ocr_line' id='line_1_103' title="bbox 1987 4242 3754 4338; baseline -0.004 -37"><span class='ocrx_word' id='word_1_749' title='bbox 1987 4285 2027 4338; x_wconf 65' lang='grc' dir='ltr'><strong>Β</strong></span> <span class='ocrx_word' id='word_1_750' title='bbox 2058 4247 2361 4317; x_wconf 90' lang='lat' dir='ltr'><strong>contigerit</strong></span> <span class='ocrx_word' id='word_1_751' title='bbox 2383 4247 2483 4301; x_wconf 92' lang='lat' dir='ltr'><strong>ubi</strong></span> <span class='ocrx_word' id='word_1_752' title='bbox 2525 4247 2754 4300; x_wconf 88' lang='lat' dir='ltr'><strong>missam</strong></span> <span class='ocrx_word' id='word_1_753' title='bbox 2795 4248 3127 4313; x_wconf 79' lang='lat' dir='ltr'><strong>cantavcrit,</strong></span> <span class='ocrx_word' id='word_1_754' title='bbox 3177 4251 3236 4299; x_wconf 90' lang='lat' dir='ltr'><strong>et</strong></span> <span class='ocrx_word' id='word_1_755' title='bbox 3273 4245 3417 4298; x_wconf 87' lang='lat' dir='ltr'><strong>alius</strong></span> <span class='ocrx_word' id='word_1_756' title='bbox 3473 4242 3754 4296; x_wconf 87' lang='lat' dir='ltr'><strong>recitave-</strong></span> 
     </span>
    </p>
   </div>
   <div class='ocr_carea' id='block_1_104' title="bbox 2060 4331 3754 4401">
    <p class='ocr_par' dir='ltr' id='par_1_104' title="bbox 2060 4331 3754 4401">
     <span class='ocr_line' id='line_1_104' title="bbox 2060 4331 3754 4401; baseline -0.004 -11"><span class='ocrx_word' id='word_1_757' title='bbox 2060 4337 2136 4390; x_wconf 90' lang='lat' dir='ltr'><strong>rit</strong></span> <span class='ocrx_word' id='word_1_758' title='bbox 2159 4336 2391 4390; x_wconf 90' lang='lat' dir='ltr'><strong>nomina</strong></span> <span class='ocrx_word' id='word_1_759' title='bbox 2423 4341 2808 4401; x_wconf 85' lang='lat' dir='ltr'><strong>mortuorum,</strong></span> <span class='ocrx_word' id='word_1_760' title='bbox 2839 4341 2897 4390; x_wconf 92' lang='lat' dir='ltr'><strong>et</strong></span> <span class='ocrx_word' id='word_1_761' title='bbox 2923 4336 2968 4391; x_wconf 92' lang='lat' dir='ltr'><strong>si</strong></span> <span class='ocrx_word' id='word_1_762' title='bbox 2997 4335 3169 4390; x_wconf 91' lang='lat' dir='ltr'><strong>simul</strong></span> <span class='ocrx_word' id='word_1_763' title='bbox 3200 4331 3580 4388; x_wconf 86' lang='lat' dir='ltr'><strong>nominaverit</strong></span> <span class='ocrx_word' id='word_1_764' title='bbox 3633 4331 3754 4384; x_wconf 63' lang='lat' dir='ltr'><strong>hae-</strong></span> 
     </span>
    </p>
   </div>
   <div class='ocr_carea' id='block_1_105' title="bbox 2059 4418 3751 4494">
    <p class='ocr_par' dir='ltr' id='par_1_105' title="bbox 2059 4418 3751 4494">
     <span class='ocr_line' id='line_1_105' title="bbox 2059 4418 3751 4494; baseline -0.004 -16"><span class='ocrx_word' id='word_1_765' title='bbox 2059 4425 2260 4479; x_wconf 90' lang='lat' dir='ltr'><strong>reticos</strong></span> <span class='ocrx_word' id='word_1_766' title='bbox 2292 4440 2418 4478; x_wconf 90' lang='lat' dir='ltr'><strong>cum</strong></span> <span class='ocrx_word' id='word_1_767' title='bbox 2451 4423 2762 4489; x_wconf 88' lang='lat' dir='ltr'><strong>catholicis,</strong></span> <span class='ocrx_word' id='word_1_768' title='bbox 2798 4425 2843 4478; x_wconf 92' lang='lat' dir='ltr'><strong>si</strong></span> <span class='ocrx_word' id='word_1_769' title='bbox 2895 4429 3024 4494; x_wconf 92' lang='lat' dir='ltr'><strong>post</strong></span> <span class='ocrx_word' id='word_1_770' title='bbox 3092 4423 3324 4478; x_wconf 88' lang='lat' dir='ltr'><strong>missam</strong></span> <span class='ocrx_word' id='word_1_771' title='bbox 3383 4418 3751 4484; x_wconf 87' lang='lat' dir='ltr'><strong>intellexerit,</strong></span> 
     </span>
    </p>
   </div>
   <div class='ocr_carea' id='block_1_106' title="bbox 2057 4509 3752 4582">
    <p class='ocr_par' dir='ltr' id='par_1_106' title="bbox 2057 4509 3752 4582">
     <span class='ocr_line' id='line_1_106' title="bbox 2057 4509 3752 4582; baseline -0.004 -16"><span class='ocrx_word' id='word_1_772' title='bbox 2057 4513 2474 4567; x_wconf 89' lang='lat' dir='ltr'><strong>hebdomadam</strong></span> <span class='ocrx_word' id='word_1_773' title='bbox 2516 4512 2807 4581; x_wconf 80' lang='lat' dir='ltr'><strong>pceniteat.</strong></span> <span class='ocrx_word' id='word_1_774' title='bbox 2841 4513 2898 4566; x_wconf 93' lang='lat' dir='ltr'><strong>Si</strong></span> <span class='ocrx_word' id='word_1_775' title='bbox 2952 4515 3328 4582; x_wconf 85' lang='lat' dir='ltr'><strong>exsequenter</strong></span> <span class='ocrx_word' id='word_1_776' title='bbox 3375 4509 3593 4574; x_wconf 87' lang='lat' dir='ltr'><strong>fecerit,</strong></span> <span class='ocrx_word' id='word_1_777' title='bbox 3645 4523 3752 4560; x_wconf 90' lang='lat' dir='ltr'><strong>an-</strong></span> 
     </span>
    </p>
   </div>
   <div class='ocr_carea' id='block_1_107' title="bbox 2059 4595 3754 4672">
    <p class='ocr_par' dir='ltr' id='par_1_107' title="bbox 2059 4595 3754 4672">
     <span class='ocr_line' id='line_1_107' title="bbox 2059 4595 3754 4672; baseline -0.004 -17"><span class='ocrx_word' id='word_1_778' title='bbox 2059 4617 2198 4655; x_wconf 90' lang='lat' dir='ltr'><strong>num</strong></span> <span class='ocrx_word' id='word_1_779' title='bbox 2219 4601 2508 4672; x_wconf 86' lang='lat' dir='ltr'><strong>integrum</strong></span> <span class='ocrx_word' id='word_1_780' title='bbox 2540 4599 2832 4670; x_wconf 75' lang='lat' dir='ltr'><strong>poeniteat.</strong></span> <span class='ocrx_word' id='word_1_781' title='bbox 2865 4600 2920 4655; x_wconf 93' lang='lat' dir='ltr'><strong>Si</strong></span> <span class='ocrx_word' id='word_1_782' title='bbox 2944 4600 3072 4671; x_wconf 91' lang='lat' dir='ltr'><strong>quis</strong></span> <span class='ocrx_word' id='word_1_783' title='bbox 3112 4615 3217 4670; x_wconf 90' lang='lat' dir='ltr'><strong>pro</strong></span> <span class='ocrx_word' id='word_1_784' title='bbox 3249 4603 3431 4652; x_wconf 89' lang='lat' dir='ltr'><strong>morte</strong></span> <span class='ocrx_word' id='word_1_785' title='bbox 3498 4595 3754 4650; x_wconf 66' lang='lat' dir='ltr'><strong>hmretici</strong></span> 
     </span>
    </p>
   </div>
   <div class='ocr_carea' id='block_1_108' title="bbox 2058 4684 3754 4759">
    <p class='ocr_par' dir='ltr' id='par_1_108' title="bbox 2058 4684 3754 4759">
     <span class='ocr_line' id='line_1_108' title="bbox 2058 4684 3754 4759; baseline -0.005 -16"><span class='ocrx_word' id='word_1_786' title='bbox 2058 4689 2292 4743; x_wconf 90' lang='lat' dir='ltr'><strong>missam</strong></span> <span class='ocrx_word' id='word_1_787' title='bbox 2326 4689 2692 4756; x_wconf 89' lang='lat' dir='ltr'><strong>ordinaverit,</strong></span> <span class='ocrx_word' id='word_1_788' title='bbox 2733 4693 2790 4743; x_wconf 92' lang='lat' dir='ltr'><strong>et</strong></span> <span class='ocrx_word' id='word_1_789' title='bbox 2834 4705 2941 4759; x_wconf 89' lang='lat' dir='ltr'><strong>pro</strong></span> <span class='ocrx_word' id='word_1_790' title='bbox 2989 4687 3268 4759; x_wconf 84' lang='lat' dir='ltr'><strong>religione</strong></span> <span class='ocrx_word' id='word_1_791' title='bbox 3308 4701 3410 4739; x_wconf 90' lang='lat' dir='ltr'><strong>sua</strong></span> <span class='ocrx_word' id='word_1_792' title='bbox 3465 4684 3588 4755; x_wconf 88' lang='lat' dir='ltr'><strong>ejus</strong></span> <span class='ocrx_word' id='word_1_793' title='bbox 3620 4684 3754 4736; x_wconf 85' lang='lat' dir='ltr'><strong>reli-</strong></span> 
     </span>
    </p>
   </div>
   <div class='ocr_carea' id='block_1_109' title="bbox 2057 4771 3751 4849">
    <p class='ocr_par' dir='ltr' id='par_1_109' title="bbox 2057 4771 3751 4849">
     <span class='ocr_line' id='line_1_109' title="bbox 2057 4771 3751 4849; baseline -0.003 -18"><span class='ocrx_word' id='word_1_794' title='bbox 2057 4777 2221 4849; x_wconf 88' lang='lat' dir='ltr'><strong>quias</strong></span> <span class='ocrx_word' id='word_1_795' title='bbox 2251 4777 2330 4831; x_wconf 90' lang='lat' dir='ltr'><strong>ibi</strong></span> <span class='ocrx_word' id='word_1_796' title='bbox 2371 4778 2637 4842; x_wconf 88' lang='lat' dir='ltr'><strong>tenuerit,</strong></span> <span class='ocrx_word' id='word_1_797' title='bbox 2689 4783 2747 4831; x_wconf 90' lang='lat' dir='ltr'><strong>et</strong></span> <span class='ocrx_word' id='word_1_798' title='bbox 2790 4777 2968 4832; x_wconf 90' lang='lat' dir='ltr'><strong>nescit</strong></span> <span class='ocrx_word' id='word_1_799' title='bbox 3025 4774 3404 4831; x_wconf 76' lang='lat' dir='ltr'><strong>differentiam</strong></span> <span class='ocrx_word' id='word_1_800' title='bbox 3460 4771 3751 4826; x_wconf 65' lang='lat' dir='ltr'><strong>catholicae</strong></span> 
     </span>
    </p>
   </div>
   <div class='ocr_carea' id='block_1_110' title="bbox 2057 4861 3751 4936">
    <p class='ocr_par' dir='ltr' id='par_1_110' title="bbox 2057 4861 3751 4936">
     <span class='ocr_line' id='line_1_110' title="bbox 2057 4861 3751 4936; baseline -0.005 -15"><span class='ocrx_word' id='word_1_801' title='bbox 2057 4867 2212 4931; x_wconf 79' lang='lat' dir='ltr'><strong>fidei,</strong></span> <span class='ocrx_word' id='word_1_802' title='bbox 2247 4872 2304 4918; x_wconf 90' lang='lat' dir='ltr'><strong>et</strong></span> <span class='ocrx_word' id='word_1_803' title='bbox 2342 4870 2538 4936; x_wconf 89' lang='lat' dir='ltr'><strong>postea</strong></span> <span class='ocrx_word' id='word_1_804' title='bbox 2566 4866 2912 4920; x_wconf 87' lang='lat' dir='ltr'><strong>intellexerit</strong></span> <span class='ocrx_word' id='word_1_805' title='bbox 2941 4865 3171 4934; x_wconf 87' lang='lat' dir='ltr'><strong>penitus</strong></span> <span class='ocrx_word' id='word_1_806' title='bbox 3201 4879 3330 4935; x_wconf 72' lang='lat' dir='ltr'><strong>qua:</strong></span> <span class='ocrx_word' id='word_1_807' title='bbox 3360 4861 3563 4932; x_wconf 90' lang='lat' dir='ltr'><strong>egerit,</strong></span> <span class='ocrx_word' id='word_1_808' title='bbox 3625 4861 3751 4914; x_wconf 86' lang='lat' dir='ltr'><strong>reli-</strong></span> 
     </span>
    </p>
   </div>
   <div class='ocr_carea' id='block_1_111' title="bbox 2057 4949 3750 5024">
    <p class='ocr_par' dir='ltr' id='par_1_111' title="bbox 2057 4949 3750 5024">
     <span class='ocr_line' id='line_1_111' title="bbox 2057 4949 3750 5024; baseline -0.003 -18"><span class='ocrx_word' id='word_1_809' title='bbox 2057 4953 2220 5024; x_wconf 92' lang='lat' dir='ltr'><strong>quias</strong></span> <span class='ocrx_word' id='word_1_810' title='bbox 2247 4953 2328 5006; x_wconf 90' lang='lat' dir='ltr'><strong>ibi</strong></span> <span class='ocrx_word' id='word_1_811' title='bbox 2359 4953 2531 5007; x_wconf 89' lang='lat' dir='ltr'><strong>debet</strong></span> <span class='ocrx_word' id='word_1_812' title='bbox 2560 4952 2693 5023; x_wconf 90' lang='lat' dir='ltr'><strong>igne</strong></span> <span class='ocrx_word' id='word_1_813' title='bbox 2745 4969 3019 5021; x_wconf 89' lang='lat' dir='ltr'><strong>cremare,</strong></span> <span class='ocrx_word' id='word_1_814' title='bbox 3077 4957 3132 5006; x_wconf 91' lang='lat' dir='ltr'><strong>et</strong></span> <span class='ocrx_word' id='word_1_815' title='bbox 3179 4965 3394 5005; x_wconf 89' lang='lat' dir='ltr'><strong>annum</strong></span> <span class='ocrx_word' id='word_1_816' title='bbox 3453 4949 3750 5019; x_wconf 73' lang='lat' dir='ltr'><strong>poeniteat.</strong></span> 
     </span>
    </p>
   </div>
   <div class='ocr_carea' id='block_1_112' title="bbox 2057 5038 3750 5111">
    <p class='ocr_par' dir='ltr' id='par_1_112' title="bbox 2057 5038 3750 5111">
     <span class='ocr_line' id='line_1_112' title="bbox 2057 5038 3750 5111; baseline -0.004 -16"><span class='ocrx_word' id='word_1_817' title='bbox 2057 5041 2114 5095; x_wconf 92' lang='lat' dir='ltr'><strong>Si</strong></span> <span class='ocrx_word' id='word_1_818' title='bbox 2145 5046 2336 5096; x_wconf 90' lang='lat' dir='ltr'><strong>autem</strong></span> <span class='ocrx_word' id='word_1_819' title='bbox 2367 5043 2470 5095; x_wconf 91' lang='lat' dir='ltr'><strong>scit</strong></span> <span class='ocrx_word' id='word_1_820' title='bbox 2520 5045 2576 5094; x_wconf 89' lang='lat' dir='ltr'><strong>et</strong></span> <span class='ocrx_word' id='word_1_821' title='bbox 2615 5042 2955 5111; x_wconf 80' lang='lat' dir='ltr'><strong>neglexerit,</strong></span> <span class='ocrx_word' id='word_1_822' title='bbox 3002 5041 3234 5111; x_wconf 89' lang='lat' dir='ltr'><strong>penitus</strong></span> <span class='ocrx_word' id='word_1_823' title='bbox 3281 5043 3627 5101; x_wconf 90' lang='lat' dir='ltr'><strong>commotus,</strong></span> <span class='ocrx_word' id='word_1_824' title='bbox 3687 5038 3750 5090; x_wconf 82' lang='lat' dir='ltr'><strong>lO</strong></span> 
     </span>
    </p>
   </div>
   <div class='ocr_carea' id='block_1_113' title="bbox 2058 5124 3754 5201">
    <p class='ocr_par' dir='ltr' id='par_1_113' title="bbox 2058 5124 3754 5201">
     <span class='ocr_line' id='line_1_113' title="bbox 2058 5124 3754 5201; baseline -0.004 -17"><span class='ocrx_word' id='word_1_825' title='bbox 2058 5147 2237 5184; x_wconf 89' lang='lat' dir='ltr'><strong>annos</strong></span> <span class='ocrx_word' id='word_1_826' title='bbox 2269 5131 2556 5201; x_wconf 64' lang='lat' dir='ltr'><strong>poeniteat.</strong></span> <span class='ocrx_word' id='word_1_827' title='bbox 2595 5130 2648 5185; x_wconf 91' lang='lat' dir='ltr'><strong>Si</strong></span> <span class='ocrx_word' id='word_1_828' title='bbox 2683 5131 2810 5201; x_wconf 87' lang='lat' dir='ltr'><strong>quis</strong></span> <span class='ocrx_word' id='word_1_829' title='bbox 2840 5145 2874 5183; x_wconf 90' lang='lat' dir='ltr'><strong>a</strong></span> <span class='ocrx_word' id='word_1_830' title='bbox 2932 5130 3043 5183; x_wconf 83' lang='lat' dir='ltr'><strong>tide</strong></span> <span class='ocrx_word' id='word_1_831' title='bbox 3103 5128 3381 5182; x_wconf 87' lang='lat' dir='ltr'><strong>catholica</strong></span> <span class='ocrx_word' id='word_1_832' title='bbox 3432 5124 3754 5179; x_wconf 89' lang='lat' dir='ltr'><strong>discesserit</strong></span> 
     </span>
    </p>
   </div>
   <div class='ocr_carea' id='block_1_114' title="bbox 2057 5215 3750 5288">
    <p class='ocr_par' dir='ltr' id='par_1_114' title="bbox 2057 5215 3750 5288">
     <span class='ocr_line' id='line_1_114' title="bbox 2057 5215 3750 5288; baseline -0.004 -15"><span class='ocrx_word' id='word_1_833' title='bbox 2057 5220 2178 5273; x_wconf 90' lang='lat' dir='ltr'><strong>sine</strong></span> <span class='ocrx_word' id='word_1_834' title='bbox 2211 5221 2326 5272; x_wconf 88' lang='lat' dir='ltr'><strong>ulla</strong></span> <span class='ocrx_word' id='word_1_835' title='bbox 2357 5219 2712 5281; x_wconf 88' lang='lat' dir='ltr'><strong>necessitate,</strong></span> <span class='ocrx_word' id='word_1_836' title='bbox 2763 5223 2959 5288; x_wconf 87' lang='lat' dir='ltr'><strong>postea</strong></span> <span class='ocrx_word' id='word_1_837' title='bbox 3007 5234 3072 5271; x_wconf 90' lang='lat' dir='ltr'><strong>ex</strong></span> <span class='ocrx_word' id='word_1_838' title='bbox 3137 5222 3259 5270; x_wconf 88' lang='lat' dir='ltr'><strong>toto</strong></span> <span class='ocrx_word' id='word_1_839' title='bbox 3317 5215 3509 5268; x_wconf 85' lang='lat' dir='ltr'><strong>animo</strong></span> <span class='ocrx_word' id='word_1_840' title='bbox 3567 5215 3750 5283; x_wconf 68' lang='lat' dir='ltr'><strong>poeni-</strong></span> 
     </span>
    </p>
   </div>
   <div class='ocr_carea' id='block_1_115' title="bbox 2056 5302 3752 5377">
    <p class='ocr_par' dir='ltr' id='par_1_115' title="bbox 2056 5302 3752 5377">
     <span class='ocr_line' id='line_1_115' title="bbox 2056 5302 3752 5377; baseline -0.004 -17"><span class='ocrx_word' id='word_1_841' title='bbox 2056 5308 2296 5361; x_wconf 86' lang='lat' dir='ltr'><strong>tentiam</strong></span> <span class='ocrx_word' id='word_1_842' title='bbox 2329 5307 2628 5377; x_wconf 89' lang='lat' dir='ltr'><strong>acceperit,</strong></span> <span class='ocrx_word' id='word_1_843' title='bbox 2663 5309 2694 5361; x_wconf 91' lang='lat'>3</span> <span class='ocrx_word' id='word_1_844' title='bbox 2725 5323 2908 5360; x_wconf 89' lang='lat' dir='ltr'><strong>annos</strong></span> <span class='ocrx_word' id='word_1_845' title='bbox 2938 5311 3095 5360; x_wconf 89' lang='lat' dir='ltr'><strong>extra</strong></span> <span class='ocrx_word' id='word_1_846' title='bbox 3127 5303 3417 5358; x_wconf 88' lang='lat' dir='ltr'><strong>ecclesiam</strong></span> <span class='ocrx_word' id='word_1_847' title='bbox 3460 5302 3610 5356; x_wconf 89' lang='lat' dir='ltr'><strong>inter</strong></span> <span class='ocrx_word' id='word_1_848' title='bbox 3650 5319 3752 5354; x_wconf 89' lang='lat' dir='ltr'><strong>au-</strong></span> 
     </span>
    </p>
   </div>
   <div class='ocr_carea' id='block_1_116' title="bbox 2055 5389 3751 5466">
    <p class='ocr_par' dir='ltr' id='par_1_116' title="bbox 2055 5389 3751 5466">
     <span class='ocr_line' id='line_1_116' title="bbox 2055 5389 3751 5466; baseline -0.004 -16"><span class='ocrx_word' id='word_1_849' title='bbox 2055 5396 2294 5459; x_wconf 91' lang='lat' dir='ltr'><strong>dientes,</strong></span> <span class='ocrx_word' id='word_1_850' title='bbox 2348 5395 2511 5466; x_wconf 84' lang='lat' dir='ltr'><strong>juxta</strong></span> <span class='ocrx_word' id='word_1_851' title='bbox 2560 5396 2852 5449; x_wconf 77' lang='lat' dir='ltr'><strong>Nicaenum</strong></span> <span class='ocrx_word' id='word_1_852' title='bbox 2904 5393 3294 5458; x_wconf 79' lang='lat' dir='ltr'><strong>concilium,7</strong></span> <span class='ocrx_word' id='word_1_853' title='bbox 3353 5407 3533 5444; x_wconf 90' lang='lat' dir='ltr'><strong>annos</strong></span> <span class='ocrx_word' id='word_1_854' title='bbox 3564 5389 3626 5444; x_wconf 92' lang='lat' dir='ltr'><strong>in</strong></span> <span class='ocrx_word' id='word_1_855' title='bbox 3661 5405 3751 5443; x_wconf 90' lang='lat' dir='ltr'><strong>ec-</strong></span> 
     </span>
    </p>
   </div>
   <div class='ocr_carea' id='block_1_117' title="bbox 2056 5479 3752 5554">
    <p class='ocr_par' dir='ltr' id='par_1_117' title="bbox 2056 5479 3752 5554">
     <span class='ocr_line' id='line_1_117' title="bbox 2056 5479 3752 5554; baseline -0.004 -15"><span class='ocrx_word' id='word_1_856' title='bbox 2056 5484 2238 5539; x_wconf 88' lang='lat' dir='ltr'><strong>clesiis</strong></span> <span class='ocrx_word' id='word_1_857' title='bbox 2268 5485 2418 5538; x_wconf 89' lang='lat' dir='ltr'><strong>inter</strong></span> <span class='ocrx_word' id='word_1_858' title='bbox 2470 5487 2840 5554; x_wconf 87' lang='lat' dir='ltr'><strong>poenitentes,</strong></span> <span class='ocrx_word' id='word_1_859' title='bbox 2895 5489 2951 5538; x_wconf 94' lang='lat' dir='ltr'><strong>et</strong></span> <span class='ocrx_word' id='word_1_860' title='bbox 3001 5486 3036 5538; x_wconf 83' lang='lat'><strong>2</strong></span> <span class='ocrx_word' id='word_1_861' title='bbox 3093 5497 3276 5536; x_wconf 88' lang='lat' dir='ltr'><strong>annos</strong></span> <span class='ocrx_word' id='word_1_862' title='bbox 3325 5479 3514 5534; x_wconf 88' lang='lat' dir='ltr'><strong>adhuc</strong></span> <span class='ocrx_word' id='word_1_863' title='bbox 3591 5483 3752 5533; x_wconf 85' lang='lat' dir='ltr'><strong>extra</strong></span> 
     </span>
    </p>
   </div>
   <div class='ocr_carea' id='block_1_118' title="bbox 2055 5573 2858 5643">
    <p class='ocr_par' dir='ltr' id='par_1_118' title="bbox 2055 5573 2858 5643">
     <span class='ocr_line' id='line_1_118' title="bbox 2055 5573 2858 5643; baseline -0.002 -15"><span class='ocrx_word' id='word_1_864' title='bbox 2055 5573 2524 5629; x_wconf 89' lang='lat' dir='ltr'><strong>communionem</strong></span> <span class='ocrx_word' id='word_1_865' title='bbox 2560 5573 2858 5643; x_wconf 78' lang='lat' dir='ltr'><strong>poeniteat.</strong></span> 
     </span>
    </p>
   </div>
  </div>
