  <div class='ocr_page' id='page_1' title='image "/cluster/home/n/w/nwhite01/storage/ocr_20150623/140/umn.31951002477433x/594.png"; bbox 0 0 3950 6300; ppageno 0'>
   <div class='ocr_carea' id='block_1_1' title="bbox 259 343 390 396">
    <p class='ocr_par' dir='ltr' id='par_1_1' title="bbox 259 343 390 396">
     <span class='ocr_line' id='line_1_1' title="bbox 259 343 390 396; baseline -0.008 0"><span class='ocrx_word' id='word_1_1' title='bbox 259 343 390 396; x_wconf 82' lang='grc'>1085</span> 
     </span>
    </p>
   </div>
   <div class='ocr_carea' id='block_1_2' title="bbox 1170 336 2826 399">
    <p class='ocr_par' dir='ltr' id='par_1_2' title="bbox 1170 336 2826 399">
     <span class='ocr_line' id='line_1_2' title="bbox 1170 336 2826 399; baseline -0.002 -5"><span class='ocrx_word' id='word_1_2' title='bbox 1170 340 1624 399; x_wconf 79' lang='lat' dir='ltr'>ADELBOLDUS</span> <span class='ocrx_word' id='word_1_3' title='bbox 1653 340 1981 395; x_wconf 75' lang='lat' dir='ltr'>TRAJECT.</span> <span class='ocrx_word' id='word_1_4' title='bbox 2018 370 2059 377; x_wconf 95' lang='lat'><strong><em>—</em></strong></span> <span class='ocrx_word' id='word_1_5' title='bbox 2122 338 2401 393; x_wconf 84' lang='lat' dir='ltr'>NOTITIA</span> <span class='ocrx_word' id='word_1_6' title='bbox 2434 336 2826 392; x_wconf 82' lang='lat' dir='ltr'>HISTORICA.</span> 
     </span>
    </p>
   </div>
   <div class='ocr_carea' id='block_1_3' title="bbox 3612 338 3747 391">
    <p class='ocr_par' dir='ltr' id='par_1_3' title="bbox 3612 338 3747 391">
     <span class='ocr_line' id='line_1_3' title="bbox 3612 338 3747 391; baseline 0.015 -2"><span class='ocrx_word' id='word_1_7' title='bbox 3612 338 3747 391; x_wconf 89' lang='grc'>1086</span> 
     </span>
    </p>
   </div>
   <div class='ocr_carea' id='block_1_4' title="bbox 1681 667 2307 706">
    <p class='ocr_par' dir='ltr' id='par_1_4' title="bbox 1681 667 2307 706">
     <span class='ocr_line' id='line_1_4' title="bbox 1681 667 2307 706; baseline -0.005 0"><span class='ocrx_word' id='word_1_8' title='bbox 1681 668 1828 706; x_wconf 76' lang='lat' dir='ltr'>ANNO</span> <span class='ocrx_word' id='word_1_9' title='bbox 1867 668 2060 706; x_wconf 77' lang='lat' dir='ltr'>DOMINI</span> <span class='ocrx_word' id='word_1_10' title='bbox 2099 667 2307 706; x_wconf 62' lang='lat' dir='ltr'>XXXVII.</span> 
     </span>
    </p>
   </div>
   <div class='ocr_carea' id='block_1_5' title="bbox 1089 832 2883 1004">
    <p class='ocr_par' dir='ltr' id='par_1_5' title="bbox 1089 832 2883 1004">
     <span class='ocr_line' id='line_1_5' title="bbox 1089 832 2883 1004; baseline 0 -1"><span class='ocrx_word' id='word_1_11' title='bbox 1089 832 2883 1004; x_wconf 85' lang='lat' dir='ltr'>ADELBOLDUS</span> 
     </span>
    </p>
   </div>
   <div class='ocr_carea' id='block_1_6' title="bbox 1359 1114 2635 1181">
    <p class='ocr_par' dir='ltr' id='par_1_6' title="bbox 1359 1114 2635 1181">
     <span class='ocr_line' id='line_1_6' title="bbox 1359 1114 2635 1181; baseline -0.003 0"><span class='ocrx_word' id='word_1_12' title='bbox 1359 1115 2047 1181; x_wconf 82' lang='lat' dir='ltr'>TRAJECTENSIS</span> <span class='ocrx_word' id='word_1_13' title='bbox 2095 1114 2635 1180; x_wconf 86' lang='lat' dir='ltr'>EPISCOPUS.</span> 
     </span>
    </p>
   </div>
   <div class='ocr_carea' id='block_1_7' title="bbox 926 1424 2220 1504">
    <p class='ocr_par' dir='ltr' id='par_1_7' title="bbox 926 1424 2220 1504">
     <span class='ocr_line' id='line_1_7' title="bbox 926 1424 2220 1504; baseline -0.003 0"><span class='ocrx_word' id='word_1_14' title='bbox 926 1431 1366 1504; x_wconf 90' lang='lat' dir='ltr'>NOTITIA</span> <span class='ocrx_word' id='word_1_15' title='bbox 1442 1424 2037 1504; x_wconf 44' lang='lat' dir='ltr'>HISTORI&#39;CA</span> <span class='ocrx_word' id='word_1_16' title='bbox 2113 1428 2220 1501; x_wconf 91' lang='lat' dir='ltr'><strong>IN</strong></span> 
     </span>
    </p>
   </div>
   <div class='ocr_carea' id='block_1_8' title="bbox 2302 1428 3074 1501">
    <p class='ocr_par' dir='ltr' id='par_1_8' title="bbox 2302 1428 3074 1501">
     <span class='ocr_line' id='line_1_8' title="bbox 2302 1428 3074 1501; baseline 0 -1"><span class='ocrx_word' id='word_1_17' title='bbox 2302 1428 3074 1501; x_wconf 88' lang='lat' dir='ltr'>ADELBOLDUM.</span> 
     </span>
    </p>
   </div>
   <div class='ocr_carea' id='block_1_9' title="bbox 430 1574 3575 1649">
    <p class='ocr_par' dir='ltr' id='par_1_9' title="bbox 430 1574 3575 1649">
     <span class='ocr_line' id='line_1_9' title="bbox 430 1574 3575 1649; baseline -0.001 -18"><span class='ocrx_word' id='word_1_18' title='bbox 430 1578 616 1649; x_wconf 83' lang='lat' dir='ltr'>(Apud</span> <span class='ocrx_word' id='word_1_19' title='bbox 648 1581 711 1633; x_wconf 81' lang='grc' dir='ltr'><strong>Β.</strong></span> <span class='ocrx_word' id='word_1_20' title='bbox 747 1581 807 1633; x_wconf 89' lang='grc' dir='ltr'>Ρ.</span> <span class='ocrx_word' id='word_1_21' title='bbox 845 1580 1111 1633; x_wconf 88' lang='lat' dir='ltr'>Bernard.</span> <span class='ocrx_word' id='word_1_22' title='bbox 1148 1578 1401 1645; x_wconf 90' lang='lat' dir='ltr'>Pezium,</span> <span class='ocrx_word' id='word_1_23' title='bbox 1437 1580 1756 1632; x_wconf 77' lang='lat' dir='ltr'>Dissertatio</span> <span class='ocrx_word' id='word_1_24' title='bbox 1784 1579 2099 1644; x_wconf 77' lang='lat' dir='ltr'>insagoyica</span> <span class='ocrx_word' id='word_1_25' title='bbox 2130 1580 2190 1631; x_wconf 85' lang='lat' dir='ltr'>in</span> <span class='ocrx_word' id='word_1_26' title='bbox 2222 1581 2347 1631; x_wconf 87' lang='lat' dir='ltr'>tom.</span> <span class='ocrx_word' id='word_1_27' title='bbox 2382 1577 2462 1632; x_wconf 86' lang='grc' dir='ltr'>ΙΙΙ</span> <span class='ocrx_word' id='word_1_28' title='bbox 2494 1578 2758 1631; x_wconf 78' lang='lat' dir='ltr'>Thesauri</span> <span class='ocrx_word' id='word_1_29' title='bbox 2789 1576 2992 1631; x_wconf 85' lang='lat' dir='ltr'>Anecd.</span> <span class='ocrx_word' id='word_1_30' title='bbox 3035 1579 3259 1639; x_wconf 88' lang='lat' dir='ltr'>uoviss.,</span> <span class='ocrx_word' id='word_1_31' title='bbox 3296 1590 3426 1645; x_wconf 87' lang='lat' dir='ltr'>pag.</span> <span class='ocrx_word' id='word_1_32' title='bbox 3463 1574 3575 1644; x_wconf 83' lang='lat' dir='ltr'>In.)</span> 
     </span>
    </p>
   </div>
   <div class='ocr_carea' id='block_1_10' title="bbox 317 1803 3746 1875">
    <p class='ocr_par' dir='ltr' id='par_1_10' title="bbox 317 1803 3746 1875">
     <span class='ocr_line' id='line_1_10' title="bbox 317 1803 3746 1875; baseline 0.001 -18"><span class='ocrx_word' id='word_1_33' title='bbox 317 1803 685 1872; x_wconf 86' lang='lat' dir='ltr'>Adelboldns,</span> <span class='ocrx_word' id='word_1_34' title='bbox 717 1805 897 1859; x_wconf 85' lang='lat' dir='ltr'>nobili</span> <span class='ocrx_word' id='word_1_35' title='bbox 927 1822 1137 1875; x_wconf 80' lang='lat' dir='ltr'>genere</span> <span class='ocrx_word' id='word_1_36' title='bbox 1167 1810 1349 1874; x_wconf 88' lang='lat' dir='ltr'>ortus,</span> <span class='ocrx_word' id='word_1_37' title='bbox 1408 1804 1647 1859; x_wconf 85' lang='lat' dir='ltr'>Henrico</span> <span class='ocrx_word' id='word_1_38' title='bbox 1692 1805 1741 1859; x_wconf 88' lang='lat' dir='ltr'>ll</span> <span class='ocrx_word' id='word_1_39' title='bbox 1769 1805 1932 1875; x_wconf 90' lang='lat' dir='ltr'>imp.,</span> <span class='ocrx_word' id='word_1_40' title='bbox 1977 1809 2017 1862; x_wconf 80' lang='grc' dir='ltr'><strong>Α</strong></span> <span class='ocrx_word' id='word_1_41' title='bbox 2047 1804 2197 1874; x_wconf 86' lang='lat' dir='ltr'>apud</span> <span class='ocrx_word' id='word_1_42' title='bbox 2231 1805 2551 1861; x_wconf 83' lang='lat' dir='ltr'>Vedastinos</span> <span class='ocrx_word' id='word_1_43' title='bbox 2582 1810 2630 1859; x_wconf 87' lang='lat' dir='ltr'>et</span> <span class='ocrx_word' id='word_1_44' title='bbox 2662 1805 3026 1869; x_wconf 82' lang='lat' dir='ltr'>Amandinos,</span> <span class='ocrx_word' id='word_1_45' title='bbox 3074 1820 3179 1859; x_wconf 88' lang='lat' dir='ltr'>non</span> <span class='ocrx_word' id='word_1_46' title='bbox 3220 1807 3390 1860; x_wconf 88' lang='lat' dir='ltr'>solum</span> <span class='ocrx_word' id='word_1_47' title='bbox 3440 1807 3746 1873; x_wconf 85' lang='lat' dir='ltr'>monachos,</span> 
     </span>
    </p>
   </div>
   <div class='ocr_carea' id='block_1_11' title="bbox 247 1894 1943 1964">
    <p class='ocr_par' dir='ltr' id='par_1_11' title="bbox 247 1894 1943 1964">
     <span class='ocr_line' id='line_1_11' title="bbox 247 1894 1943 1964; baseline 0.001 -18"><span class='ocrx_word' id='word_1_48' title='bbox 247 1898 632 1962; x_wconf 85' lang='lat' dir='ltr'>cognomento</span> <span class='ocrx_word' id='word_1_49' title='bbox 664 1894 887 1961; x_wconf 86' lang='lat' dir='ltr'>Sancto,</span> <span class='ocrx_word' id='word_1_50' title='bbox 916 1911 950 1947; x_wconf 89' lang='lat' dir='ltr'>a</span> <span class='ocrx_word' id='word_1_51' title='bbox 982 1894 1232 1948; x_wconf 82' lang='lat' dir='ltr'>consiliis</span> <span class='ocrx_word' id='word_1_52' title='bbox 1260 1894 1513 1964; x_wconf 88' lang='lat' dir='ltr'>primum</span> <span class='ocrx_word' id='word_1_53' title='bbox 1564 1894 1691 1948; x_wconf 85' lang='lat' dir='ltr'>fuit.</span> <span class='ocrx_word' id='word_1_54' title='bbox 1728 1894 1943 1948; x_wconf 84' lang='lat' dir='ltr'>Deinde</span> 
     </span>
    </p>
   </div>
   <div class='ocr_carea' id='block_1_12' title="bbox 248 1982 1941 2054">
    <p class='ocr_par' dir='ltr' id='par_1_12' title="bbox 248 1982 1941 2054">
     <span class='ocr_line' id='line_1_12' title="bbox 248 1982 1941 2054; baseline 0 -19"><span class='ocrx_word' id='word_1_55' title='bbox 248 1982 495 2036; x_wconf 90' lang='lat' dir='ltr'>ludibria</span> <span class='ocrx_word' id='word_1_56' title='bbox 525 1983 771 2037; x_wconf 62' lang='lat' dir='ltr'>fortuna:</span> <span class='ocrx_word' id='word_1_57' title='bbox 801 2001 864 2037; x_wconf 91' lang='lat' dir='ltr'>ac</span> <span class='ocrx_word' id='word_1_58' title='bbox 897 1984 1097 2038; x_wconf 90' lang='lat' dir='ltr'>mundi</span> <span class='ocrx_word' id='word_1_59' title='bbox 1129 1984 1437 2037; x_wconf 89' lang='lat' dir='ltr'>vanitatem</span> <span class='ocrx_word' id='word_1_60' title='bbox 1498 1984 1649 2054; x_wconf 88' lang='lat' dir='ltr'>apud</span> <span class='ocrx_word' id='word_1_61' title='bbox 1680 1984 1941 2037; x_wconf 88' lang='lat' dir='ltr'>animum</span> 
     </span>
    </p>
   </div>
   <div class='ocr_carea' id='block_1_13' title="bbox 245 2070 1943 2143">
    <p class='ocr_par' dir='ltr' id='par_1_13' title="bbox 245 2070 1943 2143">
     <span class='ocr_line' id='line_1_13' title="bbox 245 2070 1943 2143; baseline 0.001 -19"><span class='ocrx_word' id='word_1_62' title='bbox 245 2070 393 2125; x_wconf 90' lang='lat' dir='ltr'>serio</span> <span class='ocrx_word' id='word_1_63' title='bbox 416 2077 712 2141; x_wconf 85' lang='lat' dir='ltr'>reputans,</span> <span class='ocrx_word' id='word_1_64' title='bbox 746 2072 1020 2126; x_wconf 84' lang='lat' dir='ltr'>abdicatis</span> <span class='ocrx_word' id='word_1_65' title='bbox 1064 2072 1435 2143; x_wconf 89' lang='lat' dir='ltr'>dignitatibus</span> <span class='ocrx_word' id='word_1_66' title='bbox 1465 2072 1523 2125; x_wconf 92' lang='lat' dir='ltr'>in</span> <span class='ocrx_word' id='word_1_67' title='bbox 1575 2072 1943 2125; x_wconf 87' lang='lat' dir='ltr'>Benedictino</span> 
     </span>
    </p>
   </div>
   <div class='ocr_carea' id='block_1_14' title="bbox 246 2159 1943 2230">
    <p class='ocr_par' dir='ltr' id='par_1_14' title="bbox 246 2159 1943 2230">
     <span class='ocr_line' id='line_1_14' title="bbox 246 2159 1943 2230; baseline 0.001 -18"><span class='ocrx_word' id='word_1_68' title='bbox 246 2159 591 2213; x_wconf 85' lang='lat' dir='ltr'>monasterio</span> <span class='ocrx_word' id='word_1_69' title='bbox 627 2159 892 2213; x_wconf 89' lang='lat' dir='ltr'>Lobiensi</span> <span class='ocrx_word' id='word_1_70' title='bbox 941 2162 1287 2214; x_wconf 88' lang='lat' dir='ltr'>monachum</span> <span class='ocrx_word' id='word_1_71' title='bbox 1346 2159 1648 2230; x_wconf 86' lang='lat' dir='ltr'>professus.</span> <span class='ocrx_word' id='word_1_72' title='bbox 1700 2160 1782 2213; x_wconf 90' lang='lat' dir='ltr'>Ibi</span> <span class='ocrx_word' id='word_1_73' title='bbox 1813 2176 1943 2213; x_wconf 92' lang='lat' dir='ltr'>cum</span> 
     </span>
    </p>
   </div>
   <div class='ocr_carea' id='block_1_15' title="bbox 245 2247 1943 2318">
    <p class='ocr_par' dir='ltr' id='par_1_15' title="bbox 245 2247 1943 2318">
     <span class='ocr_line' id='line_1_15' title="bbox 245 2247 1943 2318; baseline 0 -18"><span class='ocrx_word' id='word_1_74' title='bbox 245 2247 579 2317; x_wconf 82' lang='lat' dir='ltr'>aliquandiu</span> <span class='ocrx_word' id='word_1_75' title='bbox 620 2247 810 2302; x_wconf 89' lang='lat' dir='ltr'>studia</span> <span class='ocrx_word' id='word_1_76' title='bbox 838 2247 1065 2318; x_wconf 88' lang='lat' dir='ltr'>pietatis</span> <span class='ocrx_word' id='word_1_77' title='bbox 1115 2253 1171 2302; x_wconf 91' lang='lat' dir='ltr'>et</span> <span class='ocrx_word' id='word_1_78' title='bbox 1218 2248 1573 2318; x_wconf 89' lang='lat' dir='ltr'>optimarum</span> <span class='ocrx_word' id='word_1_79' title='bbox 1618 2248 1943 2301; x_wconf 88' lang='lat' dir='ltr'>litterarum</span> 
     </span>
    </p>
   </div>
   <div class='ocr_carea' id='block_1_16' title="bbox 244 2335 1944 2407">
    <p class='ocr_par' dir='ltr' id='par_1_16' title="bbox 244 2335 1944 2407">
     <span class='ocr_line' id='line_1_16' title="bbox 244 2335 1944 2407; baseline 0 -17"><span class='ocrx_word' id='word_1_80' title='bbox 244 2335 533 2401; x_wconf 83' lang='lat' dir='ltr'>coluisset,</span> <span class='ocrx_word' id='word_1_81' title='bbox 569 2336 800 2391; x_wconf 80' lang='lat' dir='ltr'>tandem</span> <span class='ocrx_word' id='word_1_82' title='bbox 835 2353 982 2390; x_wconf 90' lang='lat' dir='ltr'>anno</span> <span class='ocrx_word' id='word_1_83' title='bbox 1018 2338 1152 2391; x_wconf 92' lang='grc'>1008</span> <span class='ocrx_word' id='word_1_84' title='bbox 1190 2337 1453 2390; x_wconf 87' lang='lat' dir='ltr'>Ausfrido</span> <span class='ocrx_word' id='word_1_85' title='bbox 1499 2337 1557 2389; x_wconf 93' lang='lat' dir='ltr'>in</span> <span class='ocrx_word' id='word_1_86' title='bbox 1614 2337 1944 2407; x_wconf 83' lang='lat' dir='ltr'>episcopatu</span> 
     </span>
    </p>
   </div>
   <div class='ocr_carea' id='block_1_17' title="bbox 246 2424 1944 2494">
    <p class='ocr_par' dir='ltr' id='par_1_17' title="bbox 246 2424 1944 2494">
     <span class='ocr_line' id='line_1_17' title="bbox 246 2424 1944 2494; baseline -0.001 -17"><span class='ocrx_word' id='word_1_87' title='bbox 246 2424 642 2493; x_wconf 89' lang='lat' dir='ltr'>Ultrajectensi</span> <span class='ocrx_word' id='word_1_88' title='bbox 698 2424 986 2491; x_wconf 73' lang='lat' dir='ltr'>suffectus,</span> <span class='ocrx_word' id='word_1_89' title='bbox 1020 2441 1145 2478; x_wconf 89' lang='lat' dir='ltr'>eam</span> <span class='ocrx_word' id='word_1_90' title='bbox 1171 2424 1527 2494; x_wconf 85' lang='lat' dir='ltr'>provinciam</span> <span class='ocrx_word' id='word_1_91' title='bbox 1563 2440 1770 2494; x_wconf 85' lang='lat' dir='ltr'>magna</span> <span class='ocrx_word' id='word_1_92' title='bbox 1816 2440 1944 2477; x_wconf 90' lang='lat' dir='ltr'>cum</span> 
     </span>
    </p>
   </div>
   <div class='ocr_carea' id='block_1_18' title="bbox 243 2512 1945 2583">
    <p class='ocr_par' dir='ltr' id='par_1_18' title="bbox 243 2512 1945 2583">
     <span class='ocr_line' id='line_1_18' title="bbox 243 2512 1945 2583; baseline -0.001 -17"><span class='ocrx_word' id='word_1_93' title='bbox 243 2513 408 2566; x_wconf 88' lang='lat' dir='ltr'>laude</span> <span class='ocrx_word' id='word_1_94' title='bbox 441 2513 617 2582; x_wconf 85' lang='lat' dir='ltr'>gessit</span> <span class='ocrx_word' id='word_1_95' title='bbox 648 2529 827 2583; x_wconf 90' lang='lat' dir='ltr'>usque</span> <span class='ocrx_word' id='word_1_96' title='bbox 860 2514 929 2567; x_wconf 89' lang='lat' dir='ltr'>ad</span> <span class='ocrx_word' id='word_1_97' title='bbox 966 2528 1184 2566; x_wconf 90' lang='lat' dir='ltr'>annum</span> <span class='ocrx_word' id='word_1_98' title='bbox 1229 2515 1383 2578; x_wconf 78' lang='grc'>1027,</span> <span class='ocrx_word' id='word_1_99' title='bbox 1432 2528 1543 2582; x_wconf 88' lang='lat' dir='ltr'>quo</span> <span class='ocrx_word' id='word_1_100' title='bbox 1593 2512 1685 2565; x_wconf 91' lang='lat' dir='ltr'>die</span> <span class='ocrx_word' id='word_1_101' title='bbox 1710 2516 1777 2565; x_wconf 85' lang='grc'>27</span> <span class='ocrx_word' id='word_1_102' title='bbox 1838 2514 1945 2565; x_wconf 77' lang='lat' dir='ltr'>No-</span> 
     </span>
    </p>
   </div>
   <div class='ocr_carea' id='block_1_19' title="bbox 245 2599 1940 2671">
    <p class='ocr_par' dir='ltr' id='par_1_19' title="bbox 245 2599 1940 2671">
     <span class='ocr_line' id='line_1_19' title="bbox 245 2599 1940 2671; baseline 0.001 -19"><span class='ocrx_word' id='word_1_103' title='bbox 245 2600 493 2654; x_wconf 83' lang='lat' dir='ltr'>vembris</span> <span class='ocrx_word' id='word_1_104' title='bbox 523 2602 593 2655; x_wconf 90' lang='lat' dir='ltr'>ad</span> <span class='ocrx_word' id='word_1_105' title='bbox 632 2603 827 2671; x_wconf 81' lang='lat' dir='ltr'>plures</span> <span class='ocrx_word' id='word_1_106' title='bbox 878 2600 1040 2654; x_wconf 90' lang='lat' dir='ltr'>abiit.</span> <span class='ocrx_word' id='word_1_107' title='bbox 1089 2602 1217 2654; x_wconf 69' lang='lat' dir='ltr'>Haec</span> <span class='ocrx_word' id='word_1_108' title='bbox 1260 2616 1325 2653; x_wconf 83' lang='lat' dir='ltr'>ex</span> <span class='ocrx_word' id='word_1_109' title='bbox 1379 2600 1592 2655; x_wconf 90' lang='lat' dir='ltr'>Chron.</span> <span class='ocrx_word' id='word_1_110' title='bbox 1656 2599 1940 2669; x_wconf 78' lang='lat' dir='ltr'>Ultraject.</span> 
     </span>
    </p>
   </div>
   <div class='ocr_carea' id='block_1_20' title="bbox 239 2687 1943 2758">
    <p class='ocr_par' dir='ltr' id='par_1_20' title="bbox 239 2687 1943 2758">
     <span class='ocr_line' id='line_1_20' title="bbox 239 2687 1943 2758; baseline 0.001 -18"><span class='ocrx_word' id='word_1_111' title='bbox 239 2688 473 2741; x_wconf 87' lang='lat' dir='ltr'>Joannis</span> <span class='ocrx_word' id='word_1_112' title='bbox 493 2688 562 2742; x_wconf 92' lang='lat' dir='ltr'>de</span> <span class='ocrx_word' id='word_1_113' title='bbox 595 2689 744 2742; x_wconf 84' lang='lat' dir='ltr'>Beka</span> <span class='ocrx_word' id='word_1_114' title='bbox 766 2704 888 2758; x_wconf 88' lang='lat' dir='ltr'>cap,</span> <span class='ocrx_word' id='word_1_115' title='bbox 918 2691 979 2741; x_wconf 88' lang='grc'>17</span> <span class='ocrx_word' id='word_1_116' title='bbox 998 2688 1335 2754; x_wconf 91' lang='lat' dir='ltr'>Trithemio,</span> <span class='ocrx_word' id='word_1_117' title='bbox 1370 2688 1693 2754; x_wconf 83' lang='lat' dir='ltr'>Possevino,</span> <span class='ocrx_word' id='word_1_118' title='bbox 1717 2687 1943 2742; x_wconf 90' lang='lat' dir='ltr'>Oudino</span> 
     </span>
    </p>
   </div>
   <div class='ocr_carea' id='block_1_21' title="bbox 243 2775 1946 2847">
    <p class='ocr_par' dir='ltr' id='par_1_21' title="bbox 243 2775 1946 2847">
     <span class='ocr_line' id='line_1_21' title="bbox 243 2775 1946 2847; baseline 0.001 -20"><span class='ocrx_word' id='word_1_119' title='bbox 243 2775 482 2846; x_wconf 86' lang='lat' dir='ltr'>aliisque</span> <span class='ocrx_word' id='word_1_120' title='bbox 544 2777 602 2830; x_wconf 88' lang='lat' dir='ltr'>in</span> <span class='ocrx_word' id='word_1_121' title='bbox 644 2793 826 2847; x_wconf 89' lang='lat' dir='ltr'>pauca</span> <span class='ocrx_word' id='word_1_122' title='bbox 872 2776 1276 2843; x_wconf 84' lang='lat' dir='ltr'>contraximus,</span> <span class='ocrx_word' id='word_1_123' title='bbox 1333 2792 1447 2829; x_wconf 91' lang='lat' dir='ltr'>non</span> <span class='ocrx_word' id='word_1_124' title='bbox 1484 2775 1658 2829; x_wconf 87' lang='lat' dir='ltr'>nescii</span> <span class='ocrx_word' id='word_1_125' title='bbox 1718 2775 1946 2846; x_wconf 88' lang='lat' dir='ltr'>quantis</span> 
     </span>
    </p>
   </div>
   <div class='ocr_carea' id='block_1_22' title="bbox 242 2862 1944 2919">
    <p class='ocr_par' dir='ltr' id='par_1_22' title="bbox 242 2862 1944 2919">
     <span class='ocr_line' id='line_1_22' title="bbox 242 2862 1944 2919; baseline 0.001 -3"><span class='ocrx_word' id='word_1_126' title='bbox 242 2863 669 2919; x_wconf 82' lang='lat' dir='ltr'>difﬁcultatibus</span> <span class='ocrx_word' id='word_1_127' title='bbox 694 2864 944 2919; x_wconf 81' lang='lat' dir='ltr'>narratio</span> <span class='ocrx_word' id='word_1_128' title='bbox 976 2866 1097 2918; x_wconf 73' lang='lat'>11830</span> <span class='ocrx_word' id='word_1_129' title='bbox 1126 2863 1313 2919; x_wconf 90' lang='lat' dir='ltr'>omnis</span> <span class='ocrx_word' id='word_1_130' title='bbox 1358 2864 1604 2919; x_wconf 77' lang='lat' dir='ltr'>obnoxia</span> <span class='ocrx_word' id='word_1_131' title='bbox 1633 2862 1727 2918; x_wconf 85' lang='lat' dir='ltr'>si’..</span> <span class='ocrx_word' id='word_1_132' title='bbox 1782 2864 1944 2918; x_wconf 85' lang='lat' dir='ltr'>Certe</span> 
     </span>
    </p>
   </div>
   <div class='ocr_carea' id='block_1_23' title="bbox 241 2953 1943 3024">
    <p class='ocr_par' dir='ltr' id='par_1_23' title="bbox 241 2953 1943 3024">
     <span class='ocr_line' id='line_1_23' title="bbox 241 2953 1943 3024; baseline 0 -19"><span class='ocrx_word' id='word_1_133' title='bbox 241 2953 571 3022; x_wconf 86' lang='lat' dir='ltr'>Sigebertus</span> <span class='ocrx_word' id='word_1_134' title='bbox 625 2956 701 3007; x_wconf 91' lang='lat' dir='ltr'>De</span> <span class='ocrx_word' id='word_1_135' title='bbox 755 2954 1123 3024; x_wconf 85' lang='lat' dir='ltr'>scriptoribus</span> <span class='ocrx_word' id='word_1_136' title='bbox 1185 2954 1409 3019; x_wconf 89' lang='lat' dir='ltr'>eccles.,</span> <span class='ocrx_word' id='word_1_137' title='bbox 1458 2969 1581 3023; x_wconf 91' lang='lat' dir='ltr'>cap.</span> <span class='ocrx_word' id='word_1_138' title='bbox 1640 2955 1763 3019; x_wconf 88' lang='grc'>138,</span> <span class='ocrx_word' id='word_1_139' title='bbox 1822 2954 1943 3006; x_wconf 57' lang='lat' dir='ltr'>hac</span> 
     </span>
    </p>
   </div>
   <div class='ocr_carea' id='block_1_24' title="bbox 242 3040 1941 3106">
    <p class='ocr_par' dir='ltr' id='par_1_24' title="bbox 242 3040 1941 3106">
     <span class='ocr_line' id='line_1_24' title="bbox 242 3040 1941 3106; baseline 0 -11"><span class='ocrx_word' id='word_1_140' title='bbox 242 3045 467 3095; x_wconf 86' lang='lat' dir='ltr'>tantum</span> <span class='ocrx_word' id='word_1_141' title='bbox 494 3043 561 3095; x_wconf 91' lang='lat' dir='ltr'>de</span> <span class='ocrx_word' id='word_1_142' title='bbox 600 3042 913 3095; x_wconf 84' lang='lat' dir='ltr'>Adelboldo</span> <span class='ocrx_word' id='word_1_143' title='bbox 962 3041 1180 3095; x_wconf 87' lang='lat' dir='ltr'>habet:</span> <span class='ocrx_word' id='word_1_144' title='bbox 1230 3040 1583 3106; x_wconf 88' lang='lat' dir='ltr'>Adelboldus,</span> <span class='ocrx_word' id='word_1_145' title='bbox 1634 3057 1700 3094; x_wconf 80' lang='lat' dir='ltr'>ea:</span> <span class='ocrx_word' id='word_1_146' title='bbox 1753 3042 1941 3095; x_wconf 80' lang='lat' dir='ltr'>clerico</span> 
     </span>
    </p>
   </div>
   <div class='ocr_carea' id='block_1_25' title="bbox 240 3122 1937 3199">
    <p class='ocr_par' dir='ltr' id='par_1_25' title="bbox 240 3122 1937 3199">
     <span class='ocr_line' id='line_1_25' title="bbox 240 3122 1937 3199; baseline 0 -17"><span class='ocrx_word' id='word_1_147' title='bbox 240 3129 495 3183; x_wconf 85' lang='lat' dir='ltr'>Lobiensi</span> <span class='ocrx_word' id='word_1_148' title='bbox 550 3122 828 3199; x_wconf 85' lang='lat' dir='ltr'>episcopus</span> <span class='ocrx_word' id='word_1_149' title='bbox 873 3131 1297 3199; x_wconf 84' lang='lat' dir='ltr'>Ultrajectensis,</span> <span class='ocrx_word' id='word_1_150' title='bbox 1355 3132 1577 3198; x_wconf 74' lang='lat' dir='ltr'>scripsit</span> <span class='ocrx_word' id='word_1_151' title='bbox 1631 3131 1813 3184; x_wconf 81' lang='lat' dir='ltr'>Vitam</span> <span class='ocrx_word' id='word_1_152' title='bbox 1855 3145 1937 3183; x_wconf 87' lang='lat' dir='ltr'>se-</span> 
     </span>
    </p>
   </div>
   <div class='ocr_carea' id='block_1_26' title="bbox 240 3218 1939 3286">
    <p class='ocr_par' dir='ltr' id='par_1_26' title="bbox 240 3218 1939 3286">
     <span class='ocr_line' id='line_1_26' title="bbox 240 3218 1939 3286; baseline -0.001 -14"><span class='ocrx_word' id='word_1_153' title='bbox 240 3218 409 3272; x_wconf 87' lang='lat' dir='ltr'>cundi</span> <span class='ocrx_word' id='word_1_154' title='bbox 452 3219 671 3271; x_wconf 88' lang='lat' dir='ltr'>Henrici</span> <span class='ocrx_word' id='word_1_155' title='bbox 724 3220 1088 3286; x_wconf 76' lang='lat' dir='ltr'>imperatoris,</span> <span class='ocrx_word' id='word_1_156' title='bbox 1131 3224 1180 3272; x_wconf 84' lang='lat' dir='ltr'>et</span> <span class='ocrx_word' id='word_1_157' title='bbox 1227 3221 1283 3272; x_wconf 88' lang='lat' dir='ltr'>in</span> <span class='ocrx_word' id='word_1_158' title='bbox 1336 3223 1567 3286; x_wconf 85' lang='lat' dir='ltr'>utraque</span> <span class='ocrx_word' id='word_1_159' title='bbox 1623 3219 1939 3272; x_wconf 70' lang='lat' dir='ltr'>litteratura</span> 
     </span>
    </p>
   </div>
   <div class='ocr_carea' id='block_1_27' title="bbox 238 3306 1941 3375">
    <p class='ocr_par' dir='ltr' id='par_1_27' title="bbox 238 3306 1941 3375">
     <span class='ocr_line' id='line_1_27' title="bbox 238 3306 1941 3375; baseline 0.001 -16"><span class='ocrx_word' id='word_1_160' title='bbox 238 3307 409 3375; x_wconf 84' lang='lat' dir='ltr'>plura</span> <span class='ocrx_word' id='word_1_161' title='bbox 453 3308 543 3360; x_wconf 87' lang='lat' dir='ltr'>sui</span> <span class='ocrx_word' id='word_1_162' title='bbox 596 3312 938 3360; x_wconf 87' lang='lat' dir='ltr'>monumenta</span> <span class='ocrx_word' id='word_1_163' title='bbox 982 3308 1209 3375; x_wconf 89' lang='lat' dir='ltr'>reliquit</span> <span class='ocrx_word' id='word_1_164' title='bbox 1251 3310 1501 3374; x_wconf 80' lang='lat' dir='ltr'>posteris.</span> <span class='ocrx_word' id='word_1_165' title='bbox 1558 3306 1663 3360; x_wconf 90' lang='lat' dir='ltr'>Ubi</span> <span class='ocrx_word' id='word_1_166' title='bbox 1710 3306 1781 3359; x_wconf 91' lang='lat' dir='ltr'>ad</span> <span class='ocrx_word' id='word_1_167' title='bbox 1840 3306 1941 3360; x_wconf 86' lang='lat' dir='ltr'>illa</span> 
     </span>
    </p>
   </div>
   <div class='ocr_carea' id='block_1_28' title="bbox 243 3393 1941 3449">
    <p class='ocr_par' dir='ltr' id='par_1_28' title="bbox 243 3393 1941 3449">
     <span class='ocr_line' id='line_1_28' title="bbox 243 3393 1941 3449; baseline 0.001 -3"><span class='ocrx_word' id='word_1_168' title='bbox 243 3396 413 3447; x_wconf 84' lang='lat' dir='ltr'>verba</span> <span class='ocrx_word' id='word_1_169' title='bbox 449 3411 462 3448; x_wconf 89' lang='lat'><strong>:</strong></span> <span class='ocrx_word' id='word_1_170' title='bbox 501 3411 568 3449; x_wconf 70' lang='lat' dir='ltr'>ex</span> <span class='ocrx_word' id='word_1_171' title='bbox 598 3396 786 3449; x_wconf 85' lang='lat' dir='ltr'>clerico</span> <span class='ocrx_word' id='word_1_172' title='bbox 804 3394 1056 3448; x_wconf 83' lang='lat' dir='ltr'>Lobiensi</span> <span class='ocrx_word' id='word_1_173' title='bbox 1076 3395 1184 3447; x_wconf 91' lang='lat' dir='ltr'>hoc</span> <span class='ocrx_word' id='word_1_174' title='bbox 1223 3398 1401 3447; x_wconf 85' lang='lat' dir='ltr'>exstat</span> <span class='ocrx_word' id='word_1_175' title='bbox 1442 3393 1700 3447; x_wconf 88' lang='lat' dir='ltr'>scholion</span> <span class='ocrx_word' id='word_1_176' title='bbox 1732 3394 1941 3447; x_wconf 87' lang='lat' dir='ltr'>eruditi</span> 
     </span>
    </p>
   </div>
   <div class='ocr_carea' id='block_1_29' title="bbox 240 3481 1941 3550">
    <p class='ocr_par' dir='ltr' id='par_1_29' title="bbox 240 3481 1941 3550">
     <span class='ocr_line' id='line_1_29' title="bbox 240 3481 1941 3550; baseline -0.001 -14"><span class='ocrx_word' id='word_1_177' title='bbox 240 3482 481 3537; x_wconf 88' lang='lat' dir='ltr'>Auberti</span> <span class='ocrx_word' id='word_1_178' title='bbox 513 3482 686 3536; x_wconf 60' lang='lat' dir='ltr'>Mirari</span> <span class='ocrx_word' id='word_1_179' title='bbox 718 3499 730 3536; x_wconf 92' lang='lat'><strong>:</strong></span> <span class='ocrx_word' id='word_1_180' title='bbox 763 3481 1095 3537; x_wconf 84' lang='lat' dir='ltr'>Adelboldus</span> <span class='ocrx_word' id='word_1_181' title='bbox 1150 3484 1332 3550; x_wconf 86' lang='lat' dir='ltr'>itaque</span> <span class='ocrx_word' id='word_1_182' title='bbox 1389 3487 1513 3535; x_wconf 84' lang='lat' dir='ltr'>ante</span> <span class='ocrx_word' id='word_1_183' title='bbox 1566 3484 1941 3550; x_wconf 82' lang='lat' dir='ltr'>episcopatum</span> 
     </span>
    </p>
   </div>
   <div class='ocr_carea' id='block_1_30' title="bbox 241 3569 1941 3636">
    <p class='ocr_par' dir='ltr' id='par_1_30' title="bbox 241 3569 1941 3636">
     <span class='ocr_line' id='line_1_30' title="bbox 241 3569 1941 3636; baseline -0.001 -11"><span class='ocrx_word' id='word_1_184' title='bbox 241 3586 348 3625; x_wconf 87' lang='lat' dir='ltr'>non</span> <span class='ocrx_word' id='word_1_185' title='bbox 377 3573 665 3626; x_wconf 86' lang='lat' dir='ltr'>monachus</span> <span class='ocrx_word' id='word_1_186' title='bbox 692 3571 787 3625; x_wconf 89' lang='lat' dir='ltr'>sed</span> <span class='ocrx_word' id='word_1_187' title='bbox 806 3572 1029 3625; x_wconf 89' lang='lat' dir='ltr'>clericus</span> <span class='ocrx_word' id='word_1_188' title='bbox 1048 3569 1324 3625; x_wconf 87' lang='lat' dir='ltr'>Lobiensis</span> <span class='ocrx_word' id='word_1_189' title='bbox 1371 3572 1504 3636; x_wconf 86' lang='lat' dir='ltr'>fuit.</span> <span class='ocrx_word' id='word_1_190' title='bbox 1528 3571 1729 3626; x_wconf 77' lang='lat' dir='ltr'>Nolunt</span> <span class='ocrx_word' id='word_1_191' title='bbox 1760 3576 1941 3624; x_wconf 88' lang='lat' dir='ltr'>autem</span> 
     </span>
    </p>
   </div>
   <div class='ocr_carea' id='block_1_31' title="bbox 242 3659 1939 3728">
    <p class='ocr_par' dir='ltr' id='par_1_31' title="bbox 242 3659 1939 3728">
     <span class='ocr_line' id='line_1_31' title="bbox 242 3659 1939 3728; baseline 0 -15"><span class='ocrx_word' id='word_1_192' title='bbox 242 3662 595 3728; x_wconf 83' lang='lat' dir='ltr'>antiquitatis</span> <span class='ocrx_word' id='word_1_193' title='bbox 652 3661 1024 3715; x_wconf 59' lang='lat' dir='ltr'>ecclesiastica</span> <span class='ocrx_word' id='word_1_194' title='bbox 1072 3659 1326 3726; x_wconf 81' lang='lat' dir='ltr'>studiosi,</span> <span class='ocrx_word' id='word_1_195' title='bbox 1386 3660 1517 3714; x_wconf 84' lang='lat' dir='ltr'>olim</span> <span class='ocrx_word' id='word_1_196' title='bbox 1574 3659 1752 3725; x_wconf 86' lang='lat' dir='ltr'>Lobii,</span> <span class='ocrx_word' id='word_1_197' title='bbox 1798 3664 1939 3713; x_wconf 88' lang='lat' dir='ltr'>utet</span> 
     </span>
    </p>
   </div>
   <div class='ocr_carea' id='block_1_32' title="bbox 2054 1894 3750 1950">
    <p class='ocr_par' dir='ltr' id='par_1_32' title="bbox 2054 1894 3750 1950">
     <span class='ocr_line' id='line_1_32' title="bbox 2054 1894 3750 1950; baseline 0.001 -3"><span class='ocrx_word' id='word_1_198' title='bbox 2054 1894 2148 1948; x_wconf 89' lang='lat' dir='ltr'>sed</span> <span class='ocrx_word' id='word_1_199' title='bbox 2181 1899 2230 1947; x_wconf 84' lang='lat' dir='ltr'>et</span> <span class='ocrx_word' id='word_1_200' title='bbox 2259 1896 2475 1948; x_wconf 84' lang='lat' dir='ltr'>clericos</span> <span class='ocrx_word' id='word_1_201' title='bbox 2496 1894 2772 1949; x_wconf 83' lang='lat' dir='ltr'>resedisse.</span> <span class='ocrx_word' id='word_1_202' title='bbox 2801 1896 3135 1948; x_wconf 84' lang='lat' dir='ltr'>Clericorum</span> <span class='ocrx_word' id='word_1_203' title='bbox 3163 1900 3300 1949; x_wconf 87' lang='lat' dir='ltr'>certe</span> <span class='ocrx_word' id='word_1_204' title='bbox 3328 1910 3420 1948; x_wconf 89' lang='lat' dir='ltr'>seu</span> <span class='ocrx_word' id='word_1_205' title='bbox 3471 1898 3750 1950; x_wconf 86' lang='lat' dir='ltr'>canonico-</span> 
     </span>
    </p>
   </div>
   <div class='ocr_carea' id='block_1_33' title="bbox 2052 1984 3751 2053">
    <p class='ocr_par' dir='ltr' id='par_1_33' title="bbox 2052 1984 3751 2053">
     <span class='ocr_line' id='line_1_33' title="bbox 2052 1984 3751 2053; baseline 0.001 -16"><span class='ocrx_word' id='word_1_206' title='bbox 2052 2000 2173 2037; x_wconf 78' lang='lat' dir='ltr'>rum</span> <span class='ocrx_word' id='word_1_207' title='bbox 2200 1984 2540 2037; x_wconf 79' lang='lat' dir='ltr'>Lobiensium</span> <span class='ocrx_word' id='word_1_208' title='bbox 2572 1985 2852 2052; x_wconf 87' lang='lat' dir='ltr'>collegium</span> <span class='ocrx_word' id='word_1_209' title='bbox 2882 1986 2939 2037; x_wconf 85' lang='lat' dir='ltr'>in</span> <span class='ocrx_word' id='word_1_210' title='bbox 2994 1986 3059 2039; x_wconf 91' lang='lat' dir='ltr'>S.</span> <span class='ocrx_word' id='word_1_211' title='bbox 3098 1986 3314 2038; x_wconf 85' lang='lat' dir='ltr'>Usmari</span> <span class='ocrx_word' id='word_1_212' title='bbox 3343 1985 3556 2053; x_wconf 88' lang='lat' dir='ltr'>templo,</span> <span class='ocrx_word' id='word_1_213' title='bbox 3606 1985 3751 2053; x_wconf 87' lang='lat' dir='ltr'>quod</span> 
     </span>
    </p>
   </div>
   <div class='ocr_carea' id='block_1_34' title="bbox 2052 2072 3751 2141">
    <p class='ocr_par' dir='ltr' id='par_1_34' title="bbox 2052 2072 3751 2141">
     <span class='ocr_line' id='line_1_34' title="bbox 2052 2072 3751 2141; baseline 0.001 -17"><span class='ocrx_word' id='word_1_214' title='bbox 2052 2087 2193 2125; x_wconf 87' lang='lat' dir='ltr'>nunc</span> <span class='ocrx_word' id='word_1_215' title='bbox 2249 2076 2326 2126; x_wconf 88' lang='lat' dir='ltr'>est</span> <span class='ocrx_word' id='word_1_216' title='bbox 2387 2072 2724 2139; x_wconf 84' lang='lat' dir='ltr'>Parochiale,</span> <span class='ocrx_word' id='word_1_217' title='bbox 2772 2073 2949 2126; x_wconf 87' lang='lat' dir='ltr'>sedem</span> <span class='ocrx_word' id='word_1_218' title='bbox 3005 2087 3159 2125; x_wconf 89' lang='lat' dir='ltr'>suam</span> <span class='ocrx_word' id='word_1_219' title='bbox 3219 2072 3410 2125; x_wconf 85' lang='lat' dir='ltr'>habuit</span> <span class='ocrx_word' id='word_1_220' title='bbox 3464 2086 3631 2141; x_wconf 81' lang='lat' dir='ltr'>usque</span> <span class='ocrx_word' id='word_1_221' title='bbox 3677 2072 3751 2126; x_wconf 88' lang='lat' dir='ltr'>ad</span> 
     </span>
    </p>
   </div>
   <div class='ocr_carea' id='block_1_35' title="bbox 2053 2160 3745 2228">
    <p class='ocr_par' dir='ltr' id='par_1_35' title="bbox 2053 2160 3745 2228">
     <span class='ocr_line' id='line_1_35' title="bbox 2053 2160 3745 2228; baseline 0 -14"><span class='ocrx_word' id='word_1_222' title='bbox 2053 2175 2255 2214; x_wconf 87' lang='lat' dir='ltr'>annum</span> <span class='ocrx_word' id='word_1_223' title='bbox 2285 2161 2502 2214; x_wconf 86' lang='lat' dir='ltr'>Christi</span> <span class='ocrx_word' id='word_1_224' title='bbox 2528 2161 2870 2214; x_wconf 86' lang='lat' dir='ltr'>millesimum</span> <span class='ocrx_word' id='word_1_225' title='bbox 2903 2160 3492 2228; x_wconf 81' lang='lat' dir='ltr'>quadringentesimum</span> <span class='ocrx_word' id='word_1_226' title='bbox 3529 2176 3745 2228; x_wconf 89' lang='lat' dir='ltr'>nonum,</span> 
     </span>
    </p>
   </div>
   <div class='ocr_carea' id='block_1_36' title="bbox 2053 2248 3751 2318">
    <p class='ocr_par' dir='ltr' id='par_1_36' title="bbox 2053 2248 3751 2318">
     <span class='ocr_line' id='line_1_36' title="bbox 2053 2248 3751 2318; baseline 0 -16"><span class='ocrx_word' id='word_1_227' title='bbox 2053 2248 2197 2316; x_wconf 79' lang='lat' dir='ltr'>quod</span> <span class='ocrx_word' id='word_1_228' title='bbox 2226 2249 2350 2303; x_wconf 89' lang='lat' dir='ltr'>inde</span> <span class='ocrx_word' id='word_1_229' title='bbox 2385 2252 2647 2316; x_wconf 83' lang='lat' dir='ltr'>migravit</span> <span class='ocrx_word' id='word_1_230' title='bbox 2686 2250 2990 2316; x_wconf 84' lang='lat' dir='ltr'>Binchium,</span> <span class='ocrx_word' id='word_1_231' title='bbox 3034 2249 3179 2317; x_wconf 86' lang='lat' dir='ltr'>quod</span> <span class='ocrx_word' id='word_1_232' title='bbox 3208 2253 3285 2303; x_wconf 89' lang='lat' dir='ltr'>est</span> <span class='ocrx_word' id='word_1_233' title='bbox 3337 2250 3631 2303; x_wconf 62' lang='lat' dir='ltr'>Hannoniz</span> <span class='ocrx_word' id='word_1_234' title='bbox 3660 2265 3751 2318; x_wconf 87' lang='lat' dir='ltr'>op-</span> 
     </span>
    </p>
   </div>
   <div class='ocr_carea' id='block_1_37' title="bbox 2048 2339 3749 2409">
    <p class='ocr_par' dir='ltr' id='par_1_37' title="bbox 2048 2339 3749 2409">
     <span class='ocr_line' id='line_1_37' title="bbox 2048 2339 3749 2409; baseline 0.001 -17"><span class='ocrx_word' id='word_1_235' title='bbox 2048 2340 2244 2409; x_wconf 81' lang='lat' dir='ltr'>pidum</span> <span class='ocrx_word' id='word_1_236' title='bbox 2274 2340 2504 2394; x_wconf 88' lang='lat' dir='ltr'>secundo</span> <span class='ocrx_word' id='word_1_237' title='bbox 2530 2340 2820 2394; x_wconf 87' lang='lat' dir='ltr'>milliaria</span> <span class='ocrx_word' id='word_1_238' title='bbox 2863 2341 3026 2395; x_wconf 87' lang='lat' dir='ltr'>Lobio</span> <span class='ocrx_word' id='word_1_239' title='bbox 3066 2340 3297 2394; x_wconf 83' lang='lat' dir='ltr'>distans.</span> <span class='ocrx_word' id='word_1_240' title='bbox 3349 2340 3557 2393; x_wconf 86' lang='lat' dir='ltr'>Verum</span> <span class='ocrx_word' id='word_1_241' title='bbox 3592 2339 3749 2409; x_wconf 88' lang='lat' dir='ltr'>quid-</span> 
     </span>
    </p>
   </div>
   <div class='ocr_carea' id='block_1_38' title="bbox 2053 2427 3748 2498">
    <p class='ocr_par' dir='ltr' id='par_1_38' title="bbox 2053 2427 3748 2498">
     <span class='ocr_line' id='line_1_38' title="bbox 2053 2427 3748 2498; baseline 0.001 -18"><span class='ocrx_word' id='word_1_242' title='bbox 2053 2428 2189 2498; x_wconf 90' lang='lat' dir='ltr'>quid</span> <span class='ocrx_word' id='word_1_243' title='bbox 2240 2428 2312 2481; x_wconf 89' lang='lat' dir='ltr'>sit</span> <span class='ocrx_word' id='word_1_244' title='bbox 2368 2429 2435 2481; x_wconf 90' lang='lat' dir='ltr'>de</span> <span class='ocrx_word' id='word_1_245' title='bbox 2486 2427 2773 2482; x_wconf 86' lang='lat' dir='ltr'>canonicis</span> <span class='ocrx_word' id='word_1_246' title='bbox 2820 2446 2920 2483; x_wconf 90' lang='lat' dir='ltr'>seu</span> <span class='ocrx_word' id='word_1_247' title='bbox 2963 2428 3182 2482; x_wconf 88' lang='lat' dir='ltr'>clericis</span> <span class='ocrx_word' id='word_1_248' title='bbox 3232 2427 3623 2492; x_wconf 86' lang='lat' dir='ltr'>Lobiensibus,</span> <span class='ocrx_word' id='word_1_249' title='bbox 3677 2427 3748 2482; x_wconf 89' lang='lat' dir='ltr'>de</span> 
     </span>
    </p>
   </div>
   <div class='ocr_carea' id='block_1_39' title="bbox 2052 2515 3754 2583">
    <p class='ocr_par' dir='ltr' id='par_1_39' title="bbox 2052 2515 3754 2583">
     <span class='ocr_line' id='line_1_39' title="bbox 2052 2515 3754 2583; baseline 0.001 -14"><span class='ocrx_word' id='word_1_250' title='bbox 2052 2517 2367 2570; x_wconf 80' lang='lat' dir='ltr'>Adelboldo</span> <span class='ocrx_word' id='word_1_251' title='bbox 2402 2521 2595 2570; x_wconf 88' lang='lat' dir='ltr'>tamen</span> <span class='ocrx_word' id='word_1_252' title='bbox 2627 2518 2806 2569; x_wconf 90' lang='lat' dir='ltr'>multo</span> <span class='ocrx_word' id='word_1_253' title='bbox 2840 2534 2974 2570; x_wconf 77' lang='lat' dir='ltr'>vero</span> <span class='ocrx_word' id='word_1_254' title='bbox 3031 2522 3114 2569; x_wconf 88' lang='lat' dir='ltr'>est</span> <span class='ocrx_word' id='word_1_255' title='bbox 3158 2515 3424 2583; x_wconf 83' lang='lat' dir='ltr'>similius,</span> <span class='ocrx_word' id='word_1_256' title='bbox 3481 2532 3611 2569; x_wconf 89' lang='lat' dir='ltr'>eum</span> <span class='ocrx_word' id='word_1_257' title='bbox 3644 2531 3754 2570; x_wconf 90' lang='lat' dir='ltr'>mo-</span> 
     </span>
    </p>
   </div>
   <div class='ocr_carea' id='block_1_40' title="bbox 2051 2602 3745 2672">
    <p class='ocr_par' dir='ltr' id='par_1_40' title="bbox 2051 2602 3745 2672">
     <span class='ocr_line' id='line_1_40' title="bbox 2051 2602 3745 2672; baseline 0 -17"><span class='ocrx_word' id='word_1_258' title='bbox 2051 2604 2283 2656; x_wconf 87' lang='lat' dir='ltr'>nachum</span> <span class='ocrx_word' id='word_1_259' title='bbox 2339 2603 2650 2657; x_wconf 83' lang='lat' dir='ltr'>Lobiensem</span> <span class='ocrx_word' id='word_1_260' title='bbox 2737 2618 2909 2672; x_wconf 82' lang='lat' dir='ltr'>quam</span> <span class='ocrx_word' id='word_1_261' title='bbox 2982 2602 3168 2655; x_wconf 89' lang='lat' dir='ltr'>solum</span> <span class='ocrx_word' id='word_1_262' title='bbox 3234 2603 3484 2656; x_wconf 87' lang='lat' dir='ltr'>clericum</span> <span class='ocrx_word' id='word_1_263' title='bbox 3550 2602 3745 2656; x_wconf 87' lang='lat' dir='ltr'>fuisse.</span> 
     </span>
    </p>
   </div>
   <div class='ocr_carea' id='block_1_41' title="bbox 2052 2690 3750 2761">
    <p class='ocr_par' dir='ltr' id='par_1_41' title="bbox 2052 2690 3750 2761">
     <span class='ocr_line' id='line_1_41' title="bbox 2052 2690 3750 2761; baseline 0 -17"><span class='ocrx_word' id='word_1_264' title='bbox 2052 2690 2195 2745; x_wconf 87' lang='lat' dir='ltr'>Sane</span> <span class='ocrx_word' id='word_1_265' title='bbox 2261 2691 2320 2744; x_wconf 91' lang='lat' dir='ltr'>in</span> <span class='ocrx_word' id='word_1_266' title='bbox 2372 2692 2616 2761; x_wconf 80' lang='lat' dir='ltr'>prologo</span> <span class='ocrx_word' id='word_1_267' title='bbox 2679 2690 2940 2760; x_wconf 87' lang='lat' dir='ltr'>opusculi</span> <span class='ocrx_word' id='word_1_268' title='bbox 2983 2691 3061 2743; x_wconf 87' lang='lat' dir='ltr'>De</span> <span class='ocrx_word' id='word_1_269' title='bbox 3109 2690 3470 2744; x_wconf 83' lang='lat' dir='ltr'>crassitudine</span> <span class='ocrx_word' id='word_1_270' title='bbox 3526 2690 3750 2759; x_wconf 70' lang='lat' dir='ltr'>sphaera:</span> 
     </span>
    </p>
   </div>
   <div class='ocr_carea' id='block_1_42' title="bbox 2052 2778 3751 2849">
    <p class='ocr_par' dir='ltr' id='par_1_42' title="bbox 2052 2778 3751 2849">
     <span class='ocr_line' id='line_1_42' title="bbox 2052 2778 3751 2849; baseline 0 -16"><span class='ocrx_word' id='word_1_271' title='bbox 2052 2779 2450 2844; x_wconf 82' lang='lat' dir='ltr'>scholasticam,</span> <span class='ocrx_word' id='word_1_272' title='bbox 2481 2780 2675 2849; x_wconf 88' lang='lat' dir='ltr'>utique</span> <span class='ocrx_word' id='word_1_273' title='bbox 2710 2778 2887 2846; x_wconf 89' lang='lat' dir='ltr'>Lobii,</span> <span class='ocrx_word' id='word_1_274' title='bbox 2934 2796 2991 2832; x_wconf 87' lang='lat' dir='ltr'>se</span> <span class='ocrx_word' id='word_1_275' title='bbox 3021 2778 3194 2832; x_wconf 79' lang='lat' dir='ltr'>fuisse</span> <span class='ocrx_word' id='word_1_276' title='bbox 3228 2778 3350 2848; x_wconf 88' lang='lat' dir='ltr'>ipse</span> <span class='ocrx_word' id='word_1_277' title='bbox 3399 2779 3625 2832; x_wconf 87' lang='lat' dir='ltr'>fatetur.</span> <span class='ocrx_word' id='word_1_278' title='bbox 3681 2782 3751 2833; x_wconf 89' lang='lat' dir='ltr'>At</span> 
     </span>
    </p>
   </div>
   <div class='ocr_carea' id='block_1_43' title="bbox 2054 2867 3747 2938">
    <p class='ocr_par' dir='ltr' id='par_1_43' title="bbox 2054 2867 3747 2938">
     <span class='ocr_line' id='line_1_43' title="bbox 2054 2867 3747 2938; baseline -0.001 -18"><span class='ocrx_word' id='word_1_279' title='bbox 2054 2868 2182 2938; x_wconf 86' lang='lat' dir='ltr'>quis</span> <span class='ocrx_word' id='word_1_280' title='bbox 2223 2868 2453 2937; x_wconf 88' lang='lat' dir='ltr'>ignorat</span> <span class='ocrx_word' id='word_1_281' title='bbox 2482 2867 2675 2921; x_wconf 88' lang='lat' dir='ltr'>studia</span> <span class='ocrx_word' id='word_1_282' title='bbox 2706 2867 3026 2921; x_wconf 88' lang='lat' dir='ltr'>litterarum</span> <span class='ocrx_word' id='word_1_283' title='bbox 3086 2867 3236 2936; x_wconf 88' lang='lat' dir='ltr'>apud</span> <span class='ocrx_word' id='word_1_284' title='bbox 3282 2867 3594 2920; x_wconf 84' lang='lat' dir='ltr'>monachos</span> <span class='ocrx_word' id='word_1_285' title='bbox 3643 2868 3747 2921; x_wconf 91' lang='lat' dir='ltr'>Lo-</span> 
     </span>
    </p>
   </div>
   <div class='ocr_carea' id='block_1_44' title="bbox 2053 2955 3751 3027">
    <p class='ocr_par' dir='ltr' id='par_1_44' title="bbox 2053 2955 3751 3027">
     <span class='ocr_line' id='line_1_44' title="bbox 2053 2955 3751 3027; baseline 0 -17"><span class='ocrx_word' id='word_1_286' title='bbox 2053 2957 2275 3010; x_wconf 82' lang='lat' dir='ltr'>bienses</span> <span class='ocrx_word' id='word_1_287' title='bbox 2340 2956 2444 3009; x_wconf 89' lang='lat' dir='ltr'>sub</span> <span class='ocrx_word' id='word_1_288' title='bbox 2492 2956 2673 3010; x_wconf 85' lang='lat' dir='ltr'>ﬁnem</span> <span class='ocrx_word' id='word_1_289' title='bbox 2721 2956 2917 3009; x_wconf 80' lang='lat' dir='ltr'>saeculi</span> <span class='ocrx_word' id='word_1_290' title='bbox 2972 2956 3259 3010; x_wconf 82' lang='lat' dir='ltr'>undecimi</span> <span class='ocrx_word' id='word_1_291' title='bbox 3309 2955 3598 3027; x_wconf 66' lang='lat' dir='ltr'>praacipue</span> <span class='ocrx_word' id='word_1_292' title='bbox 3652 2956 3751 3010; x_wconf 90' lang='lat' dir='ltr'>ﬂo-</span> 
     </span>
    </p>
   </div>
   <div class='ocr_carea' id='block_1_45' title="bbox 1981 3044 3749 3132">
    <p class='ocr_par' dir='ltr' id='par_1_45' title="bbox 1981 3044 3749 3132">
     <span class='ocr_line' id='line_1_45' title="bbox 1981 3044 3749 3132; baseline 0 -34"><span class='ocrx_word' id='word_1_293' title='bbox 1981 3078 2021 3132; x_wconf 78' lang='lat' dir='ltr'>B</span> <span class='ocrx_word' id='word_1_294' title='bbox 2052 3046 2252 3112; x_wconf 81' lang='lat' dir='ltr'>ruisse,</span> <span class='ocrx_word' id='word_1_295' title='bbox 2286 3044 2541 3116; x_wconf 86' lang='lat' dir='ltr'>nihilque</span> <span class='ocrx_word' id='word_1_296' title='bbox 2595 3044 2957 3115; x_wconf 86' lang='lat' dir='ltr'>frequentius</span> <span class='ocrx_word' id='word_1_297' title='bbox 3010 3044 3264 3098; x_wconf 80' lang='lat' dir='ltr'>evenisse</span> <span class='ocrx_word' id='word_1_298' title='bbox 3309 3061 3481 3115; x_wconf 89' lang='lat' dir='ltr'>quam</span> <span class='ocrx_word' id='word_1_299' title='bbox 3531 3048 3591 3098; x_wconf 85' lang='lat' dir='ltr'>ut</span> <span class='ocrx_word' id='word_1_300' title='bbox 3630 3044 3749 3098; x_wconf 91' lang='lat' dir='ltr'>cle-</span> 
     </span>
    </p>
   </div>
   <div class='ocr_carea' id='block_1_46' title="bbox 2051 3132 3748 3203">
    <p class='ocr_par' dir='ltr' id='par_1_46' title="bbox 2051 3132 3748 3203">
     <span class='ocr_line' id='line_1_46' title="bbox 2051 3132 3748 3203; baseline -0.001 -16"><span class='ocrx_word' id='word_1_301' title='bbox 2051 3133 2156 3187; x_wconf 91' lang='lat' dir='ltr'>rici</span> <span class='ocrx_word' id='word_1_302' title='bbox 2187 3134 2405 3187; x_wconf 87' lang='lat' dir='ltr'>scholas</span> <span class='ocrx_word' id='word_1_303' title='bbox 2436 3134 2870 3201; x_wconf 85' lang='lat' dir='ltr'>monachorum,</span> <span class='ocrx_word' id='word_1_304' title='bbox 2928 3134 3249 3203; x_wconf 62' lang='lat' dir='ltr'>praesertim</span> <span class='ocrx_word' id='word_1_305' title='bbox 3309 3133 3450 3186; x_wconf 90' lang='lat' dir='ltr'>adeo</span> <span class='ocrx_word' id='word_1_306' title='bbox 3500 3132 3748 3187; x_wconf 88' lang='lat' dir='ltr'>celebres</span> 
     </span>
    </p>
   </div>
   <div class='ocr_carea' id='block_1_47' title="bbox 2046 3222 3749 3292">
    <p class='ocr_par' dir='ltr' id='par_1_47' title="bbox 2046 3222 3749 3292">
     <span class='ocr_line' id='line_1_47' title="bbox 2046 3222 3749 3292; baseline -0.001 -17"><span class='ocrx_word' id='word_1_307' title='bbox 2046 3228 2103 3276; x_wconf 91' lang='lat' dir='ltr'>et</span> <span class='ocrx_word' id='word_1_308' title='bbox 2153 3222 2527 3292; x_wconf 80' lang='lat' dir='ltr'>propinquas,</span> <span class='ocrx_word' id='word_1_309' title='bbox 2583 3222 2700 3274; x_wconf 91' lang='lat' dir='ltr'>imo</span> <span class='ocrx_word' id='word_1_310' title='bbox 2769 3238 2950 3291; x_wconf 88' lang='lat' dir='ltr'>prope</span> <span class='ocrx_word' id='word_1_311' title='bbox 3008 3222 3358 3291; x_wconf 87' lang='lat' dir='ltr'>conjunctas,</span> <span class='ocrx_word' id='word_1_312' title='bbox 3411 3236 3749 3274; x_wconf 89' lang='lat' dir='ltr'>communes</span> 
     </span>
    </p>
   </div>
   <div class='ocr_carea' id='block_1_48' title="bbox 2047 3306 3749 3377">
    <p class='ocr_par' dir='ltr' id='par_1_48' title="bbox 2047 3306 3749 3377">
     <span class='ocr_line' id='line_1_48' title="bbox 2047 3306 3749 3377; baseline -0.002 -15"><span class='ocrx_word' id='word_1_313' title='bbox 2047 3309 2367 3362; x_wconf 82' lang='lat' dir='ltr'>haberent?</span> <span class='ocrx_word' id='word_1_314' title='bbox 2419 3307 2599 3377; x_wconf 84' lang='lat' dir='ltr'>Igitur</span> <span class='ocrx_word' id='word_1_315' title='bbox 2653 3306 2997 3361; x_wconf 84' lang='lat' dir='ltr'>Adclboldus</span> <span class='ocrx_word' id='word_1_316' title='bbox 3048 3306 3362 3360; x_wconf 85' lang='lat' dir='ltr'>monachus</span> <span class='ocrx_word' id='word_1_317' title='bbox 3411 3311 3466 3361; x_wconf 89' lang='lat' dir='ltr'>et</span> <span class='ocrx_word' id='word_1_318' title='bbox 3497 3306 3749 3360; x_wconf 86' lang='lat' dir='ltr'>Lobien—</span> 
     </span>
    </p>
   </div>
   <div class='ocr_carea' id='block_1_49' title="bbox 2049 3395 3745 3464">
    <p class='ocr_par' dir='ltr' id='par_1_49' title="bbox 2049 3395 3745 3464">
     <span class='ocr_line' id='line_1_49' title="bbox 2049 3395 3745 3464; baseline -0.001 -15"><span class='ocrx_word' id='word_1_319' title='bbox 2049 3395 2121 3449; x_wconf 86' lang='lat' dir='ltr'>sis</span> <span class='ocrx_word' id='word_1_320' title='bbox 2154 3395 2485 3449; x_wconf 86' lang='lat' dir='ltr'>monasterii</span> <span class='ocrx_word' id='word_1_321' title='bbox 2516 3395 2903 3462; x_wconf 88' lang='lat' dir='ltr'>scholasticus,</span> <span class='ocrx_word' id='word_1_322' title='bbox 2938 3400 3054 3448; x_wconf 89' lang='lat' dir='ltr'>tam</span> <span class='ocrx_word' id='word_1_323' title='bbox 3089 3395 3501 3448; x_wconf 87' lang='lat' dir='ltr'>monachorum</span> <span class='ocrx_word' id='word_1_324' title='bbox 3553 3411 3745 3464; x_wconf 81' lang='lat' dir='ltr'>quam,</span> 
     </span>
    </p>
   </div>
   <div class='ocr_carea' id='block_1_50' title="bbox 2049 3482 3741 3554">
    <p class='ocr_par' dir='ltr' id='par_1_50' title="bbox 2049 3482 3741 3554">
     <span class='ocr_line' id='line_1_50' title="bbox 2049 3482 3741 3554; baseline 0 -18"><span class='ocrx_word' id='word_1_325' title='bbox 2049 3484 2096 3536; x_wconf 88' lang='lat' dir='ltr'>si</span> <span class='ocrx_word' id='word_1_326' title='bbox 2128 3486 2228 3554; x_wconf 90' lang='lat' dir='ltr'>qui</span> <span class='ocrx_word' id='word_1_327' title='bbox 2252 3483 2505 3549; x_wconf 85' lang='lat' dir='ltr'>fuerunt,</span> <span class='ocrx_word' id='word_1_328' title='bbox 2531 3484 2888 3548; x_wconf 89' lang='lat' dir='ltr'>clericorum,</span> <span class='ocrx_word' id='word_1_329' title='bbox 2917 3482 3241 3536; x_wconf 87' lang='lat' dir='ltr'>communis</span> <span class='ocrx_word' id='word_1_330' title='bbox 3273 3482 3568 3553; x_wconf 87' lang='lat' dir='ltr'>magister,</span> <span class='ocrx_word' id='word_1_331' title='bbox 3598 3482 3741 3536; x_wconf 91' lang='lat' dir='ltr'>utin</span> 
     </span>
    </p>
   </div>
   <div class='ocr_carea' id='block_1_51' title="bbox 2051 3570 3519 3641">
    <p class='ocr_par' dir='ltr' id='par_1_51' title="bbox 2051 3570 3519 3641">
     <span class='ocr_line' id='line_1_51' title="bbox 2051 3570 3519 3641; baseline -0.001 -15"><span class='ocrx_word' id='word_1_332' title='bbox 2051 3572 2178 3626; x_wconf 89' lang='lat' dir='ltr'>aliis</span> <span class='ocrx_word' id='word_1_333' title='bbox 2210 3571 2484 3627; x_wconf 69' lang='lat' dir='ltr'>coenobiis</span> <span class='ocrx_word' id='word_1_334' title='bbox 2523 3570 2732 3626; x_wconf 88' lang='lat' dir='ltr'>nostris</span> <span class='ocrx_word' id='word_1_335' title='bbox 2763 3588 3018 3641; x_wconf 56' lang='lat' dir='ltr'>persaepe</span> <span class='ocrx_word' id='word_1_336' title='bbox 3054 3588 3160 3625; x_wconf 92' lang='lat' dir='ltr'>usu</span> <span class='ocrx_word' id='word_1_337' title='bbox 3185 3571 3360 3636; x_wconf 85' lang='lat' dir='ltr'>venit,</span> <span class='ocrx_word' id='word_1_338' title='bbox 3393 3571 3519 3625; x_wconf 83' lang='lat' dir='ltr'>fuit.</span> 
     </span>
    </p>
   </div>
   <div class='ocr_carea' id='block_1_52' title="bbox 981 3935 3004 4010">
    <p class='ocr_par' dir='ltr' id='par_1_52' title="bbox 981 3935 3004 4010">
     <span class='ocr_line' id='line_1_52' title="bbox 981 3935 3004 4010; baseline -0 0"><span class='ocrx_word' id='word_1_339' title='bbox 981 3937 1426 4010; x_wconf 90' lang='lat' dir='ltr'>NOTITIA</span> <span class='ocrx_word' id='word_1_340' title='bbox 1482 3936 2075 4010; x_wconf 85' lang='lat' dir='ltr'>HISTORICA</span> <span class='ocrx_word' id='word_1_341' title='bbox 2132 3935 2260 4009; x_wconf 89' lang='lat' dir='ltr'><strong>ET</strong></span> <span class='ocrx_word' id='word_1_342' title='bbox 2316 3936 3004 4009; x_wconf 85' lang='lat' dir='ltr'>LITTERARIA.</span> 
     </span>
    </p>
   </div>
   <div class='ocr_carea' id='block_1_53' title="bbox 241 4091 3746 4162">
    <p class='ocr_par' dir='ltr' id='par_1_53' title="bbox 241 4091 3746 4162">
     <span class='ocr_line' id='line_1_53' title="bbox 241 4091 3746 4162; baseline 0.001 -17"><span class='ocrx_word' id='word_1_343' title='bbox 241 4092 424 4162; x_wconf 86' lang='lat' dir='ltr'>(Apud</span> <span class='ocrx_word' id='word_1_344' title='bbox 449 4093 626 4158; x_wconf 86' lang='lat' dir='ltr'>Pertz,</span> <span class='ocrx_word' id='word_1_345' title='bbox 662 4094 1010 4148; x_wconf 82' lang='lat' dir='ltr'>Monumenta</span> <span class='ocrx_word' id='word_1_346' title='bbox 1050 4094 1358 4148; x_wconf 69' lang='lat' dir='ltr'>Germaniae</span> <span class='ocrx_word' id='word_1_347' title='bbox 1380 4094 1664 4158; x_wconf 85' lang='lat' dir='ltr'>historica,</span> <span class='ocrx_word' id='word_1_348' title='bbox 1698 4092 1901 4162; x_wconf 89' lang='lat' dir='ltr'>Script.</span> <span class='ocrx_word' id='word_1_349' title='bbox 1939 4096 2079 4146; x_wconf 90' lang='lat' dir='ltr'>tom.</span> <span class='ocrx_word' id='word_1_350' title='bbox 2115 4093 2201 4155; x_wconf 92' lang='lat' dir='ltr'>IV,</span> <span class='ocrx_word' id='word_1_351' title='bbox 2237 4107 2368 4162; x_wconf 88' lang='lat' dir='ltr'>pag.</span> <span class='ocrx_word' id='word_1_352' title='bbox 2402 4095 2529 4156; x_wconf 89' lang='lat'>679,</span> <span class='ocrx_word' id='word_1_353' title='bbox 2561 4092 2621 4145; x_wconf 92' lang='lat' dir='ltr'>in</span> <span class='ocrx_word' id='word_1_354' title='bbox 2647 4092 2905 4162; x_wconf 84' lang='lat' dir='ltr'>praemiis</span> <span class='ocrx_word' id='word_1_355' title='bbox 2958 4092 3030 4146; x_wconf 89' lang='lat' dir='ltr'>ad</span> <span class='ocrx_word' id='word_1_356' title='bbox 3087 4093 3271 4146; x_wconf 89' lang='lat' dir='ltr'>Vitam</span> <span class='ocrx_word' id='word_1_357' title='bbox 3322 4093 3375 4147; x_wconf 94' lang='lat' dir='ltr'>S.</span> <span class='ocrx_word' id='word_1_358' title='bbox 3437 4091 3663 4147; x_wconf 85' lang='lat' dir='ltr'>Henrici</span> <span class='ocrx_word' id='word_1_359' title='bbox 3695 4093 3746 4147; x_wconf 89' lang='lat' dir='ltr'><strong>II</strong></span> 
     </span>
    </p>
   </div>
   <div class='ocr_carea' id='block_1_54' title="bbox 1395 4170 2584 4243">
    <p class='ocr_par' dir='ltr' id='par_1_54' title="bbox 1395 4170 2584 4243">
     <span class='ocr_line' id='line_1_54' title="bbox 1395 4170 2584 4243; baseline -0.001 -18"><span class='ocrx_word' id='word_1_360' title='bbox 1395 4171 1780 4243; x_wconf 86' lang='lat' dir='ltr'>imperatoris,</span> <span class='ocrx_word' id='word_1_361' title='bbox 1814 4172 2017 4226; x_wconf 90' lang='lat' dir='ltr'>edente</span> <span class='ocrx_word' id='word_1_362' title='bbox 2047 4172 2107 4226; x_wconf 86' lang='lat' dir='ltr'>G.</span> <span class='ocrx_word' id='word_1_363' title='bbox 2146 4170 2322 4225; x_wconf 83' lang='lat' dir='ltr'>Waltz</span> <span class='ocrx_word' id='word_1_364' title='bbox 2355 4172 2456 4225; x_wconf 90' lang='lat' dir='ltr'>Ph.</span> <span class='ocrx_word' id='word_1_365' title='bbox 2494 4172 2584 4240; x_wconf 85' lang='lat' dir='ltr'>D.)</span> 
     </span>
    </p>
   </div>
   <div class='ocr_carea' id='block_1_55' title="bbox 312 4396 1600 4473">
    <p class='ocr_par' dir='ltr' id='par_1_55' title="bbox 312 4396 1600 4473">
     <span class='ocr_line' id='line_1_55' title="bbox 312 4396 1600 4473; baseline 0 -18"><span class='ocrx_word' id='word_1_366' title='bbox 312 4402 660 4469; x_wconf 86' lang='lat' dir='ltr'>Adelbodus,</span> <span class='ocrx_word' id='word_1_367' title='bbox 761 4401 1183 4471; x_wconf 88' lang='lat' dir='ltr'>Ultrajectensis</span> <span class='ocrx_word' id='word_1_368' title='bbox 1276 4396 1600 4473; x_wconf 65' lang='lat' dir='ltr'>episcopus,</span> 
     </span>
    </p>
   </div>
   <div class='ocr_carea' id='block_1_56' title="bbox 242 4489 1937 4562">
    <p class='ocr_par' dir='ltr' id='par_1_56' title="bbox 242 4489 1937 4562">
     <span class='ocr_line' id='line_1_56' title="bbox 242 4489 1937 4562; baseline 0.001 -19"><span class='ocrx_word' id='word_1_369' title='bbox 242 4495 385 4543; x_wconf 90' lang='lat' dir='ltr'>teste</span> <span class='ocrx_word' id='word_1_370' title='bbox 419 4490 516 4561; x_wconf 86' lang='grc'>(1),</span> <span class='ocrx_word' id='word_1_371' title='bbox 545 4506 635 4544; x_wconf 88' lang='lat' dir='ltr'>res</span> <span class='ocrx_word' id='word_1_372' title='bbox 664 4489 732 4544; x_wconf 92' lang='lat' dir='ltr'>ab</span> <span class='ocrx_word' id='word_1_373' title='bbox 786 4489 1030 4543; x_wconf 88' lang='lat' dir='ltr'>Henrico</span> <span class='ocrx_word' id='word_1_374' title='bbox 1062 4491 1131 4555; x_wconf 87' lang='grc' dir='ltr'>ΙΙ,</span> <span class='ocrx_word' id='word_1_375' title='bbox 1182 4490 1527 4562; x_wconf 88' lang='lat' dir='ltr'>imperatore</span> <span class='ocrx_word' id='word_1_376' title='bbox 1585 4496 1769 4561; x_wconf 87' lang='lat' dir='ltr'>gestas</span> <span class='ocrx_word' id='word_1_377' title='bbox 1820 4506 1937 4544; x_wconf 92' lang='lat' dir='ltr'>uno</span> 
     </span>
    </p>
   </div>
   <div class='ocr_carea' id='block_1_57' title="bbox 240 4579 1940 4650">
    <p class='ocr_par' dir='ltr' id='par_1_57' title="bbox 240 4579 1940 4650">
     <span class='ocr_line' id='line_1_57' title="bbox 240 4579 1940 4650; baseline 0.001 -19"><span class='ocrx_word' id='word_1_378' title='bbox 240 4580 532 4633; x_wconf 85' lang='lat' dir='ltr'>volumine</span> <span class='ocrx_word' id='word_1_379' title='bbox 600 4579 888 4633; x_wconf 90' lang='lat' dir='ltr'>luculento</span> <span class='ocrx_word' id='word_1_380' title='bbox 961 4595 1228 4633; x_wconf 87' lang='lat' dir='ltr'>sermone</span> <span class='ocrx_word' id='word_1_381' title='bbox 1301 4580 1759 4650; x_wconf 89' lang='lat' dir='ltr'>comprehendit.</span> <span class='ocrx_word' id='word_1_382' title='bbox 1813 4580 1940 4633; x_wconf 70' lang='lat' dir='ltr'>Haec</span> 
     </span>
    </p>
   </div>
   <div class='ocr_carea' id='block_1_58' title="bbox 238 4667 1938 4739">
    <p class='ocr_par' dir='ltr' id='par_1_58' title="bbox 238 4667 1938 4739">
     <span class='ocr_line' id='line_1_58' title="bbox 238 4667 1938 4739; baseline 0.001 -20"><span class='ocrx_word' id='word_1_383' title='bbox 238 4683 374 4720; x_wconf 88' lang='lat' dir='ltr'>vero</span> <span class='ocrx_word' id='word_1_384' title='bbox 406 4668 647 4721; x_wconf 88' lang='lat' dir='ltr'>historia</span> <span class='ocrx_word' id='word_1_385' title='bbox 677 4683 780 4738; x_wconf 91' lang='lat' dir='ltr'>per</span> <span class='ocrx_word' id='word_1_386' title='bbox 809 4667 1063 4720; x_wconf 89' lang='lat' dir='ltr'>medium</span> <span class='ocrx_word' id='word_1_387' title='bbox 1098 4683 1285 4722; x_wconf 72' lang='lat' dir='ltr'>aevum</span> <span class='ocrx_word' id='word_1_388' title='bbox 1347 4670 1651 4739; x_wconf 88' lang='lat' dir='ltr'>plerosque</span> <span class='ocrx_word' id='word_1_389' title='bbox 1710 4668 1938 4721; x_wconf 85' lang='lat' dir='ltr'>latuisse</span> 
     </span>
    </p>
   </div>
   <div class='ocr_carea' id='block_1_59' title="bbox 234 4754 1939 4826">
    <p class='ocr_par' dir='ltr' id='par_1_59' title="bbox 234 4754 1939 4826">
     <span class='ocr_line' id='line_1_59' title="bbox 234 4754 1939 4826; baseline 0.001 -18"><span class='ocrx_word' id='word_1_390' title='bbox 234 4754 460 4809; x_wconf 87' lang='lat' dir='ltr'>videtur</span> <span class='ocrx_word' id='word_1_391' title='bbox 490 4756 597 4822; x_wconf 82' lang='lat'>(2);</span> <span class='ocrx_word' id='word_1_392' title='bbox 629 4760 684 4809; x_wconf 89' lang='lat' dir='ltr'>et</span> <span class='ocrx_word' id='word_1_393' title='bbox 710 4754 809 4826; x_wconf 90' lang='lat' dir='ltr'>qui</span> <span class='ocrx_word' id='word_1_394' title='bbox 841 4761 1034 4825; x_wconf 88' lang='lat' dir='ltr'>postea</span> <span class='ocrx_word' id='word_1_395' title='bbox 1066 4756 1250 4809; x_wconf 88' lang='lat' dir='ltr'>Vitam</span> <span class='ocrx_word' id='word_1_396' title='bbox 1302 4756 1530 4810; x_wconf 88' lang='lat' dir='ltr'>Henrici</span> <span class='ocrx_word' id='word_1_397' title='bbox 1586 4772 1619 4809; x_wconf 91' lang='lat' dir='ltr'>a</span> <span class='ocrx_word' id='word_1_398' title='bbox 1676 4756 1939 4810; x_wconf 89' lang='lat' dir='ltr'>Bamber-</span> 
     </span>
    </p>
   </div>
   <div class='ocr_carea' id='block_1_60' title="bbox 237 4844 1937 4914">
    <p class='ocr_par' dir='ltr' id='par_1_60' title="bbox 237 4844 1937 4914">
     <span class='ocr_line' id='line_1_60' title="bbox 237 4844 1937 4914; baseline 0 -16"><span class='ocrx_word' id='word_1_399' title='bbox 237 4844 400 4914; x_wconf 89' lang='lat' dir='ltr'>gensi</span> <span class='ocrx_word' id='word_1_400' title='bbox 429 4845 677 4914; x_wconf 80' lang='lat' dir='ltr'>quodam</span> <span class='ocrx_word' id='word_1_401' title='bbox 709 4844 1091 4913; x_wconf 89' lang='lat' dir='ltr'>conscriptam</span> <span class='ocrx_word' id='word_1_402' title='bbox 1151 4844 1465 4899; x_wconf 82' lang='lat' dir='ltr'>Adelboldo</span> <span class='ocrx_word' id='word_1_403' title='bbox 1496 4845 1844 4912; x_wconf 88' lang='lat' dir='ltr'>tribuerunt,</span> <span class='ocrx_word' id='word_1_404' title='bbox 1907 4861 1937 4898; x_wconf 89' lang='lat' dir='ltr'>a</span> 
     </span>
    </p>
   </div>
   <div class='ocr_carea' id='block_1_61' title="bbox 236 4930 1937 5003">
    <p class='ocr_par' dir='ltr' id='par_1_61' title="bbox 236 4930 1937 5003">
     <span class='ocr_line' id='line_1_61' title="bbox 236 4930 1937 5003; baseline 0.002 -19"><span class='ocrx_word' id='word_1_405' title='bbox 236 4947 368 4985; x_wconf 85' lang='lat' dir='ltr'>vero</span> <span class='ocrx_word' id='word_1_406' title='bbox 395 4933 564 5001; x_wconf 90' lang='lat' dir='ltr'>longe</span> <span class='ocrx_word' id='word_1_407' title='bbox 608 4932 951 4986; x_wconf 88' lang='lat' dir='ltr'>aberrarunt</span> <span class='ocrx_word' id='word_1_408' title='bbox 1006 4930 1103 5001; x_wconf 90' lang='lat'>(3).</span> <span class='ocrx_word' id='word_1_409' title='bbox 1165 4931 1331 4986; x_wconf 82' lang='lat' dir='ltr'>Aliud</span> <span class='ocrx_word' id='word_1_410' title='bbox 1371 4933 1502 4986; x_wconf 70' lang='lat' dir='ltr'>vitae</span> <span class='ocrx_word' id='word_1_411' title='bbox 1551 4934 1937 5003; x_wconf 89' lang='lat' dir='ltr'>fragmentum</span> 
     </span>
    </p>
   </div>
   <div class='ocr_carea' id='block_1_62' title="bbox 236 5019 1939 5092">
    <p class='ocr_par' dir='ltr' id='par_1_62' title="bbox 236 5019 1939 5092">
     <span class='ocr_line' id='line_1_62' title="bbox 236 5019 1939 5092; baseline 0 -17"><span class='ocrx_word' id='word_1_412' title='bbox 236 5021 463 5075; x_wconf 88' lang='lat' dir='ltr'>Gretser</span> <span class='ocrx_word' id='word_1_413' title='bbox 511 5019 692 5074; x_wconf 89' lang='lat' dir='ltr'>edidit</span> <span class='ocrx_word' id='word_1_414' title='bbox 747 5020 825 5091; x_wconf 76' lang='lat'>(4)</span> <span class='ocrx_word' id='word_1_415' title='bbox 879 5036 947 5074; x_wconf 83' lang='lat' dir='ltr'>ex</span> <span class='ocrx_word' id='word_1_416' title='bbox 1010 5019 1202 5073; x_wconf 90' lang='lat' dir='ltr'>codice</span> <span class='ocrx_word' id='word_1_417' title='bbox 1268 5020 1705 5086; x_wconf 88' lang='lat' dir='ltr'>Vindobonensi,</span> <span class='ocrx_word' id='word_1_418' title='bbox 1778 5022 1939 5092; x_wconf 88' lang='lat' dir='ltr'>cujus</span> 
     </span>
    </p>
   </div>
   <div class='ocr_carea' id='block_1_63' title="bbox 238 5107 1939 5177">
    <p class='ocr_par' dir='ltr' id='par_1_63' title="bbox 238 5107 1939 5177">
     <span class='ocr_line' id='line_1_63' title="bbox 238 5107 1939 5177; baseline 0.001 -15"><span class='ocrx_word' id='word_1_419' title='bbox 238 5114 374 5162; x_wconf 88' lang='lat' dir='ltr'>nota</span> <span class='ocrx_word' id='word_1_420' title='bbox 445 5107 785 5177; x_wconf 75' lang='lat' dir='ltr'>marginalia</span> <span class='ocrx_word' id='word_1_421' title='bbox 858 5109 979 5163; x_wconf 82' lang='lat' dir='ltr'>haec</span> <span class='ocrx_word' id='word_1_422' title='bbox 1027 5108 1404 5165; x_wconf 87' lang='lat' dir='ltr'>continebat:</span> <span class='ocrx_word' id='word_1_423' title='bbox 1497 5112 1629 5165; x_wconf 90' lang='lat' dir='ltr'>Vita</span> <span class='ocrx_word' id='word_1_424' title='bbox 1710 5110 1939 5165; x_wconf 82' lang='lat' dir='ltr'>Henrici</span> 
     </span>
    </p>
   </div>
   <div class='ocr_carea' id='block_1_64' title="bbox 312 5232 1169 5303">
    <p class='ocr_par' dir='ltr' id='par_1_64' title="bbox 312 5232 1169 5303">
     <span class='ocr_line' id='line_1_64' title="bbox 312 5232 1169 5303; baseline 0.002 -18"><span class='ocrx_word' id='word_1_425' title='bbox 312 5232 392 5303; x_wconf 82' lang='lat' dir='ltr'>(l)</span> <span class='ocrx_word' id='word_1_426' title='bbox 424 5234 500 5287; x_wconf 90' lang='lat' dir='ltr'>De</span> <span class='ocrx_word' id='word_1_427' title='bbox 534 5232 649 5287; x_wconf 83' lang='lat' dir='ltr'>div.</span> <span class='ocrx_word' id='word_1_428' title='bbox 684 5236 1012 5303; x_wconf 87' lang='lat' dir='ltr'>temporum</span> <span class='ocrx_word' id='word_1_429' title='bbox 1047 5250 1088 5300; x_wconf 82' lang='grc' dir='ltr'>ι,</span> <span class='ocrx_word' id='word_1_430' title='bbox 1119 5236 1169 5287; x_wconf 84' lang='grc'>5.</span> 
     </span>
    </p>
   </div>
   <div class='ocr_carea' id='block_1_65' title="bbox 310 5302 1932 5372">
    <p class='ocr_par' dir='ltr' id='par_1_65' title="bbox 310 5302 1932 5372">
     <span class='ocr_line' id='line_1_65' title="bbox 310 5302 1932 5372; baseline 0.002 -17"><span class='ocrx_word' id='word_1_431' title='bbox 310 5302 387 5372; x_wconf 84' lang='grc'>(2)</span> <span class='ocrx_word' id='word_1_432' title='bbox 418 5304 557 5367; x_wconf 63' lang='lat' dir='ltr'>Quae</span> <span class='ocrx_word' id='word_1_433' title='bbox 587 5302 917 5372; x_wconf 83' lang='lat' dir='ltr'>Sigebertns</span> <span class='ocrx_word' id='word_1_434' title='bbox 949 5304 1017 5357; x_wconf 92' lang='lat' dir='ltr'>de</span> <span class='ocrx_word' id='word_1_435' title='bbox 1047 5305 1142 5359; x_wconf 92' lang='lat' dir='ltr'>SS.</span> <span class='ocrx_word' id='word_1_436' title='bbox 1197 5304 1329 5357; x_wconf 89' lang='lat' dir='ltr'>eccl.</span> <span class='ocrx_word' id='word_1_437' title='bbox 1365 5320 1413 5357; x_wconf 92' lang='lat' dir='ltr'>c.</span> <span class='ocrx_word' id='word_1_438' title='bbox 1461 5306 1583 5367; x_wconf 91' lang='grc'>138,</span> <span class='ocrx_word' id='word_1_439' title='bbox 1615 5308 1670 5357; x_wconf 89' lang='lat' dir='ltr'>et</span> <span class='ocrx_word' id='word_1_440' title='bbox 1725 5303 1932 5359; x_wconf 85' lang='lat' dir='ltr'>Chron.</span> 
     </span>
    </p>
   </div>
   <div class='ocr_carea' id='block_1_66' title="bbox 236 5374 1932 5444">
    <p class='ocr_par' dir='ltr' id='par_1_66' title="bbox 236 5374 1932 5444">
     <span class='ocr_line' id='line_1_66' title="bbox 236 5374 1932 5444; baseline 0.001 -17"><span class='ocrx_word' id='word_1_441' title='bbox 236 5388 288 5427; x_wconf 85' lang='lat' dir='ltr'>a.</span> <span class='ocrx_word' id='word_1_442' title='bbox 327 5375 484 5442; x_wconf 83' lang='grc'>1024,</span> <span class='ocrx_word' id='word_1_443' title='bbox 516 5375 690 5428; x_wconf 88' lang='lat' dir='ltr'>refert</span> <span class='ocrx_word' id='word_1_444' title='bbox 762 5390 827 5429; x_wconf 87' lang='lat' dir='ltr'>ex</span> <span class='ocrx_word' id='word_1_445' title='bbox 863 5375 1091 5444; x_wconf 82' lang='lat' dir='ltr'>Alperto</span> <span class='ocrx_word' id='word_1_446' title='bbox 1124 5374 1344 5428; x_wconf 88' lang='lat' dir='ltr'>hausit:</span> <span class='ocrx_word' id='word_1_447' title='bbox 1377 5374 1739 5444; x_wconf 88' lang='lat' dir='ltr'>Sigebertum</span> <span class='ocrx_word' id='word_1_448' title='bbox 1797 5391 1932 5429; x_wconf 83' lang='lat' dir='ltr'>vero</span> 
     </span>
    </p>
   </div>
   <div class='ocr_carea' id='block_1_67' title="bbox 237 5445 1935 5517">
    <p class='ocr_par' dir='ltr' id='par_1_67' title="bbox 237 5445 1935 5517">
     <span class='ocr_line' id='line_1_67' title="bbox 237 5445 1935 5517; baseline 0.002 -20"><span class='ocrx_word' id='word_1_449' title='bbox 237 5450 357 5517; x_wconf 80' lang='lat' dir='ltr'>tam</span> <span class='ocrx_word' id='word_1_450' title='bbox 410 5445 704 5517; x_wconf 83' lang='lat' dir='ltr'>Albericus</span> <span class='ocrx_word' id='word_1_451' title='bbox 755 5446 967 5515; x_wconf 87' lang='lat' dir='ltr'>aliique</span> <span class='ocrx_word' id='word_1_452' title='bbox 1019 5446 1440 5517; x_wconf 81' lang='lat' dir='ltr'>curonographi</span> <span class='ocrx_word' id='word_1_453' title='bbox 1489 5461 1663 5517; x_wconf 82' lang='lat' dir='ltr'>quam</span> <span class='ocrx_word' id='word_1_454' title='bbox 1714 5447 1935 5500; x_wconf 88' lang='lat' dir='ltr'>Trithe-</span> 
     </span>
    </p>
   </div>
   <div class='ocr_carea' id='block_1_68' title="bbox 235 5462 1741 5571">
    <p class='ocr_par' dir='ltr' id='par_1_68' title="bbox 235 5462 1741 5571">
     <span class='ocr_line' id='line_1_68' title="bbox 237 5462 1741 5571; baseline 0.001 -74"><span class='ocrx_word' id='word_1_455' title='bbox 237 5462 357 5498; x_wconf 77' lang='lat' dir='ltr'>iarn</span> <span class='ocrx_word' id='word_1_456' title='bbox 410 5462 704 5499; x_wconf 80' lang='lat' dir='ltr'>Ainericus</span> <span class='ocrx_word' id='word_1_457' title='bbox 755 5462 967 5515; x_wconf 87' lang='lat' dir='ltr'>amqne</span> <span class='ocrx_word' id='word_1_458' title='bbox 1019 5462 1440 5571; x_wconf 62' lang='lat' dir='ltr'>curonograpm</span> <span class='ocrx_word' id='word_1_459' title='bbox 1489 5462 1663 5516; x_wconf 82' lang='lat' dir='ltr'>quam</span> <span class='ocrx_word' id='word_1_460' title='bbox 1724 5462 1741 5498; x_wconf 80' lang='grc' dir='ltr'>ι</span> 
     </span>
     <span class='ocr_line' id='line_1_69' title="bbox 235 5514 1741 5571; baseline 0 -2"><span class='ocrx_word' id='word_1_461' title='bbox 235 5514 386 5569; x_wconf 87' lang='lat' dir='ltr'>mins</span> <span class='ocrx_word' id='word_1_462' title='bbox 416 5515 595 5570; x_wconf 88' lang='lat' dir='ltr'>secuti</span> <span class='ocrx_word' id='word_1_463' title='bbox 627 5522 777 5571; x_wconf 85' lang='lat' dir='ltr'>sunt.</span> <span class='ocrx_word' id='word_1_464' title='bbox 809 5517 887 5571; x_wconf 92' lang='lat' dir='ltr'>De</span> <span class='ocrx_word' id='word_1_465' title='bbox 915 5517 1209 5570; x_wconf 84' lang='lat' dir='ltr'>Annalista</span> <span class='ocrx_word' id='word_1_466' title='bbox 1275 5533 1457 5570; x_wconf 81' lang='lat' dir='ltr'>axone</span> <span class='ocrx_word' id='word_1_467' title='bbox 1485 5532 1537 5570; x_wconf 72' lang='grc' dir='ltr'>γ.</span> <span class='ocrx_word' id='word_1_468' title='bbox 1572 5516 1741 5569; x_wconf 87' lang='lat' dir='ltr'>infra.</span> 
     </span>
    </p>
   </div>
   <div class='ocr_carea' id='block_1_69' title="bbox 309 5586 1934 5661">
    <p class='ocr_par' dir='ltr' id='par_1_69' title="bbox 309 5586 1934 5661">
     <span class='ocr_line' id='line_1_70' title="bbox 309 5586 1934 5661; baseline 0.001 -20"><span class='ocrx_word' id='word_1_469' title='bbox 309 5586 386 5655; x_wconf 89' lang='lat'>(3)</span> <span class='ocrx_word' id='word_1_470' title='bbox 442 5586 671 5641; x_wconf 87' lang='lat' dir='ltr'>Vossius</span> <span class='ocrx_word' id='word_1_471' title='bbox 726 5587 804 5642; x_wconf 88' lang='lat' dir='ltr'>De</span> <span class='ocrx_word' id='word_1_472' title='bbox 865 5586 997 5641; x_wconf 85' lang='lat' dir='ltr'>hist.</span> <span class='ocrx_word' id='word_1_473' title='bbox 1052 5588 1089 5641; x_wconf 90' lang='grc' dir='ltr'>Ι.</span> <span class='ocrx_word' id='word_1_474' title='bbox 1140 5604 1202 5654; x_wconf 85' lang='grc' dir='ltr'>ιι,</span> <span class='ocrx_word' id='word_1_475' title='bbox 1269 5589 1357 5655; x_wconf 80' lang='grc'>42,</span> <span class='ocrx_word' id='word_1_476' title='bbox 1406 5604 1465 5659; x_wconf 87' lang='lat' dir='ltr'>p.</span> <span class='ocrx_word' id='word_1_477' title='bbox 1525 5589 1650 5656; x_wconf 82' lang='lat'>359,</span> <span class='ocrx_word' id='word_1_478' title='bbox 1715 5586 1934 5661; x_wconf 80' lang='lat' dir='ltr'>aliique</span> 
     </span>
    </p>
   </div>
   <div class='ocr_carea' id='block_1_70' title="bbox 1702 4400 3744 4471">
    <p class='ocr_par' dir='ltr' id='par_1_70' title="bbox 1702 4400 3744 4471">
     <span class='ocr_line' id='line_1_71' title="bbox 1702 4400 3744 4471; baseline -0.001 -16"><span class='ocrx_word' id='word_1_479' title='bbox 1702 4402 1936 4471; x_wconf 84' lang='lat' dir='ltr'>Alperto</span> <span class='ocrx_word' id='word_1_480' title='bbox 1973 4403 2011 4457; x_wconf 92' lang='lat' dir='ltr'>C</span> <span class='ocrx_word' id='word_1_481' title='bbox 2040 4403 2211 4469; x_wconf 84' lang='lat' dir='ltr'>primi</span> <span class='ocrx_word' id='word_1_482' title='bbox 2241 4402 2588 4470; x_wconf 85' lang='lat' dir='ltr'>imperatoris</span> <span class='ocrx_word' id='word_1_483' title='bbox 2634 4402 2702 4455; x_wconf 91' lang='lat' dir='ltr'>ab</span> <span class='ocrx_word' id='word_1_484' title='bbox 2749 4400 3048 4455; x_wconf 84' lang='lat' dir='ltr'>Adelboldo</span> <span class='ocrx_word' id='word_1_485' title='bbox 3095 4402 3346 4470; x_wconf 85' lang='lat' dir='ltr'>episcopo</span> <span class='ocrx_word' id='word_1_486' title='bbox 3379 4400 3744 4468; x_wconf 84' lang='lat' dir='ltr'>Trajectensi,</span> 
     </span>
    </p>
   </div>
   <div class='ocr_carea' id='block_1_71' title="bbox 2051 4488 3745 4558">
    <p class='ocr_par' dir='ltr' id='par_1_71' title="bbox 2051 4488 3745 4558">
     <span class='ocr_line' id='line_1_72' title="bbox 2051 4488 3745 4558; baseline 0 -15"><span class='ocrx_word' id='word_1_487' title='bbox 2051 4493 2109 4543; x_wconf 88' lang='lat' dir='ltr'>ut</span> <span class='ocrx_word' id='word_1_488' title='bbox 2136 4489 2391 4551; x_wconf 85' lang='lat' dir='ltr'>creditur,</span> <span class='ocrx_word' id='word_1_489' title='bbox 2438 4491 2765 4558; x_wconf 88' lang='lat' dir='ltr'>conscripta.</span> <span class='ocrx_word' id='word_1_490' title='bbox 2816 4490 2938 4553; x_wconf 86' lang='lat' dir='ltr'>Qua</span> <span class='ocrx_word' id='word_1_491' title='bbox 2991 4489 3330 4543; x_wconf 87' lang='lat' dir='ltr'>auctoritate</span> <span class='ocrx_word' id='word_1_492' title='bbox 3374 4488 3555 4542; x_wconf 86' lang='lat' dir='ltr'>fretus</span> <span class='ocrx_word' id='word_1_493' title='bbox 3585 4490 3745 4543; x_wconf 85' lang='lat' dir='ltr'>Cret-</span> 
     </span>
    </p>
   </div>
   <div class='ocr_carea' id='block_1_72' title="bbox 2051 4576 3749 4647">
    <p class='ocr_par' dir='ltr' id='par_1_72' title="bbox 2051 4576 3749 4647">
     <span class='ocr_line' id='line_1_73' title="bbox 2051 4576 3749 4647; baseline 0.001 -18"><span class='ocrx_word' id='word_1_494' title='bbox 2051 4593 2142 4630; x_wconf 90' lang='lat' dir='ltr'>ser</span> <span class='ocrx_word' id='word_1_495' title='bbox 2162 4593 2279 4631; x_wconf 91' lang='lat' dir='ltr'>non</span> <span class='ocrx_word' id='word_1_496' title='bbox 2327 4577 2449 4630; x_wconf 86' lang='lat' dir='ltr'>sine</span> <span class='ocrx_word' id='word_1_497' title='bbox 2493 4577 2849 4632; x_wconf 62' lang='lat' dir='ltr'>haesitatione</span> <span class='ocrx_word' id='word_1_498' title='bbox 2892 4578 3166 4647; x_wconf 77' lang='lat' dir='ltr'>quadam,</span> <span class='ocrx_word' id='word_1_499' title='bbox 3222 4576 3323 4647; x_wconf 91' lang='lat' dir='ltr'>qui</span> <span class='ocrx_word' id='word_1_500' title='bbox 3370 4593 3501 4630; x_wconf 85' lang='lat' dir='ltr'>vero</span> <span class='ocrx_word' id='word_1_501' title='bbox 3548 4581 3749 4647; x_wconf 87' lang='lat' dir='ltr'>postea</span> 
     </span>
    </p>
   </div>
   <div class='ocr_carea' id='block_1_73' title="bbox 2050 4666 3748 4737">
    <p class='ocr_par' dir='ltr' id='par_1_73' title="bbox 2050 4666 3748 4737">
     <span class='ocr_line' id='line_1_74' title="bbox 2050 4666 3748 4737; baseline 0.001 -17"><span class='ocrx_word' id='word_1_502' title='bbox 2050 4668 2154 4720; x_wconf 92' lang='lat' dir='ltr'>hac</span> <span class='ocrx_word' id='word_1_503' title='bbox 2182 4668 2251 4720; x_wconf 89' lang='lat' dir='ltr'>de</span> <span class='ocrx_word' id='word_1_504' title='bbox 2278 4682 2337 4719; x_wconf 91' lang='lat' dir='ltr'>re</span> <span class='ocrx_word' id='word_1_505' title='bbox 2371 4666 2643 4736; x_wconf 88' lang='lat' dir='ltr'>disputati</span> <span class='ocrx_word' id='word_1_506' title='bbox 2686 4673 2840 4733; x_wconf 88' lang='lat' dir='ltr'>sunt,</span> <span class='ocrx_word' id='word_1_507' title='bbox 2892 4672 3167 4737; x_wconf 88' lang='lat' dir='ltr'>tanquam</span> <span class='ocrx_word' id='word_1_508' title='bbox 3210 4683 3269 4720; x_wconf 88' lang='lat' dir='ltr'>re</span> <span class='ocrx_word' id='word_1_509' title='bbox 3301 4671 3459 4721; x_wconf 83' lang='lat' dir='ltr'>extra</span> <span class='ocrx_word' id='word_1_510' title='bbox 3508 4666 3748 4721; x_wconf 88' lang='lat' dir='ltr'>dubium</span> 
     </span>
    </p>
   </div>
   <div class='ocr_carea' id='block_1_74' title="bbox 2047 4754 3740 4826">
    <p class='ocr_par' dir='ltr' id='par_1_74' title="bbox 2047 4754 3740 4826">
     <span class='ocr_line' id='line_1_75' title="bbox 2047 4754 3740 4826; baseline 0.001 -19"><span class='ocrx_word' id='word_1_511' title='bbox 2047 4755 2260 4825; x_wconf 89' lang='lat' dir='ltr'>posita,</span> <span class='ocrx_word' id='word_1_512' title='bbox 2304 4756 2457 4809; x_wconf 86' lang='lat' dir='ltr'>hunc</span> <span class='ocrx_word' id='word_1_513' title='bbox 2512 4755 2825 4809; x_wconf 85' lang='lat' dir='ltr'>Adelboldo</span> <span class='ocrx_word' id='word_1_514' title='bbox 2912 4756 3303 4826; x_wconf 85' lang='lat' dir='ltr'>ascripserunt</span> <span class='ocrx_word' id='word_1_515' title='bbox 3375 4754 3453 4826; x_wconf 85' lang='lat'>(5)</span> <span class='ocrx_word' id='word_1_516' title='bbox 3508 4755 3740 4821; x_wconf 88' lang='lat' dir='ltr'>librum,</span> 
     </span>
    </p>
   </div>
   <div class='ocr_carea' id='block_1_75' title="bbox 2049 4844 3746 4914">
    <p class='ocr_par' dir='ltr' id='par_1_75' title="bbox 2049 4844 3746 4914">
     <span class='ocr_line' id='line_1_76' title="bbox 2049 4844 3746 4914; baseline 0 -18"><span class='ocrx_word' id='word_1_517' title='bbox 2049 4859 2223 4913; x_wconf 87' lang='lat' dir='ltr'>quem</span> <span class='ocrx_word' id='word_1_518' title='bbox 2249 4859 2448 4897; x_wconf 92' lang='lat' dir='ltr'>omnes</span> <span class='ocrx_word' id='word_1_519' title='bbox 2480 4844 2719 4897; x_wconf 89' lang='lat' dir='ltr'>summis</span> <span class='ocrx_word' id='word_1_520' title='bbox 2766 4844 3033 4898; x_wconf 88' lang='lat' dir='ltr'>laudibus</span> <span class='ocrx_word' id='word_1_521' title='bbox 3087 4844 3417 4899; x_wconf 88' lang='lat' dir='ltr'>extulerunt</span> <span class='ocrx_word' id='word_1_522' title='bbox 3465 4848 3519 4897; x_wconf 88' lang='lat' dir='ltr'>et</span> <span class='ocrx_word' id='word_1_523' title='bbox 3571 4859 3746 4914; x_wconf 88' lang='lat' dir='ltr'>quam</span> 
     </span>
    </p>
   </div>
   <div class='ocr_carea' id='block_1_76' title="bbox 2048 4932 3745 5004">
    <p class='ocr_par' dir='ltr' id='par_1_76' title="bbox 2048 4932 3745 5004">
     <span class='ocr_line' id='line_1_77' title="bbox 2048 4932 3745 5004; baseline 0.001 -19"><span class='ocrx_word' id='word_1_524' title='bbox 2048 4932 2530 5002; x_wconf 88' lang='lat' dir='ltr'>pretiosissimum</span> <span class='ocrx_word' id='word_1_525' title='bbox 2606 4933 2966 5004; x_wconf 89' lang='lat' dir='ltr'>antiquitatis</span> <span class='ocrx_word' id='word_1_526' title='bbox 3040 4939 3481 4988; x_wconf 89' lang='lat' dir='ltr'>monumentum</span> <span class='ocrx_word' id='word_1_527' title='bbox 3528 4933 3745 4987; x_wconf 87' lang='lat' dir='ltr'>habue-</span> 
     </span>
    </p>
   </div>
   <div class='ocr_carea' id='block_1_77' title="bbox 2050 5028 2203 5075">
    <p class='ocr_par' dir='ltr' id='par_1_77' title="bbox 2050 5028 2203 5075">
     <span class='ocr_line' id='line_1_78' title="bbox 2050 5028 2203 5075; baseline -0.013 -2"><span class='ocrx_word' id='word_1_528' title='bbox 2050 5028 2203 5075; x_wconf 89' lang='lat' dir='ltr'>runt.</span> 
     </span>
    </p>
   </div>
   <div class='ocr_carea' id='block_1_78' title="bbox 2116 5108 3746 5179">
    <p class='ocr_par' dir='ltr' id='par_1_78' title="bbox 2116 5108 3746 5179">
     <span class='ocr_line' id='line_1_79' title="bbox 2116 5108 3746 5179; baseline 0.001 -18"><span class='ocrx_word' id='word_1_529' title='bbox 2116 5108 2327 5162; x_wconf 86' lang='lat' dir='ltr'>Verum</span> <span class='ocrx_word' id='word_1_530' title='bbox 2378 5109 2694 5173; x_wconf 84' lang='lat' dir='ltr'>enimvero,</span> <span class='ocrx_word' id='word_1_531' title='bbox 2746 5126 2804 5164; x_wconf 92' lang='lat' dir='ltr'>re</span> <span class='ocrx_word' id='word_1_532' title='bbox 2864 5110 3183 5164; x_wconf 87' lang='lat' dir='ltr'>accuratius</span> <span class='ocrx_word' id='word_1_533' title='bbox 3239 5114 3557 5179; x_wconf 88' lang='lat' dir='ltr'>perspecta,</span> <span class='ocrx_word' id='word_1_534' title='bbox 3602 5108 3746 5162; x_wconf 90' lang='lat' dir='ltr'>inte-</span> 
     </span>
    </p>
   </div>
   <div class='ocr_carea' id='block_1_79' title="bbox 2052 5236 2820 5373">
    <p class='ocr_par' dir='ltr' id='par_1_79' title="bbox 2052 5236 2820 5373">
     <span class='ocr_line' id='line_1_80' title="bbox 2052 5236 2237 5289; baseline -0.005 0"><span class='ocrx_word' id='word_1_535' title='bbox 2052 5236 2237 5289; x_wconf 89' lang='lat' dir='ltr'>multi.</span> 
     </span>
     <span class='ocr_line' id='line_1_81' title="bbox 2122 5306 2820 5373; baseline 0 -14"><span class='ocrx_word' id='word_1_536' title='bbox 2122 5306 2199 5373; x_wconf 79' lang='grc'>(4)</span> <span class='ocrx_word' id='word_1_537' title='bbox 2224 5307 2286 5359; x_wconf 85' lang='grc' dir='ltr'><strong>ν.</strong></span> <span class='ocrx_word' id='word_1_538' title='bbox 2318 5306 2377 5359; x_wconf 88' lang='lat' dir='ltr'>in</span> <span class='ocrx_word' id='word_1_539' title='bbox 2406 5306 2456 5360; x_wconf 91' lang='lat' dir='ltr'>S.</span> <span class='ocrx_word' id='word_1_540' title='bbox 2484 5306 2730 5360; x_wconf 84' lang='lat' dir='ltr'>Henrico</span> <span class='ocrx_word' id='word_1_541' title='bbox 2753 5306 2820 5359; x_wconf 88' lang='lat' dir='ltr'>Il.</span> 
     </span>
    </p>
   </div>
   <div class='ocr_carea' id='block_1_80' title="bbox 2120 5368 3745 5447">
    <p class='ocr_par' dir='ltr' id='par_1_80' title="bbox 2120 5368 3745 5447">
     <span class='ocr_line' id='line_1_82' title="bbox 2120 5368 3745 5447; baseline -0.001 -18"><span class='ocrx_word' id='word_1_542' title='bbox 2120 5368 2197 5447; x_wconf 68' lang='lat'>(5}</span> <span class='ocrx_word' id='word_1_543' title='bbox 2234 5377 2482 5431; x_wconf 88' lang='lat' dir='ltr'>Leibnitz</span> <span class='ocrx_word' id='word_1_544' title='bbox 2515 5378 2608 5431; x_wconf 90' lang='lat' dir='ltr'>SS.</span> <span class='ocrx_word' id='word_1_545' title='bbox 2652 5378 2713 5431; x_wconf 86' lang='lat' dir='ltr'>R.</span> <span class='ocrx_word' id='word_1_546' title='bbox 2769 5378 2856 5430; x_wconf 86' lang='lat' dir='ltr'>Br.</span> <span class='ocrx_word' id='word_1_547' title='bbox 2893 5376 2933 5429; x_wconf 91' lang='grc' dir='ltr'>Ι.</span> <span class='ocrx_word' id='word_1_548' title='bbox 2992 5375 3163 5447; x_wconf 72' lang='lat' dir='ltr'>Praef.</span> <span class='ocrx_word' id='word_1_549' title='bbox 3198 5390 3265 5447; x_wconf 79' lang='lat' dir='ltr'>n._</span> <span class='ocrx_word' id='word_1_550' title='bbox 3316 5375 3384 5428; x_wconf 86' lang='grc'>20</span> <span class='ocrx_word' id='word_1_551' title='bbox 3404 5390 3430 5447; x_wconf 69' lang='grc' dir='ltr'>;Δ</span> <span class='ocrx_word' id='word_1_552' title='bbox 3472 5373 3745 5447; x_wconf 72' lang='lat' dir='ltr'>Sollerius</span> 
     </span>
    </p>
   </div>
   <div class='ocr_carea' id='block_1_81' title="bbox 2045 5444 3742 5519">
    <p class='ocr_par' dir='ltr' id='par_1_81' title="bbox 2045 5444 3742 5519">
     <span class='ocr_line' id='line_1_83' title="bbox 2045 5444 3742 5519; baseline -0.001 -19"><span class='ocrx_word' id='word_1_553' title='bbox 2045 5444 2188 5501; x_wconf 80' lang='lat' dir='ltr'>Acta</span> <span class='ocrx_word' id='word_1_554' title='bbox 2241 5448 2333 5503; x_wconf 93' lang='lat' dir='ltr'>SS.</span> <span class='ocrx_word' id='word_1_555' title='bbox 2387 5448 2522 5503; x_wconf 84' lang='lat' dir='ltr'>Julii</span> <span class='ocrx_word' id='word_1_556' title='bbox 2580 5449 2652 5517; x_wconf 86' lang='lat' dir='ltr'>II,</span> <span class='ocrx_word' id='word_1_557' title='bbox 2695 5464 2753 5519; x_wconf 89' lang='lat' dir='ltr'>p.</span> <span class='ocrx_word' id='word_1_558' title='bbox 2813 5449 2935 5502; x_wconf 80' lang='lat'><strong>723.</strong></span> <span class='ocrx_word' id='word_1_559' title='bbox 2990 5446 3154 5500; x_wconf 79' lang='lat' dir='ltr'>Rivet</span> <span class='ocrx_word' id='word_1_560' title='bbox 3202 5445 3341 5500; x_wconf 87' lang='lat' dir='ltr'>Hist.</span> <span class='ocrx_word' id='word_1_561' title='bbox 3396 5444 3567 5500; x_wconf 88' lang='lat' dir='ltr'>litter.</span> <span class='ocrx_word' id='word_1_562' title='bbox 3625 5445 3742 5511; x_wconf 86' lang='lat' dir='ltr'>VII,</span> 
     </span>
    </p>
   </div>
   <div class='ocr_carea' id='block_1_82' title="bbox 2044 5519 2393 5587">
    <p class='ocr_par' dir='ltr' id='par_1_82' title="bbox 2044 5519 2393 5587">
     <span class='ocr_line' id='line_1_84' title="bbox 2044 5519 2393 5587; baseline 0.006 -17"><span class='ocrx_word' id='word_1_563' title='bbox 2044 5534 2102 5587; x_wconf 76' lang='grc' dir='ltr'><strong>ρ.</strong></span> <span class='ocrx_word' id='word_1_564' title='bbox 2128 5522 2252 5585; x_wconf 76' lang='lat'><strong>252,</strong></span> <span class='ocrx_word' id='word_1_565' title='bbox 2277 5519 2393 5574; x_wconf 90' lang='lat' dir='ltr'>alii.</span> 
     </span>
    </p>
   </div>
  </div>
