3950 6302
217 299 348 350 1087

1241 295 1695 351 ADELBOLDUS
1731 296 1894 352 TRAJ
1906 296 2237 352 ECTENSIS
2280 295 2675 351 EPISCOPUS.

3590 299 3726 348 1088

209 435 380 490 grum
409 419 527 474 fere
557 435 702 490 opus
732 434 801 472 ex
829 418 1156 473 Thietmaro
1178 419 1526 488 descriptum
1554 418 1903 488 reperimus;
1945 423 1987 474 A
2017 419 2310 489 quomodo
2365 419 2731 486 Adelboldus,
2809 419 2972 488 cujus
3019 435 3162 489 opus
3215 421 3338 488 jam
3379 420 3616 488 Alperto
3670 436 3722 473 c.

212 508 273 561 id
320 507 471 578 quod
534 507 776 579 primus,
839 507 952 561 nisi
1016 508 1202 576 fallor,
1264 508 1486 562 Stenzel
1531 507 1756 561 monuit
1807 507 1903 577 (6.)

213 596 528 650 Thietmari
584 596 978 650 narrationem
1040 596 1162 649 dico
1229 595 1590 666 descriptam,
1656 612 1770 650 non
1826 597 1907 650 ita

212 683 468 754 quidem,
525 689 590 738 ut
640 685 876 738 verbum
923 684 1158 738 verbum
1207 684 1504 754 exprimat,
1563 684 1662 738 sed
1711 689 1772 738 ut
1817 701 1907 738 res

213 777 440 826 tantum
471 789 586 826 non
617 789 816 826 omnes
847 788 912 826 ex
943 772 1043 826 illo
1071 772 1185 826 sint
1215 772 1451 838 haustae,
1485 773 1684 827 eodem
1715 773 1905 842 modo,

215 860 417 914 ordine
447 865 505 914 et
531 877 699 914 sensu
726 861 940 914 relatae.
975 860 1250 924 Quaedam
1281 860 1422 914 Vitae
1451 866 1649 914 auctor
1691 861 1904 928 omisit,

215 948 312 1001 sed
339 965 411 1003 ne
441 964 617 1002 unam
672 948 907 1019 quidem
955 965 1074 1002 rem
1136 949 1454 1018 graviorem
1506 949 1575 1003 de
1629 965 1732 1002 suo
1760 949 1907 1020 adje-

213 1035 292 1089 cit
350 1035 453 1106 (7);
507 1036 703 1090 multis
759 1035 900 1089 locis
951 1053 1086 1090 vero
1144 1037 1458 1091 Thietmari
1513 1038 1906 1092 narrationem

212 1123 529 1192 ampliavit,
567 1125 812 1190 ornavit,
840 1129 897 1178 et
942 1129 1004 1178 ut
1049 1125 1158 1179 sibi
1207 1125 1504 1180 videbatur
1567 1127 1904 1194 illustravit;

211 1213 308 1265 sed
357 1213 464 1266 hoc
507 1213 695 1266 studio
746 1213 971 1267 illectus
1019 1229 1241 1268 errores
1293 1231 1410 1268 non
1453 1215 1603 1269 leves
1646 1220 1701 1269 et
1738 1215 1908 1270 inter-

211 1299 348 1353 dum
375 1299 511 1354 satis
541 1299 811 1354 ridiculos
841 1301 1147 1366 commisit,
1175 1302 1372 1365 multa,
1425 1302 1536 1356 nisi
1591 1303 1752 1356 valde
1800 1303 1903 1357 fal-

209 1388 318 1456 lor,
370 1393 433 1442 ut
503 1389 805 1444 historiam
886 1391 1149 1444 redderet
1207 1392 1618 1461 elegantiorem
1677 1398 1733 1446 et
1784 1397 1904 1446 arte

211 1477 459 1546 quadam
492 1483 882 1548 componeret,
915 1495 982 1532 ex
1005 1478 1236 1548 ingenio
1269 1479 1448 1534 ﬁnxit.
1485 1482 1624 1534 Nam
1675 1481 1904 1535 dicendi

210 1580 420 1634 genere
454 1581 589 1618 usus
618 1570 703 1619 est
729 1566 884 1620 culto
919 1572 1089 1636 atque
1124 1572 1348 1633 ornato,
1377 1568 1693 1634 antithetis,
1741 1569 1904 1623 dictis

210 1653 529 1707 moralibus
559 1658 618 1706 et
648 1654 1062 1724 pbilosophicis
1114 1656 1506 1710 narrationem
1543 1658 1800 1726 variavit,
1845 1663 1901 1712 et
1940 1694 1981 1748 Β

208 1758 340 1796 cum
370 1758 461 1795 res
490 1742 828 1813 negligeret,
861 1744 1181 1799 orationem
1233 1761 1407 1815 quam
1461 1747 1705 1800 maxime
1737 1762 1900 1800 cura-

210 1830 310 1885 vit.
345 1831 410 1884 In
442 1831 773 1902 praefatione
803 1832 1040 1903 quidem
1087 1833 1394 1887 utilitatem
1439 1838 1494 1888 et
1523 1835 1824 1889 veritatem
1872 1852 1904 1889 a

209 1935 406 1973 rerum
432 1920 707 1990 scriptore
747 1936 867 1974 esse
923 1921 1236 1992 poscendas
1285 1927 1477 1975 noster
1519 1922 1706 1978 dixit:
1751 1923 1904 1978 utili-

209 2011 408 2074 tatem,
436 2013 500 2062 ut
530 2009 766 2062 lectores
815 2009 985 2063 rebus
1041 2009 1406 2077 erudiantur;
1461 2011 1782 2078 veritatem,
1832 2028 1903 2065 ne

209 2100 411 2148 auctor
462 2096 750 2150 adulando
808 2112 940 2150 vera
1017 2101 1219 2164 taceat,
1283 2098 1422 2151 falsa
1479 2099 1748 2168 proferat.
1797 2100 1904 2155 Sed

208 2182 396 2253 ipsum
451 2184 634 2254 magis
689 2185 850 2238 illam
889 2189 1166 2240 sectatum
1216 2202 1337 2241 esse
1375 2187 1537 2240 facile
1594 2194 1678 2242 est
1732 2188 1902 2242 intel-

209 2271 361 2325 lectu
392 2311 405 2325 .
441 2272 771 2326 Heinricum
805 2271 1018 2344 ubique
1038 2273 1303 2328 laudibus
1327 2275 1500 2329 nimis
1517 2276 1754 2343 extollit,
1779 2277 1904 2347 ejus

210 2359 550 2414 electionem
583 2377 698 2414 non
742 2361 865 2415 sine
908 2363 1162 2432 partium
1212 2364 1399 2418 studio
1439 2370 1652 2431 narrat,
1705 2372 1904 2437 postea

211 2463 443 2519 quoque
487 2449 668 2502 multa
725 2448 784 2502 in
837 2449 960 2518 ejus
1003 2456 1242 2504 exornat
1301 2451 1553 2507 favorem
1597 2455 1698 2523 (8).
1769 2455 1902 2508 ldeo

209 2536 384 2591 etiam
419 2552 546 2606 quae
577 2537 669 2590 hic
693 2537 811 2591 illic
865 2543 1142 2609 tanquam
1187 2539 1257 2594 de
1301 2557 1425 2606 suo,
1478 2543 1739 2612 quamvis
1789 2560 1903 2597 non

210 2623 406 2692 magni
435 2625 734 2692 momenti,
781 2625 986 2696 adjecit
1037 2627 1132 2698 (9),
1195 2628 1548 2683 sublestioris
1595 2647 1716 2684 esse
1767 2631 1904 2685 ﬁdei

211 2711 354 2766 mihi
385 2711 672 2766 videntur.

277 2802 414 2866 Quae
444 2819 574 2856 cum
621 2803 700 2856 ita
751 2803 882 2871 sint,
933 2821 1006 2859 an
1056 2805 1148 2860 hic
1198 2807 1345 2861 liber
1389 2808 1724 2878 Adelboldo,
1785 2810 1904 2863 viro

212 2889 299 2943 sui
343 2891 620 2961 temporis
649 2908 896 2960 summo,
948 2893 1048 2964 qui
1094 2894 1166 2948 ab
1209 2895 1439 2949 Hen.ico
1480 2896 1539 2950 in
1580 2898 1749 2950 rebus
1796 2915 1902 2968 pu-

2019 525 2074 562 a.
2135 511 2260 562 1021
2318 513 2522 561 notum
2576 512 2716 571 erat,
2768 507 3082 561 Thietmari
3143 507 3441 561 historiam
3482 524 3532 561 a.
3586 509 3726 560 1018

2017 595 2334 650 absolutam
2363 601 2421 649 et
2449 612 2519 649 ne
2575 601 2712 649 tunc
2759 595 2996 666 quidem
3042 599 3106 649 ut
3133 596 3360 649 videtur
3397 596 3467 648 ad
3499 600 3726 648 exteros

2013 685 2370 751 translatam,
2402 684 2703 754 acceperit,
2726 699 2841 736 non
2869 683 3033 737 facile
3063 689 3150 737 est
3181 684 3513 737 'intellectu.
3575 683 3727 736 Nota

2016 791 2084 829 ex
2113 774 2308 828 codice
2339 790 2512 844 supra
2541 773 2712 828 allata
2743 773 3048 828 recentiori
3101 789 3273 827 manu
3331 773 3543 843 scripta
3594 789 3715 826 non

2013 877 2285 931 magnam
2359 861 2593 916 habebit
2665 862 3082 927 auctoritatem,
3164 861 3275 914 nisi
3336 860 3511 929 dicas,
3581 876 3718 914 cum

2014 949 2366 1004 Adelboldus
2397 949 2648 1003 Heinrici
2683 949 2864 1002 Vitam
2895 949 3206 1019 scripserit,
3240 950 3408 1014 hanc,
3441 964 3571 1018 quae
3597 949 3723 1000 sola

2013 1043 2225 1109 praeter
2256 1038 2735 1108 Bambergensem
2767 1038 2924 1090 illam
2955 1042 3154 1102 exstat,
3205 1036 3316 1106 ipsi
3345 1035 3720 1105 potissimum

2013 1142 2136 1180 esse
2181 1125 2566 1180 tribuendam.
2614 1125 2738 1190 Cui,
2770 1125 2818 1178 si
2871 1130 3074 1179 caetera
3112 1129 3458 1195 repugnant,
3511 1124 3720 1177 saltem

2016 1215 2243 1269 dicendi
2271 1230 2452 1284 genus
2485 1215 2702 1284 optime
2729 1215 3036 1267 convenire
3068 1214 3311 1267 videtur.

2083 1302 2428 1356 Adelboldus
2477 1303 2631 1356 enim
2679 1302 2740 1355 in
2811 1302 3178 1355 monasterio'
3214 1300 3498 1366 Lobiensi,
3559 1311 3723 1371 quod

2011 1394 2149 1444 tunc
2201 1390 2490 1460 praecipuo
2561 1389 2881 1444 litterarum
2959 1389 3148 1443 studio
3209 1389 3551 1455 iexcellebat,
3609 1389 3721 1443 sub

2013 1480 2260 1548 Notgero
2291 1479 2560 1548 episcopo
2595 1477 2894 1532 Leodiensi
2945 1478 3058 1546 (ll)
3095 1482 3266 1548 atque
3314 1477 3519 1530 abbate
3570 1478 3719 1530 cele-

2011 1566 2262 1620 berrimo
2300 1565 2594 1636 Herigero,
2623 1567 2722 1634 qui
2749 1586 2769 1612 ι
2806 1565 2910 1618 sub
2949 1581 3052 1618 sua
3079 1571 3138 1618 et
3165 1564 3440 1618 Adelbodi
3461 1581 3719 1635 persona

2013 1655 2303 1724 dialogum
2332 1654 2401 1708 de
2433 1655 2786 1708 dissonantia
2815 1655 3065 1708 ecclesiae
3096 1654 3166 1708 de
3199 1653 3448 1708 adventu
3480 1653 3724 1707 Domini

2015 1742 2241 1812 scripsit
2269 1743 2414 1812 (12),
2466 1761 2493 1793 ι)
2527 1742 2816 1808 educatus,
2867 1742 3125 1808 scientia,
3179 1741 3440 1795 doctrina
3479 1741 3720 1795 litteris-

2014 1846 2146 1901 que,
2180 1846 2308 1901 qute
2336 1835 2473 1884 tunc
2501 1832 2563 1883 in
2605 1830 2971 1901 Lotharingia
3001 1830 3304 1896 florebant,
3361 1830 3714 1900 grammati-

2011 1919 2111 1985 cis,
2179 1917 2606 1988 philosophicis,
2683 1917 3120 1984 mathematicis,
3188 1917 3351 1971 valde
3413 1918 3714 1972 excelluit.

2012 2007 2385 2062 Scholasticas
2418 2007 2659 2061 Romam
2688 2007 2975 2076 profectus
3030 2011 3136 2072 est,
3166 2006 3379 2077 ibique,
3432 2011 3498 2060 ut
3543 2006 3709 2060 vide-

2012 2101 2124 2163 tur,
2167 2097 2436 2150 Gerberto
2460 2097 2582 2164 jam
2613 2112 2774 2166 papae
2807 2095 2983 2149 electo
3013 2096 3316 2166 epistolam
3379 2095 3449 2149 de
3501 2095 3720 2149 crassi-

2011 2184 2211 2238 tudine
2237 2185 2475 2254 sphzeraa
2505 2184 2710 2237 direxit
2741 2184 2876 2254 (13),
2921 2189 2977 2238 et
3011 2184 3232 2254 scriptis
3273 2183 3547 2238 Bernonis
3598 2188 3718 2239 Au-

2012 2273 2225 2343 giensis
2255 2272 2544 2336 excitatus,
2580 2289 2693 2342 quo
2725 2277 2984 2342 tempore
3015 2273 3220 2326 festum
3279 2273 3554 2326 adventus
3596 2274 3716 2326 Do-

2014 2361 2155 2415 mini
2209 2360 2616 2415 celebrandum
2686 2361 2778 2428 sit,
2824 2361 3122 2432 inquisivit
3169 2362 3303 2428 (14).
3350 2363 3515 2414 Anno
3573 2363 3719 2416 1010

2013 2450 2313 2520 episcopus
2345 2449 2770 2520 Ultrajectensis
2801 2449 3012 2502 electus
3067 2449 3196 2520 (15),
3229 2449 3399 2503 rebus
3456 2449 3713 2519 publicis

2012 2539 2296 2605 incubuit,
2353 2538 2503 2592 bella
2555 2538 2804 2608 plurima
2855 2542 2914 2592 et
2965 2537 3301 2609 gravissima
3349 2537 3524 2608 gessit
3574 2538 3716 2608 (16),

2013 2627 2275 2682 ecclesias
2305 2631 2360 2680 et
2389 2627 2737 2680 monasteria
2794 2627 3155 2692 restauravit,
3215 2632 3271 2680 et
3300 2642 3570 2695 magnam
3604 2626 3719 2680 sibi

2013 2715 2226 2769 famam
2259 2731 2362 2786 per
2413 2720 2602 2769 totum
2651 2730 2894 2785 regnum
2940 2714 3260 2768 conciliavit
3311 2717 3440 2780 (17).
3484 2714 3718 2768 Ultimis

2013 2804 2144 2858 vitae
2171 2803 2334 2856 annis
2366 2803 2764 2857 monachicum
2824 2803 3084 2857 habitum
3112 2802 3321 2868 induit,
3355 2807 3411 2856 et
3466 2818 3570 2872 per
3607 2803 3714 2857 ali-

2014 2893 2171 2962 quod
2210 2897 2438 2962 tempus
2513 2892 2685 2944 etiam
2736 2891 3040 2946 diceceseos
3099 2890 3595 2945 administratione
3653 2909 3717 2946 se

208 2977 371 3032 blicis
403 2995 520 3033 non
554 2994 682 3034 raro
729 2985 813 3034 est
849 2981 1142 3036 adhibitus
1172 2983 1302 3052 (10),
1333 2984 1507 3038 tribui
1542 2986 1736 3054 possit,
1789 3001 1906 3038 non
1944 2970 1982 3023 (ἶ
2016 2981 2316 3048 abdicavit,
2374 2996 2548 3050 quam
2605 2985 2800 3033 tamen
2877 2983 3076 3050 postea
3135 2979 3346 3050 recepit
3391 2981 3489 3048 (8).
3561 2979 3724 3034 Obiit

210 3066 332 3121 sine
381 3084 553 3122 causa
613 3068 864 3123 dubitari
916 3085 1085 3140 posse
1149 3071 1395 3125 videtur.
1463 3073 1696 3126 Accedit
1753 3075 1907 3144 quod

284 3222 364 3297 (6)
397 3223 551 3297 Quae
575 3223 634 3277 in
685 3223 1029 3297 contrariam
1068 3227 1410 3282 sententiam
1439 3229 1696 3283 Gontzen
1747 3230 1902 3297 (Ges-

211 3292 642 3366 chichtscreiber,
677 3312 732 3366 p.
771 3296 913 3364 145),
940 3298 1129 3350 attulit
1177 3299 1392 3352 nullius
1449 3316 1569 3354 esse
1627 3292 1906 3355 momenti

203 3364 324 3432 jam
357 3364 497 3418 alibi
527 3365 662 3418 dixi.

279 3434 362 3512 (7)
392 3435 470 3489 Ea
500 3443 727 3490 tantum
753 3453 882 3508 quae
913 3438 983 3492 de
1016 3439 1236 3493 Ottonis
1267 3441 1341 3494 IlI
1371 3457 1609 3512 corpore
1658 3441 1719 3494 in
1768 3444 1904 3497 Ger-

209 3509 800 3582 maniam_repo_rta_to_
859 3515 1166 3582 narrantur
1231 3516 1287 3565 et
1353 3509 1618 3582 quaidam
1663 3511 1904 3568 minoris

209 3576 489 3655 momenti
517 3577 672 3647 apud
700 3579 1097 3655 Thietma_rum
1127 3581 1338 3635 frustra
1368 3576 1684 3655 quaesieris.

280 3648 354 3724 (8)
403 3648 463 3702 E.
508 3664 618 3724 gr.,
662 3664 729 3724 c._
760 3655 816 3724 7,
857 3651 1028 3724 verba
1077 3667 1205 3722 quae
1259 3648 1406 3723 regi‘
1427 3655 1650 3719 tribuit,
1705 3671 1752 3708 c.
1815 3659 1899 3724 13,

210 3718 623 3794 de‘llcrmanni
647 3719 999 3794 subjectione
1029 3718 1112 3788 ;c'.
1136 3725 1222 3790 38,
1267 3718 1516 3794 de'regis
1556 3718 1768 3779 animo.

394 3789 452 3841 E.
514 3805 624 3865 ὅτε,
674 3806 724 3865 ε.
757 3791 874 3865 Δ17,
920 3789 1213 3846 ωιωθιεας
1244 3789 1542 3865 utriusque
1600 3797 1900 3863 exercitus,

209 3874 256 3911 c.
289 3859 383 3934 34,
415 3873 542 3934 q_u_a§
572 3860 642 3913 de
674 3861 996 3932 Helmigero
1027 3865 1323 3934 capellano
1350 3859 1700 3920 inseruntur.

279 3929 393 4006 (_1_0)
416 3929 794 4006 _'I‘_hiet_marus
825 3929 898 4006 vf,
932 3936 1019 3988 50.
1070 3929 1337 4004 Adpertus
1395 3953 1452 4003 ιι,
1493 3941 1544 4005 3,
1582 3941 1667 4002 10,
1700 3941 1785 4006 13,
1808 3942 1897 3992 21.

211 3999 485 4079 Baldarici
548 4002 802 4079 Chron.
864 4005 1019 4079 Cam.
1104 3999 1182 4079 ui,
1254 4007 1338 4072 14,
1420 3999 1540 4062 1’7.’
1575 3999 1902 4079 δὶςθὺόῐιιιε

210 4085 260 4122 a.
319 4071 471 4147 1004.
501 4071 1184 4147 Αᾼάεὼοιᾱιιῃιᾙθῐιινὶοἰ
1243 4071 1667 4134 οειῄοθιιειιιὶιιων
1701 4080 1897 4147 fuisse,

211 4142 362 4220 quod
422 4141 1266 4220 :l‘rithemiustdicit“(Chron.
1346 4152 1475 4205 Hirs
1526 4168 1562 4217 ι,
1627 4167 1684 4220 ρ.
1754 4141 1896 4220 150),

209 4212 1153 4304 aperte‘falsumfst'.‘licitaIChron.
1179 4221 1377 4289 Ultraj.
1414 4222 1520 4304 (ed‘.
1550 4212 1719 4304 Ἠιίτλ
1729 4212 1892 4304 ¹1643,
1934 4250 1978 4304 D

208 4296 264 4349 p.
323 4285 410 4348 37)
480 4283 669 4361 ip_su_m
725 4287 952 4361 H_e_nrici
1009 4290 1147 4343 dicit
1205 4283 1630 4361 proconsulem,
1682 4283 1890 4346 Chron.

210 4367 480 4435 magnum
515 4355 673 4435 Belg.
725 4358 952 4435 (Pistor.
1006 4361 1101 4428 Ill,
1135 4355 1359 4431 p.105)
1387 4355 1663 4416 eximium
1708 4363 1898 4434 impe—

208 4427 415 4476 ratoris
446 4427 859 4483 conciliarium.

279 4495 392 4571 (_1
423 4496 743 4571 Gestaepp.
775 4500 941 4554 Leod.
972 4502 1039 4559 II.
1075 4503 1162 4571 26,
1197 4516 1323 4571 app.
1357 4503 1604 4555 Martene
1635 4503 1751 4556 Col.
1803 4503 1894 4571 IV,

205 4579 262 4641 ρ.
293 4567 424 4641 865..
448 4597 516 4641 —_-
545 4567 870 4641 Sigebertus
901 4571 971 4624 de
1021 4570 1115 4625 SS.
1162 4567 1315 4632 eccli,
1347 4588 1395 4627 c.
1458 4576 1576 4641 138,
1625 4567 1898 4629 Αᾱθιὺοιὲ

208 4635 347 4688 dum
379 4635 648 4693 clericum
681 4640 1056 4696 Laubiensem
1088 4641 1247 4696 dicit.

270 4705 382 4776 (12)
411 4707 600 4778 Sigeb.
630 4711 666 4765 l.
696 4713 736 4776 1,
773 4729 803 4766 c
859 4714 973 4765 137.

277 4779 388 4851 (l3)
425 4781 526 4834 Pez
559 4781 721 4834 Thes.
753 4784 846 4850 ΙΙΙ,
881 4799 940 4849 ιι,
976 4798 1034 4851 p.
1069 4785 1156 4836 87.

205 4919 248 4986 Ι,
276 4849 696 4993 (Ili)3887e)rnonis
742 4853 907 4924 epist.
959 4849 1030 4906 ad
1085 4853 1396 4910 Aribonem
1438 4855 1709 4924 (Martene
1762 4858 1892 4914 σοιι.

235 4959 248 4986 ,
282 4936 337 4988 ρ.
375 4927 517 4988 387).

277 4991 385 5059 (l5)
416 4991 564 5048 Ann.
603 4994 752 5048 Hild.

277 5065 389 5130 (16)
424 5064 556 5118 Haec
599 5065 885 5134 Alpertus
915 5062 1096 5117 fusius
1125 5066 1403 5132 narravit;
1461 5067 1531 5120 cf.
1585 5067 1893 5122 Thietmar.

204 5137 574 5202 vm,13,15;
616 5133 892 5189 Balderici
953 5134 1165 5188 Chron.
1226 5135 1381 5188 Cam.
1445 5153 1524 5201 IlI,
1584 5143 1636 5203 7,
1687 5139 1892 5204 14,15.

276 5204 392 5270 (17)
443 5205 816 5259 Luculentum
862 5205 984 5274 ejus
1034 5204 1118 5258 rei
1172 5205 1566 5260 testimonium
1615 5214 1797 5261 exstat
1836 5209 1897 5262 in

202 5274 758 5348 epistolamonachi
794 5273 1088 5348 rTielensis
1120 5273 1208 5348 ad
1269 5277 1647 5348 Adelboldum
1687 5279 1898 5348 scripta

205 5344 376 5413 (Acta
401 5346 496 5402 SS.
548 5348 701 5419 Rebr.
756 5347 850 5411 Ill,
906 5363 962 5417 p.
1012 5346 1135 5416 546)
1171 5361 1243 5419 τε
1279 5347 1416 5400 Cum
1451 5349 1698 5402 scribere
1746 5344 1895 5419 cogi-

201 5421 382 5470 tarem
436 5417 702 5486 quaedam
782 5416 1057 5472 miracula
1123 5416 1332 5486 quibus
1391 5419 1662 5472 Dominus
1704 5416 1897 5474 noster

203 5486 362 5566 Jesus
398 5487 655 5542 Christus
684 5488 1024 5568 per.mer_ita
1071 5492 1283 5568 sanctae
1332 5489 1653 5568 Walburgge
1711 5491 1894 5568 Eccle-

203 5555 347 5610 siam
403 5575 565 5630 suam
624 5555 1072 5612 misericorditer
1099 5559 1310 5612 nostris
1353 5555 1713 5630 temporibus
1759 5563 1893 5616 illu-

206 5631 385 5680 strare
445 5629 712 5698 dignatus
778 5634 882 5690 est,
949 5633 1028 5694 tu,
1107 5631 1418 5698 praesulum
1480 5629 1897 5703 spectatissime

2017 3087 2068 3124 a.
2104 3071 2259 3136 1027,
2291 3069 2384 3123 die
2414 3072 2478 3122 27
2511 3068 2839 3122 novembris
2870 3069 2999 3138 (19).

2015 3227 2345 3292 Adelbolile,
2388 3226 2571 3280 menti
2623 3242 2767 3280 meae
2803 3225 3164 3285 occurrebas,
3198 3224 3405 3294 dignus
3455 3239 3524 3278 eo
3572 3239 3715 3278 mu-

2015 3313 2152 3350 nere
2174 3303 2236 3351 ut
2264 3303 2364 3350 tuo
2391 3297 2617 3350 nomini
2645 3297 2854 3367 scripta
2885 3312 3184 3358 sacrarem,
3217 3295 3352 3367 quia
3377 3365 3384 3367 _
3408 3310 3713 3367 nunquam

2015 3369 2331 3438 quidquam
2362 3372 2477 3420 tam
2538 3365 2840 3421 commode
2878 3367 3077 3438 facere
3107 3365 3249 3438 Vaut?
3280 3365 3508 3438 dicipvel
3539 3367 3714 3420 scribi

2014 3436 2220 3509 potest,
2254 3437 2395 3508 quin
2427 3439 2528 3505 [ed.
2590 3439 2836 3508 quando]
2872 3437 2928 3491 id
2961 3437 3222 3492 omnium
3253 3436 3527 3509 opinione
3567 3452 3715 3506 pro-

2013 3507 2139 3580 pria
2188 3507 2398 3562 virtute
2429 3507 2712 3580 superes.
2792 3509 2936 3562 Nota
3000 3513 3093 3580 est
3131 3509 3282 3580 enim
3339 3507 3558 3580 cunctis
3611 3513 3715 3561 tua

2014 3577 2295 3634 excellens
2320 3577 2622 3648 sapientia,
2653 3595 3015 3649 summaeque
3044 3578 3132 3631 vir
3185 3577 3410 3632 virtutis
3457 3583 3514 3649 et
3563 3593 3711 3631 con-

2014 3651 2125 3704 silii
2157 3651 2372 3720 ubique
2398 3650 2745 3719 praedicaris.
2782 3648 3052 3704 Omnium
3085 3665 3316 3718 quoque
3337 3648 3559 3718 judicio
3585 3665 3715 3720 non

2014 3723 2201 3775 solum
2272 3719 2448 3787 domi,
2517 3722 2618 3775 sed
2687 3721 2860 3774 etiam
2936 3721 2996 3772 in
3063 3722 3260 3773 castris
3310 3719 3712 3788 imperialibus

2013 3791 2471 3864 praestantissimi
2511 3796 2567 3864 et
2617 3791 2975 3864 solertissimi
3025 3790 3276 3864 hominis
3326 3790 3516 3844 officia
3546 3806 3712 3864 exer-

2012 3860 2138 3917 cere
2185 3863 2602 3932 comprobaris.
2658 3862 2715 3916 Si
2775 3863 2867 3916 cui
2921 3867 3112 3914 tamen
3171 3861 3294 3915 hinc
3330 3877 3476 3932 qua:
3540 3860 3711 3932 dete

2013 3934 2254 3987 dicimus
2309 3930 2484 3987 dubia
2537 3933 2778 3986 fortasse
2847 3933 3132 3995 videntur,
3201 3930 3467 4001 rescipiat
3511 3931 3711 4001 Traje-

2011 4011 2165 4058 ctum
2223 4003 2460 4057 diversis
2516 4004 2785 4074 operibus
2841 4021 2874 4057 a
2930 4007 2993 4074 te
3052 4009 3245 4056 tamen
3302 4007 3357 4074 et
3417 4007 3708 4074 ornatam,

2009 4075 2338 4144 ibidemque
2369 4072 2580 4128 novum
2631 4073 3042 4128 monasterium
3073 4073 3264 4128 Sancti
3295 4072 3520 4126 Martini
3557 4075 3709 4144 miro

2009 4143 2262 4216 ingenio’
2305 4161 2337 4198 a
2402 4151 2456 4199 te
2522 4145 2826 4199 fundatum
2904 4149 2987 4216 et,
3040 4144 3369 4197 ordinatum
3445 4148 3502 4197 et
3561 4143 3709 4216 mira

2010 4215 2296 4271 celeritate
2323 4216 2520 4284 paucis
2551 4217 2716 4269 annis
2747 4232 2892 4285 pene
2923 4215 2995 4269 ad
3024 4216 3438 4283 perfectionem
3488 4215 3711 4284 perdu-

2008 4293 2272 4353 ctum,ut
2294 4285 2413 4340 haec
2467 4303 2583 4340 non
2644 4287 2945 4340 videantur
2994 4285 3325 4339 aediﬁcando
3379 4289 3711 4338 constructa

2009 4376 2153 4428 esse,
2185 4359 2280 4412 sed
2309 4357 2470 4428 quasi
2530 4358 2780 4426 optando
2814 4356 3000 4411 subito
3025 4357 3105 4428 ibi
3145 4355 3501 4428 constitisse;
3537 4355 3708 4408 sciat-

2009 4426 2145 4498 que'
2173 4432 2242 4484 de
2289 4426 2344 4488 te
2376 4429 2519 4482 nihil
2552 4428 2790 4482 omnino
2822 4427 3220 4498 assentationis
3243 4426 3485 4496 proferri
3520 4442 3708 4498 posse.

2013 4497 2187 4569 Unde,
2218 4503 2264 4556 si
2296 4501 2434 4574 quid
2457 4499 2734 4574 imperite
2765 4497 3020 4574 dilatavi,
3061 4499 3164 4551 sub
3196 4503 3353 4574 tuam
3386 4497 3709 4574 correctio:

2009 4589 2141 4628 nem
2165 4567 2222 4628 et
2251 4567 2648 4630 defensionem
2677 4570 2938 4623 conferre
2989 4568 3234 4634 decrevi,
3274 4568 3511 4622 credens
3558 4567 3705 4622 illud

2006 4649 2105 4698 tua
2147 4646 2482 4700 auctoritate
2524 4640 2755 4695 defendi
2794 4645 2851 4694 et
2897 4639 3209 4693 nobilitari.
3258 4639 3364 4693 Sed
3417 4638 3465 4691 si
3520 4638 3708 4692 adhuc

2007 4715 2313 4787 quisquam
2347 4718 2431 4769 est
2457 4713 2558 4787 qui
2587 4717 2700 4766 tuae
2727 4710 3095 4787 amplissimae
3151 4709 3473 4787 prudenti-ai
3499 4709 3705 4787 _dero-

2007 4779 2432 4854 gare-conetur,
2461 4779 2654 4836 videat
2683 4779 2856 4837 etiam
2887 4783 3362 4854 locumnostrum
3411 4779 3653 4854 inTiele
3688 4797 3702 4834 :

2001 4851 2122 4925 j'am
2154 4857 2364 4912 divinis
2392 4855 2564 4909 rebus
2594 4854 2921 4925 ﬂorentem,
2969 4858 3026 4906 et
3066 4852 3136 4925 de
3187 4867 3301 4925 quo
3349 4867 3438 4904 me
3460 4851 3706 4925 locutu-

2006 4921 2136 4998 rum
2183 4927 2445 4998 promisi,
2497 4942 2529 4978 a
2575 4924 2965 4998 superioribus
2987 4922 3270 4998 episcopis
3318 4921 3584 4998 omnibus
3617 4937 3706 4975 so-

2007 4997 2159 5051 latiis
2183 4993 2551 5064 destitutum,
2584 5002 2698 5048 ate
2728 5012 2842 5049 uno
2891 4995 2986 5064 pia
3043 4993 3500 5047 consideratione
3555 5008 3706 5061 pene

2007 5067 2077 5138 ad
2117 5069 2428 5138 pristinum
2460 5071 2674 5120 statum
2703 5064 3313 5138 restitutumsPraedia
3340 5079 3581 5138 quoque
3634 5064 3706 5138 ab

2007 5134 2363 5194 invasoribus
2393 5140 2488 5193 diu
2538 5142 2777 5202 retenta,
2839 5152 2967 5206 quae
2998 5135 3252 5202 religiosi
3300 5135 3404 5188 viri
3456 5134 3523 5187 ad
3573 5135 3704 5206 cul-

2007 5213 2130 5262 tum
2199 5213 2297 5264 Dei
2362 5211 2481 5263 illic
2537 5205 2912 5271 tradiderant,
2979 5205 3301 5259 restituisti.
3367 5206 3442 5258 Ex
3491 5205 3704 5274 quibus

2008 5279 2175 5333 rebus
2209 5281 2375 5335 facile
2405 5279 2716 5344 colligitur,
2773 5278 2908 5348 quia
2957 5282 3185 5330 terrena
3233 5275 3538 5330 commoda
3582 5292 3703 5330 non

2007 5351 2372 5429 quaerisne-ed
2405 5350 2509 5429 εριί
2544 5351 2656 5403 Deo
2687 5349 2912 5429 placere
2943 5348 3253 5429 studeas“):

2077 5421 2183 5491 (18)
2247 5424 2374 5476 Vita
2443 5417 2731 5490 Popponis
2771 5419 2986 5474 Stabul.
3056 5436 3102 5473 c.
3176 5420 3262 5486 33,
3330 5433 3420 5486 ap.
3488 5417 3698 5472 Mabill.

2004 5495 2142 5546 Acta
2162 5493 2246 5559 Vl,
2278 5511 2313 5554 ι,
2339 5511 2395 5562 p.
2429 5494 2548 5545 585.

2077 5564 2193 5632 (19)
2249 5559 2459 5620 Chron.
2526 5561 2965 5634 Egmundanum
3017 5575 3107 5630 ap.
3148 5559 3307 5614 Kluit
3357 5559 3495 5614 Hist.
3549 5574 3698 5613 com.

2010 5633 2154 5688 Holl.
2190 5635 2229 5699 l,
2267 5651 2304 5697 ι,
2335 5650 2392 5704 p.
2427 5634 2514 5687 45.
