3950 6308
226 306 356 357 1089

1619 303 1895 360 NOTITIA
1944 304 2333 361 HISTORICA.

3588 308 3723 360 1090

290 429 505 483 Praeter
529 428 715 482 Vitam
747 427 995 482 Heinrici
1037 442 1167 480 eum
1202 445 1229 477 α
1279 426 1338 481 in
1388 432 1633 498 utraque
1681 428 1907 482 littera-
1944 431 1988 482 A
2022 432 2079 482 et
2110 445 2143 482 a
2175 428 2344 482 rebus
2370 427 2617 498 publicis
2648 428 2845 497 procul
2878 432 3123 482 amotus.
3160 429 3353 499 Neque
3386 429 3716 485 mirandum

216 521 345 570 tura
376 518 541 585 plura
586 520 962 570 monumenta
1010 515 1310 586 reliquisse
1361 534 1388 565 ι)
1438 516 1611 569 tradit
1653 516 1916 585 Sigeber-

218 608 308 656 tus
342 604 471 673 (20);
505 620 568 656 ex
602 604 811 672 quibus
862 609 1094 657 cantum
1138 605 1530 657 nocturnalem
1581 604 1641 656 in
1690 604 1916 657 laudem

218 693 273 747 S.
310 692 551 757 Martini,
597 692 687 745 cui
734 692 1063 763 principalis
1110 693 1347 745 ecclesia
1400 692 1764 763 Ultrajectina
1812 693 1920 745 fuit

218 780 500 849 dedicata,
533 785 588 834 et
618 780 828 834 librum
856 781 926 835 de
955 781 1249 850 triumpho
1281 781 1350 835 ab
1389 781 1593 835 eodem
1625 785 1818 835 sancto
1850 782 1919 835 de

221 869 391 923 Danis
421 874 712 938 reportato
743 870 1045 924 Guibertus
1097 870 1517 924 Gemblacensis
1560 870 1734 924 refert
1782 869 1916 938 (21),

219 958 394 1012 libros
424 959 491 1011 de
523 958 788 1012 laudibus
821 959 873 1012 S.
909 959 1090 1012 crucis
1136 963 1190 1012 et
1221 960 1290 1013 de
1323 960 1589 1013 laudibus
1634 960 1684 1013 S.
1732 959 1920 1013 Mariae

221 1047 566 1101 Trithemius
606 1051 865 1101 recenset
915 1048 1055 1117 (22).
1108 1047 1460 1117 Opusculum
1501 1048 1654 1117 quod
1699 1047 1923 1118 scripsit

223 1136 689 1189 mathematicum
730 1137 847 1205 jam
882 1136 1047 1188 attuli
1080 1136 1210 1205 (23),
1259 1136 1414 1190 aliud
1456 1136 1917 1205 philosophicum

221 1225 281 1277 in
355 1224 698 1278 bibliotheca
786 1224 1086 1278 Parisiensi
1178 1225 1459 1278 ineditum
1536 1229 1719 1277 exstat
1794 1226 1917 1293 (2i).

223 1312 407 1366 Vitam
482 1329 615 1365 vero
692 1319 899 1366 sancta:
974 1313 1294 1382 Walburgis
1388 1312 1707 1366 breviorem
1800 1312 1921 1365 sine

222 1418 389 1455 causa
439 1404 548 1471 (25)
590 1401 701 1471 ipsi
748 1402 949 1455 tribuit
1005 1401 1160 1456 Heda
1204 1400 1341 1471 (26),
1392 1401 1493 1471 qui
1543 1401 1717 1455 etiam
1766 1401 1924 1454 char-

198 1494 363 1554 tam,
464 1506 579 1559 qua
652 1489 995 1543 Adelboldus
1071 1489 1345 1559 episcopii
1419 1489 1659 1542 vasallos
1725 1504 1920 1543 recen-

226 1594 349 1630 sere
382 1577 608 1644 dicitur,
663 1578 762 1631 sed
812 1582 1007 1647 aperte
1059 1577 1281 1643 falsam,
1315 1594 1383 1629 ex
1411 1576 1756 1630 chartulario
1787 1577 1920 1630 Tra-

218 1666 464 1735 jectensi
491 1665 669 1719 edidit
700 1666 828 1735 (27).

298 1754 355 1807 Si
381 1770 513 1807 vero
544 1756 797 1824 genuina
825 1770 999 1824 opera
1029 1770 1161 1808 cum
1201 1755 1325 1807 Vita
1371 1770 1543 1823 quam
1575 1769 1751 1807 manu
1783 1753 1916 1805 teri-

228 1860 356 1897 mus
398 1844 647 1898 Heinrici
689 1859 1115 1912 comparamus,
1172 1843 1322 1897 idem
1371 1859 1505 1895 sane
1553 1841 1777 1896 dicendi
1827 1858 1925 1911 ge-

230 1948 356 1999 nus,
423 1933 685 1986 eamdem
747 1931 1162 1985 sententiarum
1224 1932 1528 1984 artiﬁciose
1585 1934 1926 1983 connecten-

231 2022 433 2074 darum
475 2022 776 2087 rationem,
826 2020 975 2073 idem
1027 2036 1259 2089 prorsus
1304 2019 1551 2072 auctoris
1608 2019 1924 2088 ingenium,

229 2110 347 2163 imo
380 2125 494 2162 non
524 2109 695 2161 semel
718 2108 915 2161 eadem
942 2107 1059 2161 fere
1080 2108 1252 2160 verba
1278 2107 1773 2177 deprehendamus
1794 2108 1924 2175 (28),

230 2213 462 2251 necesse
495 2202 578 2250 est
612 2198 747 2264 (29).
782 2195 939 2259 Quod
968 2212 1113 2265 pene
1155 2211 1245 2248 me
1293 2200 1483 2248 movet
1520 2200 1582 2247 ut
1612 2194 1929 2247 rationibus

233 2303 406 2354 supra
471 2285 706 2357 prolatis
771 2284 892 2354 ipse
951 2284 1221 2353 derogem
1276 2288 1333 2336 et
1381 2283 1758 2336 Adelboldum
1801 2283 1928 2335 vitae

234 2391 357 2428 esse
389 2379 681 2428 auctorem
709 2372 968 2443 quamvis
1012 2389 1130 2426 non
1178 2378 1332 2425 certo
1379 2371 1793 2435 contenderim,
1826 2388 1931 2423 nec

232 2468 428 2517 tamen
456 2462 803 2533 negaverim.
860 2462 1167 2531 Episcopus
1213 2460 1587 2530 Trajectensis
1635 2460 1720 2513 his
1765 2460 1931 2513 annis

235 2552 539 2606 Saxoniam
604 2550 806 2621 saepius
865 2551 1002 2604 adiit
1068 2551 1171 2619 (30)
1224 2550 1321 2603 ubi
1372 2549 1681 2602 Thietmari
1741 2549 1929 2601 Histo-

238 2641 381 2694 riam
418 2640 526 2693 sibi
558 2656 919 2710 comparasse
952 2639 1106 2692 credi
1151 2644 1356 2708 potest.
1405 2638 1567 2702 Quod
1600 2653 1731 2691 vero
1783 2638 1933 2690 hunc

237 2728 470 2794 librum,
501 2728 615 2780 sive
662 2727 728 2780 ab
760 2726 883 2795 ipso
914 2726 1241 2780 Tliietmaro
1287 2726 1394 2795 (31)
1446 2725 1561 2778 sive
1605 2724 1674 2777 ab
1705 2724 1816 2777 alio
1845 2740 1931 2776 se-

239 2833 369 2870 cum
434 2815 940 2879 communicatum,
1002 2819 1296 2880 tamquam
1358 2834 1380 2861 ε
1439 2818 1657 2866 certum
1721 2813 1931 2865 relato-

242 2922 358 2959 rem
397 2926 417 2952 ›
450 2905 559 2975 (32)
607 2909 830 2957 secutus
875 2904 968 2968 sit,
1014 2908 1071 2956 et
1117 2903 1320 2972 primis
1366 2902 1612 2955 Heinrici
1656 2901 1930 2972 tempori-

238 2995 345 3049 bus
376 2995 445 3048 de
475 3010 576 3046 suo
607 2993 749 3046 nihil
782 2993 897 3045 fere
939 2991 1241 3056 addiderit,
1292 2991 1423 3045 inde
1459 2991 1627 3045 debet
1658 2989 1931 3059 explicari

239 3083 392 3153 quod
423 3083 535 3136 illis
581 3081 743 3135 annis
786 3081 845 3134 in
892 3080 1243 3135 monasterio
1292 3080 1433 3134 vixit
1479 3079 1665 3133 studio
1707 3079 1931 3133 deditus

315 3257 427 3327 (20)
463 3258 538 3310 De
572 3256 664 3310 SS.
697 3255 830 3309 eccl.
862 3273 905 3308 c.
940 3259 1058 3310 138.

314 3329 422 3394 (21)
457 3330 585 3395 Ejus
636 3328 806 3381 verba
854 3327 1015 3380 affert
1062 3326 1217 3381 Heda
1264 3326 1405 3379 Hist.
1459 3326 1657 3395 Ultraj.
1707 3341 1764 3393 p.
1812 3328 1928 3379 109.

315 3400 421 3469 (22)
455 3400 544 3453 SS.
576 3400 735 3461 eccl.,
780 3415 827 3451 c.
881 3401 1010 3461 312;
1064 3399 1138 3450 De
1188 3397 1340 3450 viris.
1384 3397 1463 3449 ill.
1511 3397 1632 3449 0rd.
1688 3396 1742 3450 S.
1797 3397 1929 3450 Ben.

245 3472 313 3531 II,
352 3471 478 3533 163i;
510 3470 715 3524 Chron.
754 3468 1015 3537 Ilirsaug.
1048 3484 1083 3533 ι,
1118 3485 1174 3537 p.
1216 3470 1331 3521 150.

316 3541 427 3609 (23)
464 3542 533 3594 Ex
575 3540 775 3593 eodem
826 3555 937 3608 quo
986 3541 1086 3591 Pez
1134 3554 1271 3590 usus
1319 3542 1403 3589 est
1452 3537 1642 3590 codice
1685 3538 1934 3609 Tegernﬁ-

244 3599 431 3664 seeusi
487 3612 790 3664 Gerbertus
843 3599 992 3678 opus
1049 3609 1336 3678 quoddam
1412 3609 1479 3661 de
1556 3599 1795 3660 musici
1833 3608 1937 3659 sub
2046 3599 2523 3678 b_lacensi_alla_to
2578 3599 2688 3678 hoc
2738 3599 3041 3678 agnoveris
3095 3615 3107 3651 :
3166 3621 3186 3678 ς

247 3683 544 3736 Adelboldi
574 3682 807 3734 nomine
838 3679 1019 3733 edidit
1049 3680 1164 3748 (SS.
1201 3680 1265 3732 de
1288 3682 1512 3743 musica,
1546 3695 1601 3747 p.
1654 3680 1934 3744 304-312),

246 3753 399 3823 quod
431 3769 504 3805 an
534 3752 644 3822 ipsi
676 3752 851 3823 tribui
882 3750 1061 3820 possit
1090 3749 1419 3823 dubitarim.
1472 3750 1531 3802 In
1577 3750 1767 3803 codice
1816 3750 1939 3819 ejus

246 3822 459 3877 nomen
491 3822 796 3875 recentiori
824 3838 997 3875 manu
1032 3822 1340 3889 ascriptum
1375 3824 1477 3873 est.

320 3894 432 3963 (24)
487 3895 548 3946 Ν.
624 3896 779 3946 7361.
849 3894 1055 3960 Incipit
1119 3893 1431 3959 opusculum
1481 3890 1771 3963 Δίζθὶὸοίάὶ
1826 3892 1941 3958 epi-

246 3968 394 4033 scOpi
418 3962 783 4030 'Traiectensis
832 3978 995 4031 super
1041 3963 1181 4015 illud
1226 3964 1399 4015 Boetii
1433 3978 1445 4014 :
1487 3983 1506 4009 α
1541 3962 1584 4016 0
1614 3965 1710 4029 qui
1758 3976 1943 4029 perpe-

250 4041 344 4089 tua
385 4035 647 4089 mundum
693 4036 905 4087 ratione
954 4034 1259 4099 gubernas:
1316 4053 1337 4080 ι
1395 4032 1539 4099 quod
1586 4048 1679 4085 nec
1726 4035 1943 4086 Hermes

246 4122 342 4161 nec
392 4108 540 4160 Plato
594 4106 882 4159 dissolvere
939 4107 1136 4172 quivit,
1193 4106 1289 4171 qui
1352 4106 1582 4156 nimium
1636 4104 1943 4171 phiIOSOphi

247 4182 421 4230 erant.
458 4178 572 4231 Hoc
604 4192 765 4245 opus,
819 4178 968 4246 quod
1000 4191 1031 4227 a
1079 4174 1434 4246 Bethmanno
1486 4177 1682 4246 nostro
1712 4172 1942 4246 _exscri—_

250 4253 414 4317 ptum
456 4244 653 4317 penes,
677 4263 769 4299 me
810 4244 911 4309 est,
946 4245 1282 4317 prtet‘atione
1314 4247 1524 4317 carata
1553 4272 1631 4317 —_
1666 4244 1822 4317 Idem
1854 4244 1940 4317 vel

252 4312 806 4383 similis—argumenti
850 4312 993 4370 liber
1039 4317 1097 4368 in
1142 4315 1267 4368 aliis
1312 4312 1664 4367 bibliothecis
1713 4313 1944 4368 inveni—

252 4395 375 4450 tur;
410 4389 479 4442 ef.
516 4389 678 4442 Rivet
709 4388 846 4441 Hist.
882 4388 1047 4439 litter.
1082 4386 1195 4451 VII,
1228 4403 1284 4456 p.
1316 4388 1439 4450 257,
1465 4388 1588 4456 258.

325 4464 431 4527 (25)
463 4461 573 4513 Hoc
606 4475 791 4528 neque
830 4459 1028 4527 stylus,
1079 4455 1267 4527 neque
1310 4472 1401 4509 res
1448 4455 1710 4519 suadent,
1757 4469 1945 4524 neque

252 4532 473 4584 codices
505 4531 719 4583 dicunt.

326 4603 438 4671 (26)
490 4602 563 4671 Ρ.
607 4602 724 4671 110.
772 4598 1024 4671 Epistula
1062 4598 1132 4651 ad
1186 4596 1560 4671 Adelboldum
1602 4595 1671 4649 de
1702 4595 1756 4649 S.
1790 4594 1946 4671 Wal-

252 4666 433 4742 burge
464 4670 671 4740 scripta
703 4670 782 4741 (n.
815 4666 1024 4742 f18)_in
1074 4684 1326 4742 errorem
1376 4668 1580 4742 ductus
1623 4682 1744 4719 esse
1789 4666 1943 4719 vide—

252 4739 390 4796 turf
428 4744 549 4806 Qua
583 4739 756 4794 ’male
808 4740 1115 4801 intellecta,
1168 4739 1421 4809 episcopi
1483 4739 1716 4790 fratrem
1765 4752 1946 4806 prope

254 4814 468 4867 Tielam
525 4813 807 4866 habitasse
871 4811 1022 4865 dicit.
1084 4811 1399 4880 Utrumque
1466 4824 1719 4863 errorem
1785 4809 1947 4861 Rivet

256 4884 396 4938 Hist.
431 4884 603 4937 litter.
638 4885 752 4945 VII,
785 4899 839 4952 p.
875 4884 999 4946 253,
1026 4884 1155 4952 256,
1180 4881 1411 4949 recepit.

324 4954 438 5025 (27)
505 4955 697 5025 Neque
755 4948 1004 5023 episcopi
1062 4950 1161 5025 qui
1199 4948 1598 5025 subscripisse
1652 4948 1943 5025 dicuntur,

254 5019 429 5079 Anno
488 5019 862 5089 Coloniensis,
931 5019 1288 5077 Eberhardus
1349 5019 1716 5085 Trevirensis,
1784 5019 1947 5073 Adcl-

254 5097 448 5150 bertus
496 5095 958 5165 Hamburgensis,
1012 5092 1310 5165 Adelboldi
1352 5098 1624 5165 tempore
1654 5091 1944 5154 sederant,

254 5183 441 5237 neque
472 5169 570 5238 qui
599 5162 925 5219 scribuntur
960 5163 1155 5217 vasalli
1202 5163 1313 5217 dux
1366 5162 1703 5227 Brabantias,
1754 5176 1945 5215 comes

256 5238 477 5292 Gelrize.
536 5253 724 5291 comes
777 5236 1068 5292 Clivensis.
1117 5250 1306 5289 comes
1352 5235 1421 5287 de
1471 5233 1766 5292 Benthem,
1813 5236 1943 5292 etc.,

256 5271 477 5304 υῦιιιω,
536 5271 724 5291 υυιμῠδ
777 5271 1068 5303 υιινῦυῦιῦ,
1117 5271 1306 5289 humu.)
1352 5271 1421 5287 υυ
1472 5271 1766 5299 Ιινιιιυιιυμι,
1814 5271 1943 5297 νυνι,

256 5310 463 5363 saeculo
492 5326 545 5362 χι
578 5307 888 5378 incipiente
910 5308 1162 5361 fuerunt.

1960 1702 1998 1755 Β

2030 522 2115 570 est
2170 516 2462 570 hominem
2525 516 2941 586 philosophicis
2998 521 3055 569 et
3106 518 3342 587 poeticis
3408 518 3726 589 disciplinis

2030 605 2374 659 instructum
2428 604 2488 658 in
2538 604 2778 658 historia
2834 605 3135 659 scribenda
3184 606 3367 675 magis
3422 608 3727 660 verborum

2031 693 2261 747 ornatui
2326 698 2383 747 et
2436 695 2711 748 lectorum
2771 693 3053 747 studuisse
3121 693 3487 747 oblectationi
3553 711 3726 764 quam

2031 782 2201 836 nudze
2234 786 2291 835 et
2320 782 2565 853 simplici
2615 782 2859 847 veritati,
2919 798 3048 836 cum
3096 781 3249 835 idem
3296 782 3466 836 etiam
3520 783 3729 835 nostris

2031 870 2387 941 temporibus
2448 870 2704 941 quotidie
2769 871 2983 925 factum
3053 870 3369 924 videamus.
3440 872 3599 925 Certe
3660 872 3727 925 de

2032 958 2201 1012 rebus
2248 964 2444 1029 postea
2479 958 2539 1011 in
2589 958 2898 1029 provinciis
2949 958 3239 1013 Rhenanis
3282 957 3476 1027 gestis,
3523 959 3728 1028 quibus

2031 1047 2152 1117 ipse
2181 1063 2451 1117 magnam
2480 1051 2703 1117 partem
2737 1046 3020 1112 interfuit,
3053 1046 3375 1099 accuratius
3410 1050 3465 1100 et
3495 1062 3559 1099 ex
3592 1063 3728 1117 pro-

2032 1136 2156 1207 pria
2215 1136 2543 1205 cognitione
2601 1136 2890 1205 scripsisse
2944 1136 3235 1204 putandus
3293 1140 3404 1199 est;
3462 1136 3518 1189 id
3577 1136 3727 1205 quod

2033 1224 2204 1278 etiam
2259 1226 2523 1293 Alpertus
2583 1224 2824 1277 innuere
2875 1224 3117 1291 videtur,
3175 1240 3303 1277 cum
3363 1224 3520 1278 Metis
3571 1224 3728 1277 urbis

2034 1312 2414 1376 obsidionem,
2461 1329 2493 1366 a
2542 1312 2866 1366 Tbietmaro
2913 1313 3379 1381 praetermissam,
3438 1313 3507 1366 ab
3553 1313 3728 1367 Adel-

2034 1401 2206 1456 boldo
2234 1402 2416 1455 fusius
2465 1401 2807 1471 descriptam
2862 1401 3011 1455 dicat
3060 1401 3192 1471 (33).
3243 1401 3379 1465 Quae
3430 1401 3729 1471 deperdita

2035 1505 2154 1542 esse
2188 1490 2295 1556 (34)
2328 1505 2442 1542 non
2472 1505 2779 1558 possumus
2805 1488 2944 1559 quin
2971 1488 3285 1542 doleamus.
3636 1482 3637 1489 1

2103 1577 2401 1631 Annalista
2467 1578 2636 1642 Saxo,
2696 1577 2794 1646 qui
2845 1577 3018 1639 solus,
3077 1577 3228 1646 quod
3287 1577 3482 1642 sciam,
3538 1576 3729 1631 medio

2036 1683 2155 1719 aevo
2184 1666 2289 1719 hac
2320 1665 2445 1719 Vita
2475 1681 2611 1718 usus
2650 1672 2753 1730 est,
2799 1669 2993 1717 utrum
3043 1664 3417 1733 integriorem
3464 1665 3731 1719 habuerit

2035 1759 2251 1808 textum
2309 1771 2382 1806 an
2439 1753 2667 1807 nonnisi
2720 1753 2903 1806 simile
2975 1754 3380 1822 fragmentum.
3439 1769 3555 1806 non
3612 1758 3728 1807 tam

2036 1844 2199 1897 facile
2230 1848 2313 1897 est
2343 1848 2669 1914 perspectu,
2714 1858 2843 1895 cum
2894 1842 3042 1895 inter
3084 1842 3393 1895 Thietmari
3444 1841 3615 1894 verba
3661 1842 3731 1894 ab

2036 1933 2134 1985 illo
2164 1931 2442 2001 exscripta
2472 1931 2564 1985 vix
2594 1931 2763 1984 aliam
2804 1931 3188 1984 narrationem
3236 1947 3299 1983 ex
3336 1930 3537 1983 eodem
3573 1931 3730 1984 fonte

2040 2021 2297 2073 haustam
2347 2036 2653 2087 agnoscere
2700 2019 2883 2073 liceat.
2937 2022 3199 2071 Attamen
3262 2018 3402 2072 nihil
3451 2018 3732 2087 ejusmodi

2037 2108 2301 2175 inveniri,
2341 2108 2651 2161 Annalistaa
2699 2107 2847 2160 libro
2899 2107 3203 2175 diligenter
3247 2108 3518 2175 perlecto,
3570 2106 3733 2160 afﬁr-

2040 2196 2345 2263 maverim;
2406 2201 2558 2250 certe
2601 2212 2787 2266 neque
2844 2196 2913 2249 de
2971 2196 3203 2249 Metensi
3257 2196 3354 2248 illa
3409 2194 3727 2261 obsidione,

2038 2301 2225 2355 neque
2273 2285 2343 2339 de
2392 2284 2563 2339 rebus
2611 2290 2812 2355 postea
2861 2283 2920 2336 in
2975 2283 3343 2352 Lotharingia
3373 2283 3459 2336 vel
3492 2283 3731 2337 aTheo-

2039 2374 2229 2427 derico
2260 2372 2521 2443 episcopo
2554 2372 2638 2425 vel
2687 2372 2757 2425 ab
2800 2371 2923 2441 ipso
2970 2371 3284 2425 Adelboldo
3347 2372 3520 2440 gestis
3567 2371 3734 2441 quid-

2040 2476 2213 2530 quam
2243 2460 2394 2529 apud
2427 2460 2589 2512 illum
2621 2458 2833 2528 legitur
2874 2458 3026 2528 quod
3079 2474 3143 2510 ex
3192 2458 3506 2512 Adelboldo
3552 2458 3735 2527 repeti

2041 2551 2251 2615 posset.
2287 2545 2458 2614 Cujus
2486 2545 2697 2597 librum
2746 2543 2848 2596 has
2892 2559 2978 2596 res
3025 2547 3361 2596 tractantem
3410 2542 3457 2594 si
3504 2542 3734 2595 habuis-

2042 2639 2145 2701 set,
2187 2634 2432 2703 diligens
2479 2639 2534 2686 et
2580 2632 2843 2702 copiosus
2895 2632 2990 2684 ille
3057 2647 3248 2684 rerum
3308 2630 3550 2699 scriptor
3597 2647 3733 2684 sane

2044 2739 2158 2777 non
2216 2720 2579 2791 neglexisset.
2637 2722 2790 2774 Hanc
2848 2720 3022 2789 igitur
3077 2718 3324 2772 Heinrici
3377 2718 3559 2771 Vitam
3615 2720 3735 2788 jam

2043 2818 2179 2865 tunc
2242 2809 2521 2879 temporis
2574 2809 2687 2862 ﬁne
2757 2808 3089 2861 destitutam
3152 2806 3416 2861 habuisse
3474 2806 3729 2874 videtur;

2045 2916 2217 2970 quam
2246 2916 2321 2953 an
2357 2898 2674 2966 Adelboldi,
2718 2898 2880 2969 cujus
2918 2913 2991 2950 ne
3040 2902 3285 2950 mortem
3319 2895 3551 2966 quidem
3583 2896 3731 2949 indi-

2045 2992 2152 3053 cat,
2184 2986 2417 3041 nomine
2445 2984 2775 3055 inscriptam
2806 2984 3029 3053 legerit,
3063 2983 3193 3036 licet
3219 2981 3501 3036 dubitare.

2116 3249 2231 3319 (28)
2291 3248 2371 3302 Cf.
2427 3262 2473 3301 c.
2525 3250 2558 3301 2
2602 3261 2615 3300 :
2670 3248 2772 3302 Nec
2820 3247 2959 3319 mihi
3002 3244 3355 3319 fastidiosum
3413 3248 3492 3297 est
3542 3244 3738 3319 dicere,

2042 3317 2135 3373 nec
2185 3322 2389 3373 caeteris
2445 3320 2777 3387 superﬂuum
2825 3318 3046 3381 audire;
3098 3317 3166 3368 ad
3218 3317 3615 3381 Gerbertum§
3656 3317 3736 3368 4:

2045 3394 2106 3446 Si
2147 3392 2297 3443 vobis
2346 3405 2451 3442 non
2498 3392 2569 3443 sit
2614 3389 2967 3454 fastidiosum
3012 3388 3224 3449 audire,
3280 3387 3419 3440 mihi
3478 3402 3583 3439 non
3638 3389 3741 3440 erit

2045 3476 2321 3515 onerosum
2354 3461 2546 3512 dicere.

2117 3530 2229 3600 (29)
2272 3530 2452 3584 Etiam
2503 3528 2764 3600 inibrevi
2808 3528 3129 3600 fragmento
3178 3544 3207 3581 a
3256 3526 3525 3581 Guiberto
3575 3528 3739 3600 Gem-

3248 3601 3482 3652 Gemma
3535 3599 3626 3662 (de
3686 3598 3741 3652 S.

2049 3673 2288 3727 Martino
2323 3671 2598 3741 loquitur)
2625 3671 2733 3723 ista
2760 3671 2957 3741 fulget,
2983 3671 3043 3741 in
3082 3670 3241 3735 coelo,
3280 3670 3338 3741 in
3390 3674 3539 3721 terra
3580 3685 3743 3741 coruf

2049 3748 2184 3810 seat,
2245 3739 2456 3811 ubique
2508 3739 2846 3806 honoratur,
2910 3739 3120 3810 ubique
3167 3740 3444 3809 diligitur.
3510 3741 3591 3793 En
3644 3739 3744 3811 qui

2050 3830 2175 3868 eam
2210 3810 2493 3866 mercatus
2527 3811 2719 3873 fuerit,
2767 3811 3003 3881 perenni
3046 3812 3319 3879 gaudebit
3364 3811 3653 3863 thesauro.
3688 3810 3744 3864 Si

2052 3884 2181 3956 quis
2213 3883 2548 3954 possederit,
2582 3898 2697 3956 non
2727 3882 2950 3956 deﬁciet
2971 3882 3134 3956 omni
3183 3883 3354 3956 bono.
3408 3882 3450 3934 Ο
3492 3881 3595 3934 lilii
3632 3881 3744 3934 ho-

2052 3952 2295 4020 minum,
2340 3956 2487 4008 hanc
2535 3953 2696 4007 vobis
2746 3952 3047 4005 lucramini
3101 3957 3155 4005 et
3204 3954 3387 4005 lucem
3432 3967 3746 4021 perennem

2053 4028 2200 4081 hanc
2231 4025 2535 4096 possidete,
2569 4030 2627 4077 et
2650 4023 2795 4077 nihil
2824 4023 2987 4096 vobis
3012 4023 3208 4096 deerit.
3246 4043 3273 4070 »

2126 4091 2249 4167 (30)
2296 4099 2439 4150 Tunc
2484 4097 2737 4163 temporis
2784 4110 2905 4147 vero
2955 4094 3225 4167 Albalclus
3271 4094 3551 4167 episcopus
3598 4091 3749 4167 apud

2054 4163 2431 4235 imperatorem
2481 4168 2789 4219 Heinricum
2836 4167 2890 4217 in
2942 4165 3191 4216 Samonia
3238 4164 3576 4235 morabatur,
3628 4163 3749 4215 Bal-

2056 4234 2225 4292 deric.
2295 4254 2379 4305 m,
2446 4240 2530 4289 17.
2599 4264 2665 4275 --
2725 4239 2889 4288 Anno
2950 4237 3083 4288 1013
3135 4236 3377 4287 [ἓνυοηω
3430 4234 3541 4287 fuit
3592 4235 3750 4297 (Vita

2056 4310 2383 4369 Meinwerci,
2441 4324 2489 4360 c.
2537 4308 2645 4373 21);
2696 4322 2747 4359 a.
2804 4308 2960 4371 1016,
3014 4305 3403 4358 Dortmannize
3463 4304 3649 4373 (ibid.,
3697 4320 3744 4357 c.

2061 4380 2182 4445 134,
2251 4379 2388 4449 dipl.
2457 4394 2548 4446 ap.
2616 4377 2856 4449 Schaten
2904 4376 3348 4449 Ann.hPaglerb.
3411 4375 3458 4443 Ι,
3510 4391 3569 4444 p.
3623 4375 3747 4449 417,

2056 4454 2194 4515 418,
2262 4446 2327 4503 af
2380 4451 2536 4515 1018,
2606 4447 2987 4501 Paderbornaa
3058 4447 3134 4511 (V.
3199 4447 3439 4508 Melum,
3507 4462 3553 4498 c.
3633 4446 3748 4511 164,

2055 4521 2295 4575 Schaten
2330 4521 2371 4585 I,
2412 4536 2470 4587 p.
2525 4520 2670 4587 429);
2721 4536 2772 4571 a.
2828 4520 2983 4584 1019,
3043 4517 3309 4571 Goslariaa
3365 4516 3450 4584 (V.
3500 4516 3749 4579 Meinw.,

2058 4609 2105 4645 c.
2166 4595 2283 4653 165,
2342 4590 2583 4644 Schaten
2650 4606 2706 4657 p.
2767 4589 2913 4658 432),
2972 4594 3170 4658 postea
3229 4588 3749 4641 Ermeueswerethe

2060 4662 2213 4732 (Vita
2245 4664 2457 4716 Meinw.
2493 4677 2540 4713 c.
2577 4662 2716 4728 173).

2132 4734 2232 4799 (31)
2299 4732 2407 4795 Qui
2464 4746 2656 4786 secum
2715 4727 3029 4783 Adelboldo
3086 4729 3419 4784 convenisse
3463 4744 3751 4801 nusquam

2057 4804 2348 4858 indicavit.

2128 4876 2243 4937 (32)
2269 4871 2566 4927 Adelboldi
2597 4870 2755 4942 praef.

2128 4946 2237 5015 (33)
2267 4945 2309 4998 Ι.
2344 4946 2394 4996 5.
2429 4940 2666 4996 Econtra
2698 4958 2827 5012 quae
2877 4940 2947 4995 de
2995 4940 3753 5015 expeditioneBurgundica

2058 5033 2110 5069 a.
2138 5011 2283 5069 1016
2321 5015 2605 5084 Alpertus,
2640 5011 2818 5081 11,714,
2858 5011 3074 5078 narrat,
3126 5012 3197 5065 ab
3239 5011 3553 5065 Adelboldo
3603 5027 3751 5081 pras-

2057 5086 2315 5141 termissa
2350 5086 2523 5139 fuisse
2553 5085 2735 5139 videri
2765 5088 3020 5154 possunt.

2130 5158 2240 5228 (34)
2266 5157 2347 5211 Cf.
2380 5156 2634 5210 Leibnitz
2662 5152 2863 5209 SSIR.
2902 5155 2992 5208 Br.
3023 5154 3091 5220 ll,
3122 5152 3286 5215 praef.
3319 5168 3376 5223 p.
3416 5154 3500 5207 19.
