3950 6302
202 275 328 332 1091

196 431 1628 462 ____________._____.___

1281 255 1670 314 ADELBOLDI
1715 250 1883 309 TRAJ
1894 246 2233 307 ECTENSIS
2270 243 2602 303 EPISCOPI.

3561 239 3580 288 1
3593 236 3701 289 092

1632 408 3703 441 ___________________________————

1500 551 2398 660 ADELBOLDI

645 801 1034 933 VITA
1113 798 1230 931 S.
1344 792 2010 924 HENRICI
2113 775 3241 917 IMPERATORIS.

833 1053 924 1125 (V.
960 1055 1020 1107 in
1046 1052 1102 1107 S.
1138 1051 1363 1104 Henrico
1393 1050 1526 1117 imp.
1571 1045 1645 1100 ad
1673 1058 1874 1099 annum
1908 1041 2064 1108 1024,
2091 1055 2281 1110 supra,
2313 1037 2479 1106 hujus
2507 1037 2798 1091 voluminis
2826 1033 2924 1088 col.
2956 1033 3072 1095 87.)

211 1219 1934 1248 ______________________________._____——

1417 1341 2486 1455 ADELBOLDUS

762 1591 1180 1724 VITA
1300 1582 1991 1718 SANCTJE
2109 1555 3272 1716 WALBURGIS.”

231 1851 394 1924 Apud
427 1849 680 1904 Bolland.
714 1847 855 1924 Acta
883 1847 1194 1924 sanctorum
1237 1837 1707 1924 _Febrilarii‘tom.
1758 1838 1856 1924 Ill.
1876 1833 2132 1924 Idieugb,
2168 1828 2782 1924 exumssL-I‘Jlgrajiect;
2810 1825 3108 1924 ﬁtﬁtribnusﬂ
3139 1823 3285 1924 aliis,
3334 1822 3541 1876 collata
3576 1835 3714 1875 cum

761 1896 1100 1986 Capgravio,
1133 1911 1379 1966 Historia
1405 1910 1763 1974 Sanctorum,
1794 1912 1928 1960 ante
1954 1896 2136 1959 annos
2171 1907 2270 1958 175
2304 1918 2506 1956 excusa
2535 1896 2700 1955 Sui-io
2730 1903 2786 1953 et
2811 1896 3158 1964 Breviariis.)

1758 2070 2168 2083 __—

773 2183 998 2239 CAPUT
1039 2180 1328 2236 PRIMUM.

317 2280 479 2336 Gesta
506 2277 566 2329 S.
605 2274 942 2340 Walburgis,
973 2271 1170 2334 obitus,
1203 2269 1440 2336 corporis
1482 2264 1794 2320 translatio.

283 2371 330 2422 1.
369 2368 675 2435 Postquam
704 2363 818 2414 Deo
846 2360 1016 2412 chara
1039 2357 1352 2423 Anglorum
1374 2352 1664 2435 natioper
1693 2365 1906 2404 memo-

207 2449 378 2505 randi
409 2434 664 2516 Gregorii
683 2458 847 2513 papa
874 2441 1256 2511 apostolatum
1286 2454 1320 2490 a
1350 2434 1687 2506 gentilitatis
1713 2448 1906 2486 errore

212 2539 280 2594 ad
312 2531 759 2592 Christianitatis
809 2530 1107 2584 veritatem
1156 2539 1429 2580 conversa
1474 2527 1578 2585 est,
1625 2520 1792 2574 multi
1836 2521 1907 2576 ob

211 2625 451 2682 caelestis
479 2623 600 2693 spei
629 2617 1152 2675 remunerationem
1175 2630 1238 2668 ex
1267 2626 1465 2666 eorum
1491 2624 1733 2663 numero
1759 2609 1910 2660 ultra

212 2715 562 2770 maritimam
590 2709 834 2781 patriam
867 2721 1048 2776 usque
1079 2704 1150 2757 ad
1180 2701 1292 2772 (36)
1326 2702 1676 2754 Francorum
1707 2711 1907 2766 perve-

211 2808 424 2858 nerunt
446 2799 778 2870 imperium.
813 2797 884 2849 Ex
920 2793 1131 2864 quibus
1158 2790 1481 2844 Bonifacius
1499 2791 1745 2852 sanctus,
1771 2785 1909 2837 dum

213 2893 323 2964 (37)
354 2892 468 2944 huc
495 2889 557 2942 in
583 2885 949 2957 peregrinam
980 2879 1332 2951 pervenisset
1363 2874 1714 2946 provinciam
1747 2870 1909 2942 quasi

214 2960 464 3035 nativam
495 2977 732 3045 adeptus
763 2977 849 3026 est
873 2971 981 3025 sibi
1011 2967 1280 3039 patriam,
1306 2967 1442 3020 dum
1468 2964 1581 3032 (38)
1599 2960 1912 3031 Moguntia-

213 3068 397 3124 censis
435 3065 774 3137 praesulatus
805 3060 877 3113 ob
907 3075 1009 3112 sua
1061 3055 1267 3109 merita
1309 3055 1549 3122 adeptus
1593 3056 1676 3104 est
1718 3049 1909 3102 cathe-

218 3159 398 3212 dram.
435 3136 511 3208 Ex
537 3150 792 3222 ejusdem
815 3163 1045 3218 quoque
1073 3145 1186 3214 (39)
1203 3140 1525 3212 Angliensis
1549 3139 1753 3192 insula
1775 3136 1913 3189 silva

214 3246 605 3317 proruperunt
633 3240 744 3293 huc
757 3237 825 3291 ad
843 3252 946 3290 nos
964 3240 1074 3288 tres
1086 3229 1509 3286 fecundissima
1532 3227 1784 3285 arbores,
1800 3225 1912 3278 duo

215 3314 475 3389 videlicet
516 3327 730 3384 uterini
777 3325 983 3379 fratres
1017 3319 1373 3374 Williboldus
1405 3322 1462 3371 ut
1490 3314 1911 3380 Winniboldus,

216 3439 347 3478 cum
378 3423 494 3475 Deo
525 3423 580 3472 et
609 3413 941 3471 hominibus
969 3426 1164 3465 sorore
1203 3406 1538 3462 charissima
1571 3404 1907 3472 Walburga:

217 3525 467 3583 quorum
513 3505 692 3578 prior,
725 3500 1082 3556 Williboldus
1132 3497 1369 3564 scilicet,
1401 3494 1703 3548 ordinante
1747 3491 1910 3544 illum

217 3582 553 3672 prascripto
589 3591 896 3659 Bonifacio,
940 3589 1012 3643 ad
1059 3583 1439 3656 Heystatensis
1484 3582 1742 3636 Ecclesia
1773 3596 1906 3650 pro-

219 3671 407 3743 motus
441 3689 525 3740 est
553 3680 914 3754 pontiﬁcium
947 3693 960 3731 :
993 3677 1192 3746 ibique
1222 3672 1539 3742 angelicam
1581 3671 1752 3728 vitam
1784 3685 1913 3738 per-

220 3780 452 3843 ducens,
503 3772 740 3826 tandem
787 3765 1111 3822 beatissime
1159 3763 1319 3829 abiit,
1370 3776 1485 3814 non
1540 3758 1702 3812 obiit.
1759 3758 1915 3811 Alter

217 3883 352 3920 vero
383 3868 568 3917 totum
603 3875 661 3913 se
691 3856 900 3912 Christi
931 3852 1160 3908 servitio
1204 3849 1560 3917 mancipans,
1594 3844 1912 3898 mundana-

222 3971 334 4028 que
392 3949 589 4006 omnia
649 3945 904 4002 funditus
955 3955 1253 4010 respuens,
1297 3940 1516 4002 locum,
1560 3934 1661 4005 qui
1710 3932 1918 3987 dicitur

222 4021 615 4114 lieydanhem,
645 4035 752 4089 sibi
781 4034 853 4088 ad
885 4029 1246 4086 incolendum
1279 4025 1468 4095 elegit.
1505 4024 1704 4094 Ibique
1731 4021 1916 4074 conti-

221 4111 352 4187 nuis
385 4125 739 4183 orationibus
769 4120 1046 4181 munitus,
1078 4133 1175 4188 spe
1207 4114 1533 4181 roboratus,
1578 4111 1687 4166 ﬁde
1731 4125 1917 4164 arma-

222 4226 334 4286 tus,
368 4215 650 4281 eamdem,
686 4227 859 4283 quam
889 4224 1021 4263 cum
1059 4206 1253 4269 fratre,
1287 4201 1679 4257 monachicam
1731 4214 1919 4252 susce-

221 4313 388 4380 perat
419 4299 931 4366 conversationem,
964 4293 1354 4350 strenuissime
1387 4306 1565 4362 usque
1596 4289 1669 4342 ad
1701 4288 1917 4341 exitum

224 4374 434 4452 anima
465 4393 671 4448 finiens
701 4389 912 4443 multos
941 4390 1068 4456 post
1119 4399 1177 4437 se
1222 4381 1328 4453 (40)
1377 4381 1446 4435 ad
1499 4379 1645 4432 bene
1694 4374 1922 4429 vivendi

224 4485 485 4556 regulam
510 4481 756 4553 pravius
786 4476 1115 4530 exhortatus
1141 4476 1244 4526 est.

299 4641 408 4713 (35)
446 4636 768 4713 Titulus_in
813 4649 916 4713 ms:
968 4635 1163 4713 nostro
1213 4623 1534 4713 praﬁgitur
1550 4639 1579 4713 ξ
1618 4621 1923 4713 Vitaﬁéea-

229 4693 454 4790 tissime
516 4725 579 4764 ac
649 4709 758 4762 Deo
833 4693 1235 4758 dilectissima'
1258 4713 1321 4751 ac
1390 4693 1695 4765 paradoxa
1766 4693 1916 4748 Wal-
1958 4735 1997 4790 Ο

232 4786 766 4924 ὁηῖἕὲῗἘναηρονιιηι
795 4846 1082 4924 imperium
1120 4840 1256 4924 late"
1285 4837 1533 4924 sumitur
1578 4851 1683 4916 pro
1722 4833 1919 4915 _omni-

229 4907 340 4980 bus
370 4907 694 4978 ditionibus
741 4907 886 4987 qua-
916 4911 1172 4987 dominio
1219 4909 1408 4987 Caroli
1446 4907 1921 4987 Magiii_ejusque

229 4975 592 5066 posterorum
643 4975 887 5043 subdita
939 4985 1166 5040 fuerant
1211 4995 1316 5050 per
1365 4975 1591 5044 Gallias,
1641 4975 1921 5046 Belgium,

235 5063 620 5121 Germaniam.
1148 5121 1157 5124 _
1238 5121 1273 5124 _
1311 5119 1321 5124 _
1362 5120 1371 5124 _
1673 5115 1706 5124 ..

305 5117 509 5207 (ἦγέ.
561 5131 898 5207 Bonifacius
922 5125 1112 5207 primo
1144 5121 1201 5174 in
1238 5119 1493 5207 Frisiam‘
1519 5117 1924 5207 appulitztum

237 5195 462 5262 Francis
489 5195 824 5273 subjectum,
849 5195 1169 5273 atquetres
1199 5207 1396 5273 annos
1435 5195 1608 5273 (Belia
1655 5195 1707 5266 tr

490 5256 858 5347 _cobperator
885 5256 949 5324 Ξῖ
989 5262 1335 5343 Willibrordi
1375 5256 1449 5347 in;
1485 5257 1711 5347 dioecesi
1744 5256 1926 5347 Ultra-

1455 5186 1612 5243 Beka
1655 5186 1928 5240 tredecim

1941 2178 1984 2230 Α
2087 2177 2139 2228 2.
2175 2175 2305 2227 Post
2347 2173 2453 2238 (41)
2505 2170 2716 2224 horum
2747 2184 2880 2222 vero
2925 2168 3236 2222 discessum
3287 2181 3446 2220 soror
3474 2180 3714 2219 eorum-

2015 2263 2169 2328 dem,
2212 2262 2385 2315 totius
2447 2258 2682 2313 feminei
2743 2272 2908 2310 sexus
2955 2257 3126 2310 decus
3177 2259 3307 2325 post
3352 2254 3406 2309 S.
3455 2253 3714 2318 Mariam,

2017 2350 2386 2419 Waldburga,
2438 2346 2896 2418 quibuscumque
2942 2344 3131 2414 potuit
3161 2359 3220 2396 se
3250 2342 3528 2396 imitabile
3560 2358 3717 2412 pra-

2015 2439 2156 2493 bens
2187 2437 2538 2506 exemplum,
2571 2434 2758 2488 eidem
2790 2432 3064 2503 puellaris
3095 2437 3333 2485 caterva
3363 2429 3718 2484 monasterio

2015 2527 2075 2580 in
2107 2525 2343 2595 praefato
2374 2525 2496 2578 loco
2529 2523 2900 2592 Heydenhem
2949 2518 3267 2588 praestituta
3317 2523 3403 2571 est
3445 2516 3717 2570 materfa-

2017 2615 2226 2680 milias,
2260 2614 2330 2668 ad
2356 2611 2549 2666 omnia
2575 2627 2702 2680 qua
2735 2628 2765 2663 a
2800 2609 3021 2663 Christo
3052 2612 3314 2678 posceret
3337 2622 3563 2677 semper
3591 2605 3718 2659 efﬁ-

2017 2703 2330 2758 cacissima.
2368 2700 2616 2771 Contigit
2645 2698 2855 2752 ibidem
2883 2697 3176 2768 quondam
3218 2694 3540 2764 vespertina
3571 2693 3719 2748 hora

2019 2798 2269 2862 peracta,
2330 2793 2646 2846 revertente
2695 2787 2799 2840 hac
2851 2786 2977 2856 ipsa
3021 2786 3092 2838 de
3142 2783 3380 2838 ecclesia
3427 2783 3500 2837 ad
3546 2799 3718 2836 suum

2020 2879 2432 2943 habitaculum,
2469 2879 2528 2929 ut
2560 2875 2797 2946 quidam
2828 2871 3076 2927 ecclesia
3096 2872 3353 2941 ejusdem
3380 2875 3564 2925 custos
3585 2870 3717 2941 (42),

2021 2965 2456 3020 Gnomeraudus
2484 2963 2741 3028 nomine,
2781 2960 3186 3032 ingruentibus
3235 2959 3417 3013 noctis
3465 2959 3722 3012 tenebris

2021 3052 2238 3124 petenti
2272 3051 2598 3122 Walburga
2627 3051 2828 3104 lumen
2847 3048 2956 3103 sibi
2987 3047 3265 3118 praevium
3297 3047 3505 3101 stultus
3537 3046 3720 3100 dene-

2022 3147 2203 3213 garet.
2266 3140 2350 3195 Ad
2404 3155 2576 3211 quam
2626 3137 2898 3208 injuriam
2959 3135 3406 3206 insuperabilem
3464 3134 3721 3188 retinens

2020 3229 2378 3301 patientiam,
2422 3233 2640 3282 cauata
2678 3225 3202 3280 sanctimonialium
3248 3224 3554 3290 catervula,
3587 3238 3720 3292 per-

2022 3319 2276 3390 actisque
2309 3317 2518 3372 divinis
2560 3316 2846 3382 laudibus,
2902 3313 3305 3369 dormitorium
3352 3312 3513 3366 adiit.
3562 3312 3724 3365 Tunc

2024 3425 2154 3462 mox
2182 3408 2393 3460 mirum
2422 3406 2480 3458 in
2507 3405 2740 3458 modum
2765 3402 2978 3457 ibidem
3013 3408 3170 3455 tanta
3204 3401 3438 3454 luminis
3468 3399 3719 3470 ﬂagran-

2023 3498 2104 3552 tia
2135 3495 2360 3559 enituit,
2395 3501 2459 3547 ut
2488 3493 2744 3564 ejusdem
2789 3490 3067 3545 domicilii
3105 3488 3491 3560 pavimentum
3542 3503 3721 3557 pene-

2025 3589 2177 3638 trare
2206 3583 2517 3647 videretur,
2553 3587 2609 3634 et
2637 3580 2716 3634 sic
2747 3595 2930 3649 usque
2981 3578 3052 3633 ad
3098 3577 3381 3631 matutina
3406 3576 3725 3646 permansit

2025 3672 2326 3743 praconia.
2389 3669 2763 3740 Stupentibus
2801 3667 2935 3721 hinc
2982 3666 3252 3720 omnibus
3319 3665 3432 3718 Deo
3485 3665 3724 3717 sacratis

2025 3760 2366 3829 virginibus,
2390 3765 2448 3812 et
2469 3755 2885 3811 exsultantibus
2916 3755 2986 3808 ad
3017 3753 3464 3824 religiosissima
3497 3751 3726 3804 matris-

2025 3849 2267 3903 families
2331 3848 2601 3900 lectulum
2667 3841 3155 3906 concurrentibus,
3217 3842 3417 3906 illique
3480 3839 3727 3894 caelestis

2026 3935 2266 4006 fulgoris
2311 3933 2758 3989 immensitatem
2816 3930 3260 3995 insinuantibus,
3310 3929 3405 3982 illa
3448 3944 3721 3998 prorum-

2028 4041 2168 4098 pens
2210 4024 2270 4077 in
2314 4023 2611 4094 lacrymas,
2641 4018 2949 4075 sublevatis
2977 4019 3050 4072 ad
3084 4019 3262 4072 Deum
3293 4017 3472 4071 oculis
3501 4021 3558 4070 et
3601 4033 3722 4071 ma—

2029 4115 2200 4168 nibus
2228 4112 2372 4167 dixit
2404 4128 2416 4166 :
2447 4111 2589 4179 Tibi,
2630 4110 2868 4164 Domine
2897 4109 3025 4162 Jesu
3060 4107 3298 4174 Christe,
3347 4107 3438 4160 cui
3486 4106 3726 4160 humilis

2030 4201 2235 4256 ancilla
2281 4216 2316 4253 a
2361 4198 2660 4253 cunabulis
2703 4196 2914 4250 servire
2953 4194 3196 4262 decrevi,
3249 4195 3320 4248 de
3369 4195 3476 4248 hoc
3519 4194 3725 4248 collato

2031 4305 2271 4343 munere
2299 4287 2511 4358 gratias
2557 4301 2688 4355 ago,
2729 4284 2831 4354 qui
2877 4285 2942 4338 ad
2993 4281 3336 4337 exercendas
3386 4281 3726 4335 ancillarum

2030 4382 2260 4431 tuarum
2305 4374 2446 4428 mihi
2488 4371 2898 4427 cohaerentium
2931 4376 3151 4424 mentes
3181 4385 3273 4423 me
3304 4369 3602 4440 indignam
3638 4369 3728 4422 lu-

2033 4465 2206 4520 minis
2232 4464 2317 4518 tui
2343 4461 2705 4534 adjuvamine
2739 4459 3020 4515 consolari
3051 4458 3319 4530 dignatus
3357 4475 3437 4526 es,
3480 4457 3729 4528 tetrique

2032 4622 2393 4694 Moguntina:
2436 4636 2617 4694 eaque
2669 4619 2805 4694 urbs
2860 4622 2984 4672 tum
3035 4619 3364 4694 metropolis
3395 4616 3730 4694 Francorum

2033 4685 2448 4766 appellabatur.
2505 4685 2747 4746 Consule
2798 4695 2978 4743 notat.
3030 4691 3100 4744 23
3159 4685 3369 4742 Sérarii
3425 4685 3498 4740 ad
3545 4685 3728 4739 Vitam

2030 4769 2084 4822 S.
2123 4764 2394 4820 Bonifacii
2430 4765 2463 4818 I.
2497 4780 2559 4816 Ill.
2586 4763 2800 4817 Rerum
2826 4761 3334 4822 Moguntiacarum.

2071 4807 2084 4822 .
2123 4774 2394 4820 Bonit‘acn
2430 4774 2463 4818 I.
2497 4780 2559 4816 In
2587 4774 2800 4817 Herum
2827 4774 3334 4822 mogunnacarum.

2123 4776 2394 4820 Bonitacn
2430 4776 2463 4818 I.
2497 4780 2559 4816 ni
2587 4776 2800 4817 herum
2827 4776 2968 4831 mogl

2103 4839 2212 4906 (39)
2249 4837 2377 4889 Mss.
2404 4834 2618 4906 aliqua,
2647 4831 2968 4906 Anglensis;

2105 4896 2218 4978 (40')
2249 4907 2314 4960 In
2356 4922 2460 4958 ms.
2501 4896 2656 4958 .Ultr.
2705 4896 2764 4956 et
2817 4908 2870 4956 2.
2929 4903 3115 4978 Trev._,
3162 4899 3236 4978 ac}
3283 4896 3734 4978 bene‘vioendum

2029 4969 2272 5047 praemiis
2303 4977 2640 5041 exhortatus,
2695 4981 2752 5047 at
2790 4976 3027 5047 praefatus
3086 4972 3145 5024 in
3180 4969 3491 5047 _Legenda_
3516 4969 3729 5021 l.ovan.

2037 5041 2234 5102 Surius
2267 5053 2482 5100 mutato
2515 5047 2657 5116 stylo
2691 5041 2996 5116 itajscribit
3030 5043 3376 5116 {multosque
3402 5041 3516 5093 suis
3556 5053 3733 5092 exem-

2031 5120 2142 5188 ptis
2173 5118 2246 5171 ad
2273 5120 2398 5171 bene
2425 5112 2643 5170 viveiidi
2665 5115 2910 5170 studium
2935 5112 3219 5188 perdumit.

2109 5188 2211 5258 (4e)
2242 5189 2322 5242 Ita
2351 5187 2547 5241 omnia
2599 5202 2733 5258 mss.
2784 5201 2914 5258 cum
2935 5177 3271 5258 _Capgravio
3287 5185 3387 5258 _et
3419 5177 3732 5258 Lectionib.

2041 5251 2205 5313 Brevi
2249 5259 2445 5312 Morin.
2493 5258 2559 5312 Al
2606 5256 2803 5312 Surius
2841 5255 2922 5309 ita
2962 5251 3249 5308 correxit:
3287 5253 3388 5307 Ubi
3412 5265 3537 5306 vero
3582 5251 3737 5306 Win-

229 5321 582 5419 εἶν
604 5321 912 5398 Frrisiorum
958 5333 1327 5392 conversione
1375 5329 1648 5384 laboravit
1683 5343 1694 5380 :
1728 5326 1932 5379 colitur
2037 5330 2290 5419 nibotdus
2343 5332 2647 5419 excessitre
2699 5328 2894 5419 causa
2917 5327 3143 5419 feminei
3195 5338 3376 5391 semus,
3429 5328 3534 5376 etc.
3598 5321 3742 5375 Con-

238 5423 268 5472 5
298 5419 472 5475 Junii.

308 5468 669 5561 ﬁgi-Fuerat
717 5479 994 5561 plurimis.
1026 5473 1540 5561 annis‘episcopujs
1562 5468 1656 5561 Aad
1697 5482 1930 5561 conver-

237 5539 749 5628 sidnemgentium
795 5550 1158 5613 constitutus,
1207 5539 1453 5598 tandem'
1484 5542 1617 5596 data
1665 5539 1717 5592 ei
1772 5539 1934 5593 sedes

2042 5402 2217 5455 sentit
2246 5400 2308 5453 in
2339 5401 2529 5470 priore
2559 5399 2686 5452 Vita
2714 5397 3104 5470 Wolfhardus.

2113 5472 2230 5596 (42g
2253 5462 2416 5538 Aliis,
2451 5468 2823 5527 Gaumeradus
2849 5473 2908 5522 et
2937 5465 3336 5532 Goumeradus,
3375 5462 3564 5532 Surio,
3600 5465 3741 5519 Gan-

2043 5559 2192 5597 mera
2232 5557 2317 5597 us.
