3950 6354
205 297 339 350 1093

1572 298 1770 354 VITAS
1809 301 1863 354 S.
1908 298 2013 354 WA
2022 298 2331 353 LBURGIS.

3567 307 3703 361 1094

198 420 453 474 horroris
481 419 723 490 caligine
779 420 1097 475 clementiae
1152 424 1268 474 tuae
1316 421 1490 475 radiis
1553 422 1884 476 evacuasti:
1929 424 1971 478 Α
2001 421 2340 493 religionem
2370 421 2664 476 imitabilis
2702 423 2867 492 facta,
2900 426 3133 480 tandem
3192 443 3259 480 ex
3309 428 3416 482 hoc
3474 430 3695 483 mundo

198 512 253 562 et
280 508 336 561 id
374 525 735 579 nequaquam
756 509 915 575 meis,
942 509 1039 563 sed
1056 508 1166 579 (43)
1191 509 1740 579 fratrumﬁmeorum,
1767 517 1893 565 tuo-

197 612 329 650 rum
360 597 617 650 videlicet
646 598 1015 665 famulorum,
1047 598 1266 651 ascribo
1316 598 1563 653 meritis.

271 688 323 751 3,
352 686 486 739 Post
505 685 725 740 obitum
772 686 1087 740 beatissimi
1121 686 1247 757 ;(44)
1280 686 1536 757 episcopi
1584 686 1896 741 Williboldi

199 773 389 827 fratris
415 775 471 828 S.
503 774 847 845 Walburgae,
905 776 1162 845 contigit,
1211 776 1393 842 illam,
1438 776 1583 829 sicut
1657 776 1896 829 feminei

201 877 367 915 sexus
423 867 625 916 natura
711 878 831 916 esse
898 864 1259 933 cognoscitur
1323 862 1454 931 (45),
1517 863 1895 917 intolerabilis

201 949 402 1004 exinde
442 950 613 1004 fuisse
642 950 1038 1021 impatientius.
1068 952 1223 1005 Tunc
1254 952 1533 1022 quosdam
1571 951 1896 1022 vespertino

200 1042 482 1108 tempore,
512 1040 670 1093 nullo
709 1056 777 1093 ex
810 1039 908 1092 illa
946 1047 1325 1111 cognoscente
1384 1040 1620 1108 familia,
1676 1040 1746 1094 de
1777 1056 1898 1093 mo-

201 1127 449 1180 nasterio
481 1144 726 1197 egressa,
758 1128 913 1182 venit
939 1128 1009 1182 ad
1036 1128 1335 1199 cujusdam
1361 1129 1599 1183 domum
1656 1128 1845 1183 divitis
1880 1145 1893 1183 :

206 1220 263 1269 et
285 1220 415 1269 ante
448 1215 597 1268 fores
646 1215 899 1285 ejusdem
958 1216 1122 1286 quasi
1171 1218 1437 1286 quaedam
1499 1218 1804 1288 peregrina
1844 1224 1899 1270 et

202 1302 424 1373 ignota,
456 1306 576 1357 sola
598 1304 865 1357 constitit.
917 1304 1098 1368 Quam
1129 1304 1328 1359 videns
1358 1306 1625 1359 dominus
1669 1307 1895 1372 domus,

200 1392 435 1462 ignarus
462 1409 589 1462 quae
616 1395 809 1459 ;esset,
886 1390 1027 1445 cum
1072 1394 1353 1447 universis
1400 1394 1723 1448 domesticis
1783 1395 1899 1448 suis

204 1481 501 1546 aestuabat,
542 1496 613 1533 ne
665 1480 865 1551 rapida
924 1497 1160 1535 suorum
1202 1472 1409 1535 canum
1484 1483 1720 1537 audacia
1772 1499 1898 1537 eam

205 1568 478 1622 laniando
559 1569 925 1637 decerperet:
981 1569 1151 1638 jussit
1210 1577 1288 1637 ut,
1346 1587 1471 1641 qua
1517 1577 1685 1638 esset,
1742 1571 1900 1624 ocius

202 1655 501 1710 indicaret.
535 1658 681 1710 Tum
711 1658 855 1711 illa:
895 1679 917 1706 ι
968 1658 1364 1729 Nequaquam,
1417 1658 1627 1729 inquit,
1682 1664 1895 1725 metuo,
1939 1704 1980 1757 Β

204 1745 359 1814 quod
385 1748 449 1798 tu
478 1745 690 1798 vereris
719 1761 889 1799 canes
916 1761 1007 1800 me
1034 1762 1197 1817 posse
1225 1747 1443 1801 crudeli
1468 1749 1636 1801 dente
1668 1748 1898 1801 contin-

206 1848 488 1903 gere,nec
534 1833 899 1905 Walburgam
946 1834 1049 1905 (sic
1079 1837 1234 1889 enim
1284 1834 1604 1906 nuncupor)
1638 1836 1900 1890 mordere

204 1921 497 1974 valebunt.
528 1922 650 1991 lpse
679 1923 835 1975 enim
880 1922 976 1993 qui
1027 1939 1117 1976 me
1164 1922 1276 1975 huc
1328 1922 1399 1976 ad
1462 1929 1621 1977 tuam
1662 1924 1899 1977 domum

204 2009 468 2078 perducit
495 2010 870 2079 incolumem,
918 2011 988 2064 ad
1034 2010 1224 2064 locum
1283 2010 1435 2064 unde
1486 2012 1615 2064 veni
1660 2012 1899 2065 illaesam

204 2098 417 2167 poterit
456 2114 547 2153 me
592 2099 939 2168 perducere;
975 2103 1029 2152 et
1084 2098 1204 2169 ipse
1253 2100 1449 2153 domui
1482 2105 1594 2154 tua:
1650 2100 1902 2153 conferet

208 2187 512 2241 medicinae
553 2189 830 2254 solamen,
864 2188 910 2240 si
952 2192 1072 2241 tota
1118 2188 1231 2242 fide
1279 2189 1546 2242 eumdem
1583 2188 1901 2257 {credideris

207 2291 328 2328 esse
361 2276 646 2329 medicum
702 2276 1136 2330 medicorum.»
1201 2276 1324 2339 Quo
1377 2277 1591 2344 audito,
1624 2281 1709 2330 vir
1762 2278 1901 2331 illu-

206 2363 333 2416 stris
366 2380 395 2416 a
430 2365 549 2417 loco
589 2380 702 2433 quo
752 2364 977 2417 sederat
1034 2364 1184 2418 illico
1236 2365 1520 2435 prosiluit,
1592 2365 1901 2436 animoque

207 2457 618 2519 consternatus,
652 2470 827 2524 quare
872 2460 984 2507 tam
1038 2454 1247 2508 nobilis
1298 2455 1487 2523 puella
1517 2460 1573 2507 et
1637 2456 1901 2523 omnipo-

208 2540 381 2593 tentis
413 2542 512 2596 Dei
552 2542 763 2595 famula
822 2542 894 2595 ad
951 2542 1161 2595 ostium
1222 2543 1560 2608 constiterit,
1586 2543 1897 2612 requisivit.

207 2629 365 2681 Tunc
395 2628 552 2682 illam
574 2646 699 2683 cum
728 2630 887 2683 omni
918 2631 1284 2684 veneratione
1316 2631 1900 2700 suscipiens,omnem

212 2716 294 2768 illi
322 2716 527 2770 debita:
556 2718 838 2771 servitutis
868 2718 1213 2771 famularum
1248 2718 1519 2772 exhibuit.
1580 2721 1727 2773 Hora
1769 2736 1901 2773 vero

212 2809 508 2857 nocturnae
534 2804 936 2874 requiestionis
966 2805 1313 2875 interrogata
1344 2805 1443 2859 ubi
1472 2808 1641 2860 vellet
1677 2808 1901 2878 requie-

212 2907 387 2959 scere,
421 2893 720 2964 respondit
746 2911 803 2947 se
835 2910 1119 2964 nusquam
1149 2894 1286 2947 alibi
1317 2895 1461 2948 velle
1516 2911 1755 2963 pausare
1780 2895 1904 2966 [nisi

2006 508 2367 578 triumphans
2396 508 2561 575 obiit,
2592 514 2647 563 et
2675 510 2744 564 ad
2771 510 3098 580 paradisum
3130 512 3219 566 sui
3248 514 3528 585 triumphi
3566 515 3695 569 bra-

2000 596 2157 649 vium
2185 601 2519 667 susceptura
2564 597 2888 652 beatissime
2919 600 3060 653 abiit
3114 600 3221 671 (47)
3271 607 3329 655 et
3356 602 3417 654 in
3472 603 3697 667 eodem,

2001 700 2117 754 quo
2143 702 2370 755 semper
2417 686 2643 740 Christo
2690 688 3066 742 ancillabatur
3127 690 3497 757 monasterio,
3560 707 3693 745 cum

2002 772 2251 826 maxime
2283 775 2503 844 sepulta
2535 780 2620 829 est
2647 775 3107 830 honoriﬁcentia.

2076 864 2126 915 5.
2163 862 2340 915 Parvo
2372 878 2441 915 ex
2490 863 2623 917 hinc
2671 869 2927 933 tempore
2977 864 3381 919 decedentibus
3439 866 3702 937 ejusdem

2004 949 2269 1003 Ecclesiae
2311 949 2657 1019 pastoribus,
2698 951 2755 1004 in
2798 966 2911 1021 qua
2956 951 3011 1005 S.
3063 952 3367 1023 Walburga
3418 954 3699 1009 condeba-

2002 1040 2115 1104 tur,
2160 1036 2400 1107 contigit
2452 1037 2747 1109 Otgarium
2791 1039 3177 1093 venerabilem
3226 1040 3411 1094 virum
3457 1043 3698 1113 Heysta—

2002 1124 2178 1179 tensis
2217 1125 2474 1179 Ecclesiae
2531 1127 2864 1181 cathedram
2896 1127 3231 1196 obtinuisse,
3287 1128 3544 1198 quicum
3593 1130 3702 1184 mi-

2003 1210 2152 1277 nori,
2201 1228 2373 1282 quam
2419 1213 2563 1267 ratio
2617 1214 2969 1283 deposceret,
3030 1215 3326 1270 honestate
3379 1217 3537 1272 idem
3576 1234 3702 1273 mo-

2004 1301 2333 1364 nasterium,
2365 1300 2425 1353 in
2446 1317 2559 1371 quo
2584 1302 2763 1356 beatae
2796 1303 3033 1373 virginis
3063 1307 3463 1374 corpusculum
3495 1308 3701 1362 huma-

2006 1387 2192 1450 batur,
2229 1388 2586 1456 excoluisset,
2621 1391 2869 1461 quadam
2912 1396 3076 1446 nocte
3100 1410 3204 1463 per
3250 1394 3531 1449 visionem
3590 1396 3702 1449 fer-

2005 1480 2101 1528 tur
2122 1491 2278 1528 sacra
2309 1476 2466 1547 virgo
2496 1476 2828 1548 hujusmodi
2851 1480 3034 1534 verbis
3058 1481 3221 1534 illum
3252 1483 3561 1552 compellas
3589 1499 3647 1537 se
3684 1499 3697 1536 :

2012 1584 2040 1611 «
2080 1564 2214 1631 Cur,
2245 1565 2453 1636 inquit,
2492 1567 2687 1637 Otgari
2742 1569 2955 1636 praesul
3007 1570 3118 1622 Deo
3168 1570 3359 1640 digne,
3421 1576 3705 1625 monaste-

2012 1652 2163 1705 rium
2222 1669 2336 1722 quo
2380 1670 2616 1724 corpore
2677 1672 2804 1709 sum
2863 1657 3156 1711 recondita
3211 1659 3292 1711 sic
3349 1659 3706 1730 negligenter

2010 1741 2282 1794 hactenus
2310 1741 2520 1796 habere
2554 1743 2822 1797 voluisti?
2866 1746 3007 1798 Nam
3040 1762 3338 1800 servorum
3388 1746 3524 1801 illuc
3571 1764 3706 1802 con-

2008 1829 2362 1883 venientium
2411 1831 2741 1885 temulentis
2786 1833 3041 1903 quotidie
3071 1836 3257 1888 calcor
3286 1835 3528 1905 pedibus
3576 1839 3700 1891 vul-

2008 1918 2356 1989 garibusque
2385 1918 2633 1989 vestigiis
2678 1921 3047 1986 comprimor.
3111 1922 3234 1976 Cito
3305 1924 3460 1978 enim
3501 1941 3685 1996 cogno

2008 2021 2127 2059 sces
2183 2006 2460 2077 quoniam
2513 2010 2625 2061 tale
2683 2009 2919 2079 aliquod
2961 2010 3063 2062 tibi
3101 2010 3378 2065 indicium
3429 2013 3701 2082 pandam,

2010 2110 2124 2165 quo
2157 2110 2273 2147 non
2302 2101 2452 2149 recte
2474 2100 2531 2150 te
2561 2112 2697 2167 erga
2731 2113 2820 2150 me
2843 2102 2898 2151 et
2919 2098 3155 2151 domum
3201 2098 3303 2153 Dei
3343 2099 3527 2170 egisse
3558 2116 3705 2153 com-

2009 2182 2217 2253 perias,
2249 2188 2333 2251 ut,
2386 2183 2434 2236 si
2488 2190 2543 2238 te
2574 2201 2739 2238 reum
2792 2185 2996 2241 exinde
3054 2188 3406 2258 cognoveris,
3481 2190 3707 2243 veniam

2013 2270 2304 2324 merearis.
2342 2293 2362 2320 ιο
2401 2271 2561 2335 Quod
2592 2289 2709 2327 non
2756 2275 2962 2327 falsum
3021 2292 3141 2329 esse
3174 2276 3359 2331 visum
3418 2282 3547 2347 post
3587 2295 3706 2332 non

2013 2360 2258 2413 multum
2313 2362 2606 2429 temporis,
2665 2363 2750 2416 rei
2805 2363 3195 2432 comprobavit
3269 2370 3526 2419 eventus.
3564 2366 3707 2418 Nam

2012 2448 2201 2501 statim
2228 2449 2287 2502 in
2328 2450 2591 2518 proximo
2644 2451 2780 2504 dum
2813 2452 2985 2505 erecti
3034 2458 3223 2506 essent
3262 2454 3507 2523 parietes
3557 2454 3707 2524 ejus-

2012 2536 2143 2590 dem
2186 2537 2436 2605 fabricae,
2490 2545 2546 2592 et
2597 2540 2936 2609 prominens
2990 2541 3239 2594 trabium
3292 2557 3571 2612 compago
3621 2558 3706 2594 se-

2012 2625 2211 2694 quenti
2242 2625 2333 2679 die
2360 2642 2532 2696 super
2558 2644 2753 2682 muros
2794 2628 3025 2682 deberet
3056 2629 3287 2698 apponi,
3325 2635 3494 2683 noctu
3547 2630 3712 2699 aqui-

2012 2713 2225 2767 lonaris
2258 2714 2441 2785 paries
2471 2715 2660 2769 subito
2689 2733 2868 2787 usque
2892 2719 2963 2771 ad
2994 2722 3207 2770 terram
3260 2718 3478 2771 corruit
3521 2723 3707 2771 terro-

2012 2817 2250 2871 remque
2283 2801 2435 2856 haud
2469 2802 2774 2857 minimum
2795 2810 2910 2858 tam
2941 2805 3266 2859 domesticis
3294 2822 3467 2876 quam
3490 2806 3711 2859 cunctis

2012 2889 2457 2961 circumquaque
2486 2891 2955 2945 conversantibus
3002 2891 3258 2947 incussit.
3296 2894 3459 2947 Facto
3517 2899 3711 2948 autem

212 2980 274 3034 in
304 2981 588 3050 cubiculo,
620 2981 681 3035 in
712 2998 827 3052 quo
850 2981 967 3035 ﬁlia
1000 2982 1122 3052 ejus
1152 2998 1333 3052 usque
1363 2981 1430 3036 ad
1458 2988 1702 3036 mortem
1724 2984 1907 3038 valida
1947 2974 1989 3029 C
2023 2994 2209 3045 mane,
2244 2994 2375 3032 cum
2407 2980 2476 3035 ad
2507 2979 2835 3049 hUjusmodi
2860 2983 3245 3050 spectaculum
3277 2998 3476 3036 omnes
3514 2982 3713 3053 pavidi

213 3067 557 3138 aegritudine
605 3070 879 3139 perducta
931 3071 1161 3140 jaceret,
1223 3072 1385 3140 cujus
1426 3069 1701 3140 {funebria
1753 3073 1910 3142 jama

212 3160 375 3226 patre
419 3162 477 3211 et
526 3162 706 3211 matre
746 3159 1233 3228 praeparabantur.
1292 3158 1508 3222 Quibus
1561 3175 1681 3228 pra:
1726 3160 1909 3216 nimio

214 3246 413 3299 dolore
488 3246 854 3315 ejulantibus,
930 3247 1167 3301 intravit
1219 3247 1568 3311 cubiculum,
1631 3254 1687 3301 et
1730 3254 1908 3303 totam

213 3340 442 3388 noctem
474 3335 1097 3404 educensjnsommem,
1125 3335 1478 3389 orationibus
1498 3335 1565 3388 ad
1604 3336 1909 3391 Dominum

213 3438 319 3492 par
346 3428 689 3476 transactam
729 3429 956 3476 noctem
997 3423 1261 3492 profusis,
1316 3423 1375 3477 in
1424 3424 1668 3477 crastino
1720 3427 1911 3494 puella

215 3511 610 3565 incolumitate
640 3510 1013 3582 integerrima
1048 3512 1353 3564 convaluit.
1388 3511 1510 3573 Quo
1556 3511 1677 3567 viso
1716 3529 1911 3583 paren-

214 3606 299 3653 tes
330 3602 625 3668 miraculo,
662 3602 776 3654 Deo
812 3599 1195 3669 omnipotenti
1226 3600 1325 3669 qui
1361 3600 1569 3653 occidit
1621 3605 1677 3653 et
1723 3600 1911 3655 vivere

220 3688 371 3752 facit,
430 3690 679 3759 percutit
738 3694 792 3743 et
849 3695 1034 3757 sanat,
1095 3688 1467 3741 multimodas
1525 3690 1911 3758 persolventes

217 3777 447 3846 gratias,
481 3776 892 3829 amantissimae
937 3778 1048 3829 Deo
1081 3780 1136 3828 et
1162 3775 1491 3828 hominibus
1527 3775 1739 3843 virgini
1777 3775 1909 3843 plu-

216 3864 363 3917 rima
398 3866 764 3934 protuleruut
809 3864 996 3933 xenia,
1049 3880 1288 3934 seseque
1338 3864 1460 3932 ejus
1516 3862 1912 3917 sacratissimis

219 3955 483 4024 precibus
513 3954 1074 4007 commendaverunt.
1113 3955 1215 4007 Illa
1246 3958 1435 4007 autem
1466 3954 1750 4007 donorum
1782 3969 1910 4023 pre-

221 4043 532 4097 tiositatem
566 4043 840 4111 refutans,
886 4043 1290 4113 Christumque
1323 4043 1506 4096 solum
1557 4048 1689 4096 ante
1721 4043 1914 4096 omnia

220 4132 487 4201 diligens,
520 4132 588 4185 ad
640 4131 1051 4186 monasterium
1107 4148 1365 4201 regressa
1407 4138 1518 4197 est;
1580 4137 1636 4185 et
1690 4136 1913 4202 ;quanto

218 4221 402 4290 magis
422 4220 481 4274 in
531 4237 588 4273 se
620 4220 871 4274 divinam
925 4225 1214 4289 comperta
1272 4227 1357 4275 est
1422 4222 1611 4290 vigere
1668 4221 1913 4274 clemen-

216 4310 379 4375 tiam,
415 4314 572 4362 tanto
606 4310 674 4361 ad
697 4308 957 4361 arctioris
987 4309 1117 4360 vitae
1147 4308 1255 4378 (46)
1290 4310 1684 4362 excellentiam
1711 4312 1912 4362 semet-

216 4399 425 4469 ipsam,
449 4398 517 4450 de
550 4398 638 4449 die
667 4396 724 4449 in
748 4397 900 4450 diem
932 4398 1234 4466 coaptavit.

289 4489 341 4539 4.
396 4486 495 4538 His
533 4484 753 4538 duobus
798 4485 1088 4537 miraculis
1127 4485 1278 4538 inter
1324 4485 1437 4538 alia
1474 4485 1640 4539 nobis
1671 4485 1913 4556 cognitis

219 4575 282 4628 in
315 4590 415 4625 sua
446 4572 560 4625 vita
618 4573 883 4641 peractis,
934 4571 1259 4625 beatissima
1312 4574 1472 4642 virgo
1529 4589 1659 4626 cum
1708 4573 1767 4626 in
1800 4574 1912 4626 Deo

218 4662 606 4728 corroborata,
660 4660 940 4713 mundum
971 4675 1098 4711 cum
1148 4660 1264 4713 suis
1304 4660 1780 4728 concupiscentiis
1811 4676 1912 4729 pe-

218 4751 375 4805 nitus
406 4753 747 4820 superasset,
778 4748 1045 4801 omnibus
1071 4764 1129 4801 se
1160 4748 1533 4818 sequentibus
1578 4749 1649 4802 ad
1679 4765 1914 4803 omnem

294 4882 403 4953 (43)
438 4882 822 4945 Wolthardus,
853 4880 1103 4950 precibus
1158 4883 1264 4934 mei
1294 4885 1343 4934 et
1373 4881 1456 4935 tui
1503 4879 1681 4935 devoti
1712 4882 1918 4945 famuli

250 4958 439 5008 'ratris.

218 4957 520 5093 fragile
549 5024 744 5077 omnia
776 5039 908 5077 mss.
942 5038 1071 5075 cum
1115 5022 1375 5087 Legenda
1422 5022 1627 5075 Levan.
1674 5026 1730 5075 et
1779 5022 1916 5091 Cap-

222 5096 439 5165 gravio.
487 5101 556 5148 At
602 5096 819 5158 Surius,
867 5094 1056 5146 deleto
1110 5094 1361 5163 episcopi
1404 5094 1660 5165 nomine,
1700 5094 1918 5146 Winni—

224 5164 439 5220 botdum
466 5168 759 5236 expressit,
786 5181 955 5235 quem
988 5181 1082 5217 an.
1126 5168 1219 5218 771
1267 5165 1487 5236 obiisse
1520 5164 1822 5236 ,diximus,
1862 5169 1918 5236 et

222 5238 279 5292 S.
350 5234 741 5290 Willibaldum
796 5234 925 5307 post
977 5236 1197 5289 obitum
1254 5236 1309 5290 S.
1356 5234 1675 5305 Walburgaa
1737 5234 1916 5289 videri

225 5308 593 5377 superfuisse.
745 5328 751 5334 ”

298 5375 407 5447 (45)
436 5379 563 5445 Sur,
598 5378 877 5432 immodico
906 5380 1154 5446 correpta
1183 5375 1383 5429 dolore.

298 5448 408 5518 (46)
445 5450 566 5503 Mss.
602 5451 765 5503 Trev.
798 5453 854 5502 et
878 5449 933 5503 S.
970 5449 1134 5514 Max.,
1158 5447 1845 5518 clementiamemcellentem

305 5520 410 5589 (47)
444 5520 505 5573 In
539 5520 783 5573 Historia
815 5520 1171 5586 Sanctorum,
1216 5534 1316 5572 seu
1359 5517 1637 5589 Legendaa
1684 5524 1839 5572 tomo
1868 5518 1918 5573 ΙΙ

225 5591 478 5647 Coloniae
517 5593 648 5645 1483
692 5598 749 5645 et
775 5590 1004 5646 Lovanii
1050 5593 1185 5645 1485
1219 5605 1447 5656 excuso,
1504 5590 1621 5643 haec
1667 5589 1909 5660 interpo-

2018 3066 2436 3135 convenissent,
2508 3074 2699 3123 custos
2768 3069 3028 3139 ejusdem
3116 3070 3388 3138 ecclesiae,
3473 3072 3712 3126 nomine

2020 3157 2410 3227 Reginfridus,
2481 3157 2820 3228 praescripto
2857 3158 3090 3229 praesuli
3139 3160 3368 3229 Otgario
3411 3176 3514 3231 per
3562 3163 3712 3217 velo-

2018 3245 2312 3303 cissimum
2340 3245 2446 3299 hoc
2472 3245 2759 3300 intimavit
2783 3248 2895 3317 (48)
2928 3246 3217 3300 nuntium.
3252 3248 3359 3312 Qui
3384 3249 3491 3302 hoc
3517 3250 3712 3305 audito

2020 3348 2151 3386 mox
2206 3333 2486 3387 visionem
2545 3350 2718 3404 quam
2751 3334 2861 3405 (49)
2914 3334 3131 3389 viderat
3188 3351 3307 3389 esse
3364 3338 3711 3407 completam

2017 3419 2365 3491 intelligens,
2395 3422 2531 3475 illuc
2561 3422 2914 3488 acceleravit,
2965 3428 3137 3493 atque
3190 3440 3318 3478 cum
3366 3426 3522 3478 omni
3564 3426 3716 3480 festi-

2018 3509 2215 3562 nantia
2254 3509 2553 3563 ecclesiam
2584 3525 2715 3563 cum
2764 3510 3148 3563 devotissimis
3194 3514 3531 3567 restauravit
3562 3529 3710 3568 com-

2018 3597 2460 3667 provincialibus
2480 3601 2651 3667 atque
2679 3597 2975 3652 dedicavit.
3012 3599 3283 3653 Tansacto
3315 3601 3491 3671 igitur
3538 3619 3713 3670 anno,

2020 3690 2372 3739 memoratus
2444 3687 2745 3756 episcopus
2812 3703 2943 3740 suos
3026 3688 3546 3761 archipresbyteros
3608 3693 3715 3761 (50)

2018 3775 2346 3827 Walconem
2379 3779 2551 3844 atque
2584 3774 2991 3845 Adhalungum
3030 3792 3156 3828 cum
3209 3778 3459 3847 quadam
3518 3780 3719 3834 sancti-

2020 3862 2279 3929 moniali,
2317 3861 2536 3916 Liubila
2556 3868 2903 3933 nuncupata,
2954 3864 3091 3918 illuc
3130 3866 3372 3920 transire
3419 3867 3716 3938 praecepit,

2021 3957 2302 4021 quatenus
2366 3952 2763 4020 corpusculum
2847 3952 2902 4006 S.
2947 3953 3266 4023 Walburgae
3321 3970 3453 4008 cum
3493 3973 3717 4009 summa

2021 4039 2319 4107 diligentia
2366 4038 2694 4092 effodientes
2741 4044 2799 4093 et
2847 4055 2975 4093 cum
3024 4042 3284 4095 nolarum
3355 4043 3717 4113 clangoribus

2021 4128 2483 4197 hymnorumque
2524 4127 2914 4193 concentibus,
2962 4130 3234 4198 omnique
3275 4130 3595 4185 reverentia
3649 4132 3718 4186 ad

2029 4217 2392 4285 Heystatense
2422 4215 2788 4284 deportarent
2817 4216 3141 4270 ccenobium
3178 4258 3190 4270 .
3213 4218 3365 4288 quod
3400 4234 3531 4271 cum
3561 4220 3723 4273 omni

2026 4303 2287 4374 populari
2322 4303 2696 4357 exsultatione
2728 4305 2834 4373 (51)
2884 4305 3184 4359 undecimo
3232 4306 3515 4360 Kalendas
3559 4309 3719 4363 Octo-

2021 4392 2138 4446 bris
2168 4391 2547 4462 perfccerunt.
2581 4392 2685 4447 Sed
2717 4399 2774 4445 et
2802 4393 3061 4463 ejusdem
3101 4394 3371 4449 antistitis
3412 4396 3577 4467 jussu
3605 4398 3719 4451 fra-

2021 4481 2123 4533 tris
2151 4482 2205 4534 S.
2239 4481 2560 4550 Walburgaa
2590 4482 2938 4536 Winniboldi
2970 4485 3230 4537 membra
3272 4490 3396 4553 post
3455 4489 3569 4538 tres
3600 4485 3721 4540 dies

2021 4574 2217 4623 octavo
2275 4568 2378 4639 (5'2)
2430 4570 2712 4623 Kalendas
2782 4571 3042 4625 Octobris
3099 4589 3166 4625 ex
3224 4573 3423 4627 eadem
3482 4575 3720 4629 ecclesia

2021 4659 2307 4721 tollentes,
2340 4658 2411 4711 ad
2440 4658 2707 4712 eumdem
2734 4658 2919 4712 locum
2953 4661 3393 4716 transtulerunt.

2024 4888 2240 4936 nuntur
2275 4886 2540 4951 :Legitur
2600 4890 2798 4951 autem,
2847 4884 2993 4954 quod
3054 4887 3179 4956 ipsa
3203 4903 3306 4956 pro
3353 4890 3725 4944 conservanda

2024 4958 2294 5008 castitatis
2314 4956 2606 5021 munditia,
2655 4956 2787 5009 adeo
2835 4959 3078 5011 virorum
3128 4963 3302 5013 tactus
3354 4962 3410 5011 in
3465 4963 3583 5015 vita
3622 4978 3724 5015 sua

2023 5040 2230 5099 semper
2259 5028 2563 5099 exhorruit,
2594 5031 2655 5079 ut
2682 5030 2851 5099 etiam
2871 5033 3010 5099 ipost
3056 5036 3299 5091 mortem,
3331 5045 3451 5083 cum
3478 5034 3569 5084 vir
3597 5035 3721 5099 qui-

2024 5096 2152 5149 dam
2207 5112 2399 5165 corpus
2447 5098 2559 5165 ejus
2611 5098 2977 5165 sepeliendum
3043 5102 3394 5167 contingeret,
3444 5103 3504 5154 in
3570 5096 3723 5157 testi-

2024 5168 2260 5292 :nonium
2288 5170 2538 5291 prisginw
2574 5170 2829 5223 custodiae
2865 5171 3134 5238 puritatis
3175 5173 3364 5225 statim
3418 5176 3631 5229 concuti
3673 5178 3723 5228 et

2048 5251 2247 5290 remere
2274 5253 2403 5292 ceam
2442 5281 2453 5291 .

2048 5251 2247 5290 remere
2274 5251 2453 5306 coepit.

2096 5308 2209 5373 (48)
2245 5309 2340 5362 Ms.
2374 5312 2531 5374 Ant.,
2560 5311 2975 5364 internuntium.

2095 5377 2209 5518 (49)
2236 5380 2331 5432 Ms.
2375 5379 2536 5442 Ultr.,
2561 5380 2832 5434 audierat.

2121 5451 2208 5517 50)
2259 5450 2393 5503 Ser..
2436 5452 2685 5504 Valtione
2712 5455 2761 5505 et
2794 5452 2832 5505 A

2121 5451 2208 5517 50)
2259 5450 2393 5503 Ser..
2436 5452 2685 5504 Valtione
2712 5455 2761 5505 et
2794 5452 3072 5518 Alungum
3101 5467 3221 5507 cum
3242 5454 3471 5509 Habita.

2101 5522 2201 5589 (51)
2231 5521 2328 5575 Ms.
2359 5521 2525 5587 Ultr.,
2558 5525 2764 5575 octavo.

2098 5577 2211 5662 (52)
2240 5591 2422 5657 Idem,
2454 5577 2669 5660 quinto.
