3950 6340
255 303 391 356 1095

249 514 386 568 Pars
414 513 773 581 reliquiarum
802 511 856 566 S.
896 511 1208 578 Walburgis
1257 511 1460 564 donata
1506 509 1727 564 Liubila
1785 509 1944 562 abba-

498 604 646 655 tissae
711 600 978 667 lngluvics
1017 601 1218 668 aliique
1263 599 1437 652 morbi
1473 599 1694 652 sublati.

325 693 376 743 6.
448 689 555 744 Sed
613 693 920 758 postquam
977 687 1305 740 beatissima
1359 687 1664 756 Walburga
1713 687 1944 756 Heysta-

251 782 439 832 tenses
492 778 636 831 ﬁnes
683 792 788 846 per
845 776 1207 845 semetipsam
1280 775 1508 828 visitare
1554 775 1787 844 dignata
1838 779 1940 835 est,

254 865 494 936 contigit
520 869 716 936 postea
748 869 808 918 ut
842 869 1160 918 memorata
1206 863 1660 916 sanctimonialis
1705 862 1946 916 Liubula

255 971 286 1007 a
317 953 434 1007 suis
461 952 803 1024 propinquis
850 953 1098 1005 multum
1149 951 1256 1004 sibi
1310 950 1698 1004 invidentibus
1733 949 1814 1003 ita
1841 964 1942 1005 co-

253 1046 590 1108 arctaretur,
619 1045 683 1094 ut
711 1045 827 1094 tam
887 1040 1169 1094 violenter
1197 1055 1369 1110 quam
1421 1039 1716 1109 ingeniose
1762 1054 1796 1092 a
1845 1054 1946 1092 sua

253 1131 454 1185 eadem
494 1135 753 1184 materna
808 1145 987 1199 prope
1021 1130 1402 1198 expelleretur
1430 1127 1782 1181 haereditate.
1835 1126 1941 1181 Sed

255 1219 629 1274 saluberrime
684 1218 874 1278 anxia,
910 1218 1054 1272 inito
1095 1217 1330 1271 consilio
1380 1217 1545 1287 petiit
1602 1217 1673 1270 ab
1709 1217 1942 1286 Heysta-

252 1308 431 1362 tensis
465 1307 724 1361 Ecclesiae
763 1306 1112 1360 Ercenbaldo
1143 1305 1417 1372 antistite,
1453 1309 1515 1358 ut
1571 1305 1678 1358 sibi
1736 1320 1944 1358 conce-

254 1396 530 1450 derentur
558 1395 612 1451 S.
674 1395 996 1464 Walburgae
1026 1394 1304 1465 reliquiae,
1339 1398 1618 1464 quatenus
1668 1393 1715 1446 si
1756 1393 1853 1446 illa
1885 1393 1942 1447 in

253 1485 564 1538 obtinenda
641 1500 744 1538 sua
820 1489 1078 1536 materna
1167 1483 1504 1551 praevaleret
1584 1482 1941 1550 haereditate,

251 1573 399 1627 hanc
427 1573 649 1628 Christo
682 1588 915 1642 suaeque
941 1571 1151 1642 virgini
1190 1571 1511 1641 Walburgae
1545 1571 1677 1640 jure
1735 1586 1942 1641 perpe-

254 1669 350 1717 tuo
381 1662 751 1715 condonaret.
779 1660 940 1724 Quod
969 1661 1105 1730 quia
1133 1677 1166 1712 a
1217 1661 1331 1712 Deo
1382 1660 1627 1729 sumpsit
1685 1659 1939 1721 initium,

253 1751 324 1803 ab
356 1749 480 1820 ipso
503 1749 676 1802 etiam
705 1747 1017 1802 terminum
1052 1748 1261 1800 habere
1291 1746 1683 1800 felicissimum
1711 1747 1939 1800 meruit.

251 1841 418 1892 Anno
448 1837 625 1908 igitur
655 1837 724 1890 ab
757 1835 1158 1890 Incarnatione
1195 1834 1422 1889 Domini
1467 1835 1942 1905 octingentesimo

253 1928 629 1996 nonagesimo
661 1925 851 1991 tertio,
884 1931 1159 1995 regnante
1190 1925 1509 1995 Arnulpho,
1562 1930 1827 1994 apertum
1860 1929 1945 1979 est

253 2017 578 2087 sepulcrum
635 2014 954 2084 Walburgae
1010 2012 1352 2066 beatissima:
1399 2013 1657 2084 virginis,
1710 2013 1771 2066 in
1827 2029 1942 2083 quo

252 2110 510 2175 tempore
543 2102 760 2174 Otgarii
787 2101 1039 2171 episcopi
1078 2101 1267 2154 fuerat
1314 2101 1606 2166 collocata,
1653 2106 1825 2172 atque
1872 2102 1942 2157 ob

254 2193 611 2263 sepulturam
652 2191 723 2244 ab
781 2190 982 2244 eodem
1027 2189 1294 2260 episc0po
1333 2190 1525 2243 minus
1579 2193 1944 2259 procuratam

254 2280 312 2333 in
339 2280 576 2343 visione,
609 2283 674 2331 ut
695 2278 816 2346 jam
846 2275 1246 2346 praescriptum
1301 2281 1406 2342 est,
1465 2275 1714 2330 multum
1755 2281 1944 2330 auste-

253 2369 394 2422 riter
421 2367 844 2437 increpabatur.

326 2461 377 2510 ’7.
407 2456 515 2526 (53)
567 2453 822 2523 Contigit
867 2451 1208 2505 miraculum
1242 2468 1272 2505 a
1338 2453 1544 2506 saeculo
1597 2451 1942 2519 inauditum,

255 2543 666 2614 multiplicibus
690 2548 859 2613 atque
885 2541 1366 2594 manifestissimis
1405 2545 1764 2610 compertum
1793 2540 1946 2594 testi-

256 2633 483 2687 moniis.
518 2632 788 2696 Quaedam
814 2630 1112 2700 cujusdam
1147 2630 1379 2683 familiae
1427 2630 1650 2693 ancilla,
1711 2629 1944 2683 nomine

252 2723 358 2792 (54)
391 2720 742 2786 Fritherada,
777 2720 912 2774 dum
940 2719 1277 2772 familiarius
1308 2719 1522 2773 caeteris
1571 2719 1630 2771 in
1670 2718 1944 2789 obsequio

255 2812 342 2864 sui
377 2810 593 2865 domini
621 2825 852 2880 suasque
883 2808 1080 2862 uxoris
1105 2809 1326 2862 assidue
1370 2808 1755 2874 ancillaretur,
1788 2806 1944 2860 subi-

254 2905 440 2954 taneus
465 2898 822 2969 aegritudinis
853 2897 1116 2950 molestia
1147 2897 1488 2967 carpebatur
1519 2913 1531 2950 :
1569 2897 1628 2950 in
1667 2913 1781 2968 qua
1807 2897 1943 2951 dum

1343 299 1730 355 ADELBOLDI
1769 267 2276 354 TRAJECTENSIS
2316 298 2652 354 EPISCOPI.

3614 303 3743 353 1096

1983 425 2027 478 Α
2055 436 2186 474 rans
2215 421 2717 483 verecundaretur,
2771 419 2917 475 inito
2967 419 3204 475 consilio
3248 419 3561 491 prudenter
3606 437 3745 475 con-

2055 509 2202 563 fessa
2231 516 2318 564 est
2341 511 2452 565 hoc
2493 511 2719 564 cuidam
2757 510 3040 564 Thiedildi
3084 510 3343 580 ejusdem
3411 509 3738 564 monasterii

2053 598 2443 669 procuratrici,
2489 603 2772 668 quatenus
2829 599 2950 668 ejus
3001 598 3356 652 orationibus
3391 598 3461 652 ab
3517 598 3624 651 hac
3654 598 3734 651 in-

2053 687 2298 741 satiabili
2319 687 2570 759 ingluvie
2616 687 3029 742 sublevaretur.
3070 687 3209 751 Quae
3262 687 3384 757 ejus
3442 687 3740 742 afflictioni

2054 791 2368 846 compassa,
2400 775 2648 842 {salubre
2709 776 3035 845 excogitans
3076 776 3403 844 consilium,
3437 776 3568 830 fecit
3620 793 3743 830 eam

2053 864 2306 934 accipere
2338 864 2622 918 benedicti
2653 865 2821 935 panis
2859 865 3183 935 portionem
3214 881 3246 918 a
3291 865 3543 936 quodam
3580 880 3744 919 vene-

2051 953 2217 1007 rabili
2253 953 2603 1023 presbytero,
2657 953 2894 1007 nomine
2943 955 3048 1022 (56)
3101 952 3442 1008 Reimundo.
3506 955 3575 1008 Ut
3605 969 3742 1024 ergo

2052 1057 2116 1095 ex
2147 1057 2214 1095 eo
2257 1042 2522 1112 gustavit,
2572 1042 2650 1095 ita
2683 1042 2961 1113 paulatim
3015 1041 3162 1096 miro
3203 1042 3374 1097 modo
3419 1042 3742 1097 decrescere

2050 1129 2222 1200 cmpit
2249 1134 2304 1182 et
2350 1129 2678 1198 annihilari,
2717 1135 2781 1184 ut
2807 1136 2975 1184 antea
3015 1131 3310 1184 consuevit
3354 1131 3739 1202 augmentari,

2053 1221 2113 1270 ut
2145 1218 2374 1271 tandem
2408 1217 2552 1271 nihil
2597 1218 2752 1272 aliud
2801 1220 2967 1273 edere
3015 1219 3126 1274 nisi
3172 1236 3400 1273 caseum
3447 1224 3502 1274 et
3546 1220 3743 1274 bibere

2051 1305 2160 1358 nisi
2190 1305 2348 1359 lactis
2376 1305 2538 1360 valde
2556 1305 2847 1360 modicum
2883 1307 3028 1362 circa
3057 1308 3176 1362 fere
3199 1307 3505 1362 dimidium
3527 1323 3744 1362 annum

2051 1393 2349 1464 potuisset.
2385 1395 2586 1448 Postea
2610 1411 2744 1448 vero
2776 1395 2856 1449 ita
2893 1395 2976 1449 illi
3003 1395 3234 1466 penitus
3277 1395 3590 1466 corporalis
3645 1412 3746 1450 nu-

2050 1483 2305 1535 trimenti
2331 1482 2538 1536 defecit
2563 1482 2932 1551 desiderium,
2965 1489 3029 1538 ut
3074 1485 3120 1537 si
3147 1484 3456 1555 aliquando
3501 1488 3746 1539 tentaret

2051 1569 2121 1623 de
2179 1570 2373 1640 aliquo
2425 1575 2657 1641 gustare
2741 1572 2936 1624 statim
3014 1573 3382 1626 evomuisset.
3440 1573 3582 1627 Cum
3608 1588 3743 1626 vero

2057 1656 2167 1710 sibi
2191 1657 2428 1710 omnino
2455 1657 2577 1710 sine
2617 1657 2787 1711 celeri
2833 1658 3052 1712 vomitu
3107 1659 3250 1712 nihil
3291 1674 3458 1729 posse
3512 1663 3744 1729 gustare

2057 1744 2286 1797 credula
2326 1744 2649 1812 exstitisset,
2686 1745 2908 1816 rogavit
2935 1746 3270 1816 praedictam
3323 1746 3422 1800 Dei
3470 1746 3744 1802 famulam

2054 1831 2408 1886 Thiedildem
2436 1837 2500 1886 ut
2520 1833 2661 1887 nihil
2695 1833 2881 1887 vitalis
2929 1834 3199 1905 stipendii
3245 1835 3330 1888 illi
3359 1835 3740 1906 impenderet,

2055 1935 2186 1973 cum
2217 1936 2386 1974 omne
2416 1922 2572 1991 quod
2601 1921 2964 1992 impenderet
3002 1923 3363 1994 perdidisset.
3406 1926 3564 1978 Tunc
3621 1941 3739 1977 rem

2056 2025 2088 2062 a
2114 2009 2319 2062 saeculo
2359 2009 2677 2064 inauditam
2709 2011 3042 2082 stupefacta,
3075 2012 3261 2066 ullum
3300 2012 3515 2083 quippe
3536 2029 3745 2084 corpus

2053 2113 2219 2167 posse
2253 2097 2467 2168 absque
2511 2098 2784 2152 alimento
2843 2099 3044 2153 tandiu
3090 2100 3301 2170 vivere,
3351 2101 3505 2171 quod
3559 2101 3630 2155 de
3679 2117 3746 2154 ea

2054 2190 2269 2255 ageret,
2323 2186 2496 2239 nimis
2553 2187 2848 2240 testuabat.
2904 2189 3156 2243 Tandem
3190 2189 3263 2243 ad
3307 2190 3544 2243 alteram
3589 2177 3760 2243 illius.

2055 2274 2390 2328 monasterii
2419 2275 2712 2329 ecclesiam
2740 2275 2819 2330 ibi
2849 2293 3024 2347 prope
3049 2277 3298 2347 positam
3343 2293 3468 2332 eam
3513 2277 3743 2346 direxit,

2055 2364 2466 2418 commendans
2496 2379 2620 2417 eam
2661 2365 2885 2418 cuidam
2939 2381 3006 2419 ex
3054 2366 3411 2420 consortibus
3437 2366 3579 2436 ejus,
3615 2383 3745 2437 quae

2055 2452 2269 2506 ibidem
2297 2453 2657 2522 procuratrix
2687 2453 2995 2507 constituta
3023 2459 3163 2508 erat.
3197 2453 3377 2517 Quam
3427 2455 3747 2526 suscipiens

2056 2555 2186 2594 cum
2217 2541 2377 2594 omni
2413 2541 2713 2611 diligentia
2764 2542 3102 2607 observavit,
3161 2559 3370 2614 sexque
3431 2543 3746 2598 hebdoma-

2057 2629 2145 2683 dis
2168 2629 2285 2683 fere
2311 2645 2503 2682 secum
2545 2629 2818 2689 detinuit:
2864 2630 2925 2683 in
2954 2631 3164 2700 quibus
3213 2647 3340 2685 eam
3391 2631 3534 2686 nihil
3588 2649 3748 2686 man-

2057 2718 2290 2772 ducasse
2311 2718 2622 2772 velbibisse
2661 2718 3039 2773 certissimum
3071 2720 3197 2774 fuit.

2129 2809 2179 2860 9.
2213 2806 2428 2870 Quibus
2457 2806 2714 2876 expletis,
2755 2807 2910 2861 venit
2957 2808 3194 2877 praefata
3247 2809 3557 2863 Thiedildis
3599 2810 3750 2864 hanc

2058 2893 2304 2962 visitare,
2364 2895 2516 2965 quod
2570 2894 2784 2949 factum
2823 2896 3024 2950 fuisset
3079 2897 3378 2968 comperit.
3428 2899 3586 2952 Tunc
3646 2899 3748 2952 Dei

256 2987 658 3042 miserabiliter
679 2987 856 3040 biduo
913 2989 1229 3050 vexaretur,
1278 2985 1571 3055 paulisper
1625 2985 1941 3051 convaluit;
1985 2987 2029 3045 C.
2062 2983 2263 3036 ancilla
2294 2983 2604 3037 Thiedildis
2629 2984 2865 3038 diversis
2909 2985 3089 3039 modis
3141 2991 3197 3040 et
3237 2985 3529 3040 blanditiis
3577 2987 3751 3056 cmpit

256 3077 352 3131 sed
410 3081 570 3130 tanta
623 3074 832 3130 deinde
889 3073 1166 3127 succrevit
1218 3072 1325 3125 sibi
1382 3072 1683 3142 ingluvies,
1737 3076 1802 3126 ut
1830 3088 1948 3126 non

255 3163 499 3219 saturari
532 3163 841 3229 ullatenus,
871 3161 967 3215 sed
1001 3161 1088 3214 vix
1137 3160 1443 3214 refocillari
1501 3161 1801 3230 potuisset.
1844 3159 1948 3215 Cui

255 3256 393 3309 dum
424 3251 734 3324 plurimam
761 3252 880 3321 ejus
910 3249 1224 3320 propinqui
1259 3249 1439 3302 victus
1477 3248 1699 3318 copiam
1745 3248 1948 3318 impri-

256 3343 364 3396 mis
396 3341 910 3406 administrassent,
947 3339 1160 3408 illaque
1197 3338 1265 3391 de
1313 3339 1402 3392 die
1434 3338 1492 3391 in
1547 3338 1699 3392 diem
1734 3338 1950 3408 majora

255 3447 483 3501 semper
504 3429 759 3484 subsidia
796 3427 1242 3498 concupisceret,
1292 3427 1428 3497 quid
1473 3427 1542 3480 de
1577 3442 1642 3479 ea
1697 3427 1952 3480 facerent

256 3520 495 3574 sollicite
526 3523 769 3572 tractare
815 3521 1131 3588 coeperunt.
1184 3515 1450 3569 Nondum
1511 3515 1664 3568 enim
1724 3514 1948 3568 incessu

255 3609 568 3671 fruebatur,
622 3606 717 3660 sed
763 3605 1082 3659 scabellulis
1140 3602 1412 3657 ﬂebiliter
1461 3602 1744 3672 reptabat.
1795 3603 1951 3656 Tunc

256 3714 357 3751 suo
387 3711 739 3766 suorumque
787 3693 1027 3748 consilio
1058 3697 1386 3762 parentum,
1437 3691 1729 3745 dominam
1761 3690 1946 3760 petiit,

256 3791 320 3840 ut
347 3785 600 3857 praefatae
627 3782 865 3852 virginis
906 3781 1218 3835 oratorium
1253 3780 1407 3833 adire
1457 3784 1794 3833 mereretur.
1829 3778 1950 3842 Quo

256 3873 556 3945 permisso,
580 3869 962 3926 dumveniens
989 3870 1270 3922 instanter
1281 3866 1646 3938 supplicaret,
1670 3868 1761 3921 die
1779 3867 1948 3921 tertio

255 3963 532 4017 debilium
564 3960 778 4031 pedum
811 3959 1016 4029 adepta
1043 3961 1127 4010 est
1151 3956 1474 4010 sanitatem.
1519 3956 1678 4019 Quod
1710 3955 1949 4010 audiens

256 4051 546 4123 praedictae
575 4049 806 4103 familiae
838 4047 1104 4102 dominus
1121 4045 1398 4112 videlicet,
1423 4045 1660 4116 ejusque
1692 4044 1950 4110 domina,

257 4140 428 4194 nimis
459 4139 772 4210 gaudentes
802 4136 1266 4190 acceleraverunt
1294 4134 1430 4188 illuc
1444 4133 1768 4203 pervenire,
1799 4148 1950 4187 eam-

255 4230 502 4299 demque
526 4227 790 4281 ancillam
825 4225 880 4280 S.
912 4223 1234 4293 Walburgaa
1267 4223 1326 4276 in
1365 4224 1776 4294 proprietatem
1832 4222 1946 4276 ibi-

255 4321 385 4372 dem
412 4315 630 4387 jugiter
660 4315 730 4368 ad
760 4313 1125 4368 serviendum
1153 4312 1451 4366 dederunt.
1511 4311 1618 4365 Sed
1659 4311 1946 4364 abbatissa

253 4407 493 4477 prmfata
520 4403 739 4458 Liubila
778 4403 885 4456 hoc
912 4401 1114 4465 tenuit,
1150 4401 1346 4470 ibique
1403 4399 1562 4452 illam
1611 4399 1948 4468 aliquandiu

256 4511 490 4549 manere
529 4493 887 4564 permittens,
919 4494 1291 4562 postipaucos
1342 4487 1462 4541 dies
1517 4485 1764 4540 dominis
1829 4488 1948 4541 suis

255 4583 604 4636 incolumem
635 4579 875 4634 remisit.

327 4675 377 4725 8.
431 4671 537 4726 Sed
589 4685 720 4724 mox
777 4673 843 4722 ut
889 4681 1152 4738 regressa
1212 4666 1316 4731 est,
1373 4663 1614 4735 pristino
1668 4664 1945 4734 languore

254 4764 514 4830 correpta
558 4763 660 4813 est.
718 4758 927 4812 Videns
984 4759 1172 4808 autem
1225 4752 1499 4824 praedicta
1552 4753 1786 4808 domina
1831 4769 1946 4808 non

257 4850 472 4904 bonum
501 4847 803 4902 consilium
830 4844 1026 4912 fuisse,
1068 4843 1223 4913 quod
1263 4842 1380 4896 ullo
1427 4842 1598 4896 modo
1649 4858 1682 4895 a
1737 4857 1946 4896 mona-

253 4937 428 4992 sterio
460 4941 590 5008 post
617 4935 920 4990 sanitatem
949 4931 1346 4996 abduceretur,
1405 4946 1536 4984 cum
1578 4929 1945 4986 festinatione

255 5043 381 5081 eam
410 5027 689 5080 reducens
721 5020 971 5078 ecclesiae
1002 5019 1061 5073 in
1116 5019 1416 5090 proprium
1475 5017 1710 5073 tradidit
1765 5018 1949 5072 famu-

256 5117 456 5183 latum,
532 5114 840 5184 statimque
897 5108 1212 5175 convaluit;
1263 5108 1358 5162 sed
1434 5106 1542 5178 (55)
1597 5105 1948 5162 intolerabili

255 5205 406 5273 gulae
435 5205 693 5276 appetitu
718 5200 1081 5272 fatigabatur.
1108 5197 1219 5252 Sed
1248 5197 1384 5250 dum
1422 5195 1593 5249 nimis
1618 5194 1752 5249 inde
1784 5194 1944 5250 labo-

326 5350 442 5418 (53)
499 5344 809 5418 Sequentia
865 5340 1140 5418 miracula
1213 5355 1283 5418 ex
1329 5335 1660 5418 Wolfhardo
1715 5336 1942 5418 selecta,

253 5407 726 5488 Qu‘od'prim'um,
754 5419 1019 5469 narratur
1057 5411 1128 5466 ab
1162 5411 1304 5488 eoql.
1336 5425 1417 5488 11.,
1459 5423 1518 5488 ρ.
1582 5409 1635 5473 3,
1704 5407 1947 5477 contigit

255 5480 347 5544 an.
375 5480 499 5559 893,
533 5480 766 5542 biennio
795 5490 921 5559 post
934 5481 1213 5559 corporis
1235 5480 1693 5559 translationem.

325 5559 436 5629 (54)
467 5549 589 5625 Ms.,
620 5561 776 5626 Ant.,
797 5549 1149 5610 'Fricheralia.
1183 5553 1333 5619 Sur.,
1369 5549 1697 5604 Friderada.

2059 3086 2186 3124 eam
2212 3071 2524 3140 exhortari,
2555 3072 2794 3136 dicens:
2825 3093 2852 3122 ‹‹
2879 3073 3024 3141 Noli,
3073 3073 3405 3128 charissima
3450 3074 3590 3142 filia,
3626 3075 3749 3129 noli

2057 3156 2394 3226 hujusmodi
2437 3159 2822 3213 obstinatione
2853 3165 2910 3214 te
2957 3159 3241 3226 seducere,
3288 3160 3384 3215 sed
3439 3161 3633 3232 potius
3675 3162 3748 3215 ad

2057 3250 2308 3300 mentem
2359 3248 2608 3301 accelera
2655 3248 2859 3315 redire,
2911 3254 2966 3302 et
2996 3249 3286 3303 alimoniae
3327 3249 3565 3320 aliquid,
3619 3250 3750 3304 tibi-

2059 3334 2288 3405 metipsi
2318 3337 2641 3403 consulens,
2674 3337 2941 3408 percipe;
2975 3338 3020 3392 si
3059 3354 3193 3392 vero
3230 3339 3487 3409 quolibet
3531 3339 3749 3393 falleris

2058 3423 2473 3493 phantasmate.
2519 3425 2696 3480 fatere
2735 3426 2873 3494 ﬁlia,
2907 3432 2964 3481 et
3004 3427 3120 3482 noli
3167 3428 3536 3495 erubescere;
3575 3429 3747 3482 credo

2057 3527 2161 3581 pro
2189 3517 2340 3566 certo
2370 3514 2416 3566 si
2446 3514 2670 3584 feceris,
2704 3516 2856 3586 quod
2890 3531 3019 3569 mox
3058 3517 3306 3571 dominae
3359 3521 3574 3571 nostrae
3622 3534 3750 3588 pre-

2058 3599 2218 3653 cibus
2247 3601 2554 3671 adjuveris.
2582 3603 2676 3656 His
2693 3603 2900 3657 auditis
2922 3605 2994 3659 ob
3020 3604 3260 3658 nimiam
3283 3604 3749 3675 objurgationem

2059 3690 2419 3755 erubescens,
2443 3690 2554 3761 (57)
2583 3697 2775 3745 coacta
2803 3693 3060 3747 tentabat
3084 3693 3300 3763 aliquid
3347 3700 3599 3763 gustare,
3646 3711 3753 3750 nec

2058 3782 2296 3847 poterat.
2359 3778 2468 3832 Sed
2516 3795 2588 3833 ne
2644 3779 2992 3836 exhortantis
3051 3781 3151 3835 Dei
3212 3781 3430 3835 ancillae
3495 3783 3755 3837 suasoria

2059 3867 2230 3919 verba
2259 3871 2627 3921 contemnere
2665 3868 2977 3935 videretur,
3009 3869 3176 3940 petiit
3203 3870 3310 3924 sibi
3363 3870 3432 3924 de
3480 3871 3756 3925 deteriori

2060 3954 2239 4008 sicera
2293 3956 2609 4026 porrigere.
2662 3958 2736 4011 Ex
2794 3974 2907 4027 qua
2955 3959 3092 4012 dum
3143 3960 3540 4029 permodicum
3571 3961 3758 4015 invita

2057 4043 2430 4113 degustasset,
2466 4060 2599 4098 mox
2643 4062 2747 4115 per
2772 4062 2941 4101 nares
2971 4051 3028 4101 et
3061 4063 3164 4117 per
3202 4049 3396 4102 oculos
3433 4049 3492 4103 id
3522 4065 3756 4120 parum,

2060 4131 2210 4202 quod
2243 4132 2580 4202 degustavit,
2604 4134 2816 4204 erupit,
2847 4135 2928 4189 ita
2958 4140 3023 4189 ut
3051 4152 3184 4190 mox
3214 4153 3361 4191 caeca
3405 4137 3754 4192 efficeretur.

2059 4222 2215 4275 Tunc
2266 4222 2338 4275 ad
2386 4223 2801 4277 monasterium
2868 4225 3101 4279 reducta
3149 4241 3266 4280 non
3323 4228 3756 4297 post-multum

2057 4311 2330 4382 temporis
2356 4311 2541 4364 visum
2572 4313 2958 4382 recuperavit;
2991 4315 3085 4368 sed
3118 4315 3179 4368 in
3212 4315 3432 4381 eadem,
3456 4332 3568 4387 qua
3589 4316 3755 4385 prius

2055 4400 2272 4454 cunctis
2329 4400 2688 4470 obstupenda
2729 4401 3090 4456 detinebatur
3124 4403 3490 4472 abstinentia,
3540 4406 3755 4476 perdu-

2057 4488 2219 4542 ravit.
2263 4489 2522 4559 Cumque
2556 4489 2830 4558 praedicta
2872 4491 3305 4546 materfamilias
3359 4497 3594 4565 totaque
3644 4495 3750 4549 illa

2055 4576 2330 4646 puellaris
2351 4578 2718 4648 congregatio
2745 4579 2816 4634 de
2841 4579 3170 4651 hujusmodi
3200 4582 3458 4637 inaudita
3486 4599 3750 4655 unquam

2054 4680 2224 4719 causa
2253 4665 2425 4719 nimis
2455 4667 2939 4737 obstupescerent,
2972 4669 3114 4723 inito
3143 4670 3402 4738 consilio,
3438 4672 3750 4741 praesulem

2053 4755 2465 4823 venerandum,
2527 4756 2598 4810 ad
2651 4757 2814 4827 cujus
2861 4757 3152 4812 dimcesim
3221 4758 3278 4813 id
3330 4761 3755 4814 monasterium

2055 4841 2487 4912 subjiciebatur,
2519 4843 2819 4912 adierunt;
2847 4860 3086 4917 remque
3111 4862 3214 4916 per
3244 4846 3507 4902 ordinem
3539 4847 3609 4901 ab
3636 4847 3754 4901 ini-

2053 4929 2133 4983 tio
2162 4935 2382 4998 gestam
2413 4937 2811 5002 narraverunt,
2845 4934 2998 5004 quod
3037 4935 3160 5005 ejus
3209 4935 3534 5004 prudentiae
3577 4951 3758 5007 super

2055 5018 2166 5071 hoc
2221 5019 2547 5074 incredibili
2596 5021 2760 5092 signo
2813 5022 3102 5077 videretur
3146 5041 3267 5077 esse
3307 5024 3758 5079 discernendum

2057 5111 2115 5160 et
2145 5109 2530 5163 statuendum.
2571 5109 2670 5163 Ille
2731 5126 2864 5164 vero
2915 5111 3021 5166 hoc
3079 5112 3274 5167 audito
3319 5113 3758 5185 obstupescens,

2054 5195 2216 5250 nullo
2247 5197 2420 5252 modo
2448 5198 2735 5269 credulus,
2755 5199 3060 5255 verebatur
3081 5217 3153 5256 ne
3183 5201 3376 5273 aliqua
3395 5202 3762 5257 milleformis

2128 5336 2236 5411 (ὅό)
2263 5337 2509 5411 Additur
2540 5339 2602 5394 in
2631 5343 2744 5396 ms.‘
2773 5343 3009 5396 Antner.
3042 5343 3276 5411 singulis
3303 5343 3512 5397 diebus.

2127 5408 2237 5478 (56)
2259 5409 2402 5463 Aliis
2431 5411 2731 5482 Remundo,
2751 5413 3048 5482 Himundo,
3081 5408 3387 5480 Inimundo,
3411 5414 3645 5471 Mundo.

2127 5482 2237 5544 (357)
2268 5482 2326 5533 In
2369 5497 2502 5538 mss.
2539 5485 2674 5537 Ant.
2716 5487 2772 5537 et
2799 5484 2854 5538 S.
2898 5485 3040 5538 Max.
3081 5485 3417 5550 addebatur,
3451 5487 3682 5540 tacebat.
