  <div class='ocr_page' id='page_1' title='image "/cluster/home/n/w/nwhite01/storage/ocr_20150623/140/umn.31951002477433x/600.png"; bbox 0 0 3950 6362; ppageno 0'>
   <div class='ocr_carea' id='block_1_1' title="bbox 132 373 257 425">
    <p class='ocr_par' dir='ltr' id='par_1_1' title="bbox 132 373 257 425">
     <span class='ocr_line' id='line_1_1' title="bbox 132 373 257 425; baseline 0 -1"><span class='ocrx_word' id='word_1_1' title='bbox 132 373 257 425; x_wconf 79' lang='grc'>1097</span> 
     </span>
    </p>
   </div>
   <div class='ocr_carea' id='block_1_2' title="bbox 1503 372 2230 433">
    <p class='ocr_par' dir='ltr' id='par_1_2' title="bbox 1503 372 2230 433">
     <span class='ocr_line' id='line_1_2' title="bbox 1503 372 2230 433; baseline 0.012 -9"><span class='ocrx_word' id='word_1_2' title='bbox 1503 372 1660 427; x_wconf 86' lang='lat' dir='ltr'>VITA</span> <span class='ocrx_word' id='word_1_3' title='bbox 1699 375 1753 428; x_wconf 91' lang='lat' dir='ltr'>S.</span> <span class='ocrx_word' id='word_1_4' title='bbox 1800 375 2230 433; x_wconf 79' lang='lat' dir='ltr'>WALBURGIS.</span> 
     </span>
    </p>
   </div>
   <div class='ocr_carea' id='block_1_3' title="bbox 3473 380 3615 434">
    <p class='ocr_par' dir='ltr' id='par_1_3' title="bbox 3473 380 3615 434">
     <span class='ocr_line' id='line_1_3' title="bbox 3473 380 3615 434; baseline 0 -1"><span class='ocrx_word' id='word_1_5' title='bbox 3473 380 3615 434; x_wconf 74' lang='lat'>1098</span> 
     </span>
    </p>
   </div>
   <div class='ocr_carea' id='block_1_4' title="bbox 130 501 3618 582">
    <p class='ocr_par' dir='ltr' id='par_1_4' title="bbox 130 501 3618 582">
     <span class='ocr_line' id='line_1_4' title="bbox 130 501 3618 582; baseline 0.002 -25"><span class='ocrx_word' id='word_1_6' title='bbox 130 503 338 557; x_wconf 87' lang='lat' dir='ltr'>diaboli</span> <span class='ocrx_word' id='word_1_7' title='bbox 366 502 576 557; x_wconf 83' lang='lat' dir='ltr'>astutia</span> <span class='ocrx_word' id='word_1_8' title='bbox 604 502 802 555; x_wconf 88' lang='lat' dir='ltr'>delusa</span> <span class='ocrx_word' id='word_1_9' title='bbox 826 501 979 555; x_wconf 87' lang='lat' dir='ltr'>visus</span> <span class='ocrx_word' id='word_1_10' title='bbox 1005 501 1308 556; x_wconf 90' lang='lat' dir='ltr'>hominum</span> <span class='ocrx_word' id='word_1_11' title='bbox 1344 501 1586 569; x_wconf 88' lang='lat' dir='ltr'>falleret,</span> <span class='ocrx_word' id='word_1_12' title='bbox 1638 506 1808 576; x_wconf 78' lang='lat' dir='ltr'>eique</span> <span class='ocrx_word' id='word_1_13' title='bbox 1845 516 1888 567; x_wconf 85' lang='grc' dir='ltr'><strong>Α</strong></span> <span class='ocrx_word' id='word_1_14' title='bbox 1922 524 2075 562; x_wconf 89' lang='lat' dir='ltr'>nunc</span> <span class='ocrx_word' id='word_1_15' title='bbox 2110 509 2178 562; x_wconf 90' lang='lat' dir='ltr'>ad</span> <span class='ocrx_word' id='word_1_16' title='bbox 2219 509 2514 562; x_wconf 88' lang='lat' dir='ltr'>ecclesiam</span> <span class='ocrx_word' id='word_1_17' title='bbox 2562 509 2818 563; x_wconf 90' lang='lat' dir='ltr'>eundum</span> <span class='ocrx_word' id='word_1_18' title='bbox 2864 513 2969 576; x_wconf 91' lang='lat' dir='ltr'>est,</span> <span class='ocrx_word' id='word_1_19' title='bbox 3011 525 3143 563; x_wconf 88' lang='lat' dir='ltr'>cum</span> <span class='ocrx_word' id='word_1_20' title='bbox 3186 510 3430 564; x_wconf 88' lang='lat' dir='ltr'>necdum</span> <span class='ocrx_word' id='word_1_21' title='bbox 3491 509 3618 582; x_wconf 89' lang='lat' dir='ltr'>pul-</span> 
     </span>
    </p>
   </div>
   <div class='ocr_carea' id='block_1_5' title="bbox 128 588 1816 661">
    <p class='ocr_par' dir='ltr' id='par_1_5' title="bbox 128 588 1816 661">
     <span class='ocr_line' id='line_1_5' title="bbox 128 588 1816 661; baseline 0.001 -18"><span class='ocrx_word' id='word_1_22' title='bbox 128 590 409 643; x_wconf 70' lang='lat' dir='ltr'>alimoniaa</span> <span class='ocrx_word' id='word_1_23' title='bbox 438 588 773 643; x_wconf 86' lang='lat' dir='ltr'>refocillatio</span> <span class='ocrx_word' id='word_1_24' title='bbox 812 590 872 643; x_wconf 91' lang='lat' dir='ltr'>in</span> <span class='ocrx_word' id='word_1_25' title='bbox 922 589 1321 643; x_wconf 83' lang='lat' dir='ltr'>secretioribus</span> <span class='ocrx_word' id='word_1_26' title='bbox 1376 590 1578 660; x_wconf 72' lang='lat' dir='ltr'>positze</span> <span class='ocrx_word' id='word_1_27' title='bbox 1633 592 1816 661; x_wconf 87' lang='lat' dir='ltr'>quali-</span> 
     </span>
    </p>
   </div>
   <div class='ocr_carea' id='block_1_6' title="bbox 128 677 1818 747">
    <p class='ocr_par' dir='ltr' id='par_1_6' title="bbox 128 677 1818 747">
     <span class='ocr_line' id='line_1_6' title="bbox 128 677 1818 747; baseline 0.001 -17"><span class='ocrx_word' id='word_1_28' title='bbox 128 693 351 747; x_wconf 89' lang='lat' dir='ltr'>cunque</span> <span class='ocrx_word' id='word_1_29' title='bbox 380 683 502 731; x_wconf 89' lang='lat' dir='ltr'>arte</span> <span class='ocrx_word' id='word_1_30' title='bbox 551 677 1067 731; x_wconf 82' lang='lat' dir='ltr'>administraretur.</span> <span class='ocrx_word' id='word_1_31' title='bbox 1120 679 1277 731; x_wconf 90' lang='lat' dir='ltr'>Tunc</span> <span class='ocrx_word' id='word_1_32' title='bbox 1319 695 1449 731; x_wconf 91' lang='lat' dir='ltr'>cum</span> <span class='ocrx_word' id='word_1_33' title='bbox 1500 679 1616 733; x_wconf 88' lang='lat' dir='ltr'>suis</span> <span class='ocrx_word' id='word_1_34' title='bbox 1672 680 1818 733; x_wconf 89' lang='lat' dir='ltr'>inito</span> 
     </span>
    </p>
   </div>
   <div class='ocr_carea' id='block_1_7' title="bbox 129 766 1819 837">
    <p class='ocr_par' dir='ltr' id='par_1_7' title="bbox 129 766 1819 837">
     <span class='ocr_line' id='line_1_7' title="bbox 129 766 1819 837; baseline 0 -17"><span class='ocrx_word' id='word_1_35' title='bbox 129 766 387 834; x_wconf 88' lang='lat' dir='ltr'>consilio,</span> <span class='ocrx_word' id='word_1_36' title='bbox 421 772 733 837; x_wconf 89' lang='lat' dir='ltr'>vocatoque</span> <span class='ocrx_word' id='word_1_37' title='bbox 757 766 826 819; x_wconf 91' lang='lat' dir='ltr'>de</span> <span class='ocrx_word' id='word_1_38' title='bbox 848 766 1199 820; x_wconf 88' lang='lat' dir='ltr'>monasterio</span> <span class='ocrx_word' id='word_1_39' title='bbox 1229 767 1285 820; x_wconf 91' lang='lat' dir='ltr'>S.</span> <span class='ocrx_word' id='word_1_40' title='bbox 1318 768 1638 837; x_wconf 69' lang='lat' dir='ltr'>Walburgaa</span> <span class='ocrx_word' id='word_1_41' title='bbox 1660 769 1819 821; x_wconf 90' lang='lat' dir='ltr'>valde</span> 
     </span>
    </p>
   </div>
   <div class='ocr_carea' id='block_1_8' title="bbox 131 854 1819 927">
    <p class='ocr_par' dir='ltr' id='par_1_8' title="bbox 131 854 1819 927">
     <span class='ocr_line' id='line_1_8' title="bbox 131 854 1819 927; baseline 0.002 -20"><span class='ocrx_word' id='word_1_42' title='bbox 131 854 393 923; x_wconf 87' lang='lat' dir='ltr'>religioso</span> <span class='ocrx_word' id='word_1_43' title='bbox 447 856 800 924; x_wconf 83' lang='lat' dir='ltr'>presbytero,</span> <span class='ocrx_word' id='word_1_44' title='bbox 849 858 1182 911; x_wconf 84' lang='lat' dir='ltr'>auctoritate</span> <span class='ocrx_word' id='word_1_45' title='bbox 1214 856 1552 927; x_wconf 81' lang='lat' dir='ltr'>pontiﬁciali</span> <span class='ocrx_word' id='word_1_46' title='bbox 1608 859 1819 911; x_wconf 86' lang='lat' dir='ltr'>iterum</span> 
     </span>
    </p>
   </div>
   <div class='ocr_carea' id='block_1_9' title="bbox 130 943 1823 1015">
    <p class='ocr_par' dir='ltr' id='par_1_9' title="bbox 130 943 1823 1015">
     <span class='ocr_line' id='line_1_9' title="bbox 130 943 1823 1015; baseline 0.001 -18"><span class='ocrx_word' id='word_1_47' title='bbox 130 944 453 1013; x_wconf 83' lang='lat' dir='ltr'>iterumque</span> <span class='ocrx_word' id='word_1_48' title='bbox 517 943 812 995; x_wconf 86' lang='lat' dir='ltr'>mandavit</span> <span class='ocrx_word' id='word_1_49' title='bbox 868 950 932 997; x_wconf 90' lang='lat' dir='ltr'>ut</span> <span class='ocrx_word' id='word_1_50' title='bbox 953 945 1213 998; x_wconf 89' lang='lat' dir='ltr'>eamdem</span> <span class='ocrx_word' id='word_1_51' title='bbox 1245 946 1533 1011; x_wconf 83' lang='lat' dir='ltr'>ancillam,</span> <span class='ocrx_word' id='word_1_52' title='bbox 1584 946 1653 999; x_wconf 92' lang='lat' dir='ltr'>de</span> <span class='ocrx_word' id='word_1_53' title='bbox 1708 962 1823 1015; x_wconf 87' lang='lat' dir='ltr'>qua</span> 
     </span>
    </p>
   </div>
   <div class='ocr_carea' id='block_1_10' title="bbox 132 1030 1823 1103">
    <p class='ocr_par' dir='ltr' id='par_1_10' title="bbox 132 1030 1823 1103">
     <span class='ocr_line' id='line_1_10' title="bbox 132 1030 1823 1103; baseline 0.001 -19"><span class='ocrx_word' id='word_1_54' title='bbox 132 1031 443 1101; x_wconf 87' lang='lat' dir='ltr'>loquimur,</span> <span class='ocrx_word' id='word_1_55' title='bbox 486 1030 549 1083; x_wconf 89' lang='lat' dir='ltr'>in</span> <span class='ocrx_word' id='word_1_56' title='bbox 580 1047 742 1084; x_wconf 89' lang='lat' dir='ltr'>suam</span> <span class='ocrx_word' id='word_1_57' title='bbox 781 1037 1105 1101; x_wconf 85' lang='lat' dir='ltr'>susceptam</span> <span class='ocrx_word' id='word_1_58' title='bbox 1148 1032 1493 1101; x_wconf 83' lang='lat' dir='ltr'>custodiam,</span> <span class='ocrx_word' id='word_1_59' title='bbox 1526 1050 1598 1086; x_wconf 89' lang='lat' dir='ltr'>ne</span> <span class='ocrx_word' id='word_1_60' title='bbox 1628 1034 1823 1103; x_wconf 88' lang='lat' dir='ltr'>aliqua</span> 
     </span>
    </p>
   </div>
   <div class='ocr_carea' id='block_1_11' title="bbox 132 1125 1819 1193">
    <p class='ocr_par' dir='ltr' id='par_1_11' title="bbox 132 1125 1819 1193">
     <span class='ocr_line' id='line_1_11' title="bbox 132 1125 1819 1193; baseline 0.001 -16"><span class='ocrx_word' id='word_1_61' title='bbox 132 1125 337 1178; x_wconf 85' lang='lat' dir='ltr'>astutia</span> <span class='ocrx_word' id='word_1_62' title='bbox 363 1125 643 1177; x_wconf 78' lang='lat' dir='ltr'>humanos</span> <span class='ocrx_word' id='word_1_63' title='bbox 688 1125 909 1178; x_wconf 88' lang='lat' dir='ltr'>falleret</span> <span class='ocrx_word' id='word_1_64' title='bbox 956 1126 1207 1193; x_wconf 79' lang='lat' dir='ltr'>obtutus,</span> <span class='ocrx_word' id='word_1_65' title='bbox 1244 1126 1568 1180; x_wconf 82' lang='lat' dir='ltr'>cautissime</span> <span class='ocrx_word' id='word_1_66' title='bbox 1628 1127 1819 1180; x_wconf 81' lang='lat' dir='ltr'>obser-</span> 
     </span>
    </p>
   </div>
   <div class='ocr_carea' id='block_1_12' title="bbox 134 1212 1824 1282">
    <p class='ocr_par' dir='ltr' id='par_1_12' title="bbox 134 1212 1824 1282">
     <span class='ocr_line' id='line_1_12' title="bbox 134 1212 1824 1282; baseline 0.002 -19"><span class='ocrx_word' id='word_1_67' title='bbox 134 1216 307 1266; x_wconf 90' lang='lat' dir='ltr'>varet.</span> <span class='ocrx_word' id='word_1_68' title='bbox 342 1212 505 1275; x_wconf 87' lang='lat' dir='ltr'>Quod</span> <span class='ocrx_word' id='word_1_69' title='bbox 539 1216 595 1264; x_wconf 91' lang='lat' dir='ltr'>et</span> <span class='ocrx_word' id='word_1_70' title='bbox 624 1212 774 1278; x_wconf 88' lang='lat' dir='ltr'>fecit,</span> <span class='ocrx_word' id='word_1_71' title='bbox 811 1217 884 1277; x_wconf 90' lang='lat' dir='ltr'>et,</span> <span class='ocrx_word' id='word_1_72' title='bbox 916 1218 977 1265; x_wconf 92' lang='lat' dir='ltr'>ut</span> <span class='ocrx_word' id='word_1_73' title='bbox 1022 1212 1182 1282; x_wconf 90' lang='lat' dir='ltr'>prius</span> <span class='ocrx_word' id='word_1_74' title='bbox 1212 1218 1507 1267; x_wconf 90' lang='lat' dir='ltr'>narratum</span> <span class='ocrx_word' id='word_1_75' title='bbox 1557 1214 1760 1279; x_wconf 79' lang='lat' dir='ltr'>fuerat,</span> <span class='ocrx_word' id='word_1_76' title='bbox 1792 1231 1824 1266; x_wconf 88' lang='lat' dir='ltr'>a</span> 
     </span>
    </p>
   </div>
   <div class='ocr_carea' id='block_1_13' title="bbox 135 1299 1820 1371">
    <p class='ocr_par' dir='ltr' id='par_1_13' title="bbox 135 1299 1820 1371">
     <span class='ocr_line' id='line_1_13' title="bbox 135 1299 1820 1371; baseline -0.001 -18"><span class='ocrx_word' id='word_1_77' title='bbox 135 1318 193 1353; x_wconf 91' lang='lat' dir='ltr'>se</span> <span class='ocrx_word' id='word_1_78' title='bbox 273 1299 707 1369; x_wconf 85' lang='lat' dir='ltr'>diligentissime</span> <span class='ocrx_word' id='word_1_79' title='bbox 777 1305 1133 1370; x_wconf 90' lang='lat' dir='ltr'>compertum</span> <span class='ocrx_word' id='word_1_80' title='bbox 1192 1301 1460 1371; x_wconf 86' lang='lat' dir='ltr'>episcopo</span> <span class='ocrx_word' id='word_1_81' title='bbox 1518 1301 1820 1354; x_wconf 77' lang='lat' dir='ltr'>nuntiavit.</span> 
     </span>
    </p>
   </div>
   <div class='ocr_carea' id='block_1_14' title="bbox 134 1389 1824 1460">
    <p class='ocr_par' dir='ltr' id='par_1_14' title="bbox 134 1389 1824 1460">
     <span class='ocr_line' id='line_1_14' title="bbox 134 1389 1824 1460; baseline -0.001 -17"><span class='ocrx_word' id='word_1_82' title='bbox 134 1391 289 1443; x_wconf 89' lang='lat' dir='ltr'>Tunc</span> <span class='ocrx_word' id='word_1_83' title='bbox 346 1390 551 1457; x_wconf 66' lang='lat' dir='ltr'>praesul</span> <span class='ocrx_word' id='word_1_84' title='bbox 600 1389 759 1441; x_wconf 90' lang='lat' dir='ltr'>omni</span> <span class='ocrx_word' id='word_1_85' title='bbox 805 1389 1161 1443; x_wconf 88' lang='lat' dir='ltr'>dubitatione</span> <span class='ocrx_word' id='word_1_86' title='bbox 1210 1390 1434 1443; x_wconf 90' lang='lat' dir='ltr'>detersa</span> <span class='ocrx_word' id='word_1_87' title='bbox 1491 1390 1653 1459; x_wconf 89' lang='lat' dir='ltr'>quasi</span> <span class='ocrx_word' id='word_1_88' title='bbox 1703 1390 1824 1460; x_wconf 86' lang='lat' dir='ltr'>jam</span> 
     </span>
    </p>
   </div>
   <div class='ocr_carea' id='block_1_15' title="bbox 138 1476 1827 1547">
    <p class='ocr_par' dir='ltr' id='par_1_15' title="bbox 138 1476 1827 1547">
     <span class='ocr_line' id='line_1_15' title="bbox 138 1476 1827 1547; baseline 0 -17"><span class='ocrx_word' id='word_1_89' title='bbox 138 1479 464 1544; x_wconf 89' lang='lat' dir='ltr'>compulsus</span> <span class='ocrx_word' id='word_1_90' title='bbox 496 1476 754 1531; x_wconf 84' lang='lat' dir='ltr'>credidit.</span> <span class='ocrx_word' id='word_1_91' title='bbox 805 1477 893 1531; x_wconf 88' lang='lat' dir='ltr'>Sic</span> <span class='ocrx_word' id='word_1_92' title='bbox 933 1478 1180 1547; x_wconf 90' lang='lat' dir='ltr'>denique</span> <span class='ocrx_word' id='word_1_93' title='bbox 1250 1478 1435 1531; x_wconf 84' lang='lat' dir='ltr'>adhuc</span> <span class='ocrx_word' id='word_1_94' title='bbox 1490 1478 1737 1531; x_wconf 90' lang='lat' dir='ltr'>triennio</span> <span class='ocrx_word' id='word_1_95' title='bbox 1794 1494 1827 1530; x_wconf 88' lang='lat' dir='ltr'>a</span> 
     </span>
    </p>
   </div>
   <div class='ocr_carea' id='block_1_16' title="bbox 137 1564 1823 1635">
    <p class='ocr_par' dir='ltr' id='par_1_16' title="bbox 137 1564 1823 1635">
     <span class='ocr_line' id='line_1_16' title="bbox 137 1564 1823 1635; baseline 0 -16"><span class='ocrx_word' id='word_1_96' title='bbox 137 1568 189 1619; x_wconf 88' lang='lat' dir='ltr'>S.</span> <span class='ocrx_word' id='word_1_97' title='bbox 234 1564 455 1620; x_wconf 85' lang='lat' dir='ltr'>Martini</span> <span class='ocrx_word' id='word_1_98' title='bbox 505 1565 679 1619; x_wconf 87' lang='lat' dir='ltr'>missa</span> <span class='ocrx_word' id='word_1_99' title='bbox 720 1582 897 1635; x_wconf 89' lang='lat' dir='ltr'>usque</span> <span class='ocrx_word' id='word_1_100' title='bbox 950 1567 1018 1619; x_wconf 88' lang='lat' dir='ltr'>ad</span> <span class='ocrx_word' id='word_1_101' title='bbox 1046 1566 1211 1619; x_wconf 90' lang='lat' dir='ltr'>illum</span> <span class='ocrx_word' id='word_1_102' title='bbox 1260 1568 1603 1620; x_wconf 85' lang='lat' dir='ltr'>consistebat</span> <span class='ocrx_word' id='word_1_103' title='bbox 1650 1567 1823 1620; x_wconf 90' lang='lat' dir='ltr'>diem.</span> 
     </span>
    </p>
   </div>
   <div class='ocr_carea' id='block_1_17' title="bbox 139 1653 1826 1723">
    <p class='ocr_par' dir='ltr' id='par_1_17' title="bbox 139 1653 1826 1723">
     <span class='ocr_line' id='line_1_17' title="bbox 139 1653 1826 1723; baseline -0.001 -16"><span class='ocrx_word' id='word_1_104' title='bbox 139 1654 495 1721; x_wconf 89' lang='lat' dir='ltr'>Operabatur</span> <span class='ocrx_word' id='word_1_105' title='bbox 536 1658 730 1706; x_wconf 86' lang='lat' dir='ltr'>tamen</span> <span class='ocrx_word' id='word_1_106' title='bbox 776 1653 938 1722; x_wconf 81' lang='lat' dir='ltr'>juxta</span> <span class='ocrx_word' id='word_1_107' title='bbox 975 1653 1261 1707; x_wconf 87' lang='lat' dir='ltr'>facultatis</span> <span class='ocrx_word' id='word_1_108' title='bbox 1307 1654 1603 1706; x_wconf 90' lang='lat' dir='ltr'>modulum</span> <span class='ocrx_word' id='word_1_109' title='bbox 1659 1653 1826 1723; x_wconf 88' lang='lat' dir='ltr'>quid-</span> 
     </span>
    </p>
   </div>
   <div class='ocr_carea' id='block_1_18' title="bbox 139 1740 1831 1812">
    <p class='ocr_par' dir='ltr' id='par_1_18' title="bbox 139 1740 1831 1812">
     <span class='ocr_line' id='line_1_18' title="bbox 139 1740 1831 1812; baseline -0.002 -17"><span class='ocrx_word' id='word_1_110' title='bbox 139 1741 281 1812; x_wconf 91' lang='lat' dir='ltr'>quid</span> <span class='ocrx_word' id='word_1_111' title='bbox 328 1741 411 1794; x_wconf 90' lang='lat' dir='ltr'>illi</span> <span class='ocrx_word' id='word_1_112' title='bbox 453 1742 640 1793; x_wconf 83' lang='lat' dir='ltr'>fuerat</span> <span class='ocrx_word' id='word_1_113' title='bbox 680 1740 1023 1809; x_wconf 83' lang='lat' dir='ltr'>injunctum.</span> <span class='ocrx_word' id='word_1_114' title='bbox 1079 1741 1488 1794; x_wconf 84' lang='lat' dir='ltr'>Eucharistiam</span> <span class='ocrx_word' id='word_1_115' title='bbox 1522 1757 1655 1793; x_wconf 89' lang='lat' dir='ltr'>vero</span> <span class='ocrx_word' id='word_1_116' title='bbox 1678 1757 1831 1810; x_wconf 87' lang='lat' dir='ltr'>quo-</span> 
     </span>
    </p>
   </div>
   <div class='ocr_carea' id='block_1_19' title="bbox 140 1828 1831 1895">
    <p class='ocr_par' dir='ltr' id='par_1_19' title="bbox 140 1828 1831 1895">
     <span class='ocr_line' id='line_1_19' title="bbox 140 1828 1831 1895; baseline -0.002 -11"><span class='ocrx_word' id='word_1_117' title='bbox 140 1832 248 1884; x_wconf 91' lang='lat' dir='ltr'>ties</span> <span class='ocrx_word' id='word_1_118' title='bbox 279 1845 505 1883; x_wconf 89' lang='lat' dir='ltr'>sumere</span> <span class='ocrx_word' id='word_1_119' title='bbox 556 1828 866 1895; x_wconf 87' lang='lat' dir='ltr'>nitebatur,</span> <span class='ocrx_word' id='word_1_120' title='bbox 919 1829 1030 1882; x_wconf 86' lang='lat' dir='ltr'>nisi</span> <span class='ocrx_word' id='word_1_121' title='bbox 1085 1845 1214 1882; x_wconf 89' lang='lat' dir='ltr'>cum</span> <span class='ocrx_word' id='word_1_122' title='bbox 1269 1828 1426 1882; x_wconf 89' lang='lat' dir='ltr'>omni</span> <span class='ocrx_word' id='word_1_123' title='bbox 1468 1828 1831 1881; x_wconf 86' lang='lat' dir='ltr'>festinatione</span> 
     </span>
    </p>
   </div>
   <div class='ocr_carea' id='block_1_20' title="bbox 142 1917 1833 1983">
    <p class='ocr_par' dir='ltr' id='par_1_20' title="bbox 142 1917 1833 1983">
     <span class='ocr_line' id='line_1_20' title="bbox 142 1917 1833 1983; baseline -0.001 -12"><span class='ocrx_word' id='word_1_124' title='bbox 142 1917 456 1972; x_wconf 87' lang='lat' dir='ltr'>dormitum</span> <span class='ocrx_word' id='word_1_125' title='bbox 516 1917 642 1983; x_wconf 82' lang='lat' dir='ltr'>iret,</span> <span class='ocrx_word' id='word_1_126' title='bbox 690 1933 819 1970; x_wconf 88' lang='lat' dir='ltr'>mox</span> <span class='ocrx_word' id='word_1_127' title='bbox 873 1917 1281 1971; x_wconf 88' lang='lat' dir='ltr'>vomitabunda</span> <span class='ocrx_word' id='word_1_128' title='bbox 1332 1917 1603 1970; x_wconf 81' lang='lat' dir='ltr'>constitit.</span> <span class='ocrx_word' id='word_1_129' title='bbox 1659 1917 1833 1980; x_wconf 91' lang='lat' dir='ltr'>Quid-</span> 
     </span>
    </p>
   </div>
   <div class='ocr_carea' id='block_1_21' title="bbox 142 2005 1834 2075">
    <p class='ocr_par' dir='ltr' id='par_1_21' title="bbox 142 2005 1834 2075">
     <span class='ocr_line' id='line_1_21' title="bbox 142 2005 1834 2075; baseline -0.001 -16"><span class='ocrx_word' id='word_1_130' title='bbox 142 2006 281 2075; x_wconf 90' lang='lat' dir='ltr'>quid</span> <span class='ocrx_word' id='word_1_131' title='bbox 312 2022 447 2075; x_wconf 87' lang='lat' dir='ltr'>ergo</span> <span class='ocrx_word' id='word_1_132' title='bbox 489 2022 640 2058; x_wconf 90' lang='lat' dir='ltr'>nunc</span> <span class='ocrx_word' id='word_1_133' title='bbox 686 2005 954 2058; x_wconf 70' lang='lat' dir='ltr'>humanae</span> <span class='ocrx_word' id='word_1_134' title='bbox 994 2006 1220 2058; x_wconf 86' lang='lat' dir='ltr'>videtur</span> <span class='ocrx_word' id='word_1_135' title='bbox 1242 2005 1599 2075; x_wconf 84' lang='lat' dir='ltr'>impossibile</span> <span class='ocrx_word' id='word_1_136' title='bbox 1644 2005 1834 2058; x_wconf 87' lang='lat' dir='ltr'>imbe-</span> 
     </span>
    </p>
   </div>
   <div class='ocr_carea' id='block_1_22' title="bbox 142 2092 1836 2159">
    <p class='ocr_par' dir='ltr' id='par_1_22' title="bbox 142 2092 1836 2159">
     <span class='ocr_line' id='line_1_22' title="bbox 142 2092 1836 2159; baseline -0.002 -12"><span class='ocrx_word' id='word_1_137' title='bbox 142 2092 386 2159; x_wconf 88' lang='lat' dir='ltr'>cillitati,</span> <span class='ocrx_word' id='word_1_138' title='bbox 420 2092 768 2147; x_wconf 88' lang='lat' dir='ltr'>omnimodis</span> <span class='ocrx_word' id='word_1_139' title='bbox 807 2093 1015 2145; x_wconf 63' lang='lat' dir='ltr'>divinae</span> <span class='ocrx_word' id='word_1_140' title='bbox 1045 2092 1380 2146; x_wconf 89' lang='lat' dir='ltr'>facillimum</span> <span class='ocrx_word' id='word_1_141' title='bbox 1413 2108 1531 2144; x_wconf 88' lang='lat' dir='ltr'>esse</span> <span class='ocrx_word' id='word_1_142' title='bbox 1571 2092 1836 2145; x_wconf 87' lang='lat' dir='ltr'>credatur</span> 
     </span>
    </p>
   </div>
   <div class='ocr_carea' id='block_1_23' title="bbox 144 2179 450 2250">
    <p class='ocr_par' dir='ltr' id='par_1_23' title="bbox 144 2179 450 2250">
     <span class='ocr_line' id='line_1_23' title="bbox 144 2179 450 2250; baseline -0.003 -16"><span class='ocrx_word' id='word_1_143' title='bbox 144 2179 450 2250; x_wconf 85' lang='lat' dir='ltr'>majestati.</span> 
     </span>
    </p>
   </div>
   <div class='ocr_carea' id='block_1_24' title="bbox 221 2266 1838 2337">
    <p class='ocr_par' dir='ltr' id='par_1_24' title="bbox 221 2266 1838 2337">
     <span class='ocr_line' id='line_1_24' title="bbox 221 2266 1838 2337; baseline -0.001 -15"><span class='ocrx_word' id='word_1_144' title='bbox 221 2271 305 2322; x_wconf 90' lang='grc'>10.</span> <span class='ocrx_word' id='word_1_145' title='bbox 338 2271 446 2335; x_wconf 76' lang='grc'>(58)</span> <span class='ocrx_word' id='word_1_146' title='bbox 480 2269 678 2321; x_wconf 89' lang='lat' dir='ltr'>Postea</span> <span class='ocrx_word' id='word_1_147' title='bbox 707 2266 884 2337; x_wconf 85' lang='lat' dir='ltr'>igitur</span> <span class='ocrx_word' id='word_1_148' title='bbox 931 2267 1413 2337; x_wconf 89' lang='lat' dir='ltr'>prudentissimus</span> <span class='ocrx_word' id='word_1_149' title='bbox 1464 2268 1524 2320; x_wconf 91' lang='lat' dir='ltr'>in</span> <span class='ocrx_word' id='word_1_150' title='bbox 1570 2267 1838 2321; x_wconf 89' lang='lat' dir='ltr'>omnibus</span> 
     </span>
    </p>
   </div>
   <div class='ocr_carea' id='block_1_25' title="bbox 146 2354 1840 2411">
    <p class='ocr_par' dir='ltr' id='par_1_25' title="bbox 146 2354 1840 2411">
     <span class='ocr_line' id='line_1_25' title="bbox 146 2354 1840 2411; baseline -0.002 0"><span class='ocrx_word' id='word_1_151' title='bbox 146 2356 553 2411; x_wconf 77' lang='lat' dir='ltr'>Ercamboidus</span> <span class='ocrx_word' id='word_1_152' title='bbox 589 2357 794 2409; x_wconf 85' lang='lat' dir='ltr'>missus</span> <span class='ocrx_word' id='word_1_153' title='bbox 824 2356 961 2409; x_wconf 89' lang='lat' dir='ltr'>illuc</span> <span class='ocrx_word' id='word_1_154' title='bbox 1005 2373 1135 2410; x_wconf 89' lang='lat' dir='ltr'>cum</span> <span class='ocrx_word' id='word_1_155' title='bbox 1165 2358 1280 2409; x_wconf 89' lang='lat' dir='ltr'>suis</span> <span class='ocrx_word' id='word_1_156' title='bbox 1311 2356 1436 2409; x_wconf 88' lang='lat' dir='ltr'>aliis</span> <span class='ocrx_word' id='word_1_157' title='bbox 1467 2357 1602 2410; x_wconf 92' lang='lat' dir='ltr'>boni</span> <span class='ocrx_word' id='word_1_158' title='bbox 1650 2354 1840 2409; x_wconf 89' lang='lat' dir='ltr'>meriti</span> 
     </span>
    </p>
   </div>
   <div class='ocr_carea' id='block_1_26' title="bbox 142 2444 1840 2515">
    <p class='ocr_par' dir='ltr' id='par_1_26' title="bbox 142 2444 1840 2515">
     <span class='ocr_line' id='line_1_26' title="bbox 142 2444 1840 2515; baseline -0.002 -16"><span class='ocrx_word' id='word_1_159' title='bbox 142 2447 282 2500; x_wconf 88' lang='lat' dir='ltr'>viris</span> <span class='ocrx_word' id='word_1_160' title='bbox 333 2445 840 2515; x_wconf 88' lang='lat' dir='ltr'>archipresbyteris</span> <span class='ocrx_word' id='word_1_161' title='bbox 892 2447 1293 2514; x_wconf 89' lang='lat' dir='ltr'>corpusculum</span> <span class='ocrx_word' id='word_1_162' title='bbox 1354 2447 1532 2498; x_wconf 68' lang='lat' dir='ltr'>beatae</span> <span class='ocrx_word' id='word_1_163' title='bbox 1603 2444 1840 2513; x_wconf 84' lang='lat' dir='ltr'>virginis</span> 
     </span>
    </p>
   </div>
   <div class='ocr_carea' id='block_1_27' title="bbox 140 2533 1837 2604">
    <p class='ocr_par' dir='ltr' id='par_1_27' title="bbox 140 2533 1837 2604">
     <span class='ocr_line' id='line_1_27' title="bbox 140 2533 1837 2604; baseline -0.001 -17"><span class='ocrx_word' id='word_1_164' title='bbox 140 2534 316 2604; x_wconf 85' lang='lat' dir='ltr'>jussit</span> <span class='ocrx_word' id='word_1_165' title='bbox 387 2533 577 2599; x_wconf 80' lang='lat' dir='ltr'>effodi,</span> <span class='ocrx_word' id='word_1_166' title='bbox 652 2533 1068 2602; x_wconf 89' lang='lat' dir='ltr'>inventumque</span> <span class='ocrx_word' id='word_1_167' title='bbox 1126 2534 1429 2602; x_wconf 72' lang='lat' dir='ltr'>diligenter</span> <span class='ocrx_word' id='word_1_168' title='bbox 1485 2534 1837 2586; x_wconf 81' lang='lat' dir='ltr'>contrectari.</span> 
     </span>
    </p>
   </div>
   <div class='ocr_carea' id='block_1_28' title="bbox 144 2620 1843 2689">
    <p class='ocr_par' dir='ltr' id='par_1_28' title="bbox 144 2620 1843 2689">
     <span class='ocr_line' id='line_1_28' title="bbox 144 2620 1843 2689; baseline -0.001 -14"><span class='ocrx_word' id='word_1_169' title='bbox 144 2622 308 2686; x_wconf 87' lang='lat' dir='ltr'>Quod</span> <span class='ocrx_word' id='word_1_170' title='bbox 342 2621 517 2674; x_wconf 89' lang='lat' dir='ltr'>nimia</span> <span class='ocrx_word' id='word_1_171' title='bbox 545 2620 925 2689; x_wconf 81' lang='lat' dir='ltr'>trepidatione</span> <span class='ocrx_word' id='word_1_172' title='bbox 958 2636 1086 2673; x_wconf 91' lang='lat' dir='ltr'>cum</span> <span class='ocrx_word' id='word_1_173' title='bbox 1119 2621 1326 2674; x_wconf 79' lang='lat' dir='ltr'>divinis</span> <span class='ocrx_word' id='word_1_174' title='bbox 1360 2622 1623 2675; x_wconf 89' lang='lat' dir='ltr'>laudibus</span> <span class='ocrx_word' id='word_1_175' title='bbox 1653 2621 1843 2674; x_wconf 84' lang='lat' dir='ltr'>adim—</span> 
     </span>
    </p>
   </div>
   <div class='ocr_carea' id='block_1_29' title="bbox 145 2707 1843 2780">
    <p class='ocr_par' dir='ltr' id='par_1_29' title="bbox 145 2707 1843 2780">
     <span class='ocr_line' id='line_1_29' title="bbox 145 2707 1843 2780; baseline -0.003 -16"><span class='ocrx_word' id='word_1_176' title='bbox 145 2711 371 2780; x_wconf 85' lang='lat' dir='ltr'>plentes</span> <span class='ocrx_word' id='word_1_177' title='bbox 400 2708 724 2762; x_wconf 86' lang='lat' dir='ltr'>etfodiendo</span> <span class='ocrx_word' id='word_1_178' title='bbox 769 2708 1113 2761; x_wconf 90' lang='lat' dir='ltr'>invenerunt</span> <span class='ocrx_word' id='word_1_179' title='bbox 1170 2707 1440 2777; x_wconf 89' lang='lat' dir='ltr'>reliquias</span> <span class='ocrx_word' id='word_1_180' title='bbox 1471 2707 1843 2760; x_wconf 65' lang='lat' dir='ltr'>sanctissimas</span> 
     </span>
    </p>
   </div>
   <div class='ocr_carea' id='block_1_30' title="bbox 147 2796 1845 2868">
    <p class='ocr_par' dir='ltr' id='par_1_30' title="bbox 147 2796 1845 2868">
     <span class='ocr_line' id='line_1_30' title="bbox 147 2796 1845 2868; baseline -0.003 -16"><span class='ocrx_word' id='word_1_181' title='bbox 147 2798 410 2868; x_wconf 87' lang='lat' dir='ltr'>virginis,</span> <span class='ocrx_word' id='word_1_182' title='bbox 466 2796 711 2850; x_wconf 92' lang='lat' dir='ltr'>nimium</span> <span class='ocrx_word' id='word_1_183' title='bbox 762 2797 1134 2861; x_wconf 85' lang='lat' dir='ltr'>adamandas,</span> <span class='ocrx_word' id='word_1_184' title='bbox 1174 2796 1336 2866; x_wconf 91' lang='lat' dir='ltr'>quasi</span> <span class='ocrx_word' id='word_1_185' title='bbox 1387 2796 1547 2849; x_wconf 87' lang='lat' dir='ltr'>tenui</span> <span class='ocrx_word' id='word_1_186' title='bbox 1604 2797 1845 2849; x_wconf 87' lang='lat' dir='ltr'>humore</span> 
     </span>
    </p>
   </div>
   <div class='ocr_carea' id='block_1_31' title="bbox 146 2884 1840 2955">
    <p class='ocr_par' dir='ltr' id='par_1_31' title="bbox 146 2884 1840 2955">
     <span class='ocr_line' id='line_1_31' title="bbox 146 2884 1840 2955; baseline -0.004 -13"><span class='ocrx_word' id='word_1_187' title='bbox 146 2887 511 2942; x_wconf 88' lang='lat' dir='ltr'>madefactas.</span> <span class='ocrx_word' id='word_1_188' title='bbox 557 2886 691 2949; x_wconf 66' lang='lat' dir='ltr'>Quae</span> <span class='ocrx_word' id='word_1_189' title='bbox 736 2885 999 2955; x_wconf 84' lang='lat' dir='ltr'>quamvis</span> <span class='ocrx_word' id='word_1_190' title='bbox 1064 2889 1288 2937; x_wconf 86' lang='lat' dir='ltr'>tantum</span> <span class='ocrx_word' id='word_1_191' title='bbox 1345 2889 1534 2937; x_wconf 89' lang='lat' dir='ltr'>essent</span> <span class='ocrx_word' id='word_1_192' title='bbox 1582 2884 1840 2949; x_wconf 66' lang='lat' dir='ltr'>roscidae,</span> 
     </span>
    </p>
   </div>
   <div class='ocr_carea' id='block_1_32' title="bbox 150 2972 1848 3043">
    <p class='ocr_par' dir='ltr' id='par_1_32' title="bbox 150 2972 1848 3043">
     <span class='ocr_line' id='line_1_32' title="bbox 150 2972 1848 3043; baseline -0.004 -13"><span class='ocrx_word' id='word_1_193' title='bbox 150 2976 312 3030; x_wconf 91' lang='lat' dir='ltr'>nullo</span> <span class='ocrx_word' id='word_1_194' title='bbox 359 2980 554 3027; x_wconf 90' lang='lat' dir='ltr'>tamen</span> <span class='ocrx_word' id='word_1_195' title='bbox 608 2978 771 3043; x_wconf 89' lang='lat' dir='ltr'>pacto</span> <span class='ocrx_word' id='word_1_196' title='bbox 826 2973 1028 3026; x_wconf 88' lang='lat' dir='ltr'>saltem</span> <span class='ocrx_word' id='word_1_197' title='bbox 1084 2989 1231 3026; x_wconf 87' lang='lat' dir='ltr'>unus</span> <span class='ocrx_word' id='word_1_198' title='bbox 1294 2972 1615 3042; x_wconf 88' lang='lat' dir='ltr'>pulviculus</span> <span class='ocrx_word' id='word_1_199' title='bbox 1671 2972 1848 3025; x_wconf 89' lang='lat' dir='ltr'>valuit</span> 
     </span>
    </p>
   </div>
   <div class='ocr_carea' id='block_1_33' title="bbox 1927 597 3621 669">
    <p class='ocr_par' dir='ltr' id='par_1_33' title="bbox 1927 597 3621 669">
     <span class='ocr_line' id='line_1_33' title="bbox 1927 597 3621 669; baseline 0.002 -20"><span class='ocrx_word' id='word_1_200' title='bbox 1927 603 2047 650; x_wconf 86' lang='lat' dir='ltr'>sata</span> <span class='ocrx_word' id='word_1_201' title='bbox 2099 597 2453 651; x_wconf 89' lang='lat' dir='ltr'>matutinalia</span> <span class='ocrx_word' id='word_1_202' title='bbox 2494 597 2654 668; x_wconf 90' lang='lat' dir='ltr'>signa</span> <span class='ocrx_word' id='word_1_203' title='bbox 2690 599 3051 651; x_wconf 85' lang='lat' dir='ltr'>sonuerunt?</span> <span class='ocrx_word' id='word_1_204' title='bbox 3102 600 3216 667; x_wconf 90' lang='lat' dir='ltr'>Ego</span> <span class='ocrx_word' id='word_1_205' title='bbox 3244 599 3457 669; x_wconf 87' lang='lat' dir='ltr'>quippe</span> <span class='ocrx_word' id='word_1_206' title='bbox 3515 615 3621 653; x_wconf 90' lang='lat' dir='ltr'>nec</span> 
     </span>
    </p>
   </div>
   <div class='ocr_carea' id='block_1_34' title="bbox 1928 684 3622 756">
    <p class='ocr_par' dir='ltr' id='par_1_34' title="bbox 1928 684 3622 756">
     <span class='ocr_line' id='line_1_34' title="bbox 1928 684 3622 756; baseline 0.002 -19"><span class='ocrx_word' id='word_1_207' title='bbox 1928 684 2061 739; x_wconf 92' lang='lat' dir='ltr'>illuc</span> <span class='ocrx_word' id='word_1_208' title='bbox 2090 686 2307 739; x_wconf 89' lang='lat' dir='ltr'>incessu</span> <span class='ocrx_word' id='word_1_209' title='bbox 2358 688 2569 755; x_wconf 89' lang='lat' dir='ltr'>pedum</span> <span class='ocrx_word' id='word_1_210' title='bbox 2605 686 2720 739; x_wconf 90' lang='lat' dir='ltr'>ullo</span> <span class='ocrx_word' id='word_1_211' title='bbox 2781 686 2954 740; x_wconf 92' lang='lat' dir='ltr'>modo</span> <span class='ocrx_word' id='word_1_212' title='bbox 2986 702 3226 756; x_wconf 90' lang='lat' dir='ltr'>pergere</span> <span class='ocrx_word' id='word_1_213' title='bbox 3265 688 3446 753; x_wconf 84' lang='lat' dir='ltr'>valeo,</span> <span class='ocrx_word' id='word_1_214' title='bbox 3511 687 3622 741; x_wconf 89' lang='lat' dir='ltr'>nisi</span> 
     </span>
    </p>
   </div>
   <div class='ocr_carea' id='block_1_35' title="bbox 1930 774 3623 837">
    <p class='ocr_par' dir='ltr' id='par_1_35' title="bbox 1930 774 3623 837">
     <span class='ocr_line' id='line_1_35' title="bbox 1930 774 3623 837; baseline 0.002 -11"><span class='ocrx_word' id='word_1_215' title='bbox 1930 774 2171 827; x_wconf 88' lang='lat' dir='ltr'>aliorum</span> <span class='ocrx_word' id='word_1_216' title='bbox 2224 774 2487 828; x_wconf 89' lang='lat' dir='ltr'>manibus</span> <span class='ocrx_word' id='word_1_217' title='bbox 2532 776 2775 828; x_wconf 89' lang='lat' dir='ltr'>deducta</span> <span class='ocrx_word' id='word_1_218' title='bbox 2812 774 2996 827; x_wconf 88' lang='lat' dir='ltr'>fuero.</span> <span class='ocrx_word' id='word_1_219' title='bbox 3027 794 3054 825; x_wconf 68' lang='grc' dir='ltr'><strong>υ</strong></span> <span class='ocrx_word' id='word_1_220' title='bbox 3091 774 3198 837; x_wconf 86' lang='lat' dir='ltr'>Qui</span> <span class='ocrx_word' id='word_1_221' title='bbox 3229 774 3309 827; x_wconf 90' lang='lat' dir='ltr'>ait</span> <span class='ocrx_word' id='word_1_222' title='bbox 3344 790 3356 828; x_wconf 88' lang='lat'>:</span> <span class='ocrx_word' id='word_1_223' title='bbox 3410 794 3437 825; x_wconf 89' lang='lat'>«</span> <span class='ocrx_word' id='word_1_224' title='bbox 3474 776 3623 829; x_wconf 89' lang='lat' dir='ltr'>Vade</span> 
     </span>
    </p>
   </div>
   <div class='ocr_carea' id='block_1_36' title="bbox 1930 863 3623 932">
    <p class='ocr_par' dir='ltr' id='par_1_36' title="bbox 1930 863 3623 932">
     <span class='ocr_line' id='line_1_36' title="bbox 1930 863 3623 932; baseline 0.001 -17"><span class='ocrx_word' id='word_1_225' title='bbox 1930 864 2189 929; x_wconf 86' lang='lat' dir='ltr'>celerius,</span> <span class='ocrx_word' id='word_1_226' title='bbox 2241 878 2314 915; x_wconf 90' lang='lat' dir='ltr'>ne</span> <span class='ocrx_word' id='word_1_227' title='bbox 2348 863 2609 928; x_wconf 87' lang='lat' dir='ltr'>moreris,</span> <span class='ocrx_word' id='word_1_228' title='bbox 2634 863 2905 932; x_wconf 85' lang='lat' dir='ltr'>quoniam</span> <span class='ocrx_word' id='word_1_229' title='bbox 2940 863 3311 918; x_wconf 86' lang='lat' dir='ltr'>Williboldus</span> <span class='ocrx_word' id='word_1_230' title='bbox 3361 864 3623 917; x_wconf 89' lang='lat' dir='ltr'>eamdem</span> 
     </span>
    </p>
   </div>
   <div class='ocr_carea' id='block_1_37' title="bbox 1931 950 3623 1021">
    <p class='ocr_par' dir='ltr' id='par_1_37' title="bbox 1931 950 3623 1021">
     <span class='ocr_line' id='line_1_37' title="bbox 1931 950 3623 1021; baseline 0 -18"><span class='ocrx_word' id='word_1_231' title='bbox 1931 967 2061 1004; x_wconf 90' lang='lat' dir='ltr'>cum</span> <span class='ocrx_word' id='word_1_232' title='bbox 2090 966 2302 1020; x_wconf 91' lang='lat' dir='ltr'>magno</span> <span class='ocrx_word' id='word_1_233' title='bbox 2335 952 2564 1021; x_wconf 87' lang='lat' dir='ltr'>agmine</span> <span class='ocrx_word' id='word_1_234' title='bbox 2596 950 2829 1004; x_wconf 88' lang='lat' dir='ltr'>intravit</span> <span class='ocrx_word' id='word_1_235' title='bbox 2858 951 3177 1016; x_wconf 90' lang='lat' dir='ltr'>ecclesiam,</span> <span class='ocrx_word' id='word_1_236' title='bbox 3219 951 3467 1020; x_wconf 87' lang='lat' dir='ltr'>qualiter</span> <span class='ocrx_word' id='word_1_237' title='bbox 3495 968 3623 1005; x_wconf 88' lang='lat' dir='ltr'>san-</span> 
     </span>
    </p>
   </div>
   <div class='ocr_carea' id='block_1_38' title="bbox 1930 1038 3627 1105">
    <p class='ocr_par' dir='ltr' id='par_1_38' title="bbox 1930 1038 3627 1105">
     <span class='ocr_line' id='line_1_38' title="bbox 1930 1038 3627 1105; baseline -0.001 -13"><span class='ocrx_word' id='word_1_238' title='bbox 1930 1044 2075 1092; x_wconf 91' lang='lat' dir='ltr'>ctam</span> <span class='ocrx_word' id='word_1_239' title='bbox 2105 1054 2362 1092; x_wconf 93' lang='lat' dir='ltr'>sororem</span> <span class='ocrx_word' id='word_1_240' title='bbox 2394 1055 2555 1092; x_wconf 90' lang='lat' dir='ltr'>suam</span> <span class='ocrx_word' id='word_1_241' title='bbox 2590 1040 2942 1093; x_wconf 87' lang='lat' dir='ltr'>reconditam</span> <span class='ocrx_word' id='word_1_242' title='bbox 2972 1039 3203 1105; x_wconf 89' lang='lat' dir='ltr'>habeas,</span> <span class='ocrx_word' id='word_1_243' title='bbox 3238 1045 3347 1092; x_wconf 88' lang='lat' dir='ltr'>ate</span> <span class='ocrx_word' id='word_1_244' title='bbox 3401 1038 3627 1091; x_wconf 88' lang='lat' dir='ltr'>curiose</span> 
     </span>
    </p>
   </div>
   <div class='ocr_carea' id='block_1_39' title="bbox 1930 1127 3625 1199">
    <p class='ocr_par' dir='ltr' id='par_1_39' title="bbox 1930 1127 3625 1199">
     <span class='ocr_line' id='line_1_39' title="bbox 1930 1127 3625 1199; baseline 0 -19"><span class='ocrx_word' id='word_1_245' title='bbox 1930 1127 2270 1199; x_wconf 89' lang='lat' dir='ltr'>perquirere</span> <span class='ocrx_word' id='word_1_246' title='bbox 2303 1127 2518 1181; x_wconf 86' lang='lat' dir='ltr'>volens.</span> <span class='ocrx_word' id='word_1_247' title='bbox 2554 1146 2581 1178; x_wconf 82' lang='grc'>)›</span> <span class='ocrx_word' id='word_1_248' title='bbox 2614 1127 2751 1191; x_wconf 63' lang='lat' dir='ltr'>Quae</span> <span class='ocrx_word' id='word_1_249' title='bbox 2790 1129 3000 1191; x_wconf 87' lang='lat' dir='ltr'>statim,</span> <span class='ocrx_word' id='word_1_250' title='bbox 3040 1143 3102 1180; x_wconf 90' lang='lat' dir='ltr'>ac</span> <span class='ocrx_word' id='word_1_251' title='bbox 3154 1128 3201 1180; x_wconf 89' lang='lat' dir='ltr'>si</span> <span class='ocrx_word' id='word_1_252' title='bbox 3230 1127 3377 1181; x_wconf 90' lang='lat' dir='ltr'>nihil</span> <span class='ocrx_word' id='word_1_253' title='bbox 3409 1128 3625 1180; x_wconf 84' lang='lat' dir='ltr'>incom-</span> 
     </span>
    </p>
   </div>
   <div class='ocr_carea' id='block_1_40' title="bbox 1934 1214 3626 1286">
    <p class='ocr_par' dir='ltr' id='par_1_40' title="bbox 1934 1214 3626 1286">
     <span class='ocr_line' id='line_1_40' title="bbox 1934 1214 3626 1286; baseline -0.001 -17"><span class='ocrx_word' id='word_1_254' title='bbox 1934 1216 2088 1270; x_wconf 90' lang='lat' dir='ltr'>modi</span> <span class='ocrx_word' id='word_1_255' title='bbox 2126 1216 2438 1286; x_wconf 88' lang='lat' dir='ltr'>perferens,</span> <span class='ocrx_word' id='word_1_256' title='bbox 2472 1215 2734 1282; x_wconf 82' lang='lat' dir='ltr'>surrexit,</span> <span class='ocrx_word' id='word_1_257' title='bbox 2774 1220 2830 1269; x_wconf 86' lang='lat' dir='ltr'>et</span> <span class='ocrx_word' id='word_1_258' title='bbox 2869 1216 2938 1269; x_wconf 91' lang='lat' dir='ltr'>de</span> <span class='ocrx_word' id='word_1_259' title='bbox 2968 1216 3093 1268; x_wconf 92' lang='lat' dir='ltr'>loco</span> <span class='ocrx_word' id='word_1_260' title='bbox 3129 1216 3196 1268; x_wconf 92' lang='lat' dir='ltr'>ad</span> <span class='ocrx_word' id='word_1_261' title='bbox 3246 1216 3433 1267; x_wconf 90' lang='lat' dir='ltr'>locum</span> <span class='ocrx_word' id='word_1_262' title='bbox 3481 1214 3626 1267; x_wconf 82' lang='lat' dir='ltr'>exsi-</span> 
     </span>
    </p>
   </div>
   <div class='ocr_carea' id='block_1_41' title="bbox 1936 1303 3625 1374">
    <p class='ocr_par' dir='ltr' id='par_1_41' title="bbox 1936 1303 3625 1374">
     <span class='ocr_line' id='line_1_41' title="bbox 1936 1303 3625 1374; baseline -0.002 -17"><span class='ocrx_word' id='word_1_263' title='bbox 1936 1306 2104 1373; x_wconf 88' lang='lat' dir='ltr'>liens,</span> <span class='ocrx_word' id='word_1_264' title='bbox 2163 1305 2475 1370; x_wconf 89' lang='lat' dir='ltr'>basilicam,</span> <span class='ocrx_word' id='word_1_265' title='bbox 2542 1304 2613 1358; x_wconf 92' lang='lat' dir='ltr'>ad</span> <span class='ocrx_word' id='word_1_266' title='bbox 2661 1321 2832 1374; x_wconf 89' lang='lat' dir='ltr'>quam</span> <span class='ocrx_word' id='word_1_267' title='bbox 2880 1303 3143 1368; x_wconf 88' lang='lat' dir='ltr'>tetendit,</span> <span class='ocrx_word' id='word_1_268' title='bbox 3202 1303 3459 1371; x_wconf 84' lang='lat' dir='ltr'>ingressa</span> <span class='ocrx_word' id='word_1_269' title='bbox 3522 1307 3625 1365; x_wconf 87' lang='lat' dir='ltr'>est,</span> 
     </span>
    </p>
   </div>
   <div class='ocr_carea' id='block_1_42' title="bbox 1936 1392 3629 1462">
    <p class='ocr_par' dir='ltr' id='par_1_42' title="bbox 1936 1392 3629 1462">
     <span class='ocr_line' id='line_1_42' title="bbox 1936 1392 3629 1462; baseline -0.002 -15"><span class='ocrx_word' id='word_1_270' title='bbox 1936 1393 2144 1447; x_wconf 68' lang='lat' dir='ltr'>divinae</span> <span class='ocrx_word' id='word_1_271' title='bbox 2202 1394 2519 1448; x_wconf 68' lang='lat' dir='ltr'>clementiae</span> <span class='ocrx_word' id='word_1_272' title='bbox 2575 1398 2746 1462; x_wconf 88' lang='lat' dir='ltr'>atque</span> <span class='ocrx_word' id='word_1_273' title='bbox 2808 1393 2988 1446; x_wconf 80' lang='lat' dir='ltr'>beatae</span> <span class='ocrx_word' id='word_1_274' title='bbox 3036 1392 3246 1461; x_wconf 90' lang='lat' dir='ltr'>virgini</span> <span class='ocrx_word' id='word_1_275' title='bbox 3312 1392 3629 1461; x_wconf 88' lang='lat' dir='ltr'>gratiarum</span> 
     </span>
    </p>
   </div>
   <div class='ocr_carea' id='block_1_43' title="bbox 1937 1480 3172 1552">
    <p class='ocr_par' dir='ltr' id='par_1_43' title="bbox 1937 1480 3172 1552">
     <span class='ocr_line' id='line_1_43' title="bbox 1937 1480 3172 1552; baseline -0.001 -18"><span class='ocrx_word' id='word_1_276' title='bbox 1937 1482 2186 1535; x_wconf 88' lang='lat' dir='ltr'>actiones</span> <span class='ocrx_word' id='word_1_277' title='bbox 2217 1498 2320 1552; x_wconf 87' lang='lat' dir='ltr'>pro</span> <span class='ocrx_word' id='word_1_278' title='bbox 2354 1482 2558 1550; x_wconf 87' lang='lat' dir='ltr'>adepta</span> <span class='ocrx_word' id='word_1_279' title='bbox 2585 1481 2851 1550; x_wconf 84' lang='lat' dir='ltr'>sospitate</span> <span class='ocrx_word' id='word_1_280' title='bbox 2886 1480 3172 1549; x_wconf 83' lang='lat' dir='ltr'>rependit.</span> 
     </span>
    </p>
   </div>
   <div class='ocr_carea' id='block_1_44' title="bbox 2012 1569 3630 1638">
    <p class='ocr_par' dir='ltr' id='par_1_44' title="bbox 2012 1569 3630 1638">
     <span class='ocr_line' id='line_1_44' title="bbox 2012 1569 3630 1638; baseline -0.002 -15"><span class='ocrx_word' id='word_1_281' title='bbox 2012 1573 2093 1623; x_wconf 80' lang='lat' dir='ltr'>t2.</span> <span class='ocrx_word' id='word_1_282' title='bbox 2129 1571 2373 1633; x_wconf 89' lang='lat' dir='ltr'>Quidam</span> <span class='ocrx_word' id='word_1_283' title='bbox 2404 1578 2592 1622; x_wconf 84' lang='lat' dir='ltr'>autem</span> <span class='ocrx_word' id='word_1_284' title='bbox 2638 1585 2854 1638; x_wconf 81' lang='lat' dir='ltr'>pauper</span> <span class='ocrx_word' id='word_1_285' title='bbox 2884 1586 2915 1622; x_wconf 93' lang='lat' dir='ltr'>a</span> <span class='ocrx_word' id='word_1_286' title='bbox 2948 1569 3238 1621; x_wconf 86' lang='lat' dir='ltr'>nativitate</span> <span class='ocrx_word' id='word_1_287' title='bbox 3290 1570 3630 1629; x_wconf 89' lang='lat' dir='ltr'>contractus,</span> 
     </span>
    </p>
   </div>
   <div class='ocr_carea' id='block_1_45' title="bbox 1941 1654 3635 1728">
    <p class='ocr_par' dir='ltr' id='par_1_45' title="bbox 1941 1654 3635 1728">
     <span class='ocr_line' id='line_1_45' title="bbox 1941 1654 3635 1728; baseline -0.002 -18"><span class='ocrx_word' id='word_1_288' title='bbox 1941 1658 2102 1728; x_wconf 88' lang='lat' dir='ltr'>quasi</span> <span class='ocrx_word' id='word_1_289' title='bbox 2157 1658 2440 1728; x_wconf 89' lang='lat' dir='ltr'>quoddam</span> <span class='ocrx_word' id='word_1_290' title='bbox 2499 1662 2831 1709; x_wconf 83' lang='lat' dir='ltr'>cerneretur</span> <span class='ocrx_word' id='word_1_291' title='bbox 2890 1660 3233 1720; x_wconf 86' lang='lat' dir='ltr'>monstrum,</span> <span class='ocrx_word' id='word_1_292' title='bbox 3288 1656 3426 1707; x_wconf 91' lang='lat' dir='ltr'>dum</span> <span class='ocrx_word' id='word_1_293' title='bbox 3485 1654 3635 1707; x_wconf 84' lang='lat' dir='ltr'>inter</span> 
     </span>
    </p>
   </div>
   <div class='ocr_carea' id='block_1_46' title="bbox 1872 1742 3634 1849">
    <p class='ocr_par' dir='ltr' id='par_1_46' title="bbox 1872 1742 3634 1849">
     <span class='ocr_line' id='line_1_46' title="bbox 1872 1742 3634 1849; baseline -0.003 -50"><span class='ocrx_word' id='word_1_294' title='bbox 1872 1798 1911 1849; x_wconf 74' lang='grc' dir='ltr'>Β</span> <span class='ocrx_word' id='word_1_295' title='bbox 1941 1748 2133 1817; x_wconf 88' lang='lat' dir='ltr'>plures</span> <span class='ocrx_word' id='word_1_296' title='bbox 2158 1747 2229 1799; x_wconf 83' lang='lat' dir='ltr'>ad</span> <span class='ocrx_word' id='word_1_297' title='bbox 2267 1746 2321 1800; x_wconf 93' lang='lat' dir='ltr'>S.</span> <span class='ocrx_word' id='word_1_298' title='bbox 2357 1746 2676 1815; x_wconf 68' lang='lat' dir='ltr'>\‘t’alburgze</span> <span class='ocrx_word' id='word_1_299' title='bbox 2722 1745 3039 1815; x_wconf 88' lang='lat' dir='ltr'>patrocinia</span> <span class='ocrx_word' id='word_1_300' title='bbox 3085 1742 3500 1812; x_wconf 84' lang='lat' dir='ltr'>confugientes,</span> <span class='ocrx_word' id='word_1_301' title='bbox 3551 1742 3634 1793; x_wconf 86' lang='lat' dir='ltr'>vi-</span> 
     </span>
    </p>
   </div>
   <div class='ocr_carea' id='block_1_47' title="bbox 1943 1832 3637 1903">
    <p class='ocr_par' dir='ltr' id='par_1_47' title="bbox 1943 1832 3637 1903">
     <span class='ocr_line' id='line_1_47' title="bbox 1943 1832 3637 1903; baseline -0.003 -17"><span class='ocrx_word' id='word_1_302' title='bbox 1943 1841 2066 1887; x_wconf 88' lang='lat' dir='ltr'>ctus</span> <span class='ocrx_word' id='word_1_303' title='bbox 2124 1834 2339 1903; x_wconf 87' lang='lat' dir='ltr'>pariter</span> <span class='ocrx_word' id='word_1_304' title='bbox 2397 1839 2453 1886; x_wconf 91' lang='lat' dir='ltr'>et</span> <span class='ocrx_word' id='word_1_305' title='bbox 2491 1832 2731 1886; x_wconf 87' lang='lat' dir='ltr'>remedii</span> <span class='ocrx_word' id='word_1_306' title='bbox 2788 1832 3055 1884; x_wconf 81' lang='lat' dir='ltr'>solatium</span> <span class='ocrx_word' id='word_1_307' title='bbox 3114 1836 3417 1899; x_wconf 84' lang='lat' dir='ltr'>quaereret,</span> <span class='ocrx_word' id='word_1_308' title='bbox 3472 1834 3637 1882; x_wconf 90' lang='lat' dir='ltr'>nocte</span> 
     </span>
    </p>
   </div>
   <div class='ocr_carea' id='block_1_48' title="bbox 1944 1917 3640 1991">
    <p class='ocr_par' dir='ltr' id='par_1_48' title="bbox 1944 1917 3640 1991">
     <span class='ocr_line' id='line_1_48' title="bbox 1944 1917 3640 1991; baseline -0.003 -17"><span class='ocrx_word' id='word_1_309' title='bbox 1944 1922 2190 1991; x_wconf 90' lang='lat' dir='ltr'>quadam</span> <span class='ocrx_word' id='word_1_310' title='bbox 2224 1920 2330 1973; x_wconf 84' lang='lat' dir='ltr'>sibi</span> <span class='ocrx_word' id='word_1_311' title='bbox 2358 1920 2663 1973; x_wconf 89' lang='lat' dir='ltr'>dormienti</span> <span class='ocrx_word' id='word_1_312' title='bbox 2703 1918 2972 1989; x_wconf 86' lang='lat' dir='ltr'>apparuit</span> <span class='ocrx_word' id='word_1_313' title='bbox 2999 1918 3328 1971; x_wconf 89' lang='lat' dir='ltr'>beatissima</span> <span class='ocrx_word' id='word_1_314' title='bbox 3368 1917 3548 1987; x_wconf 85' lang='lat' dir='ltr'>virgo,</span> <span class='ocrx_word' id='word_1_315' title='bbox 3583 1920 3640 1969; x_wconf 91' lang='lat' dir='ltr'>et</span> 
     </span>
    </p>
   </div>
   <div class='ocr_carea' id='block_1_49' title="bbox 1946 2006 3638 2076">
    <p class='ocr_par' dir='ltr' id='par_1_49' title="bbox 1946 2006 3638 2076">
     <span class='ocr_line' id='line_1_49' title="bbox 1946 2006 3638 2076; baseline -0.003 -14"><span class='ocrx_word' id='word_1_316' title='bbox 1946 2015 2007 2062; x_wconf 91' lang='lat' dir='ltr'>ut</span> <span class='ocrx_word' id='word_1_317' title='bbox 2063 2008 2135 2061; x_wconf 90' lang='lat' dir='ltr'>ad</span> <span class='ocrx_word' id='word_1_318' title='bbox 2185 2008 2480 2061; x_wconf 79' lang='lat' dir='ltr'>ecclesiam</span> <span class='ocrx_word' id='word_1_319' title='bbox 2522 2014 2804 2076; x_wconf 86' lang='lat' dir='ltr'>pergeret,</span> <span class='ocrx_word' id='word_1_320' title='bbox 2858 2006 3181 2076; x_wconf 86' lang='lat' dir='ltr'>imperavit.</span> <span class='ocrx_word' id='word_1_321' title='bbox 3234 2006 3357 2069; x_wconf 89' lang='lat' dir='ltr'>Quo</span> <span class='ocrx_word' id='word_1_322' title='bbox 3398 2021 3638 2074; x_wconf 90' lang='lat' dir='ltr'>respon-</span> 
     </span>
    </p>
   </div>
   <div class='ocr_carea' id='block_1_50' title="bbox 1944 2093 3644 2165">
    <p class='ocr_par' dir='ltr' id='par_1_50' title="bbox 1944 2093 3644 2165">
     <span class='ocr_line' id='line_1_50' title="bbox 1944 2093 3644 2165; baseline -0.002 -15"><span class='ocrx_word' id='word_1_323' title='bbox 1944 2098 2114 2150; x_wconf 89' lang='lat' dir='ltr'>dente</span> <span class='ocrx_word' id='word_1_324' title='bbox 2175 2112 2232 2148; x_wconf 91' lang='lat' dir='ltr'>se</span> <span class='ocrx_word' id='word_1_325' title='bbox 2286 2095 2494 2165; x_wconf 89' lang='lat' dir='ltr'>algoris</span> <span class='ocrx_word' id='word_1_326' title='bbox 2551 2095 2921 2164; x_wconf 88' lang='lat' dir='ltr'>asperitatem</span> <span class='ocrx_word' id='word_1_327' title='bbox 2973 2094 3429 2163; x_wconf 87' lang='lat' dir='ltr'>perhorrescere,</span> <span class='ocrx_word' id='word_1_328' title='bbox 3490 2093 3644 2147; x_wconf 89' lang='lat' dir='ltr'>ideo-</span> 
     </span>
    </p>
   </div>
   <div class='ocr_carea' id='block_1_51' title="bbox 1947 2180 3642 2254">
    <p class='ocr_par' dir='ltr' id='par_1_51' title="bbox 1947 2180 3642 2254">
     <span class='ocr_line' id='line_1_51' title="bbox 1947 2180 3642 2254; baseline -0.002 -16"><span class='ocrx_word' id='word_1_329' title='bbox 1947 2201 2058 2254; x_wconf 88' lang='lat' dir='ltr'>que</span> <span class='ocrx_word' id='word_1_330' title='bbox 2086 2201 2191 2237; x_wconf 90' lang='lat' dir='ltr'>nec</span> <span class='ocrx_word' id='word_1_331' title='bbox 2220 2200 2253 2236; x_wconf 92' lang='lat' dir='ltr'>a</span> <span class='ocrx_word' id='word_1_332' title='bbox 2282 2184 2404 2236; x_wconf 93' lang='lat' dir='ltr'>loco</span> <span class='ocrx_word' id='word_1_333' title='bbox 2435 2184 2642 2253; x_wconf 89' lang='lat' dir='ltr'>quietis</span> <span class='ocrx_word' id='word_1_334' title='bbox 2675 2182 2885 2236; x_wconf 89' lang='lat' dir='ltr'>audere</span> <span class='ocrx_word' id='word_1_335' title='bbox 2932 2198 2990 2234; x_wconf 92' lang='lat' dir='ltr'>se</span> <span class='ocrx_word' id='word_1_336' title='bbox 3039 2182 3240 2234; x_wconf 90' lang='lat' dir='ltr'>saltem</span> <span class='ocrx_word' id='word_1_337' title='bbox 3273 2181 3511 2249; x_wconf 86' lang='lat' dir='ltr'>erigere.</span> <span class='ocrx_word' id='word_1_338' title='bbox 3555 2180 3642 2234; x_wconf 80' lang='lat' dir='ltr'>Ad</span> 
     </span>
    </p>
   </div>
   <div class='ocr_carea' id='block_1_52' title="bbox 1946 2269 3638 2344">
    <p class='ocr_par' dir='ltr' id='par_1_52' title="bbox 1946 2269 3638 2344">
     <span class='ocr_line' id='line_1_52' title="bbox 1946 2269 3638 2344; baseline -0.004 -17"><span class='ocrx_word' id='word_1_339' title='bbox 1946 2290 2117 2344; x_wconf 89' lang='lat' dir='ltr'>quem</span> <span class='ocrx_word' id='word_1_340' title='bbox 2163 2274 2262 2326; x_wconf 91' lang='lat' dir='ltr'>illa</span> <span class='ocrx_word' id='word_1_341' title='bbox 2292 2272 2518 2325; x_wconf 87' lang='lat' dir='ltr'>blandis</span> <span class='ocrx_word' id='word_1_342' title='bbox 2545 2271 2837 2341; x_wconf 89' lang='lat' dir='ltr'>respondit</span> <span class='ocrx_word' id='word_1_343' title='bbox 2859 2271 3047 2324; x_wconf 89' lang='lat' dir='ltr'>verbis</span> <span class='ocrx_word' id='word_1_344' title='bbox 3081 2287 3092 2323; x_wconf 93' lang='lat'>:</span> <span class='ocrx_word' id='word_1_345' title='bbox 3138 2289 3164 2320; x_wconf 79' lang='grc' dir='ltr'>α</span> <span class='ocrx_word' id='word_1_346' title='bbox 3195 2270 3367 2335; x_wconf 88' lang='lat' dir='ltr'>Vade,</span> <span class='ocrx_word' id='word_1_347' title='bbox 3398 2269 3638 2335; x_wconf 90' lang='lat' dir='ltr'>miselle,</span> 
     </span>
    </p>
   </div>
   <div class='ocr_carea' id='block_1_53' title="bbox 1947 2356 3644 2430">
    <p class='ocr_par' dir='ltr' id='par_1_53' title="bbox 1947 2356 3644 2430">
     <span class='ocr_line' id='line_1_53' title="bbox 1947 2356 3644 2430; baseline -0.001 -19"><span class='ocrx_word' id='word_1_348' title='bbox 1947 2360 2226 2426; x_wconf 87' lang='lat' dir='ltr'>celeriter,</span> <span class='ocrx_word' id='word_1_349' title='bbox 2261 2360 2534 2430; x_wconf 90' lang='lat' dir='ltr'>quoniam</span> <span class='ocrx_word' id='word_1_350' title='bbox 2568 2377 2673 2427; x_wconf 83' lang='lat' dir='ltr'>ego</span> <span class='ocrx_word' id='word_1_351' title='bbox 2722 2364 2775 2412; x_wconf 89' lang='lat' dir='ltr'>te</span> <span class='ocrx_word' id='word_1_352' title='bbox 2817 2359 2887 2412; x_wconf 91' lang='lat' dir='ltr'>ab</span> <span class='ocrx_word' id='word_1_353' title='bbox 2917 2359 3087 2427; x_wconf 85' lang='lat' dir='ltr'>hujus</span> <span class='ocrx_word' id='word_1_354' title='bbox 3140 2358 3374 2428; x_wconf 76' lang='lat' dir='ltr'>frigoris</span> <span class='ocrx_word' id='word_1_355' title='bbox 3430 2356 3644 2426; x_wconf 86' lang='lat' dir='ltr'>asperi-</span> 
     </span>
    </p>
   </div>
   <div class='ocr_carea' id='block_1_54' title="bbox 1949 2444 3646 2517">
    <p class='ocr_par' dir='ltr' id='par_1_54' title="bbox 1949 2444 3646 2517">
     <span class='ocr_line' id='line_1_54' title="bbox 1949 2444 3646 2517; baseline -0.002 -17"><span class='ocrx_word' id='word_1_356' title='bbox 1949 2453 2062 2500; x_wconf 87' lang='lat' dir='ltr'>tate</span> <span class='ocrx_word' id='word_1_357' title='bbox 2094 2464 2207 2517; x_wconf 89' lang='lat' dir='ltr'>qua</span> <span class='ocrx_word' id='word_1_358' title='bbox 2240 2464 2393 2500; x_wconf 91' lang='lat' dir='ltr'>nunc</span> <span class='ocrx_word' id='word_1_359' title='bbox 2438 2447 2708 2517; x_wconf 86' lang='lat' dir='ltr'>afﬂigeris</span> <span class='ocrx_word' id='word_1_360' title='bbox 2757 2450 3084 2516; x_wconf 89' lang='lat' dir='ltr'>protegens,</span> <span class='ocrx_word' id='word_1_361' title='bbox 3133 2445 3319 2498; x_wconf 89' lang='lat' dir='ltr'>calida</span> <span class='ocrx_word' id='word_1_362' title='bbox 3385 2444 3646 2498; x_wconf 87' lang='lat' dir='ltr'>membra</span> 
     </span>
    </p>
   </div>
   <div class='ocr_carea' id='block_1_55' title="bbox 1950 2532 3647 2605">
    <p class='ocr_par' dir='ltr' id='par_1_55' title="bbox 1950 2532 3647 2605">
     <span class='ocr_line' id='line_1_55' title="bbox 1950 2532 3647 2605; baseline -0.002 -16"><span class='ocrx_word' id='word_1_363' title='bbox 1950 2536 2400 2603; x_wconf 88' lang='lat' dir='ltr'>administrabo;</span> <span class='ocrx_word' id='word_1_364' title='bbox 2468 2535 2729 2605; x_wconf 89' lang='lat' dir='ltr'>mihique</span> <span class='ocrx_word' id='word_1_365' title='bbox 2789 2534 2897 2604; x_wconf 83' lang='lat'>(59)</span> <span class='ocrx_word' id='word_1_366' title='bbox 2954 2550 3058 2604; x_wconf 89' lang='lat' dir='ltr'>pro</span> <span class='ocrx_word' id='word_1_367' title='bbox 3098 2534 3331 2588; x_wconf 51' lang='lat' dir='ltr'>reddita).</span> <span class='ocrx_word' id='word_1_368' title='bbox 3392 2532 3647 2587; x_wconf 85' lang='lat' dir='ltr'>sanitatis</span> 
     </span>
    </p>
   </div>
   <div class='ocr_carea' id='block_1_56' title="bbox 1954 2620 3648 2693">
    <p class='ocr_par' dir='ltr' id='par_1_56' title="bbox 1954 2620 3648 2693">
     <span class='ocr_line' id='line_1_56' title="bbox 1954 2620 3648 2693; baseline -0.002 -16"><span class='ocrx_word' id='word_1_369' title='bbox 1954 2625 2277 2678; x_wconf 88' lang='lat' dir='ltr'>mercedula</span> <span class='ocrx_word' id='word_1_370' title='bbox 2307 2625 2631 2687; x_wconf 86' lang='lat' dir='ltr'>scabellula,</span> <span class='ocrx_word' id='word_1_371' title='bbox 2666 2623 2873 2693; x_wconf 84' lang='lat' dir='ltr'>quibus</span> <span class='ocrx_word' id='word_1_372' title='bbox 2900 2623 3084 2677; x_wconf 91' lang='lat' dir='ltr'>adhuc</span> <span class='ocrx_word' id='word_1_373' title='bbox 3122 2622 3299 2676; x_wconf 89' lang='lat' dir='ltr'>uteris</span> <span class='ocrx_word' id='word_1_374' title='bbox 3338 2620 3648 2676; x_wconf 88' lang='lat' dir='ltr'>incurvatis</span> 
     </span>
    </p>
   </div>
   <div class='ocr_carea' id='block_1_57' title="bbox 1955 2707 3650 2780">
    <p class='ocr_par' dir='ltr' id='par_1_57' title="bbox 1955 2707 3650 2780">
     <span class='ocr_line' id='line_1_57' title="bbox 1955 2707 3650 2780; baseline -0.003 -15"><span class='ocrx_word' id='word_1_375' title='bbox 1955 2712 2208 2777; x_wconf 90' lang='lat' dir='ltr'>artubus,</span> <span class='ocrx_word' id='word_1_376' title='bbox 2272 2712 2341 2765; x_wconf 90' lang='lat' dir='ltr'>ad</span> <span class='ocrx_word' id='word_1_377' title='bbox 2392 2712 2687 2765; x_wconf 91' lang='lat' dir='ltr'>ecclesiam</span> <span class='ocrx_word' id='word_1_378' title='bbox 2758 2712 3103 2780; x_wconf 89' lang='lat' dir='ltr'>suspendere</span> <span class='ocrx_word' id='word_1_379' title='bbox 3164 2709 3477 2763; x_wconf 82' lang='lat' dir='ltr'>debebis.»</span> <span class='ocrx_word' id='word_1_380' title='bbox 3539 2707 3650 2771; x_wconf 90' lang='lat' dir='ltr'>Qui</span> 
     </span>
    </p>
   </div>
   <div class='ocr_carea' id='block_1_58' title="bbox 1955 2797 3650 2870">
    <p class='ocr_par' dir='ltr' id='par_1_58' title="bbox 1955 2797 3650 2870">
     <span class='ocr_line' id='line_1_58' title="bbox 1955 2797 3650 2870; baseline -0.002 -18"><span class='ocrx_word' id='word_1_381' title='bbox 1955 2800 2215 2870; x_wconf 88' lang='lat' dir='ltr'>quamvis</span> <span class='ocrx_word' id='word_1_382' title='bbox 2277 2799 2589 2870; x_wconf 78' lang='lat' dir='ltr'>pigerrima</span> <span class='ocrx_word' id='word_1_383' title='bbox 2658 2800 2726 2853; x_wconf 90' lang='lat' dir='ltr'>ad</span> <span class='ocrx_word' id='word_1_384' title='bbox 2776 2800 3071 2853; x_wconf 89' lang='lat' dir='ltr'>ecclesiam</span> <span class='ocrx_word' id='word_1_385' title='bbox 3127 2815 3392 2869; x_wconf 84' lang='lat' dir='ltr'>pergens,</span> <span class='ocrx_word' id='word_1_386' title='bbox 3452 2797 3650 2867; x_wconf 89' lang='lat' dir='ltr'>ibique</span> 
     </span>
    </p>
   </div>
   <div class='ocr_carea' id='block_1_59' title="bbox 1956 2884 3651 2957">
    <p class='ocr_par' dir='ltr' id='par_1_59' title="bbox 1956 2884 3651 2957">
     <span class='ocr_line' id='line_1_59' title="bbox 1956 2884 3651 2957; baseline -0.002 -17"><span class='ocrx_word' id='word_1_387' title='bbox 1956 2889 2254 2957; x_wconf 89' lang='lat' dir='ltr'>paululum</span> <span class='ocrx_word' id='word_1_388' title='bbox 2285 2893 2689 2953; x_wconf 86' lang='lat' dir='ltr'>commoratus,</span> <span class='ocrx_word' id='word_1_389' title='bbox 2726 2888 2794 2941; x_wconf 90' lang='lat' dir='ltr'>ad</span> <span class='ocrx_word' id='word_1_390' title='bbox 2825 2903 2994 2940; x_wconf 91' lang='lat' dir='ltr'>suum</span> <span class='ocrx_word' id='word_1_391' title='bbox 3016 2887 3219 2940; x_wconf 83' lang='lat' dir='ltr'>anxius</span> <span class='ocrx_word' id='word_1_392' title='bbox 3248 2886 3420 2940; x_wconf 89' lang='lat' dir='ltr'>rediit</span> <span class='ocrx_word' id='word_1_393' title='bbox 3455 2884 3651 2955; x_wconf 92' lang='lat' dir='ltr'>hospi-</span> 
     </span>
    </p>
   </div>
   <div class='ocr_carea' id='block_1_60' title="bbox 1956 2974 3654 3044">
    <p class='ocr_par' dir='ltr' id='par_1_60' title="bbox 1956 2974 3654 3044">
     <span class='ocr_line' id='line_1_60' title="bbox 1956 2974 3654 3044; baseline -0.002 -14"><span class='ocrx_word' id='word_1_394' title='bbox 1956 2977 2123 3030; x_wconf 88' lang='lat' dir='ltr'>tium.</span> <span class='ocrx_word' id='word_1_395' title='bbox 2181 2977 2342 3030; x_wconf 88' lang='lat' dir='ltr'>Mane</span> <span class='ocrx_word' id='word_1_396' title='bbox 2390 2981 2581 3029; x_wconf 89' lang='lat' dir='ltr'>autem</span> <span class='ocrx_word' id='word_1_397' title='bbox 2630 2977 2776 3029; x_wconf 90' lang='lat' dir='ltr'>facto</span> <span class='ocrx_word' id='word_1_398' title='bbox 2827 2975 3037 3029; x_wconf 90' lang='lat' dir='ltr'>iterum</span> <span class='ocrx_word' id='word_1_399' title='bbox 3083 2991 3375 3044; x_wconf 89' lang='lat' dir='ltr'>regressus</span> <span class='ocrx_word' id='word_1_400' title='bbox 3419 2974 3557 3027; x_wconf 92' lang='lat' dir='ltr'>illuc</span> <span class='ocrx_word' id='word_1_401' title='bbox 3596 2977 3654 3026; x_wconf 91' lang='lat' dir='ltr'>et</span> 
     </span>
    </p>
   </div>
   <div class='ocr_carea' id='block_1_61' title="bbox 150 3060 3657 3134">
    <p class='ocr_par' dir='ltr' id='par_1_61' title="bbox 150 3060 3657 3134">
     <span class='ocr_line' id='line_1_61' title="bbox 150 3060 3657 3134; baseline -0.001 -17"><span class='ocrx_word' id='word_1_402' title='bbox 150 3063 420 3117; x_wconf 89' lang='lat' dir='ltr'>manibus</span> <span class='ocrx_word' id='word_1_403' title='bbox 469 3061 893 3115; x_wconf 89' lang='lat' dir='ltr'>attrectantium</span> <span class='ocrx_word' id='word_1_404' title='bbox 934 3060 1245 3113; x_wconf 69' lang='lat' dir='ltr'>adhaerere.</span> <span class='ocrx_word' id='word_1_405' title='bbox 1311 3060 1544 3114; x_wconf 89' lang='lat' dir='ltr'>Sublata</span> <span class='ocrx_word' id='word_1_406' title='bbox 1590 3064 1727 3112; x_wconf 90' lang='lat' dir='ltr'>tunc</span> <span class='ocrx_word' id='word_1_407' title='bbox 1780 3074 1848 3111; x_wconf 84' lang='lat' dir='ltr'>ex</span> <span class='ocrx_word' id='word_1_408' title='bbox 1887 3070 1927 3125; x_wconf 63' lang='grc' dir='ltr'>(ς,</span> <span class='ocrx_word' id='word_1_409' title='bbox 1961 3070 2092 3118; x_wconf 74' lang='lat' dir='ltr'>ante</span> <span class='ocrx_word' id='word_1_410' title='bbox 2144 3064 2326 3119; x_wconf 61' lang='lat' dir='ltr'>beata;</span> <span class='ocrx_word' id='word_1_411' title='bbox 2377 3064 2616 3133; x_wconf 80' lang='lat' dir='ltr'>virginis</span> <span class='ocrx_word' id='word_1_412' title='bbox 2676 3065 2946 3118; x_wconf 84' lang='lat' dir='ltr'>feretrum</span> <span class='ocrx_word' id='word_1_413' title='bbox 3007 3080 3064 3118; x_wconf 88' lang='lat' dir='ltr'>se</span> <span class='ocrx_word' id='word_1_414' title='bbox 3120 3064 3450 3134; x_wconf 88' lang='lat' dir='ltr'>projiciens,</span> <span class='ocrx_word' id='word_1_415' title='bbox 3508 3062 3657 3115; x_wconf 89' lang='lat' dir='ltr'>circa</span> 
     </span>
    </p>
   </div>
   <div class='ocr_carea' id='block_1_62' title="bbox 152 3146 1849 3222">
    <p class='ocr_par' dir='ltr' id='par_1_62' title="bbox 152 3146 1849 3222">
     <span class='ocr_line' id='line_1_62' title="bbox 152 3146 1849 3222; baseline -0.005 -14"><span class='ocrx_word' id='word_1_416' title='bbox 152 3151 519 3222; x_wconf 84' lang='lat' dir='ltr'>Heystatensi</span> <span class='ocrx_word' id='word_1_417' title='bbox 583 3148 926 3203; x_wconf 89' lang='lat' dir='ltr'>monasterio</span> <span class='ocrx_word' id='word_1_418' title='bbox 999 3147 1318 3218; x_wconf 87' lang='lat' dir='ltr'>corpusculi</span> <span class='ocrx_word' id='word_1_419' title='bbox 1374 3163 1548 3200; x_wconf 64' lang='lat' dir='ltr'>sacrae</span> <span class='ocrx_word' id='word_1_420' title='bbox 1614 3146 1849 3216; x_wconf 87' lang='lat' dir='ltr'>virginis</span> 
     </span>
    </p>
   </div>
   <div class='ocr_carea' id='block_1_63' title="bbox 152 3235 1847 3311">
    <p class='ocr_par' dir='ltr' id='par_1_63' title="bbox 152 3235 1847 3311">
     <span class='ocr_line' id='line_1_63' title="bbox 152 3235 1847 3311; baseline -0.004 -18"><span class='ocrx_word' id='word_1_421' title='bbox 152 3241 442 3311; x_wconf 84' lang='lat' dir='ltr'>portione,</span> <span class='ocrx_word' id='word_1_422' title='bbox 490 3242 664 3307; x_wconf 90' lang='lat' dir='ltr'>prout</span> <span class='ocrx_word' id='word_1_423' title='bbox 706 3237 1007 3307; x_wconf 87' lang='lat' dir='ltr'>episcopus</span> <span class='ocrx_word' id='word_1_424' title='bbox 1064 3236 1341 3290; x_wconf 91' lang='lat' dir='ltr'>dictatum</span> <span class='ocrx_word' id='word_1_425' title='bbox 1381 3237 1599 3303; x_wconf 88' lang='lat' dir='ltr'>habuit,</span> <span class='ocrx_word' id='word_1_426' title='bbox 1650 3235 1847 3289; x_wconf 89' lang='lat' dir='ltr'>turbu-</span> 
     </span>
    </p>
   </div>
   <div class='ocr_carea' id='block_1_64' title="bbox 151 3323 1851 3395">
    <p class='ocr_par' dir='ltr' id='par_1_64' title="bbox 151 3323 1851 3395">
     <span class='ocr_line' id='line_1_64' title="bbox 151 3323 1851 3395; baseline -0.004 -13"><span class='ocrx_word' id='word_1_427' title='bbox 151 3326 512 3383; x_wconf 81' lang='lat' dir='ltr'>lentissimas</span> <span class='ocrx_word' id='word_1_428' title='bbox 542 3342 755 3379; x_wconf 82' lang='lat' dir='ltr'>mceror</span> <span class='ocrx_word' id='word_1_429' title='bbox 794 3330 851 3378; x_wconf 91' lang='lat' dir='ltr'>et</span> <span class='ocrx_word' id='word_1_430' title='bbox 890 3326 1134 3395; x_wconf 82' lang='lat' dir='ltr'>ejulatus</span> <span class='ocrx_word' id='word_1_431' title='bbox 1170 3325 1656 3395; x_wconf 83' lang='lat' dir='ltr'>lleystatensibus,</span> <span class='ocrx_word' id='word_1_432' title='bbox 1689 3323 1851 3395; x_wconf 89' lang='lat' dir='ltr'>quasi</span> 
     </span>
    </p>
   </div>
   <div class='ocr_carea' id='block_1_65' title="bbox 156 3415 1853 3475">
    <p class='ocr_par' dir='ltr' id='par_1_65' title="bbox 156 3415 1853 3475">
     <span class='ocr_line' id='line_1_65' title="bbox 156 3415 1853 3475; baseline -0.003 -3"><span class='ocrx_word' id='word_1_433' title='bbox 156 3424 342 3473; x_wconf 91' lang='lat' dir='ltr'>totam</span> <span class='ocrx_word' id='word_1_434' title='bbox 390 3422 715 3469; x_wconf 88' lang='lat' dir='ltr'>matronam</span> <span class='ocrx_word' id='word_1_435' title='bbox 770 3416 878 3468; x_wconf 88' lang='lat' dir='ltr'>sibi</span> <span class='ocrx_word' id='word_1_436' title='bbox 925 3416 1174 3469; x_wconf 89' lang='lat' dir='ltr'>ablatam</span> <span class='ocrx_word' id='word_1_437' title='bbox 1227 3415 1589 3475; x_wconf 87' lang='lat' dir='ltr'>deﬂentibus,</span> <span class='ocrx_word' id='word_1_438' title='bbox 1623 3420 1853 3467; x_wconf 85' lang='lat' dir='ltr'>exortus</span> 
     </span>
    </p>
   </div>
   <div class='ocr_carea' id='block_1_66' title="bbox 154 3501 1855 3573">
    <p class='ocr_par' dir='ltr' id='par_1_66' title="bbox 154 3501 1855 3573">
     <span class='ocr_line' id='line_1_66' title="bbox 154 3501 1855 3573; baseline -0.003 -14"><span class='ocrx_word' id='word_1_439' title='bbox 154 3512 263 3561; x_wconf 91' lang='lat' dir='ltr'>est.</span> <span class='ocrx_word' id='word_1_440' title='bbox 320 3508 545 3559; x_wconf 86' lang='lat' dir='ltr'>Interea</span> <span class='ocrx_word' id='word_1_441' title='bbox 595 3505 733 3557; x_wconf 90' lang='lat' dir='ltr'>dum</span> <span class='ocrx_word' id='word_1_442' title='bbox 783 3509 943 3557; x_wconf 88' lang='lat' dir='ltr'>tanta</span> <span class='ocrx_word' id='word_1_443' title='bbox 989 3502 1170 3571; x_wconf 87' lang='lat' dir='ltr'>optati</span> <span class='ocrx_word' id='word_1_444' title='bbox 1228 3502 1484 3556; x_wconf 90' lang='lat' dir='ltr'>muneris</span> <span class='ocrx_word' id='word_1_445' title='bbox 1537 3501 1855 3573; x_wconf 81' lang='lat' dir='ltr'>patrocinia</span> 
     </span>
    </p>
   </div>
   <div class='ocr_carea' id='block_1_67' title="bbox 154 3590 1858 3661">
    <p class='ocr_par' dir='ltr' id='par_1_67' title="bbox 154 3590 1858 3661">
     <span class='ocr_line' id='line_1_67' title="bbox 154 3590 1858 3661; baseline -0.004 -12"><span class='ocrx_word' id='word_1_446' title='bbox 154 3611 288 3649; x_wconf 89' lang='lat' dir='ltr'>cum</span> <span class='ocrx_word' id='word_1_447' title='bbox 324 3610 533 3661; x_wconf 86' lang='lat' dir='ltr'>magna</span> <span class='ocrx_word' id='word_1_448' title='bbox 562 3592 975 3646; x_wconf 81' lang='lat' dir='ltr'>exsultantium</span> <span class='ocrx_word' id='word_1_449' title='bbox 1016 3591 1197 3661; x_wconf 88' lang='lat' dir='ltr'>gloria</span> <span class='ocrx_word' id='word_1_450' title='bbox 1239 3591 1310 3644; x_wconf 88' lang='lat' dir='ltr'>ad</span> <span class='ocrx_word' id='word_1_451' title='bbox 1350 3591 1539 3643; x_wconf 91' lang='lat' dir='ltr'>locum</span> <span class='ocrx_word' id='word_1_452' title='bbox 1592 3590 1689 3660; x_wconf 90' lang='lat' dir='ltr'>qui</span> <span class='ocrx_word' id='word_1_453' title='bbox 1730 3590 1858 3643; x_wconf 88' lang='lat' dir='ltr'>dici-</span> 
     </span>
    </p>
   </div>
   <div class='ocr_carea' id='block_1_68' title="bbox 153 3678 1856 3749">
    <p class='ocr_par' dir='ltr' id='par_1_68' title="bbox 153 3678 1856 3749">
     <span class='ocr_line' id='line_1_68' title="bbox 153 3678 1856 3749; baseline -0.004 -12"><span class='ocrx_word' id='word_1_454' title='bbox 153 3688 255 3737; x_wconf 88' lang='lat' dir='ltr'>tur</span> <span class='ocrx_word' id='word_1_455' title='bbox 296 3683 629 3737; x_wconf 89' lang='lat' dir='ltr'>Movenhem</span> <span class='ocrx_word' id='word_1_456' title='bbox 686 3682 1050 3741; x_wconf 88' lang='lat' dir='ltr'>ducerentur,</span> <span class='ocrx_word' id='word_1_457' title='bbox 1098 3680 1332 3749; x_wconf 90' lang='lat' dir='ltr'>quidam</span> <span class='ocrx_word' id='word_1_458' title='bbox 1388 3680 1533 3732; x_wconf 88' lang='lat' dir='ltr'>forte</span> <span class='ocrx_word' id='word_1_459' title='bbox 1586 3678 1856 3749; x_wconf 90' lang='lat' dir='ltr'>epilepti-</span> 
     </span>
    </p>
   </div>
   <div class='ocr_carea' id='block_1_69' title="bbox 156 3766 1856 3842">
    <p class='ocr_par' dir='ltr' id='par_1_69' title="bbox 156 3766 1856 3842">
     <span class='ocr_line' id='line_1_69' title="bbox 156 3766 1856 3842; baseline -0.004 -17"><span class='ocrx_word' id='word_1_460' title='bbox 156 3789 260 3826; x_wconf 91' lang='lat' dir='ltr'>cus</span> <span class='ocrx_word' id='word_1_461' title='bbox 287 3788 433 3842; x_wconf 91' lang='lat' dir='ltr'>puer</span> <span class='ocrx_word' id='word_1_462' title='bbox 464 3770 608 3824; x_wconf 90' lang='lat' dir='ltr'>sacri</span> <span class='ocrx_word' id='word_1_463' title='bbox 636 3769 907 3839; x_wconf 90' lang='lat' dir='ltr'>ponderis</span> <span class='ocrx_word' id='word_1_464' title='bbox 962 3770 1170 3822; x_wconf 87' lang='lat' dir='ltr'>feretro</span> <span class='ocrx_word' id='word_1_465' title='bbox 1196 3767 1448 3833; x_wconf 86' lang='lat' dir='ltr'>obvians,</span> <span class='ocrx_word' id='word_1_466' title='bbox 1509 3767 1613 3820; x_wconf 89' lang='lat' dir='ltr'>sub</span> <span class='ocrx_word' id='word_1_467' title='bbox 1655 3766 1856 3820; x_wconf 91' lang='lat' dir='ltr'>eodem</span> 
     </span>
    </p>
   </div>
   <div class='ocr_carea' id='block_1_70' title="bbox 159 3857 1860 3929">
    <p class='ocr_par' dir='ltr' id='par_1_70' title="bbox 159 3857 1860 3929">
     <span class='ocr_line' id='line_1_70' title="bbox 159 3857 1860 3929; baseline -0.003 -16"><span class='ocrx_word' id='word_1_468' title='bbox 159 3876 222 3913; x_wconf 92' lang='lat' dir='ltr'>se</span> <span class='ocrx_word' id='word_1_469' title='bbox 256 3860 581 3923; x_wconf 87' lang='lat' dir='ltr'>incurvans,</span> <span class='ocrx_word' id='word_1_470' title='bbox 627 3858 811 3928; x_wconf 90' lang='lat' dir='ltr'>ipsam</span> <span class='ocrx_word' id='word_1_471' title='bbox 852 3874 1025 3929; x_wconf 91' lang='lat' dir='ltr'>quam</span> <span class='ocrx_word' id='word_1_472' title='bbox 1059 3858 1324 3929; x_wconf 58' lang='lat' dir='ltr'>quaesivit</span> <span class='ocrx_word' id='word_1_473' title='bbox 1356 3857 1662 3911; x_wconf 89' lang='lat' dir='ltr'>sanitatem</span> <span class='ocrx_word' id='word_1_474' title='bbox 1703 3871 1860 3909; x_wconf 89' lang='lat' dir='ltr'>rece-</span> 
     </span>
    </p>
   </div>
   <div class='ocr_carea' id='block_1_71' title="bbox 160 3944 1864 4019">
    <p class='ocr_par' dir='ltr' id='par_1_71' title="bbox 160 3944 1864 4019">
     <span class='ocr_line' id='line_1_71' title="bbox 160 3944 1864 4019; baseline -0.002 -18"><span class='ocrx_word' id='word_1_475' title='bbox 160 3948 270 4019; x_wconf 91' lang='lat' dir='ltr'>pit.</span> <span class='ocrx_word' id='word_1_476' title='bbox 348 3949 503 4002; x_wconf 90' lang='lat' dir='ltr'>Tunc</span> <span class='ocrx_word' id='word_1_477' title='bbox 561 3947 770 4011; x_wconf 91' lang='lat' dir='ltr'>subito,</span> <span class='ocrx_word' id='word_1_478' title='bbox 840 3952 905 4000; x_wconf 90' lang='lat' dir='ltr'>ut</span> <span class='ocrx_word' id='word_1_479' title='bbox 960 3963 1158 4000; x_wconf 88' lang='lat' dir='ltr'>omnes</span> <span class='ocrx_word' id='word_1_480' title='bbox 1229 3951 1615 4001; x_wconf 87' lang='lat' dir='ltr'>commeantes</span> <span class='ocrx_word' id='word_1_481' title='bbox 1677 3944 1864 3998; x_wconf 88' lang='lat' dir='ltr'>testati</span> 
     </span>
    </p>
   </div>
   <div class='ocr_carea' id='block_1_72' title="bbox 163 4032 1863 4103">
    <p class='ocr_par' dir='ltr' id='par_1_72' title="bbox 163 4032 1863 4103">
     <span class='ocr_line' id='line_1_72' title="bbox 163 4032 1863 4103; baseline -0.004 -13"><span class='ocrx_word' id='word_1_482' title='bbox 163 4041 320 4103; x_wconf 89' lang='lat' dir='ltr'>sunt,</span> <span class='ocrx_word' id='word_1_483' title='bbox 353 4040 512 4090; x_wconf 88' lang='lat' dir='ltr'>tanta</span> <span class='ocrx_word' id='word_1_484' title='bbox 551 4035 610 4088; x_wconf 91' lang='lat' dir='ltr'>in</span> <span class='ocrx_word' id='word_1_485' title='bbox 641 4036 842 4089; x_wconf 90' lang='lat' dir='ltr'>eodem</span> <span class='ocrx_word' id='word_1_486' title='bbox 893 4036 1014 4088; x_wconf 93' lang='lat' dir='ltr'>loco</span> <span class='ocrx_word' id='word_1_487' title='bbox 1048 4035 1240 4089; x_wconf 92' lang='lat' dir='ltr'>odoris</span> <span class='ocrx_word' id='word_1_488' title='bbox 1273 4034 1598 4102; x_wconf 81' lang='lat' dir='ltr'>redolentia</span> <span class='ocrx_word' id='word_1_489' title='bbox 1651 4032 1863 4085; x_wconf 90' lang='lat' dir='ltr'>conﬂa-</span> 
     </span>
    </p>
   </div>
   <div class='ocr_carea' id='block_1_73' title="bbox 165 4121 1866 4195">
    <p class='ocr_par' dir='ltr' id='par_1_73' title="bbox 165 4121 1866 4195">
     <span class='ocr_line' id='line_1_73' title="bbox 165 4121 1866 4195; baseline -0.003 -17"><span class='ocrx_word' id='word_1_490' title='bbox 165 4125 374 4195; x_wconf 87' lang='lat' dir='ltr'>gravit,</span> <span class='ocrx_word' id='word_1_491' title='bbox 419 4130 485 4178; x_wconf 91' lang='lat' dir='ltr'>ut</span> <span class='ocrx_word' id='word_1_492' title='bbox 528 4140 693 4177; x_wconf 90' lang='lat' dir='ltr'>nares</span> <span class='ocrx_word' id='word_1_493' title='bbox 725 4124 1199 4194; x_wconf 63' lang='lat' dir='ltr'>prmtereuntium</span> <span class='ocrx_word' id='word_1_494' title='bbox 1247 4125 1337 4178; x_wconf 91' lang='lat' dir='ltr'>vel</span> <span class='ocrx_word' id='word_1_495' title='bbox 1394 4121 1866 4193; x_wconf 86' lang='lat' dir='ltr'>subsequentium</span> 
     </span>
    </p>
   </div>
   <div class='ocr_carea' id='block_1_74' title="bbox 170 4211 1122 4282">
    <p class='ocr_par' dir='ltr' id='par_1_74' title="bbox 170 4211 1122 4282">
     <span class='ocr_line' id='line_1_74' title="bbox 170 4211 1122 4282; baseline -0.001 -16"><span class='ocrx_word' id='word_1_496' title='bbox 170 4213 451 4267; x_wconf 89' lang='lat' dir='ltr'>feretrum</span> <span class='ocrx_word' id='word_1_497' title='bbox 489 4212 637 4267; x_wconf 90' lang='lat' dir='ltr'>ferre</span> <span class='ocrx_word' id='word_1_498' title='bbox 663 4212 755 4266; x_wconf 82' lang='lat' dir='ltr'>vix</span> <span class='ocrx_word' id='word_1_499' title='bbox 783 4211 1122 4282; x_wconf 87' lang='lat' dir='ltr'>potuissent.</span> 
     </span>
    </p>
   </div>
   <div class='ocr_carea' id='block_1_75' title="bbox 840 4300 1191 4353">
    <p class='ocr_par' dir='ltr' id='par_1_75' title="bbox 840 4300 1191 4353">
     <span class='ocr_line' id='line_1_75' title="bbox 840 4300 1191 4353; baseline -0.003 0"><span class='ocrx_word' id='word_1_500' title='bbox 840 4300 1060 4353; x_wconf 76' lang='lat' dir='ltr'>CAPUT</span> <span class='ocrx_word' id='word_1_501' title='bbox 1098 4300 1191 4353; x_wconf 86' lang='lat' dir='ltr'><strong>III.</strong></span> 
     </span>
    </p>
   </div>
   <div class='ocr_carea' id='block_1_76' title="bbox 358 4384 1687 4456">
    <p class='ocr_par' dir='ltr' id='par_1_76' title="bbox 358 4384 1687 4456">
     <span class='ocr_line' id='line_1_76' title="bbox 358 4384 1687 4456; baseline -0.005 -13"><span class='ocrx_word' id='word_1_502' title='bbox 358 4391 531 4444; x_wconf 77' lang='lat' dir='ltr'>Varia</span> <span class='ocrx_word' id='word_1_503' title='bbox 558 4388 827 4441; x_wconf 81' lang='lat' dir='ltr'>miracula</span> <span class='ocrx_word' id='word_1_504' title='bbox 864 4403 961 4456; x_wconf 84' lang='lat' dir='ltr'>ope</span> <span class='ocrx_word' id='word_1_505' title='bbox 992 4388 1049 4441; x_wconf 93' lang='lat' dir='ltr'>S.</span> <span class='ocrx_word' id='word_1_506' title='bbox 1086 4384 1403 4453; x_wconf 78' lang='lat' dir='ltr'>Walburgz&#39;s</span> <span class='ocrx_word' id='word_1_507' title='bbox 1436 4388 1687 4454; x_wconf 78' lang='lat' dir='ltr'>patrata.</span> 
     </span>
    </p>
   </div>
   <div class='ocr_carea' id='block_1_77' title="bbox 251 4470 1875 4546">
    <p class='ocr_par' dir='ltr' id='par_1_77' title="bbox 251 4470 1875 4546">
     <span class='ocr_line' id='line_1_77' title="bbox 251 4470 1875 4546; baseline -0.006 -15"><span class='ocrx_word' id='word_1_508' title='bbox 251 4481 335 4531; x_wconf 82' lang='lat' dir='ltr'>ll.</span> <span class='ocrx_word' id='word_1_509' title='bbox 370 4479 682 4546; x_wconf 90' lang='lat' dir='ltr'>Postquam</span> <span class='ocrx_word' id='word_1_510' title='bbox 732 4491 868 4545; x_wconf 92' lang='lat' dir='ltr'>ergo</span> <span class='ocrx_word' id='word_1_511' title='bbox 918 4474 1290 4529; x_wconf 81' lang='lat' dir='ltr'>sanctissimae</span> <span class='ocrx_word' id='word_1_512' title='bbox 1336 4472 1573 4543; x_wconf 88' lang='lat' dir='ltr'>virginis</span> <span class='ocrx_word' id='word_1_513' title='bbox 1627 4470 1875 4541; x_wconf 91' lang='lat' dir='ltr'>pignora</span> 
     </span>
    </p>
   </div>
   <div class='ocr_carea' id='block_1_78' title="bbox 176 4559 1876 4635">
    <p class='ocr_par' dir='ltr' id='par_1_78' title="bbox 176 4559 1876 4635">
     <span class='ocr_line' id='line_1_78' title="bbox 176 4559 1876 4635; baseline -0.006 -15"><span class='ocrx_word' id='word_1_514' title='bbox 176 4581 357 4635; x_wconf 88' lang='lat' dir='ltr'>supra</span> <span class='ocrx_word' id='word_1_515' title='bbox 411 4570 669 4617; x_wconf 88' lang='lat' dir='ltr'>sanctum</span> <span class='ocrx_word' id='word_1_516' title='bbox 741 4562 1003 4632; x_wconf 67' lang='lat' dir='ltr'>praedicti</span> <span class='ocrx_word' id='word_1_517' title='bbox 1059 4561 1393 4614; x_wconf 88' lang='lat' dir='ltr'>monasterii</span> <span class='ocrx_word' id='word_1_518' title='bbox 1458 4560 1632 4612; x_wconf 87' lang='lat' dir='ltr'>altare</span> <span class='ocrx_word' id='word_1_519' title='bbox 1694 4559 1876 4611; x_wconf 89' lang='lat' dir='ltr'>locata</span> 
     </span>
    </p>
   </div>
   <div class='ocr_carea' id='block_1_79' title="bbox 174 4650 1876 4726">
    <p class='ocr_par' dir='ltr' id='par_1_79' title="bbox 174 4650 1876 4726">
     <span class='ocr_line' id='line_1_79' title="bbox 174 4650 1876 4726; baseline -0.006 -14"><span class='ocrx_word' id='word_1_520' title='bbox 174 4662 333 4721; x_wconf 88' lang='lat' dir='ltr'>sunt,</span> <span class='ocrx_word' id='word_1_521' title='bbox 379 4655 642 4726; x_wconf 88' lang='lat' dir='ltr'>sequenti</span> <span class='ocrx_word' id='word_1_522' title='bbox 693 4659 858 4707; x_wconf 90' lang='lat' dir='ltr'>nocte</span> <span class='ocrx_word' id='word_1_523' title='bbox 889 4652 1130 4723; x_wconf 89' lang='lat' dir='ltr'>contigit</span> <span class='ocrx_word' id='word_1_524' title='bbox 1181 4652 1525 4705; x_wconf 87' lang='lat' dir='ltr'>abbatissam</span> <span class='ocrx_word' id='word_1_525' title='bbox 1575 4650 1876 4704; x_wconf 90' lang='lat' dir='ltr'>Liubulam</span> 
     </span>
    </p>
   </div>
   <div class='ocr_carea' id='block_1_80' title="bbox 180 4737 1876 4812">
    <p class='ocr_par' dir='ltr' id='par_1_80' title="bbox 180 4737 1876 4812">
     <span class='ocr_line' id='line_1_80' title="bbox 180 4737 1876 4812; baseline -0.006 -12"><span class='ocrx_word' id='word_1_526' title='bbox 180 4746 402 4802; x_wconf 90' lang='lat' dir='ltr'>ibidem</span> <span class='ocrx_word' id='word_1_527' title='bbox 425 4743 672 4797; x_wconf 88' lang='lat' dir='ltr'>adfuisse</span> <span class='ocrx_word' id='word_1_528' title='bbox 698 4759 712 4809; x_wconf 89' lang='lat'><strong>;</strong></span> <span class='ocrx_word' id='word_1_529' title='bbox 735 4742 988 4812; x_wconf 90' lang='lat' dir='ltr'>dumque</span> <span class='ocrx_word' id='word_1_530' title='bbox 1010 4741 1125 4794; x_wconf 93' lang='lat' dir='ltr'>illic</span> <span class='ocrx_word' id='word_1_531' title='bbox 1141 4739 1323 4794; x_wconf 89' lang='lat' dir='ltr'>tribus</span> <span class='ocrx_word' id='word_1_532' title='bbox 1345 4740 1574 4792; x_wconf 89' lang='lat' dir='ltr'>detenta</span> <span class='ocrx_word' id='word_1_533' title='bbox 1592 4737 1876 4805; x_wconf 90' lang='lat' dir='ltr'>noctibus,</span> 
     </span>
    </p>
   </div>
   <div class='ocr_carea' id='block_1_81' title="bbox 183 4828 1877 4908">
    <p class='ocr_par' dir='ltr' id='par_1_81' title="bbox 183 4828 1877 4908">
     <span class='ocr_line' id='line_1_81' title="bbox 183 4828 1877 4908; baseline -0.006 -17"><span class='ocrx_word' id='word_1_534' title='bbox 183 4836 343 4908; x_wconf 90' lang='lat' dir='ltr'>gravi</span> <span class='ocrx_word' id='word_1_535' title='bbox 396 4834 661 4905; x_wconf 75' lang='lat' dir='ltr'>podagrae</span> <span class='ocrx_word' id='word_1_536' title='bbox 707 4832 909 4887; x_wconf 90' lang='lat' dir='ltr'>morbo</span> <span class='ocrx_word' id='word_1_537' title='bbox 958 4832 1223 4885; x_wconf 87' lang='lat' dir='ltr'>laborans</span> <span class='ocrx_word' id='word_1_538' title='bbox 1256 4846 1314 4883; x_wconf 88' lang='lat' dir='ltr'>se</span> <span class='ocrx_word' id='word_1_539' title='bbox 1369 4829 1559 4899; x_wconf 90' lang='lat' dir='ltr'>sopori</span> <span class='ocrx_word' id='word_1_540' title='bbox 1610 4828 1877 4890; x_wconf 87' lang='lat' dir='ltr'>dedisset,</span> 
     </span>
    </p>
   </div>
   <div class='ocr_carea' id='block_1_82' title="bbox 184 4914 1883 4993">
    <p class='ocr_par' dir='ltr' id='par_1_82' title="bbox 184 4914 1883 4993">
     <span class='ocr_line' id='line_1_82' title="bbox 184 4914 1883 4993; baseline -0.007 -13"><span class='ocrx_word' id='word_1_541' title='bbox 184 4925 365 4981; x_wconf 89' lang='lat' dir='ltr'>astitit</span> <span class='ocrx_word' id='word_1_542' title='bbox 416 4923 468 4976; x_wconf 92' lang='lat' dir='ltr'>ei</span> <span class='ocrx_word' id='word_1_543' title='bbox 499 4921 737 4993; x_wconf 89' lang='lat' dir='ltr'>quidam</span> <span class='ocrx_word' id='word_1_544' title='bbox 788 4920 1113 4974; x_wconf 85' lang='lat' dir='ltr'>veneranda</span> <span class='ocrx_word' id='word_1_545' title='bbox 1144 4918 1350 4972; x_wconf 90' lang='lat' dir='ltr'>canitie</span> <span class='ocrx_word' id='word_1_546' title='bbox 1381 4917 1639 4985; x_wconf 89' lang='lat' dir='ltr'>clericus,</span> <span class='ocrx_word' id='word_1_547' title='bbox 1701 4914 1883 4969; x_wconf 85' lang='lat' dir='ltr'>Willi-</span> 
     </span>
    </p>
   </div>
   <div class='ocr_carea' id='block_1_83' title="bbox 184 5003 1885 5081">
    <p class='ocr_par' dir='ltr' id='par_1_83' title="bbox 184 5003 1885 5081">
     <span class='ocr_line' id='line_1_83' title="bbox 184 5003 1885 5081; baseline -0.008 -11"><span class='ocrx_word' id='word_1_548' title='bbox 184 5014 413 5081; x_wconf 88' lang='lat' dir='ltr'>boldus,</span> <span class='ocrx_word' id='word_1_549' title='bbox 462 5016 526 5065; x_wconf 88' lang='lat' dir='ltr'>ut</span> <span class='ocrx_word' id='word_1_550' title='bbox 572 5009 826 5065; x_wconf 89' lang='lat' dir='ltr'>creditur</span> <span class='ocrx_word' id='word_1_551' title='bbox 874 5008 1196 5080; x_wconf 86' lang='lat' dir='ltr'>episcopus,</span> <span class='ocrx_word' id='word_1_552' title='bbox 1229 5007 1284 5061; x_wconf 91' lang='lat' dir='ltr'>S.</span> <span class='ocrx_word' id='word_1_553' title='bbox 1339 5006 1660 5075; x_wconf 77' lang='lat' dir='ltr'>Walburgae</span> <span class='ocrx_word' id='word_1_554' title='bbox 1708 5003 1885 5058; x_wconf 84' lang='lat' dir='ltr'>frater</span> 
     </span>
    </p>
   </div>
   <div class='ocr_carea' id='block_1_84' title="bbox 190 5093 1886 5175">
    <p class='ocr_par' dir='ltr' id='par_1_84' title="bbox 190 5093 1886 5175">
     <span class='ocr_line' id='line_1_84' title="bbox 190 5093 1886 5175; baseline -0.005 -19"><span class='ocrx_word' id='word_1_555' title='bbox 190 5101 314 5175; x_wconf 91' lang='lat' dir='ltr'>(qui</span> <span class='ocrx_word' id='word_1_556' title='bbox 342 5102 403 5155; x_wconf 91' lang='lat' dir='ltr'>in</span> <span class='ocrx_word' id='word_1_557' title='bbox 434 5100 635 5155; x_wconf 92' lang='lat' dir='ltr'>eodem</span> <span class='ocrx_word' id='word_1_558' title='bbox 682 5100 808 5153; x_wconf 90' lang='lat' dir='ltr'>loco</span> <span class='ocrx_word' id='word_1_559' title='bbox 863 5113 1025 5152; x_wconf 90' lang='lat' dir='ltr'>suam</span> <span class='ocrx_word' id='word_1_560' title='bbox 1064 5096 1477 5168; x_wconf 88' lang='lat' dir='ltr'>proprietatem</span> <span class='ocrx_word' id='word_1_561' title='bbox 1526 5093 1886 5147; x_wconf 64' lang='lat' dir='ltr'>haereditario</span> 
     </span>
    </p>
   </div>
   <div class='ocr_carea' id='block_1_85' title="bbox 186 5182 1888 5264">
    <p class='ocr_par' dir='ltr' id='par_1_85' title="bbox 186 5182 1888 5264">
     <span class='ocr_line' id='line_1_85' title="bbox 186 5182 1888 5264; baseline -0.007 -19"><span class='ocrx_word' id='word_1_562' title='bbox 186 5195 318 5264; x_wconf 89' lang='lat' dir='ltr'>jure</span> <span class='ocrx_word' id='word_1_563' title='bbox 347 5191 518 5260; x_wconf 91' lang='lat' dir='ltr'>longe</span> <span class='ocrx_word' id='word_1_564' title='bbox 551 5192 678 5242; x_wconf 90' lang='lat' dir='ltr'>ante</span> <span class='ocrx_word' id='word_1_565' title='bbox 710 5188 978 5241; x_wconf 88' lang='lat' dir='ltr'>donatam</span> <span class='ocrx_word' id='word_1_566' title='bbox 1013 5185 1236 5252; x_wconf 85' lang='lat' dir='ltr'>habuit)</span> <span class='ocrx_word' id='word_1_567' title='bbox 1265 5197 1506 5252; x_wconf 88' lang='lat' dir='ltr'>eamque</span> <span class='ocrx_word' id='word_1_568' title='bbox 1537 5182 1888 5251; x_wconf 89' lang='lat' dir='ltr'>compellans</span> 
     </span>
    </p>
   </div>
   <div class='ocr_carea' id='block_1_86' title="bbox 196 5274 1891 5342">
    <p class='ocr_par' dir='ltr' id='par_1_86' title="bbox 196 5274 1891 5342">
     <span class='ocr_line' id='line_1_86' title="bbox 196 5274 1891 5342; baseline -0.008 -7"><span class='ocrx_word' id='word_1_569' title='bbox 196 5283 275 5335; x_wconf 90' lang='lat' dir='ltr'>ita</span> <span class='ocrx_word' id='word_1_570' title='bbox 304 5279 383 5333; x_wconf 91' lang='lat' dir='ltr'>ait</span> <span class='ocrx_word' id='word_1_571' title='bbox 418 5296 429 5332; x_wconf 91' lang='lat'><strong>:</strong></span> <span class='ocrx_word' id='word_1_572' title='bbox 468 5299 494 5327; x_wconf 89' lang='grc'><strong>‹‹</strong></span> <span class='ocrx_word' id='word_1_573' title='bbox 535 5277 790 5342; x_wconf 88' lang='lat' dir='ltr'>Liubula,</span> <span class='ocrx_word' id='word_1_574' title='bbox 839 5291 941 5328; x_wconf 93' lang='lat' dir='ltr'>cur</span> <span class='ocrx_word' id='word_1_575' title='bbox 984 5274 1241 5328; x_wconf 80' lang='lat' dir='ltr'>dormis?</span> <span class='ocrx_word' id='word_1_576' title='bbox 1273 5288 1448 5342; x_wconf 81' lang='lat' dir='ltr'>quare</span> <span class='ocrx_word' id='word_1_577' title='bbox 1480 5286 1596 5323; x_wconf 91' lang='lat' dir='ltr'>non</span> <span class='ocrx_word' id='word_1_578' title='bbox 1652 5285 1891 5340; x_wconf 90' lang='lat' dir='ltr'>surgens</span> 
     </span>
    </p>
   </div>
   <div class='ocr_carea' id='block_1_87' title="bbox 194 5358 1892 5436">
    <p class='ocr_par' dir='ltr' id='par_1_87' title="bbox 194 5358 1892 5436">
     <span class='ocr_line' id='line_1_87' title="bbox 194 5358 1892 5436; baseline -0.006 -13"><span class='ocrx_word' id='word_1_579' title='bbox 194 5369 271 5424; x_wconf 90' lang='lat' dir='ltr'>ad</span> <span class='ocrx_word' id='word_1_580' title='bbox 320 5366 614 5421; x_wconf 89' lang='lat' dir='ltr'>ecclesiam</span> <span class='ocrx_word' id='word_1_581' title='bbox 671 5364 960 5436; x_wconf 86' lang='lat' dir='ltr'>pergis?»</span> <span class='ocrx_word' id='word_1_582' title='bbox 1000 5363 1085 5418; x_wconf 79' lang='lat' dir='ltr'>Ad</span> <span class='ocrx_word' id='word_1_583' title='bbox 1135 5378 1308 5433; x_wconf 89' lang='lat' dir='ltr'>quem</span> <span class='ocrx_word' id='word_1_584' title='bbox 1360 5360 1496 5413; x_wconf 89' lang='lat' dir='ltr'>illa:</span> <span class='ocrx_word' id='word_1_585' title='bbox 1560 5378 1587 5410; x_wconf 76' lang='grc' dir='ltr'><strong><em>α</em></strong></span> <span class='ocrx_word' id='word_1_586' title='bbox 1631 5360 1700 5413; x_wconf 89' lang='lat' dir='ltr'>Ut</span> <span class='ocrx_word' id='word_1_587' title='bbox 1754 5358 1892 5429; x_wconf 92' lang='lat' dir='ltr'>quid</span> 
     </span>
    </p>
   </div>
   <div class='ocr_carea' id='block_1_88' title="bbox 273 5484 1896 5563">
    <p class='ocr_par' dir='ltr' id='par_1_88' title="bbox 273 5484 1896 5563">
     <span class='ocr_line' id='line_1_88' title="bbox 273 5484 1896 5563; baseline -0.006 -17"><span class='ocrx_word' id='word_1_588' title='bbox 273 5494 386 5563; x_wconf 80' lang='lat'>(58)</span> <span class='ocrx_word' id='word_1_589' title='bbox 418 5490 725 5563; x_wconf 83' lang='lat' dir='ltr'>Sequentia</span> <span class='ocrx_word' id='word_1_590' title='bbox 769 5505 833 5542; x_wconf 83' lang='lat' dir='ltr'>ex</span> <span class='ocrx_word' id='word_1_591' title='bbox 876 5489 915 5542; x_wconf 93' lang='lat' dir='ltr'>l.</span> <span class='ocrx_word' id='word_1_592' title='bbox 950 5504 965 5541; x_wconf 82' lang='lat'>1</span> <span class='ocrx_word' id='word_1_593' title='bbox 1021 5484 1600 5563; x_wconf 64' lang='lat' dir='ltr'>Wolfhardisumpta</span> <span class='ocrx_word' id='word_1_594' title='bbox 1629 5485 1780 5563; x_wconf 82' lang='lat' dir='ltr'>sunt,</span> <span class='ocrx_word' id='word_1_595' title='bbox 1839 5488 1896 5536; x_wconf 91' lang='lat' dir='ltr'>et</span> 
     </span>
    </p>
   </div>
   <div class='ocr_carea' id='block_1_89' title="bbox 202 5555 1785 5629">
    <p class='ocr_par' dir='ltr' id='par_1_89' title="bbox 202 5555 1785 5629">
     <span class='ocr_line' id='line_1_89' title="bbox 202 5555 1785 5629; baseline -0.009 -9"><span class='ocrx_word' id='word_1_596' title='bbox 202 5555 650 5620; x_wconf 46' lang='lat' dir='ltr'>cohaerent-cum</span> <span class='ocrx_word' id='word_1_597' title='bbox 680 5562 751 5613; x_wconf 91' lang='lat' dir='ltr'>iis</span> <span class='ocrx_word' id='word_1_598' title='bbox 782 5576 909 5629; x_wconf 75' lang='lat' dir='ltr'>quae</span> <span class='ocrx_word' id='word_1_599' title='bbox 942 5575 999 5611; x_wconf 89' lang='lat' dir='ltr'>n.</span> <span class='ocrx_word' id='word_1_600' title='bbox 1046 5562 1076 5612; x_wconf 88' lang='lat'>6</span> <span class='ocrx_word' id='word_1_601' title='bbox 1110 5558 1280 5627; x_wconf 85' lang='lat' dir='ltr'>hujus</span> <span class='ocrx_word' id='word_1_602' title='bbox 1327 5555 1785 5629; x_wconf 12' lang='lat' dir='ltr'>Vitaaileguntur.</span> 
     </span>
    </p>
   </div>
   <div class='ocr_carea' id='block_1_90' title="bbox 276 5623 1899 5705">
    <p class='ocr_par' dir='ltr' id='par_1_90' title="bbox 276 5623 1899 5705">
     <span class='ocr_line' id='line_1_90' title="bbox 276 5623 1899 5705; baseline -0.007 -18"><span class='ocrx_word' id='word_1_603' title='bbox 276 5635 382 5705; x_wconf 74' lang='lat'>(59)</span> <span class='ocrx_word' id='word_1_604' title='bbox 409 5633 533 5687; x_wconf 86' lang='lat' dir='ltr'>Mss.</span> <span class='ocrx_word' id='word_1_605' title='bbox 580 5623 819 5699; x_wconf 66' lang='lat' dir='ltr'>Trevir.,</span> <span class='ocrx_word' id='word_1_606' title='bbox 862 5634 986 5700; x_wconf 87' lang='lat' dir='ltr'>post</span> <span class='ocrx_word' id='word_1_607' title='bbox 1031 5623 1302 5684; x_wconf 56' lang='lat' dir='ltr'>redditam</span> <span class='ocrx_word' id='word_1_608' title='bbox 1360 5628 1648 5681; x_wconf 75' lang='lat' dir='ltr'>sanitatem</span> <span class='ocrx_word' id='word_1_609' title='bbox 1702 5623 1899 5677; x_wconf 86' lang='lat' dir='ltr'>scabel-</span> 
     </span>
    </p>
   </div>
   <div class='ocr_carea' id='block_1_91' title="bbox 562 5738 1059 5806">
    <p class='ocr_par' dir='ltr' id='par_1_91' title="bbox 562 5738 1059 5806">
     <span class='ocr_line' id='line_1_91' title="bbox 562 5738 1059 5806; baseline -0.006 -3"><span class='ocrx_word' id='word_1_610' title='bbox 562 5740 833 5803; x_wconf 79' lang='lat' dir='ltr'>PATROL.</span> <span class='ocrx_word' id='word_1_611' title='bbox 889 5738 1059 5806; x_wconf 80' lang='lat' dir='ltr'>CXL.</span> 
     </span>
    </p>
   </div>
   <div class='ocr_carea' id='block_1_92' title="bbox 1956 3151 3654 3223">
    <p class='ocr_par' dir='ltr' id='par_1_92' title="bbox 1956 3151 3654 3223">
     <span class='ocr_line' id='line_1_92' title="bbox 1956 3151 3654 3223; baseline -0.002 -16"><span class='ocrx_word' id='word_1_612' title='bbox 1956 3155 2185 3207; x_wconf 87' lang='lat' dir='ltr'>tertiam</span> <span class='ocrx_word' id='word_1_613' title='bbox 2222 3154 2424 3206; x_wconf 89' lang='lat' dir='ltr'>horam</span> <span class='ocrx_word' id='word_1_614' title='bbox 2482 3153 2670 3207; x_wconf 90' lang='lat' dir='ltr'>subito</span> <span class='ocrx_word' id='word_1_615' title='bbox 2705 3152 3044 3223; x_wconf 89' lang='lat' dir='ltr'>palpitando</span> <span class='ocrx_word' id='word_1_616' title='bbox 3076 3169 3135 3206; x_wconf 90' lang='lat' dir='ltr'>se</span> <span class='ocrx_word' id='word_1_617' title='bbox 3174 3152 3345 3222; x_wconf 68' lang='lat' dir='ltr'>coepit</span> <span class='ocrx_word' id='word_1_618' title='bbox 3396 3151 3654 3204; x_wconf 86' lang='lat' dir='ltr'>volutare</span> 
     </span>
    </p>
   </div>
   <div class='ocr_carea' id='block_1_93' title="bbox 1959 3238 3655 3312">
    <p class='ocr_par' dir='ltr' id='par_1_93' title="bbox 1959 3238 3655 3312">
     <span class='ocr_line' id='line_1_93' title="bbox 1959 3238 3655 3312; baseline -0.002 -17"><span class='ocrx_word' id='word_1_619' title='bbox 1959 3242 2019 3295; x_wconf 85' lang='lat' dir='ltr'>in</span> <span class='ocrx_word' id='word_1_620' title='bbox 2082 3244 2411 3312; x_wconf 89' lang='lat' dir='ltr'>pavimento</span> <span class='ocrx_word' id='word_1_621' title='bbox 2472 3246 2527 3294; x_wconf 91' lang='lat' dir='ltr'>et</span> <span class='ocrx_word' id='word_1_622' title='bbox 2601 3242 2968 3310; x_wconf 89' lang='lat' dir='ltr'>protendere,</span> <span class='ocrx_word' id='word_1_623' title='bbox 3037 3247 3093 3294; x_wconf 91' lang='lat' dir='ltr'>et</span> <span class='ocrx_word' id='word_1_624' title='bbox 3144 3240 3473 3304; x_wconf 89' lang='lat' dir='ltr'>scabellula,</span> <span class='ocrx_word' id='word_1_625' title='bbox 3533 3238 3655 3292; x_wconf 87' lang='lat' dir='ltr'>sine</span> 
     </span>
    </p>
   </div>
   <div class='ocr_carea' id='block_1_94' title="bbox 1962 3327 3657 3400">
    <p class='ocr_par' dir='ltr' id='par_1_94' title="bbox 1962 3327 3657 3400">
     <span class='ocr_line' id='line_1_94' title="bbox 1962 3327 3657 3400; baseline -0.002 -18"><span class='ocrx_word' id='word_1_626' title='bbox 1962 3330 2168 3400; x_wconf 85' lang='lat' dir='ltr'>quibus</span> <span class='ocrx_word' id='word_1_627' title='bbox 2223 3345 2524 3399; x_wconf 85' lang='lat' dir='ltr'>nunquam</span> <span class='ocrx_word' id='word_1_628' title='bbox 2586 3347 2645 3383; x_wconf 91' lang='lat' dir='ltr'>se</span> <span class='ocrx_word' id='word_1_629' title='bbox 2679 3330 2749 3383; x_wconf 89' lang='lat' dir='ltr'>de</span> <span class='ocrx_word' id='word_1_630' title='bbox 2808 3330 2931 3383; x_wconf 86' lang='lat' dir='ltr'>loco</span> <span class='ocrx_word' id='word_1_631' title='bbox 2961 3329 3269 3382; x_wconf 89' lang='lat' dir='ltr'>transferre</span> <span class='ocrx_word' id='word_1_632' title='bbox 3329 3327 3535 3397; x_wconf 88' lang='lat' dir='ltr'>potuit,</span> <span class='ocrx_word' id='word_1_633' title='bbox 3594 3341 3657 3379; x_wconf 90' lang='lat' dir='ltr'>ac</span> 
     </span>
    </p>
   </div>
   <div class='ocr_carea' id='block_1_95' title="bbox 1962 3415 3658 3485">
    <p class='ocr_par' dir='ltr' id='par_1_95' title="bbox 1962 3415 3658 3485">
     <span class='ocr_line' id='line_1_95' title="bbox 1962 3415 3658 3485; baseline -0.002 -14"><span class='ocrx_word' id='word_1_634' title='bbox 1962 3418 2007 3471; x_wconf 89' lang='lat' dir='ltr'>si</span> <span class='ocrx_word' id='word_1_635' title='bbox 2043 3416 2316 3470; x_wconf 90' lang='lat' dir='ltr'>divinitus</span> <span class='ocrx_word' id='word_1_636' title='bbox 2371 3434 2402 3470; x_wconf 91' lang='lat' dir='ltr'>e</span> <span class='ocrx_word' id='word_1_637' title='bbox 2450 3418 2717 3471; x_wconf 90' lang='lat' dir='ltr'>manibus</span> <span class='ocrx_word' id='word_1_638' title='bbox 2751 3418 2963 3483; x_wconf 90' lang='lat' dir='ltr'>evulsa,</span> <span class='ocrx_word' id='word_1_639' title='bbox 3014 3421 3143 3469; x_wconf 89' lang='lat' dir='ltr'>ante</span> <span class='ocrx_word' id='word_1_640' title='bbox 3193 3416 3369 3469; x_wconf 89' lang='lat' dir='ltr'>altare</span> <span class='ocrx_word' id='word_1_641' title='bbox 3400 3415 3658 3485; x_wconf 88' lang='lat' dir='ltr'>projecta</span> 
     </span>
    </p>
   </div>
   <div class='ocr_carea' id='block_1_96' title="bbox 1965 3503 3658 3574">
    <p class='ocr_par' dir='ltr' id='par_1_96' title="bbox 1965 3503 3658 3574">
     <span class='ocr_line' id='line_1_96' title="bbox 1965 3503 3658 3574; baseline -0.002 -16"><span class='ocrx_word' id='word_1_642' title='bbox 1965 3510 2114 3559; x_wconf 89' lang='lat' dir='ltr'>sunt.</span> <span class='ocrx_word' id='word_1_643' title='bbox 2143 3504 2345 3574; x_wconf 89' lang='lat' dir='ltr'>Sicque</span> <span class='ocrx_word' id='word_1_644' title='bbox 2387 3504 2660 3557; x_wconf 88' lang='lat' dir='ltr'>membris</span> <span class='ocrx_word' id='word_1_645' title='bbox 2692 3504 2961 3557; x_wconf 89' lang='lat' dir='ltr'>omnibus</span> <span class='ocrx_word' id='word_1_646' title='bbox 3019 3503 3381 3557; x_wconf 89' lang='lat' dir='ltr'>consolidatis</span> <span class='ocrx_word' id='word_1_647' title='bbox 3437 3506 3658 3557; x_wconf 89' lang='lat' dir='ltr'>erectus</span> 
     </span>
    </p>
   </div>
   <div class='ocr_carea' id='block_1_97' title="bbox 1967 3590 3660 3661">
    <p class='ocr_par' dir='ltr' id='par_1_97' title="bbox 1967 3590 3660 3661">
     <span class='ocr_line' id='line_1_97' title="bbox 1967 3590 3660 3661; baseline -0.002 -14"><span class='ocrx_word' id='word_1_648' title='bbox 1967 3593 2296 3661; x_wconf 87' lang='lat' dir='ltr'>ambulavit,</span> <span class='ocrx_word' id='word_1_649' title='bbox 2344 3597 2402 3646; x_wconf 93' lang='lat' dir='ltr'>et</span> <span class='ocrx_word' id='word_1_650' title='bbox 2456 3593 2852 3646; x_wconf 90' lang='lat' dir='ltr'>convalescens</span> <span class='ocrx_word' id='word_1_651' title='bbox 2918 3592 2979 3645; x_wconf 90' lang='lat' dir='ltr'>in</span> <span class='ocrx_word' id='word_1_652' title='bbox 3035 3592 3233 3646; x_wconf 91' lang='lat' dir='ltr'>eadem</span> <span class='ocrx_word' id='word_1_653' title='bbox 3292 3591 3527 3645; x_wconf 89' lang='lat' dir='ltr'>ecclesia</span> <span class='ocrx_word' id='word_1_654' title='bbox 3585 3590 3660 3644; x_wconf 92' lang='lat' dir='ltr'>ad</span> 
     </span>
    </p>
   </div>
   <div class='ocr_carea' id='block_1_98' title="bbox 1965 3678 3658 3751">
    <p class='ocr_par' dir='ltr' id='par_1_98' title="bbox 1965 3678 3658 3751">
     <span class='ocr_line' id='line_1_98' title="bbox 1965 3678 3658 3751; baseline -0.001 -16"><span class='ocrx_word' id='word_1_655' title='bbox 1965 3681 2086 3735; x_wconf 92' lang='lat' dir='ltr'>dies</span> <span class='ocrx_word' id='word_1_656' title='bbox 2125 3681 2256 3735; x_wconf 73' lang='lat' dir='ltr'>vitze</span> <span class='ocrx_word' id='word_1_657' title='bbox 2289 3697 2406 3734; x_wconf 58' lang='lat' dir='ltr'>sua).</span> <span class='ocrx_word' id='word_1_658' title='bbox 2445 3680 2667 3735; x_wconf 85' lang='lat' dir='ltr'>validus</span> <span class='ocrx_word' id='word_1_659' title='bbox 2698 3685 2751 3734; x_wconf 90' lang='lat' dir='ltr'>et</span> <span class='ocrx_word' id='word_1_660' title='bbox 2781 3679 3084 3734; x_wconf 90' lang='lat' dir='ltr'>incolumis</span> <span class='ocrx_word' id='word_1_661' title='bbox 3125 3683 3253 3751; x_wconf 90' lang='lat' dir='ltr'>post</span> <span class='ocrx_word' id='word_1_662' title='bbox 3284 3679 3519 3733; x_wconf 92' lang='lat' dir='ltr'>modum</span> <span class='ocrx_word' id='word_1_663' title='bbox 3559 3678 3658 3733; x_wconf 90' lang='lat' dir='ltr'>ad-</span> 
     </span>
    </p>
   </div>
   <div class='ocr_carea' id='block_1_99' title="bbox 1968 3769 2333 3824">
    <p class='ocr_par' dir='ltr' id='par_1_99' title="bbox 1968 3769 2333 3824">
     <span class='ocr_line' id='line_1_99' title="bbox 1968 3769 2333 3824; baseline -0.003 0"><span class='ocrx_word' id='word_1_664' title='bbox 1968 3769 2333 3824; x_wconf 90' lang='lat' dir='ltr'>ministravit.</span> 
     </span>
    </p>
   </div>
   <div class='ocr_carea' id='block_1_100' title="bbox 2044 3856 3665 3927">
    <p class='ocr_par' dir='ltr' id='par_1_100' title="bbox 2044 3856 3665 3927">
     <span class='ocr_line' id='line_1_100' title="bbox 2044 3856 3665 3927; baseline -0.001 -15"><span class='ocrx_word' id='word_1_665' title='bbox 2044 3861 2128 3913; x_wconf 85' lang='grc'>13.</span> <span class='ocrx_word' id='word_1_666' title='bbox 2158 3859 2341 3912; x_wconf 86' lang='lat' dir='ltr'>Allata</span> <span class='ocrx_word' id='word_1_667' title='bbox 2371 3861 2459 3912; x_wconf 89' lang='lat' dir='ltr'>est</span> <span class='ocrx_word' id='word_1_668' title='bbox 2506 3858 2576 3912; x_wconf 89' lang='lat' dir='ltr'>ad</span> <span class='ocrx_word' id='word_1_669' title='bbox 2594 3858 2747 3912; x_wconf 91' lang='lat' dir='ltr'>idem</span> <span class='ocrx_word' id='word_1_670' title='bbox 2785 3857 3206 3912; x_wconf 87' lang='lat' dir='ltr'>monasterium</span> <span class='ocrx_word' id='word_1_671' title='bbox 3237 3856 3503 3927; x_wconf 64' lang='lat' dir='ltr'>quaedam</span> <span class='ocrx_word' id='word_1_672' title='bbox 3537 3871 3665 3911; x_wconf 92' lang='lat' dir='ltr'>mu-</span> 
     </span>
    </p>
   </div>
   <div class='ocr_carea' id='block_1_101' title="bbox 1971 3946 3669 4020">
    <p class='ocr_par' dir='ltr' id='par_1_101' title="bbox 1971 3946 3669 4020">
     <span class='ocr_line' id='line_1_101' title="bbox 1971 3946 3669 4020; baseline -0.002 -17"><span class='ocrx_word' id='word_1_673' title='bbox 1971 3950 2097 4017; x_wconf 89' lang='lat' dir='ltr'>lier,</span> <span class='ocrx_word' id='word_1_674' title='bbox 2129 3950 2362 4004; x_wconf 91' lang='lat' dir='ltr'>nomine</span> <span class='ocrx_word' id='word_1_675' title='bbox 2393 3948 2800 4020; x_wconf 84' lang='lat' dir='ltr'>Reginsundis,</span> <span class='ocrx_word' id='word_1_676' title='bbox 2831 3949 2911 4002; x_wconf 92' lang='lat' dir='ltr'>ita</span> <span class='ocrx_word' id='word_1_677' title='bbox 2942 3948 3217 4003; x_wconf 90' lang='lat' dir='ltr'>membris</span> <span class='ocrx_word' id='word_1_678' title='bbox 3257 3947 3525 4002; x_wconf 89' lang='lat' dir='ltr'>omnibus</span> <span class='ocrx_word' id='word_1_679' title='bbox 3563 3946 3669 4001; x_wconf 90' lang='lat' dir='ltr'>de-</span> 
     </span>
    </p>
   </div>
   <div class='ocr_carea' id='block_1_102' title="bbox 1974 4033 3668 4106">
    <p class='ocr_par' dir='ltr' id='par_1_102' title="bbox 1974 4033 3668 4106">
     <span class='ocr_line' id='line_1_102' title="bbox 1974 4033 3668 4106; baseline -0.004 -14"><span class='ocrx_word' id='word_1_680' title='bbox 1974 4038 2213 4106; x_wconf 87' lang='lat' dir='ltr'>bilitata,</span> <span class='ocrx_word' id='word_1_681' title='bbox 2246 4042 2311 4091; x_wconf 94' lang='lat' dir='ltr'>ut</span> <span class='ocrx_word' id='word_1_682' title='bbox 2360 4037 2474 4090; x_wconf 90' lang='lat' dir='ltr'>nisi</span> <span class='ocrx_word' id='word_1_683' title='bbox 2523 4042 2621 4091; x_wconf 91' lang='lat' dir='ltr'>aut</span> <span class='ocrx_word' id='word_1_684' title='bbox 2650 4036 2911 4090; x_wconf 88' lang='lat' dir='ltr'>vehiculo</span> <span class='ocrx_word' id='word_1_685' title='bbox 2954 4036 3177 4090; x_wconf 91' lang='lat' dir='ltr'>duobus</span> <span class='ocrx_word' id='word_1_686' title='bbox 3208 4040 3307 4089; x_wconf 91' lang='lat' dir='ltr'>aut</span> <span class='ocrx_word' id='word_1_687' title='bbox 3347 4051 3473 4090; x_wconf 91' lang='lat' dir='ltr'>eam</span> <span class='ocrx_word' id='word_1_688' title='bbox 3505 4033 3668 4088; x_wconf 89' lang='lat' dir='ltr'>inﬂe-</span> 
     </span>
    </p>
   </div>
   <div class='ocr_carea' id='block_1_103' title="bbox 1975 4124 3672 4195">
    <p class='ocr_par' dir='ltr' id='par_1_103' title="bbox 1975 4124 3672 4195">
     <span class='ocr_line' id='line_1_103' title="bbox 1975 4124 3672 4195; baseline -0.004 -14"><span class='ocrx_word' id='word_1_689' title='bbox 1975 4127 2059 4181; x_wconf 82' lang='lat' dir='ltr'>xis</span> <span class='ocrx_word' id='word_1_690' title='bbox 2107 4128 2258 4180; x_wconf 89' lang='lat' dir='ltr'>inter</span> <span class='ocrx_word' id='word_1_691' title='bbox 2290 4142 2349 4180; x_wconf 92' lang='lat' dir='ltr'>se</span> <span class='ocrx_word' id='word_1_692' title='bbox 2394 4125 2641 4179; x_wconf 90' lang='lat' dir='ltr'>brachiis</span> <span class='ocrx_word' id='word_1_693' title='bbox 2687 4124 3051 4195; x_wconf 89' lang='lat' dir='ltr'>portantibus</span> <span class='ocrx_word' id='word_1_694' title='bbox 3090 4124 3248 4177; x_wconf 89' lang='lat' dir='ltr'>nullo</span> <span class='ocrx_word' id='word_1_695' title='bbox 3281 4124 3449 4177; x_wconf 91' lang='lat' dir='ltr'>modo</span> <span class='ocrx_word' id='word_1_696' title='bbox 3488 4127 3672 4175; x_wconf 88' lang='lat' dir='ltr'>trans-</span> 
     </span>
    </p>
   </div>
   <div class='ocr_carea' id='block_1_104' title="bbox 1976 4215 3674 4285">
    <p class='ocr_par' dir='ltr' id='par_1_104' title="bbox 1976 4215 3674 4285">
     <span class='ocr_line' id='line_1_104' title="bbox 1976 4215 3674 4285; baseline -0.004 -15"><span class='ocrx_word' id='word_1_697' title='bbox 1976 4217 2115 4270; x_wconf 91' lang='lat' dir='ltr'>ferri</span> <span class='ocrx_word' id='word_1_698' title='bbox 2155 4216 2383 4285; x_wconf 85' lang='lat' dir='ltr'>uspiam</span> <span class='ocrx_word' id='word_1_699' title='bbox 2414 4215 2711 4284; x_wconf 88' lang='lat' dir='ltr'>potuisset.</span> <span class='ocrx_word' id='word_1_700' title='bbox 2759 4215 2896 4278; x_wconf 81' lang='lat' dir='ltr'>Quae</span> <span class='ocrx_word' id='word_1_701' title='bbox 2927 4218 3059 4268; x_wconf 90' lang='lat' dir='ltr'>ante</span> <span class='ocrx_word' id='word_1_702' title='bbox 3093 4215 3293 4280; x_wconf 89' lang='lat' dir='ltr'>altare,</span> <span class='ocrx_word' id='word_1_703' title='bbox 3337 4228 3511 4283; x_wconf 90' lang='lat' dir='ltr'>super</span> <span class='ocrx_word' id='word_1_704' title='bbox 3560 4227 3674 4282; x_wconf 91' lang='lat' dir='ltr'>quo</span> 
     </span>
    </p>
   </div>
   <div class='ocr_carea' id='block_1_105' title="bbox 1978 4300 3675 4374">
    <p class='ocr_par' dir='ltr' id='par_1_105' title="bbox 1978 4300 3675 4374">
     <span class='ocr_line' id='line_1_105' title="bbox 1978 4300 3675 4374; baseline -0.004 -17"><span class='ocrx_word' id='word_1_705' title='bbox 1978 4303 2218 4374; x_wconf 88' lang='lat' dir='ltr'>virginis</span> <span class='ocrx_word' id='word_1_706' title='bbox 2254 4302 2532 4357; x_wconf 90' lang='lat' dir='ltr'>feretrum</span> <span class='ocrx_word' id='word_1_707' title='bbox 2562 4302 2982 4370; x_wconf 82' lang='lat' dir='ltr'>continebatur,</span> <span class='ocrx_word' id='word_1_708' title='bbox 3017 4319 3047 4355; x_wconf 91' lang='lat' dir='ltr'>a</span> <span class='ocrx_word' id='word_1_709' title='bbox 3095 4301 3212 4355; x_wconf 91' lang='lat' dir='ltr'>suis</span> <span class='ocrx_word' id='word_1_710' title='bbox 3256 4300 3533 4371; x_wconf 87' lang='lat' dir='ltr'>exposita,</span> <span class='ocrx_word' id='word_1_711' title='bbox 3586 4314 3675 4352; x_wconf 89' lang='lat' dir='ltr'>ce-</span> 
     </span>
    </p>
   </div>
   <div class='ocr_carea' id='block_1_106' title="bbox 1982 4387 3678 4460">
    <p class='ocr_par' dir='ltr' id='par_1_106' title="bbox 1982 4387 3678 4460">
     <span class='ocr_line' id='line_1_106' title="bbox 1982 4387 3678 4460; baseline -0.004 -15"><span class='ocrx_word' id='word_1_712' title='bbox 1982 4390 2275 4446; x_wconf 86' lang='lat' dir='ltr'>lerrimam</span> <span class='ocrx_word' id='word_1_713' title='bbox 2336 4389 2543 4460; x_wconf 91' lang='lat' dir='ltr'>adepta</span> <span class='ocrx_word' id='word_1_714' title='bbox 2598 4394 2684 4443; x_wconf 91' lang='lat' dir='ltr'>est</span> <span class='ocrx_word' id='word_1_715' title='bbox 2728 4389 3052 4456; x_wconf 84' lang='lat' dir='ltr'>sanitatem,</span> <span class='ocrx_word' id='word_1_716' title='bbox 3113 4388 3187 4441; x_wconf 90' lang='lat' dir='ltr'>ita</span> <span class='ocrx_word' id='word_1_717' title='bbox 3242 4393 3308 4441; x_wconf 91' lang='lat' dir='ltr'>ut</span> <span class='ocrx_word' id='word_1_718' title='bbox 3356 4387 3479 4441; x_wconf 89' lang='lat' dir='ltr'>sine</span> <span class='ocrx_word' id='word_1_719' title='bbox 3533 4387 3678 4439; x_wconf 90' lang='lat' dir='ltr'>alte-</span> 
     </span>
    </p>
   </div>
   <div class='ocr_carea' id='block_1_107' title="bbox 1980 4476 3680 4549">
    <p class='ocr_par' dir='ltr' id='par_1_107' title="bbox 1980 4476 3680 4549">
     <span class='ocr_line' id='line_1_107' title="bbox 1980 4476 3680 4549; baseline -0.004 -16"><span class='ocrx_word' id='word_1_720' title='bbox 1980 4480 2101 4534; x_wconf 89' lang='lat' dir='ltr'>rius</span> <span class='ocrx_word' id='word_1_721' title='bbox 2133 4480 2307 4534; x_wconf 89' lang='lat' dir='ltr'>ductu</span> <span class='ocrx_word' id='word_1_722' title='bbox 2327 4494 2432 4549; x_wconf 88' lang='lat' dir='ltr'>per</span> <span class='ocrx_word' id='word_1_723' title='bbox 2453 4494 2511 4533; x_wconf 89' lang='lat' dir='ltr'>se</span> <span class='ocrx_word' id='word_1_724' title='bbox 2529 4478 2939 4545; x_wconf 83' lang='lat' dir='ltr'>efficacissime,</span> <span class='ocrx_word' id='word_1_725' title='bbox 2965 4492 3309 4549; x_wconf 91' lang='lat' dir='ltr'>quocunque</span> <span class='ocrx_word' id='word_1_726' title='bbox 3334 4476 3525 4540; x_wconf 90' lang='lat' dir='ltr'>vellet,</span> <span class='ocrx_word' id='word_1_727' title='bbox 3548 4490 3680 4545; x_wconf 90' lang='lat' dir='ltr'>per-</span> 
     </span>
    </p>
   </div>
   <div class='ocr_carea' id='block_1_108' title="bbox 1984 4562 3683 4637">
    <p class='ocr_par' dir='ltr' id='par_1_108' title="bbox 1984 4562 3683 4637">
     <span class='ocr_line' id='line_1_108' title="bbox 1984 4562 3683 4637; baseline -0.004 -15"><span class='ocrx_word' id='word_1_728' title='bbox 1984 4573 2164 4637; x_wconf 88' lang='lat' dir='ltr'>geret,</span> <span class='ocrx_word' id='word_1_729' title='bbox 2198 4569 2390 4622; x_wconf 87' lang='lat' dir='ltr'>Jesum</span> <span class='ocrx_word' id='word_1_730' title='bbox 2423 4567 2711 4622; x_wconf 90' lang='lat' dir='ltr'>Christum</span> <span class='ocrx_word' id='word_1_731' title='bbox 2754 4571 2811 4619; x_wconf 88' lang='lat' dir='ltr'>et</span> <span class='ocrx_word' id='word_1_732' title='bbox 2841 4582 3010 4619; x_wconf 85' lang='lat' dir='ltr'>sacrae</span> <span class='ocrx_word' id='word_1_733' title='bbox 3056 4565 3294 4635; x_wconf 79' lang='lat' dir='ltr'>virginis</span> <span class='ocrx_word' id='word_1_734' title='bbox 3356 4562 3683 4633; x_wconf 73' lang='lat' dir='ltr'>glorificans</span> 
     </span>
    </p>
   </div>
   <div class='ocr_carea' id='block_1_109' title="bbox 1987 4656 2214 4709">
    <p class='ocr_par' dir='ltr' id='par_1_109' title="bbox 1987 4656 2214 4709">
     <span class='ocr_line' id='line_1_109' title="bbox 1987 4656 2214 4709; baseline -0.004 0"><span class='ocrx_word' id='word_1_735' title='bbox 1987 4656 2214 4709; x_wconf 90' lang='lat' dir='ltr'>merita.</span> 
     </span>
    </p>
   </div>
   <div class='ocr_carea' id='block_1_110' title="bbox 2065 4738 3686 4809">
    <p class='ocr_par' dir='ltr' id='par_1_110' title="bbox 2065 4738 3686 4809">
     <span class='ocr_line' id='line_1_110' title="bbox 2065 4738 3686 4809; baseline -0.004 -13"><span class='ocrx_word' id='word_1_736' title='bbox 2065 4742 2146 4796; x_wconf 81' lang='grc'>14.</span> <span class='ocrx_word' id='word_1_737' title='bbox 2207 4741 2478 4805; x_wconf 61' lang='lat' dir='ltr'>Quaedam</span> <span class='ocrx_word' id='word_1_738' title='bbox 2542 4740 2713 4796; x_wconf 87' lang='lat' dir='ltr'>etiam</span> <span class='ocrx_word' id='word_1_739' title='bbox 2774 4740 2982 4794; x_wconf 88' lang='lat' dir='ltr'>mulier</span> <span class='ocrx_word' id='word_1_740' title='bbox 3034 4738 3104 4794; x_wconf 92' lang='lat' dir='ltr'>de</span> <span class='ocrx_word' id='word_1_741' title='bbox 3158 4739 3294 4793; x_wconf 92' lang='lat' dir='ltr'>villa</span> <span class='ocrx_word' id='word_1_742' title='bbox 3348 4742 3686 4809; x_wconf 89' lang='lat' dir='ltr'>nuncupata</span> 
     </span>
    </p>
   </div>
   <div class='ocr_carea' id='block_1_111' title="bbox 1988 4826 3689 4899">
    <p class='ocr_par' dir='ltr' id='par_1_111' title="bbox 1988 4826 3689 4899">
     <span class='ocr_line' id='line_1_111' title="bbox 1988 4826 3689 4899; baseline -0.003 -16"><span class='ocrx_word' id='word_1_743' title='bbox 1988 4830 2306 4897; x_wconf 89' lang='lat' dir='ltr'>Stofohem,</span> <span class='ocrx_word' id='word_1_744' title='bbox 2376 4828 2651 4883; x_wconf 90' lang='lat' dir='ltr'>vocabulo</span> <span class='ocrx_word' id='word_1_745' title='bbox 2707 4828 2898 4899; x_wconf 85' lang='lat' dir='ltr'>Geyla,</span> <span class='ocrx_word' id='word_1_746' title='bbox 2956 4842 3087 4881; x_wconf 91' lang='lat' dir='ltr'>cum</span> <span class='ocrx_word' id='word_1_747' title='bbox 3145 4828 3465 4883; x_wconf 88' lang='lat' dir='ltr'>advenisset</span> <span class='ocrx_word' id='word_1_748' title='bbox 3512 4826 3689 4881; x_wconf 85' lang='lat' dir='ltr'>festus</span> 
     </span>
    </p>
   </div>
   <div class='ocr_carea' id='block_1_112' title="bbox 1990 4914 3691 4981">
    <p class='ocr_par' dir='ltr' id='par_1_112' title="bbox 1990 4914 3691 4981">
     <span class='ocr_line' id='line_1_112' title="bbox 1990 4914 3691 4981; baseline -0.003 -9"><span class='ocrx_word' id='word_1_749' title='bbox 1990 4917 2368 4972; x_wconf 89' lang='lat' dir='ltr'>dedicationis</span> <span class='ocrx_word' id='word_1_750' title='bbox 2423 4916 2577 4972; x_wconf 88' lang='lat' dir='ltr'>illius</span> <span class='ocrx_word' id='word_1_751' title='bbox 2634 4916 2883 4971; x_wconf 72' lang='lat' dir='ltr'>ecclesiae</span> <span class='ocrx_word' id='word_1_752' title='bbox 2945 4933 3169 4970; x_wconf 90' lang='lat' dir='ltr'>annuus</span> <span class='ocrx_word' id='word_1_753' title='bbox 3239 4916 3378 4981; x_wconf 90' lang='lat' dir='ltr'>dies,</span> <span class='ocrx_word' id='word_1_754' title='bbox 3422 4914 3691 4969; x_wconf 91' lang='lat' dir='ltr'>omnibus</span> 
     </span>
    </p>
   </div>
   <div class='ocr_carea' id='block_1_113' title="bbox 1994 5001 3693 5075">
    <p class='ocr_par' dir='ltr' id='par_1_113' title="bbox 1994 5001 3693 5075">
     <span class='ocr_line' id='line_1_113' title="bbox 1994 5001 3693 5075; baseline -0.004 -14"><span class='ocrx_word' id='word_1_755' title='bbox 1994 5008 2052 5061; x_wconf 89' lang='lat' dir='ltr'>in</span> <span class='ocrx_word' id='word_1_756' title='bbox 2108 5006 2208 5059; x_wconf 91' lang='lat' dir='ltr'>illa</span> <span class='ocrx_word' id='word_1_757' title='bbox 2262 5005 2499 5075; x_wconf 89' lang='lat' dir='ltr'>regione</span> <span class='ocrx_word' id='word_1_758' title='bbox 2549 5004 3079 5074; x_wconf 85' lang='lat' dir='ltr'>solemnizantibus,</span> <span class='ocrx_word' id='word_1_759' title='bbox 3143 5005 3243 5057; x_wconf 91' lang='lat' dir='ltr'>illa</span> <span class='ocrx_word' id='word_1_760' title='bbox 3299 5005 3415 5057; x_wconf 90' lang='lat' dir='ltr'>sola</span> <span class='ocrx_word' id='word_1_761' title='bbox 3467 5001 3693 5074; x_wconf 89' lang='lat' dir='ltr'>procaci</span> 
     </span>
    </p>
   </div>
   <div class='ocr_carea' id='block_1_114' title="bbox 1995 5091 3693 5163">
    <p class='ocr_par' dir='ltr' id='par_1_114' title="bbox 1995 5091 3693 5163">
     <span class='ocr_line' id='line_1_114' title="bbox 1995 5091 3693 5163; baseline -0.003 -15"><span class='ocrx_word' id='word_1_762' title='bbox 1995 5093 2189 5148; x_wconf 89' lang='lat' dir='ltr'>animo</span> <span class='ocrx_word' id='word_1_763' title='bbox 2220 5093 2665 5163; x_wconf 87' lang='lat' dir='ltr'>parvipendcns,</span> <span class='ocrx_word' id='word_1_764' title='bbox 2720 5110 2882 5148; x_wconf 90' lang='lat' dir='ltr'>suam</span> <span class='ocrx_word' id='word_1_765' title='bbox 2934 5094 3189 5163; x_wconf 88' lang='lat' dir='ltr'>ingressa</span> <span class='ocrx_word' id='word_1_766' title='bbox 3245 5098 3330 5145; x_wconf 90' lang='lat' dir='ltr'>est</span> <span class='ocrx_word' id='word_1_767' title='bbox 3386 5091 3693 5145; x_wconf 90' lang='lat' dir='ltr'>hiemalem</span> 
     </span>
    </p>
   </div>
   <div class='ocr_carea' id='block_1_115' title="bbox 1997 5178 3696 5252">
    <p class='ocr_par' dir='ltr' id='par_1_115' title="bbox 1997 5178 3696 5252">
     <span class='ocr_line' id='line_1_115' title="bbox 1997 5178 3696 5252; baseline -0.004 -15"><span class='ocrx_word' id='word_1_768' title='bbox 1997 5188 2181 5237; x_wconf 89' lang='lat' dir='ltr'>zetam</span> <span class='ocrx_word' id='word_1_769' title='bbox 2236 5186 2293 5235; x_wconf 89' lang='lat' dir='ltr'>et</span> <span class='ocrx_word' id='word_1_770' title='bbox 2331 5181 2749 5248; x_wconf 90' lang='lat' dir='ltr'>curciboldum,</span> <span class='ocrx_word' id='word_1_771' title='bbox 2810 5198 2989 5252; x_wconf 86' lang='lat' dir='ltr'>quem</span> <span class='ocrx_word' id='word_1_772' title='bbox 3039 5181 3111 5235; x_wconf 88' lang='lat' dir='ltr'>ad</span> <span class='ocrx_word' id='word_1_773' title='bbox 3167 5180 3477 5234; x_wconf 82' lang='lat' dir='ltr'>texendum</span> <span class='ocrx_word' id='word_1_774' title='bbox 3535 5178 3696 5249; x_wconf 91' lang='lat' dir='ltr'>prius</span> 
     </span>
    </p>
   </div>
   <div class='ocr_carea' id='block_1_116' title="bbox 1999 5268 3694 5339">
    <p class='ocr_par' dir='ltr' id='par_1_116' title="bbox 1999 5268 3694 5339">
     <span class='ocr_line' id='line_1_116' title="bbox 1999 5268 3694 5339; baseline -0.002 -14"><span class='ocrx_word' id='word_1_775' title='bbox 1999 5276 2248 5325; x_wconf 90' lang='lat' dir='ltr'>erectum</span> <span class='ocrx_word' id='word_1_776' title='bbox 2270 5269 2489 5330; x_wconf 88' lang='lat' dir='ltr'>habuit,</span> <span class='ocrx_word' id='word_1_777' title='bbox 2516 5270 2676 5323; x_wconf 84' lang='lat' dir='ltr'>ﬂexis</span> <span class='ocrx_word' id='word_1_778' title='bbox 2699 5271 2872 5339; x_wconf 67' lang='lat' dir='ltr'>coepit</span> <span class='ocrx_word' id='word_1_779' title='bbox 2892 5276 3079 5323; x_wconf 88' lang='lat' dir='ltr'>texere</span> <span class='ocrx_word' id='word_1_780' title='bbox 3110 5268 3367 5339; x_wconf 87' lang='lat' dir='ltr'>digitulis</span> <span class='ocrx_word' id='word_1_781' title='bbox 3418 5269 3694 5333; x_wconf 75' lang='lat' dir='ltr'>dexterae;</span> 
     </span>
    </p>
   </div>
   <div class='ocr_carea' id='block_1_117' title="bbox 2002 5356 3701 5427">
    <p class='ocr_par' dir='ltr' id='par_1_117' title="bbox 2002 5356 3701 5427">
     <span class='ocr_line' id='line_1_117' title="bbox 2002 5356 3701 5427; baseline -0.005 -11"><span class='ocrx_word' id='word_1_782' title='bbox 2002 5361 2100 5416; x_wconf 89' lang='lat' dir='ltr'>sed</span> <span class='ocrx_word' id='word_1_783' title='bbox 2130 5375 2259 5413; x_wconf 92' lang='lat' dir='ltr'>cum</span> <span class='ocrx_word' id='word_1_784' title='bbox 2296 5357 2515 5412; x_wconf 89' lang='lat' dir='ltr'>duabus</span> <span class='ocrx_word' id='word_1_785' title='bbox 2562 5358 2778 5412; x_wconf 87' lang='lat' dir='ltr'>vicibus</span> <span class='ocrx_word' id='word_1_786' title='bbox 2810 5374 2878 5411; x_wconf 82' lang='lat' dir='ltr'>ex</span> <span class='ocrx_word' id='word_1_787' title='bbox 2910 5357 3022 5427; x_wconf 86' lang='lat'>(60)</span> <span class='ocrx_word' id='word_1_788' title='bbox 3062 5356 3301 5427; x_wconf 89' lang='lat' dir='ltr'>glomite</span> <span class='ocrx_word' id='word_1_789' title='bbox 3334 5356 3449 5411; x_wconf 88' lang='lat' dir='ltr'>sive</span> <span class='ocrx_word' id='word_1_790' title='bbox 3480 5362 3701 5409; x_wconf 90' lang='lat' dir='ltr'>tramea</span> 
     </span>
    </p>
   </div>
   <div class='ocr_carea' id='block_1_118' title="bbox 2004 5483 3217 5624">
    <p class='ocr_par' dir='ltr' id='par_1_118' title="bbox 2004 5483 3217 5624">
     <span class='ocr_line' id='line_1_118' title="bbox 2004 5483 3217 5624; baseline -0.001 -19"><span class='ocrx_word' id='word_1_791' title='bbox 2004 5483 2191 5624; x_wconf 51' lang='lat' dir='ltr'>lulzlftO)</span> <span class='ocrx_word' id='word_1_792' title='bbox 2223 5550 2604 5617; x_wconf 86' lang='lat' dir='ltr'>Wolfhardus,</span> <span class='ocrx_word' id='word_1_793' title='bbox 2644 5550 2866 5618; x_wconf 79' lang='lat' dir='ltr'>glomice</span> <span class='ocrx_word' id='word_1_794' title='bbox 2889 5565 2982 5605; x_wconf 82' lang='lat' dir='ltr'>seu</span> <span class='ocrx_word' id='word_1_795' title='bbox 3011 5555 3217 5604; x_wconf 84' lang='lat' dir='ltr'>trama.</span> 
     </span>
    </p>
   </div>
   <div class='ocr_carea' id='block_1_119' title="bbox 3312 5732 3392 5791">
    <p class='ocr_par' dir='ltr' id='par_1_119' title="bbox 3312 5732 3392 5791">
     <span class='ocr_line' id='line_1_119' title="bbox 3312 5732 3392 5791; baseline -0.013 0"><span class='ocrx_word' id='word_1_796' title='bbox 3312 5732 3392 5791; x_wconf 73' lang='lat'>35</span> 
     </span>
    </p>
   </div>
  </div>
