3950 6350
291 329 422 383 1099

999 323 1389 381 ADELBOLDI
1426 323 1930 381 TRAJECTENSIS
1969 324 2284 380 EPISCOPI
2328 324 2489 380 VITA
2529 326 2583 380 S.
2627 326 3056 382 WALBURGIS.

3657 331 3789 383 1100

287 479 458 535 quam
493 477 671 515 manu
698 459 929 513 tenebat
972 458 1032 512 in
1061 460 1234 512 telam
1290 463 1708 528 transponeret,
1752 458 1979 512 inhaesit
2018 464 2058 514 A
2091 473 2181 511 me
2214 457 2409 528 potius
2438 474 2611 529 quam
2643 458 2711 511 ab
2734 458 2880 525 aliis,
2903 475 3074 529 quam
3116 458 3423 513 miriﬁcum
3449 459 3540 525 sit,
3585 459 3788 513 audire

287 553 371 605 illi
405 549 725 604 miserrime
749 549 999 601 insertus
1029 547 1224 601 manui
1276 548 1520 618 glomex,
1562 547 1978 601 intumescente

283 645 403 695 toto
435 641 676 703 lacerto;
714 638 806 691 sed
843 653 972 706 quae
1008 637 1308 690 adfuerant
1339 636 1691 690 mulierculae
1718 641 1977 690 tentave-

285 733 422 782 runt
467 728 748 780 inclusum
815 724 923 795 (61)
976 725 1270 796 glomitem
1330 724 1664 794 singillatim
1722 724 1977 778 dissuere

288 818 397 888 (62)
430 815 542 869 filis
573 814 708 882 (63).

359 907 442 958 15.
478 903 717 967 Quidam
747 901 834 954 vir
863 899 1095 954 nomine
1151 900 1557 954 Ercamboldus
1589 900 1827 970 expletis
1852 901 1976 970 jam

283 993 394 1063 (64)
428 992 661 1061 triginta
696 993 911 1058 septem
949 988 1424 1056 hebdomadibus,
1460 989 1598 1042 dum
1627 987 1840 1042 nullius
1888 1005 1977 1059 ge-

284 1081 437 1134 neris
465 1080 589 1132 cibo
633 1079 719 1131 vel
751 1082 890 1148 potu
933 1077 1294 1148 aliquatenus
1351 1077 1500 1130 vesci
1539 1076 1840 1147 potuisset,
1872 1093 1976 1131 nec

281 1176 474 1223 tamen
522 1167 730 1238 pedum
787 1166 1009 1220 incessu
1059 1165 1442 1232 fraudaretur,
1500 1165 1608 1218 nisi
1670 1165 1974 1236 languidus

279 1262 547 1328 pergeret
575 1272 687 1327 quo
716 1256 904 1309 vellet.
952 1256 1196 1308 Tantum
1239 1270 1477 1308 ovorum
1506 1254 1648 1307 raris
1703 1254 1972 1308 meditul-

279 1343 922 1413 1iis,modicissimoque
962 1342 1271 1412 leguminis
1308 1342 1580 1412 suffragio
1629 1342 1718 1395 vix
1749 1342 1969 1412 pendu-

279 1436 393 1489 lam
423 1433 775 1487 refocillabat
817 1432 1017 1485 anxius
1067 1431 1262 1499 vitam,
1310 1447 1514 1501 gerens
1571 1430 1969 1484 macilentissi-

279 1538 438 1576 mum
469 1526 524 1574 et
567 1519 1004 1574 imbecillimum
1046 1535 1177 1572 cum
1207 1519 1322 1572 vita
1353 1519 1460 1573 sibi
1489 1518 1714 1590 ingrata
1763 1535 1970 1589 corpu-

278 1613 521 1676 sculum,
571 1625 674 1662 nec
704 1608 820 1662 vini
871 1609 957 1661 vel
1008 1607 1197 1660 sicerae
1237 1611 1467 1677 gustum
1523 1623 1621 1660 ore
1684 1608 1969 1661 ullatenus

278 1700 610 1768 contingere
656 1697 1061 1750 delectabatur.
1109 1697 1262 1750 Tunc
1299 1694 1408 1748 sibi
1461 1709 1610 1764 aegre
1660 1692 1969 1747 dormienti

277 1803 376 1839 vox
426 1784 636 1839 blanda
673 1800 807 1837 eum
846 1783 926 1836 ita
965 1783 1170 1836 affatur
1205 1799 1217 1836 :
1266 1803 1287 1831 ι
1325 1784 1456 1848 Cur,
1498 1780 1706 1851 inquit,
1757 1780 1973 1833 desidia

279 1877 669 1944 languescens,
731 1871 992 1940 neglecto
1038 1876 1154 1924 tum
1201 1870 1548 1924 valetudinis
1594 1868 1869 1936 remedio,
1903 1869 1971 1923 de

278 1964 372 2016 tua
403 1962 492 2015 via
525 1961 603 2014 sic
636 1960 867 2014 omnino
899 1960 1202 2029 desperas?
1229 1961 1347 2029 Age
1378 1974 1533 2028 ergo,
1560 1957 1713 2028 quod
1765 1973 1970 2011 moneo

271 2048 410 2117 jam,
447 2047 516 2100 de
547 2046 631 2100 tui
661 2050 837 2099 status
867 2044 1302 2115 recuperatione
1334 2059 1587 2112 securus,
1621 2047 1676 2096 et
1724 2041 1796 2096 ad
1844 2058 1970 2096 mo-

276 2135 591 2190 nasterium
632 2134 1002 2188 Mouvenhem
1050 2133 1188 2186 vade
1233 2132 1493 2198 festinus,
1543 2131 1738 2202 ibique
1791 2131 1970 2185 beatae

277 2223 514 2293 virginis
543 2221 763 2276 meritis
805 2221 1182 2290 adjuvaberis.
1234 2221 1492 2291 Cumque
1541 2220 1679 2274 illuc
1730 2218 1971 2272 celerius

279 2329 520 2376 veneris,
581 2311 918 2364 inventurus
963 2326 1022 2363 es
1076 2308 1289 2362 ibidem
1347 2313 1462 2362 tres
1512 2307 1971 2362 sanctimoniales

276 2416 438 2453 secus
475 2400 652 2453 altare
704 2403 922 2451 stantes
970 2413 1098 2467 quae
1141 2397 1251 2468 (ὃὸ)
1277 2396 1380 2450 tibi
1410 2401 1798 2451 consecratum
1849 2412 1972 2449 san-

277 2489 510 2560 guinem
543 2487 774 2542 Domini
807 2487 876 2540 de
910 2486 1083 2540 calice
1111 2485 1539 2556 propinabunt;
1591 2501 1764 2556 quem
1832 2485 1970 2539 dum

278 2580 349 2632 ab
391 2578 504 2631 illis
552 2575 852 2646 acceperis,
905 2591 1035 2628 mox
1090 2575 1294 2629 edendi
1350 2574 1697 2645 bibendique
1757 2573 1970 2644 absque

277 2669 396 2721 ulla
425 2666 784 2720 dubitatione
816 2664 1114 2718 delectatio
1159 2664 1264 2717 tibi
1313 2663 1686 2717 associabitur
1726 2668 1782 2716 et
1835 2679 1965 2733 pro-

278 2755 618 2826 sperabitur.
656 2772 682 2805 »
735 2755 850 2807 Hoc
892 2752 1066 2822 igitur
1095 2751 1488 2806 saluberrimae
1518 2753 1668 2806 vocis
1716 2751 1972 2822 impulsu

278 2845 726 2916 expergefactus,
752 2859 978 2897 summa
999 2859 1126 2897 cum
1158 2841 1446 2896 celeritate
1479 2842 1545 2896 ad
1577 2842 1700 2911 jam
1755 2842 1968 2895 dictum

277 2934 686 2988 monasterium
730 2933 1006 2986 adductus
1035 2933 1138 2997 est,
1164 2931 1263 3001 qui
1305 2930 1422 2983 illic
1474 2931 1544 2984 ab
1594 2930 1852 2984 oratione
1913 2947 1969 2984 se

2091 552 2312 618 oportet
2348 562 2359 601 :
2393 551 2467 615 et,
2505 563 2574 600 ne
2609 563 2698 600 me
2725 547 2934 618 aliquis
2972 547 3227 601 divinam
3267 548 3461 602 fallere
3491 548 3785 602 conscien-

2088 635 2228 689 tiam
2260 635 2401 689 velle
2435 635 2773 705 suspicetur,
2801 640 2977 688 testor
3006 636 3208 702 Deum,
3240 651 3412 706 quem
3430 635 3577 689 nihil
3609 636 3786 689 latere

2089 728 2295 794 potest,
2326 729 2456 777 ante
2495 725 2657 795 cujus
2701 724 2924 790 assisto,
2980 724 3111 778 licet
3157 724 3447 794 indignus,
3477 725 3677 790 altare,
3731 730 3788 778 et

2087 813 2142 867 S.
2186 813 2575 882 Walburgam,
2623 812 2784 883 cujus
2837 811 3083 866 nimium
3127 813 3457 882 compulsus
3513 812 3788 883 suffragia

2085 900 2378 973 requisivi,
2413 917 2503 954 me
2534 900 2678 954 nihil
2735 900 2865 954 ﬁcta
2895 901 2989 954 sed
3021 901 3288 967 veridica,
3334 901 3394 954 in
3451 901 3558 956 hoc
3606 903 3784 954 mira-

2085 990 2233 1057 culo,
2268 991 2593 1043 narratione
2632 990 2966 1052 relaturum,
3015 993 3188 1060 prout
3218 990 3485 1060 possibile
3539 994 3626 1044 est
3675 991 3784 1045 hu-

2085 1094 2273 1132 manae
2301 1078 2616 1150 fragilitati.
2652 1099 2673 1126 ι

2158 1171 2239 1221 17.
2274 1169 2439 1221 Anno
2489 1182 2721 1238 quoque
2772 1166 2880 1237 (66)
2912 1166 3110 1238 priori,
3154 1183 3268 1236 quo
3316 1166 3481 1220 famis
3513 1168 3784 1222 atrocitas

2082 1251 2293 1304 multos
2341 1249 2659 1320 afﬂixerat,§
2686 1251 2926 1319 contigit
2979 1250 3124 1304 duos
3171 1266 3476 1320 pauperes,
3514 1251 3780 1306 eamdem

2081 1339 2248 1392 famis
2280 1339 2646 1393 acerbitatem
2681 1339 2749 1392 de
2780 1339 2906 1393 loco
2951 1339 3022 1392 ad
3059 1339 3268 1406 locum,
3323 1339 3392 1393 de
3434 1340 3676 1410 regione
3709 1341 3784 1395 ad

2082 1428 2377 1498 regionem
2399 1429 2706 1498 confugere
2742 1443 2753 1482 :
2777 1431 2915 1481 tunc
2935 1427 3178 1498 contigit
3208 1427 3514 1498 quemdam
3540 1429 3784 1483 tertium

2081 1517 2148 1570 de
2176 1516 2492 1586 longinqua
2514 1516 2750 1586 regione
2768 1531 3081 1586 pauperem
3112 1516 3223 1569 illis
3255 1515 3519 1569 associari
3550 1534 3563 1570 :
3604 1532 3783 1587 quem

2081 1605 2179 1659 ubi
2237 1606 2325 1658 vel
2377 1605 2526 1660 unde
2579 1610 2849 1676 pergeret
2905 1605 3075 1659 vellet
3145 1605 3637 1674 interrogantibus
3697 1623 3785 1659 re-

2081 1694 2312 1764 spondit
2365 1711 2444 1762 se,
2477 1694 2623 1748 sicut
2657 1695 2852 1764 plures
2899 1695 3041 1748 velle
3067 1693 3364 1763 cognitum
3395 1699 3499 1760 est,
3547 1693 3597 1748 S.
3627 1695 3784 1748 Wal-

2082 1782 2279 1852 burga:
2314 1782 2630 1853 patrocinia
2678 1783 3077 1852 quaesiturum.
3126 1783 3284 1836 Tunc
3331 1781 3414 1835 illi
3447 1797 3493 1835 ιε
3547 1782 3606 1836 Si
3641 1782 3784 1836 illuc

2081 1871 2374 1941 inquiunt,
2407 1871 2581 1925 eundi
2612 1871 2958 1925 desiderium
2989 1876 3096 1940 est,
3127 1871 3334 1924 habeto
3364 1887 3470 1924 nos
3519 1871 3785 1940 ejusdem

2080 1958 2302 2013 itineris
2333 1965 2390 2014 et
2445 1960 2850 2013 consolationis
2899 1959 3209 2025 consocios,
3245 1963 3307 2013 ut
3363 1959 3533 2013 simul
3580 1961 3784 2014 multa:

2079 2047 2521 2118 longinquitatis
2561 2048 2816 2118 pericula
2861 2051 3243 2115 transeuntes,
3296 2047 3510 2101 mutuis
3557 2048 3784 2103 confor-

2079 2140 2270 2190 temur
2301 2136 2548 2190 auxiliis.
2592 2137 2733 2190 Nam
2786 2141 2842 2189 et
2874 2152 2976 2190 nos
3023 2137 3095 2190 ad
3142 2135 3410 2189 eumdem
3453 2136 3642 2190 locum
3695 2136 3784 2191 ire

2080 2225 2468 2296 disponentes,
2531 2224 2712 2279 victus
2765 2225 2960 2295 inopia
3019 2225 3266 2278 nimium
3340 2224 3651 2290 constricti,
3725 2230 3785 2280 et

2081 2314 2266 2368 adhuc
2291 2313 2480 2384 jejuni
2519 2313 2869 2384 gradientes,
2908 2313 2997 2367 vix
3041 2313 3358 2368 vacillando
3407 2330 3604 2385 gressu
3653 2330 3783 2368 am-

2079 2403 2278 2456 bulare
2327 2404 2602 2457 valemus.
2651 2424 2670 2450 ι
2703 2403 2918 2466 Quibus
2950 2401 3189 2472 simplex
3211 2402 3506 2456 conviator
3537 2419 3550 2456 ε
3597 2423 3624 2451 ‹‹
3657 2403 3780 2471 Eia,

2079 2490 2410 2558 confratres,
2464 2491 2674 2561 inquit,
2737 2490 2946 2561 prolixi
3003 2490 3225 2544 itineris
3289 2490 3782 2561 longinquitatem

2080 2579 2322 2633 Domino
2351 2581 2481 2634 Jesu
2538 2577 2762 2633 Christo
2791 2580 3280 2642 commendantes,
3339 2580 3627 2648 angustias
3678 2581 3782 2634 de-

2077 2684 2381 2738 ponamus.
2418 2670 2482 2722 Et
2513 2669 2788 2739 quoniam
2806 2668 3142 2723 meridiana
3173 2668 3551 2738 requietionis
3582 2669 3785 2722 immi-

2079 2761 2177 2810 net
2202 2760 2450 2826 tempus,
2482 2772 2804 2826 quaeramus
2833 2755 2928 2810 ubi
2951 2756 3338 2826 disjejunandi
3367 2756 3787 2828 modicumque

2078 2845 2362 2916 pausandi
2404 2851 2572 2914 aptus
2620 2844 2866 2898 inveniri
2909 2846 3090 2915 possit
3140 2845 3393 2898 locellus.
3434 2866 3454 2891 ι
3515 2845 3638 2908 Quo
3699 2846 3788 2899 in-

2077 2937 2270 2999 vento,
2326 2948 2455 2986 cum
2496 2931 2940 3000 discumberent,
2989 2939 3047 2987 et
3101 2949 3231 2986 cum
3261 2933 3475 3003 priores
3527 2934 3790 2988 consocii

277 3022 505 3092 erigens
532 3020 837 3091 compertis
856 3021 1018 3090 juxta
1051 3020 1224 3072 altare
1255 3019 1439 3072 tribus
1460 3019 1737 3072 matronis
1783 3025 1964 3072 astan-
2005 3033 2044 3087 ε
2080 3021 2223 3075 nihil
2262 3025 2616 3075 commeatus
2656 3037 2849 3075 secum
2887 3021 3097 3075 habere
3146 3027 3657 3091 conquererentur,
3700 3022 3791 3076 ait

277 3110 449 3174 tibus,
482 3109 759 3163 visionem
804 3124 981 3180 quem
1017 3108 1238 3161 viderat
1269 3107 1533 3174 exsolvit;
1579 3123 1846 3177 moxque,
1905 3111 1968 3161 ut

275 3200 344 3254 de
371 3203 565 3252 sancto
593 3198 766 3252 calice
798 3196 1136 3267 degustavit,
1165 3195 1345 3251 adfuit
1377 3196 1429 3250 ei
1461 3211 1735 3265 magnum
1761 3195 1967 3250 edendi

273 3293 327 3343 et
368 3287 601 3342 bibendi
631 3286 998 3353 desiderium,
1049 3285 1240 3354 sicque
1294 3285 1660 3339 comesdonis
1708 3290 1765 3338 et
1810 3285 1968 3340 bibi-

274 3376 444 3430 tionis
476 3375 764 3447 totiusque
791 3391 1081 3446 corporeae
1123 3374 1464 3428 valetudinis
1491 3374 1747 3427 remedio
1783 3374 1967 3445 acqui-

274 3465 402 3531 sito,
432 3481 562 3518 cum
592 3464 772 3518 nimia
804 3463 1179 3517 exsultatione
1226 3463 1460 3517 domum
1491 3463 1793 3516 incolumis
1837 3463 1964 3518 red-

273 3555 359 3621 iit,
406 3559 463 3608 et
508 3553 568 3607 in
619 3552 818 3607 eadem
857 3551 1250 3606 incolumitate
1297 3567 1476 3621 usque
1518 3551 1587 3604 ad
1617 3550 1794 3605 ﬁnem
1837 3552 1966 3606 vitae

271 3643 675 3714 perseveravit.

345 3734 429 3785 16.
462 3730 713 3800 Contigit
740 3729 989 3783 nimium
1031 3728 1316 3794 mirabile,
1350 3733 1408 3782 et
1437 3728 1548 3782 nisi
1578 3727 1965 3798 plurimorum

271 3819 686 3891 approbaretur
715 3817 1065 3888 cognitione,
1092 3817 1254 3871 valde
1281 3817 1616 3871 incredibile
1649 3817 1771 3888 (sed
1821 3818 1964 3872 divi-

269 3925 356 3963 nae
401 3893 681 3980 (Majestati
732 3907 874 3961 nihil
927 3911 1150 3960 constat
1202 3906 1603 3976 impossibile),
1640 3907 1964 3960 inauditum

269 4013 456 4068 nuper
484 4013 516 4051 a
544 3997 752 4051 sacculo
784 3996 1034 4066 signum.
1063 3997 1209 4050 Dum
1233 3995 1410 4066 igitur
1434 3995 1685 4049 maxima
1711 3997 1963 4067 undique

267 4087 677 4141 conﬂuentium
717 4085 1064 4156 populorum
1095 4085 1166 4139 ad
1201 4085 1254 4139 S.
1309 4084 1632 4156 Walburgze
1671 4085 1962 4139 basilicam

267 4177 434 4231 turba
489 4176 842 4241 conveniret,
896 4174 1080 4229 adfuit
1125 4175 1277 4229 inter
1330 4174 1461 4228 illos
1508 4173 1746 4244 quidam
1800 4173 1960 4227 inco-

267 4265 458 4335 gnitus
487 4263 667 4328 exsul,
707 4261 997 4332 peregrini
1037 4261 1236 4317 habitu
1281 4266 1433 4316 stans
1481 4261 1572 4316 vel
1607 4261 1822 4331 jaceus,
1860 4259 1960 4330 qui

264 4353 414 4406 inter
460 4357 693 4406 caeteros
741 4352 1011 4406 attentius
1061 4356 1117 4406 et
1173 4351 1480 4405 instantius
1539 4350 1736 4413 oravit,
1783 4365 1956 4420 quem

264 4441 546 4495 abbatissa
613 4441 852 4494 Liubula
906 4440 1138 4494 intuens
1200 4441 1352 4494 inter
1409 4441 1646 4492 caeteros
1710 4437 1958 4492 ﬂebilius

262 4529 830 4600 perseverantiusque
880 4546 1068 4582 orasse
1111 4528 1412 4593 admirata,
1456 4527 1723 4580 eumdem
1770 4526 1840 4580 ad
1898 4543 1956 4581 se

260 4618 447 4671 vocari
478 4617 780 4688 praecepit;
828 4621 885 4671 et
916 4617 1044 4687 quis
1074 4617 1162 4669 vel
1199 4615 1352 4669 unde
1383 4619 1530 4668 esset
1579 4615 1823 4669 nimium
1853 4631 1954 4669 cu-

257 4707 404 4760 riose
440 4707 833 4778 interrogavit.
879 4706 959 4758 Ad
1011 4721 1186 4774 quam
1215 4703 1310 4758 ille
1347 4721 1358 4758 :
1397 4722 1426 4756 «
1455 4703 1691 4772 Gratias,
1742 4704 1948 4776 inquit,

258 4797 374 4850 Deo
402 4795 781 4866 omnipotenti
835 4809 967 4863 ago,
1023 4792 1122 4862 qui
1170 4810 1262 4849 me
1300 4793 1669 4848 sanctissimae
1715 4794 1952 4863 virginis

255 4885 576 4955 Walburgaa
609 4883 828 4938 meritis
868 4883 937 4935 de
969 4882 1233 4936 maximae
1280 4882 1630 4937 confusionis
1663 4883 1946 4950 seandalo,

255 4974 720 5044 indignissimum
780 4975 1138 5041 peccatorem
1205 4971 1446 5027 liberare
1511 4971 1780 5042 dignatus
1845 4977 1945 5026 est.

256 5063 416 5127 Quod
446 5069 564 5117 tam
603 5079 700 5116 vos
751 5061 844 5115 hic
873 5059 1045 5114 modo
1097 5065 1428 5130 praesentes,
1481 5077 1656 5130 quam
1686 5077 1887 5116 omnes
1917 5079 1950 5115 a

325 5238 439 5308 (61)
479 5239 574 5292 Ms.
609 5237 662 5292 S.
690 5237 855 5303 Max.,
888 5236 1185 5308 glomicem.

325 5306 431 5378 (62)
471 5309 625 5362 Idem
654 5312 710 5362 et
736 5310 891 5374 Ant.,
919 5306 1188 5360 membris.

320 5375 435 5449 (63')
478 5379 772 5443 Quomodo
820 5379 1019 5449 eadem
1064 5375 1295 5449 femina,
1354 5375 1629 5449 invocata,
1673 5377 1749 5449 Si
1791 5377 1942 5431 Wal-

247 5448 428 5520 burge
458 5451 686 5521 saepius,
734 5454 932 5503 sanata
976 5448 1067 5516 sit,
1110 5448 1417 5521 referturga
1467 5448 1792 5521 Wolfhardo
1836 5449 1938 5502 1.1.

318 5518 431 5589 (6⁷4)
497 5518 594 5576 Ms.
661 5521 824 5586 Ultr.,
882 5522 1133 5586 triginta.
1202 5518 1585 5588 Wolfhardus,
1641 5521 1840 5590 septem
1891 5526 1942 5574 et

247 5594 464 5659 viginti.

2079 3109 2180 3180 qui
2221 3109 2555 3179 supervenit
2592 3109 2705 3180 (67)
2756 3110 3048 3164 conviator
3101 3111 3340 3164 tertius:
3394 3133 3414 3159 ι
3449 3111 3573 3164 Jam
3624 3127 3792 3166 nunc

2081 3198 2211 3252 lassi
2260 3198 2726 3268 conquiescentes
2785 3199 2855 3252 de
2909 3198 3051 3251 meis
3106 3199 3369 3269 pransuri
3425 3199 3787 3254 cibusculis:

2077 3287 2441 3356 postmodum
2477 3303 2543 3340 ea
2572 3286 2794 3341 ratione
2831 3287 3205 3354 dormiamus,
3259 3291 3321 3341 ut
3352 3287 3628 3342 nimirum
3656 3293 3786 3342 ter-

2079 3373 2194 3428 tius
2231 3391 2491 3428 securam
2539 3374 2796 3444 vigiliam
2849 3376 3113 3430 exhibeat
3155 3375 3396 3436 duobus,
3451 3385 3511 3429 ut
3559 3376 3640 3430 sic
3686 3393 3792 3447 ge-

2076 3463 2235 3516 mina
2275 3463 2705 3517 refocillationis
2743 3467 2800 3517 et
2827 3463 3180 3534 pausationis
3219 3463 3573 3518 recreatione
3629 3465 3788 3518 rele-

2076 3551 2192 3605 vati
2210 3557 2453 3622 coeptam
2484 3551 2546 3606 in
2582 3551 2828 3606 Domino
2856 3553 3277 3622 profectionem
3328 3552 3718 3622 perficiamus.
3750 3575 3786 3603 ι

2079 3640 2298 3704 Quibus
2329 3642 2435 3695 hoc
2470 3640 2690 3695 bonum
2739 3641 3041 3695 consilium
3090 3641 3366 3696 insidiose
3408 3641 3786 3712 approbanti-

2078 3729 2204 3800 bus,
2237 3729 2482 3800 sumpsit
2513 3730 2657 3784 alter
2686 3730 2755 3784 de
2773 3729 2997 3784 duobus
3027 3731 3305 3784 consociis
3327 3746 3598 3784 somnum
3627 3730 3782 3785 ima-

2076 3818 2399 3889 ginarium;
2461 3819 2560 3873 sed
2606 3818 2808 3874 tertius
2840 3819 2941 3890 qui
3005 3819 3357 3891 supervenit,
3408 3819 3782 3874 mortiferum

2076 3911 2246 3978 atque
2276 3907 2674 3964 novissimum.
2711 3909 2852 3962 Nam
2879 3907 3145 3977 protinus
3173 3913 3368 3962 contra
3406 3908 3781 3962 innocentem

2074 3997 2486 4063 consurgentes
2517 3993 2928 4049 nefandissime
2968 3995 3407 4049 interemerunt.

2150 4083 2232 4135 18.
2262 4081 2382 4145 Quo
2432 4087 2778 4152 perpetrato,
2836 4083 2976 4154 quid
3019 4084 3088 4138 de
3138 4083 3466 4138 mortificati
3496 4083 3778 4140 cadavere

2074 4169 2403 4240 impiissimi
2433 4175 2688 4241 agerent,
2723 4172 3108 4242 coangustati,
3142 4173 3377 4227 tandem
3408 4188 3610 4227 eorum
3630 4173 3781 4228 alter

2073 4257 2410 4312 horribilem
2475 4259 2754 4314 sarcinam
2824 4260 3071 4331 propriis
3143 4259 3426 4331 coaptavit
3488 4261 3774 4328 humeris,

2072 4347 2356 4417 coepitque
2408 4349 2775 4417 perscrutari,
2816 4348 2916 4403 ubi
2962 4349 3024 4403 in
3054 4349 3314 4420 quolibet
3356 4348 3521 4404 devio
3549 4349 3639 4404 vel
3671 4350 3776 4404 ab-

2070 4436 2186 4492 dito
2251 4437 2660 4492 mortiﬁcatum
2726 4438 3078 4510 exposuisset
3137 4440 3280 4493 loco.
3344 4439 3594 4494 Tandem
3664 4439 3777 4494 hoc

2065 4526 2316 4593 invento,
2341 4528 2480 4582 dum
2506 4529 2835 4599 amplexum
2857 4545 2891 4583 a
2921 4544 2980 4583 se
3015 4544 3220 4598 corpus
3265 4532 3566 4582 conaretur
3593 4528 3774 4599 depo-

2066 4630 2226 4682 nere,
2286 4617 2457 4686 cmpit
2495 4635 2528 4671 a
2573 4621 2802 4672 mortuo
2852 4615 3014 4670 vivus
3066 4616 3277 4671 arctius
3335 4617 3674 4686 constringi,
3704 4623 3778 4672 ut

2064 4705 2222 4759 nullo
2243 4706 2545 4762 conanime
2587 4707 2807 4761 funeris
2835 4707 3065 4777 pondus
3099 4723 3132 4760 a
3156 4722 3214 4760 se
3234 4707 3516 4778 potuisset
3553 4706 3777 4777 disjun-

2065 4809 2217 4863 gere.
2248 4794 2394 4858 Quid
2423 4796 2634 4850 faceret
2661 4794 3124 4850 infelicissimus?
3169 4795 3388 4850 Auxius
3423 4811 3773 4866 quocunque

2059 4898 2300 4953 pergere
2331 4884 2661 4952 studuisset,
2686 4884 3154 4940 indeclinabilem
3196 4885 3287 4938 sui
3317 4884 3585 4938 facinoris
3631 4900 3770 4954 pro—

2062 4970 2322 5024 ditricem
2346 4971 2416 5025 ad
2447 4988 2505 5026 se
2549 4972 2910 5027 tenacissime
2955 4972 3431 5043 conglutinatam,
3465 4973 3769 5026 horrorem

2061 5058 2278 5112 cunctis
2308 5059 2612 5129 incutiens,
2673 5061 3070 5132 comportavit.
3145 5061 3247 5116 Cui
3303 5062 3524 5116 interea
3570 5061 3772 5132 fatiga-

2128 5233 2245 5304 (65)
2285 5235 2494 5290 Wolfh.
2535 5236 2600 5291 de
2638 5238 2833 5292 altaris
2889 5238 3052 5292 calice
3098 5243 3402 5295 consecrato
3454 5238 3558 5292 tibi
3590 5253 3766 5307 pocu-

2054 5304 2166 5359 lum
2194 5309 2496 5375 porrigant.

2126 5378 2235 5451 (66)
2274 5380 2437 5451 Anno
2470 5379 2594 5446 89i,
2634 5383 2695 5432 ut
2727 5379 3036 5448 probatum
3085 5380 3154 5434 ad
3184 5396 3306 5451 cap.
3342 5382 3396 5450 2,
3427 5380 3464 5435 1.
3526 5397 3565 5434 ιι
3612 5381 3768 5435 Wol-

2050 5446 2256 5508 fhardi,
2291 5448 2390 5502 ubi
2414 5450 2535 5503 haec
2566 5446 2896 5504 narrantur.

2123 5518 2236 5588 (67)
2279 5519 2376 5574 Ms.
2403 5520 2542 5574 Ultr.
2567 5526 2624 5577 et
2651 5520 2889 5588 Trevir.,
2917 5527 3255 5578 commeator.
