3950 6350
134 359 252 411 llOl

1190 362 1257 415 IN
1288 359 1696 416 OPUSCULUM
1738 358 2187 423 SUBSEQUENS
2226 358 2566 415 MONITUM.

3493 361 3628 415 1102

126 490 316 544 biliter
346 490 416 545 de
448 490 572 545 loco
598 491 667 545 ad
699 491 888 545 locum
910 490 1141 561 vaganti
1163 491 1397 562 quidam
1429 491 1535 545 sibi
1561 491 1824 561 cognitus
1862 495 1904 547 Α
1934 491 2033 544 lati
2094 490 2334 561 ponderi
2380 489 2636 560 ignotam
2681 489 3003 559 acquireret
3059 488 3433 559 sepulturam,
3495 506 3628 545 cum

129 580 417 647 obviavit;
468 581 566 634 sed
611 585 909 650 conspecto
962 584 1135 634 tanta
1195 580 1593 634 horribilitatis
1651 596 1824 634 onere

127 683 272 737 pene
305 667 583 721 exanimis
614 668 1016 737 expallescens,
1059 668 1291 723 tandem
1340 668 1533 722 animo
1586 684 1824 738 recupe-

129 758 267 819 rato,
339 771 440 807 cur
504 757 617 807 tam
678 754 964 808 horriﬁca
1018 755 1187 809 molis
1240 755 1469 825 bajulus
1522 755 1825 809 exstitisset

128 848 529 912 percunctatus
558 848 661 897 est.
698 846 769 896 At
800 843 917 911 ille,
953 848 1015 897 ut
1043 844 1150 898 sibi
1180 844 1452 898 familiari
1481 844 1666 898 amico
1696 860 1824 898 cre-

131 933 297 985 dulus
351 937 621 986 cunctum
689 933 857 1003 hujus
924 933 1495 987 commachinationis
1556 933 1823 987 ordinem

129 1020 432 1087 referebat,
466 1026 523 1074 et
552 1025 615 1074 ut
644 1036 762 1075 sua
802 1021 1142 1075 calamitatis
1190 1022 1586 1076 commisertus
1632 1037 1826 1092 grave-

129 1109 321 1162 dinem
361 1125 474 1179 qua
518 1109 839 1163 miserrime
890 1109 1394 1180 comprimebatur,
1447 1126 1480 1162 a
1525 1127 1582 1163 se
1626 1111 1823 1163 exclu-

129 1197 263 1250 dere
311 1198 562 1268 quodam
618 1198 789 1252 modo
839 1199 1257 1267 comprobaret.
1316 1200 1474 1252 Tunc
1522 1198 1618 1252 ille
1659 1199 1824 1252 facile

128 1302 230 1338 suo
256 1284 440 1340 amico
473 1301 639 1355 posse
671 1301 998 1340 succurrere
1023 1286 1323 1354 arbitrans,
1360 1291 1586 1357 arrepto
1636 1286 1824 1357 gladio

128 1389 302 1444 quem
340 1390 531 1428 secum
582 1374 821 1440 ferebat,
876 1375 1204 1429 mortiﬁcati
1251 1375 1508 1446 corporis
1560 1375 1819 1439 brachia,

125 1462 399 1531 gestantis
465 1462 636 1517 amici
701 1462 979 1517 cervicem
1055 1462 1322 1517 vivaciter
1384 1463 1821 1534 complexantia,

127 1549 496 1617 articulatim,
530 1550 640 1604 nisi
673 1551 838 1604 aliter
861 1550 1174 1621 nequisset,
1228 1551 1557 1605 abscindere
1605 1552 1821 1619 volens,

127 1643 413 1708 quatenus
446 1656 614 1693 suum
662 1639 731 1694 ab
776 1640 947 1710 hujus
977 1639 1221 1694 inauditi
1268 1640 1500 1694 ludibrii
1551 1640 1824 1694 violentia

127 1731 355 1781 erueret
383 1727 652 1781 amicum.
701 1728 833 1796 Sed,
878 1744 969 1782 res
1013 1728 1159 1783 mira
1208 1734 1266 1783 et
1309 1729 1615 1799 stupenda,
1664 1733 1720 1782 et
1763 1728 1823 1781 in

129 1814 375 1869 Domino
406 1816 537 1869 Jesu
570 1815 793 1870 Christo
825 1815 1144 1871 laudanda!
1181 1833 1309 1871 mox
1342 1822 1406 1871 ut
1436 1833 1638 1870 manus
1670 1816 1824 1869 illius

132 1904 343 1956 mortui
375 1904 728 1957 coharentes
759 1906 999 1959 lacertos
1040 1906 1347 1975 attigerant
1390 1906 1823 1972 abscindendos,

132 1992 459 2045 abscissoris
511 2009 717 2063 corpus
752 1993 914 2064 quasi
961 1994 1323 2047 tenacissimo
1370 1994 1652 2047 bitumine
1696 2010 1828 2046 con-

131 2080 527 2149 glutinabatur
574 2080 688 2134 illis
727 2081 968 2135 duobus.
1021 2082 1129 2135 Sed
1178 2081 1372 2135 statim
1416 2082 1609 2134 divina
1656 2081 1827 2133 mise-

132 2169 355 2222 ratione
385 2174 761 2239 compunctus
787 2187 1023 2224 suorum
1057 2170 1335 2223 scelerum
1373 2168 1829 2238 collacrymando

133 2257 530 2325 reminiscens,
608 2258 947 2327 precabatur
1043 2263 1325 2329 quatenus
1389 2257 1672 2310 immensa
1731 2256 1831 2310 Dei

132 2346 438 2400 clementia
480 2363 583 2417 per
640 2348 700 2401 Β.
764 2348 1084 2417 Walburga
1134 2346 1405 2416 suffragia
1459 2346 1567 2399 sibi
1626 2345 1828 2399 miser-

132 2435 285 2488 rimo
345 2435 709 2506 nimiumque
757 2436 1078 2490 facinoroso
1156 2436 1417 2489 misereri
1474 2435 1827 2505 dignaretur.

135 2522 242 2577 Cui
296 2523 625 2593 hujusmodi
670 2524 1035 2594 supplicanti,
1086 2540 1300 2594 suaque
1349 2523 1418 2577 ad
1465 2523 1520 2577 S.
1574 2523 1833 2576 Walbur-

133 2628 270 2683 gam
303 2618 430 2666 vota
462 2613 770 2667 multifarie
802 2612 1160 2683 pollicitanti,
1200 2614 1565 2682 multumque
1597 2612 1833 2681 ejulanti

136 2701 443 2754 disnexum
476 2706 562 2754 est
609 2717 835 2771 corpus,
889 2705 943 2754 et
989 2702 1233 2754 nimium
1283 2700 1462 2754 libero
1509 2701 1835 2754 consolatus

136 2788 409 2842 utebatur
446 2789 685 2851 incessu,
738 2789 937 2842 erectis
982 2789 1162 2842 oculis
1220 2804 1282 2842 ac
1330 2788 1596 2843 manibus
1653 2790 1834 2842 Deum

137 2891 367 2946 semper
396 2880 451 2929 et
478 2875 714 2946 ubique,
762 2881 1129 2947 sanctamque
1159 2876 1486 2946 gloriﬁcans
1514 2875 1826 2946 virginem.

215 2966 299 3018 19.
365 2965 521 3017 Tunc
580 2963 795 3033 pariter
858 2964 1106 3018 terrifico
1173 2965 1527 3018 sarcinarum
1585 2965 1836 3035 pondere

136 3067 325 3121 usque
358 3051 426 3104 ad
460 3052 619 3105 littus
644 3052 828 3106 Rheni
858 3051 1259 3118 comitabatur,
1303 3052 1497 3122 ibique
1542 3052 1678 3106 dum
1733 3051 1834 3105 ali-

1936 580 2094 633 omni
2123 580 2344 649 impetu
2369 595 2427 631 se
2449 577 2827 648 praecipitavit
2858 578 2916 631 in
2964 577 3117 630 illius
3163 578 3351 648 abyssi
3399 580 3622 650 voragi-

1934 684 2068 722 nem
2094 667 2224 737 (68).
2260 667 2368 721 Sed
2402 668 2636 721 Rhenus
2686 667 2832 720 tanti
2876 665 3131 719 criminis
3179 666 3626 736 immunditiam,

1935 772 2097 810 suam
2126 756 2381 826 pradam
2410 771 2524 809 non
2555 771 2673 808 esse
2701 770 3076 826 prasumens,
3110 755 3327 826 absque
3366 756 3484 809 ulla
3515 771 3632 809 mo-

1934 844 2060 898 rula
2088 844 2432 914 parricidam
2463 859 2593 896 cum
2624 859 2725 896 suo
2761 843 3081 897 morticinio
3113 843 3303 897 vivum
3354 844 3423 897 ad
3472 844 3630 897 littus

1935 933 2237 987 revomuit.
2274 932 2632 1003 Stupefactus
2679 936 2869 986 autem
2914 931 3277 1003 nimiumque
3325 932 3630 986 exterritus

1934 1020 2192 1091 ejusdem
2226 1019 2537 1087 conviator,
2567 1025 2624 1074 et
2654 1020 2723 1073 de
2753 1020 2877 1090 ejus
2916 1020 3237 1089 direptione
3277 1020 3447 1073 nimis
3494 1037 3628 1074 con-

1933 1110 2247 1180 gratulans,
2282 1109 2429 1162 sicut
2461 1110 2530 1163 de
2560 1108 2793 1162 alterius
2823 1108 3144 1162 calamitate
3192 1109 3625 1179 collacrymans,

1932 1198 2165 1252 tandem
2196 1197 2577 1251 miserabilem
2624 1213 2754 1251 cum
2804 1197 3115 1251 miserabili
3168 1213 3339 1251 onere
3386 1198 3631 1252 derelin-

1934 1302 2139 1356 quens,
2166 1286 2236 1340 ad
2268 1287 2324 1340 S.
2372 1286 2694 1356 Walburga
2737 1285 3147 1339 monasterium
3186 1285 3407 1340 concito
3460 1303 3631 1341 cursu

1936 1375 2185 1439 advenit,
2218 1375 2418 1445 reique
2461 1378 2634 1445 gesta
2683 1375 2888 1427 seriem
2929 1390 3032 1444 per
3068 1374 3329 1428 ordinem
3376 1374 3628 1429 veridico

1934 1480 2032 1518 ore
2062 1464 2275 1518 ibidem
2305 1463 2522 1517 cunctis
2551 1463 2819 1528 narravit,
2844 1462 3171 1532 summique
3193 1462 3513 1533 juramenti
3534 1480 3632 1535 ap-

1934 1551 2272 1621 probatione
2352 1550 2663 1614 afﬁrmare,
2742 1549 2787 1602 si
2852 1550 3298 1619 permitteretur,
3371 1551 3628 1605 libentis-

1935 1641 2077 1694 sime
2110 1639 2307 1693 voluit.
2346 1640 2544 1693 Fertur
2586 1654 2834 1708 namque
2863 1639 3133 1708 prafatus
3157 1639 3376 1692 funeris
3401 1640 3634 1709 captivi-

1934 1734 2047 1782 tate
2078 1729 2364 1788 detentus,
2409 1728 2466 1780 B.
2516 1727 2837 1795 Walburga
2886 1726 3119 1795 virginis
3168 1726 3431 1797 prasidia
3481 1744 3631 1798 sape

1865 1837 1904 1890 Β
1937 1817 2185 1870 voluisse
2216 1815 2392 1878 adire,
2423 1815 2514 1868 sed
2540 1830 2840 1885 nunquam
2878 1814 3035 1868 illius
3084 1815 3335 1869 ecclesia
3384 1816 3633 1870 conﬁnia

1936 1922 2100 1976 posse
2156 1904 2515 1973 contingere,
2575 1908 2635 1956 ut
2687 1904 2909 1974 liquido
2968 1908 3385 1958 monstraretur
3432 1906 3633 1974 quanti

1936 1998 2127 2047 reatus
2170 1993 2433 2046 existeret
2482 1991 2709 2045 vinculo
2761 1992 3080 2061 colligatus,
3136 1993 3236 2063 qui
3283 1993 3363 2046 sic
3410 1995 3629 2063 procul,

1937 2099 2010 2137 ne
2043 2082 2111 2136 ad
2154 2080 2210 2135 S.
2239 2081 2564 2149 Walburga
2611 2080 3025 2134 monasterium
3072 2080 3187 2133 ullo
3216 2080 3390 2135 modo
3422 2081 3634 2151 pertin-

1938 2184 2071 2239 gere
2099 2172 2309 2238 posset,
2346 2173 2722 2221 coerceretur.
2777 2169 2937 2221 Hunc
2978 2168 3143 2222 multi
3172 2184 3302 2222 cum
3326 2170 3447 2239 jam
3480 2186 3630 2240 sape

1938 2255 2074 2311 dicti
2138 2256 2328 2310 oneris
2380 2257 2555 2323 mole,
2611 2256 2711 2326 qui
2755 2261 2889 2310 tunc
2944 2257 3220 2327 temporis
3270 2259 3629 2325 exstiterunt,

1937 2344 2206 2399 viderunt
2259 2361 2271 2398 :
2330 2346 2481 2399 unde
2537 2349 2757 2399 constat
2813 2361 3180 2416 nequaquam
3232 2363 3352 2401 esse
3400 2347 3631 2416 falsum,

1940 2433 2096 2503 quod
2126 2438 2242 2487 tam
2267 2434 2652 2503 plurimorum
2692 2434 3051 2488 attestatione
3097 2451 3219 2489 esse
3269 2452 3466 2491 verum
3513 2452 3633 2491 cor-

1940 2522 2264 2577 roboratur.

2012 2613 2101 2664 20.
2132 2612 2261 2665 Hac
2292 2609 2482 2681 itaque
2509 2612 2674 2681 signa
2706 2614 2762 2664 et
2790 2611 3050 2682 prodigia
3096 2611 3187 2665 hic
3232 2628 3383 2666 nunc
3424 2611 3634 2683 scripto

1942 2700 2377 2769 comprehensa,
2418 2716 2540 2769 qua
2594 2700 2786 2754 divina
2824 2699 3093 2769 majestas
3140 2700 3201 2753 in
3244 2700 3340 2754 illa
3386 2701 3637 2755 novitate

1944 2787 2352 2841 sublevationis
2390 2803 2458 2841 ex
2507 2793 2883 2841 monumento
2928 2788 3268 2859 corpusculi,
3305 2790 3420 2843 Deo
3450 2795 3505 2844 et
3534 2789 3639 2843 ho-

1945 2876 2197 2930 minibus
2258 2877 2591 2931 adamanda
2649 2876 2887 2948 virginis
2929 2878 3169 2947 peregit,
3219 2878 3467 2931 multum
3515 2878 3639 2932 lau-

1947 2966 2133 3020 danda
2159 2969 2213 3019 et
2242 2965 2577 3019 admiranda
2609 2970 2759 3020 sunt.
2801 2965 2912 3021 Sed
2938 2967 3121 3021 adhuc
3166 2966 3227 3019 in
3271 2966 3506 3020 diversis
3534 2982 3640 3036 per

1946 3057 2132 3107 totum
2165 3054 2513 3107 Francorum
2553 3069 2796 3123 regnum
2827 3052 3158 3123 provinciis,
3212 3069 3343 3123 qua
3387 3053 3644 3124 ejusdem

140 3140 488 3210 quantulum
521 3139 885 3207 constitisset,
919 3142 1287 3210 prascriptus
1320 3140 1495 3194 miser
1523 3140 1667 3194 tanti
1698 3157 1835 3194 one-
1875 3116 1913 3170 Ο
1948 3142 2189 3213 virginis
2253 3142 2626 3213 reliquiarum
2698 3142 3031 3213 pignoribus
3094 3143 3393 3196 illustrata
3452 3142 3647 3196 consi-

140 3228 221 3281 ris
252 3228 525 3297 gravitate
556 3233 611 3281 et
641 3229 931 3282 dedecoris
961 3229 1295 3283 confusione
1327 3228 1589 3297 afﬂictus,
1623 3230 1840 3282 malens

141 3316 350 3370 mortis
372 3316 563 3369 subire
589 3316 909 3383 interitum,
936 3333 1107 3386 quam
1140 3318 1486 3371 detestabilis
1517 3321 1573 3370 et
1602 3317 1842 3387 ingrata

140 3405 280 3459 vita
312 3404 605 3459 fastidium
639 3405 856 3458 diutius
886 3405 1186 3471 sustinere,
1221 3405 1407 3459 Rheni
1445 3405 1671 3458 alveum
1700 3421 1836 3458 con-

143 3494 447 3562 scendens,
479 3498 760 3565 quatenus
789 3493 868 3548 sic
898 3494 1010 3548 sibi
1038 3510 1255 3565 suoque
1295 3493 1585 3548 cadaveris
1631 3509 1840 3563 coagu-

219 3651 329 3724 (68)
357 3652 667 3724 Sequentia
690 3653 853 3707 aliter
883 3655 1078 3708 narrat
1106 3652 1488 3707 Wolfhardus.

1951 3236 2126 3297 stunt,
2196 3230 2453 3301 quotidie
2517 3232 2685 3301 plura
2764 3231 3275 3301 excellentioraque
3358 3233 3649 3300 praconio

1950 3319 2122 3388 digna
2153 3318 2483 3371 efficiuntur
2512 3334 2614 3387 per
2638 3319 2831 3371 Iesum
2875 3316 3162 3371 Christum
3210 3318 3519 3371 Dominum
3554 3334 3653 3372 no-

1951 3412 2156 3473 strum,
2188 3406 2279 3459 cui
2308 3410 2392 3459 est
2429 3422 2559 3459 cum
2590 3407 2755 3460 Patre
2786 3409 2842 3459 et
2871 3405 3087 3476 Spiritu
3133 3410 3326 3460 sancto
3376 3406 3648 3477 perennis

1952 3495 2136 3567 gloria
2165 3495 2226 3549 in
2256 3494 2462 3549 sacula
2481 3495 2838 3549 saculorum.
2871 3497 3073 3549 Amen.

986 3954 1057 4008 IN
1100 3953 1515 4009 OPUSCULUM
1553 3952 1999 4017 SUBSEQUENS
2040 3953 2105 4009 Β.
2149 3955 2211 4009 Ρ.
2255 3954 2618 4010 BERNARDI
2655 3955 2830 4010 PEZII

1638 4118 2170 4194 MONITUM.

849 4285 1178 4339 Dissertatio
1203 4285 1481 4353 isagogica
1512 4283 1574 4337 in
1603 4288 1744 4338 tom.
1776 4283 1855 4338 III
1888 4284 2152 4339 Thesauri
2174 4283 2438 4339 Anecdot.
2469 4286 2692 4351 noviss.,
2722 4299 2852 4355 pag.
2886 4301 2967 4338 ιιι.

230 4557 582 4624 Opusculum
615 4557 681 4610 de
710 4556 1088 4612 Crassitudine
1119 4556 1375 4624 Sphara,
1404 4555 1473 4608 ad
1504 4553 1852 4624 Sylvestrum
1879 4556 1950 4620 II,
1999 4558 2165 4609 antea
2198 4554 2558 4621 Gerbertum,
2612 4554 2910 4609 scribendo
2962 4570 3158 4609 ansam
3205 4555 3456 4624 praebuit
3501 4556 3665 4611 Adel-

158 4625 335 4685 boldo
367 4628 654 4682 difﬁcilior
682 4626 919 4696 quidam
971 4628 1126 4679 locus
1173 4625 1442 4696 Macrobii
1481 4638 1651 4695 super
1697 4625 1983 4679 somnium
2028 4626 2329 4695 Scipionis,
2379 4626 2475 4679 ubi
2518 4627 2597 4679 ait
2645 4631 2971 4694 compertum
3020 4641 3130 4680 esse
3176 4627 3327 4694 apud
3371 4633 3666 4693 geometras

150 4701 544 4772 peritissimos,
584 4703 646 4751 ut
673 4695 976 4772 iirduobus
1018 4698 1259 4772 circulis,
1294 4699 1344 4772 si
1372 4695 1698 4772 diametrum
1743 4697 2182 4772 uniusuduplum
2214 4699 2303 4772 _s_it
2350 4696 2629 4772 diametro
2660 4700 2905 4772 alterius,
2951 4697 3067 4772 ejus
3110 4698 3303 4751 circuli
3340 4699 3666 4772 crassitudo,

160 4766 323 4840 cujus
353 4770 685 4822 diametrum
714 4769 941 4836 duplum
984 4770 1078 4832 sit,
1126 4768 1348 4840 octupla
1374 4768 1464 4840 _sit_
1495 4766 1854 4840 crassitudini
1881 4768 2030 4820 illius
2061 4768 2270 4831 circuli,
2306 4769 2462 4836 cujus
2490 4768 2818 4840 subduplum
2847 4769 3295 4840 estpdiametrum,
3341 4774 3444 4823 etc.
3488 4768 3669 4833 Quam

166 4837 491 4896 doctrinam
525 4840 662 4892 dum
703 4843 961 4909 accurate
1011 4838 1257 4906 explicat
1308 4837 1673 4909 Adelboldus,
1724 4852 1846 4889 rem
1890 4843 2083 4891 tamen
2136 4853 2365 4909 omnem
2417 4840 2487 4891 ad
2536 4838 2865 4892 Silvestrum
2916 4838 3139 4892 defert:
3170 4840 3233 4893 In
3272 4841 3358 4894 his
3402 4841 3669 4909 omnibus,

165 4911 380 4983 inquit,
413 4914 462 4965 si
491 4925 630 4983 erro,
666 4924 756 4962 oro
784 4913 846 4961 ut
875 4908 948 4983 ad
985 4911 1134 4961 viam
1178 4910 1428 4961 veritatis
1453 4907 1725 4983 reducat".
1766 4910 1831 4959 Si
1876 4911 2025 4983 viam
2070 4908 2790 4983 teneo,_nihilominus_pet_o
2828 4914 2889 4963 ut
2928 4912 3016 4963 via
3052 4925 3170 4983 qua
3196 4926 3293 4983 me
3338 4907 3675 4983 dubitantem

168 4979 312 5038 ten—et
341 4984 401 5036 in
442 4981 692 5047 tenebris,
734 4982 904 5033 vestri
950 4993 1199 5033 assensus
1244 4980 1575 5032 auctoritate
1619 4979 1901 5031 illustrata
1947 4980 2199 5034 reluceat.
2249 4979 2327 5031 Ex
2373 4980 2580 5047 quibus
2629 4980 2897 5033 discimus

168 5054 391 5108 tionem
419 5051 618 5105 fecerit
647 5049 1019 5117 Adelboldus,
1048 5049 1149 5119 qui
1178 5049 1288 5102 hoc
1317 5049 1595 5119 scriptum
1627 5052 1757 5101 ante
1790 5064 2007 5101 annum
2039 5052 2174 5103 1003

2940 4982 3141 5050 quanti
3188 4980 3444 5034 Silvestri
3491 4982 3678 5035 erudi-

2212 5049 2311 5118 qui
2341 5050 2577 5102 ultimus
2619 5050 2885 5104 Silvestro
2916 5049 3042 5117 fuit,
3077 5051 3273 5105 debuit
3309 5051 3673 5107 concinnare.

171 5125 236 5180 1d
273 5140 339 5178 ex
369 5124 495 5178 cod.
533 5139 636 5175 ms.
688 5121 1060 5175 membraneo
1109 5136 1391 5191 annorum
1443 5124 1836 5191 sescentorum
1877 5119 2237 5191 bibliotheca
2285 5120 2720 5188 Tegernseensis
2775 5122 2942 5175 nobis
2986 5120 3366 5191 suppeditavit
3411 5122 3569 5177 adm.
3607 5123 3675 5177 R.

171 5201 230 5251 et
260 5196 330 5248 cl.
384 5197 444 5248 P.
496 5191 1108 5265 Alphonsusil-lueber.
1157 5190 1296 5265 alias
1328 5208 1360 5244 a
1386 5189 1556 5265 nobis
1608 5190 2106 5265 laudatu§:_Alius
2152 5190 2457 5265 est_codex
2510 5191 2796 5265 Petrensis
2844 5189 3115 5265 ejusdem
3152 5193 3335 5265 atatis
3385 5192 3555 5265 infl2,
3606 5194 3679 5249 ad

168 5281 348 5339 quem
408 5259 589 5320 idem"
623 5264 962 5335 opusculum
1014 5261 1328 5339 exegimus.
1386 5262 1683 5339 Rostremo
1732 5259 2473 5339 cl._Ed_mundusAMartene
2521 5262 2582 5339 in
2620 5262 2832 5339 Itinere
2875 5259 2995 5315 'suo
3044 5263 3678 5339 litterario__Gal_li_cano,

167 5330 316 5409 part.
371 5353 429 5403 ιι,
479 5339 566 5401 92,
618 5330 874 5409 testatur
903 5350 961 5388 se
1010 5334 1070 5387 in
1122 5330 1349 5409 abbatia
1395 5330 1841 5409 Cheminonensi
1886 5331 2141 5409 diacesis
2189 5332 2614 5409 Catalaunensis
2658 5332 2863 5386 vidisse
2909 5348 3042 5402 opus
3070 5334 3372 5389 Adalboldi
3398 5334 3472 5388 ad
3496 5330 3674 5389 Silva-4

170 5402 347 5465 stram
375 5423 580 5476 papam
605 5409 676 5461 De
706 5406 927 5473 circulo,
960 5409 1092 5470 etc.,
1125 5404 1281 5475 quod
1307 5403 1428 5457 sine
1457 5402 1633 5457 dubio
1659 5403 1766 5456 hoc
1794 5402 1987 5472 ipsum
2017 5407 2276 5456 nostrum
2309 5408 2411 5456 est.
