3950 6340
270 341 404 415 κω

1366 347 1758 403 ADELBOLDI
1795 348 2304 406 TRAJECTENSIS
2343 348 2656 405 EPISCOPI

3631 349 3768 403 1104

1644 658 2369 746 ADELBOLDI

1169 853 1478 909 EPISCOPI
1515 854 2034 910 TRAJECTENSIS.
2077 854 2362 911 ORDINIS
2400 854 2453 909 S.
2499 854 2866 909 BENEDICTI

1755 1053 2277 1127 LIBELLUS

266 1255 420 1390 DE
525 1254 1085 1390 RATIONE
1187 1255 1948 1391 INVENIENDI
2043 1255 3056 1394 CBASSITUDINEM
3151 1257 3764 1394 SPHERZE.

1398 1495 1521 1555 AD
1581 1493 2207 1556 SILVESTRUM
2267 1493 2332 1555 II
2393 1495 2467 1556 P.
2527 1495 2631 1555 M.

506 1664 724 1724 Prodz't
759 1685 915 1724 nunc
953 1667 1214 1744 primum
1255 1666 1317 1722 in
1357 1664 1544 1723 lucem
1584 1681 1661 1722 ea:
1685 1663 1852 1723 codd.
1878 1683 2015 1722 mss.
2058 1664 2415 1744 z'nclytorum
2458 1665 2952 1724 monasteriorum
3000 1664 3446 1742 Tegernseensr's
3475 1677 3533 1725 et

547 1753 1098 1813 Sancti-Petrensis
1125 1752 1377 1825 Saliis
1411 1771 1592 1832 opera
1621 1752 1777 1812 adm.
1819 1753 1888 1812 Β.
1921 1752 1998 1812 D.
2031 1752 2106 1812 P.
2141 1752 2438 1832 Alphonsz’
2461 1753 2722 1826 Huebcr,
2757 1764 2967 1813 ascetae
3004 1753 3472 1833 Tegernseensz's.

658 1921 845 1991 (Apud
878 1922 942 1976 R.
967 1923 1028 1976 Ρ.
1062 1921 1416 1976 Bernardum
1446 1919 1695 1987 Pezium,
1731 1921 1989 1974 Thesaur.
2022 1919 2279 1975 Anecdot.
2313 1921 2509 1974 noviss.
2540 1925 2680 1973 tom.
2715 1920 2811 1986 Ill,
2841 1925 3000 1990 parte
3031 1937 3090 1985 ιι,
3124 1922 3232 1974 col.
3264 1922 3375 1992 85.)

343 2232 584 2289 Domino
629 2231 916 2287 διιπετῃο
956 2244 1180 2283 summo
1211 2238 1266 2282 et
1298 2226 1559 2298 pontiﬁci
1603 2232 1659 2281 et
1705 2227 1962 2298 philoso-
1999 2234 2042 2286 A
2143 2227 2290 2292 Quid
2344 2243 2480 2299 ergo
2533 2228 2626 2296 sit,
2680 2228 3003 2300 quibusque
3064 2221 3571 2302 inﬁnationibus
3622 2230 3771 2284 circa

270 2325 386 2395 pho
420 2325 776 2376 ADELDOLDUS
816 2318 1182 2373 scholasticus
1227 2317 1356 2371 vita:
1402 2320 1459 2370 et
1501 2314 1787 2370 felicitatis
1835 2331 1961 2386 per-

269 2410 631 2482 petuitatem.

341 2499 515 2552 Valde
570 2513 799 2567 peccare
856 2500 939 2549 est
989 2493 1236 2566 publicis
1293 2493 1578 2548 intentum
1620 2491 1966 2547 utilitatibus

269 2587 505 2658 privatis
533 2585 852 2656 inquietare
879 2582 1375 2637 conventionibus.
1420 2582 1526 2637 Sed
1578 2582 1687 2636 hoc
1732 2581 1964 2652 ingenio

273 2681 454 2730 vestro
487 2674 732 2742 conﬁdo,
758 2678 823 2727 ut
853 2673 1023 2726 simul
1066 2677 1122 2725 et
1168 2671 1251 2724 rei
1293 2671 1537 2741 publicae
1588 2670 1766 2740 possit
1813 2670 1967 2723 sufti-

269 2780 416 2831 cere,
471 2768 528 2817 et
558 2762 720 2830 mihi,
764 2778 828 2816 ex
875 2762 984 2816 hoc
1031 2760 1184 2831 quod
1237 2775 1455 2830 quaero,
1505 2758 1848 2812 satisfacere.
1900 2759 1967 2812 Et

269 2857 461 2906 tamen
491 2857 704 2906 temere
741 2866 870 2920 ago,
919 2854 975 2903 et
1023 2865 1141 2902 non
1183 2847 1518 2918 ignoranter
1565 2863 1758 2917 pecco,
1809 2846 1966 2917 quod

269 2947 493 2995 tantum
550 2941 734 2994 virum
787 2938 951 3009 quasi
1002 2937 1507 2991 conscholasticum
1556 2935 1785 3006 juvenis
1833 2950 1966 2988 con-

268 3029 456 3082 venio.
508 3028 616 3083 Sed
665 3027 948 3081 confessio
1005 3025 1222 3096 peccati
1267 3025 1490 3078 veniam
1549 3039 1664 3077 non
1717 3028 1961 3090 tantum,

269 3118 416 3187 dico,
469 3117 696 3188 quaerit,
748 3116 845 3170 sed
891 3114 1086 3184 exigit.
1140 3115 1393 3167 Fortasse
1448 3112 1710 3183 cogitatis
1772 3115 1833 3165 ut
1888 3112 1965 3165 sic

267 3221 493 3277 peccem
531 3211 590 3259 ut
616 3222 707 3258 me
736 3220 1000 3274 peccasse
1043 3201 1323 3273 poenitere
1353 3201 1554 3266 nolim,
1588 3217 1650 3254 ac
1679 3200 1807 3254 ideo
1839 3201 1962 3254 sine

265 3298 452 3349 fructu
484 3293 836 3366 poenitentia:
872 3292 1150 3346 confessio
1178 3307 1283 3346 nec
1313 3290 1539 3344 veniam
1570 3289 1773 3344 debeat
1803 3305 1963 3360 quae-

267 3401 412 3451 rere,
471 3400 576 3438 nec
632 3381 1026 3436 remissionem
1083 3380 1334 3451 aliquam
1389 3379 1634 3449 exigere.
1692 3377 1776 3432 Ad
1840 3378 1963 3432 haec

265 3472 621 3544 respondebo
682 3470 837 3540 quia,
887 3469 934 3523 si
989 3469 1402 3539 benignitatem
1451 3471 1695 3521 vestram
1746 3466 1807 3520 in
1852 3466 1959 3520 hac

265 3561 642 3615 conventione
669 3559 980 3624 offendero,
1009 3558 1158 3611 ultra
1205 3572 1378 3627 quam
1429 3555 1659 3610 credere
1704 3555 1957 3626 possitis,

267 3665 358 3702 me
387 3665 483 3702 vos
533 3647 862 3702 convenisse
909 3646 1112 3701 dolebo
1147 3661 1160 3698 :
1192 3661 1257 3699 ac
1302 3645 1431 3699 ideo
1483 3644 1698 3698 dolenti
1743 3647 1800 3697 et
1844 3659 1960 3713 poe-

265 3738 495 3805 nitenti,
537 3737 823 3806 simulque
855 3752 912 3789 se
943 3750 1204 3806 peccasse
1234 3732 1456 3800 fatenti,
1497 3737 1553 3786 et
1590 3732 1859 3802 deinceps
1887 3733 1958 3786 ab

157 3844 168 3860 ·
265 3825 545 3894 ejusmodi
584 3829 814 3894 peccato
855 3840 913 3876 se
963 3823 1246 3877 abstinere
1290 3822 1502 3876 volenti
1547 3821 1772 3875 veniam
1822 3837 1957 3875 con-

265 3915 579 3970 cedendam
629 3929 750 3968 esse
795 3911 1060 3978 censebo,
1111 3911 1180 3965 ab
1221 3927 1287 3964 eo
1330 3910 1581 3964 maxime
1628 3910 1728 3980 qui
1775 3911 1956 3964 vicem

264 4004 420 4058 illius
448 4007 623 4069 tenet,
652 4002 742 4056 cui
783 4001 997 4056 dictum
1042 4002 1172 4053 est:
1211 4021 1231 4047 α
1287 3999 1412 4053 Non
1458 3997 1582 4052 dico
1629 3997 1734 4052 tibi
1774 4013 1957 4068 usque

263 4093 492 4164 septies,
544 4092 638 4146 scd
689 4106 867 4162 usque
915 4088 1237 4161 septuagies
1280 4086 1488 4158 septies
1541 4087 1753 4157 (Matth.
1799 4103 1954 4156 xvm,

261 4183 370 4251 22).
415 4204 434 4229 ι

331 4271 389 4326 Si
432 4273 620 4324 autem
673 4285 784 4322 non
834 4267 1146 4332 offendero,
1198 4265 1296 4320 sed
1343 4265 1401 4320 id
1463 4265 1745 4336 quaesiero
1799 4265 1954 4336 quod

260 4377 388 4414 cum
419 4358 820 4413 benevolentia
850 4361 1034 4409 vestra
1065 4356 1301 4425 adeptus
1341 4356 1524 4423 fuero,
1574 4358 1772 4424 utpote
1820 4355 1954 4424 quia

259 4451 316 4504 in
349 4436 654 4519 adeptione
702 4462 830 4500 mea
873 4449 930 4498 et
971 4444 1113 4497 mihi
1163 4449 1219 4498 et
1257 4443 1452 4497 multis
1497 4443 1768 4513 prodesse
1813 4458 1952 4513 gau-

258 4538 419 4604 debo,
448 4535 817 4608 quaestiones,
848 4550 990 4605 quas
1014 4533 1135 4602 jam
1166 4531 1490 4586 auctoritati
1519 4535 1721 4586 vestras
1762 4535 1950 4586 trans-

259 4626 409 4690 misi,
442 4626 576 4695 quia
607 4640 725 4678 non
751 4623 1139 4688 resolvuntur,
1170 4637 1262 4675 me
1291 4621 1354 4675 in
1381 4621 1461 4675 eis
1492 4625 1590 4675 aut
1631 4637 1728 4674 vos
1778 4621 1953 4676 offen-

256 4714 404 4768 disse
453 4714 652 4778 timeo,
717 4717 813 4766 aut
868 4727 972 4782 pro
1038 4710 1312 4766 dilatione
1372 4710 1676 4764 solutionis
1734 4710 1949 4781 aliquid

2073 2317 2212 2371 illud
2247 2324 2305 2372 et
2332 2317 2562 2372 delusus
2611 2318 2827 2372 habear
2857 2322 2912 2371 et
2941 2320 3128 2372 certus
3178 2324 3397 2386 tenear,
3434 2319 3557 2388 jam
3616 2335 3771 2373 nunc

2074 2406 2350 2477 aperiam,
2415 2410 2494 2472 ut,
2551 2407 2789 2459 vulnere
2837 2410 3034 2476 aperto
3079 2406 3477 2472 haesitationis,
3532 2424 3564 2460 a
3610 2408 3773 2461 vobis

2071 2501 2284 2566 praesto
2317 2495 2389 2549 sit
2420 2494 2906 2549 medicamentum
2930 2495 3304 2550 certitudinis.

2864 2583 2979 2654 §L

2141 2671 2456 2726 Macrobius
2486 2688 2658 2744 super
2687 2672 2987 2726 Somnium
3017 2672 3317 2743 Scipionis,
3369 2674 3468 2727 ubi
3514 2674 3772 2744 loquitur

2072 2761 2141 2815 de
2173 2760 2569 2831 magnitudine
2602 2759 2750 2830 coeli,
2782 2764 2970 2827 terrae,
3005 2761 3141 2814 solis
3167 2765 3223 2815 et
3252 2763 3425 2828 lunae,
3449 2779 3771 2834 eorumque

2071 2851 2318 2904 rotunda
2350 2849 2705 2921 globositate,
2752 2853 3110 2920 compertum
3153 2867 3275 2904 esse
3327 2851 3404 2904 ait
3451 2852 3600 2920 apud
3631 2867 3767 2921 geo-

2071 2952 2280 2993 metras
2316 2939 2721 3009 peritissimos,
2774 2943 2834 2993 ut
2880 2939 2940 2992 in
2984 2939 3210 2993 duobus
3259 2940 3506 3008 circulis,
3560 2943 3604 2993 si
3655 2941 3774 2994 dia-

2071 3033 2322 3082 metrum
2379 3027 2548 3081 unius
2596 3027 2840 3097 duplum
2888 3027 2960 3080 sit
3001 3027 3278 3081 diametro
3334 3028 3592 3096 alterius,
3645 3029 3772 3099 ejus

2071 3117 2268 3172 circuli
2325 3116 2658 3182 crassitudo,
2727 3118 2888 3186 cujus
2951 3115 3294 3170 diametrum
3364 3117 3605 3186 duplum
3674 3118 3768 3184 sit,

2072 3206 2301 3276 octupla
2354 3205 2425 3258 sit
2479 3204 2842 3259 crassitudini
2890 3204 3045 3258 illius
3102 3205 3300 3259 circuli
3351 3206 3512 3276 cujus
3555 3206 3770 3261 subdu-

2069 3295 2230 3364 plum
2265 3295 2353 3346 est
2382 3292 2753 3347 diametrum.

2143 3383 2220 3436 De
2252 3381 2530 3436 diametro
2563 3381 2862 3448 circulum,
2913 3381 2980 3435 de
3030 3381 3241 3436 circulo
3285 3381 3649 3451 diametrum,
3698 3384 3770 3438 de

2073 3471 2350 3525 diametro
2373 3475 2430 3524 et
2457 3469 2669 3524 circulo
2700 3485 2894 3524 aream
2942 3469 3220 3537 invenire,
3273 3486 3336 3523 ac
3376 3469 3508 3524 ideo
3548 3471 3768 3526 diame-

2071 3564 2223 3614 trum
2278 3561 2345 3614 ad
2389 3559 2756 3620 diametrum.
2811 3564 2866 3612 et
2911 3559 3186 3612 circulum
3237 3558 3306 3613 ad
3361 3559 3660 3628 circulum,
3711 3566 3770 3616 et

2069 3664 2260 3701 aream
2312 3647 2379 3701 ad
2431 3663 2622 3702 aream
2664 3663 2998 3718 comparare
3049 3647 3162 3700 illis
3199 3647 3363 3700 facile
3412 3653 3496 3700 est
3548 3650 3650 3719 qui
3697 3651 3767 3703 de

2067 3737 2278 3790 talibus
2331 3741 2754 3790 consueverunt
2808 3751 3027 3790 curare.
3073 3735 3516 3792 Crassitudinem
3574 3741 3763 3792 autem

2069 3826 2140 3880 ad
2197 3826 2636 3880 crassitudinem
2690 3825 2984 3895 quomodo
3034 3828 3220 3895 potest
3266 3841 3615 3896 comparare,
3667 3827 3766 3897 qui

2067 3914 2312 3968 necdum
2343 3911 2480 3984 quid
2509 3913 2582 3967 sit
2629 3912 2948 3967 crassitudo
2993 3912 3292 3984 percepit?
3324 3914 3575 3967 Duarum
3609 3915 3765 3968 enim

2067 4018 2257 4056 rerum
2291 4001 2553 4056 notitiam
2585 4001 2921 4056 earumdem
2953 4001 3300 4072 comparatio
3331 4017 3445 4055 non
3471 4003 3762 4073 prmcedit,

2067 4091 2163 4145 sed
2194 4090 2579 4160 subsequitur.
2614 4091 2771 4145 Unde
2801 4090 2866 4144 ﬁt
2906 4095 2971 4144 ut
3017 4090 3456 4144 crassitudinem
3505 4091 3762 4162 aliquam

2064 4180 2430 4236 crassitudini
2486 4180 2716 4234 alterius
2763 4180 3223 4250 octuplamesse
3271 4180 3762 4249 comprehendere

2063 4274 2331 4340 nequeat,
2365 4267 2465 4338 qui
2495 4268 2678 4322 nescit
2704 4268 2854 4322 unde
2883 4268 3159 4339 cujusque
3208 4266 3404 4321 circuli
3447 4267 3763 4323 crassitudo

2063 4363 2402 4412 concrescat.
2436 4356 2585 4421 Quid
2615 4360 2807 4411 autem
2833 4357 2952 4427 jam
2983 4356 3117 4410 inde
3158 4355 3302 4409 mihi
3351 4355 3760 4427 percepissem,

2063 4445 2339 4517 aperiam,
2388 4462 2526 4512 non,
2574 4449 2637 4499 ut
2685 4445 2868 4511 aiunt,
2918 4447 3218 4500 Minervam
3267 4447 3499 4510 litteras,
3548 4447 3648 4501 sed
3696 4452 3764 4502 ut

2065 4539 2378 4589 monstrem
2411 4534 2547 4606 quid
2576 4534 2848 4601 sentiam;
2889 4539 3193 4605 quatenus,
3236 4533 3283 4588 si
3313 4549 3462 4603 erro,
3499 4535 3570 4589 ad
3613 4536 3761 4590 viam

2062 4641 2095 4678 a
2124 4625 2428 4694 sagacitate
2457 4628 2644 4678 vestra
2672 4624 2913 4678 reducar
2944 4638 2958 4677 :
2990 4624 3037 4677 si
3081 4623 3232 4678 viam
3263 4623 3518 4678 titubans
3566 4629 3759 4690 teneo,

2061 4713 2382 4767 auctoritati
2439 4713 2612 4766 vestri
2669 4728 2928 4766 assensus
2984 4711 3218 4766 innitar.
3280 4712 3386 4766 Sed
3445 4717 3510 4767 ut
3566 4714 3634 4768 ad
3699 4714 3760 4769 id

254 4801 471 4873 grande
500 4801 756 4854 futurum
786 4816 974 4869 spero.
1009 4800 1117 4854 Sed
1156 4816 1273 4853 non
1305 4799 1459 4854 aliud
1492 4799 1779 4870 quoddam
1811 4816 1947 4870 pro-
1988 4798 2029 4853 C
2060 4802 2214 4873 quod
2247 4803 2374 4856 volo
2404 4801 2759 4872 perveniam,
2792 4802 2861 4856 ab
2892 4800 2981 4855 his
3012 4817 3139 4872 quae
3167 4801 3428 4872 pluribus
3458 4807 3596 4856 nota
3624 4808 3760 4858 sunt

249 4907 482 4960 ponam,
527 4895 588 4944 ut
627 4894 726 4942 aut
759 4905 825 4941 ex
865 4890 990 4952 hoc,
1035 4889 1187 4959 quod
1229 4889 1427 4954 timeo,
1477 4888 1662 4958 magis
1713 4889 1955 4942 doleam

253 4984 310 5035 et
337 4978 551 5034 doloris
583 4976 918 5048 magnitudo
957 4993 1055 5030 vos
1098 4977 1287 5031 ﬂectat
1330 4977 1400 5031 ad
1429 4977 1653 5031 veniam
1688 4993 1700 5030 :
1730 4982 1830 5030 aut
1871 4993 1958 5031 ex,

250 5071 380 5135 hoc,
411 5067 565 5138 quod
587 5082 772 5138 spero,
805 5065 984 5136 magis
1015 5066 1314 5136 gaudeam,
1346 5071 1403 5120 et
1432 5065 1629 5136 gaudii
1675 5065 1792 5118 mei
1821 5067 1944 5135 ple-

249 5158 452 5212 nitudo
481 5155 1009 5211 remunerationem
1051 5153 1210 5209 vobis
1253 5155 1522 5225 imploret
1558 5154 1832 5208 futuram.
1880 5155 1945 5208 Et

248 5248 357 5301 hoc
387 5246 618 5317 quidem
651 5245 808 5316 quod
846 5261 997 5298 nunc
1035 5259 1360 5314 proponere
1406 5244 1555 5312 volo,
1605 5241 1814 5314 quibus
1859 5257 1945 5296 ra-

246 5336 501 5390 tionibus
559 5334 763 5388 discuti
823 5336 880 5386 et
937 5333 1003 5387 ad
1061 5333 1413 5387 intellectum
1480 5347 1665 5402 usque
1739 5330 1941 5385 deduci

245 5425 441 5495 possit,
501 5423 701 5477 videor
749 5421 970 5489 videre;
1010 5423 1107 5476 sed
1157 5422 1227 5475 ad
1275 5419 1771 5475 determinandum
1818 5419 1942 5473 dili-

246 5513 500 5583 gentiam
554 5515 801 5565 vestram
850 5517 1134 5582 exspecto,
1185 5516 1248 5564 ut
1281 5510 1426 5564 tanti
1476 5508 1582 5561 viri
1637 5509 1940 5562 auctoritas

245 5600 648 5671 praeceptionis
677 5616 820 5655 meae
863 5600 967 5654 ﬁat
1013 5605 1112 5653 aut
1155 5598 1430 5652 correctio
1476 5600 1575 5650 aut
1618 5597 1932 5668 integritas.

2067 4891 2358 4961 incipiam.

2229 4994 2257 5013 ο
2846 4976 2973 5048 gn

2126 5067 2482 5121 Diametrum
2511 5070 2542 5120 7
2575 5066 2785 5137 pedum
2819 5065 2962 5120 mihi
2993 5065 3158 5120 facio.
3194 5067 3272 5120 Ex
3320 5067 3427 5121 hoc
3474 5066 3755 5124 circulum

2053 5155 2132 5208 sic
2161 5171 2378 5226 quaero.
2412 5155 2656 5226 Triplico
2687 5155 2851 5223 illud,
2888 5159 2946 5209 et
2985 5155 3107 5225 ejus
3141 5156 3442 5227 septimam
3489 5157 3755 5228 triplica—

2051 5243 2193 5298 tioni
2219 5245 2303 5298 illi
2347 5245 2693 5315 superaddo,
2740 5249 2795 5298 et
2832 5244 2912 5298 sic
2959 5245 3239 5299 circulum
3274 5245 3333 5299 in
3365 5245 3570 5315 viginti
3608 5247 3753 5302 duos

2050 5333 2227 5404 pedes
2257 5333 2456 5389 habeo.
2477 5334 2793 5389 'Medietate
2824 5337 3016 5388 autem
3073 5334 3359 5401 diametri,
3412 5335 3564 5406 quod
3601 5343 3688 5392 est
3718 5340 3748 5393 3

2050 5427 2106 5476 et
2137 5423 2329 5489 semis,
2363 5428 2419 5477 et
2451 5423 2754 5477 medietate
2786 5422 3002 5489 circuli,
3054 5439 3184 5494 quae
3233 5428 3314 5477 est
3364 5427 3448 5489 Η,
3497 5424 3748 5480 invicem

2048 5509 2464 5580 multiplicatis,
2522 5510 2676 5564 venit
2725 5510 2870 5564 mihi
2921 5527 3051 5564 area
3109 5511 3362 5582 ejusdem
3418 5511 3618 5567 circuli
3677 5517 3744 5570 38

2047 5599 2220 5670 pedes
2273 5603 2329 5653 et
2379 5599 2568 5653 semis.
2637 5601 2771 5653 Ecce
2826 5599 3195 5668 diametrum,
3255 5616 3381 5655 ecce
3438 5601 3740 5665 circulum,
