3950 6314
196 318 327 371 1105

1348 316 1474 369 LIB.
1518 315 1611 369 DE
1648 312 2150 370 CRASSITUDINE
2190 313 2523 371 SPHERIE.

3550 326 3681 377 1106

188 465 315 504 ecce
345 463 536 501 aream
585 446 800 501 habeo!
840 447 951 502 Sed
996 452 1059 500 ut
1088 446 1519 500 crassitudinem
1563 443 1872 509 inveniam,
1917 445 1958 496 Α
2062 446 2196 498 Ecce
2227 446 2285 499 in
2317 447 2423 500 hac
2462 448 2685 517 sphara
2734 449 3076 504 diametrum
3110 457 3194 505 est
3220 457 3251 505 7
3286 453 3525 522 pedum,
3572 454 3681 507 cir-

187 539 533 591 diametrum
587 536 741 590 idem
790 535 1011 601 cubico,
1045 540 1102 589 et
1154 535 1365 588 cubum
1419 533 1561 587 mihi
1593 532 1877 601 ejusmodi

184 626 349 690 facio,
395 625 493 697 qui
510 621 923 694 ’globositatem
958 624 1193 693 sphara
1237 623 1513 677 lateribus
1558 622 1872 691 contingat,

185 715 410 784 angulis
444 718 633 767 autem
683 716 738 765 et
771 712 935 765 lineis
979 712 1047 765 ab
1093 713 1302 781 angulo
1336 711 1394 763 in
1430 711 1704 780 angulum
1739 725 1877 780 pro-

183 802 516 856 cedentibus
565 801 817 855 excedat.
864 800 948 853 Ab
979 800 1309 870 hujusmodi
1353 800 1497 853 cubo
1539 797 1873 852 crassitudi-

186 907 317 944 nem
364 891 548 959 illam,
592 906 721 961 qua
769 906 800 943 a
831 889 1169 959 globositate
1217 904 1394 959 usque
1435 888 1500 941 ad
1550 888 1793 957 angulos
1822 892 1875 940 et

182 980 362 1034 lineas
411 979 689 1049 procedit,
742 994 968 1031 necesse
1018 980 1101 1031 est
1141 978 1408 1043 recidere,
1445 982 1508 1029 ut
1552 976 1669 1029 hac
1700 975 1877 1029 recisa

180 1069 355 1120 solius
397 1068 636 1137 sphara
668 1066 927 1120 soliditas
956 1069 1269 1119 remaneat.

252 1157 405 1208 Hanc
436 1155 773 1209 recisionem
818 1155 923 1207 hoc
954 1154 1125 1207 modo
1159 1153 1318 1207 facio.
1372 1153 1666 1206 Summam
1704 1152 1876 1205 totius

179 1245 310 1298 cubi
353 1260 459 1314 per
507 1243 801 1297 vicesimas
846 1243 1062 1312 primas
1109 1241 1324 1295 divido.
1360 1242 1500 1295 Hinc
1540 1242 1678 1294 tollo
1722 1241 1874 1293 vice-

180 1333 387 1386 simam
413 1332 658 1403 primam
688 1336 907 1402 partem
938 1332 1007 1385 de
1037 1331 1198 1398 cubo,
1234 1346 1363 1401 qua
1396 1335 1479 1383 est
1512 1334 1575 1384 16

182 1422 502 1491 multiplico
559 1421 765 1485 decies,
818 1425 873 1474 et
914 1420 1096 1473 habeo
1133 1420 1439 1472 recisiones
1487 1419 1633 1472 cubi.
1675 1421 1875 1472 Postea

182 1508 470 1576 undecies,
523 1515 580 1563 et
628 1509 809 1563 habeo
839 1507 1240 1577 globositatem
1276 1508 1537 1577 sphara,
1582 1507 1639 1559 id
1671 1514 1776 1575 est,
1809 1523 1873 1559 ex

182 1598 274 1651 his
322 1596 615 1669 vigesimis
663 1597 866 1667 primis
920 1596 1302 1650 excisionibus
1333 1596 1464 1649 cubi
1518 1597 1728 1665 deputo
1778 1599 1869 1661 10;

180 1686 433 1757 reliquas
521 1685 881 1740 crassitudini
974 1684 1114 1757 food.
1204 1688 1346 1739 Petr.

182 1776 427 1845 sphara
475 1775 763 1845 relinquo.
821 1774 979 1838 Quod
1020 1774 1172 1828 idem
1221 1780 1386 1838 esset,
1420 1774 1467 1826 si
1515 1774 1692 1828 totius
1744 1773 1876 1827 cubi

182 1880 469 1917 summam
520 1863 787 1918 undecies
834 1864 1121 1930 ducerem,
1178 1867 1235 1916 et
1271 1879 1338 1916 ex
1369 1863 1466 1916 illa
1513 1862 1874 1916 concretione

183 1968 358 2006 unam
410 1953 738 2006 vicesimam
789 1951 1037 2023 primam
1084 1952 1457 2005 subducerem
1508 1951 1669 2021 [Petr.
1706 1952 1874 2005 duce-

181 2039 349 2113 rem].
406 2041 535 2096 Hac
567 2042 720 2095 enim
767 2040 1037 2094 vicesima
1081 2040 1272 2110 prima
1304 2046 1462 2095 tanta
1508 2044 1591 2095 est
1628 2038 1869 2112 [Tegerm

181 2128 375 2201 esset],
429 2133 657 2201 quantae
685 2129 798 2183 illa
834 2133 892 2184 11
940 2146 1069 2201 qua
1098 2129 1376 2183 vicesima
1406 2129 1609 2199 prima
1642 2145 1706 2183 ex
1736 2129 1872 2182 sim-

180 2218 320 2289 plici
344 2218 487 2273 cubo
521 2218 891 2272 tollebantur.
946 2289 974 2357 §
1016 2290 1090 2342 In

260 2380 327 2432 Ut
355 2377 595 2432 lucidius
623 2376 725 2432 ﬁat
762 2377 917 2446 quod
947 2376 1209 2442 dicimus,
1244 2376 1413 2430 certis
1444 2377 1696 2430 numeris
1725 2392 1874 2430 cras-

182 2468 463 2521 situdines
512 2468 652 2521 duas
683 2466 1124 2537 assignabimus,
1161 2471 1223 2518 ut
1266 2464 1585 2535 assignatas
1632 2466 1874 2520 invicem

179 2572 513 2625 comparare
559 2555 844 2625 possimus
879 2571 891 2609 :
921 2571 1035 2608 non
1084 2560 1148 2608 ut
1184 2554 1307 2608 hac
1355 2560 1452 2608 aut
1482 2554 1703 2607 veriora
1743 2554 1872 2621 sint,

180 2648 283 2698 aut
314 2660 412 2697 vos
461 2645 723 2714 ignorare
772 2644 1093 2708 credamus,
1144 2644 1239 2697 sed
1273 2648 1352 2709 ut,
1396 2643 1498 2695 viis
1546 2643 1755 2696 nostris
1788 2660 1876 2696 ve-

180 2736 316 2786 stra
377 2732 686 2802 diligentia
734 2731 1065 2785 monstratis
1122 2747 1155 2784 a
1200 2731 1362 2786 vobis
1408 2730 1673 2802 deinceps
1721 2732 1876 2786 ducti

181 2837 377 2876 errare
409 2820 747 2874 nesciamus.

256 2910 488 2978 Circuli,
522 2910 683 2980 cujus
726 2908 1067 2963 diametrum
1096 2913 1179 2962 est
1208 2913 1240 2963 7
1271 2908 1502 2979 pedum,
1548 2909 1872 2963 crassitudi-

1443 1682 1869 1775 crassitudines]
1914 1721 1954 1775 B

1989 534 2149 586 culus
2192 538 2278 604 22,
2320 552 2453 590 area
2503 540 2569 592 38
2600 543 2657 591 et
2685 538 2876 604 semis,
2920 538 3176 593 soliditas
3210 544 3308 594 1⁸79
3340 546 3397 596 et
3426 542 3519 597 SS.
3553 543 3679 596 Non

1988 628 2072 676 est
2100 630 2290 678 autem
2342 626 2667 680 mirandum
2700 628 2746 680 si
2791 628 2969 681 cubus
3002 628 3062 681 in
3094 630 3514 685 excessionibus
3562 632 3679 685 suis

1987 712 2105 765 fere
2163 714 2526 769 medietatem
2595 716 2986 770 crassitudinis
3054 717 3330 781 obtineat,
3402 736 3529 773 cum
3589 720 3681 774 hic

1987 801 2299 870 quadratus
2343 803 2401 855 in
2451 804 2688 873 planitie
2720 805 2780 857 in
2830 807 3678 878 supergressionibusisuis:vix

1994 888 2153 961 [Patr
2194 906 2299 943 nec
2327 894 2473 958 tert.]
2508 893 2735 945 tertiam
2767 898 2989 963 partem
3035 899 3292 950 retineat.
3325 896 3424 950 Hic
3466 897 3678 968 quippe

1986 979 2047 1031 in
2079 980 2427 1049 quadratura
2457 997 2587 1034 cum
2618 983 3071 1054 unumquodque
3106 984 3252 1037 latus
3282 989 3312 1037 7
3342 985 3415 1038 sit
3443 987 3677 1055 pedum,

1987 1068 2301 1121 secundum
2356 1070 2601 1123 laterum
2669 1070 3088 1125 dimensionem
3142 1072 3385 1142 [Tegerm
3445 1074 3676 1128 divisio-

1986 1155 2163 1228 nem],
2196 1173 2390 1210 aream
2440 1160 2508 1211 49
2553 1157 2804 1212 habebit.
2867 1161 3123 1230 Cumque
3184 1161 3425 1214 circulus
3458 1164 3561 1227 'ex.
3589 1164 3679 1216 his

1986 1245 2093 1298 sibi
2122 1248 2189 1300 38
2221 1249 2277 1299 et
2327 1247 2625 1315 acceperit,
2681 1248 3032 1317 quadratura
3083 1249 3199 1302 suis
3247 1251 3513 1304 excisuris
3562 1268 3680 1305 non

1986 1334 2093 1388 nisi
2132 1335 2195 1388 10
2226 1339 2281 1389 et
2304 1335 2339 1388 S
2370 1334 2659 1389 retinebit.
2746 1406 2773 1475 ἓ
2822 1408 2891 1459 Iv

2056 1494 2241 1557 Quare
2297 1497 2486 1546 autem
2554 1494 2700 1547 mihi
2746 1494 2822 1547 ita
2884 1511 3005 1549 esse
3068 1496 3345 1563 videatur,
3410 1500 3456 1551 si
3518 1503 3676 1558 vobis

1985 1598 2100 1635 non
2131 1582 2202 1634 sit
2244 1582 2602 1636 fastidiosum
2642 1583 2862 1650 audire,
2897 1585 3039 1637 mihi
3070 1600 3185 1637 non
3232 1588 3337 1639 erit
3368 1604 3676 1645 onerosum

1985 1672 2190 1725 dicere.
2248 1670 2347 1724 Hic
2376 1687 2627 1741 namque
2658 1672 2718 1726 id
2757 1677 2842 1725 est
2874 1688 2885 1725 :
2917 1674 3249 1743 quadratus,
3299 1676 3344 1729 si
3379 1678 3587 1747 septies
3615 1680 3677 1733 in

1986 1761 2167 1814 altum
2197 1760 2453 1827 tollatur,
2483 1759 2583 1815 343
2629 1762 2802 1831 pedes
2832 1762 3041 1831 reddit,
3075 1763 3430 1819 excessiones
3462 1768 3679 1822 scilicet

1984 1865 2113 1903 suas
2166 1852 2221 1902 et
2274 1864 2463 1902 aream
2522 1849 2720 1903 circuli
2779 1866 2969 1904 secum
3034 1851 3093 1904 in
3152 1850 3329 1906 altum
3392 1855 3677 1911 deducens

1987 1934 2153 2007 [Petr.
2223 1936 2477 2005 ducens].
2545 1936 2763 2006 Septies
2810 1938 2960 1990 enim
3018 1940 3081 1992 10
3120 1943 3176 1992 et
3235 1941 3425 2006 semis,
3488 1943 3545 1997 id
3594 1950 3679 1999 est

1984 2024 2362 2091 excessiones,
2414 2024 2564 2078 ﬁunt
2592 2028 2661 2080 73
2696 2029 2751 2079 et
2797 2025 3001 2092 semis;
3052 2031 3108 2080 et
3155 2029 3365 2097 septies
3395 2032 3461 2084 38
3512 2037 3567 2085 et
3597 2050 3678 2087 se-

1982 2113 2112 2175 mis,
2162 2113 2219 2167 id
2250 2118 2335 2166 est
2379 2129 2511 2167 area
2553 2113 2772 2182 circuli,
2824 2115 2972 2168 fiunt
3012 2118 3116 2170 269
3146 2121 3202 2169 et
3243 2119 3434 2171 semis.
3468 2120 3575 2176 Sed
3606 2126 3676 2177 '73

1984 2208 2041 2255 et
2069 2201 2259 2269 semis,
2294 2205 2351 2256 et
2392 2204 2497 2256 269
2530 2209 2587 2256 et
2634 2202 2826 2264 semis,
2852 2204 3102 2257 reddunt
3149 2206 3271 2260 343.
3323 2207 3508 2271 Quare
3539 2226 3675 2280 qua-

1985 2291 2213 2344 dratum
2265 2290 2325 2343 in
2367 2292 2547 2344 altum
2592 2291 2795 2345 tollere
2840 2291 2986 2346 nihil
3026 2297 3110 2347 est
3152 2294 3308 2348 aliud
3339 2296 3449 2350 nisi
3479 2314 3676 2352 exces-

1984 2379 2173 2432 siones
2232 2395 2359 2432 suas
2393 2383 2446 2433 et
2499 2379 2697 2433 circuli
2741 2395 2935 2434 aream
2990 2396 3185 2436 secum
3241 2383 3539 2440 deducere.
3591 2388 3676 2442 Ab

1982 2467 2081 2520 illo
2124 2466 2301 2536 igitur
2333 2468 2492 2531 cubo,
2529 2468 2628 2538 qui
2660 2485 2724 2522 ex
2767 2485 2897 2522 area
2926 2470 2994 2524 49
3043 2471 3255 2540 pedum
3305 2489 3674 2529 consurrexe-

1982 2560 2092 2622 rat,
2125 2556 2173 2608 si
2204 2556 2331 2626 quis
2371 2555 2582 2626 septies
2612 2558 2677 2610 10
2709 2561 2766 2610 et
2795 2556 2885 2625 S.,
2915 2558 2973 2612 id
3002 2563 3087 2612 est
3117 2562 3183 2613 73
3215 2564 3272 2613 et
3300 2560 3352 2615 S.
3385 2562 3672 2629 reciderit,

1985 2644 2243 2697 nondum
2285 2644 2620 2713 spharicam
2671 2645 3072 2713 globositatem
3123 2649 3411 2718 expolivit,
3460 2651 3557 2704 sed
3588 2668 3675 2705 se-

1985 2732 2233 2786 cundum
2285 2731 2529 2785 formam
2571 2731 2752 2785 modii
2795 2733 2864 2787 ab
2897 2736 3105 2804 aquali
3140 2752 3270 2789 area
3305 2737 3362 2789 in
3394 2740 3678 2809 aqualem

1985 2836 2177 2874 aream
2234 2820 2537 2874 deductam
2594 2821 2906 2889 constituit,
2965 2823 3024 2876 in
3077 2824 3251 2895 pedes
3301 2826 3516 2881 scilicet
3572 2831 3675 2883 269

1986 2913 2042 2963 et
2068 2908 2122 2963 8.

181 3014 317 3051 nem
349 2998 428 3051 sic
480 3013 692 3068 quare.
728 2997 935 3051 Cubico
986 2996 1350 3062 diametrum,
1380 3001 1434 3049 et
1468 2997 1591 3051 dico
1626 3014 1638 3050 :
1669 2997 1877 3067 septies
1914 3003 1953 3058 C
2055 2997 2135 3049 Ex
2189 2997 2295 3049 hac
2324 3001 2519 3049 autem
2563 2996 2750 3051 forma
2793 3014 2905 3051 non
2936 2999 3326 3069 medietatem,
3361 3018 3432 3056 ne
3462 3003 3523 3057 in
3554 3020 3668 3058 mo-

182 3091 403 3156 septem
451 3086 600 3140 ﬁunt
628 3087 717 3141 49.
771 3086 986 3140 Rursus
1034 3085 1242 3155 septies
1280 3086 1347 3139 49
1391 3086 1537 3140 fiunt
1583 3087 1703 3141 343.
1742 3088 1876 3140 Ecce

183 3177 363 3230 cubus
397 3176 521 3245 ejus
553 3174 839 3246 quadrati,
871 3175 1034 3245 cujus
1066 3175 1517 3245 unumquodque
1550 3175 1698 3228 latus
1739 3180 1771 3228 7
1804 3176 1879 3230 sit

182 3265 421 3335 pedum,
472 3268 528 3318 et
558 3264 650 3317 hic
698 3264 875 3317 cubus
917 3263 1319 3333 globositatem
1367 3263 1607 3334 sphara
1660 3281 1723 3317 ex
1754 3269 1874 3318 toto

182 3352 496 3408 concludit.

254 3445 324 3498 Ut
389 3447 581 3496 autem
645 3441 1077 3513 supercedentia
1148 3441 1497 3507 recidantur,
1558 3441 1637 3495 sic
1706 3442 1871 3495 facio.

181 3534 339 3587 Tollo
389 3531 724 3602 vigesimam
772 3532 1019 3602 primam
1051 3547 1116 3584 ex
1162 3531 1264 3584 343
1310 3547 1438 3600 qua
1470 3537 1554 3583 est
1606 3534 1669 3584 16
1700 3536 1756 3585 et
1781 3531 1873 3585 SS.

184 3624 340 3677 Hanc
369 3621 415 3675 si
465 3620 652 3675 decies
700 3621 865 3688 duco,
910 3620 1096 3675 habeo
1140 3622 1237 3673 l63
1294 3625 1348 3672 et
1377 3621 1471 3686 SS,
1523 3620 1876 3673 excessiones

182 3712 399 3767 scilicet
445 3710 593 3764 cubi.
628 3710 686 3765 Si
733 3709 1020 3776 undecies,
1061 3709 1245 3763 habeo
1278 3712 1376 3763 179
1421 3714 1476 3762 et
1506 3709 1602 3777 SS,
1636 3710 1875 3778 sphaera

183 3800 397 3854 scilicet
422 3798 881 3852 crassitudinem.

257 3891 328 3944 Ut
372 3887 729 3942 manifestius
778 3888 877 3941 ﬁat
909 3888 1063 3957 quod
1113 3887 1378 3952 dicimus,
1427 3903 1557 3940 cum
1595 3888 1874 3958 quadrato

181 3977 462 4032 circulum
514 3975 929 4046 subpingamus
990 3974 1237 4045 [Tegerm
1296 3973 1757 4047 subpingimus],
1815 3982 1876 4030 ut

181 4067 303 4121 visa
340 4066 401 4119 in
445 4064 685 4135 planitie
736 4064 958 4119 facilius
988 4064 1389 4135 intelligantur
1438 4062 1601 4135 [Pctr.
1659 4064 1873 4120 intelli-

180 4153 367 4227 gatur]
402 4154 460 4207 in
486 4152 881 4207 crassitudine.

560 4870 825 4926 Soliditas
858 4872 957 4924 179
988 4870 1085 4925 SS.
1120 4870 1359 4926 Diamet.
1394 4877 1445 4927 7.

659 5068 805 5119 Area
834 5068 920 5121 38.
956 5066 1013 5121 8.

876 4344 1110 4407 CiruulUs
1136 4362 1203 4417 22

564 4452 629 4507 ,πί

560 4870 825 4926 Soliditas
858 4872 957 4924 179
988 4870 1085 4925 SS.
1120 4870 1359 4926 Diamet.
1394 4877 1445 4927 7.

659 5068 805 5119 Area
834 5068 920 5121 38.
956 5066 1013 5121 8.

1988 3085 2124 3139 dum
2156 3084 2332 3138 trochi
2364 3101 2430 3138 ex
2463 3089 2707 3155 utraque
2751 3092 2913 3156 parte
2949 3093 3268 3158 acueretur,
3308 3092 3406 3144 sed
3451 3092 3678 3147 tertiam

1987 3179 2229 3245 partem,
2299 3190 2428 3245 qua
2487 3178 2573 3228 est
2618 3177 2685 3229 89
2717 3179 2773 3228 et
2835 3175 2966 3245 888,
3036 3178 3235 3231 tollere
3285 3178 3579 3247 debemus,
3614 3188 3679 3236 ut

1988 3263 2272 3331 spharam
2325 3262 2697 3331 expoliamus.
2758 3263 2868 3318 Sed
2920 3264 3041 3317 hac
3092 3265 3259 3319 tertia
3310 3282 3425 3320 non
3483 3272 3676 3323 tamen

1986 3350 2225 3404 omnino
2275 3352 2537 3404 rotunda
2569 3351 2791 3417 forma,
2824 3352 2882 3405 id
2928 3359 3012 3406 est
3046 3355 3178 3420 [cod.
3215 3356 3370 3409 Petr.
3419 3356 3528 3411 Sed
3555 3357 3678 3411 hac

1986 3443 2027 3493 t.
2064 3439 2323 3493 rotunda
2352 3438 2553 3493 forma
2582 3455 2699 3493 non
2725 3445 2919 3494 tamen
2949 3442 3018 3496 de
3044 3458 3288 3497 numero
3317 3443 3376 3497 id
3411 3450 3517 3513 est,
3552 3450 3671 3513 etc.]

1986 3531 2052 3582 89
2084 3533 2143 3582 et
2194 3528 2304 3583 888
2335 3532 2391 3581 et
2445 3534 2476 3581 ’7
2526 3530 2897 3598 excessiones,
2947 3531 3005 3585 id
3056 3536 3140 3586 est
3188 3537 3253 3588 73
3307 3538 3362 3587 et
3396 3535 3476 3601 S.,
3520 3534 3673 3589 idem

1984 3617 2233 3671 reddunt
2261 3617 2411 3687 quod
2453 3620 2516 3671 10
2545 3618 2830 3673 vicesima
2859 3620 3085 3690 prima,
3127 3637 3255 3692 qua
3284 3622 3355 3676 ob
3388 3624 3497 3676 hoc
3534 3623 3677 3678 inte-

1983 3722 2087 3774 gro
2133 3705 2276 3758 cubo
2317 3706 2685 3772 tollebantur,
2723 3711 2784 3761 ut
2827 3709 3050 3779 sphara
3098 3710 3355 3780 undique
3396 3712 3674 3766 rotunda-

1982 3798 2167 3860 retur;
2203 3798 2259 3847 et
2289 3794 2377 3848 lia
2405 3795 2602 3849 decem
2640 3797 2930 3866 vigesima
2959 3797 3164 3866 prima
3206 3799 3276 3853 ad
3308 3799 3673 3854 medietatem

1983 3882 2111 3935 cubi
2169 3881 2287 3936 fere
2339 3884 2730 3952 pervenirent,
2779 3886 2889 3939 nisi
2938 3886 3374 3957 quadragesima
3427 3889 3673 3943 secunda

1984 3969 2248 4040 ejusdem
2280 3970 2413 4024 cubi
2441 3970 2747 4041 impediret
2783 3972 3027 4045 [Tegern.
3059 3974 3515 4047 impedirentur]

2761 4060 2889 4130 ἓν.

2056 4148 2175 4199 Jam
2226 4146 2391 4200 facile
2445 4152 2531 4201 est
2558 4148 2774 4212 videre,
2828 4165 2955 4203 cum
2990 4150 3299 4221 quadratus
3351 4166 3456 4204 nec
3508 4150 3674 4205 tertia

1987 4234 2148 4299 [Petr.
2185 4248 2290 4285 nec
2332 4232 2392 4285 in
2441 4232 2632 4305 tertia]
2688 4236 2777 4288 sui
2827 4236 3103 4290 circulum
3158 4238 3437 4303 devincat,
3494 4253 3673 4307 quare

1913 4347 1955 4401 ι)
1984 4321 2161 4374 cubus
2208 4321 2324 4374 fere
2356 4321 2442 4374 sui
2490 4322 2793 4378 medietate
2839 4326 3078 4395 sphaera
3127 4325 3526 4396 globositatem
3576 4343 3667 4380 su-

1983 4410 2275 4481 pervadat.
2309 4410 2417 4465 Sed
2446 4411 2567 4465 hac
2596 4412 2779 4466 forma
2808 4414 3007 4481 modii,
3037 4430 3165 4484 qua
3191 4414 3383 4468 recisis
3416 4414 3671 4486 undique

1982 4498 2255 4553 lateribus
2293 4499 2423 4553 cubi
2451 4502 2811 4571 rotundatur,
2854 4502 3113 4574 quamvis
3155 4503 3226 4557 ad
3270 4503 3508 4572 plenum
3555 4520 3672 4559 non

1983 4586 2183 4657 possit,
2254 4586 2612 4657 aliquatenus
2674 4594 2870 4644 tamen
2931 4590 3335 4657 subscribatur,
3395 4594 3461 4644 ut
3514 4592 3670 4663 quod

1985 4674 2190 4728 inertia
2223 4674 2437 4745 lingua
2466 4679 2724 4745 occultat,
2757 4678 2967 4733 veritas
2993 4678 3230 4749 pictura
3261 4677 3500 4750 aperiat.

2468 4924 2710 5060 x'i/hac
2738 5005 2823 5055 est
2848 5002 3023 5073 dupla

2412 5054 2468 5223 /
2573 5132 2582 5139 ,
2697 5080 2925 5151 prioris.

2651 5162 2714 5215 14
2745 5158 2925 5213 diame

2651 5162 2714 5215 14
2745 5158 2975 5213 diamet.

2952 5244 3207 5255 _——._..——-——

2411 4847 3232 5663 ὃ

2412 5054 2468 5223 /
2573 5132 2582 5139 ,
2697 5080 2925 5169 prioris.

2651 5162 2714 5215 14
2745 5159 2975 5213 diamet.
