3950 6346
271 319 290 369 1
309 319 326 369 1
1380 312 1774 370 ADELBOLDI
1813 313 2316 372 TRAJECTENSIS
2361 315 2671 372 EPISCOPI

338 449 476 503 Ecce
504 447 686 503 videri
732 451 923 516 potest
965 452 1246 518 quantum
1285 450 1414 519 post
1461 446 1796 501 recisionem
1839 462 1968 502 acu—
2003 449 2050 502 A

269 536 494 592 minum
545 537 614 591 de
657 536 804 590 cubo
844 536 1215 590 recidendum
1264 535 1338 589 sit
1379 534 1449 589 de
1480 534 1671 590 medio
1717 533 1964 605 [Teqern.

273 626 491 696 modio]
524 631 588 680 ut
616 641 760 696 pura
790 625 1100 695 globositas
1132 624 1372 694 sphaerae
1401 627 1716 678 remaneat.

343 716 481 769 Ecce
529 714 666 768 satis
719 714 934 768 dictum
967 729 1088 767 esse
1128 713 1353 767 videtur
1403 713 1696 783 quomodo
1748 728 1816 766 ex
1847 712 1969 767 dia-

273 808 458 858 metro
491 809 520 857 7
552 802 758 873 pedum
809 802 1121 856 crassitudo
1167 803 1406 872 sphaerae
1453 805 1796 855 concrescat.
1846 803 1972 856 Jam

273 907 428 946 nunc
471 891 645 945 aliam
692 895 1027 958 statuamus,
1074 906 1204 961 quae
1253 906 1320 944 ex
1353 889 1518 962 [Petra
1552 889 1607 962 a]
1647 889 1823 960 duplo
1855 889 1971 943 dia-

275 984 459 1034 metro
511 979 829 1050 proveniat.
881 978 966 1032 Sit
1016 979 1080 1032 14
1137 978 1500 1032 diametrum.
1555 979 1672 1031 Hoc
1718 977 1916 1031 cubico
1957 993 1970 1030 :

277 1067 668 1140 quaterdecies
740 1067 804 1121 14
861 1067 1255 1138 quaterdecies
1311 1067 1459 1121 fiunt
1512 1067 1672 1120 2744.
1740 1066 1838 1120 Hic
1889 1070 1974 1119 est

277 1157 454 1210 cubus
513 1157 800 1226 sphmram
848 1155 1214 1210 concludens.
1276 1156 1456 1225 Hujus
1527 1155 1576 1208 si
1636 1154 1974 1226 vigesimam

276 1245 525 1314 primam
557 1249 778 1316 partem
810 1260 1098 1315 accepero,
1131 1260 1259 1314 quae
1293 1249 1378 1298 est
1417 1246 1516 1299 130
1547 1249 1603 1298 et
1633 1244 1725 1310 SS,
1762 1249 1815 1297 et
1846 1259 1972 1296 eam

280 1333 467 1387 decies
496 1333 736 1401 duxero,
765 1333 996 1387 venient
1026 1333 1170 1386 mihi
1206 1335 1339 1388 1306
1365 1338 1417 1387 et
1447 1332 1520 1388 SS
1545 1349 1557 1399 ;
1591 1337 1648 1386 et
1675 1331 1769 1386 hic
1794 1331 1973 1386 cubus

281 1421 446 1492 fPetr.
497 1427 556 1477 et
584 1422 645 1476 in
684 1422 774 1476 his
821 1422 1022 1491 cubus]
1073 1422 1358 1493 sphaeram
1409 1421 1645 1476 excedit.
1679 1421 1737 1476 Si
1781 1425 1972 1474 autem

278 1509 568 1579 undecies,
611 1510 760 1564 ﬁunt
811 1511 946 1564 1437
979 1513 1034 1564 et
1085 1509 1190 1576 SS;
1227 1512 1284 1563 et
1340 1510 1464 1564 haec
1515 1516 1599 1564 est
1653 1509 1970 1563 crassitudo

281 1598 544 1668 sphaerae.
580 1599 760 1662 Quam
793 1598 840 1652 si
868 1597 996 1669 quis
1025 1597 1239 1652 eisdem
1269 1597 1587 1652 rationibus
1616 1597 1754 1651 velit
1786 1597 1972 1651 infor-

279 1702 440 1741 mare
493 1686 703 1757 quibus
749 1687 1108 1758 superiorem
1151 1685 1610 1755 informavimus,
1662 1685 1878 1740 scilicet
1910 1690 1974 1740 ut

3643 322 3796 374 1108

2759 550 2994 623 arculas
3029 550 3088 623 ,ᾗ

2559 806 2600 858 ll
2610 805 2662 875 uj
2674 821 2737 857 us
2770 810 2961 859 autem
2994 806 3292 860 diameter.

2712 877 2771 929 14
2805 880 2888 928 est
2916 878 3150 946 pedum.

2599 962 2648 1000 a.
2687 945 2742 1000 b.
2777 947 2829 1000 b.
2864 945 3003 1002 c.7d.
3035 964 3083 1001 e.
3119 945 3157 1002 f.
3193 964 3249 1016 g.

2630 1054 2776 1105 Area
2813 1053 2928 1106 154.

2616 1128 2882 1186 Soliditas
2907 1132 3041 1186 1437
3065 1137 3120 1187 et
3140 1132 3232 1187 SS.

2655 563 3088 1501 :gxrcuusu
3119 564 3205 1503 :

2559 805 2737 875 Hujus
2770 810 2961 859 autem
2994 806 3292 860 diameter.

2712 877 2771 929 14
2805 880 2888 928 est
2916 878 3150 946 pedum.

2599 962 2648 1000 a.
2687 945 2742 1000 b.
2777 947 2829 1000 b.
2864 963 2910 1000 c.
2949 947 3003 1002 d.
3035 964 3083 1001 e.
3119 945 3157 1002 f.
3193 964 3249 1016 g.

2630 1054 2776 1105 Area
2813 1053 2928 1106 154.

2616 1128 2882 1186 Soliditas
2907 1132 3041 1186 1437
3065 1137 3120 1187 et
3140 1132 3232 1187 SS.

2154 1685 2443 1740 Diameter
2499 1688 2554 1739 et
2617 1685 2860 1739 circulus
2913 1685 3155 1756 sphaerae
3219 1686 3454 1756 majoris
3500 1688 3796 1747 diametro

281 1791 408 1830 eam
443 1775 512 1830 de
546 1775 690 1830 cubo
738 1776 800 1830 in
841 1776 1087 1830 formam
1126 1775 1327 1840 modii,
1380 1776 1448 1830 de
1501 1774 1677 1829 modii
1708 1774 1890 1828 forma
1916 1774 1976 1829 in
2015 1763 2057 1819 Β
2088 1779 2144 1830 et
2197 1775 2408 1829 circulo
2468 1773 2709 1828 minoris
2763 1775 2938 1845 dupla
2995 1775 3372 1845 proportione
3419 1776 3795 1848 junguntur;

282 1880 445 1918 suam
471 1863 874 1934 globositatem
901 1863 1038 1918 velit
1064 1863 1364 1931 deducere,
1387 1879 1504 1918 non
1530 1866 1754 1917 tantum
1784 1862 1972 1930 istam,

282 1951 381 2005 sed
411 1955 469 2004 et
495 1966 714 2017 omnes,
765 1951 835 2005 de
863 1967 1210 2022 quocunque
1253 1952 1532 2005 diametro
1570 1951 1973 2022 processerint,

281 2040 457 2094 simili
501 2039 671 2094 modo
703 2040 1013 2094 rotundare
1044 2040 1272 2110 poterit.
1316 2041 1426 2095 Sed
1458 2045 1699 2111 uterque
1731 2040 1977 2094 circulus

283 2128 650 2200 depingatur,
685 2134 740 2183 et
771 2129 820 2183 is
863 2129 962 2200 qui
990 2134 1048 2198 7,
1095 2134 1152 2183 et
1182 2129 1228 2183 is
1256 2130 1354 2201 qui
1409 2131 1473 2185 14
1501 2129 1673 2184 habet
1710 2129 1886 2199 pedes
1917 2130 1978 2184 in

284 2217 590 2286 diametro,
637 2223 699 2271 ut
745 2233 1019 2272 numerus
1066 2217 1273 2290 cuique
1308 2234 1426 2272 suae
1477 2217 1778 2272 soliditatis
1810 2213 1997 2272 ascri-'

286 2309 416 2377 ptus
442 2305 792 2360 demonstret
839 2310 1120 2377 quantum
1169 2305 1359 2362 minor
1383 2323 1417 2360 a
1451 2307 1667 2378 majore
1701 2305 1977 2361 vincatur.

597 2573 606 2606 1

753 2885 944 2956 Hujus,
981 2885 1125 2940 sicut
1153 2887 1368 2941 dictum
1401 2893 1502 2956 est,

756 2964 1048 3020 Diameter
1077 2971 1108 3020 7
1143 2972 1229 3021 est
1257 2968 1491 3038 pedum.

919 3188 1064 3240 Area
1088 3188 1155 3241 38
1186 3191 1246 3240 et
1268 3186 1323 3241 S.

812 3263 1080 3320 Soliditas
1110 3267 1211 3320 179
1246 3271 1302 3321 et
1333 3266 1430 3322 SS.

597 2573 606 2606 Ι
875 2641 957 3118 :
979 2631 1218 2696 cuculus
1244 2643 1386 3120 22:

622 2774 1634 3624 Qum“)

756 2964 1048 3020 Diameter
1077 2971 1108 3020 7
1143 2972 1229 3021 est
1257 2968 1491 3038 pedum.

919 3188 1064 3240 Area
1088 3188 1155 3241 38
1186 3191 1246 3240 et
1268 3186 1323 3241 S.

812 3263 1080 3320 Soliditas
1110 3267 1211 3320 179
1246 3271 1302 3321 et
1333 3266 1430 3322 SS.

2087 1880 2221 1919 area
2248 1879 2381 1918 vero
2429 1878 2578 1916 ares:
2629 1862 2988 1933 quadrupla;
3039 1863 3357 1919 crassitudo
3407 1871 3600 1920 autem
3630 1884 3800 1923 cras-

2087 1953 2324 2007 situdini
2373 1952 2640 2021 octupla:
2695 1950 2782 2004 bis
2839 1951 2993 2004 enim
3023 1955 3053 2004 7
3097 1957 3154 2004 et
3203 1951 3290 2006 bis
3351 1955 3441 2018 22,
3498 1957 3655 2026 quod
3703 1963 3798 2011 est

2087 2041 2367 2096 diameter
2420 2045 2477 2118 et
2505 2039 2750 2094 circulus
2793 2039 3050 2108 minoris,
3104 2040 3255 2094 ﬁunt
3312 2042 3395 2095 14.
3449 2042 3517 2097 Et
3566 2045 3652 2111 14,
3689 2047 3796 2117 qui

2090 2135 2175 2185 est
2207 2131 2488 2184 diameter
2530 2134 2587 2182 et
2615 2128 2857 2182 circulus
2905 2129 3157 2198 majoris,
3193 2137 3250 2184 et
3295 2136 3499 2200 quater
3528 2136 3595 2188 38
3638 2140 3697 2189 et
3731 2135 3791 2190 S.

2090 2220 2244 2292 quod
2273 2223 2359 2273 est
2386 2234 2517 2271 area
2560 2217 2822 2282 minoris,
2856 2216 3002 2270 ﬁunt
3034 2218 3153 2284 154,
3193 2219 3350 2288 quod
3383 2225 3468 2274 est
3498 2237 3630 2276 area
3665 2240 3794 2277 ma-

2083 2309 2266 2380 joris;
2304 2312 2360 2362 et
2396 2307 2568 2361 octies
2603 2308 2701 2360 189
2734 2310 2790 2360 et
2819 2305 2892 2360 SS
2937 2306 3090 2375 quod
3121 2311 3205 2360 est
3233 2307 3490 2362 soliditas
3521 2310 3790 2382 minoris,

2089 2396 2338 2451 reddunt
2369 2397 2500 2449 1347
2531 2398 2587 2447 et
2615 2393 2706 2456 SS.
2735 2393 2886 2464 quod
2917 2397 3002 2446 est
3021 2393 3279 2448 soliditas
3312 2396 3568 2466 majoris.

2859 2480 2886 2551 ξ
2926 2482 3014 2535 νῐ.

2160 2572 2281 2626 Jam
2315 2586 2467 2625 nunc
2495 2570 2726 2642 quidem
2776 2570 2920 2624 nihil
2951 2570 3274 2625 dubitarem
3322 2573 3462 2643 quin
3495 2573 3616 2628 hac
3644 2581 3798 2630 esset

2091 2659 2236 2714 ratio
2285 2660 2620 2731 sphaericam
2673 2658 3112 2713 crassitudinem
3161 2660 3517 2730 inveniendi,
3569 2663 3616 2717 si
3647 2681 3796 2734 pro-

2091 2749 2284 2818 prium
2331 2753 2476 2802 esset
2522 2747 2817 2817 sphaericm
2868 2752 3092 2802 tantum
3141 2748 3558 2816 crassitudinis,
3609 2757 3697 2818 ut,
3747 2754 3794 2807 si

2090 2836 2394 2907 duplicitas
2424 2837 2485 2890 in
2535 2837 2813 2890 diametro
2857 2841 3161 2902 constaret,
3215 2837 3572 2907 octuplicitas
3610 2838 3672 2892 in
3707 2856 3795 2894 so-

2091 2925 2312 2980 liditate
2359 2923 2728 2994 reperiretur.
2781 2925 2886 2979 Sed
2939 2924 3086 2978 hanc
3133 2925 3397 2979 eamdem
3454 2943 3687 2980 causam
3738 2935 3794 2982 et

2092 3017 2375 3069 rationem
2410 3013 2470 3067 in
2521 3013 2791 3067 omnibus
2824 3012 2984 3066 cuhis
3016 3013 3265 3068 invenio.
3317 3014 3375 3069 Si
3405 3014 3560 3068 enim
3604 3033 3670 3070 ex
3700 3017 3791 3071 hi-

2087 3103 2248 3157 nario
2301 3118 2480 3156 unum
2511 3102 2698 3156 fecero
2751 3101 2984 3170 cubum,
3036 3106 3092 3156 et
3118 3103 3486 3172 quaternario
3517 3103 3787 3170 alterum,

2087 3191 2222 3263 quia
2278 3190 2679 3262 quaternarius
2730 3191 2938 3261 duplus
2968 3195 3054 3244 est
3098 3191 3375 3258 binarius,
3435 3193 3613 3247 cubus
3645 3209 3788 3264 qua-

2086 3280 2340 3334 ternario
2388 3279 2649 3350 octuplus
2697 3279 2809 3334 erit
2839 3279 2984 3334 cubo
3014 3279 3244 3347 binarii,
3295 3280 3465 3334 etiam
3508 3297 3658 3335 areas
3701 3282 3788 3336 bi-

2087 3368 2234 3422 narii
2258 3368 2577 3440 quadrupla
2606 3367 2713 3421 erit
2742 3384 2872 3422 area
2903 3367 3255 3439 quaternarii
3290 3384 3304 3420 :
3335 3372 3528 3422 etnon
3561 3373 3789 3424 tantum

2089 3456 2150 3510 in
2181 3456 2356 3524 cubis,
2423 3455 2523 3510 sed
2570 3456 2745 3510 etiam
2796 3455 3089 3510 invenitur
3153 3456 3307 3510 idem
3374 3457 3433 3511 in
3478 3463 3786 3528 puteorum

2087 3543 2596 3616 profunditatibus.
2641 3546 2707 3598 1n
2736 3545 2826 3600 his
2873 3545 3166 3614 omnibus,
3215 3546 3262 3599 si
3295 3561 3445 3616 erro,
3490 3563 3591 3600 oro
3625 3553 3688 3601 ut
3719 3547 3788 3601 ad

2093 3637 2240 3690 viam
2291 3636 2542 3690 veritatis
2584 3635 2843 3690 reducar.
2881 3635 2939 3691 Si
2970 3635 3119 3690 viam
3171 3642 3362 3703 teneo,
3410 3637 3789 3691 nihilominus

2090 3729 2222 3795 peto
2273 3731 2336 3779 ut
2388 3725 2478 3778 via
2519 3740 2644 3795 quae
2678 3740 2768 3778 me
2809 3725 3166 3779 dubitantem
3217 3729 3375 3779 tenet
3421 3725 3482 3779 in
3512 3725 3787 3791 tenebris,

2090 3809 2263 3864 vestri
2292 3825 2555 3864 assensus
2583 3809 2924 3864 auctoritate
2953 3809 3237 3864 illustrata
3267 3810 3535 3864 reluceat.

1597 4109 2502 4216 ADELBOLDI

1830 4315 2255 4388 CHARTA

797 4485 886 4542 DE
926 4486 1155 4542 VASSIS
1193 4486 1342 4542 SIVE
1383 4487 1541 4542 FIDE
1577 4486 1899 4543 ADDICTIS
1937 4487 2281 4544 ECCLESl/E
2320 4490 2403 4544 ET
2443 4489 2778 4547 EPISCOPO
2818 4491 3294 4547 TRAJECTENSI.

1477 4644 1677 4716 (Heda,
1709 4645 2010 4701 Chronicon
2043 4647 2350 4718 Ultraject.,
2380 4663 2436 4719 p.
2467 4650 2631 4718 282.)'

364 4959 430 5013 In
460 4959 693 5013 nomine
725 4958 823 5013 Dei
853 4973 1044 5015 amen.
1087 4961 1286 5029 Operae
1315 4957 1564 5028 pretium
1599 4956 1735 5011 duxi
1761 4973 1826 5011 ea
1857 4973 1986 5027 quae
2027 4957 2067 5014 C
2099 4959 2587 5029 praedecessorum
2624 4976 2885 5016 meorum
2917 4959 3320 5032 episcoporum
3345 4961 3778 5032 Trajectensium

293 5053 613 5120 sequuntur
646 5049 870 5120 scriptis
899 5049 1172 5114 inserere,
1221 5065 1291 5102 ne
1319 5048 1564 5119 posteris
1602 5049 1806 5102 lateret
1833 5048 1986 5118 quod

294 5153 552 5208 praesens
606 5142 742 5192 tetas
775 5137 1003 5192 faceret.
1060 5137 1422 5205 Quapropter
1479 5135 1741 5190 desidero
1786 5141 1987 5190 notum

293 5241 415 5281 esse
447 5227 662 5280 cunctis
709 5231 916 5280 sanctzn
951 5226 1051 5280 Dei
1083 5223 1342 5279 Ecclesiae
1374 5225 1653 5288 ﬁdelibus,
1698 5229 1816 5278 tam
1848 5240 1990 5295 prae-

292 5315 549 5370 sentibus
598 5331 772 5386 quam
830 5314 1059 5381 futuris,
1093 5313 1247 5383 quod
1298 5328 1402 5382 ego
1460 5313 1828 5380 Adelboldus,
1887 5312 1987 5366 Dei

293 5404 657 5460 solummodo
727 5403 932 5474 gratia,
1009 5408 1218 5457 sanctae
1281 5399 1657 5471 Trajectensis
1725 5399 1983 5454 Ecclesiae

291 5494 500 5566 praesul
533 5493 825 5564 indignus,
883 5509 1011 5547 cum
1061 5492 1318 5546 feudales
1367 5491 1540 5545 liberi
1591 5494 1801 5544 sanctas
1847 5491 1984 5545 Tra-

285 5583 557 5653 jectensis
605 5581 863 5638 Ecclesiae
897 5597 929 5636 ει
959 5596 1052 5636 me
1100 5581 1334 5636 feudum
1384 5595 1553 5636 suum
1600 5578 1980 5652 requirerent,

2097 5048 2242 5102 mihi
2273 5049 2490 5104 litteras
2521 5051 2916 5117 ostenderunt,
2967 5049 3326 5103 continentes
3353 5065 3482 5119 quae
3517 5053 3574 5103 et
3602 5049 3780 5120 qualia

2095 5133 2248 5189 bona
2297 5135 2406 5206 ipsi
2454 5140 2510 5190 et
2555 5153 2754 5191 eorum
2806 5136 3204 5207 progenitores
3248 5136 3318 5190 ab
3373 5137 3616 5191 Ecclesia
3655 5139 3775 5191 Tra-

2091 5222 2331 5294 jectensi
2368 5228 2713 5292 tenuerunt;
2765 5225 2974 5296 quibus
3006 5224 3161 5291 visis,
3195 5224 3256 5278 in
3301 5224 3524 5297 scriptis
3551 5225 3658 5280 feci
3703 5241 3778 5279 re-

2096 5311 2214 5383 digi
2245 5328 2374 5384 quae
2405 5318 2743 5384 sequuntur.

2171 5401 2287 5454 Dux
2341 5402 2661 5456 Brabantiae
2719 5406 2805 5456 est
2853 5400 2996 5454 liber
3045 5400 3289 5456 feudalis
3337 5399 3603 5457 Ecclesiae
3651 5401 3773 5455 Tra-

2085 5489 2378 5560 jectensis,
2413 5495 2471 5544 et
2501 5495 2656 5544 tenet
2695 5489 2756 5544 in
2798 5489 3033 5544 feudum
3076 5488 3369 5544 civitatem
3399 5489 3681 5560 lapideam
3720 5489 3773 5542 in

2092 5579 2266 5648 Tiele,
2302 5595 2432 5634 cum
2462 5579 2716 5650 praediis,
2752 5579 3004 5647 familiis,
3039 5579 3362 5651 mancipiis,
3399 5580 3578 5648 silvis,
3603 5578 3771 5650 aquis,
