3950 6316
213 298 350 350 1109

208 428 635 499 piscationibus,
668 428 914 499 pascuis,
942 428 1139 499 pratis,
1175 432 1232 482 et
1258 428 1521 484 salictum
1544 431 1707 500 juxta
1764 445 1907 500 prae-
1944 435 1989 486 A

210 516 418 571 dictam
450 517 738 571 civitatem
776 517 927 571 Tiele
978 516 1172 585 situm,
1208 522 1264 571 et
1303 519 1568 573 omnibus
1601 520 1667 573 ad
1701 518 1898 572 civita-

206 610 322 660 tem
353 606 777 677 pertinentibus
803 606 1087 660 eamdem.

276 696 418 749 Item
450 698 627 749 totam
671 695 1035 765 Campiniam
1087 711 1271 766 usque
1321 695 1895 761 Tournoutervoerde,

204 799 335 837 cum
364 782 687 853 mancipiis,
725 782 900 851 silvis,
956 783 1191 853 campis,
1227 782 1594 852 ofﬁciumque
1646 783 1770 852 ejus
1816 786 1899 837 est

205 873 362 943 quod
384 876 617 925 vocatur
653 876 707 925 et
733 876 816 925 est
847 872 1069 942 dapifer
1096 872 1347 943 episcopi
1378 871 1771 941 Trajectensis.

275 961 416 1014 Item
463 976 651 1013 comes
691 960 1011 1031 Gelriasgest
1043 960 1214 1015 etiam
1245 960 1390 1014 liber
1440 960 1681 1014 feudalis
1712 961 1895 1014 Eccle-

203 1048 303 1101 siae
358 1048 748 1119 Trajectensis,
811 1054 867 1103 et
918 1052 1077 1102 tenet
1148 1050 1207 1102 in
1277 1049 1504 1103 feudum
1561 1049 1896 1103 comitatum

205 1137 556 1207 Zutphaniae,
603 1153 732 1190 cum
782 1138 982 1191 multis
1034 1137 1288 1207 praediis,
1340 1137 1658 1206 mancipiis,
1701 1137 1894 1207 pratis,

200 1225 375 1290 silvis,
412 1225 576 1296 aquis
608 1242 957 1297 aquarumve
989 1226 1323 1279 decursibus
1356 1230 1412 1279 et
1438 1225 1693 1295 justitiis.
1754 1226 1895 1278 Item

200 1313 530 1367 Embricum
585 1330 715 1368 cum
763 1314 879 1368 suis
936 1314 1257 1368 attinentiis
1310 1331 1415 1384 pro
1469 1320 1629 1384 parte
1681 1315 1890 1380 media,

200 1406 257 1456 et
316 1401 427 1455 alia
483 1418 614 1471 pars
680 1408 765 1456 est
845 1403 1098 1473 episcopi
1152 1396 1575 1472 Trajectensis..
1618 1405 1756 1457 Item
1833 1403 1892 1457 in

197 1506 346 1560 pago
380 1492 559 1545 Batua
584 1506 853 1561 magnam
885 1495 1129 1560 partem,
1163 1507 1292 1544 cum
1324 1491 1625 1561 mancipiis
1677 1491 1892 1545 utrius—

199 1596 311 1650 que
358 1594 521 1633 sexus
568 1582 623 1631 et
687 1579 943 1649 justitiis.
1016 1581 1157 1633 Item
1226 1580 1551 1633 Tielrewert
1609 1584 1663 1633 et
1717 1582 1892 1633 Bom-

197 1668 459 1734 brewert,
540 1683 671 1721 cum
739 1667 939 1721 multis
1008 1666 1330 1737 mancipiis,
1400 1668 1633 1735 mansis,
1703 1669 1885 1733 terris,

1820 295 2099 353 MUSICA.

3579 304 3714 352 illi)

2016 428 2270 500 justitiis,
2330 433 2411 483 est
2468 433 2523 483 et
2567 433 2801 483 vocatur
2865 428 3210 483 camerarius
3268 429 3527 500 episcopi
3576 430 3708 484 Tra-

1998 518 2294 588 jectensis.

2080 607 2222 660 Item
2253 622 2444 660 comes
2473 606 2542 660 de
2576 606 2852 659 Benthem
2906 609 2991 659 est
3046 604 3191 659 liber
3221 605 3461 660 feudalis
3512 607 3705 660 Eccle—

2009 694 2127 761 siae,
2161 699 2217 747 et
2243 699 2396 747 tenet
2435 694 2497 747 in
2544 694 2778 747 feudum
2831 694 3340 763 Burchgraviatum
3398 695 3513 748 sive
3564 711 3706 765 pras-

2007 785 2281 838 fecturam
2312 784 2730 852 Trajectensem
2773 797 2901 835 cum
2934 781 3197 852 plurimis
3233 782 3462 846 mansis,
3513 781 3699 847 terris,

2006 873 2227 939 insulis,
2275 872 2510 943 campis,
2573 871 2892 941 mancipiis,
2952 872 3129 936 silvis,
3200 872 3395 941 pratis,
3453 872 3697 940 pascuis,

2007 960 2169 1031 aquis
2200 976 2552 1031 aquarumve
2583 960 2933 1025 decursibus,
2970 964 3024 1013 et
3065 959 3304 1029 justitia,
3348 959 3407 1012 in
3440 958 3699 1029 pluribus

2006 1050 2144 1103 locis
2174 1049 2415 1103 civitatis
2466 1053 2522 1101 et
2569 1049 2826 1102 dimcesis
2874 1048 3265 1117 Trajectensis,
3316 1048 3414 1117 qui
3468 1052 3700 1101 vocatur

2006 1145 2061 1191 et
2091 1140 2177 1191 est
2208 1137 2424 1208 janitor
2453 1136 2705 1207 episcopi
2736 1136 3128 1206 Trajectensis.

2076 1229 2218 1280 Item
2252 1226 2517 1281 dominus
2548 1226 2616 1278 de
2650 1225 2803 1278 Cuke
2835 1230 2921 1277 est
2950 1224 3094 1277 liber
3136 1223 3378 1277 feudalis
3411 1223 3693 1290 Ecclesiae,

2005 1320 2061 1368 et
2091 1320 2246 1369 tenet
2290 1314 2351 1367 in
2384 1315 2616 1368 feudum
2661 1314 2866 1366 multas
2919 1318 3120 1378 terras,
3167 1312 3401 1379 insulas,
3446 1317 3503 1365 et
3545 1312 3693 1365 deci-

2003 1420 2145 1471 mas,
2179 1419 2307 1456 cum
2339 1404 2500 1470 casis,
2544 1402 2828 1468 domibus,
2889 1406 2946 1455 et
2993 1401 3168 1465 silvis,
3221 1401 3457 1470 campis,
3517 1399 3696 1470 pratis

2003 1497 2057 1546 et
2086 1492 2329 1563 pascuis,
2364 1492 2527 1561 aquis
2568 1506 2917 1561 aquarumve
2970 1490 3320 1552 decursibus,
3372 1494 3425 1542 et
3473 1488 3695 1558 justitia

2000 1581 2061 1634 in
2092 1580 2326 1634 diversis
2374 1579 2510 1633 locis
2559 1578 2814 1633 dicecesis
2862 1577 3254 1647 Trajectensis,
3307 1578 3407 1647 qui
3462 1582 3695 1630 vocatur

2002 1674 2056 1723 et
2085 1673 2168 1721 est
2198 1667 2472 1738 pincerna
2503 1667 2754 1738 episcopi
2784 1665 3176 1736 Trajectensis.

197 1756 361 1823 casis,
431 1755 716 1824 domibus,
784 1756 1018 1827 campis,
1106 1756 1305 1826 pratis,
1364 1757 1548 1827 aquis,
1607 1774 1886 1827 aquarum
1928 1778 1968 1831 Β
2072 1756 2215 1809 Item
2248 1753 2514 1808 dominus
2544 1753 2613 1807 de
2640 1754 2828 1808 Ghoer
2859 1757 2942 1807 est
2984 1752 3131 1806 liber
3156 1749 3395 1805 feudalis
3439 1748 3693 1804 Ecclesiae

195 1844 546 1909 decursibus,
574 1848 624 1897 et
652 1843 876 1914 justitia
905 1864 919 1909 ;
950 1848 1005 1897 et
1051 1844 1183 1897 dicti
1228 1844 1450 1898 comitis
1507 1845 1756 1899 ofﬁcium
1810 1849 1893 1900 est

194 1932 349 2004 quod
379 1938 615 1986 vocatur
645 1937 704 1985 et
730 1938 816 1986 est
844 1937 1080 1986 venator
1105 1932 1357 2002 episcopi
1385 1934 1777 2002 Trajectensis.

268 2023 410 2075 Item
442 2037 631 2075 comes
690 2021 1002 2075 Hollandiat
1023 2025 1107 2073 est
1160 2021 1304 2074 liber
1352 2020 1593 2074 feudalis
1638 2021 1891 2093 episcopi

195 2109 588 2179 Trajectensis,
621 2113 671 2162 et
705 2113 863 2163 tenet
888 2109 948 2162 in
999 2109 1233 2162 feudum
1276 2109 1607 2162 comitatum
1666 2110 1891 2163 Hollan-

193 2198 323 2264 dite,
359 2202 413 2252 et
442 2202 652 2251 terram
680 2197 1058 2265 Kenemariaa,
1085 2214 1215 2251 cum
1240 2195 1425 2265 terris,
1451 2198 1685 2263 mansis,
1713 2198 1886 2263 silvis,

193 2286 433 2356 campis,
470 2286 666 2357 pratis,
702 2287 947 2356 pascuis,
1003 2286 1323 2356 mancipiis,
1372 2287 1556 2357 aquis,
1607 2303 1887 2357 aquarum

192 2376 544 2442 decursibus,
600 2379 656 2429 et
691 2375 933 2445 justitia,
983 2376 1231 2445 exceptis
1280 2376 1557 2429 dictarum
1606 2380 1887 2430 terrarum

193 2464 448 2530 decimis,
481 2466 537 2517 et
589 2469 743 2517 terra
763 2464 1161 2518 Waterlandiae
1196 2468 1251 2517 et
1298 2463 1697 2530 West-Frisia},
1759 2480 1887 2534 quae

192 2552 444 2605 totaliter
473 2551 720 2621 pertinet
770 2551 838 2606 ad
886 2552 1216 2627 episcopum
1274 2557 1329 2605 et
1378 2552 1689 2606 Ecclesiam
1744 2553 1886 2606 Tra-

184 2640 520 2709 jectensem,
554 2643 608 2692 et
638 2638 819 2693 dictus
846 2655 1035 2693 comes
1066 2640 1385 2694 Hollandiaa
1424 2644 1658 2693 vocatur
1706 2646 1762 2693 et
1802 2647 1888 2694 est

189 2725 603 2780 mareschalcus
634 2725 887 2796 episcopi
915 2726 1310 2796 Trajectensis.

265 2816 405 2869 Item
446 2830 637 2868 comes
687 2814 958 2869 Clivensis
1012 2820 1095 2869 est
1143 2815 1287 2868 liber
1336 2815 1577 2870 feudalis
1621 2815 1885 2870 Ecclesiae

190 2900 611 2973 [Trajectensis]
646 2906 701 2956 et
727 2907 884 2956 tenet
932 2902 992 2956 in
1021 2903 1259 2958 feudum
1303 2904 1364 2957 in
1405 2920 1552 2974 pago
1614 2906 1792 2958 Batua
1823 2906 1883 2959 in

187 2989 473 3059 superiori
504 2994 666 3059 parte
697 3006 870 3059 supra
893 2991 1156 3045 Rhenum
1188 3007 1456 3061 magnam
1513 2997 1735 3062 partem
1767 2999 1881 3047 ter-

1999 1843 2395 1914 Trajectensis,
2430 1847 2485 1897 et
2516 1847 2673 1896 tenet
2733 1845 2791 1895 in
2847 1841 3083 1895 feudum
3113 1845 3361 1894 castrum
3390 1840 3595 1905 Goher,
3638 1847 3694 1892 et

1998 1937 2212 1986 terram
2227 1932 2437 1985 dictam
2450 1931 2705 1997 Ameide,
2723 1947 2854 1985 cum
2868 1930 3062 2004 multis
3076 1929 3259 1995 terris,
3277 1929 3510 1995 mansis,
3526 1928 3689 1992 casis,

1998 2020 2284 2087 domibus,
2322 2019 2496 2085 silvis,
2558 2019 2793 2090 campis,
2835 2017 3157 2087 mancipiis,
3204 2017 3401 2088 pratis,
3444 2005 3688 2086 pascuis,

1996 2110 2182 2180 aquis,
2206 2124 2483 2179 aquarum
2504 2107 2858 2174 decursibus,
2885 2106 3193 2161 mobilibus
3206 2110 3259 2159 et
3280 2104 3690 2172 immobilibus,

1997 2202 2053 2252 et
2084 2197 2353 2252 omnibus
2409 2196 2481 2250 ad
2512 2197 2693 2251 dictos
2746 2195 3034 2250 districtus
3067 2196 3135 2250 de
3167 2195 3355 2250 Goher
3406 2198 3462 2247 et
3501 2192 3690 2263 Meyde

1994 2285 2436 2355 pertinentibus,
2481 2286 2581 2357 qui
2632 2290 2870 2339 vocatur
2918 2289 2974 2338 et
3019 2290 3105 2338 eSt
3155 2282 3391 2354 signifer
3439 2281 3691 2352 episcopi

1993 2374 2117 2444 Traj
2128 2374 2389 2428 ectensis.

2064 2463 2473 2517 Praenominati
2500 2479 2698 2517 omnes
2729 2463 2981 2517 feudales
3013 2460 3271 2516 Ecclesiae
3324 2460 3385 2512 in
3437 2457 3691 2529 generali

1994 2551 2211 2621 synodo
2275 2551 2527 2621 episcopi
2605 2551 2975 2621 Trajectensis
3024 2554 3313 2615 tenentur,
3373 2552 3429 2602 et
3483 2538 3692 2601 debent

1992 2640 2372 2709 personaliter
2401 2641 2695 2707 interesse,
2731 2640 2830 2710 qui
2859 2640 3096 2693 feudum
3127 2654 3294 2692 suum
3326 2654 3359 2691 a
3414 2653 3503 2689 me
3540 2651 3689 2689 rece-

1993 2732 2202 2798 perunt
2236 2728 2296 2781 in
2328 2729 2682 2798 homagium,
2717 2745 2782 2782 ac
2806 2728 3139 2782 ﬁdelitatem
3172 2725 3561 2796 praestiterunt
3592 2740 3681 2777 co-

1994 2832 2117 2870 ram
2152 2817 2386 2871 domino
2420 2818 2660 2871 Henrico
2707 2819 2752 2871 II
2797 2819 2957 2870 Rom.
3002 2811 3683 2886 imperatorisinvictiss.

1992 2909 2268 2978 Augusto,
2304 2906 2679 2977 praesentibus
2703 2906 2952 2959 Aribone
3001 2903 3428 2974 archiepiscopo
3483 2906 3538 2954 et
3597 2915 3686 2953 ar-

1992 2994 2399 3065 chicapellano,
2431 2999 2672 3049 Annone
2699 2994 3046 3060 Coloniensi,
3111 2991 3436 3047 Everhardo
3482 2991 3685 3043 Treve-

188 3093 385 3131 rarum
413 3083 469 3132 et
500 3094 855 3143 mansorum,
890 3094 1020 3132 cum
1070 3078 1233 3147 casis,
1268 3080 1555 3149 domibus,
1585 3082 1884 3152 mancipiis
1925 3056 1964 3109 Ο
1994 3082 2166 3148 rensi,
2237 3083 2540 3137 Adelberto
2621 3080 3155 3151 Hammelburgensi
3221 3076 3681 3148 archiepiscopis,

188 3167 424 3237 campis,
458 3166 653 3237 pratis,
680 3166 937 3236 pascuis;
991 3171 1047 3221 et
1093 3184 1155 3221 ex
1208 3168 1317 3221 alio
1365 3169 1542 3222 latere
1596 3169 1798 3234 Rheni,
1830 3174 1885 3223 et

187 3256 250 3308 in
277 3254 399 3308 aliis
431 3254 777 3325 quibusdam
803 3254 960 3320 locis,
993 3259 1191 3319 terras,
1226 3272 1480 3320 mansos,
1539 3273 1714 3322 casas,
1775 3257 1882 3311 do-

186 3359 333 3411 mos,
370 3343 556 3410 silvas,
605 3360 857 3414 campos.
910 3346 1052 3399 Item
1102 3343 1501 3397 Woudricbem
1546 3359 1675 3397 cum
1730 3345 1882 3416 agris

189 3436 248 3486 et
304 3432 539 3502 campis,
584 3448 714 3487 cum
768 3433 950 3503 aquis,
1006 3448 1357 3502 aquarumve
1415 3432 1766 3498 decursibus,
1827 3438 1883 3487 et

1996 3171 2255 3226 Udalrico
2290 3173 2411 3226 vice
2441 3173 2777 3226 cancellario
2812 3176 2866 3224 et
2915 3170 3172 3242 pluribus
3217 3168 3343 3221 aliis
3384 3165 3681 3237 episcopis,

1993 3260 2295 3315 comitibus
2327 3265 2382 3313 et
2412 3260 2575 3332 regni
2606 3260 2894 3315 ﬁdelibus.

2062 3352 2267 3402 Actum
2294 3348 2353 3402 in
2377 3349 2643 3419 Tulpiaco
2701 3353 2904 3416 castro,
2959 3363 3108 3401 anno
3141 3345 3371 3400 Domini
3421 3345 3575 3410 t02l,
3629 3358 3681 3395 iv

1993 3435 2137 3490 Non.
2161 3437 2416 3491 Januarii
2445 3437 2702 3492 feliciter.
2733 3440 2935 3492 Amen.

968 3646 2083 3771 ADELBOLDI
2192 3650 2906 3775 MUSICA

188 3830 275 3897 (D.
320 3829 594 3885 Martinus
638 3830 960 3897 Gerbertus,
1000 3832 1302 3902 Scriptores
1334 3832 1698 3887 ecclesiastici
1754 3833 1820 3887 de
1866 3836 2090 3901 musica,
2141 3836 2184 3903 Ι,
2236 3837 2359 3905 303,
2422 3853 2487 3891 ex
2530 3837 2655 3893 cod.
2704 3838 3111 3910 Tegernseensi
3164 3854 3291 3893 saec.
3321 3854 3377 3893 x1
3426 3838 3515 3892 vel
3554 3840 3677 3908 xu).

1696 4045 2167 4113 MONITUM.

258 4160 525 4245 Codicem
565 4162 1053 4245 Tegernseepsem.
1089 4180 1215 4245 saec.
1261 4182 1313 4219 x1
1349 4166 1448 4245 vel_
1478 4183 1575 4230 xu,
1620 4183 1833 4245 ex_quo
1872 4169 2036 4245 Bern.
2081 4171 2280 4225 Pezius
2324 4172 2507 4226 edidit
2546 4174 2846 4229 Adelboldi
2883 4175 3142 4231 libellum
3182 4177 3261 4230 De
3308 4176 3681 4232 crassitudine

185 4249 287 4313 seu
318 4234 539 4317 rcirculo
584 4235 841 4317 sphaerae,
886 4234 1225 4317 inscriptum
1265 4238 1454 4317 reperi
1494 4234 1821 4317 r_ecentiori_
1851 4240 2317 4317 quidemeanu
2346 4246 2556 4299 Musica
2616 4246 2907 4301 Adelboldi
2962 4247 3037 4300 ad
3081 4250 3399 4304 Silvestrum
3453 4265 3676 4317 papam,

184 4304 285 4388 qui
318 4304 515 4388 Itonia:
545 4304 788 4388 seditab
822 4321 915 4385 an.
953 4308 1265 4388 999‘usque
1303 4304 1455 4388 1005.3:
1494 4310 1748 4388 N‘emque
1780 4304 2011 4388 Doim'no
2037 4314 2292 4368 Silvestre
2314 4308 2523 4370 Summo
2544 4321 2596 4370 et
2625 4320 2871 4384 pontiﬁci
2909 4324 2958 4371 et
2981 4320 3302 4388 philosopho
3347 4304 3678 4374 Adélboldus

183 4376 532 4461 scholasticus
573 4375 1354 4461 dedicat-ipsum‘laudatum
1394 4375 1673 4461 libellum;
1716 4396 1817 4433 cur
1852 4398 1968 4436 non
1998 4382 2322 4461 interrupto
2358 4388 2504 4457 stylo
2557 4375 2691 4441 mox
2727 4375 2794 4441 ea
2833 4375 3173 4459 subduntur,
3196 4375 3345 4461 ‘quse
3389 4408 3540 4445 nunc
3578 4407 3679 4445 nos

186 4446 291 4499 sub
323 4447 446 4516 ejus
476 4446 711 4501 nomine
743 4447 964 4501 edimus
997 4447 1067 4502 ad
1098 4454 1355 4503 nostrum
1386 4446 1702 4520 spectantia
1732 4459 2159 4521 argumentum.

606 4570 1151 4635 QUEMADMODUM
1190 4572 1715 4628 INDUBITANTEB
1751 4573 2021 4629 ΜΗΞΙΟΑΞ
2063 4575 2566 4633 ΟΟΝΞΟΝΑΝΤΙᾹΞ
2602 4580 2920 4635 JUDICARI
2958 4580 3266 4637 POSSINT.

258 4678 329 4732 Ut
382 4694 514 4731 vero
562 4678 954 4732 indubitanter
992 4678 1497 4732 consonantiarum
1543 4679 1688 4733 ratio
1720 4680 1878 4734 colli-
1920 4683 1960 4737 D
1991 4687 2289 4737 curvatura
2320 4685 2389 4739 ad
2418 4685 2477 4739 id
2509 4686 2661 4757 quod
2701 4691 2785 4740 est
2835 4687 2875 4739 Β
2906 4687 3136 4741 diducta
3176 4686 3329 4741 linea
3359 4691 3541 4741 rectos
3571 4687 3678 4741 cir-

185 4771 374 4837 gatur,
408 4766 509 4821 tali
534 4766 867 4821 brevissimo
897 4783 961 4819 ac
981 4765 1229 4835 simplici
1249 4765 1397 4819 eftici
1430 4767 1645 4837 poterit
1669 4767 1880 4821 instru-

185 4858 395 4909 mento.
430 4855 514 4909 Sit
543 4856 743 4925 regula
772 4854 1077 4925 diligenter
1105 4859 1354 4910 extensa.

258 5481 359 5535 Cui
407 5482 520 5537 duo
573 5483 980 5555 semisphaaria,
1025 5500 1166 5555 quas
1219 5485 1486 5555 magadas
1537 5484 1714 5539 Graeci
1776 5501 1871 5538 vo-

187 5577 335 5639 cant,
369 5573 603 5645 insuper
633 5579 1016 5645 apponantur,
1058 5573 1133 5628 ita
1181 5579 1246 5630 ut
1304 5574 1373 5629 ab
1406 5590 1474 5629 ea
1502 5591 1631 5647 qua;
1682 5576 1721 5629 E
1771 5578 1874 5642 est,

1992 4788 2120 4825 cum
2153 4790 2211 4827 se
2233 4776 2472 4845 angulos
2520 4775 2746 4829 efﬁciat.
2799 4776 2939 4829 Item
2968 4777 3038 4830 ab
3073 4793 3139 4830 ea
3169 4793 3298 4847 quae
3342 4784 3427 4831 est
3459 4779 3496 4831 F
3551 4793 3678 4831 cur-

1990 4869 2191 4918 vatura
2220 4865 2287 4918 ad
2320 4864 2379 4917 id
2428 4864 2581 4935 quod
2610 4870 2695 4919 est
2724 4866 2781 4919 C.
2819 4874 3091 4935 punctum
3140 4866 3371 4920 diducta
3414 4866 3565 4919 linea
3590 4882 3681 4920 re-

1991 4956 2109 5005 ctos
2141 4951 2354 5006 circum
2367 4969 2423 5005 se
2441 4953 2678 5022 angulos
2696 4952 2918 5007 reddat.
2943 4952 3068 5007 Sint
3087 4969 3220 5007 vero
3244 4954 3366 5007 haec
3382 4953 3679 5023 aequaliter

1992 5039 2246 5110 undique
2289 5041 2608 5111 perpolitae,
2660 5045 2716 5095 et
2742 5040 2812 5094 ad
2858 5040 3088 5095 eosdem
3139 5057 3273 5094 usus
3301 5040 3414 5094 sint
3463 5041 3679 5095 eisdem

1990 5129 2117 5182 aliae
2146 5131 2394 5199 aequales
2450 5135 2682 5201 paratae.
2726 5130 2905 5201 Super
2934 5128 3035 5182 has
3094 5129 3428 5183 intendatur
3472 5145 3678 5183 nervus

1990 5217 2226 5287 aequalis
2265 5218 2519 5289 undique
2568 5219 2615 5272 is
2671 5218 2769 5290 qui
2819 5223 2902 5272 est
2932 5219 2992 5271 E.
3027 5220 3092 5271 Α.
3155 5218 3211 5271 F.
3276 5218 3339 5270 D.
3398 5216 3455 5271 Si
3502 5217 3680 5287 igitur

1989 5305 2343 5360 diatessaron
2391 5308 2842 5374 consonantiam,
2903 5306 3086 5378 qualis
3131 5306 3222 5375 sit,
3281 5307 3531 5377 reperire
3587 5322 3681 5359 vo-

1991 5393 2170 5461 luero,
2204 5394 2314 5447 hoc
2343 5395 2515 5449 modo
2558 5396 2784 5450 faciam.
2841 5396 2924 5450 Ab
2954 5396 2994 5448 Ε
3026 5401 3257 5466 puncto,
3301 5411 3415 5465 quo
3471 5410 3680 5447 nervus

1991 5482 2448 5553 semisphmrium
2507 5486 2712 5556 tangit,
2765 5502 2944 5556 usque
2987 5485 3057 5539 ad
3118 5485 3157 5539 F
3203 5487 3499 5555 punctum,
3561 5499 3676 5553 quo

1992 5588 2188 5627 rursus
2214 5573 2286 5627 ab
2310 5572 2420 5627 alia
2447 5578 2611 5643 parte
2656 5574 2835 5628 altero
2864 5591 3057 5629 rursus
3110 5590 3313 5629 nervus
3344 5572 3675 5645 semisphas-
