3950 6340
243 289 366 340 tHl

235 420 322 473 rio
348 419 632 490 jungitur,
682 417 875 472 divido
924 416 1171 486 spatium
1207 418 1244 471 F
1296 417 1355 470 E.
1387 417 1644 487 partibus
1691 417 1806 470 VII.
1863 417 1928 470 Et

239 508 306 562 ad
341 512 563 576 partem
596 506 716 560 IIII.
750 505 1127 574 septimarum
1183 521 1412 574 appono
1443 510 1722 573 punctum
1776 504 1929 575 quod

239 601 324 650 est
353 595 412 649 k.
450 597 541 649 Est
571 595 748 664 igitur
786 593 844 647 k.
879 593 948 648 ab
981 610 1047 646 ea
1075 609 1205 664 quas
1236 598 1321 646 est
1351 593 1418 646 K.
1455 594 1512 646 F.
1544 592 1929 663 sesquitertia.

243 684 299 738 Si
352 684 530 753 igitur
571 683 640 736 ad
683 683 738 736 ις.
795 697 1023 752 aequum
1083 682 1471 752 superioribus
1524 681 1935 752 semisphasriis

243 787 584 841 apposuero,
628 775 801 840 atque
862 771 1136 823 alterutra
1167 770 1415 823 vicissim
1461 771 1518 824 E.
1571 772 1633 825 K.
1670 774 1723 823 et
1754 771 1819 824 K.
1873 771 1930 824 F.

246 860 464 927 plectro
537 859 795 913 adhibito
870 859 1178 928 pellantur,
1249 858 1602 912 diatessaron
1667 858 1938 911 distantia

245 947 600 1012 consonabit,
668 947 757 998 sin
821 962 954 999 vero
1019 947 1186 999 simul
1246 951 1516 1015 utrasque
1582 961 1936 1015 percussero,

247 1035 600 1088 diatessaron
659 1035 1091 1088 consonantiam
1151 1051 1344 1088 nosco.
1401 1035 1560 1098 Quod
1591 1035 1638 1087 si
1673 1034 1939 1103 diapente

249 1121 474 1175 efﬁcere
533 1123 815 1188 volumus,
884 1122 1141 1192 quinque
1188 1122 1446 1191 partibus
1494 1127 1672 1175 totam
1724 1122 1937 1190 divido,

248 1226 312 1263 ac
341 1215 453 1262 tres
483 1209 580 1263 uni
609 1210 878 1279 portioni,
903 1211 1044 1264 duas
1096 1227 1230 1263 vero
1271 1211 1509 1281 reliquae
1539 1210 1707 1275 dabo,
1768 1216 1938 1280 atque

249 1299 434 1368 posito
472 1299 550 1352 ita
595 1299 986 1369 semisphasrio
1046 1299 1357 1352 secundum
1409 1298 1672 1368 superius
1724 1297 1936 1352 dictum

1333 285 1728 341 ADELBOLDI
1766 286 2274 342 TILAJECTENSIS
2311 285 2628 342 EPISCOPI

3602 295 3756 345 1H2

2039 417 2274 472 modum
2301 416 2700 471 consonantias
2721 415 3219 488 dissonantiasque
3247 420 3562 488 perpendo.
3596 421 3756 475 Item

2043 504 2088 557 si
2128 503 2402 574 diapason
2463 503 2899 558 consonantiam
2959 509 3179 559 tentare
3235 506 3493 573 voluero,
3560 511 3756 560 totam

2043 592 2224 646 tribus
2254 592 2516 662 partibus
2546 608 2693 659 seco,
2725 596 2897 663 atque
2932 593 2994 646 in
3027 609 3201 647 unam
3231 593 3486 664 duasque
3543 595 3756 648 distri-

2044 682 2245 746 buens,
2271 681 2499 735 easdem
2555 681 2726 735 simul
2773 682 2862 736 vel
2910 682 3245 736 alterutram
3290 683 3548 753 pulsans,
3600 684 3760 754 quid

2045 776 2316 823 consonet
2346 771 2435 823 vel
2466 771 2598 840 quid
2633 770 2886 824 dissonet
2915 776 3156 840 utraque
3206 787 3503 841 cognosco.
3551 772 3763 842 Tripla

2045 875 2177 911 vero
2204 875 2331 929 quae
2361 875 2427 912 ex
2469 859 2652 912 mistis
2699 860 3085 912 (‘nrimnanllis
3117 859 3386 926 nascitur,
3433 861 3512 913 ita
3551 860 3760 914 reddi-

2047 951 2160 1010 tur,
2196 952 2274 1004 ut.
2309 947 2354 1000 si
2386 951 2562 1000 totam
2593 948 2695 1000 IIII
2727 947 2978 1016 partium
3001 947 3374 1001 divisionibus
3406 947 3756 1018 partiamur,

2049 1040 2222 1105 atque
2250 1033 2312 1088 in
2340 1039 2453 1088 tres
2487 1043 2543 1088 et.
2573 1051 2748 1089 unam
2778 1041 2894 1089 tota
2924 1037 3084 1090 nervi
3116 1037 3754 1106 prolixitasdividatur;

2049 1124 2239 1194 itaque
2272 1124 2728 1194 semisphaarium
2761 1123 2943 1178 tribus
2995 1126 3344 1196 appositum,
3386 1126 3572 1196 triplaa
3615 1142 3762 1197 pro-

2048 1212 2332 1284 portionis
2363 1212 2770 1267 dissonantiam
2804 1217 2860 1266 et
2885 1214 3322 1270 consonantiam
3363 1215 3582 1269 reddet.

1038 1459 1498 1515 MONOCHORDI
1542 1459 1878 1513 NETARUM
1922 1459 2058 1514 PER
2095 1460 2262 1515 TRIA
2299 1460 2579 1516 GENERA
2607 1460 2956 1514 PARTITIO.

329 1605 396 1658 Ut
422 1619 555 1656 vero
586 1619 690 1673 per
735 1602 846 1656 tria
897 1618 1109 1672 genera
1158 1604 1350 1654 currat
1401 1601 1567 1654 mista
1608 1599 1938 1671 descriptio,
1981 1602 2021 1655 Β
2057 1616 2176 1668 nos,
2210 1601 2271 1655 iu
2302 1602 2584 1656 diatonico
2623 1601 2837 1656 scilicet
2866 1617 3075 1671 genere
3121 1619 3179 1667 ιι,
3219 1616 3398 1654 ncccc.
3449 1615 3558 1653 xvx.
3615 1603 3764 1652 tono

257 1697 312 1746 et
341 1692 606 1745 omnibus
639 1691 873 1761 propria
909 1705 1211 1744 nervorum
1262 1688 1559 1759 pluralitas
1602 1693 1945 1759 apponatur,

257 1781 326 1834 ad
361 1780 779 1833 conservandas
826 1778 1039 1832 scilicet
1083 1777 1490 1848 proportiones
1541 1777 1627 1830 vel
1683 1781 1947 1830 tonorum

258 1873 428 1938 atque
457 1867 712 1934 dieseon,
745 1867 1092 1937 excogitatus
1131 1870 1214 1919 est
1244 1881 1516 1918 numerus
1546 1865 1646 1935 qui
1675 1865 1797 1918 haec
1824 1880 1947 1918 om-

259 1955 354 2008 nia
381 1959 571 2025 posset
619 1955 894 2025 explere:
950 1959 1006 2007 et
1051 1954 1667 2024 proslambanomenon
1716 1951 1947 2023 quidem

261 2044 616 2098 describatur
647 2044 748 2114 qui
777 2043 850 2096 sit
879 2043 1047 2096 VIIII.
1104 2043 1204 2096 CC.
1238 2042 1373 2095 XVI.
1409 2041 1681 2094 minimus
1709 2057 1844 2094 vero
1878 2042 1944 2095 Il.

257 2132 405 2186 CCC.
438 2131 554 2184 IIII.
585 2130 941 2200 reliquorum
969 2145 1100 2182 vero
1133 2144 1406 2182 sonorum
1456 2127 1859 2198 proportiones
1890 2127 1950 2179 in

256 2221 464 2274 horum
499 2218 803 2272 medietate
830 2222 1114 2271 texentur.
1153 2217 1300 2270 Sane
1339 2217 1409 2270 ab
1440 2215 1710 2270 inferiore
1751 2231 1950 2286 proce-

257 2307 446 2362 dimus
478 2307 854 2376 omniumque
881 2305 1117 2359 nomina
1134 2305 1476 2358 chordarum
1499 2320 1615 2358 non
1637 2304 1823 2358 solum
1846 2320 1952 2356 no-

260 2395 530 2463 minibus,
562 2410 759 2448 varum
801 2394 975 2448 etiam
1007 2392 1285 2463 appositis
1314 2391 1541 2460 litteris,
1600 2393 1952 2446 demonstra-

259 2499 408 2538 mus.
455 2483 564 2538 Sed
613 2482 694 2536 ita
740 2487 824 2551 ut,
871 2481 1145 2552 quoniam
1182 2481 1358 2535 trium
1406 2495 1685 2551 generum
1743 2483 1827 2533 est
1871 2479 1953 2532 fa-

259 2572 460 2626 cienda
526 2570 780 2641 partitio,
856 2585 1278 2640 nervorumque
1347 2569 1555 2622 modus
1635 2568 1954 2623 litterarum

261 2675 568 2715 numerum
621 2658 859 2725 excedit,
936 2658 1036 2713 ubi
1081 2657 1395 2713 defecerint
1440 2655 1662 2716 litterae,
1725 2656 1956 2710 easdem

262 2765 458 2803 rursus
479 2747 841 2819 geminamus
872 2747 982 2802 hoc
1031 2746 1224 2814 modo,
1267 2751 1330 2800 ut
1379 2745 1610 2816 quando
1642 2744 1712 2798 ad
1741 2745 1796 2797 Ζ.
1833 2743 1955 2797 fue-

263 2838 549 2908 ritusque
574 2841 934 2908 perventum,
983 2836 1063 2888 ita
1116 2834 1489 2889 describimus
1539 2833 1792 2902 reliquos
1819 2848 1957 2886 ner-

266 2943 382 2981 vos.
418 2926 506 2980 bis
536 2942 586 2980 a.
609 2942 697 2979 aa.
722 2925 810 2978 bis
833 2925 887 2978 b.
919 2924 1014 2978 bb.
1041 2927 1096 2977 et
1120 2923 1208 2977 bis
1234 2940 1283 2976 c.
1315 2939 1394 2976 cc.
1423 2922 1506 2976 Sit
1536 2921 1712 2990 igitur
1741 2921 1961 2991 primus

267 3015 500 3086 quidem
528 3029 804 3068 numerus
836 3013 1256 3082 maximusque,
1291 3011 1390 3081 qui
1439 3009 1962 3080 proslambanome-

270 3104 329 3157 ni
359 3103 620 3158 obtineat
649 3101 982 3170 locum(68”)
1002 3097 1138 3154 νῆ.
1164 3099 1580 3169 cc.xv1.Sitque
1604 3098 1778 3152 totius
1809 3097 1966 3150 chor-

269 3192 356 3247 da:
386 3191 589 3245 modus
615 3190 685 3244 ab
716 3206 807 3259 eo,
837 3189 993 3260 quod
1026 3194 1109 3242 est
1158 3191 1222 3242 A.
1275 3203 1455 3257 usque
1485 3187 1555 3240 ad
1587 3187 1662 3250 id,
1697 3186 1850 3257 quod
1882 3190 1966 3239 est

271 3281 372 3335 LL.
411 3282 564 3334 Hanc
589 3279 647 3334 id
678 3284 762 3333 est
783 3283 855 3333 A.
893 3278 1530 3348 proslambanomenon.
1563 3271 1704 3330 νῆ.
1741 3292 1818 3329 cc.
1851 3291 1964 3328 xvr.

270 3369 463 3424 divido
487 3367 786 3422 dimidiam
821 3368 891 3420 ad
919 3367 983 3421 0.
1028 3371 1092 3419 ut
1114 3365 1188 3419 sit
1211 3369 1347 3418 tota.
1370 3367 1435 3417 A.
1469 3363 1644 3434 dupla
1663 3363 1734 3418 ab
1751 3380 1816 3416 ea
1836 3378 1967 3433 quas

272 3463 375 3513 est.
411 3458 473 3512 0.
508 3457 644 3510 item
673 3457 735 3511 0.
770 3457 841 3509 sit
861 3455 1037 3525 dupla
1061 3455 1132 3508 ab
1149 3469 1214 3507 ea
1237 3468 1363 3523 quas
1385 3456 1472 3504 est
1492 3453 1581 3505 bis
1612 3453 1676 3506 II.
1710 3455 1841 3505 nete
1868 3451 1969 3520 hy-

273 3545 604 3618 perboleon.
633 3543 1327 3614 Habeigiturquidem.A.
1350 3535 1467 3594 VII—1.
1493 3557 1568 3594 cc.
1599 3557 1707 3594 xvr.
1743 3541 1805 3595 0.
1833 3554 1967 3592 vero

275 3636 478 3688 horum
509 3632 835 3686 dimidium.
864 3647 966 3684 ιιιι.
1002 3646 1226 3684 nc.vm.
1251 3629 1486 3682 admese
1518 3633 1583 3681 ut
1611 3625 1968 3696 proslamba-

275 3737 561 3775 nomenon
576 3719 850 3789 diapason
865 3717 1235 3772 consonantia
1248 3715 1568 3770 conveniat.
1603 3716 1680 3768 Ea
1693 3731 1825 3769 vero
1840 3730 1970 3784 quae

279 3815 363 3864 est
387 3810 474 3863 bis
488 3810 556 3862 Il.
587 3807 890 3861 dimidium
906 3822 1106 3872 meses,
1125 3805 1270 3858 utsit
1283 3803 1887 3874 proslambanomenos
1902 3802 1970 3855 ab

281 3913 348 3952 ea
361 3914 487 3968 qua:
507 3901 591 3950 est
605 3900 734 3949 nete
754 3892 1500 3965 hyperboleonquadrupla,
1516 3896 1570 3944 et
1593 3890 1681 3944 bis
1693 3890 1970 3959 diapason

279 3987 348 4040 ad
383 4001 509 4038 eam
541 3989 814 4037 consonet
843 3981 1266 4052 symphoniam.
1316 3980 1509 4050 Sitque
1544 3981 1606 4032 ll.
1638 3976 1702 4032 ἦ.
1764 3993 1967 4032 cccnu.

353 4124 683 4195 pros|lamb.
1029 4121 1209 4195 melse
1364 4121 1760 4195 netelliyperb.

335 4205 588 4268 viﬁiJcc.
664 4225 776 4262 XVI.
852 4205 956 4262 iiii.
1035 4205 1246 4268 nc.|vn.
1428 4205 1633 4268 ilccc.
1839 4223 1940 4259 ιιιι.

476 4315 541 4365 Α.
1117 4308 1181 4362 Ο.
1496 4307 1559 4359 Η.
1872 4305 1972 4357 ιι..

354 4450 412 4506 Si
441 4450 619 4522 igitur
656 4464 725 4502 ex
770 4448 825 4501 ﬁ.
879 4464 987 4501 ccc.
1042 4465 1141 4500 ιιιι.
1204 4451 1458 4500 octavam
1513 4445 1805 4498 abstulero
1854 4460 1976 4513 par-

283 4545 418 4607 tem,
477 4539 534 4593 id
594 4541 698 4602 est,
755 4552 834 4590 cc.
896 4552 1054 4590 Lxxx.
1123 4551 1244 4591 vm.
1305 4535 1642 4604 eisdemque
1677 4534 1974 4604 ‘adjecero,

285 4630 424 4684 fient
453 4627 597 4681 mihi
623 4622 684 4678 Ti.
713 4641 766 4679 ι).
799 4641 886 4680 xc.
936 4642 994 4679 ιι.
1027 4625 1250 4696 eritque
1285 4626 1407 4679 HH.
1445 4617 1504 4677 ﬁ.
1554 4639 1603 4677 ι).
1638 4639 1721 4676 xc.
1758 4639 1815 4675 ιι.
1849 4639 1978 4693 quas

287 4719 362 4772 sit
373 4721 640 4787 paranete
660 4715 1052 4786 hyperboleon
1066 4714 1138 4768 ad
1159 4723 1287 4767 nete
1301 4713 1692 4782 hyperboleon
1717 4712 1980 4765 obtinens

285 4803 614 4860 distantiam
673 4801 811 4858 toni.
871 4802 1089 4856 Rursus
1147 4802 1272 4871 ejus
1319 4817 1447 4871 quas
1497 4805 1582 4854 est
1614 4801 1729 4853 ΒΗ.
1790 4800 1846 4853 id
1895 4805 1980 4854 est

286 4891 342 4948 ﬁ.
379 4911 431 4948 ι).
482 4908 610 4946 xcu.
644 4891 840 4945 aufero
873 4894 1149 4955 octavam,
1195 4905 1325 4959 qua).
1375 4894 1461 4942 est
1515 4905 1624 4942 ccc.
1675 4905 1778 4942 ιιιι.
1830 4904 1980 4941 eam-

285 4984 530 5053 demque
563 4980 666 5045 eis,
701 4994 951 5048 quorum
982 4982 1068 5030 est
1097 4982 1312 5046 octava,
1349 4979 1659 5047 subjungo,
1694 4983 1980 5046 eruntque

283 5067 347 5128 ii.
381 5086 556 5124 ncccc.
593 5067 934 5138 xv1.ﬁetque
959 5065 1101 5119 mihi
1127 5066 1228 5119 FF.
1256 5067 1383 5119 trite
1397 5066 1785 5137 hyperboleon
1809 5064 1983 5119 diato-

359 5215 493 5286 (68‘)
538 5212 860 5269 Generatim
891 5212 966 5286 in
1024 5211 1130 5264 hac
1179 5209 1390 5286 musica
1444 5215 1668 5262 notasse
1716 5207 1977 5286 sufﬁciat,

288 5279 562 5340 numeros
610 5283 956 5336 centenariis
1010 5279 1351 5352 pra-positos
1405 5295 1632 5349 semper
1685 5296 1806 5333 esse
1861 5279 1984 5332 mil-

347 5373 558 5410 narios.

347 5373 558 5410 nanos.

288 5361 468 5498 b(69)
494 5426 795 5498 WErrorem
870 5423 961 5476 hic
1000 5439 1122 5476 esse
1149 5420 1542 5498 commissum,
1605 5435 1671 5473 ex
1697 5435 1763 5473 eo
1801 5423 1980 5490 patet,

290 5491 911 5569 quod'dimidiumcc.
965 5509 1218 5547 Lxxxvm.
1271 5491 1342 5545 sit
1368 5507 1434 5569 _c_.
1484 5506 1647 5569 xxxx.
1705 5507 1804 5544 ιιιι.
1849 5507 1980 5569 non

290 5561 444 5636 vero,
474 5572 537 5622 ut
557 5567 650 5622 hic
678 5565 931 5638 ponitur,
971 5581 1015 5618 c.
1058 5580 1145 5618 xx.
1199 5578 1314 5616 νιιι.
1367 5561 1501 5617 hinc
1527 5561 1690 5633 juxta
1738 5562 1980 5632 explica-

2056 1690 2288 1760 quidem
2320 1690 2536 1744 distans
2568 1691 2638 1744 ab
2663 1707 2748 1755 ea,
2782 1706 2910 1760 quas
2941 1695 3025 1743 est
3059 1691 3331 1760 paranete
3363 1688 3763 1758 hyperboleon

2055 1779 2336 1845 diatonos,
2374 1779 2568 1833 ditono
2598 1795 2730 1833 vero
2776 1779 2846 1832 ab
2891 1795 2958 1832 ea
3014 1793 3143 1847 quas
3194 1782 3279 1831 est
3311 1781 3436 1829 nete
3469 1776 3762 1846 hyperbo-

2056 1867 2208 1920 leon.
2260 1866 2466 1920 Eadem
2531 1884 2660 1920 vero
2711 1868 2812 1921 FF.
2867 1866 2976 1920 erit
3027 1866 3087 1919 in
3136 1865 3489 1919 chromatico
3541 1877 3764 1933 genere

2057 1955 2188 2009 trite
2233 1956 2623 2025 hyperboleon
2695 1955 3072 2021 chromatica;
3123 1955 3180 2008 in
3237 1953 3569 2008 enarmonio
3619 1969 3762 2005 vero

2059 2048 2326 2114 paranete
2392 2044 2781 2114 hyperboleon
2866 2043 3250 2098 enarmonios.
3315 2041 3475 2106 Quod
3533 2040 3765 2094 facilius

2059 2131 2386 2202 agnoscitur
2440 2148 2542 2185 cur
2611 2133 2820 2198 veniat,
2890 2147 3020 2185 cum
3079 2131 3252 2183 trium
3319 2145 3597 2200 generum
3647 2129 3766 2181 tria

2060 2221 2246 2291 prima
2283 2221 2642 2274 tetrachorda
2711 2238 2740 2274 a
2797 2225 2926 2273 nete
2979 2219 3368 2289 hyperboleon
3429 2217 3767 2271 inchoantia

2061 2309 2550 2380 descripserimus.
2619 2309 2902 2374 Quoniam
2969 2324 3099 2361 vero
3168 2307 3214 2360 si
3279 2324 3312 2360 a
3393 2305 3767 2376 sesquitertia

2061 2398 2433 2469 proportione
2465 2399 2606 2452 duas
2638 2399 3055 2468 sesquioctavas
3113 2397 3424 2463 abstulero,
3462 2395 3764 2465 relinque-

2062 2493 2157 2540 tur
2224 2487 2363 2540 mihi
2430 2487 2800 2540 semitonium
2861 2487 3070 2553 minus,
3131 2502 3294 2540 sumo
3356 2483 3580 2537 tertiam
3640 2484 3768 2553 ejus

2067 2593 2195 2647 quas
2228 2581 2310 2629 est
2339 2593 2396 2629 ιι.
2432 2580 2672 2645 partem,
2708 2575 2762 2629 id
2811 2580 2893 2628 est
2953 2581 3086 2628 uete
3141 2572 3528 2645 hyperboleon
3561 2590 3577 2624 :
3629 2577 3771 2625 sunt.

2066 2682 2181 2718 nec.
2242 2681 2425 2718 vam.
2462 2665 2561 2718 hos
2596 2664 2807 2717 eisdem
2839 2663 3066 2734 adjicio,
3102 2664 3239 2717 fient
3283 2662 3440 2723 mihi,
3471 2657 3557 2716 ῙΗ.
3595 2677 3764 2714 Lxxn.

2067 2754 2221 2824 quod
2251 2758 2333 2807 est
2363 2758 2492 2807 nete
2525 2753 3002 2821 diezeugmenon,
3058 2753 3169 2805 DD.
3221 2752 3289 2804 ad
3324 2751 3494 2804 triten
3548 2750 3768 2820 hyper-

2000 2882 2041 2936 Ο
2071 2843 2282 2897 boleon
2314 2841 2678 2895 semitonium
2731 2841 2939 2895 minus.
2989 2839 3271 2904 Quoniam
3327 2846 3455 2892 uete
3501 2839 3772 2907 diezeug-

2073 2947 2285 2985 menon
2350 2931 2419 2984 ad
2472 2935 2598 2984 nete
2665 2929 3055 3000 hyperboleon
3104 2929 3458 2982 diatessaron
3514 2926 3771 2980 continet

2073 3019 2536 3082 consonantiam;
2567 3017 2697 3071 trite
2753 3021 2943 3071 autem
3000 3017 3386 3087 hyperboleon
3437 3015 3704 3069 diatonos
3737 3031 3771 3068 a

2076 3111 2203 3160 ncte
2227 3106 2609 3177 hyperboleon
2633 3105 2895 3160 ditonum
2915 3105 3103 3172 distat,
3130 3103 3476 3174 relinquitur
3493 3102 3770 3172 spatium,

2074 3192 2222 3262 quod
2256 3199 2336 3243 est
2369 3191 2520 3243 inter
2543 3197 2714 3243 neten
2744 3191 3197 3260 diezeugmenon
3231 3193 3286 3242 et
3335 3187 3504 3242 triten
3566 3189 3773 3258 hyper-

2075 3281 2302 3346 boleon,
2336 3279 2628 3333 semitonii
2660 3279 2912 3332 minoris.

2147 3369 2432 3432 Quoniam
2484 3367 2663 3437 igitur
2719 3367 3148 3422 tetrachordum
3198 3365 3589 3436 hyperboleon
3647 3365 3772 3419 dia-

2075 3457 2254 3511 tonici
2333 3455 2560 3526 generis
2653 3455 3028 3525 explevimus,
3097 3470 3246 3508 nunc
3301 3453 3634 3508 chromatici
3717 3458 3776 3506 et

2077 3545 2397 3600 enarmonii
2436 3545 2798 3598 tetrachorda
2853 3543 3174 3613 supplenda
3231 3547 3364 3595 sunt
3409 3543 3517 3596 hoc
3575 3542 3770 3594 modo.

2079 3634 2359 3698 Quoniam
2419 3634 2571 3686 enim
2601 3637 2876 3702 paranete
2899 3632 3289 3703 hyperboleon
3343 3649 3376 3684 a
3414 3635 3542 3683 nete
3570 3630 3772 3700 hyper-

2080 3723 2286 3778 boleon
2316 3728 2451 3776 tono
2479 3722 2650 3776 distat
2679 3721 2738 3774 in
2796 3721 3082 3774 diatonico
3139 3737 3369 3790 genere,
3404 3720 3460 3772 in
3518 3719 3774 3772 chroma-

2081 3811 2192 3865 tico
2244 3811 2425 3865 tribus
2483 3827 2613 3865 vero
2670 3810 3005 3874 semitoniis,
3060 3810 3118 3863 in
3173 3809 3508 3862 enarmonio
3539 3807 3772 3878 quidem

2081 3901 2304 3954 duobus
2335 3899 2482 3954 tonis
2515 3917 2526 3953 :
2563 3900 2610 3952 si
2641 3899 2970 3953 distantiam
3006 3902 3308 3968 paranetes
3358 3895 3766 3967 hyperboleon,

2083 3993 2139 4042 et
2171 3994 2328 4042 uetes
2356 3989 2742 4060 hyperboleon
2773 3988 3045 4042 diatonici
3077 3987 3304 4058 generis
3335 3984 3770 4055 sumpserimus,

2083 4079 2322 4148 ejusque
2367 4077 2670 4131 dimidium
2719 4081 2987 4149 paranete
3039 4073 3454 4146 hyperboleon,
3504 4088 3633 4143 quae
3689 4076 3772 4125 est

2011 4158 2052 4210 D
2084 4166 2354 4220 diatonici
2383 4166 2633 4235 generis,
2662 4181 3039 4237 apponamus,
3071 4163 3411 4218 habebimus
3465 4175 3766 4215 numerum

2084 4256 2267 4309 tribus
2295 4254 2620 4309 semitoniis
2652 4255 2721 4308 ab
2753 4258 2882 4308 nete
2923 4253 3316 4324 hyperboleon
3357 4251 3684 4316 distantem,
3715 4254 3770 4303 et

2087 4344 2193 4398 erit
2217 4345 2336 4398 haec
2384 4343 2444 4398 in
2498 4343 2847 4397 chromatico
2903 4358 3114 4414 genere
3161 4346 3435 4412 paranete
3485 4337 3766 4410 hyperbo-

2085 4434 2236 4488 leon.
2270 4433 2480 4487 Aufero
2537 4433 2712 4501 igitur
2753 4433 2821 4486 de
2859 4431 2920 4486 ii.
2975 4449 3027 4485 ι).
3083 4447 3210 4485 xcn.
3256 4430 3316 4484 id
3367 4433 3451 4483 est
3503 4433 3770 4499 paranete

2086 4520 2475 4592 hyperboleon
2503 4521 2774 4575 diatonici
2822 4519 3047 4591 generis
3103 4536 3161 4572 ιι.
3204 4534 3400 4572 cccmi.
3443 4517 3501 4571 id
3535 4522 3619 4570 est
3648 4521 3769 4569 nete

2086 4610 2496 4681 hyperboleon,
2529 4609 2936 4680 relinquuntur
2964 4625 3042 4662 cc.
3076 4624 3234 4666 Lxxx,
3269 4623 3384 4660 VIII.
3428 4606 3532 4659 hos
3562 4605 3766 4670 divido,

2088 4705 2273 4754 erunt.
2307 4717 2355 4753 c.
2389 4716 2476 4752 xx.
2528 4716 2638 4753 VIII.
2694 4699 2924 4751 eosdem
2962 4694 3025 4751 ἷὶ.
3071 4714 3179 4750 ccc.
3214 4713 3267 4751 x.
3315 4695 3589 4764 adjungo,
3642 4695 3772 4748 fient

2090 4807 2147 4844 ιι.
2185 4804 2328 4844 cccc.
2352 4804 2478 4843 xxx.
2514 4805 2626 4842 vm.
2643 4787 2764 4842 haec
2781 4788 2889 4841 erit
2909 4786 3302 4858 hyperboleon
3316 4789 3588 4856 paranete
3613 4784 3769 4836 chro-

2089 4879 2316 4932 matica.
2351 4877 2461 4947 (69)
2501 4877 2716 4931 Rursus
2757 4876 3032 4947 quoniam
3084 4874 3212 4928 trite
3242 4872 3638 4943 hyperboleon
3691 4870 3770 4923 vel

2089 4966 2372 5020 diatonica
2403 4967 2490 5020 vel
2520 4966 2866 5019 chromatica
2895 4965 3040 5018 duos
3063 4968 3228 5016 tonos
3255 4962 3424 5016 distat
3458 4978 3488 5014 a
3518 4965 3648 5014 nete
3676 4960 3773 5028 hy-

2091 5054 2423 5124 perboleon,
2447 5053 2582 5108 etin
2601 5053 2941 5109 enarmonio
2968 5068 3176 5122 genere
3197 5055 3472 5123 paranete
3497 5049 3770 5120 hyperbo-

2092 5206 2308 5279 t_ionem
2343 5222 2475 5260 mox
2499 5205 2701 5279 factam
2750 5205 2829 5259 ita
2872 5205 3201 5279 legendum.
3255 5205 3462 5279 {infero
3499 5199 3674 5279 igitur

2092 5273 2153 5328 ᾗ.
2226 5293 2278 5329 u.
2344 5293 2399 5330 ιι.
2473 5276 2534 5330 id
2595 5282 2705 5343 est,
2775 5273 3040 5345 paranete
3097 5274 3450 5344 hyperboleon
3521 5273 3772 5325 diatonici

2092 5350 2302 5414 generis
2318 5345 2380 5402 ἦ.
2407 5363 2518 5400 ccc.
2545 5361 2646 5401 IIII.
2680 5348 2742 5401 id
2767 5353 2843 5400 est
2863 5353 2978 5400 nete
2999 5347 3376 5415 hyperboleon,
3399 5345 3770 5411 relinquuntur

2093 5433 2169 5473 cc.
2205 5435 2362 5474 Lxxx.
2391 5435 2507 5473 vm.
2551 5420 2644 5473 hos
2693 5419 2902 5483 divido,
2936 5414 3092 5471 erunt
3138 5433 3185 5471 c.
3217 5433 3383 5483 xxxx,
3414 5432 3513 5469 ιιιι.
3576 5414 3769 5468 eosdem

2090 5487 2152 5544 ῖῑ.
2188 5507 2238 5543 ι).
2281 5506 2365 5544 xc.
2418 5507 2455 5543 ιι
2501 5491 2762 5558 adiungo,
2813 5491 2940 5558 ﬁent
2985 5487 3045 5545 ﬁ.
3081 5505 3193 5543 ncc.
3253 5504 3376 5544 xxx.
3413 5503 3482 5540 v1.
3515 5486 3624 5540 haec
3675 5487 3771 5539 erit

2093 5562 2448 5633 hyperboleon
2474 5568 2734 5630 paranete
2763 5561 3113 5617 chromatica.
