3950 6318
270 301 403 353 1113

1877 302 2149 357 MUSICA.

3632 305 3762 358 1114

263 432 396 484 leon
426 432 648 485 duobus
676 434 829 487 tonis
871 433 1039 486 distat
1071 433 1141 487 ab
1178 450 1246 487 ea
1284 450 1414 504 quae
1449 438 1533 486 est
1568 439 1697 487 nete
1745 434 1961 503 hyper-
2000 438 2044 489 Α
2073 434 2218 487 tium
2273 438 2575 503 paranetes
2626 434 3018 503 hyperboleon
3080 434 3350 488 diatonici
3406 434 3637 504 generis
3692 436 3763 489 ad

261 520 493 584 boleon,
525 522 724 576 eadem
758 522 865 575 erit
893 527 949 575 et
979 522 1039 575 in
1070 523 1406 576 enarmonio
1448 538 1656 593 genere
1689 526 1957 591 paranete

261 609 671 679 hyperboleon,
718 626 847 680 quae
896 615 982 664 est
1027 611 1087 663 in
1145 611 1429 664 diatonico
1485 611 1570 664 vel
1610 612 1956 664 chromatico

262 697 395 749 trite
438 698 853 768 hyperboleon.
900 699 1004 752 Sed
1056 699 1327 768 quoniam
1387 700 1519 753 trite
1564 694 1991 769 hyperboleon

263 784 537 838 diatonici
564 786 791 856 generis
823 792 879 839 et
916 788 1243 841 chromatici
1296 788 1363 841 ad
1409 793 1539 841 nete
1589 788 1958 857 diezeugme-

264 888 379 926 non
449 875 640 928 minus
709 876 1079 929 semitonium
1154 881 1407 942 servant,
1486 882 1706 930 constat
1766 882 1956 930 autem

261 963 687 1017 tetrachordum
716 965 1039 1017 enarmonii
1086 965 1313 1034 generis
1353 981 1419 1018 ex
1460 966 1681 1018 duobus
1720 965 1957 1034 integris

263 1049 413 1101 tonis
437 1055 494 1103 et
523 1051 663 1104 diesi
691 1068 754 1104 ac
800 1052 979 1113 diesi,
1008 1068 1137 1121 quae
1187 1057 1321 1105 sunt
1362 1052 1600 1106 dimidia
1646 1053 1829 1121 spatia
1869 1069 1955 1105 se-

265 1137 494 1191 mitouii
551 1137 793 1192 minoris
843 1156 855 1193 :
906 1140 1234 1193 distantiam
1294 1156 1441 1207 eam,
1496 1157 1625 1211 quas
1680 1146 1763 1194 est
1810 1142 1959 1193 inter

263 1233 434 1280 neten
524 1228 979 1297 diezeugmenon
1053 1234 1109 1282 et
1179 1235 1492 1299 paraneteu
1569 1230 1958 1301 hyperboleon

262 1316 663 1369 enarmonium
697 1332 881 1371 sumo.
937 1316 1041 1370 Sed
1094 1317 1369 1387 quoniam
1423 1322 1548 1370 nete
1597 1318 1957 1388 diezeugme-

262 1418 382 1456 non
414 1407 500 1457 est
524 1401 587 1458 ﬁ.
621 1420 735 1457 ncc.
777 1421 896 1457 xxx.
938 1422 1052 1458 vm.
1104 1410 1376 1474 paranete
1425 1411 1615 1459 autem
1669 1406 1958 1476 hyperbo-

262 1493 394 1546 leon
426 1488 489 1544 Π.
522 1508 627 1545 ccc.
664 1509 716 1545 x.
767 1493 975 1546 horum
1024 1494 1295 1547 distantia
1350 1498 1456 1547 erit
1505 1511 1644 1547 cccc.
1700 1511 1787 1547 xx.
1838 1511 1955 1548 vui.

264 1580 472 1633 horum
506 1598 669 1634 sumo
715 1581 1014 1635 dimidiam
1047 1587 1267 1651 partem
1302 1583 1400 1651 qui
1445 1590 1578 1637 sunt
1624 1600 1701 1637 cc.
1751 1600 1803 1636 X.
1856 1600 1954 1637 un.

267 1667 371 1720 hos
413 1668 618 1737 adjicio
664 1666 726 1722 ἧ.
758 1685 868 1723 ccc.
918 1685 968 1724 x.
1022 1670 1165 1722 tient
1218 1667 1275 1725 “.
1337 1684 1386 1721 ι).
1421 1685 1509 1721 xx.
1555 1686 1654 1723 nu.
1700 1670 1819 1722 haec
1848 1670 1958 1723 erit

264 1757 367 1809 EE.
413 1756 521 1823 (70)
554 1756 684 1810 trite
728 1757 1121 1827 hyperboleon
1170 1758 1552 1812 enarmonios.
1600 1758 1957 1828 Descriptum

263 1849 346 1896 est
377 1844 555 1913 igitur
586 1846 899 1898 secundum
930 1846 1040 1899 tria
1070 1862 1285 1914 genera
1329 1847 1770 1909 tetrachordum,
1804 1849 1960 1917 quod

262 1939 349 1986 est
378 1934 792 2003 hyperboleon,
826 1935 988 2005 cujus
1014 1934 1253 1987 formam
1288 1935 1482 1989 subter
1507 1935 1840 2004 adjecimus.

928 2106 1132 2143 SCHEMA
1174 2107 1227 2143 N.
1260 2110 1296 2145 ι.

546 2231 704 2285 Ratio
733 2231 983 2298 superius
1015 2229 1235 2297 digestae
1264 2230 1662 2299 descriptionis.

332 2352 462 2406 Tria
504 2352 681 2422 igitur
727 2354 1091 2407 tetrachorda
1121 2354 1223 2407 tali
1273 2354 1436 2407 nobis
1481 2355 1699 2407 ratione
1747 2355 1957 2409 descri-

260 2447 358 2511 pta
388 2446 538 2493 sunt.
574 2442 1018 2495 Tetrachordum
1055 2442 1210 2495 enim
1255 2458 1425 2495 omne
1475 2442 1826 2497 diatessaron
1868 2461 1957 2498 re-

260 2533 427 2582 sonat
490 2530 942 2583 consonantiam.
1016 2530 1197 2600 Igitur
1258 2536 1387 2584 nete
1452 2531 1846 2601 hyperboleon
1902 2539 1960 2587 et

262 2623 395 2670 nete
459 2616 913 2687 diezeugmenon
966 2619 1025 2671 in
1086 2619 1267 2671 tribus
1332 2618 1660 2687 generibus,
1724 2620 1780 2673 id
1849 2627 1954 2686 est,

263 2707 349 2759 vel
394 2706 454 2758 in
504 2705 764 2773 diatono,
821 2707 909 2759 vel
966 2707 1025 2760 in
1075 2707 1389 2772 chromate,
1448 2708 1533 2760 vel
1587 2708 1647 2761 in
1704 2724 1959 2763 enarmo-

262 2793 360 2847 nio
410 2793 763 2846 diatessaron
808 2794 1060 2847 continet
1109 2796 1511 2865 symphoniam
1544 2815 1561 2849 :
1605 2797 1959 2851 Diatessaron

264 2886 457 2936 autem
490 2881 863 2934 consonantia
892 2887 1111 2935 constat
1142 2882 1363 2936 duobus
1394 2882 1545 2935 tonis
1574 2886 1631 2936 et
1656 2883 1958 2936 semitonio

264 2970 510 3023 minore.
546 2969 700 3021 Idem
742 2968 849 3021 hoc
899 2968 1065 3021 modo
1099 2985 1203 3037 per
1249 2969 1359 3022 tria
1406 2985 1620 3039 genera
1666 2970 1727 3023 in
1764 2986 1959 3040 supra—
1997 2993 2035 3047 ρ

263 3057 489 3128 scriptis
541 3057 914 3110 tetrachordis
964 3057 1210 3110 divisum
1259 3062 1362 3110 est.
1412 3058 1475 3110 In
1521 3058 1752 3111 diatono
1802 3059 1955 3112 enim

264 3162 473 3217 genere
501 3146 648 3215 quod
682 3145 933 3215 primum
962 3152 1232 3216 paranete
1262 3146 1670 3217 hyperboleon,
1697 3148 1753 3201 id
1776 3152 1859 3201 est
1890 3146 1952 3201 Π.

264 3253 315 3289 ι).
348 3252 432 3289 xc.
476 3252 535 3287 Il.
588 3234 658 3288 ad
710 3240 839 3289 nete
885 3235 1295 3305 hyperboleon,
1350 3235 1406 3287 id
1454 3240 1538 3287 est
1574 3231 1634 3289 ii.
1688 3252 1796 3289 ccc.
1851 3254 1953 3290 ιιιι.

262 3322 591 3394 distantiam
634 3322 852 3376 obtinet
882 3321 1025 3387 toni,
1062 3323 1216 3391 quod
1262 3322 1362 3375 tali
1417 3323 1615 3376 notula
1664 3324 1957 3394 inscripsi-

264 3428 408 3467 mus.
551 3412 766 3466 Rursus
796 3412 931 3464 trite
970 3410 1356 3482 hyperboleon
1401 3410 1672 3465 diatonici
1706 3391 1955 3481 generis,

264 3516 394 3570 quas
452 3505 536 3553 est
579 3496 644 3554 ῑῑ.
708 3515 883 3553 ucccc.
946 3515 1055 3552 xv1.
1129 3499 1200 3551 ad
1252 3503 1523 3568 paranete
1565 3499 1958 3569 hyperboleon

263 3587 533 3642 diatonici
564 3588 813 3658 generis,
841 3604 968 3658 qua:
998 3592 1081 3640 est
1106 3584 1168 3640 1—1.
1201 3604 1250 3641 ι).
1293 3604 1375 3641 xc.
1429 3604 1485 3658 ιι.
1532 3588 1751 3641 obtinet
1798 3589 1956 3642 diffe-

262 3678 504 3731 rentiam
554 3677 704 3743 toni,
748 3693 919 3747 quam
970 3676 1143 3729 simili
1194 3676 1391 3729 notula
1532 3676 1955 3746 insignivimus.

264 3767 401 3820 Nete
466 3772 658 3820 autem
736 3766 1189 3835 diezeugmenon
1283 3766 1351 3818 ad
1422 3765 1599 3818 triten
1674 3766 1955 3835 hyperbo-

264 3856 412 3921 leon,
450 3854 506 3908 id
546 3860 649 3920 est,
696 3852 782 3907 ὦ.
837 3870 960 3906 Lxx.
1019 3870 1075 3906 ιι.
1126 3852 1197 3905 ad
1262 3852 1321 3905 ﬁ.
1383 3868 1562 3906 acccc.
1619 3869 1729 3905 xvn.
1788 3854 1958 3907 semi-

264 3961 483 4013 tonium
520 3961 714 4023 refert,
768 3960 917 4029 quod
967 3959 1067 4012 tali
1114 3959 1311 4012 notula
1357 3959 1731 4026 signavimus.
1899 3962 1962 4013 Et

265 4054 349 4101 est
389 4050 492 4101 hoc
530 4054 711 4100 totum
762 4048 1009 4117 spatium
1054 4051 1215 4100 rietes
1256 4047 1707 4116 diezeugmenon
1757 4055 1810 4101 et
1854 4064 1959 4101 ne-

265 4142 350 4190 tes
414 4137 825 4207 hyperboleon,
896 4138 1141 4189 duorum
1198 4140 1468 4188 tonorum
1527 4152 1589 4187 ac
1647 4136 1958 4189 semitonii.

226 4226 374 4279 ‘Sed
427 4225 601 4277 iidem
671 4226 784 4278 duo
853 4224 976 4277 toni
1037 4240 1101 4277 ac
1148 4224 1521 4277 semitonium
1576 4225 1634 4277 in
1695 4225 1958 4278 chroma-

265 4314 379 4367 tico
443 4329 653 4383 genere
720 4314 823 4365 hac
898 4312 1117 4365 ratione
1182 4312 1351 4366 divisi
1413 4318 1565 4367 sunt.
1635 4314 1957 4367 Secundum

268 4400 423 4454 enim
491 4416 691 4470 genus,
760 4400 915 4471 quod
983 4404 1067 4453 est
1130 4400 1565 4467 chromaticum,
1624 4402 1729 4456 hoc
1796 4404 1962 4456 modo

267 4490 616 4560 descriptum
671 4494 771 4543 est.
828 4491 1102 4542 Paranete
1152 4490 1305 4542 enim
1353 4490 1698 4545 chromatice
1753 4492 1962 4561 hyper-

266 4578 495 4645 boleon,
541 4594 669 4649 qua:
699 4584 784 4632 est
810 4574 868 4632 ἰῖ.
918 4593 1029 4631 ncc.
1060 4593 1189 4631 xxx.
1226 4594 1299 4631 vr.
1352 4578 1424 4631 ad
1471 4584 1643 4633 neten
1675 4580 1960 4650 hyperbo-

267 4667 421 4730 leon,
457 4682 584 4736 quas
615 4671 696 4720 est
722 4664 787 4720 ῑῑ.
837 4682 945 4719 ccc.
992 4682 1093 4719 ιιιι.
1128 4671 1475 4734 comparata,
1526 4667 1782 4721 continet
1828 4685 1960 4738 spa-

269 4755 410 4808 tium
480 4761 776 4825 paranetes
828 4754 1221 4825 hyperboleon
1279 4753 1553 4807 diatonici
1608 4757 1837 4824 generis
1891 4758 1963 4811 ad

268 4848 437 4897 neten
479 4844 893 4913 hyperboleon,
927 4842 1023 4913 qui
1057 4847 1142 4896 est
1187 4858 1332 4895 unus
1370 4846 1561 4910 tonus,
1614 4843 1671 4897 id
1718 4850 1803 4896 est
1849 4845 1962 4897 duo

268 4931 572 4985 semitonia
602 4932 787 5001 majus
836 4947 901 4985 ac
947 4931 1140 4984 minus
1174 4947 1186 4984 :
1216 4935 1274 4984 et
1322 4930 1570 4984 divisum
1602 4947 1797 4986 rursus
1828 4949 1963 5002 spa—

340 5075 453 5143 (70)
490 5076 556 5128 Ut
584 5090 651 5128 ex
697 5074 1089 5144 superioribus
1132 5077 1308 5143 patet,
1346 5072 1443 5144 hic
1488 5073 1677 5127 denuo
1713 5090 1873 5127 error
1904 5075 1964 5127 in

269 5148 551 5199 calculum
597 5146 843 5215 irrepsit.
902 5146 1227 5216 Legendum
1276 5143 1457 5213 igitur
1495 5162 1511 5197 :
1562 5145 1667 5198 Sed
1707 5148 1964 5213 quoniam

268 5221 386 5270 nete
441 5214 853 5283 diezeugmenon
909 5214 1001 5270 est
1037 5214 1121 5270 ﬁ.
1185 5231 1307 5269 Lxx.
1362 5231 1422 5283 ιι,
1470 5220 1731 5283 paranete
1784 5222 1962 5269 autem

272 5288 627 5355 hyperboleon
682 5287 740 5340 ﬁ.
795 5304 970 5340 DCCCC.
1034 5303 1144 5340 XVI.
1200 5288 1388 5340 horum
1441 5288 1708 5338 distantia
1765 5289 1869 5339 erit
1911 5304 1958 5339 c.

273 5375 377 5412 Lvi.
430 5360 618 5411 horum
655 5373 804 5411 sumo
836 5358 1125 5411 dimidiam
1154 5363 1385 5426 partem,
1434 5359 1530 5424 qui
1574 5362 1701 5410 sunt
1736 5372 1958 5421 Lxxvm,

274 5432 368 5483 hos
397 5430 603 5497 adjicio
628 5428 691 5483 Η.
726 5443 904 5483 DCCCC.
937 5444 1047 5483 xvr.
1097 5428 1229 5499 ﬁent
1260 5443 1317 5481 ιι.
1356 5444 1530 5481 ncccc.
1576 5444 1661 5481 xc.
1715 5444 1814 5481 ιιιι.
1852 5428 1962 5482 haec

274 5503 393 5555 erit.
436 5506 539 5554 etc.

348 5570 459 5641 (71)
494 5570 888 5642 Supplendum
928 5588 939 5624 ε
974 5572 1055 5624 ita
1086 5573 1228 5625 enim
1272 5572 1482 5636 factum
1512 5574 1610 5637 est,
1651 5574 1711 5623 ut
1754 5568 1960 5623 duobus

2070 527 2242 575 neten
2272 521 2685 591 hyperboleon.
2720 523 2803 574 Ita
2833 521 2987 574 enim
3020 522 3229 575 factum
3274 526 3357 575 est
3388 524 3493 593 (7t)
3534 523 3635 593 qui
3674 527 3761 577 est

2067 616 2259 673 tonus,
2321 609 2419 662 sed
2470 625 2586 662 non
2634 609 2876 678 integre,
2936 610 3235 676 dimidius;
3293 612 3415 681 qui,
3471 616 3534 664 ut
3588 628 3761 681 supra

2071 697 2357 751 uberrime
2389 702 2766 751 monstratum
2799 703 2881 751 est
2909 698 3072 769 (non)
3108 704 3295 767 potest
3337 705 3508 752 tonus
3553 700 3613 752 in
3645 701 3758 754 duo

2068 804 2234 857 aequa
2291 786 2510 856 partiri.
2585 787 3057 856 Consignavimus
3113 788 3290 855 igitur
3351 788 3458 841 hoc
3512 789 3760 857 spatium

2067 877 2242 929 trium
2274 875 2734 941 semitoniorum,
2787 876 2839 929 id
2890 882 2973 931 est
3024 876 3145 929 toni
3191 892 3256 930 ac
3304 877 3610 945 semitonii,
3654 878 3762 931 hoc

2068 983 2236 1036 modo
2595 983 2813 1036 Rursus
2856 988 3127 1051 paranete
3169 983 3559 1051 hyperboleon
3600 984 3761 1036 chro-

2070 1073 2273 1125 matice
2319 1074 2391 1127 ad
2435 1074 2607 1126 triten
2653 1072 3041 1141 hyperboleon
3091 1072 3301 1125 retinet
3348 1077 3567 1142 partem
3618 1072 3758 1140 toni,

2066 1161 2122 1215 id
2156 1167 2242 1215 est
2280 1162 2672 1227 semitonium,
2727 1160 2875 1230 quod
2926 1160 3211 1229 reliquum
3262 1160 3370 1214 fuit
3415 1177 3479 1213 ex
3530 1161 3757 1214 duobus

2067 1249 2241 1313 tonis,
2288 1250 2386 1320 qui
2416 1250 2785 1303 continentur
2817 1248 2967 1301 inter
3014 1249 3185 1302 triten
3218 1249 3606 1319 hyperboleon
3638 1250 3750 1303 dia-

2066 1337 2317 1390 tonicam
2350 1342 2406 1391 et
2452 1342 2623 1391 neten
2673 1336 3080 1407 hyperboleon.
3129 1336 3441 1389 Subtractis
3483 1352 3611 1389 vero
3656 1353 3758 1389 ιιιι.

2069 1426 2408 1492 semitoniis,
2463 1425 2751 1497 reliquum
2801 1441 2865 1477 ex
2909 1430 3029 1477 toto
3087 1425 3451 1478 tetrachordo
3510 1425 3759 1495 spatium

2069 1514 2361 1568 semitonii
2426 1519 2527 1580 est,
2599 1513 2753 1584 quod
2823 1512 3147 1565 continetur
3212 1513 3362 1566 inter
3422 1518 3590 1565 neten
3650 1511 3763 1565 die-

2070 1616 2450 1672 zeugmenon,
2499 1606 2555 1654 et
2601 1601 2775 1654 triten
2844 1601 3251 1670 hyperboleon.
3313 1602 3545 1655 Constat
3586 1599 3764 1669 igitur

1998 1712 2037 1764 B
2070 1689 2177 1742 hoc
2221 1689 2648 1743 tetrachordum
2704 1704 2767 1741 ex
2828 1687 3051 1741 duobus
3108 1687 3259 1739 tonis
3317 1702 3379 1739 ac
3432 1686 3759 1749 semitonio,

2073 1777 2319 1832 divisum
2352 1778 2527 1830 semel
2563 1776 2797 1847 quidem
2848 1775 2904 1827 in
2958 1791 3074 1828 uno
3125 1775 3308 1843 spatio
3359 1774 3541 1827 tribus
3591 1773 3763 1827 semi-

2072 1866 2265 1932 toniis,
2298 1866 2355 1919 in
2388 1866 2609 1919 duobus
2637 1869 2829 1918 autem
2880 1863 3077 1932 spatiis
3126 1863 3346 1917 duobus
3396 1862 3711 1916 semitoniis
3747 1878 3762 1915 :

2070 1955 2181 2007 tria
2227 1971 2361 2007 vero
2412 1955 2598 2024 spatia
2649 1953 2838 2006 nervis
2889 1970 2988 2006 nu.
3043 1952 3428 2006 continentur.
3482 1954 3540 2005 In
3591 1968 3760 2005 enar-

2071 2043 2265 2095 monio
2299 2059 2429 2097 vero
2461 2058 2671 2112 genere
2721 2056 2947 2095 summa
2998 2046 3084 2094 est
3131 2040 3190 2094 id
3240 2040 3612 2109 pernoscendi
3647 2041 3764 2109 (72)

2069 2136 2237 2200 tonos
2284 2132 2538 2200 integros
2579 2130 2771 2197 distat,
2821 2146 2965 2200 quos
3020 2129 3121 2182 hoc
3178 2130 3349 2183 modo
3414 2128 3759 2183 notavimus.

2068 2199 2126 2277 'I‘.
2256 2198 2619 2291 Relinquitur
2649 2198 2925 2288 igitur—ex
2959 2217 3131 2270 totius
3161 2217 3509 2271 tetrachordi
3540 2217 3763 2270 duobus

2067 2312 2220 2364 tonis
2251 2327 2314 2363 ac
2345 2308 2645 2362 semitonio
2693 2320 2874 2360 unum
2925 2305 3315 2372 semitonium,
3368 2305 3523 2375 quod
3573 2304 3760 2359 conti-

2071 2404 2239 2453 netur
2265 2399 2414 2451 inter
2445 2402 2616 2451 neten
2662 2396 3138 2465 diezeugmenon,
3190 2399 3248 2448 et
3292 2398 3606 2464 paraneteu
3651 2394 3762 2463 hy-

2070 2486 2379 2558 perboleon
2438 2485 2840 2550 enarmonion,
2892 2483 3046 2553 quod
3096 2482 3311 2535 scilicet
3354 2482 3652 2535 divisimus
3700 2481 3762 2535 in

2068 2576 2207 2630 duas
2273 2575 2455 2628 dieses
2528 2574 2658 2626 trite
2735 2571 3113 2642 liyperboleos
3180 2570 3368 2623 media
3444 2570 3761 2639 interjecta,

2069 2665 2432 2735 spatiumque
2479 2663 2698 2716 dieseos
2747 2663 2854 2715 hoc
2897 2661 3066 2713 modo
3118 2661 3456 2713 notavimus.
3489 2660 3551 2722 Q.
3582 2659 3764 2729 Igitur

2068 2753 2232 2806 nobis
2298 2751 2689 2823 hyperboleon
2755 2748 3181 2802 tetrachordum
3249 2746 3598 2817 descriptum
3658 2750 3759 2813 est,

2069 2858 2183 2912 quo
2230 2847 2461 2911 peracto
2513 2839 2583 2893 ad
2627 2839 3085 2908 diezeugmenon
3132 2836 3448 2889 veniamus.
3502 2836 3615 2889 Nec
3668 2834 3762 2889 iu-

2070 2929 2416 2983 morandum
2463 2932 2552 2981 est
2596 2926 2818 2981 hisdem
2870 2923 3516 2978 commemorationibus
3561 2922 3621 2976 iu
3654 2940 3761 2976 ca:-

2067 3018 2226 3085 teris,
2261 3033 2390 3071 cum
2424 3016 2492 3070 ab
2539 3015 2644 3069 hac
2688 3013 3067 3084 descriptione
3116 3012 3287 3066 etiam
3338 3011 3395 3065 in
3446 3011 3572 3065 aliis
3613 3008 3761 3063 sumi

2067 3106 2250 3177 possit
2275 3104 2623 3176 exemplum.

2067 3230 2419 3285 Monochordi
2472 3234 2720 3283 natarum
2782 3243 2880 3296 per
2946 3229 3058 3280 tria
3113 3241 3310 3294 genera
3361 3226 3595 3294 partitio
3655 3224 3764 3277 die-

2740 3330 3081 3383 zeugmenon.

2139 3434 2306 3487 Netes
2340 3432 2518 3501 igitur
2562 3432 3039 3500 diezeugmenon,
3087 3444 3212 3499 quas
3261 3433 3340 3482 est
3392 3428 3478 3481 ῙἩ.
3526 3444 3650 3481 Lxx.
3699 3445 3756 3481 ιι.

2068 3522 2114 3575 si
2174 3521 2472 3575 dimidiam
2530 3536 2773 3587 sumam,
2820 3524 2990 3573 erunt
3036 3515 3075 3571 ῑ.
3131 3534 3179 3571 n.
3232 3533 3355 3571 xxx.
3413 3533 3485 3570 νι.
3548 3516 3761 3569 eisdem

2068 3610 2267 3669 additi,
2300 3610 2448 3662 ﬁunt
2478 3608 2581 3663 ἦῆ.
2619 3625 2704 3662 nc.
2736 3625 2848 3663 vui.
2896 3607 3003 3676 (‘73)
3037 3622 3229 3676 quam.
3266 3605 3328 3658 Ο.
3364 3606 3583 3658 interea
3609 3604 3764 3657 desi-

2069 3700 2390 3768 gnavimus.
2451 3697 2609 3761 Quod
2668 3697 2715 3749 si
2768 3696 3024 3764 eiusdem
3078 3700 3233 3747 netes
3282 3694 3762 3763 diezeugmenon,

2068 3788 2123 3841 id
2178 3793 2280 3851 est,
2343 3787 2453 3840 DD.
2519 3785 2732 3839 scilicet
2784 3782 2869 3838 ῐιῖ.
2931 3801 3049 3837 Lxx.
3116 3800 3174 3836 ιι.
3233 3784 3487 3836 auferam
3535 3782 3764 3835 tertiam

2071 3882 2313 3945 partem,
2344 3879 2512 3927 erunt
2548 3871 2587 3927 i.
2639 3889 2725 3927 xx.
2780 3889 2881 3925 ιιιι.
2930 3872 3028 3941 qui
3082 3871 3296 3923 eisdem
3344 3870 3633 3939 conjuncti
3679 3869 3763 3922 fa-

2069 3965 2221 4016 cient
2251 3961 2358 4017 ῑῶ.
2407 3979 2489 4016 xc.
2524 3980 2596 4016 v1.
2632 3978 2761 4032 quae
2792 3961 3088 4014 vocabitur
3126 3975 3441 4027 paramese.
3478 3960 3537 4012 X.
3575 3959 3766 4011 littera

2070 4054 2392 4105 subnotata.
2459 4052 2594 4103 Nete
2654 4049 2831 4118 igitur
2886 4048 3358 4115 diezeugmenon,
3414 4046 3471 4098 id
3521 4048 3625 4107 est,
3678 4044 3760 4100 ἱῆ.

2071 4155 2195 4192 Lxx.
2232 4155 2291 4192 ιι.
2333 4138 2399 4192 ad
2446 4153 2663 4203 mesen,
2695 4136 2749 4189 id
2783 4140 2889 4203 est,
2944 4131 3026 4188 ﬁ.
3080 4150 3163 4187 nc.
3220 4150 3333 4188 vui.
3387 4134 3659 4203 quoniam
3705 4134 3766 4186 in

2073 4228 2447 4297 sesquialtera
2495 4226 2926 4295 comparatione
2984 4223 3260 4289 consistit,
3308 4223 3436 4277 ideo
3497 4223 3766 4291 diapente

2071 4315 2405 4371 consonabit
2450 4313 2872 4384 symphoniam.
2909 4311 3117 4365 Eadem
3149 4327 3283 4364 vero
3324 4315 3453 4364 nete
3497 4311 3762 4377 diezeug-

2073 4420 2305 4467 menon,
2339 4404 2393 4456 id
2429 4408 2533 4469 est,
2563 4400 2644 4456 ᾖ.
2679 4417 2843 4456 Lxxu.
2884 4402 2950 4454 ad
2996 4416 3356 4470 paramesen,
3402 4399 3460 4452 id
3505 4404 3608 4464 est,
3653 4395 3765 4451 Π.

2070 4511 2155 4549 xc.
2194 4510 2269 4548 γι.
2322 4508 2449 4561 quae
2500 4492 2567 4544 ad
2618 4507 2743 4543 eam
2789 4490 2959 4542 etiam
3008 4491 3064 4542 in
3117 4488 3480 4559 sesquitertia
3524 4503 3767 4558 propor-

2072 4582 2228 4635 tione
2258 4578 2576 4649 composita
2624 4585 2731 4646 est,
2786 4577 3143 4630 diatessaron
3194 4576 3402 4628 retinet
3448 4590 3769 4627 consonan-

2072 4667 2232 4720 tiam.
2289 4666 2346 4720 Si
2396 4666 2575 4735 igitur
2620 4667 2690 4718 ab
2738 4682 2803 4718 ea
2847 4681 2977 4733 qua:
3009 4669 3093 4717 est
3122 4667 3251 4717 nete
3284 4662 3765 4732 diezeugmenon,

2072 4753 2155 4809 ῙΠ.
2214 4771 2338 4809 Lxx.
2413 4770 2470 4807 II.
2532 4760 2785 4807 octavam
2845 4754 3040 4806 aufero
3091 4757 3337 4821 partem,
3396 4751 3451 4804 id
3507 4756 3611 4817 est,
3654 4766 3762 4802 ccc.

2072 4858 2232 4907 Lxxx,
2293 4858 2392 4895 ιιιι.
2462 4841 2656 4911 eisque
2706 4840 2989 4911 adjiciam,
3058 4839 3199 4892 ﬁent
3256 4833 3338 4893 ᾗῖ.
3403 4853 3543 4891 cccc.
3583 4854 3632 4890 L.
3692 4853 3765 4889 v1.

2073 4931 2296 5001 eritque
2327 4932 2445 4983 haec
2476 4934 2744 5000 paranete
2773 4929 3229 4998 diezeugmenon
3254 4927 3515 4980 diatonos
3547 4926 3768 4978 duobus

2071 5074 2369 5127 semitoniis
2472 5072 2864 5138 adjungeretur
2954 5071 3295 5123 semitonium
3369 5070 3566 5131 minus,
3667 5068 3768 5138 qui

2073 5149 2358 5283 estigcﬁt
2387 5230 2584 5267 sensus
2615 5213 2683 5267 sit
2717 5213 2955 5283 integer,
2984 5210 3078 5263 hic
3103 5210 3293 5283 denuo
3328 5208 3709 5278 supplendum
3753 5226 3765 5262 :

2074 5281 2296 5336 summa
2347 5290 2430 5337 est
2477 5285 2533 5338 id
2581 5282 2961 5355 pernoscendi
3006 5281 3271 5355 facilitas,
3332 5296 3460 5333 nam
3509 5284 3769 5348 paranete

2070 5355 2428 5429 hyperboleon
2459 5357 2527 5408 ab
2553 5354 2671 5429 nete
2702 5354 3065 5429 hyperboleon
3084 5354 3215 5405 duos
3250 5359 3432 5417 tonos,
3464 5358 3617 5429 etc.”

2139 5429 2259 5549 $.73)
2292 5426 2429 5551 Qui?
2459 5431 2545 5479 est
2574 5427 2741 5492 Mese,
2766 5422 2837 5480 ad
2862 5430 2990 5479 nete
3012 5424 3470 5493 diezeugmenon
3503 5422 3770 5475 obtinens

2072 5512 2133 5549 ra
2164 5512 2352 5549 ionem
2424 5539 2434 5549 .

2472 5072 2864 5141 adjungeretur
