3950 6332
185 354 316 403 Ηιὸ

1267 346 1665 403 ADELBOLDI
1695 317 2205 402 TRAJECTENSIS
2234 345 2573 402 EPISCOPI.

3541 347 3678 398 1116

177 479 278 534 CC.
312 478 516 533 litteris
544 480 869 549 pernotata,
892 477 960 532 ad
1004 481 1191 531 netem
1223 476 1676 547 diezeugmenon
1707 476 1864 531 obti-
1899 479 1943 533 A
1977 480 2356 548 utrorumque
2389 493 2505 530 una
2524 475 2853 546 descriptio,
2874 480 2937 530 ut
2956 476 3234 548 paulatim
3261 476 3463 546 juncta
3491 475 3680 546 dispo-

181 583 325 620 nens
351 572 572 621 tonum.
601 565 684 620 Ab
713 566 822 619 hac
849 581 983 620 vero
1004 570 1261 619 octavam
1281 564 1534 618 auferam
1556 565 1603 618 si
1627 568 1870 635 partem,

179 655 237 709 id
286 659 387 720 est,
439 655 508 710 de
558 653 646 708 ῑΗ.
698 670 837 708 cccc.
898 671 944 708 L.
1004 670 1076 707 v1.
1133 670 1262 724 qua:
1320 658 1405 707 est
1454 669 1591 707 cccc.
1647 669 1753 707 xxx
1811 671 1869 708 ιι.

181 743 411 797 eosdem
443 743 634 797 eidem
680 742 1010 812 adjungam,
1064 747 1230 796 erunt
1259 759 1340 796 ιιι.
1375 758 1520 795 nccc.
1558 758 1720 796 Lxxx.
1755 759 1869 798 vm.

181 831 405 902 eritque
463 847 548 885 ea.
609 832 670 885 Y.
732 831 866 885 trite
922 831 1379 901 diezeugmenon
1429 830 1712 884 diatonos.
1765 830 1875 885 Sed

182 920 460 990 quoniam
491 924 621 973 nete
655 919 1111 988 diezeugmenon
1158 920 1227 973 ad
1268 935 1608 988 paramesen
1655 920 1872 990 sesqui-

182 1008 412 1062 tertiam
475 1008 765 1062 obtinebat
817 1008 1272 1078 proportionem,
1334 1007 1466 1061 trite
1527 1013 1718 1062 autem
1761 1007 1876 1062 die-

182 1113 542 1166 zeugmenon
611 1096 870 1150 diatonos
921 1113 954 1150 a
1011 1100 1142 1150 nete
1211 1097 1664 1167 diezeugmenon
1729 1098 1873 1151 duos

182 1189 345 1240 tonos
374 1186 555 1253 abest,
590 1185 975 1240 continebitur
1012 1185 1161 1240 inter
1207 1187 1380 1240 triten
1420 1186 1874 1256 diezeugmenon

183 1279 237 1327 et
271 1289 608 1344 paramesen
639 1273 1012 1348 semitonium
1042 1273 1254 1328 minus.
1306 1274 1666 1328 Diatonicum
1697 1274 1875 1344 igitur

182 1377 363 1432 geuus
388 1362 446 1416 in
479 1363 588 1416 hoc
620 1379 847 1433 quoque
877 1362 1237 1416 tetrachordo
1283 1379 1346 1416 ac
1375 1363 1764 1433 pentachordo
1794 1363 1874 1417 ita

181 1451 475 1520 expletum
505 1456 610 1516 est,
642 1455 707 1504 ut
735 1450 1086 1505 tetrachordi
1129 1451 1359 1522 quidem
1408 1452 1548 1521 ejus,
1603 1452 1757 1521 quod
1789 1457 1876 1507 est

181 1544 341 1593 netes
427 1539 882 1610 diezeugmenon
941 1540 1012 1594 ad
1077 1556 1436 1610 paramesen,
1522 1540 1874 1594 diatessaron

181 1627 554 1682 consonantia
612 1627 720 1694 sit;
783 1628 1155 1698 pentachordi
1209 1645 1342 1682 vero
1393 1628 1534 1698 ejus,
1587 1629 1740 1698 quod
1789 1633 1875 1682 est

178 1721 339 1770 netes
367 1716 818 1788 diezeugmenon
848 1717 921 1772 ad
953 1733 1170 1784 mesen,
1222 1716 1490 1788 diapente
1541 1716 1614 1772 sit
1663 1733 1870 1772 conso-

181 1804 399 1858 nantia.
984 1817 988 1822 ·

254 1910 661 1964 Enarmonium
692 1925 824 1964 vero
855 1914 1024 1981 atque
1075 1911 1491 1965 chromaticum
1540 1927 1722 1982 genus
1770 1913 1876 1966 hac

182 1999 404 2052 ratione
458 2003 735 2054 texemus.
791 1998 966 2053 Sumo
1014 1999 1398 2054 differentiam
1436 2005 1596 2054 netes
1625 2008 1678 2054 et
1708 2017 1874 2072 para-

179 2091 339 2141 netes
367 2087 823 2158 diezeugmenon
849 2087 1089 2151 diatoni,
1140 2087 1196 2140 id
1252 2092 1353 2141 est.
1405 2086 1486 2141 iﬁ.
1544 2105 1664 2142 Lxx.
1718 2105 1776 2142 ιι.
1820 2093 1876 2143 et

179 2172 261 2230 ﬁ.
297 2191 436 2229 cccc.
480 2192 529 2230 L.
561 2193 636 2230 γι.
670 2180 755 2230 est
781 2191 980 2229 eorum
1020 2175 1342 2230 differentia
1397 2193 1503 2230 ccc.
1555 2193 1712 2231 Lxxx.
1767 2193 1869 2231 1m.

178 2263 328 2319 hanc
361 2263 572 2332 divido,
605 2269 775 2318 erunt
806 2279 852 2317 c.
902 2281 984 2318 xc.
1031 2280 1089 2318 Il.
1139 2266 1287 2319 hanc
1322 2265 1368 2318 si
1411 2281 1654 2330 sumam,
1707 2265 1872 2337 eique

181 2368 312 2423 quae
343 2357 428 2404 est
455 2357 729 2421 paranete
757 2353 1209 2423 diezeugmenon
1232 2354 1512 2421 diatonos,
1537 2355 1870 2425 adjungam,

179 2441 235 2495 id
263 2445 347 2495 est
384 2438 466 2496 ΞΗ.
527 2457 665 2495 cccc.
726 2457 775 2495 L.
836 2459 907 2496 vr.
969 2442 1110 2496 ﬁent
1159 2441 1239 2496 ῖῑῑ.
1301 2459 1384 2495 nc.
1443 2459 1526 2496 xL.
1579 2459 1696 2496 Vlll.
1752 2443 1873 2497 hinc

181 2529 290 2583 erit
334 2533 605 2600 paranete
653 2530 1106 2599 diezeugmenon
1149 2530 1514 2599 chromatica,
1561 2532 1617 2585 Β.
1662 2532 1722 2584 Β.
1773 2547 1869 2601 ge-

181 2618 413 2673 minatis
444 2617 647 2673 litteris
695 2619 982 2684 adnotata,
1027 2619 1240 2673 distans
1273 2637 1302 2673 a
1336 2624 1467 2673 nete
1507 2620 1872 2690 diezeugme-

178 2723 296 2761 non
326 2711 460 2761 tono
494 2711 552 2761 et
581 2707 908 2773 semitonio,
941 2707 997 2762 id
1025 2713 1110 2763 est
1136 2708 1320 2762 tribus
1351 2708 1692 2773 semitoniis,
1737 2725 1872 2762 con-

178 2796 370 2849 tinens
397 2795 465 2850 ad
497 2795 666 2849 triten
698 2795 1153 2867 diezeugmenon
1196 2796 1412 2850 dudum
1461 2796 1695 2868 quidem
1743 2797 1870 2851 dia-

177 2883 441 2949 tonicam,
476 2901 630 2938 nunc
674 2900 809 2939 vero
857 2885 1287 2952 chromaticam,
1331 2885 1388 2939 id
1433 2891 1535 2952 est,
1590 2884 1670 2940 1T1.
1721 2902 1869 2942 nccc.

177 2989 336 3027 Lxxx.
371 2990 488 3028 νιιι.
522 2973 894 3027 semitonium
945 2974 1233 3044 reliquum
1280 2974 1349 3028 ab
1397 2991 1463 3028 eo
1513 2979 1670 3039 tono,
1717 2976 1870 3045 quod

179 3059 425 3114 divisum
479 3063 564 3112 est
609 3061 762 3113 inter
814 3064 1132 3129 paraneten
1189 3059 1463 3114 diatonon
1512 3060 1871 3130 diezeugme-

180 3163 319 3214 non,
363 3151 420 3201 et
465 3147 595 3201 trite
645 3147 923 3201 diatonon
963 3148 1436 3218 diezeugmenon.
1485 3150 1550 3202 Et
1606 3149 1760 3203 aliud
1810 3149 1876 3203 ﬁt

182 3235 469 3307 reliquum
531 3251 599 3289 ex
656 3235 1018 3290 tetrachordo
1073 3236 1441 3290 semitonium
1499 3237 1650 3291 inter
1698 3237 1874 3291 triten

182 3323 640 3394 diezeugmenon
702 3325 1110 3379 chromaticam
1179 3330 1230 3379 et
1291 3342 1651 3395 paramesen,
1720 3327 1874 3396 quod

178 3411 391 3466 scilicet
446 3429 514 3466 ex
563 3412 918 3466 diatessaron
970 3413 1348 3468 consonantia
1410 3414 1757 3484 relinquitur
1809 3431 1874 3468 ea

179 3515 308 3571 qua:
349 3505 431 3555 est
473 3501 626 3555 inter
674 3507 846 3556 neten
903 3501 1358 3572 diezeugmenon
1409 3507 1465 3556 et
1510 3519 1870 3572 paramesen,

180 3589 479 3644 subtractis
537 3590 761 3645 duobus
818 3591 970 3644 tonis
1022 3607 1185 3661 quos,
1239 3596 1370 3645 nete
1417 3591 1874 3662 diezeugmenon

179 3677 528 3732 chromatica
571 3683 628 3733 et
663 3679 794 3732 trite
836 3678 1290 3750 diezeugmenon
1340 3679 1686 3734 chromatica
1737 3697 1872 3734 con-

178 3765 415 3821 tinebat.
444 3767 580 3831 Quae
615 3773 810 3821 autem
860 3768 921 3822 in
970 3768 1258 3822 diatonico
1309 3784 1519 3837 genere
1574 3768 1704 3822 trite
1753 3769 1872 3824 die-

178 3871 538 3926 zeugmenon
573 3855 858 3910 diatonica
886 3861 988 3922 est,
1026 3856 1086 3909 in
1117 3857 1466 3911 chromatico
1505 3861 1699 3912 autem
1741 3858 1873 3913 trite

178 3943 630 4014 diezeugmenon
661 3943 1027 4010 chromatica,
1071 3961 1136 3997 ea
1167 3944 1228 3998 in
1277 3945 1612 3999 enarmonio
1660 3961 1873 4016 genere

178 4037 452 4102 paranete
501 4033 959 4104 diezeugmenon
1014 4034 1383 4087 enarmonios
1431 4034 1638 4089 dicitur
1673 4053 1685 4089 :
1723 4035 1871 4090 inte-

177 4137 310 4191 gros
341 4121 495 4175 enim
526 4121 667 4176 duos
691 4127 857 4176 tonos
889 4122 1062 4177 distat
1094 4123 1162 4177 ab
1192 4139 1258 4176 ea
1278 4132 1414 4195 quae
1443 4129 1528 4178 est
1575 4127 1704 4179 nete
1751 4125 1872 4179 die-

178 4225 559 4280 zeugmenon,
616 4214 672 4264 et
727 4215 981 4265 notatur.
1041 4212 1154 4265 AA.
1212 4213 1277 4266 Et
1315 4211 1465 4266 inter
1520 4217 1691 4266 neten
1751 4213 1872 4268 die-

1984 563 2205 620 sitibnis
2236 566 2410 620 totius
2440 565 2627 620 forma
2656 571 2980 636 consurgat.

2632 669 2838 706 scaeua
2877 670 2932 707 N.
2975 655 3026 707 '2.

2126 743 2472 798 Monochordi
2497 747 2747 798 natarum
2774 757 2874 811 per
2906 741 3017 796 tria
3046 756 3249 810 genera.
3284 743 3532 811 partitio.

2055 832 2177 885 Duo
2223 831 2456 901 quidem
2507 831 2886 897 tetrachorda,
2936 847 3065 901 qua:
3099 830 3331 885 sibimet
3372 830 3681 900 conjuncta

1983 925 2135 982 sunt,
2169 937 2200 973 a
2232 935 2388 973 mese
2427 936 2560 974 vero
2611 920 2917 989 disjuncta,
2959 919 3135 973 trium
3183 935 3460 989 generum
3511 935 3682 990 supe-

1983 1009 2102 1062 rior
2124 1008 2428 1079 descriptio
2469 1009 2959 1079 quemadmodum
3011 1009 3334 1062 locarentur
3378 1009 3626 1062 ostendit
3663 1025 3677 1061 :

1984 1113 2136 1150 nunc
2165 1097 2232 1150 ad
2265 1096 2407 1150 illud
2439 1097 2865 1150 tetrachordum
2888 1097 3254 1162 veniendum,
3287 1097 3439 1167 quod
3461 1112 3683 1166 synem-

1985 1201 2197 1238 menon
2222 1190 2477 1254 vocatur,
2510 1185 2664 1255 quod
2694 1186 2961 1256 junctum
2993 1189 3076 1238 est
3105 1185 3180 1251 ei,
3213 1201 3341 1254 quae
3374 1190 3461 1238 est
3501 1201 3677 1238 mese.

1983 1274 2264 1338 Quoniam
2295 1273 2450 1327 enim
2480 1273 2630 1327 inter
2663 1281 2834 1327 neten
2879 1274 3330 1342 diezeugmenon
3368 1277 3425 1326 et
3458 1288 3676 1338 mesen,

1983 1362 2252 1432 diapente
2297 1363 2731 1416 consonantiam
2775 1379 2896 1417 esse
2944 1361 3315 1432 praediximus
3347 1362 3456 1430 (est
3487 1367 3679 1414 autem

1983 1451 2250 1521 diapente
2288 1451 2664 1506 consonantia
2710 1451 2886 1505 trium
2932 1454 3199 1505 tonorum
3241 1467 3306 1504 ac
3333 1450 3676 1517 semitonii),

1983 1544 2098 1594 tres
2156 1556 2290 1594 vero
2349 1540 2470 1593 toni
2514 1545 2647 1593 sunt
2701 1539 2761 1593 in
2818 1541 2924 1593 hoc
2971 1539 3380 1610 pentachordo,
3428 1555 3679 1609 quorum

1984 1645 2134 1683 unus
2206 1629 2439 1700 quidem
2499 1633 2656 1682 uetes
2718 1627 3172 1698 diezeugmenon
3233 1627 3305 1682 ad
3363 1632 3681 1698 paraneten

1985 1717 2441 1788 diezeugmenon
2483 1717 2785 1785 diatonon,
2831 1717 2972 1771 alter
3017 1733 3148 1771 vero
3195 1720 3498 1787 paranetes
3555 1715 3680 1770 die-

1987 1822 2343 1877 zeugmenon
2373 1805 2587 1860 diatoni
2609 1806 2676 1859 ad
2704 1806 2876 1859 triten
2899 1805 3353 1876 diezeugmenon
3379 1804 3677 1869 diatonon,

1983 1895 2187 1950 tertius
2218 1899 2410 1949 autem
2444 1910 2769 1966 parameses
2795 1894 2866 1948 ad
2905 1909 3123 1961 mesen,
3157 1894 3564 1964 reliquumque
3590 1907 3680 1946 se-

1984 1980 2291 2034 mitonium
2314 1979 2475 2032 trites
2491 1979 2944 2049 diezeugmenon
2967 1978 3185 2033 diatoni
3214 1979 3281 2032 ad
3307 1992 3677 2048 paramesen;

1985 2068 2375 2138 quoniamque
2423 2071 2582 2121 netes
2621 2066 3076 2138 diezeugmenon
3125 2070 3184 2121 et
3229 2081 3556 2136 parameses
3593 2069 3678 2118 te-

1983 2157 2351 2211 trachordum
2385 2156 2456 2210 ab
2496 2171 2563 2210 ea
2614 2172 2740 2226 quae
2791 2159 2872 2209 est
2923 2171 3097 2222 mese,
3156 2171 3223 2209 eo
3280 2159 3418 2208 tono
3466 2153 3682 2224 disjun-

1983 2250 2137 2300 ctum
2184 2249 2287 2313 est,
2333 2245 2433 2316 qui
2480 2249 2563 2299 est
2607 2245 2760 2299 inter
2803 2260 3139 2316 paramesen
3174 2261 3238 2298 ac
3267 2259 3484 2309 mesen,
3527 2243 3575 2296 si
3609 2259 3681 2296 ex

1981 2351 2046 2388 eo
2077 2334 2468 2404 pentachordo
2510 2334 2662 2405 quod
2714 2339 2800 2387 est
2837 2349 2871 2386 a
2915 2336 3044 2386 nete
3103 2333 3561 2402 diezeugmenon
3604 2331 3674 2385 ad

1982 2422 2157 2477 triten
2185 2438 2601 2494 synemmenon
2629 2421 2760 2492 (74),
2790 2438 2971 2476 unum
3000 2421 3406 2476 abstulerimus
3447 2425 3677 2487 tonum,

1983 2527 2050 2564 eo
2083 2511 2471 2582 pentachordo
2520 2512 2671 2582 quod
2717 2514 2802 2564 est
2849 2527 2881 2564 a
2926 2513 3055 2564 nete
3095 2509 3552 2580 diezeugmenon
3605 2509 3680 2562 ad

1982 2615 2114 2652 eum
2145 2599 2358 2653 scilicet
2390 2599 2489 2670 qui
2537 2599 2864 2653 continetur
2908 2599 3061 2652 inter
3108 2603 3278 2652 neten
3311 2598 3676 2666 diezeugme-

1985 2704 2101 2742 non
2152 2695 2208 2742 et
2253 2693 2570 2758 paraneten
2614 2687 3070 2758 diezeugmenon
3111 2687 3409 2751 diatonon,
3459 2685 3682 2755 poteri-

1983 2793 2113 2830 mus
2160 2777 2312 2830 aliud
2357 2777 2760 2830 tetrachordon
2792 2777 2861 2831 ad
2892 2793 3086 2830 mesen
3117 2775 3450 2846 adjungere,
3485 2780 3547 2828 ut
3579 2775 3682 2829 tiat

1982 2881 2416 2936 synemmenon,
2478 2864 2630 2936 quod
2703 2857 2794 2918 est
2858 2864 3248 2934 conjunctum,
3315 2865 3423 2918 hoc
3480 2864 3674 2919 modo.

1983 2953 2262 3017 Quoniam
2294 2962 2595 3024 paranetes
2641 2953 3093 3024 diezeugmenon
3141 2950 3379 3016 diatoni,
3431 2967 3562 3022 quae
3592 2957 3681 3004 est

1911 3043 1952 3097 C
1983 3042 2085 3096 CC.
2130 3058 2407 3096 numerus
2437 3047 2522 3096 est
2544 3039 2628 3096 Iﬁ.
2672 3057 2811 3096 cccc.
2862 3057 2911 3095 L.
2960 3057 3034 3094 vr.
3073 3041 3281 3095 horum
3325 3040 3495 3094 tertia
3541 3056 3678 3109 pars

1981 3131 2174 3184 addita
2203 3130 2413 3185 facient
2442 3146 2658 3185 mesen.
2692 3129 2792 3184 Hic
2822 3145 2958 3197 ergo
2989 3145 3265 3183 numerus
3301 3128 3360 3182 in
3405 3128 3675 3199 diezeug-

1982 3235 2190 3273 menon
2221 3219 2581 3274 tetrachordo
2632 3220 2738 3276 CC.
2801 3219 3003 3273 litteris
3053 3219 3359 3273 adnotatus
3405 3224 3542 3271 tono
3594 3217 3679 3271 di-

1982 3309 2167 3362 stabat
2196 3325 2229 3361 a
2261 3313 2410 3375 nete,
2445 3308 2897 3378 diezeugmenon
2928 3307 2988 3361 in
3030 3323 3238 3379 genere
3269 3306 3575 3374 diatonico,
3624 3311 3682 3360 et

1981 3401 2254 3466 paranete
2285 3397 2740 3467 diezeugmenon
2783 3396 3044 3451 diatonos
3090 3396 3422 3450 vocabatur.
3473 3396 3537 3450 In
3585 3412 3670 3465 sy-

1981 3504 2332 3542 nemmenon
2369 3491 2564 3542 autem
2606 3487 2984 3552 tetrachordo,
3015 3486 3070 3541 id
3103 3491 3187 3539 est
3218 3486 3676 3554 conjunctarum,

1980 3577 2052 3631 sit
2078 3581 2208 3631 nete
2239 3591 2654 3647 synemmenon
2681 3575 2742 3630 in
2775 3576 2961 3630 tribus
2991 3575 3300 3647 generibus
3343 3575 3677 3640 constituta,

1980 3666 2041 3719 V.
2075 3664 2268 3719 littera
2314 3669 2616 3734 pernotata
2648 3681 2660 3718 :
2694 3669 2752 3718 et
2801 3664 2870 3718 ab
2919 3680 2986 3717 ea
3032 3668 3229 3718 octava
3278 3678 3410 3732 pars
3461 3662 3681 3716 aufera-

1979 3758 2091 3818 tur,
2127 3769 2256 3824 quae
2296 3758 2397 3806 est.
2451 3770 2590 3807 cccc.
2643 3769 2772 3806 xxx.
2831 3769 2868 3805 ιι
2923 3752 3105 3823 iisque
3152 3755 3497 3821 apponatur,
3540 3751 3682 3804 ﬁent

1980 3839 2062 3898 iii.
2097 3860 2243 3898 nccc.
2296 3859 2453 3897 Lxxx.
2503 3859 2618 3896 vni.
2673 3843 2746 3896 Ea
2801 3846 2885 3895 est
2940 3846 3212 3910 paranete
3261 3856 3680 3911 synemmenon

1981 3931 2244 3986 diatonos
2287 3947 2433 4001 quae.
2481 3932 2537 3984 Τ.
2587 3931 2779 3984 littera
2809 3930 3139 4000 insignitur.
3195 3931 3411 3983 Rursus
3457 3945 3487 3982 a
3515 3944 3678 3999 para-

1980 4025 2112 4075 nete
2143 4035 2556 4090 synemmenon
2600 4019 2894 4085 diatonon,
2941 4019 3000 4072 id
3029 4022 3134 4084 est,
3184 4015 3265 4073 fﬁ.
3317 4034 3463 4072 nccc.
3513 4034 3675 4072 Lxxx.

1980 4125 2098 4162 vm.
2133 4113 2329 4162 octava
2361 4123 2490 4179 pars
2523 4123 2654 4179 quae
2704 4113 2791 4161 est
2835 4123 2978 4160 cccc.
3033 4122 3194 4160 Lxxx.
3247 4124 3322 4160 γι.
3367 4107 3416 4159 si
3460 4107 3676 4160 aufera-

1979 4199 2094 4264 tur,
2155 4197 2352 4268 eisque
2414 4199 2752 4268 apponatur,
2820 4211 3065 4267 quorum
3120 4200 3316 4249 octava
3374 4199 3478 4263 est,
3537 4194 3679 4249 ﬁent

177 4314 556 4368 zeugmenon,
582 4303 639 4353 et
656 4303 969 4370 paraneten
1011 4300 1389 4355 enarmonion
1416 4301 1873 4373 diezeugmenon
1911 4327 1954 4380 ι)
1983 4283 2088 4341 .1717-
2118 4303 2227 4341 CCC-
2261 4302 2381 4340 Lxx-
2417 4302 2526 4380 11";
2555 4301 2684 4380 qua?
2721 4290 2813 4380 θεῖ.
2850 4285 2982 4338 trite
3027 4298 3446 4354 synemmenon
3493 4283 3676 4380 ἀίδίος

178 4387 338 4440 nulla
365 4388 605 4442 interest
633 4388 866 4454 chorda,
902 4393 1075 4459 atque
1107 4389 1234 4443 ideo
1265 4397 1566 4460 paranetes
1596 4394 1868 4448 vocabulo

178 4482 563 4547 nuncupatur.
600 4475 979 4532 Semitonium
1021 4493 1175 4544 vero,
1228 4479 1379 4549 quod
1433 4484 1518 4533 est
1567 4480 1718 4534 inter
1767 4498 1866 4552 pa-

175 4572 415 4619 raneten
468 4565 846 4619 enarmonion
899 4565 1355 4637 diezeugmenon
1409 4571 1464 4621 et
1510 4583 1866 4637 paramesen,

178 4653 234 4709 id
261 4660 346 4708 est
383 4654 534 4708 inter
561 4657 676 4709 AA.
710 4659 767 4708 et
795 4656 855 4708 Χ.
889 4653 996 4708 hac
1023 4655 1242 4708 ratione
1283 4656 1583 4726 partimur,
1626 4663 1686 4710 ut
1735 4657 1870 4712 fiant

178 4743 305 4797 duae
374 4742 576 4798 dieses.
667 4743 841 4796 Sumo
918 4742 1301 4797 differentiam
1369 4749 1673 4814 paranetes
1746 4746 1871 4800 die-

177 4847 538 4902 zeugmenon
603 4831 944 4894 enarmonii,
1006 4837 1062 4886 et
1128 4849 1475 4903 parameses,
1531 4834 1590 4888 id
1641 4840 1727 4890 est
1784 4833 1866 4890 ﬁ.

179 4937 332 4975 nccc.
362 4936 519 4974 Lxxx.
552 4937 664 4973 Vlll.
700 4924 758 4974 et
784 4918 890 4973 ii—ﬁ.
922 4937 1007 4974 xc.
1055 4938 1129 4975 vr.
1184 4938 1251 4975 ea
1299 4927 1383 4976 est
1434 4939 1512 4978 cc.
1562 4940 1679 4977 νιιι.
1726 4924 1873 4978 hanc

175 5010 388 5076 divido,
453 5008 595 5063 ﬁent
661 5025 708 5062 c.
772 5026 873 5063 ιιιι.
933 5010 1038 5064 hos
1105 5027 1334 5082 appono
1400 5012 1471 5065 ad
1531 5018 1867 5082 paraneten,

177 5115 305 5168 quae
338 5103 422 5152 est
450 5094 532 5152 Hi.
567 5114 711 5153 DCCC.
744 5115 903 5153 Lxxx.
933 5116 1048 5154 vm.
1102 5100 1260 5154 ﬁent.
1315 5096 1393 5155 I—ii.
1450 5117 1624 5155 DCCCC.
1673 5117 1759 5154 xc.
1809 5119 1866 5157 ιι.

176 5204 240 5240 ea
301 5186 409 5240 erit
461 5187 592 5240 trite
668 5186 1120 5257 diezeugmenon
1199 5190 1566 5242 enarmonios
1621 5191 1674 5244 Ζ.
1740 5205 1869 5259 per-

176 5280 391 5329 notata.
461 5275 635 5345 Hujus
695 5274 872 5345 igitur
928 5275 1278 5330 tetrachordi
1335 5291 1439 5346 per
1491 5278 1604 5330 tria
1660 5293 1872 5348 genera

177 5363 620 5434 descriptionem
651 5365 844 5419 subter
881 5364 1083 5435 adjeci,
1118 5364 1496 5435 superiusque
1528 5365 1868 5435 dispositum

179 5453 568 5524 hyperboleon
649 5453 1075 5508 tetrachordum
1151 5453 1490 5525 aggregavi;
1565 5455 1650 5508 uti
1723 5459 1872 5509 esset

254 5609 362 5679 (74)
399 5616 539 5679 Lege
571 5626 581 5662 :
617 5611 690 5663 ad
718 5625 909 5664 mesen.

1983 4391 2105 4441 nos,
2138 4374 2195 4429 id
2227 4379 2331 4441 est,
2375 4375 2440 4439 Ο.
2495 4373 2601 4428 Sed
2642 4372 2914 4443 quoniam
2965 4378 3092 4426 nete
3137 4387 3555 4442 synemmenon
3603 4370 3673 4424 ad

1979 4479 2197 4530 mesen,
2232 4464 2286 4518 id
2321 4468 2424 4529 est,
2457 4460 2538 4518 iTl.
2574 4478 2714 4516 cccc.
2760 4479 2810 4516 L.
2853 4478 2925 4516 vn.
2979 4462 3048 4516 ad
3101 4456 3202 4515 ἶῶ.
3257 4477 3338 4514 DC.
3391 4477 3506 4514 vni.
3558 4476 3672 4512 ses-

1979 4551 2311 4625 quitertiam
2341 4552 2562 4607 obtinet
2601 4551 3058 4622 proportionem,
3107 4566 3235 4620 quae
3275 4553 3359 4603 est
3407 4549 3674 4602 diatessa-

1979 4659 2114 4709 ron;
2147 4641 2280 4696 trite
2310 4647 2502 4696 autem
2553 4656 2963 4712 synemmenon
3011 4641 3076 4693 ad
3129 4643 3302 4692 neten
3358 4653 3674 4708 synemme-

1979 4747 2097 4786 non
2129 4728 2232 4786 11—1—1.
2268 4746 2346 4784 cc.
2399 4747 2520 4784 Lxx.
2575 4746 2676 4783 ιιιι.
2729 4729 2796 4782 ad
2849 4726 2935 4783 ᾖ.
2989 4743 3361 4782 ccccc.L.v1.
3425 4726 3672 4780 duorum

1977 4824 2250 4875 tonorum
2304 4819 2525 4872 obtinet
2569 4817 3004 4888 proportionem
3050 4833 3061 4869 :
3119 4816 3466 4886 relinquitur
3513 4815 3676 4868 trites

1979 4923 2395 4980 synemmenon
2421 4908 2641 4961 diatoni
2673 4907 2742 4960 ad
2780 4922 2978 4960 mesen
3017 4904 3310 4975 proportio
3360 4903 3674 4968 semitonii,

1980 5002 2035 5051 et
2087 4996 2459 5066 conjunctum
2505 5001 2592 5049 est
2643 4996 2751 5048 hoc
2810 4994 3238 5048 tetrachordum
3285 5008 3414 5046 cum
3459 5007 3616 5045 mese
3660 5008 3672 5045 :

1978 5089 2150 5155 atque
2175 5084 2304 5139 ideo
2335 5099 2754 5154 synemmenon
2787 5083 2952 5154 quasi
2975 5082 3316 5136 continuum
3351 5084 3407 5135 et
3436 5082 3675 5151 conjun-

1979 5177 2133 5228 ctum
2165 5179 2414 5226 vocatur.

2048 5263 2115 5315 Et
2148 5261 2415 5316 diatonici
2463 5260 2696 5333 quidem
2738 5259 2966 5331 generis
3021 5260 3126 5313 hoc
3179 5259 3345 5313 modo
3391 5260 3538 5313 facta
3595 5264 3680 5312 est

1978 5351 2311 5422 proportio;
2371 5349 2706 5404 chromatici
2764 5365 2900 5402 vero
2955 5349 3083 5402 talis
3129 5353 3214 5402 est
3260 5348 3486 5402 divisio.
3537 5349 3676 5402 Nete

1977 5455 2143 5493 sumo
2194 5454 2632 5510 synemmenon,
2684 5443 2739 5491 et
2777 5442 3050 5507 paranete
3093 5439 3508 5507 synemmeno'n
3553 5436 3675 5490 dia-

1976 5527 2117 5592 toni,
2158 5526 2217 5580 id
2267 5531 2369 5591 est,
2417 5523 2502 5580 ἰῖἱ.
2546 5542 2654 5580 ccc.
2709 5542 2756 5580 L.
2813 5541 2887 5578 v1.
2932 5530 2990 5580 et
3035 5522 3117 5581 '11—1.
3162 5541 3305 5579 nccc.
3359 5539 3522 5578 Lxxx.
3555 5539 3674 5578 vm.
