3950 6346
220 354 347 405 1121

1614 356 1887 411 ΝΟΤΙΤΙΑ
1927 354 2296 411 HlSTORlCA
2308 396 2321 409 .

3582 366 3718 417 1122

219 473 526 528 Bollandus
558 472 615 527 in
653 476 945 529 Februarii
970 480 1124 530 tomo
1173 478 1241 530 ll.
1276 479 1539 547 Ejusdem
1580 480 1717 533 Vitae
1758 496 1908 534 com-
1945 483 1989 534 A
2017 481 2086 534 ad
2120 497 2285 533 usum
2313 485 2365 535 et
2399 486 2693 551 sumptum
2738 483 3108 553 confratrum,
3147 487 3501 541 eremiticam
3536 489 3709 544 vitam

216 562 494 631 pendium
524 569 703 617 exstat
748 565 899 633 apud
933 570 1192 618 sanctum
1253 568 1629 634 Antoninum,
1678 570 1911 622 Petrum

221 651 569 720 Equilinum,
606 653 931 718 Gononum,
965 658 1017 707 et
1058 655 1233 720 alios;
1267 656 1409 709 Item
1440 656 1499 708 in
1524 657 1769 710 Historia
1808 658 1909 710 Ca-

220 739 585 809 maldulensi,
610 757 783 811 quam
809 742 1162 811 Augustinus
1181 743 1543 797 Florentinus
1566 745 1910 813 composuit.

220 828 425 883 Eadem
477 829 598 882 Vita
653 829 954 899 Hispanico
989 830 1196 900 scripta
1245 836 1328 884 est
1377 847 1409 883 a
1461 832 1678 885 Joanne
1720 832 1912 886 Catas-

220 916 441 986 gnizza,
477 918 758 971 monacho
810 918 1236 984 Vallisoletano,
1294 922 1493 988 postea
1525 920 1735 986 Italice,
1796 921 1913 974 imo

221 1005 396 1060 etiam
434 1006 641 1061 Gallice
694 1006 937 1060 reddita.
983 1007 1168 1061 Unum
1224 1007 1316 1060 hic
1364 1009 1599 1061 Petrum
1657 1009 1915 1062 Damiani

221 1094 491 1148 exhibere
520 1094 657 1148 satis
702 1094 895 1160 fuerit,
958 1095 1125 1164 cujus
1184 1094 1555 1165 scriptionem
1606 1096 1663 1149 in
1724 1096 1917 1151 codice

221 1182 564 1237 Salemensis
618 1184 677 1236 in
726 1182 933 1237 Suevia
987 1184 1318 1237 monasterii
1370 1184 1631 1238 vidimus.
1686 1186 1762 1239 De
1802 1188 1915 1240 Ro-

223 1271 455 1324 mualdo
486 1271 604 1340 agit
647 1271 821 1324 etiam
852 1272 959 1325 Leo
1007 1272 1279 1325 Ostiensis
1331 1273 1388 1325 in
1443 1274 1709 1328 Clironici
1762 1275 1915 1329 Casi-

224 1358 415 1411 nensis
446 1359 541 1413 lib.
570 1360 641 1425 Il,
668 1375 833 1430 capp.
876 1363 958 1427 18,
996 1361 1058 1412 19
1094 1364 1149 1414 et
1179 1361 1265 1414 24.

292 1448 344 1500 2.
388 1449 597 1502 Praeter
626 1447 838 1502 librum
870 1449 939 1502 de
996 1448 1301 1502 Romualdi
1330 1448 1471 1516 Vita,
1506 1465 1677 1520 quem
1705 1450 1917 1504 librum

226 1536 424 1589 Petrus
466 1537 730 1590 Damiani
777 1537 1130 1607 conscripsit,
1175 1538 1435 1607 quaedam
1490 1540 1558 1592 de
1615 1539 1817 1593 eodem
1857 1540 1917 1593 in

224 1626 352 1678 aliis
391 1626 507 1679 suis
537 1626 762 1696 scriptis
797 1626 991 1679 refert.
1020 1627 1087 1678 Et
1135 1626 1324 1695 primo
1367 1626 1599 1697 quidem
1649 1628 1707 1680 in
1739 1645 1918 1698 opus-

224 1715 339 1768 culi
366 1717 429 1768 15
458 1731 578 1785 cap.
621 1718 704 1782 16,
741 1714 837 1768 ubi
866 1731 1041 1784 agens
1073 1715 1142 1768 de
1177 1715 1517 1768 discretione
1552 1732 1564 1769 :
1600 1734 1625 1765 σ
1680 1718 1822 1770 Nam
1862 1721 1921 1770 et

222 1819 328 1857 nos
359 1804 767 1873 approbemus,
806 1803 909 1869 ait,
937 1804 1087 1874 quod
1119 1804 1235 1856 suis
1267 1820 1417 1873 saepe
1449 1804 1744 1873 discipulis
1784 1806 1919 1857 bea-

224 1897 315 1945 tus
345 1892 697 1946 Romualdus
740 1891 944 1945 dixisse
1001 1892 1383 1961 perhibetur:
1453 1893 1772 1958 Dummodo,
1829 1894 1917 1946 in-

226 1980 368 2051 quit,
401 1982 580 2046 frater
619 1980 846 2048 quilibet
873 1981 1062 2033 cellam
1097 1996 1204 2033 non
1234 1980 1466 2049 deserat,
1513 1983 1675 2034 etiam
1734 1998 1920 2036 carnes

220 2072 578 2138 permittatur
608 2084 674 2121 ea:
704 2068 1022 2122 discretione
1071 2069 1355 2135 comedere,
1385 2071 1435 2122 si
1474 2074 1585 2123 tam
1630 2071 1919 2123 inevitabi-

226 2160 296 2212 lis
335 2157 588 2211 videatur
642 2158 932 2210 necessitas
980 2158 1280 2222 imminere,
1326 2176 1353 2207 »
1387 2160 1492 2210 etc.
1546 2158 1610 2211 Et
1656 2158 1716 2211 in
1747 2174 1919 2226 opus-

228 2247 343 2301 culi
373 2246 441 2299 49
473 2261 595 2316 cap.
638 2248 669 2299 9
703 2261 716 2299 :
756 2266 783 2293 «
824 2246 934 2298 Nec
964 2245 1196 2314 ineptus
1257 2246 1506 2316 applices
1554 2247 1708 2316 quod
1769 2262 1920 2317 saepe

226 2335 346 2389 suis
375 2333 670 2403 discipulis
698 2332 785 2386 vir
834 2334 1062 2386 Domini
1099 2334 1451 2387 Romualdus
1495 2334 1723 2388 aiebat:
1785 2336 1923 2389 Fra-

230 2429 358 2490 tres,
391 2421 601 2492 inquit,
628 2437 746 2476 cum
776 2424 836 2475 in
865 2422 1225 2491 quorumlibet
1270 2428 1529 2477 conventu
1558 2426 1803 2493 reﬁcitis,
1832 2427 1920 2478 in—

233 2514 393 2567 tentis
420 2511 495 2564 ad
539 2511 715 2565 cibum
739 2514 964 2576 caeteris,
993 2514 1050 2565 in
1081 2514 1199 2580 ipso
1238 2514 1547 2578 refectionis
1585 2515 1744 2566 initio
1784 2529 1922 2582 par-

230 2603 361 2665 cite;
394 2605 445 2655 et
477 2615 596 2653 cum
626 2600 740 2653 illis
777 2600 898 2668 jam
929 2614 993 2653 ea:
1034 2605 1196 2667 parte
1219 2602 1566 2665 satisfactum
1595 2602 1783 2667 fuerit,
1829 2616 1922 2655 vos

230 2690 497 2755 inchoate,
539 2693 804 2757 quatenus
839 2693 890 2740 et
936 2690 1236 2756 hypocrisis
1288 2692 1469 2741 nolam
1522 2691 1745 2757 possitis
1796 2704 1918 2741 eva-

232 2779 374 2845 dere,
408 2782 458 2830 et
507 2777 814 2831 sobrietatis
869 2778 1113 2843 regulam
1141 2778 1258 2830 sine
1303 2776 1592 2844 offensione
1628 2792 1860 2831 servare.
1892 2798 1919 2825 »

233 2866 490 2935 Denique
519 2866 581 2918 in
615 2864 877 2934 opusculi
906 2866 973 2918 49
1025 2880 1148 2932 cap.
1180 2868 1209 2919 3
1244 2880 1256 2918 :
1298 2884 1325 2914 ι(
1361 2866 1560 2918 Beatus
1615 2866 1922 2935 aliquando

232 2956 604 3021 Romualdus,
653 2955 938 3009 rediensa
993 2954 1217 3023 Sibyllae
1267 2952 1575 3006 comitissaa
1612 2953 1920 3023 colloquio,

2022 569 2126 622 sub
2169 586 2236 623 eo
2269 569 2625 639 degentium,
2675 571 2908 642 suisque
2957 574 3375 629 successoribus
3425 578 3703 641 eremitis,

2024 655 2332 724 quamdam
2373 656 2669 709 ecclesiam
2701 656 2757 709 in
2792 658 2999 711 mediis
3027 660 3282 729 Alpibus,
3321 662 3469 730 juris
3498 664 3717 733 episco-

2023 742 2104 811 pii
2135 743 2313 796 sancti
2366 744 2591 809 Donati,
2626 760 2798 814 quam
2840 762 2944 799 nos
2977 752 3181 817 rogatu
3220 748 3435 802 domini
3489 752 3714 820 praefati

2024 832 2283 885 Romaldi
2313 832 2566 885 ercmitaa
2611 834 3067 888 consecravimus
3107 837 3211 889 sub
3258 838 3477 892 honore
3526 844 3581 893 et
3628 857 3721 894 no-

2024 920 2178 973 mine
2208 920 2273 972 D.
2306 920 2370 973 N.
2422 920 2469 973 J.
2506 920 2563 974 C.
2615 921 2794 974 sancti
2841 921 3167 988 Salvatoris,
3214 925 3621 981 consistentem
3660 928 3719 981 in

2023 1006 2312 1061 territorio
2344 1014 2549 1077 (nempe
2585 1011 2749 1062 unius
2782 1010 2895 1063 diei
2931 1013 3121 1065 itinere
3158 1013 3226 1065 ab
3268 1014 3482 1084 Aretio)
3532 1015 3603 1068 ad
3636 1032 3721 1069 ra-

2025 1095 2178 1150 dices
2208 1095 2439 1164 Alpium
2467 1095 2842 1150 dividentium
2874 1098 3135 1152 Tusciam
3175 1106 3229 1152 et
3263 1100 3624 1167 Romaniam,
3660 1102 3719 1154 in

2026 1186 2150 1239 loco
2178 1186 2278 1255 qui
2312 1184 2519 1238 dicitur
2564 1186 3057 1255 Campo-Malduli,
3106 1205 3206 1258 per
3246 1206 3344 1243 sua
3394 1192 3519 1243 loca
3569 1190 3719 1243 desi-

2027 1278 2222 1342 gnata.
2257 1272 2448 1325 Primo
2479 1273 2655 1342 igitur
2688 1274 2859 1327 latere
2889 1278 3190 1344 prwcurrit
3236 1278 3387 1331 rivus
3419 1279 3518 1348 qui
3550 1295 3719 1332 voca-

2026 1367 2121 1415 tur
2146 1363 2332 1431 Niger,
2368 1361 2457 1414 cui
2490 1376 2519 1414 e
2551 1366 2750 1415 contra
2779 1364 2967 1417 obviat
2996 1365 3228 1434 quidam
3259 1366 3407 1421 alius
3440 1368 3594 1421 rivus
3622 1368 3721 1438 qui

2027 1450 2236 1503 dicitur
2261 1451 2328 1503 de
2359 1450 2586 1516 'l‘ellito,
2609 1452 2778 1505 ambo
2812 1452 3028 1521 pariter
3049 1461 3407 1524 emergentes
3439 1456 3496 1509 in
3527 1456 3721 1511 sinum

2027 1539 2323 1607 cujusdam
2379 1538 2651 1592 ﬂuminis.
2708 1541 2783 1593 De
2836 1542 3082 1595 secundo
3139 1543 3315 1596 latere
3348 1550 3433 1597 est
3463 1545 3552 1597 via
3589 1546 3717 1598 des-

2027 1627 2273 1680 cendens
2327 1643 2360 1679 a
2408 1628 2647 1681 summis
2688 1628 2842 1699 jugis
2889 1630 3139 1700 Alpium.
3178 1633 3252 1685 De
3320 1634 3486 1685 tertio
3547 1636 3721 1687 latere

2030 1720 2161 1768 sunt
2209 1715 2314 1768 feri
2366 1721 2586 1769 montes
2643 1724 2814 1787 atque
2871 1718 3093 1771 intonsa
3145 1720 3285 1789 juga
3342 1722 3593 1791 Alpium.
3646 1724 3721 1776 De

2033 1808 2235 1873 quarto
2267 1804 2441 1856 latere
2474 1810 2608 1857 sunt
2627 1805 2862 1871 siclieta,
2894 1809 3347 1877 praerumpentia
3395 1810 3457 1863 in
3514 1811 3721 1880 praefa-

2029 1897 2151 1945 tum
2201 1892 2387 1945 rivum
2442 1893 2699 1963 Nigrum.
2749 1895 2903 1947 Intra
2933 1896 3192 1964 praeﬁxos
3226 1898 3403 1966 igitur
3445 1899 3722 1953 terminos

2032 1979 2207 2033 enitet
2252 1979 2348 2032 ille
2397 1978 2554 2032 locus
2584 1980 2684 2050 qui
2715 1981 2924 2034 dicitur
2949 1982 3450 2053 Campo-Malduli,
3486 2002 3720 2057 campus

2031 2067 2316 2137 speciosus
2371 2072 2427 2120 et
2484 2068 2763 2135 amabilis,
2819 2070 2914 2123 ubi
2970 2076 3104 2123 sunt
3164 2078 3381 2141 septem
3431 2072 3724 2142 purissimi

2031 2156 2215 2209 fontes
2248 2160 2305 2208 et
2333 2172 2559 2209 amoena
2589 2157 2789 2213 vireta.
2832 2160 2993 2213 Hunc
3022 2159 3234 2214 scilicet
3261 2162 3445 2214 locum
3475 2162 3723 2215 domnus

2032 2244 2364 2310 Romaldus,
2398 2244 2527 2313 pius
2571 2246 2939 2301 eremitarum
2989 2252 3168 2317 pater,
3219 2249 3451 2319 delegit,
3483 2254 3538 2303 et
3570 2266 3724 2320 prae-

2034 2332 2174 2387 vidit
2249 2332 2609 2403 aptissimum
2682 2336 3383 2405 congruentissimumque
3457 2338 3579 2392 fore
3653 2338 3723 2392 ad

2031 2421 2265 2474 cellulas
2316 2421 2557 2475 fratrum
2609 2422 2977 2476 eremitarum
3010 2423 3301 2493 sigillatim
3359 2426 3416 2478 in
3471 2430 3727 2480 contem-

2032 2508 2243 2577 plativa
2274 2508 2387 2561 vita
2445 2510 2559 2561 Deo
2609 2510 3028 2564 servientium:
3079 2518 3521 2582 constructaque
3578 2512 3725 2566 inibi

2031 2596 2263 2650 basilica
2298 2596 2487 2650 Sancti
2520 2597 2848 2660 Salvatoris,
2895 2599 3151 2669 quinque
3181 2601 3413 2654 cellulas
3443 2618 3574 2654 cum
3607 2601 3726 2654 suis

2032 2684 2411 2738 tabernaculis
2469 2685 2684 2738 ibidem
2719 2686 2976 2740 distinxit
3022 2692 3193 2757 atque
3233 2688 3302 2741 ab
3346 2688 3588 2742 invicem
3640 2704 3728 2741 se-

2032 2772 2274 2844 paravit,
2310 2772 2406 2826 sed
2468 2778 2525 2826 et
2571 2773 2812 2844 singulis
2866 2775 3083 2827 cellulis
3133 2776 3388 2843 singulos
3434 2776 3729 2846 deputavit

2033 2864 2234 2916 fratres
2265 2861 2531 2915 eremitas
2579 2862 2700 2932 qui,
2756 2863 3125 2916 saecularibus
3158 2865 3307 2917 curis
3345 2870 3401 2917 et
3441 2864 3725 2918 sollicitu-

2034 2951 2165 3005 dine
2222 2955 2461 3016 remota,
2508 2950 2616 3004 soli
2664 2950 2871 3004 divinas
2923 2952 3396 3021 contemplationi
3440 2953 3723 3007 insistant.

234 3043 531 3097 comitanti
585 3043 769 3097 fertur
809 3043 1011 3097 callide
1034 3042 1243 3095 dixisse
1275 3042 1558 3111 discipulo
1587 3059 1597 3095 :
1622 3042 1792 3107 Quam
1831 3043 1924 3095 ele-
1964 3049 2000 3102 C
2032 3039 2247 3103 Quibus
2264 3039 2431 3092 etiam
2456 3039 2734 3092 domnum
2758 3041 3387 3094 Petrumvenerabilem
3402 3042 3724 3109 eremitam,

233 3134 437 3199 gantis,
469 3132 567 3199 ait,
599 3136 651 3185 et
680 3134 893 3186 venusti
928 3132 1109 3185 vultus
1139 3133 1367 3197 femina,
1398 3133 1526 3198 nisi,
1555 3132 1695 3198 proh
1745 3129 1930 3184 dolor!

234 3223 394 3275 unius
424 3222 566 3275 oculi
611 3221 899 3290 dispendio
929 3222 1218 3273 laboraret.
1273 3219 1375 3274 Cui
1415 3219 1727 3288 discipulus
1756 3235 1770 3272 :
1802 3219 1926 3272 Ab-

234 3308 347 3362 sit!
397 3310 676 3375 magister,
732 3307 939 3377 inquit.
996 3306 1148 3362 Sicut
1185 3307 1379 3360 decora
1425 3310 1561 3360 certe
1610 3308 1802 3372 facies,
1846 3308 1927 3359 ita

237 3411 449 3464 quoque
505 3398 663 3463 oculi,
708 3400 872 3464 prout
928 3397 1198 3462 sagaciter
1244 3393 1589 3463 deprehendi,
1647 3394 1928 3448 nihilomi-

234 3499 337 3538 nus
378 3486 665 3539 incolumes
696 3488 898 3553 vigent.
949 3484 1124 3546 Quem
1173 3482 1446 3552 magister
1475 3482 1754 3536 acerrima
1787 3498 1928 3552 pro—

236 3573 392 3625 tinus
426 3572 919 3626 animadversione
977 3570 1288 3641 corripiens
1323 3587 1334 3623 :
1370 3574 1440 3624 Et
1474 3573 1594 3637 quis
1626 3575 1693 3635 te,
1722 3570 1927 3640 inquit,

237 3666 297 3715 in
323 3663 520 3727 faciem
557 3664 890 3728 feminarum
936 3664 1199 3729 respicere
1254 3659 1470 3713 docuit?
1525 3660 1681 3712 Tunc
1728 3659 1824 3712 ille
1870 3675 1928 3713 se

238 3749 692 3804 circumventum
737 3766 857 3803 esse
910 3748 1281 3819 perspiciens,
1337 3747 1672 3819 paenitentia
1729 3747 1929 3801 ductus

239 3837 489 3905 erubuit,
524 3844 580 3891 et
628 3838 697 3891 de
748 3845 953 3891 caetero
984 3837 1295 3891 cautiorem
1326 3852 1384 3890 se
1440 3836 1564 3889 fore
1597 3835 1929 3890 obstinatis-

240 3926 384 3980 sima
411 3927 825 3996 pollicitatione
856 3926 1102 3981 devovit.
1138 3947 1159 3973 ι

312 4017 362 4069 3.
434 4017 512 4068 De
568 4015 896 4085 primordiis
952 4015 1167 4069 ordinis
1226 4014 1698 4083 Camaldulensis,
1769 4014 1931 4084 cujus

240 4107 439 4156 auctor
478 4104 849 4167 Romualdus,
909 4104 1145 4157 obscura
1208 4109 1293 4157 est
1338 4103 1571 4157 omnino
1625 4102 1773 4156 Petri
1832 4104 1932 4156 Da-

242 4192 420 4246 miani
448 4192 748 4246 sententia.
787 4194 994 4246 Locum
1017 4192 1155 4246 adiit
1188 4192 1274 4244 vir
1303 4197 1529 4246 sanctus
1557 4191 1660 4245 sub
1690 4190 1931 4261 pontiﬁ-

239 4285 368 4334 catu
409 4281 723 4334 Theodaldi
781 4281 1033 4351 episcopi
1087 4280 1329 4348 Aretini,
1387 4281 1447 4333 in
1487 4280 1648 4350 cujus
1705 4278 1930 4333 dimcesi

238 4370 345 4423 sita
385 4374 468 4423 est
517 4369 968 4423 Camaldulensis
1022 4371 1278 4422 Eremus.
1326 4369 1683 4423 Theodaldus
1734 4367 1929 4422 sedere

238 4459 409 4530 cmpit
440 4476 589 4513 anno
610 4459 833 4527 _Christi
884 4462 1040 4528 1023,
1081 4465 1145 4513 ut
1176 4476 1243 4513 ex
1275 4458 1538 4529 subjectis
1585 4457 1932 4511 instrumen-

238 4547 311 4601 tis
365 4547 729 4600 manil‘estum
772 4553 875 4600 est.
921 4548 1112 4600 Primo
1146 4547 1530 4601 instrumento
1561 4545 1714 4599 idem
1744 4545 1932 4599 Theo-

237 4636 439 4689 daldus
499 4636 1032 4705 Campum-Malduli
1082 4634 1183 4706 (ita
1239 4635 1391 4688 enim
1450 4634 1658 4703 scribit)
1730 4633 1931 4688 tribuit

239 4726 403 4778 Petro
457 4725 635 4795 priori
687 4741 860 4779 sacrae
922 4725 1107 4778 Eremi
1162 4741 1311 4778 anno
1369 4727 1527 4791 1027,
1589 4728 1645 4777 et
1697 4722 1930 4794 quidem

237 4819 465 4867 mortuo
515 4814 858 4880 Romualdo,
911 4818 973 4866 ut
1025 4830 1130 4866 nos
1165 4814 1331 4867 docet
1358 4813 1750 4867 authenticum
1807 4813 1929 4883 ejus

232 4902 707 4967 instrumentum,
756 4920 870 4973 quo
904 4903 1131 4955 nullum
1181 4901 1473 4971 antiquius
1513 4901 1837 4955 invenimus
1869 4900 1929 4954 in

234 4991 463 5044 archivo
522 4992 713 5045 Fontis
770 4990 930 5057 Boni,
980 4990 1082 5043 ubi
1130 4990 1341 5043 chartas
1374 4995 1430 5043 et
1462 4989 1779 5059 diplomata
1828 4990 1933 5044 Ca-

236 5078 473 5132 malduli
520 5084 901 5133 asservantur.
955 5078 1229 5143 Quaedam
1276 5093 1341 5131 ex
1389 5078 1495 5131 hoc
1546 5077 1929 5132 instrumento

226 5168 392 5238 juvat
432 5168 683 5222 delibare
719 5184 733 5222 :
771 5189 798 5218 «
825 5168 1164 5233 Teodaldus,
1213 5167 1394 5221 sancti
1428 5167 1633 5220 Donati
1684 5166 1930 5221 vicarius

232 5256 337 5324 (ita
356 5258 568 5325 passim
596 5255 815 5311 Aretini
827 5259 1063 5325 episcopi
1085 5271 1193 5311 sese
1212 5255 1450 5325 vocant).
1475 5254 1747 5310 Omnium
1788 5255 1929 5309 ﬁde-

231 5344 377 5399 lium
416 5344 521 5399 hoc
554 5344 782 5399 dilectio
819 5345 1041 5399 noverit
1069 5345 1221 5415 quod
1254 5360 1377 5411 nos,
1425 5344 1498 5397 ob
1532 5358 1787 5396 amorem
1817 5342 1927 5413 piae

234 5433 645 5488 recordationis
686 5434 866 5488 Patris
905 5434 1085 5487 nostri
1108 5433 1307 5487 domui
1338 5431 1603 5487 Romaldi
1625 5431 1928 5485 clarissimi

235 5522 510 5591 eremitae,
552 5523 845 5577 communi
867 5522 1102 5576 consilio
1142 5523 1383 5577 fratrum
1416 5521 1756 5593 clericorum
1790 5536 1930 5574 nos-

235 5615 455 5663 trorum
494 5611 837 5664 donamus...
870 5612 1081 5664 domno
1127 5612 1294 5666 Petro
1326 5609 1640 5665 venerabili
1669 5608 1927 5664 eremitae

2038 3134 2310 3197 tanquam
2370 3126 2599 3180 fidelem
2630 3127 2960 3181 ministrum
3009 3134 3066 3183 et
3095 3135 3506 3199 praeceptorem
3549 3130 3724 3184 dedit.

2037 3215 2139 3270 Cui
2183 3231 2288 3269 nos
2335 3231 2562 3286 quoque
2595 3232 2725 3270 cum
2759 3217 2969 3270 nostris
3016 3218 3258 3286 posteris
3287 3218 3726 3284 successoribus,

2035 3308 2100 3358 ut
2127 3320 2258 3358 cum
2284 3304 2656 3358 denominato
2706 3310 2898 3359 sancto
2953 3305 3096 3369 viro,
3162 3307 3433 3360 Romaldo
3492 3306 3725 3373 scilicet,

2035 3397 2256 3463 partem
2291 3392 2348 3446 in
2382 3398 2594 3446 aeterna
2619 3393 2731 3447 vita
2763 3393 3093 3459 habeamus,
3128 3395 3425 3461 donamus,
3450 3395 3730 3465 largimur

2036 3486 2413 3551 praetexatum
2488 3482 2695 3548 locum,
2754 3487 2862 3535 etc.
2922 3483 3128 3536 Datum
3191 3499 3339 3536 anno
3417 3482 3727 3537 Dominicai

2037 3569 2446 3623 incarnationis
2508 3572 2661 3637 1027,
2719 3586 2869 3624 anno
2925 3587 3057 3624 vero
3112 3571 3471 3641 pontiﬁcatus
3530 3571 3729 3626 domni

2036 3657 2345 3712 Theodaldi
2377 3658 2628 3728 episcopi
2668 3675 2719 3717 v.
2769 3675 2965 3712 mense
3004 3662 3283 3730 Augusto,
3319 3660 3628 3714 indictione
3671 3676 3726 3713 x.

2037 3749 2239 3801 Actum
2270 3747 2331 3800 in
2365 3747 2625 3801 claustris
2656 3748 3080 3801 canonicorum.
3116 3768 3142 3800 »
3175 3750 3408 3803 Petrum
3452 3749 3729 3819 priorem,

2039 3852 2210 3906 quem
2264 3839 2573 3902 Dagninum
2613 3836 3082 3907 cognominatum
3133 3838 3307 3891 fuisse
3362 3838 3544 3905 aiunt,
3600 3854 3731 3892 cum

2039 3924 2191 3979 beati
2224 3924 2389 3979 titulo
2420 3926 2481 3979 in
2522 3926 2836 3995 Menologio
2892 3927 3258 3981 Benedictino
3318 3932 3739 3981 commemorat

2042 4013 2345 4066 Bucelinus
2400 4012 2490 4067 die
2549 4017 2581 4067 2
2642 4014 2992 4080 Novembris,
3054 4031 3167 4085 quo
3236 4030 3366 4068 cum
3427 4015 3733 4069 decessisse

2042 4118 2191 4154 anno
2237 4103 2360 4154 1051
2404 4118 2473 4154 ex
2529 4102 2770 4173 vulgatis
2827 4104 3151 4157 auctoribus
3210 4103 3426 4156 scribit.
3476 4103 3731 4158 Alterum

2042 4191 2489 4244 instrumentum
2537 4197 2639 4260 est,
2674 4210 2784 4263 quo
2830 4192 2980 4246 idem
3019 4192 3374 4246 Theodaldus
3427 4213 3446 4242 ι
3483 4192 3734 4247 decimas

2045 4294 2243 4332 omnes
2272 4294 2468 4332 earum
2522 4296 2713 4334 rerum
2747 4298 2873 4351 qua:
2904 4281 3200 4335 vendendo
3248 4286 3301 4334 et
3356 4282 3597 4335 emendo
3641 4298 3731 4336 ac-

2045 4366 2375 4437 quiruntur,
2409 4369 2667 4422 omnium
2709 4369 3075 4423 Aretinorum
3105 4369 3330 4435 civium,
3384 4370 3732 4424 urbanorum

2040 4460 2097 4508 et
2151 4455 2632 4521 subnrbanorum,
2671 4477 2697 4508 ››
2734 4456 2974 4526 largitur
3004 4480 3025 4505 ι
3061 4457 3430 4525 charissimis,
3459 4477 3487 4508 »
3520 4458 3728 4528 inquit,

2045 4566 2065 4592 ι
2101 4543 2372 4597 fratribus
2426 4546 2632 4597 nostris
2679 4545 2950 4612 eremitis,
2986 4548 3085 4617 qui
3114 4551 3244 4599 sunt
3277 4552 3333 4601 et
3388 4546 3566 4600 futuri
3600 4551 3735 4600 sunt

2041 4632 2099 4685 in
2150 4648 2341 4685 eremo
2390 4637 2582 4686 nostra
2644 4650 2773 4704 quae
2822 4635 3030 4688 dicitur
3078 4635 3608 4706 Campus-Malduli.
3663 4636 3735 4689 ad

2034 4722 2335 4793 ecclesiam
2407 4721 2597 4776 Sancti
2668 4722 2996 4788 Salvatoris,
3059 4740 3200 4794 quos
3272 4722 3438 4777 nobis
3524 4727 3734 4777 sanctas

2040 4810 2334 4865 memoria:
2384 4814 2544 4879 pater
2576 4810 2893 4864 Romaldus
2953 4812 3345 4880 procurandos
3404 4812 3735 4881 gubernan-

2040 4901 2255 4971 dosque
2289 4898 2733 4953 commendavit.
2776 4900 2916 4953 Data
2962 4916 3060 4955 xui
3094 4902 3217 4955 Kal.
3274 4900 3449 4965 Junii,
3483 4916 3634 4954 anno
3666 4900 3735 4953 ab

2040 4987 2431 5041 incarnatione
2492 4986 2721 5041 Domini
2772 4989 2925 5056 1033,
2959 5005 3108 5042 anno
3179 5005 3312 5043 vero
3372 4989 3738 5059 pontiﬁcatus

2042 5076 2261 5131 domini
2310 5075 2621 5131 Theodaldi
2653 5074 2903 5146 episcopi
2941 5092 2997 5142 x,
3044 5076 3355 5132 indictione
3390 5095 3427 5131 ι.
3476 5099 3497 5126 ι
3560 5079 3737 5131 Porro

2040 5167 2289 5237 primam
2352 5165 2516 5219 istius
2583 5163 2761 5218 eremi
2826 5164 3255 5219 concessionem
3325 5184 3359 5219 a
3411 5166 3738 5219 Theodaldo

2040 5255 2307 5326 episcopo
2359 5254 2567 5308 factam
2618 5252 2792 5306 fuisse
2846 5252 3047 5323 probat
3113 5257 3236 5306 tum
3295 5256 3480 5322 Immo,
3544 5256 3640 5323 qui
3689 5257 3740 5307 et

2040 5343 2444 5411 Herenfredus,
2478 5342 2600 5412 ejus
2623 5357 2927 5407 successor,
2962 5340 3169 5396 litteris
3200 5342 3346 5395 datis
3381 5360 3533 5396 anno
3579 5345 3736 5409 1037,

2041 5433 2101 5486 in
2179 5433 2388 5503 quibus
2467 5431 2990 5487 Camaldulensium
3065 5430 3405 5500 praeclarum
3477 5431 3734 5502 elogium

2042 5521 2326 5576 habetur:
2387 5526 2510 5575 tum
2571 5520 2842 5585 Henricus
2899 5518 3180 5583 secundus
3247 5519 3580 5590 imperator,
3634 5520 3737 5591 qui

2044 5609 2409 5665 donationem
2493 5610 2754 5663 omnium
2824 5608 3129 5676 bonorum,
3216 5624 3345 5678 quae
3407 5610 3742 5665 venerabilis
