3950 6346
155 365 288 417 1123

1497 364 1552 417 S.
1600 362 1741 418 [1οΜ
1751 363 1950 418 UALDI
1992 362 2300 418 ABBATIS.

3517 362 3654 416 1124

157 483 505 540 Theudaldus
554 461 818 538 eremitis
875 482 936 537 in
991 482 1116 537 loco
1171 484 1653 552 Campo-Amabili
1703 485 1852 539 dicto
1891 487 1936 540 A
1966 484 2176 556 aliique
2199 483 2543 538 recentiores
2563 482 3173 554 nonnullisupremum
3199 483 3324 554 ejus
3363 483 3669 556 assignant

150 573 646 628 commanentibus
689 571 1020 639 tradiderat,
1067 577 1244 626 ratam
1297 573 1470 628 habet
1495 589 1648 627 anno
1683 574 1847 641 1047;

151 668 272 716 tum
328 661 577 732 denique
631 662 807 716 Guido
855 662 1151 716 monachus
1194 667 1242 714 et
1281 667 1548 730 peccator,
1601 664 1850 730 quamvis

151 750 434 816 indignus,
471 753 566 804 Dei
585 753 772 817 gratia
793 750 1040 804 Aretinm
1068 752 1211 804 sedis
1234 752 1532 819 episcopus.
1555 751 1638 804 uti
1679 751 1852 805 habet

153 838 364 891 chartae
396 838 693 906 inscriptio
718 857 732 905 ;
763 838 862 908 qui
890 838 1074 892 Guido
1103 837 1291 891 oblata
1319 838 1623 909 privilegia
1659 840 1854 892 Eremi

155 927 584 982 Camaldulensis
620 943 718 995 per
752 927 1001 981 :lomnum
1056 925 1357 981 Johannem
1399 930 1579 981 virum
1628 943 1846 981 uenera-

157 1015 334 1083 bilem,
385 1016 606 1083 ejusque
641 1016 742 1068 loci
791 1017 1046 1083 priorem,
1107 1015 1436 1083 conﬁrmat;
1480 1020 1530 1068 et
1577 1015 1852 1084 quidquid

151 1103 564 1172 pradecessores
594 1105 685 1156 sui
736 1102 1099 1170 Theodaldus,
1131 1105 1314 1165 Immo,
1359 1109 1409 1156 et
1447 1104 1848 1168 Constantinus,

155 1197 319 1259 atque
377 1191 668 1259 Gregorius
721 1195 1120 1244 concesserant
1186 1191 1372 1245 eidem
1435 1192 1575 1245 loco.
1645 1191 1852 1245 Datum

158 1296 300 1334 anno
337 1279 406 1332 ab
447 1281 551 1334 inc.
585 1281 801 1334 Domini
855 1282 1011 1346 1116,
1055 1280 1154 1334 sub
1205 1281 1434 1334 Henrico
1477 1296 1618 1350 rege,
1677 1295 1854 1334 mense

157 1369 392 1434 Octobri,
442 1368 738 1423 indictione
788 1384 843 1422 Χ.
878 1369 1130 1422 Butanus
1155 1367 1460 1438 episcOpus
1491 1367 1758 1421 Aretinus
1791 1368 1850 1421 in

157 1457 381 1524 litteris,
427 1457 619 1511 domno
678 1459 862 1510 Azoni
910 1456 1350 1510 Camaldulensis
1378 1456 1608 1510 ecclesiae
1655 1456 1852 1510 archi-

152 1547 441 1601 mandritas
484 1545 792 1615 inscriptis,
843 1544 1122 1615 quidquid
1177 1544 1364 1598 eidem
1393 1545 1526 1611 ,loco
1577 1545 1847 1598 collatum

153 1637 340 1689 fuerat
399 1650 501 1704 per
553 1633 967 1699 Theodaldum,
998 1633 1456 1699 Constantinum,
1497 1632 1848 1686 Gualterium

159 1741 223 1778 ac
275 1723 595 1778 Guidonem
646 1721 965 1790 episcopos,
1027 1721 1306 1791 approbat
1365 1736 1513 1774 anno
1568 1724 1722 1775 1132.
1773 1721 1850 1773 Ex

157 1813 366 1883 quibus
407 1810 753 1880 intelligitur
799 1809 1190 1863 Theobaldum
1234 1808 1407 1862 fuisse
1441 1809 1690 1878 primum
1753 1809 1851 1878 qui

158 1900 346 1955 Eretni
363 1897 815 1953 Camaldulensis
837 1896 1207 1951 donationem
1228 1896 1362 1950 fecit
1381 1897 1728 1950 Romualdo:
1750 1896 1852 1967 qui

155 1988 397 2060 proinde
427 1987 615 2040 isthuc
659 2003 773 2040 non
803 1989 932 2040 ante
974 2001 1186 2038 annum
1225 1986 1358 2038 1023
1393 1985 1672 2039 admissus
1721 1985 1845 2038 fuit.

158 2077 525 2132 Recentiores
555 2075 791 2129 tradunt
813 2075 999 2127 locum
1033 2089 1066 2126 a
1097 2073 1338 2127 Maldulo
1361 2073 1635 2126 traditum
1676 2073 1848 2127 fuisse

156 2165 499 2220 Romualdo.
543 2165 616 2217 At
660 2178 861 2216 vereor
896 2166 961 2216 ut
1004 2161 1060 2215 id
1096 2165 1314 2215 certum
1364 2161 1453 2215 sit.
1493 2162 1634 2215 Nam
1692 2163 1849 2215 locus

154 2260 289 2309 tunc
314 2252 602 2324 pendebat
625 2252 695 2305 ab
728 2250 969 2305 Ecclesia
997 2250 1254 2317 Aretina,
1287 2265 1537 2320 eumque
1576 2253 1712 2303 tunc
1763 2266 1850 2304 oc-

153 2343 399 2413 cupabat
452 2340 835 2395 Bernardinus
864 2338 1112 2393 Sidoniae
1188 2337 1359 2401 ﬁlius,
1442 2332 1848 2408 comprobante

155 2431 426 2502 Gregorio
459 2431 750 2500 episcopo,
784 2427 885 2498 qui
914 2426 1224 2480 venerabili
1257 2426 1405 2496 patri
1433 2426 1672 2481 Martino
1719 2444 1852 2480 con-

155 2521 348 2574 ﬁrmat
402 2519 552 2574 bona
605 2519 768 2571 eremi
798 2515 1281 2583 Camalduliensis,
1316 2531 1433 2584 quae
1468 2515 1849 2570 Bernardinus

156 2610 395 2666 Sidoniae
441 2609 608 2676 ﬁlius,
655 2610 749 2659 aut
800 2609 962 2674 pater
991 2606 1106 2673 ejus
1137 2604 1203 2656 ab
1234 2603 1455 2658 ecclesia
1510 2605 1699 2659 Sancti
1743 2607 1849 2659 Do-

154 2702 274 2753 nati
313 2699 612 2751 tenuerunt.
648 2697 848 2750 Datum
897 2695 955 2746 in
983 2708 1152 2746 eremo
1183 2691 1626 2747 Camalduliense
1650 2707 1725 2744 ιιι.
1760 2690 1845 2744 1d.

157 2787 360 2851 Octob.,
393 2799 533 2838 anno
588 2783 878 2837 Dominicae
921 2783 1027 2835 inc.
1091 2783 1246 2846 1016,
1277 2780 1472 2834 indict.
1533 2795 1624 2846 xv,
1672 2779 1849 2848 ponti-

153 2879 344 2944 ﬁcatus
376 2873 616 2942 ejusdem
650 2871 898 2938 Gregorii
949 2885 1088 2924 anno
1142 2869 1406 2935 secundo;
1441 2868 1649 2940 quibus
1699 2867 1847 2922 litte-

154 2965 233 3018 ris
265 2963 518 3032 sigillum
548 2959 784 3014 afﬁxum
817 2962 956 3012 erat.

225 3061 278 3104 4.
311 3050 528 3105 Saeculo
585 3048 755 3102 tertio
807 3045 1028 3100 decimo
1084 3046 1359 3100 cellarum
1409 3045 1470 3099 in
1508 3045 1606 3099 illa
1659 3060 1851 3099 eremo

158 3155 437 3194 numerus
495 3140 750 3190 creverat
804 3135 920 3188 fere
960 3134 1031 3188 ad
1081 3133 1340 3203 triginta,
1397 3137 1638 3186 testante
1691 3133 1846 3187 Guil-

156 3229 328 3282 lelmo
363 3227 605 3282 Aretino
637 3223 910 3291 antistite,
941 3223 1040 3292 qui
1072 3222 1330 3276 subditos
1362 3221 1470 3276 sibi
1500 3221 1848 3275 diaecesanos

157 3318 418 3371 hortatur
458 3320 523 3368 ut
570 3311 825 3368 subsidia
877 3311 1066 3364 ferant
1113 3311 1180 3364 ad
1240 3309 1560 3380 reparanda
1609 3309 1850 3362 aedilicia

156 3421 329 3460 sacrae
381 3403 580 3467 eremi,
631 3405 689 3455 in
748 3417 857 3470 qua
909 3404 1052 3466 sunt,
1124 3399 1330 3470 inquit,
1391 3400 1588 3465 viginti
1641 3402 1691 3451 et
1737 3402 1848 3452 octo

156 3496 317 3549 cellae.
349 3493 486 3556 Quae
519 3492 719 3545 litteris
748 3489 895 3543 datae
927 3492 1059 3541 sunt
1088 3504 1238 3542 anno
1293 3487 1449 3541 1246.
1506 3486 1849 3541 Imminutus

159 3587 283 3637 erat
319 3582 412 3636 hic
443 3596 718 3634 numerus
747 3583 1008 3648 tempore
1043 3577 1371 3646 Hieronymi
1415 3575 1484 3630 de
1533 3577 1734 3645 Praga,
1791 3573 1850 3628 id

157 3676 241 3726 est
271 3686 420 3725 anno
459 3670 615 3734 1433,
645 3683 759 3736 quo
795 3670 1050 3736 tempore
1076 3680 1401 3718 sermonem
1431 3664 1753 3734 composuit
1779 3663 1848 3718 de

156 3759 323 3814 beato
375 3753 695 3812 Romualdo
739 3754 799 3807 in
841 3768 957 3823 quo
1017 3752 1139 3806 11th
1190 3751 1403 3806 habet:
1462 3773 1483 3799 ι
1518 3751 1614 3804 Est
1655 3756 1848 3804 autem

157 3848 279 3902 haec
310 3861 467 3899 sacra
503 3859 730 3898 eremus
770 3841 1085 3896 Camalduli
1137 3839 1197 3894 in
1245 3839 1428 3905 ltalia,
1480 3839 1538 3893 in
1592 3839 1849 3910 partibus

159 3934 571 4000 Romandiolae,
625 3931 841 3986 distans
889 3929 1096 3983 itinere
1157 3929 1327 3982 unius
1374 3928 1489 3983 diei
1538 3945 1569 3981 a
1625 3929 1849 3982 civitate

161 4025 415 4092 Aretina,
442 4023 501 4076 in
533 4038 646 4093 qua
672 4025 805 4075 sunt
846 4019 1005 4074 cellae
1050 4017 1254 4089 viginti
1280 4022 1528 4089 quatuor
1584 4017 1843 4072 eremita-

155 4130 286 4168 rum
340 4116 636 4184 separatae.
698 4111 761 4163 Et
827 4108 1063 4179 quidam
1128 4111 1258 4161 sunt
1333 4107 1587 4161 eremitae
1642 4105 1846 4176 aperti,

159 4203 255 4257 alii
287 4218 419 4256 vero
468 4204 601 4255 sunt
655 4198 879 4266 reclusi.
933 4197 1145 4251 Omnes
1193 4201 1387 4251 tamen
1446 4195 1701 4250 eremitae
1747 4211 1850 4267 per

155 4297 340 4346 totum
401 4305 617 4344 annum
659 4286 927 4358 jejunant
981 4285 1163 4339 tribus
1213 4285 1416 4340 diebus
1473 4284 1534 4338 in
1580 4300 1729 4354 pane
1793 4288 1851 4338 et

158 4397 306 4450 aqua
326 4377 580 4450 qualibet
610 4376 945 4446 septimana,
986 4373 1156 4428 nudis
1192 4373 1434 4443 pedibus
1473 4373 1735 4427 sedentes
1789 4372 1850 4426 in

157 4476 308 4525 terra
372 4467 622 4536 exceptis
682 4465 904 4519 duabus
979 4463 1460 4532 Quadragesimis,
1521 4463 1580 4514 in
1641 4461 1850 4532 quibus

157 4557 454 4613 Dominica
481 4559 704 4610 tantum
729 4558 785 4608 et
815 4553 955 4607 feria
985 4551 1190 4622 quinta
1229 4549 1485 4605 eremitis
1524 4549 1694 4604 datur
1721 4554 1848 4603 tan-

157 4653 278 4702 tum
305 4661 482 4700 unum
522 4645 906 4715 pulmentum.
958 4639 1182 4695 Reclusi
1215 4645 1407 4693 autem
1451 4639 1706 4709 quotidie
1754 4637 1847 4692 di-

157 4741 293 4791 cunt
322 4740 504 4789 totum
539 4732 896 4803 psalterium,
932 4729 1115 4799 aperti
1173 4745 1302 4783 vero
1346 4727 1546 4783 dicunt
1591 4729 1848 4783 medium

157 4839 402 4895 semper,
450 4841 477 4873 »
531 4828 638 4875 etc.
699 4822 861 4874 Hunc
913 4817 1102 4871 locum
1164 4817 1414 4872 adiimus
1471 4833 1621 4871 anno
1692 4820 1846 4884 1686,

159 4911 518 4967 hebdomada
545 4925 720 4968 sacra,
757 4907 953 4976 ibique
986 4905 1250 4960 eremitas
1276 4923 1406 4960 cum
1450 4921 1658 4975 magna
1704 4904 1845 4958 aedi-

154 5001 423 5056 ﬁcatione
461 4997 862 5069 spectavimus.
902 4995 980 5048 De
1011 4994 1138 5047 aliis
1168 5011 1298 5065 quae
1346 4995 1418 5048 ad
1455 4994 1714 5048 ordinem
1747 4994 1849 5047 Ca-

159 5090 574 5145 maldulensem
621 5083 931 5156 pertinent,
993 5083 1225 5136 consule
1280 5082 1584 5137 Historiam
1636 5085 1848 5150 Augus-

158 5179 265 5233 tini
311 5175 643 5232 Florentini.
695 5171 1039 5228 Primarium
1073 5170 1242 5241 hujus
1276 5170 1522 5224 instituti
1566 5171 1848 5224 fervorem

156 5268 353 5323 laudat
383 5265 683 5319 Anselmus
715 5258 1186 5329 Havelbergensis
1205 5259 1265 5312 in
1286 5258 1384 5313 lib.
1408 5275 1428 5312 1
1455 5259 1846 5329 Dialogorum,

156 5362 312 5412 tomo
341 5355 452 5422 ΧΠ,
487 5351 799 5422 Spicilegii,
834 5366 964 5422 pag.
999 5351 1120 5402 112.
1715 5407 1720 5411 1

229 5447 280 5499 ὅ.
327 5444 450 5508 Quo
497 5457 647 5496 anno
693 5439 1046 5494 Roniualdus
1076 5437 1134 5490 in
1167 5439 1316 5489 terra
1350 5433 1538 5486 vivere
1590 5431 1844 5502 desierit,

158 5550 273 5588 non
303 5529 571 5603 exprimit
592 5527 792 5583 Petrus
819 5525 1098 5591 Damiani,
1133 5539 1236 5578 nec
1264 5520 1450 5593 quivis
1479 5519 1626 5574 alius
1654 5518 1850 5591 (quem

157 5622 388 5693 quidem
449 5616 714 5686 sciamus)
762 5616 884 5684 ejus
944 5613 1219 5683 temporis
1251 5610 1511 5681 scriptor.
1577 5609 1848 5666 Batonius

1957 589 2175 628 annum
2210 576 2362 640 1027,
2386 573 2486 644 qui
2506 572 2734 626 videtur
2764 573 3122 627 retinendus.
3157 573 3372 628 Saltem
3400 574 3670 628 Romual-

1957 663 2096 717 dum
2124 678 2242 716 non
2271 661 2580 715 excessisse
2623 662 2776 715 hunc
2813 677 3029 714 annum
3079 666 3304 716 constat
3347 678 3414 716 ex
3461 662 3665 716 litteris

1957 751 2267 806 Theodaldi
2319 750 2568 821 episcopi
2618 749 2860 819 Aretini,
2903 751 3049 804 datis
3109 755 3240 822 post
3286 751 3408 821 ejus
3438 751 3664 806 obitum

1957 856 2107 894 anno
2141 841 2296 906 1027,
2330 844 2386 893 et
2433 839 2667 910 quidem
2724 855 2918 892 mense
2971 841 3251 909 Augusto,
3307 855 3373 893 ac
3417 839 3662 909 proinde

1957 945 2072 982 uno
2124 928 2346 982 circiter
2400 943 2593 981 mense
2647 933 2779 996 post
2831 932 3078 981 mortem
3164 927 3491 995 Romualdi,
3556 927 3657 998 qui

1959 1015 2102 1070 obiit
2124 1031 2218 1069 Xlll
2271 1016 2394 1068 Kal.
2425 1014 2627 1068 Julias.
2664 1015 2726 1068 Et
2757 1030 2893 1068 vera
2934 1020 3066 1069 ante
3105 1031 3320 1069 annum
3352 1019 3507 1082 1027,
3542 1016 3651 1070 viri

1957 1104 2137 1157 sancti
2160 1103 2349 1156 obitus
2370 1103 2459 1156 vix
2487 1102 2694 1172 reponi
2724 1107 2930 1172 potest.
2966 1102 3258 1173 Siquidem
3292 1104 3356 1158 ad
3391 1120 3650 1158 eremum

1959 1189 2456 1245 Camaldulensem
2487 1205 2605 1242 non
2635 1189 2870 1242 accessit
2898 1194 3032 1242 ante
3084 1205 3301 1243 annum
3351 1193 3508 1257 1023,
3552 1191 3654 1261 qui

1957 1279 2181 1349 primus
2207 1278 2316 1332 fuit
2345 1277 2710 1349 pontiﬁcatus
2737 1277 3070 1344 Theodaldi,
3103 1295 3136 1331 a
3165 1295 3278 1349 quo
3311 1279 3359 1332 is
3381 1285 3651 1349 exceptus

1958 1372 2060 1422 est.
2089 1372 2282 1422 Annos
2313 1367 2494 1421 aetatis
2526 1371 2757 1421 centum
2788 1372 2843 1421 et
2871 1367 3076 1437 viginti
3106 1367 3304 1422 tribuit
3332 1369 3651 1423 Romualdo

1960 1458 2159 1511 Petrus
2204 1455 2468 1510 Damiani
2517 1471 2676 1510 num.
2715 1457 2838 1524 101,
2891 1456 3046 1526 quod
3091 1455 3229 1509 item
3279 1456 3654 1511 conﬁrmatur

1960 1560 2026 1598 ex
2057 1561 2218 1598 num.
2250 1547 2338 1610 77,
2371 1548 2431 1597 ut
2479 1559 2783 1596 numerum
2825 1559 3112 1597 annorum
3161 1549 3497 1614 corruptum
3529 1560 3653 1598 esse

1960 1649 2078 1686 non
2109 1633 2181 1686 sit
2212 1633 2328 1686 veri
2376 1632 2580 1686 simile.
2631 1632 2753 1686 Non
2799 1632 3007 1702 probat
3041 1633 3318 1686 Baronius
3346 1633 3486 1688 adeo
3515 1633 3654 1687 lon-

1961 1736 2179 1790 gaevam
2226 1723 2499 1774 aetatem:
2551 1726 2865 1790 propterea
2903 1720 3053 1791 quod
3105 1721 3452 1776 Romualdus
3501 1737 3653 1775 anno

1962 1810 2144 1863 aetatis
2178 1810 2465 1877 vicesimo,
2500 1815 2565 1863 ut
2591 1810 2653 1862 in
2682 1810 2796 1863 ﬁne
2821 1809 2958 1864 Vita:
2989 1810 3220 1880 legitur,
3249 1809 3531 1864 admissus
3581 1811 3657 1864 sit

1962 1899 2020 1951 in
2054 1899 2343 1953 Classense
2376 1898 2789 1952 monasterium
2806 1898 2910 1952 sub
2943 1900 3193 1952 Honeste
3221 1899 3654 1969 archiepiscopo

1961 1986 2310 2053 Ravennate,
2357 1985 2459 2056 qui
2502 1985 2651 2039 hanc
2682 1985 2878 2040 sedem
2907 1986 3036 2039 iniit
3085 2002 3237 2040 anno
3269 1990 3393 2054 971,
3455 1987 3653 2042 Rubeo

1961 2080 2336 2128 contestante.
2395 2076 2460 2128 Et
2522 2074 2756 2144 quidem
2814 2076 3014 2128 Petrus
3060 2073 3322 2127 Damiani
3389 2074 3450 2128 in
3502 2091 3655 2144 opu-

1961 2162 2100 2215 sculi
2135 2164 2197 2216 19
2241 2178 2364 2232 cap.
2397 2165 2430 2216 2
2471 2161 2722 2215 afﬁrmat
2782 2163 3094 2215 Honestum
3144 2163 3308 2216 Petro
3361 2162 3650 2232 archiepi-

1960 2250 2172 2320 scopali
2219 2249 2498 2319 dignitate
2557 2254 2759 2320 sponte
2789 2249 3013 2304 cedenti
3066 2250 3428 2316 successisse,
3473 2253 3653 2319 primo

1959 2338 2147 2393 Ottone
2187 2339 2422 2392 habenas
2469 2340 2691 2407 imperii
2732 2339 3108 2409 gubernante.
3154 2342 3265 2393 Aut
3294 2339 3474 2410 igitur
3523 2355 3651 2392 cor-

1957 2427 2198 2498 rigenda
2237 2428 2538 2482 Romualdi
2567 2431 2726 2498 aetas,
2760 2433 2857 2482 aut
2885 2445 3015 2482 eum
3049 2430 3216 2483 annis
3276 2428 3652 2483 maturiorem

1959 2517 2017 2570 in
2045 2517 2336 2572 Classense
2366 2517 2780 2571 monasterium
2813 2517 3132 2584 accessisse,
3174 2523 3273 2572 aut
3291 2522 3462 2583 certe,
3497 2517 3654 2588 quod

1959 2605 2151 2660 forsan
2209 2605 2582 2675 probabilius,
2658 2611 2788 2658 ante
2843 2606 3076 2659 Honesti
3123 2606 3546 2676 pontiﬁcatum,
3605 2605 3655 2659 si

1958 2698 2147 2748 tamen
2198 2710 2313 2747 non
2365 2694 2500 2759 duo,
2544 2694 2641 2747 sed
2686 2693 2888 2746 unicus
2919 2694 3026 2747 hoc
3067 2693 3301 2747 nomine
3353 2695 3655 2748 Ravennas

1959 2783 2422 2853 archiepiscopus
2461 2783 2668 2835 saeculo
2698 2781 2919 2836 decimo
2969 2783 3355 2837 admittendus
3389 2788 3489 2837 est.
3555 2784 3658 2836 Ve-

1959 2887 2088 2924 rum
2137 2887 2266 2924 cum
2300 2871 2607 2925 Romualdi
2637 2875 2800 2940 pater
2842 2871 3028 2925 adhuc
3065 2871 3124 2924 in
3175 2871 3315 2924 vivis
3346 2872 3520 2926 fuerit
3551 2888 3652 2924 an-

1960 2976 2034 3013 no
2110 2961 2234 3026 982,
2305 2959 2612 3014 Romualdi
2679 2963 2818 3014 aetas
2878 2959 3070 3029 potius
3099 2959 3437 3029 corrigenda
3488 2959 3654 3014 nobis

1889 3051 1928 3104 C
1958 3047 2200 3102 videtur.

2031 3139 2081 3190 6.
2118 3156 2146 3185 ‹‹
2177 3137 2310 3189 Post
2353 3135 2814 3206 quinquennium
2857 3151 2891 3188 a
2929 3135 3110 3189 sancti
3141 3134 3249 3188 viri
3294 3135 3476 3203 obitu,
3501 3156 3530 3185 »
3589 3141 3654 3190 ut

1961 3224 2158 3277 scribit
2197 3226 2395 3278 Petrus
2438 3224 2698 3278 Damiani
2735 3224 2795 3277 in
2837 3223 2951 3277 ﬁne
3005 3223 3166 3292 Vitae,
3214 3245 3236 3273 ι
3289 3224 3420 3278 data
3456 3240 3653 3278 mona-

1959 3312 2079 3366 chis
2131 3312 2201 3365 ab
2259 3312 2572 3381 apostolica
2622 3311 2753 3365 sede
2793 3311 3040 3378 licentia,
3098 3327 3270 3382 supra
3328 3312 3653 3366 venerabile

1960 3417 2167 3471 corpus
2215 3401 2339 3471 ejus
2386 3401 2562 3455 altare
2619 3404 3009 3454 constructum
3055 3404 3157 3454 est.
3213 3419 3241 3451 »
3299 3401 3361 3454 Id
3407 3401 3652 3472 proinde

1958 3490 2172 3545 factum
2219 3490 2449 3544 sedente
2482 3489 2749 3560 pontiﬁce
2793 3491 3011 3543 Joanne
3040 3490 3142 3543 XX.
3191 3490 3414 3543 Nullam
3458 3494 3654 3543 tamen

1955 3577 2192 3632 Joannis
2221 3593 2388 3648 papae
2419 3578 2771 3632 mentionem
2801 3577 3106 3632 facitidem
3137 3579 3336 3632 Petrus
3392 3579 3453 3632 in
3509 3595 3653 3649 opu-

1960 3665 2098 3721 sculi
2129 3669 2188 3720 51
2221 3681 2345 3736 cap.
2387 3671 2432 3733 1,
2483 3666 2583 3720 ubi
2623 3666 2926 3721 Romualdi
2978 3668 3334 3722 sanctitatem
3384 3667 3454 3721 ab
3519 3683 3654 3737 apo-

1959 3755 2160 3810 stolica
2228 3755 2360 3810 sede
2428 3755 2802 3827 approbatam
2869 3755 3045 3810 fuisse
3108 3756 3400 3811 contendit
3458 3762 3657 3811 contra

1958 3845 2280 3898 Teuzonem
2323 3844 2687 3912 monachum,
2736 3843 2838 3914 qui
2867 3860 2985 3898 non
3013 3845 3149 3898 satis
3176 3843 3434 3898 modeste
3467 3845 3536 3898 de
3590 3861 3657 3898 ea

1961 3931 2318 4002 loquebatur.
2372 3931 2525 3985 Petri
2579 3931 2751 3986 verba
2799 3948 2868 3986 ex
2897 3933 3004 3986 hoc
3033 3933 3157 3985 loco
3201 3932 3313 3985 huc
3355 3929 3656 3986 referenda

1960 4026 2128 4075 sunt:
2165 4041 2192 4069 «
2225 4021 2484 4091 Cumque
2538 4036 2712 4090 super
2757 4020 3008 4091 quodam
3038 4019 3468 4090 disceptationis
3515 4020 3652 4074 arti-

1959 4109 2084 4163 culo
2139 4113 2363 4163 sanctus
2411 4109 2767 4163 Romualdus
2795 4108 2856 4162 in
2896 4109 3288 4163 testimonium
3327 4109 3650 4172 duceretur,

1957 4202 2170 4268 praesto
2195 4197 2502 4269 quasitum
2533 4203 2617 4252 est
2647 4197 2980 4267 utrumipse
3000 4197 3352 4252 Romualdus
3381 4203 3479 4251 aut
3518 4200 3655 4250 tunc

1961 4286 2240 4340 exstiterit
2268 4290 2514 4354 sanctus,
2547 4287 2636 4340 vel
2685 4301 2838 4340 nunc
2868 4286 2940 4340 sit
2962 4287 3022 4340 in
3068 4285 3336 4356 paradiso
3366 4289 3649 4355 receptus.

1958 4375 2046 4441 Et,
2074 4373 2205 4428 licet
2232 4378 2429 4428 contra
2461 4373 2636 4428 ﬁdem
2668 4373 2842 4428 totius
2876 4374 3136 4428 Ecclesiae
3161 4377 3489 4427 nostrarum
3509 4388 3651 4443 pro-

1959 4462 2274 4516 vinciarum
2302 4463 2426 4517 haec
2455 4463 2524 4518 de
2555 4467 2748 4517 sancto
2779 4463 2900 4517 viro
2931 4462 3172 4534 quaastio
3203 4467 3552 4531 moveretur,
3583 4461 3654 4516 ad

1959 4552 2324 4606 astruendam
2354 4555 2549 4606 tamen
2595 4552 2774 4622 partis
2803 4556 3012 4607 nostrte
3042 4553 3385 4605 sententiam
3433 4550 3564 4605 illos
3593 4551 3654 4605 in

1959 4639 2353 4694 testimonium
2374 4643 2600 4694 sanctos
2629 4640 2956 4709 ascivimus,
2983 4655 3235 4710 quorum
3283 4638 3656 4693 celeberrima

1961 4734 2202 4783 etvetus
2243 4728 2441 4798 opinio
2473 4728 2646 4783 etiam
2693 4729 2845 4799 apud
2872 4728 3158 4799 quoslibet
3187 4733 3244 4782 et
3272 4729 3503 4798 ignaros
3552 4744 3655 4782 nu-

1958 4823 2079 4872 tare
2105 4835 2222 4872 non
2261 4817 2457 4887 possit,
2493 4819 2736 4872 Leonem
2791 4817 3054 4872 videlicet
3078 4822 3251 4888 atque
3290 4817 3653 4887 Gregorium,

1961 4906 2307 4961 clarissimos
2337 4905 2474 4960 olim
2533 4906 2807 4961 Romanae
2839 4905 2987 4961 sedis
3034 4906 3316 4960 antitistes
3349 4922 3363 4959 :
3405 4922 3654 4976 quorum

1960 4995 2191 5064 quidem
2237 4997 2381 5049 alter
2427 4995 2757 5050 authentica
2785 5009 3074 5050 canonum
3126 4995 3351 5049 decreta
3399 4995 3656 5065 promul-

1960 5087 2076 5151 gat,
2106 5084 2249 5136 alter
2269 5083 2576 5137 Ecclesiam
2606 5082 2926 5154 perspicuis
2973 5098 3038 5136 ac
3058 5082 3360 5153 profundis
3408 5082 3653 5136 caelestis

1962 5171 2304 5240 eloquentiae
2342 5172 2597 5226 fontibus
2618 5171 2838 5242 irrigat.
2863 5191 2892 5224 »
2945 5173 3151 5225 Verum
3180 5171 3270 5225 his
3322 5169 3656 5225 nominibus

1961 5273 2079 5312 non
2130 5261 2376 5315 Leonem
2408 5261 2473 5314 IX
2507 5277 2571 5314 ac
2600 5261 2939 5332 Gregorium
2969 5262 3056 5328 VI,
3103 5261 3198 5315 sed
3252 5262 3498 5314 Leonem
3527 5260 3655 5329 pri—

1959 5363 2120 5402 mum
2152 5365 2215 5403 ac
2243 5348 2582 5420 Gregorium
2613 5349 2813 5403 itidem
2845 5348 3098 5420 primum
3131 5348 3422 5420 designari
3451 5347 3652 5402 existi-

1960 5450 2074 5502 mo,
2095 5452 2346 5507 quorum
2386 5437 2730 5492 testimoniis
2770 5439 2969 5492 Petrus
2999 5440 3398 5492 auctoritatem
3447 5437 3656 5491 Roma-

1957 5539 2048 5578 nae
2079 5524 2227 5579 sedis
2256 5525 2317 5578 in
2376 5527 2679 5580 asserenda
2708 5531 3037 5582 sanctorum
3058 5525 3488 5581 canonizatione
3516 5543 3656 5581 usus

1959 5613 2031 5666 sit
2050 5619 2248 5667 contra
2278 5613 2619 5668 Teuzonem.
