3950 6344
206 350 338 402 1125

1462 349 1823 405 EXPOSITIO
1866 351 1931 404 IN
1976 350 2159 406 PSAL.
2212 350 2436 408 LXVIII.

3571 356 3703 408 H26

269 484 320 534 7.
351 480 655 535 Romualdi
706 481 916 535 festum
967 481 1288 534 celebratur
1341 480 1636 534 Februarii
1684 481 1775 534 die
1833 485 1889 547 7,
1930 485 1975 535 A
2005 487 2092 535 cet
2122 482 2368 536 residere
2400 482 2606 535 habeat
2631 498 2694 535 ac
2746 481 2983 546 servari,
3018 481 3360 536 Fabrianine
3392 482 3449 535 in
3503 498 3702 536 mona-

203 568 300 638 qui
328 569 448 621 dies
479 575 564 621 est
595 569 716 638 ejus
767 569 1157 623 translationis
1198 585 1268 622 ex
1325 569 1518 622 .Esiuo
1576 569 1787 639 oppido
1838 568 1897 622 in

204 656 403 710 urbem
437 657 801 725 Fabrianum,
833 674 963 727 qua:
1022 658 1128 710 sita
1190 662 1274 710 est
1314 656 1373 710 in
1407 657 1640 710 marcha
1669 656 1894 710 Anche-

203 747 420 799 nitana.
455 747 583 799 Haec
621 742 919 799 translatio
968 746 1209 815 contigit
1266 762 1414 799 anno
1447 746 1576 799 1481
1639 750 1899 815 tempore

202 834 355 887 Petri
382 834 651 905 Delphini
709 834 1009 904 generalis,
1064 835 1164 905 qui
1210 835 1279 888 de
1308 852 1373 887 ea
1411 834 1531 905 agit
1559 835 1619 887 in
1652 835 1899 905 quadam

202 921 422 976 inedita
455 923 696 993 epistola
734 923 805 976 ad
837 924 1203 977 Benedictum
1251 925 1518 977 abbatem
1572 924 1765 978 Sancti
1808 924 1901 977 Mi-

203 1011 413 1065 chaelis
469 1013 621 1081 apud
674 1013 1019 1066 Muranum:
1060 1032 1082 1061 ι
1135 1012 1215 1066 De
1272 1028 1509 1081 corpore
1558 1012 1898 1066 sanctissimi

206 1100 532 1166 Romualdi,
564 1100 718 1171 quod
750 1100 914 1154 initio
946 1101 1310 1169 generalatus
1361 1101 1474 1154 mei
1501 1118 1531 1153 a
1564 1101 1741 1155 tribus
1772 1118 1894 1155 mo-

208 1190 406 1243 nachis
445 1190 657 1243 nostris
702 1206 769 1243 ex
819 1189 1219 1260 antiquissimo
1269 1190 1439 1243 Vallis
1499 1189 1681 1243 Castri
1711 1205 1897 1242 sarco-

205 1279 399 1349 phago
428 1278 576 1332 furto
627 1279 937 1344 sublatum,
993 1285 1163 1348 atque
1213 1279 1283 1332 ad
1332 1278 1565 1332 Esinum
1618 1278 1897 1348 oppidum

201 1368 541 1420 translatum
600 1367 807 1433 fuerat,
862 1368 1349 1438 postmodumque
1397 1368 1556 1436 jussu
1608 1366 1896 1437 pontiﬁcis

204 1455 683 1509 Fabrianensibus
710 1456 1064 1521 restitutum,
1099 1471 1163 1508 ex
1193 1461 1513 1509 memorato
1546 1456 1665 1509 cive
1715 1457 1896 1509 multa

201 1548 256 1598 te
286 1544 553 1598 didicisse
586 1560 703 1597 non
733 1544 933 1598 dubito
967 1561 979 1598 :
1032 1544 1203 1615 idque
1252 1544 1312 1596 in
1351 1543 1573 1613 primis,
1609 1543 1709 1597 ubi
1739 1543 1893 1597 scili-

2006 569 2178 623 slerio
2209 569 2399 623 Sancti
2430 569 2617 636 Blasii,
2669 570 2766 623 ubi
2828 586 2979 623 nunc
3026 575 3131 631 est,
3183 587 3256 623 an
3285 570 3344 622 in
3376 570 3545 624 Vallis
3599 572 3701 625 Ca-

2009 659 2111 711 stri
2142 659 2422 720 coenobio,
2475 660 2575 712 ubi
2607 658 2765 728 prius
2799 659 3075 727 jacuerat.
3130 660 3241 728 Ego
3272 659 3502 729 quidem
3536 660 3705 713 certis

2009 747 2325 800 rationibus
2358 746 2625 817 expedire
2684 747 2929 817 judicavi
2959 752 3022 801 ut
3052 747 3317 800 Fabriani
3359 754 3699 801 remaneret.

2011 836 2155 888 Nam
2185 840 2242 889 et
2266 834 2442 889 tutius
2469 835 2528 889 in
2575 837 2715 888 urbe
2748 835 2958 888 servari
2991 852 3156 904 posse
3208 840 3428 888 certum
3476 840 3577 900 est,
3633 852 3703 889 ne

2008 924 2215 977 iterum
2266 924 2673 994 subriperetur,
2726 927 2783 977 et
2838 923 3247 977 Fabrianenses
3302 925 3486 977 multa
3534 940 3593 977 se
3643 924 3702 977 in

2008 1014 2223 1066 honore
2282 1029 2571 1065 sacrarum
2627 1012 3023 1083 reliquiarum,
3058 1012 3105 1064 si
3147 1012 3357 1065 ibidem
3409 1012 3701 1081 relinque-

2007 1105 2228 1169 rentur,
2276 1101 2521 1154 facturos
2586 1100 3028 1170 spoponderant.
3094 1099 3302 1169 iliaque
3362 1098 3594 1168 cognito
3638 1115 3704 1152 ex

2007 1190 2355 1243 revelatione
2409 1188 2901 1254 Fabrianensium,
2960 1188 3256 1257 negotium
3318 1188 3469 1241 istud
3517 1187 3702 1240 cardi-

2007 1278 2124 1331 nali
2178 1278 2370 1332 Sancti
2422 1277 2665 1347 Georgii,
2726 1279 2913 1347 legato
2964 1277 3086 1347 agri
3129 1275 3340 1343 Piceni,
3393 1293 3426 1329 a
3474 1292 3702 1329 summo

2006 1366 2275 1437 pontiﬁce
2323 1366 2496 1419 fuisse
2550 1366 2891 1436 iniunctum,
2959 1364 3343 1418 necessarium
3395 1364 3533 1418 duxi
3589 1364 3701 1418 Ma-

2006 1458 2208 1507 cerataa
2271 1455 2434 1507 illum
2519 1454 2841 1519 convenire,
2913 1458 3017 1507 etc.
3097 1454 3169 1506 Ex
3198 1455 3434 1506 Ancona
3487 1452 3579 1506 die
3640 1455 3703 1506 16

2006 1543 2133 1598 Maii
2168 1543 2323 1597 1481.
2358 1564 2379 1592 ι
2412 1544 2540 1597 Haec
2571 1543 2631 1595 in
2661 1547 3019 1596 antecessum
3052 1542 3205 1595 satis.

655 1800 1018 1903 VITA
1087 1800 1627 1903 SANCTI
1707 1799 2528 1903 ROMUALDI
2597 1798 3251 1900 ABBATIS

1418 1967 1747 2021 AUCTORE
1785 1967 1841 2020 S.
1885 1965 2114 2019 PETRO
2153 1965 2492 2021 DAMIANI.

598 2097 606 2104 ‘
692 2089 850 2160 (Vide
885 2091 1032 2144 inter
1063 2091 1249 2160 Opera
1278 2090 1333 2143 S.
1370 2090 1521 2143 Petri
1557 2089 1836 2155 Damiani,
1870 2088 2040 2155 infra,
2079 2088 2418 2157 Patrologiae
2450 2092 2590 2141 tom.
2625 2086 2841 2154 CXLIV,
2879 2086 2982 2140 sub
3010 2086 3228 2153 ﬁnem.)

1584 2342 2329 2415 FRAGMENTUM

610 2495 1898 2621 EXPOSITIONIS
1978 2495 2644 2619 PSALMI
2736 2494 3307 2616 LXVIII

1340 2696 1499 2759 QUAS
1538 2695 1921 2749 TBIBUITUR
1962 2694 2124 2748 DlV'O
2164 2693 2566 2749 ROMUALDO.

490 2828 724 2898 (Annal.
753 2826 1074 2896 Camaldul,
1106 2826 1149 2893 Ι,
1184 2827 1309 2892 237,
1343 2842 1407 2878 ex
1439 2824 1994 2895 membranaszeculi
2026 2841 2081 2877 x1
2114 2824 2444 2878 monasterii
2477 2824 2663 2879 Sancti
2689 2824 2976 2879 Michaelis
3008 2824 3078 2879 de
3111 2825 3414 2896 Muriano.)

208 3045 527 3099 Emtraneus
583 3045 762 3109 factus
817 3057 935 3096 sum
985 3042 1258 3108 fratribus
1289 3044 1441 3111 meis,
1482 3046 1533 3096 et
1583 3047 1904 3112 peregrinus
1945 3047 1985 3100 Β
2016 3044 2184 3097 nibus
2230 3043 2436 3097 sanctis
2505 3043 2952 3098 vicissitudinem
3002 3045 3311 3099 redderent
3356 3045 3710 3117 jurgiorum,

778 3134 910 3202 ﬁliis
952 3134 1147 3186 matris
1173 3147 1318 3185 meai.

288 3226 398 3277 Vox
427 3221 657 3277 Christi.
690 3222 918 3277 Iudaeos
968 3221 1059 3274 hic
1089 3221 1340 3291 appellat
1382 3220 1582 3275 fratres
1612 3221 1711 3291 qui
1744 3226 1907 3276 erant

210 3313 266 3368 ei
296 3311 592 3382 sanguinis
621 3310 910 3364 vicinitate
963 3309 1282 3379 conjuncti;
1343 3309 1551 3379 quibus
1605 3314 1905 3364 extraneus

210 3403 390 3455 factus
423 3405 527 3466 est,
571 3399 801 3470 quando
836 3398 888 3452 ei
938 3397 1167 3451 credere
1203 3399 1543 3463 noluerunt;
1603 3415 1734 3452 nam
1775 3415 1904 3453 cum

204 3490 330 3559 ipse
387 3492 536 3543 esset
562 3489 632 3542 de
686 3487 902 3541 semine
943 3486 1250 3549 Abraham,
1302 3487 1618 3540 secundum
1653 3502 1903 3554 carnem,

203 3578 312 3644 illi,
336 3578 502 3632 malis
550 3576 821 3648 operibus
876 3575 1105 3641 addicti,
1156 3592 1188 3628 a
1242 3574 1581 3645 patriarchae
1633 3580 1767 3629 sunt
1800 3576 1907 3630 ori-

206 3666 339 3736 gine
370 3665 674 3737 segregati,
703 3665 848 3719 sicut
878 3664 955 3718 ait
981 3665 1039 3717 in
1061 3664 1369 3734 Evangelio
1400 3680 1413 3717 :
1446 3665 1506 3720 Si
1533 3664 1642 3735 ﬁlii
1666 3665 1907 3719 Abrahae

205 3757 413 3821 essetis,
462 3770 626 3823 opera
671 3754 909 3809 Abrahae
934 3755 1162 3820 fecistis.
1196 3752 1416 3823 Adjecit
1448 3769 1461 3806 :
1522 3774 1549 3802 ‹‹
1604 3754 1671 3807 Et
1699 3753 1908 3824 hospes

205 3842 339 3897 ﬁliis
365 3843 565 3897 matris
619 3859 780 3897 meae.
819 3863 847 3892 »
902 3842 1195 3912 Hospitem
1251 3841 1506 3895 dicamus
1567 3842 1903 3911 quemlibet,

209 3932 445 3987 domum
508 3936 762 3985 nostram
830 3931 1067 4001 adeptus
1124 3928 1213 4002 [ad
1246 3933 1489 4001 tempus]
1527 3930 1904 3998 habitantem,

211 4021 311 4092 qui
341 4037 459 4075 non
480 4020 716 4074 nomine
767 4019 1299 4089 consanguinitatis,
1333 4019 1431 4073 sed
1485 4023 1759 4090 tanquam
1808 4036 1907 4089 pe-

210 4110 496 4181 regrinus,
530 4109 827 4179 excipitur.
892 4110 1125 4163 Matrem
1157 4125 1290 4162 vero
1352 4124 1514 4162 suam
1546 4108 1907 4179 Synagogam

209 4198 350 4253 dicit
379 4198 447 4252 de
477 4214 591 4269 qua
621 4203 779 4252 ortus
807 4202 909 4265 est,
941 4197 1079 4251 dum
1108 4198 1304 4252 Judaia
1335 4202 1503 4268 gente
1524 4197 1680 4252 nasci
1713 4198 1909 4268 digna-

209 4291 301 4342 tus
334 4292 438 4341 est.

212 4377 482 4441 Quoniam
534 4376 677 4429 zelus
729 4375 915 4430 domus
947 4380 1050 4429 tute
1088 4375 1313 4430 comedit
1351 4391 1452 4438 me,
1509 4379 1560 4430 et
1615 4374 1909 4445 opprobria

421 4465 876 4534 exprobrantium
922 4465 1023 4518 tibi
1061 4465 1365 4519 ceciderunt
1394 4481 1556 4534 super
1581 4481 1682 4519 me.

282 4554 395 4606 Vox
426 4553 653 4608 Christi.
686 4553 830 4616 Quia
882 4553 1145 4607 fecerunt
1200 4570 1327 4607 eam
1370 4554 1703 4624 speluncam
1730 4553 1905 4607 latro-

214 4659 374 4696 num.
428 4642 909 4713 Exprobrantium
934 4642 1090 4695 enim
1120 4643 1393 4712 injuriam
1416 4659 1589 4714 super
1618 4658 1750 4697 eum
1770 4658 1909 4712 pro-

206 4733 492 4803 jecerunt,
527 4747 657 4785 cum
701 4746 830 4784 eum
880 4736 935 4784 et
980 4730 1403 4785 Samaritanum
1444 4738 1501 4785 et
1557 4731 1909 4785 daemonium

213 4821 523 4875 habentem
575 4824 863 4886 vocarent,
914 4824 970 4873 et
1005 4820 1188 4874 illud:
1251 4820 1312 4875 Si
1352 4821 1533 4874 Filius
1578 4823 1675 4874 Dei
1715 4836 1788 4887 es,
1813 4820 1909 4874 de-

213 4907 404 4963 scende
426 4907 491 4961 de
522 4923 693 4975 cruce,
745 4912 852 4961 etc.
904 4907 1249 4961 Comedebat
1304 4923 1437 4961 eum
1490 4907 1647 4961 zelus
1706 4907 1911 4960 domus

216 4996 338 5063 Dei,
372 4996 621 5066 quando,
668 4995 925 5049 funiculo
981 4996 1148 5062 facto,
1210 4994 1507 5048 cathedras
1536 4996 1909 5049 vendentium

215 5086 506 5140 columbas
536 5090 593 5139 et
623 5084 1141 5138 nummulariorum
1195 5099 1419 5137 mensas
1451 5083 1676 5151 evertit,
1704 5083 1913 5137 docens

215 5176 370 5230 aliud
395 5192 514 5229 esse
535 5175 819 5244 templum
846 5179 1129 5243 sanctum,
1160 5172 1317 5226 aliud
1351 5171 1764 5242 negociationis
1795 5172 1916 5227 ofﬁ-

213 5264 389 5318 cium.
424 5264 535 5319 Sed
591 5263 741 5317 istud
793 5263 981 5317 zelum
1032 5262 1126 5333 qui
1175 5261 1347 5316 fuerit
1389 5265 1762 5315 consecutum
1811 5278 1911 5331 po-

214 5359 403 5407 tenter
433 5352 770 5423 adjungitur
802 5368 815 5405 ς
876 5354 945 5406 Et
992 5352 1286 5421 opprobria
1329 5351 1778 5419 exprobrantium
1810 5350 1914 5404 tibi

213 5442 520 5497 ceciderunt
547 5457 709 5512 super
730 5457 830 5495 me.
883 5441 1023 5494 Nam
1056 5446 1379 5511 postquam,
1414 5438 1661 5518 indigni,
1694 5440 1909 5493 saluta-

214 5532 375 5586 ribus
404 5530 639 5586 monitis
664 5530 1131 5601 increpabantur,
1182 5528 1491 5601 opprobria
1542 5543 1715 5598 supra
1756 5543 1909 5595 eum,

219 5621 381 5691 quasi
443 5621 699 5674 conferta
762 5621 894 5683 tela,
958 5619 1255 5679 miserunt,
1306 5623 1368 5671 ut
1420 5634 1526 5690 pro
1572 5616 1915 5672 admonitio-

2016 3137 2084 3188 Et
2132 3134 2320 3202 operui
2346 3134 2406 3186 in
2429 3132 2642 3201 jejunio
2689 3135 2929 3187 animam
2957 3150 3155 3200 meam,
3186 3139 3237 3187 et
3289 3135 3491 3204 factum
3544 3139 3622 3189 est
3651 3138 3709 3188 in

2616 3223 2912 3292 opprobria
2940 3224 3095 3276 mihi.

2086 3310 2472 3380 Opprobrium
2552 3309 2605 3363 ei
2660 3309 2871 3362 inferre
2914 3310 3245 3376 conabatur,
3306 3326 3436 3364 cum
3485 3314 3710 3364 tentans

2016 3413 2147 3450 eum
2180 3399 2385 3452 Satana
2417 3397 2640 3451 dicebat
2672 3414 2684 3451 :
2736 3400 2831 3451 Dic
2858 3403 2917 3451 ut
2940 3398 3148 3466 lapides
3205 3400 3302 3452 isti
3328 3414 3498 3467 panes
3549 3401 3706 3467 ﬁant.

2012 3487 2302 3555 Jejunium
2334 3486 2578 3541 dicimus
2626 3485 2851 3556 quoties
2902 3503 2933 3538 a
2975 3486 3115 3539 cibis
3166 3487 3489 3540 carnalibus
3536 3486 3710 3540 absti-

2014 3592 2239 3643 nemus,
2271 3593 2375 3630 nec
2408 3576 2651 3630 esuriem
2683 3580 2938 3629 nostram
2991 3576 3183 3646 aliqua
3230 3576 3575 3630 comestione
3622 3592 3712 3629 sa-

2019 3663 2249 3717 tiamus.
2278 3664 2365 3718 Ad
2393 3680 2567 3734 quam
2590 3663 3029 3717 similitudinem
3053 3664 3347 3734 jejunasse
3364 3663 3499 3718 dicit
3521 3663 3711 3719 Domi-

2015 3769 2122 3817 nus
2156 3752 2432 3822 Christus,
2467 3753 2602 3824 quia
2643 3752 2940 3807 hominum
2967 3753 3154 3816 ﬁdem,
3185 3769 3360 3824 quam
3391 3754 3552 3807 valde
3582 3768 3711 3807 esu-

2016 3841 2217 3911 riebat,
2247 3844 2487 3898 minime
2517 3848 2742 3913 poterat
2792 3843 3075 3897 invenire.
3129 3843 3350 3912 Operui,
3381 3842 3543 3908 dixit,
3587 3845 3711 3897 ani-

2015 3947 2178 4000 mam,
2214 3934 2379 4003 quasi
2410 3934 2605 4003 aliquo
2627 3932 2801 4003 pallio
2823 3932 3069 3986 tristitiae
3086 3932 3484 3986 circumdedit.
3510 3931 3710 4002 Sequi-

2017 4024 2112 4074 tur
2145 4036 2159 4074 :
2194 4021 2268 4075 Et
2298 4024 2509 4087 factum
2535 4027 2613 4075 est
2642 4023 2781 4075 mihi
2810 4024 2868 4075 in
2895 4021 3260 4091 opprobrium.
3297 4021 3535 4090 Semper
3575 4020 3715 4073 boni

2018 4109 2186 4162 malis
2218 4110 2531 4179 opprobrio
2562 4115 2713 4177 sunt,
2750 4111 2883 4181 quia
2916 4109 3151 4163 minime
3178 4124 3373 4163 eorum
3408 4107 3714 4162 sceleribus

2018 4197 2407 4267 acquiescunt,
2437 4199 2576 4252 dum
2610 4198 2722 4252 illis
2756 4199 2944 4252 studio
3002 4197 3087 4251 sui
3121 4198 3448 4265 detrahunt,
3507 4196 3715 4267 quibus

2019 4287 2178 4339 nulla
2222 4286 2490 4340 societate
2533 4288 2881 4357 junguntur.
2930 4289 3235 4341 Testantur
3279 4287 3430 4340 enim
3477 4284 3583 4339 ista
3616 4302 3715 4356 op-

2017 4375 2255 4445 propria
2308 4376 2521 4445 alapas,
2608 4376 2853 4446 ﬂagella,
2919 4381 3195 4446 consputa
3253 4391 3380 4446 quae
3441 4374 3715 4429 Dominus

2021 4464 2277 4518 Salvator
2305 4465 2376 4517 ab
2403 4463 2602 4518 insana
2630 4465 2793 4533 plebe
2820 4481 3123 4535 perpessus
3156 4468 3256 4518 est.

2018 4554 2098 4607 Et
2138 4555 2300 4622 posui
2347 4557 2719 4607 vestimentum
2775 4570 2947 4607 meum
2990 4557 3245 4621 cilicium,
3282 4558 3331 4608 et
3371 4555 3552 4621 factus
3596 4569 3715 4609 sum

2586 4642 2696 4695 illis
2726 4643 2785 4695 in
2799 4643 3141 4710 parabolam.

2093 4731 2205 4784 Vox
2246 4729 2470 4783 Christi.
2506 4730 2567 4782 In
2625 4746 2785 4783 sacco
2838 4730 3023 4785 luctus
3066 4731 3386 4786 ostenditur
3413 4731 3500 4785 vel
3530 4731 3715 4798 ﬂetus,

2021 4836 2134 4891 quo
2165 4818 2224 4872 in
2267 4822 2449 4872 morte
2488 4817 2691 4871 Lazari
2735 4834 2871 4872 usus
2926 4824 3046 4886 est;
3094 4819 3153 4873 in
3209 4820 3484 4891 parabola
3538 4819 3715 4873 factus

2021 4913 2104 4962 est
2128 4906 2363 4974 Iudaeis,
2416 4923 2543 4961 cum
2596 4923 2661 4960 eo
2696 4907 2867 4961 ﬂente
2908 4907 3211 4962 dicerent:
3265 4911 3409 4963 Ecce
3456 4908 3715 4978 quomodo

2019 4996 2242 5051 amabat
2271 5012 2422 5063 eum;
2474 4998 2574 5050 alii
2622 5011 2747 5050 vero
2781 5012 2793 5048 :
2854 4998 2975 5051 Non
3002 5002 3218 5065 poterat
3244 4997 3332 5051 hic
3377 4998 3473 5064 qui
3501 4997 3717 5064 aperuit

2019 5086 2195 5139 oculos
2249 5087 2373 5139 caici
2431 5086 2553 5138 nati
2608 5086 2789 5150 facere
2835 5089 2894 5137 ut
2956 5086 3041 5138 hic
3088 5100 3195 5138 non
3240 5090 3553 5139 moreretur.
3612 5084 3719 5137 Per

2020 5175 2258 5228 cilicium
2306 5172 2537 5228 tristitia
2586 5172 2959 5243 signiﬁcatur,
2995 5177 3052 5226 et
3103 5175 3373 5243 lacrymaa
3431 5188 3573 5244 quas
3605 5173 3716 5225 Do-

2021 5263 2230 5323 minus,
2262 5263 2505 5316 humani
2559 5262 2784 5333 generis
2840 5261 3211 5316 inbecillitate
3265 5267 3580 5332 permotus,
3622 5278 3716 5316 su-

2021 5351 2326 5405 scitaturus
2379 5352 2654 5406 Lazarum
2684 5351 2870 5418 ﬂevit;
2931 5366 3219 5422 nusquam
3279 5352 3437 5405 enim
3508 5350 3720 5420 legitur

2021 5440 2331 5493 Dominum
2392 5456 2558 5493 usum
2633 5441 2807 5495 fuisse
2840 5440 3045 5495 cilicio.
3101 5440 3301 5493 Factus
3356 5445 3440 5494 est
3482 5455 3716 5510 quoque

2019 5528 2232 5582 Judaiis
2288 5528 2350 5581 in
2378 5529 2654 5598 parabola
2697 5530 2929 5602 quando
2960 5544 3064 5599 per
3094 5526 3497 5582 similitudines
3546 5543 3717 5598 quas-

2022 5616 2153 5670 dam
2197 5616 2485 5670 carnalem
2520 5615 2802 5687 populum
2833 5618 3035 5673 docere
3073 5615 3385 5681 videbatur,
3448 5615 3594 5670 sicut
3647 5615 3707 5670 in
