3950 6336
189 367 318 420 H27

187 497 500 566 Evangelio
558 495 772 565 legitur
806 510 818 548 :

187 587 430 650 turbam;
463 590 520 638 et
547 584 605 636 iu
639 583 750 636 alio
801 584 1037 659 psalmo.
1065 599 1077 636 :
1126 585 1385 650 Aperiam
1410 587 1470 636 in
1503 583 1784 652 parabolis
1832 600 1888 639 os

186 689 378 726 meum.
415 672 692 726 Parabola
723 677 806 724 est
847 672 1003 724 enim
1035 676 1238 723 natura
1296 671 1744 740 discrepantium
1797 688 1885 726 re-

186 777 334 824 rum,
405 761 510 814 sub
565 760 760 829 aliqua
829 759 1223 824 similitudine,
1300 760 1448 813 facta
1514 761 1883 830 comparatio,

190 865 348 902 more
377 849 759 918 providentiae
791 865 925 913 suae,
959 853 1021 900 ut
1077 848 1176 917 qui
1229 848 1478 901 caelestia
1507 864 1710 918 capere
1769 866 1882 901 nun

188 941 474 1006 poterant,
507 953 611 1005 per
642 942 894 989 terrenas
936 936 1340 989 similitudines
1371 936 1565 989 audita
1593 935 1886 1006 percipere

191 1024 528 1094 potuissent.

259 1114 566 1167 Adversum
595 1129 678 1166 me
723 1113 1081 1182 loquebantur
1129 1116 1227 1180 qui
1253 1113 1509 1167 sedebant
1535 1116 1595 1168 in
1620 1118 1804 1182 porta,
1837 1119 1888 1167 et

192 1204 250 1255 in
275 1217 356 1255 me
377 1202 686 1270 psallebant
716 1203 810 1269 qui
835 1201 1082 1254 bibebant
1109 1204 1315 1255 vinum.

263 1290 325 1341 In
355 1289 469 1341 illis
499 1288 735 1356 scilicet,
766 1287 919 1358 quia,
944 1288 1218 1342 habentes
1242 1289 1457 1341 clavem
1486 1288 1758 1353 scientiae,
1784 1305 1884 1342 ne-

192 1392 302 1446 que
327 1376 641 1430 introibant
680 1392 865 1446 neque
896 1376 1036 1429 alios
1058 1376 1298 1430 introire
1327 1377 1713 1446 pertinebant,
1738 1377 1886 1431 Scri-

189 1465 278 1518 baa
313 1470 369 1518 et
400 1465 690 1529 Pharisaei,
720 1465 818 1535 qui
859 1466 1259 1519 discernebant
1307 1482 1504 1518 causas
1555 1481 1685 1519 cum
1733 1466 1887 1519 sede-

190 1554 329 1607 bant
358 1555 415 1606 in
449 1553 952 1622 publicojudicio;
985 1559 1035 1607 et
1058 1559 1116 1607 in
1152 1570 1233 1607 me
1264 1555 1569 1622 psallebant
1615 1557 1713 1622 qui
1749 1556 1888 1607 bibe-

195 1642 324 1695 bant
346 1644 554 1707 vinum,
597 1641 804 1710 repleti
853 1642 1007 1695 enim
1061 1643 1195 1695 vino
1242 1643 1586 1712 iniquitatis.
1631 1643 1888 1706 Qualiter

194 1747 324 1783 eum
356 1730 748 1782 interﬁcerent
803 1729 1253 1794 concinnabant;
1305 1732 1474 1783 stulte
1524 1730 1676 1783 enim
1735 1732 1885 1800 psal-

192 1818 458 1880 lentium,
493 1817 624 1870 audi
658 1817 907 1887 qualiter
954 1816 1154 1870 doceat
1201 1834 1297 1870 vos
1331 1835 1344 1871 :
1377 1820 1615 1885 Psallite,
1675 1819 1881 1888 inquit.

190 1909 481 1981 sapienter.
532 1907 627 1958 Vel
649 1905 792 1958 ebrii
820 1909 984 1959 erant
1013 1906 1080 1959 de
1111 1906 1265 1972 vino,
1291 1907 1519 1976 quando
1552 1907 1890 1978 operiebant

191 1999 364 2064 caput
399 1994 541 2064 ejus,
599 1998 656 2047 et
702 1993 1005 2048 dicebant:
1061 1995 1384 2063 Prophetiza
1427 1996 1602 2061 nobis,
1656 1997 1883 2062 Christe,

193 2086 314 2151 quis
344 2088 421 2137 est
452 2070 620 2150 qui'te
647 2084 932 2151 percussit.
999 2083 1058 2135 In
1104 2082 1286 2152 portis
1347 2082 1548 2136 sedent
1598 2081 1697 2152 qui
1746 2097 1884 2135 con-

193 2172 453 2226 ventibus
503 2171 829 2236 hominum,
881 2171 1080 2225 sedula
1143 2170 1495 2238 curiositate,
1552 2170 1882 2223 miscentur.

196 2260 338 2313 Dicit
396 2258 550 2312 enim
599 2259 924 2328 passionem
978 2273 1141 2311 suam
1196 2258 1354 2327 genti
1409 2257 1660 2311 Iudaicae
1713 2257 1888 2310 fuisse

192 2347 468 2411 fabulam,
501 2353 563 2400 ut
593 2347 785 2400 nullus
817 2347 1174 2416 exciperetur
1195 2346 1347 2416 quia
1379 2346 1478 2399 tali
1517 2345 1889 2400 collocatione

193 2436 533 2489 redderetur
583 2435 824 2488 alienus.
876 2435 951 2488 De
1005 2433 1329 2504 opprobriis
1371 2451 1435 2487 ac
1481 2434 1747 2487 conviciis
1799 2435 1892 2488 Ju-

196 2526 454 2578 daaorum
476 2523 750 2576 hactenus
777 2525 1017 2577 locutus.
1047 2525 1224 2588 Nunc,
1250 2528 1531 2593 quantum
1555 2523 1694 2576 mihi
1717 2524 1890 2588 [vide-

195 2622 306 2680 tur,
341 2613 408 2665 de
439 2611 702 2665 ﬁdelibus
735 2612 870 2665 dicit
902 2628 914 2664 :
948 2614 1017 2666 Et
1041 2614 1098 2665 in
1129 2627 1209 2665 me
1245 2613 1552 2680 psallebant
1604 2614 1701 2679 qui
1753 2613 1893 2665 bibe-

198 2701 325 2754 bant
356 2702 560 2753 vinum.
599 2701 662 2753 In
699 2701 1007 2753 Dominum
1032 2701 1284 2768 psallunt
1307 2702 1405 2769 qui
1440 2700 1660 2754 actione
1685 2702 1890 2770 proba-

196 2789 295 2841 bili
335 2788 684 2857 diriguntur,
746 2793 802 2840 et
850 2789 1120 2858 operibus
1169 2789 1419 2843 reddunt
1471 2806 1599 2860 quae
1658 2789 1892 2843 monitis

196 2875 446 2929 cmlestia
472 2876 738 2928 mandata
769 2876 1107 2946 suscipiunt.

198 2965 310 3029 Ego
365 2979 489 3017 vero
547 2966 844 3017 orationem
885 2979 1056 3018 meam
1121 2963 1198 3016 ad
1245 2968 1310 3028 te,

779 3051 1112 3118 beneplaciti,
1153 3053 1314 3104 Deus.

271 3141 387 3192 Vox
414 3139 620 3193 Christi
649 3140 717 3192 ad
748 3141 992 3192 Patrem.
1038 3140 1164 3193 Non
1213 3140 1366 3193 enim
1404 3140 1599 3194 vincor
1628 3140 1715 3194 his
1762 3158 1888 3211 pas-

199 3229 478 3294 sionibus,
510 3228 645 3298 quia
676 3232 864 3282 tecum
899 3245 1026 3281 sum
1058 3228 1117 3281 in
1150 3229 1438 3293 oratione;
1473 3244 1566 3296 ego
1603 3244 1725 3283 vero
1769 3245 1890 3284 ora-

202 3320 396 3371 tionem
420 3332 592 3371 meam
625 3317 700 3370 ad
730 3321 799 3383 te,
822 3319 1062 3370 Domine.
1094 3317 1307 3370 ludatis
1337 3318 1482 3370 mihi
1513 3318 1660 3371 male
1700 3319 1891 3371 dicen-

204 3405 396 3458 tibus:
460 3407 730 3472 cruciﬁge,
788 3406 1038 3473 cruciﬁge
1082 3419 1228 3472 eum;
1282 3419 1387 3474 ego
1437 3420 1540 3474 pro
1591 3405 1672 3458 eis
1723 3422 1893 3459 orans

201 3494 517 3563 loquebar:
554 3496 733 3559 Pater,
786 3497 998 3561 ignosce
1029 3496 1125 3546 eis.
1159 3494 1290 3547 Non
1339 3496 1479 3546 enim
1529 3497 1708 3547 sciunt
1757 3495 1895 3562 quid

195 3584 429 3648 faciunt.
461 3582 709 3651 Tempus
764 3582 1050 3651 placendi,
1108 3582 1400 3636 Dominus.
1447 3582 1564 3636 Hic
1594 3589 1673 3638 est
1699 3584 1890 3649 Filius,

199 3670 380 3724 Filius
406 3685 552 3723 meus
583 3673 642 3722 in
672 3685 775 3738 quo
803 3671 942 3723 mihi
994 3671 1311 3739 complacui.
1363 3669 1531 3724 Venit
1557 3671 1626 3723 ad
1656 3672 1893 3724 tertium

199 3766 389 3832 caput,
426 3761 522 3815 ubi
552 3768 751 3815 contra
784 3763 1079 3816 maledicta
1109 3763 1436 3816 Judaeorum
1469 3761 1744 3816 orationis
1777 3779 1893 3815 suae

200 3851 390 3922 posuit
419 3851 779 3903 sanctitatem
809 3851 1050 3904 caelestis
1088 3852 1313 3914 Doctor,
1363 3849 1660 3902 insinuans
1685 3851 1894 3920 jurgiis

200 3941 503 3994 hominum
533 3954 646 3991 non
676 3939 1048 3992 inﬂammatis
1080 3938 1236 4003 rixis,
1269 3938 1366 3991 sed
1397 3939 1505 4007 piis
1541 3939 1894 3991 orationibus

200 4029 566 4082 obviendum.
595 4028 1012 4098 Videamusque
1036 4043 1207 4094 nunc,
1242 4027 1394 4097 quod
1419 4026 1491 4080 sit
1509 4032 1714 4095 tempus
1741 4029 1894 4081 bene-

195 4119 413 4186 placiti.
467 4117 613 4171 Illud
661 4122 890 4185 tempus
935 4119 1018 4170 est
1059 4116 1399 4185 beneplaciti,
1428 4116 1681 4186 quando,
1715 4115 1896 4170 incar-

199 4205 450 4259 nationis
481 4220 599 4258 suaa
626 4205 926 4270 beneﬁcio,
976 4203 1394 4274 periclitantem
1447 4205 1728 4258 mundum
1778 4205 1892 4259 im-

201 4294 444 4348 minenti
468 4293 729 4347 liberavit
755 4294 948 4346 exitio.
984 4294 1098 4346 Hoc
1147 4297 1375 4362 tempus
1405 4297 1488 4346 est
1545 4293 1889 4362 beneplaciti,

201 4383 268 4437 de
307 4398 422 4452 quo
454 4387 512 4435 et
539 4383 846 4451 Apostolus
878 4382 957 4434 ait
989 4398 1001 4434 :
1040 4385 1172 4436 Ecce
1211 4397 1353 4436 nunc
1383 4387 1591 4450 tempus
1647 4387 1890 4451 accepta-

203 4471 323 4536 bile,
365 4485 477 4523 ecce
502 4485 642 4524 nunc
672 4470 785 4524 dies
816 4471 1015 4524 salutis

201 4561 264 4611 In
295 4558 642 4613 multitudine
670 4559 1055 4612 misericordiae
1111 4564 1214 4613 tua
1265 4559 1472 4612 emaudi
1509 4575 1610 4624 me,
1651 4559 1711 4613 in
1752 4561 1896 4613 veri-

807 4654 916 4703 tate
939 4651 1136 4704 salutis
1169 4653 1291 4703 tuae.

280 4737 346 4790 Ut
369 4740 498 4805 post
524 4751 713 4790 veram
764 4741 1010 4791 mortem
1055 4735 1490 4791 resurrectionis
1538 4737 1744 4791 veritas
1795 4753 1897 4807 ap-

205 4825 499 4896 probetur.
524 4825 648 4878 Non
671 4826 823 4879 enim
844 4842 1018 4896 parva
1042 4825 1436 4880 misericordia
1459 4826 1586 4892 fuit,
1623 4843 1754 4897 quas
1780 4832 1898 4880 tam

205 4913 430 4984 ingenti
448 4915 516 4968 ad
539 4921 836 4983 peccatum
859 4915 1144 4984 superavit
1165 4916 1305 4985 (sic).
1342 4915 1640 4970 Multitudo
1667 4914 1900 4984 quidem

210 5004 320 5058 fuit
351 5003 561 5063 delicti,
597 5003 693 5056 sed
723 5003 905 5056 multo
957 5003 1318 5056 numerosior
1367 5003 1756 5056 misericordia
1801 5002 1902 5056 illa

210 5108 339 5162 quas
369 5091 518 5155 vicit,
542 5108 694 5155 cum,
719 5095 1039 5145 memorato
1061 5095 1320 5160 tempore
1343 5089 1750 5145 misericordiae
1773 5106 1900 5160 quas

205 5180 486 5252 passionis
516 5181 756 5233 salutem
791 5180 1001 5234 mundo
1043 5179 1329 5248 praestitit,
1380 5195 1736 5250 consequens
1792 5179 1902 5233 fuit

207 5275 272 5324 ut
301 5274 356 5324 et
405 5269 884 5323 resurrectionem
935 5268 1041 5322 sibi
1093 5267 1286 5322 venire
1329 5273 1678 5336 precaretur,
1729 5283 1902 5338 quam

205 5359 266 5413 in
296 5358 531 5412 veritate
583 5357 867 5426 pollicitus
919 5358 1104 5411 fuerat
1135 5372 1237 5428 per
1268 5357 1596 5426 prophetas.
1632 5357 1903 5409 Precatur

208 5463 344 5516 ergo
373 5449 598 5501 Patrem
626 5463 741 5500 non
776 5451 979 5500 natura
1036 5446 1282 5510 deitatis,
1326 5461 1455 5516 quas
1485 5444 1739 5514 ejusdem
1770 5459 1900 5514 per-

208 5536 445 5605 aequatis
473 5541 577 5600 est,
611 5535 711 5590 sed
740 5535 1043 5588 inﬁrmitas
1073 5539 1368 5604 assumpta
1397 5531 1664 5598 hominis,
1699 5531 1756 5584 in
1789 5547 1904 5601 qua

212 5624 401 5677 minor
431 5630 517 5677 est
541 5624 716 5678 Patri.

1384 2967 1634 3028 Domine;
1681 2969 1890 3033 tempus

1537 364 1594 419 S.
1637 363 1993 420 ROMUALDI
2029 363 2336 418 ABBATIS.

909 494 1071 548 Dixit
1134 497 1387 549 Dominus
1435 496 1757 564 parabolam
1814 497 1889 550 ad
1925 501 1968 553 A
2000 498 2164 564 Eripe
2192 510 2272 548 me
2303 494 2367 547 de
2406 495 2536 558 luto,
2585 498 2646 547 ut
2683 509 2789 548 non
2849 495 3080 562 inﬁgar;
3127 494 3302 548 libera
3364 510 3447 548 me
3503 496 3574 549 ab
3607 497 3689 549 his

1928 1781 1967 1832 B

1931 3055 1968 3106 C

1934 4349 1976 4401 D

3554 365 3690 417 H28

2189 585 2286 651 qui
2314 582 2541 635 oderunt
2579 598 2679 648 me,
2704 589 2754 636 et
2779 583 2844 636 de
2868 582 3169 651 profundis
3200 598 3492 650 aquarum.

2003 679 2010 683 '
2066 674 2274 740 Aperte
2307 671 2427 723 haec
2458 671 2527 724 de
2557 671 2789 739 Judaais,
2840 671 2939 740 qui
2996 687 3128 724 eum
3181 687 3336 724 nunc
3390 687 3567 741 quam
3606 672 3691 725 di-

1993 759 2258 812 lexerunt
2286 759 2404 828 (sic)
2438 758 2577 811 dicit
2610 761 2716 813 :Et
2743 759 2808 811 de
2823 759 3119 827 profundis
3153 774 3446 828 aquarum.
3482 761 3692 813 Demus

1996 863 2226 917 operam
2283 850 2346 900 ut
2395 845 2619 900 hisdem
2664 847 2849 900 verbis
2905 852 2962 901 et
3009 863 3111 900 nos
3165 848 3477 901 Dominum
3522 864 3690 918 roge-

1995 952 2143 1000 mus,
2188 935 2395 1004 quibus
2450 935 2632 1004 Caput
2652 940 2913 989 nostrum
2962 951 3224 989 exorasse
3270 936 3687 1006 cognoscimus.

1995 1025 2107 1078 Hoc
2136 1024 2300 1094 plane
2331 1023 2616 1077 subtiliter
2668 1024 3143 1093 perscrutandum
3188 1029 3273 1078 est
3301 1039 3479 1092 quare
3519 1039 3688 1092 supe-

1995 1113 2112 1166 rius
2143 1111 2319 1165 inﬁxo
2362 1112 2498 1164 limo
2549 1111 2749 1166 dixerit
2808 1117 2863 1166 et
2908 1112 3002 1165 hic
3058 1129 3129 1165 ne
3179 1113 3239 1165 in
3296 1113 3420 1182 ipso
3472 1113 3692 1164 haerere

1994 1201 2175 1271 possit
2205 1205 2420 1253 exorat.
2447 1201 2656 1254 Inﬁxus
2678 1201 2880 1270 utique
2904 1201 3039 1253 limo
3067 1200 3199 1263 fuit,
3227 1216 3406 1270 quum
3430 1205 3694 1269 suscepta

1995 1289 2181 1342 carnis
2236 1288 2571 1342 inﬁrmitate
2629 1289 2962 1354 tenebatur;
3023 1287 3179 1342 unde
3229 1288 3403 1341 etiam
3441 1293 3688 1340 mortem

1995 1377 2175 1431 crucis
2216 1377 2448 1447 accepit.
2505 1376 2604 1429 Hic
2653 1383 2848 1430 autem
2902 1383 3294 1446 competenter
3330 1377 3584 1448 exposcit
3629 1381 3695 1429 ut

1995 1465 2187 1519 anima
2232 1466 2355 1534 ejus
2405 1482 2438 1518 a
2493 1465 2789 1518 desideriis
2841 1465 3028 1531 luteis,
3081 1466 3136 1518 id
3171 1471 3256 1519 est
3288 1466 3460 1535 hujus
3491 1463 3695 1518 mundi

1995 1554 2418 1625 cupiditatibus,
2456 1554 2724 1607 reddatur
2754 1553 2964 1620 aliena,
2999 1555 3153 1624 quod
3206 1555 3351 1607 bene
3386 1553 3695 1623 suscipitur

1995 1659 2029 1695 a
2085 1648 2244 1712 parte
2300 1642 2710 1706 membrorum,
2756 1658 2869 1712 qua
2907 1643 3001 1696 ille
3077 1643 3197 1695 luto
3238 1642 3521 1695 inhaerere
3574 1657 3694 1694 non

1998 1735 2213 1800 poterat
2253 1731 2349 1799 qui
2380 1731 2592 1799 peccati
2626 1733 2907 1784 maculam
2939 1747 3052 1784 non
3086 1731 3349 1785 habebat.
3386 1731 3585 1784 Libera
3612 1745 3694 1783 me

1996 1835 2063 1870 ea:
2095 1818 2398 1872 odientibus
2431 1835 2532 1880 me,
2574 1819 2722 1872 istud
2762 1820 2832 1872 ad
2883 1819 3180 1873 Judaicum
3244 1819 3521 1888 populum
3572 1833 3691 1870 ma-

1998 1906 2268 1960 nifestum
2335 1912 2418 1960 est
2481 1908 2788 1976 pertinere.
2850 1907 3056 1971 Quare,
3107 1912 3378 1977 surgente
3442 1905 3689 1972 Christo,

1996 2011 2194 2048 eorum
2239 1995 2370 2049 odia
2419 1995 2688 2049 frustrata
2725 1999 3080 2062 vanuerunt;
3117 2011 3251 2048 nam
3300 1995 3458 2065 quod
3503 1995 3688 2048 dixit:

1995 2084 2388 2152 Deprofundis
2421 2099 2714 2153 aquarum,
2754 2085 2824 2138 ad
2875 2085 3152 2154 populum
3206 2084 3393 2152 ipsum
3445 2099 3561 2136 non
3611 2086 3695 2135 est

1997 2171 2237 2224 dubium
2273 2173 2583 2240 pertinere,
2633 2172 2767 2242 quia
2796 2173 3118 2243 profundus
3162 2175 3284 2225 erat
3331 2170 3695 2241 malignitate

1997 2260 2244 2320 consilii,
2278 2268 2334 2314 et
2364 2260 2745 2315 seditionibus
2775 2261 3158 2314 turbulentus.

1997 2348 2128 2402 Non
2177 2364 2260 2402 me
2307 2349 2581 2416 demergat
2639 2353 2925 2418 tempestas
2967 2364 3144 2418 aquae,
3180 2349 3356 2416 neque
3412 2346 3699 2401 absorbeat

2067 2452 2150 2490 me
2202 2437 2557 2504 profundum,
2598 2452 2768 2506 neque
2804 2442 2994 2504 urgeat
3045 2451 3207 2506 super
3262 2451 3342 2489 me
3387 2441 3583 2504 puteus
3639 2450 3697 2490 os

2069 2539 2223 2578 suum
2233 2565 2246 2577 .

2071 2615 2185 2666 Vox
2218 2613 2424 2667 Christi
2473 2614 2613 2668 inid
2661 2614 2814 2684 quod
2865 2613 3038 2667 homo
3093 2617 3197 2665 est.
3247 2613 3374 2665 Haec
3425 2611 3700 2680 passioni-

2005 2703 2107 2754 bus
2138 2707 2444 2771 tempestas
2477 2718 2592 2755 non
2632 2718 2764 2755 eum
2815 2701 2875 2754 in
2907 2700 3302 2771 profunditate
3337 2699 3524 2769 abyssi
3554 2699 3695 2752 reti-

2003 2795 2133 2843 neat
2185 2790 2502 2843 infernalis.
2553 2793 2732 2858 Neque
2779 2789 3064 2844 absorbeat
3106 2805 3188 2842 me
3224 2788 3581 2857 profundum,
3636 2786 3696 2840 in

2002 2894 2134 2948 quo,
2171 2879 2309 2932 dum
2370 2895 2473 2948 per
2527 2883 2768 2932 mortem
2838 2877 3151 2943 descendit,
3207 2892 3323 2929 non
3391 2876 3698 2929 devoretur

2003 2965 2072 3018 ab
2104 2967 2212 3032 eis;
2241 2982 2409 3035 neque
2451 2971 2640 3034 urgeat
2667 2982 2830 3035 super
2867 2981 2948 3020 me
2991 2970 3186 3034 puteus
3215 2979 3272 3019 os
3297 2980 3473 3029 suum,
3508 2963 3696 3018 aditus

2000 3054 2228 3116 inferni,
2283 3056 2398 3107 sive
2431 3055 2709 3109 diabolus.
2761 3055 2946 3125 Rogat
2998 3054 3150 3107 enim
3211 3069 3282 3106 ne
3316 3057 3610 3122 mergatur
3664 3067 3698 3105 a

2003 3142 2290 3208 ﬂuctibus,
2353 3142 2412 3195 id
2469 3147 2555 3196 est
2599 3159 2630 3194 a
2676 3143 2868 3196 saeculi
2915 3142 3077 3194 istius
3111 3145 3453 3210 tempestate
3511 3141 3696 3193 saevis-

2003 3231 2163 3295 sima,
2201 3246 2327 3300 quae
2359 3230 2416 3283 in
2452 3231 2684 3284 modum
2717 3228 2891 3283 maris
2922 3230 3144 3282 animas
3175 3228 3413 3294 sorbuit,
3463 3229 3695 3298 quando

2003 3336 2098 3373 eas
2154 3319 2290 3372 vitio
2358 3319 2656 3390 pravitatis
2700 3319 3050 3384 involverat;
3112 3317 3193 3370 ait
3245 3317 3446 3369 enim:
3505 3318 3692 3386 Neque

2003 3408 2285 3461 absorbent
2323 3422 2407 3460 me
2431 3407 2788 3476 profundum.
2841 3406 3196 3460 Profundum
3245 3405 3447 3476 utique
3495 3421 3696 3475 pecca-

2004 3501 2124 3549 tum
2169 3501 2276 3560 est,
2317 3495 2468 3566 quod
2518 3496 2826 3548 voracitate
2876 3493 3125 3562 quadam
3177 3493 3422 3562 deglutit
3472 3492 3694 3545 animas

2003 3584 2336 3654 impiorum,
2366 3588 2430 3636 ut
2485 3583 2555 3636 ad
2588 3581 3008 3653 paenitudinem
3055 3581 3240 3635 redire
3272 3587 3568 3651 nequeant
3599 3580 3703 3651 qui

2004 3674 2074 3727 de
2127 3678 2358 3726 actuum
2415 3687 2648 3726 suorum
2721 3671 3029 3741 iniquitate
3111 3670 3435 3739 desperant.
3519 3671 3702 3738 Neque

2002 3765 2196 3829 urgeat
2239 3776 2401 3829 super
2447 3776 2530 3814 me
2572 3764 2765 3829 puteus
2807 3774 2863 3814 os
2913 3774 3088 3813 suum.
3123 3759 3336 3812 Puteus
3405 3758 3560 3811 enim
3614 3761 3704 3811 est

2004 3857 2171 3904 terra
2201 3850 2369 3903 altius
2401 3853 2666 3902 excavata
2692 3847 3080 3918 profunditas;
3130 3846 3194 3900 in
3246 3862 3379 3916 quo,
3432 3863 3536 3917 per
3566 3847 3701 3900 alle-

2004 3939 2246 4008 goriam,
2283 3954 2410 3991 vere
2460 3938 2722 3992 incidunt
2769 3943 3113 4006 peccatores,
3173 3937 3403 4006 quando
3449 3952 3506 3989 se
3552 3952 3585 3989 a
3613 3935 3698 3990 vi-

2002 4026 2149 4079 tiosa
2193 4027 2487 4080 voluntate
2543 4042 2660 4079 non
2737 4025 3107 4090 abstrahunt;
3182 4029 3465 4094 urgetque
3525 4039 3702 4094 super

2006 4130 2103 4168 eos
2131 4131 2192 4168 os
2225 4130 2393 4168 suum
2422 4115 2780 4180 concludere,
2835 4129 2963 4167 cum
3015 4129 3195 4182 usque
3226 4113 3294 4166 ad
3326 4112 3524 4166 mortis
3580 4127 3698 4166 suae

2007 4208 2231 4272 tempus
2263 4203 2323 4256 in
2355 4202 2603 4273 pessima
2630 4203 2926 4256 voluntate
2964 4201 3298 4272 persistunt.

2009 4291 2241 4345 Exaudi
2266 4307 2366 4356 me,
2396 4293 2635 4360 Domine,
2666 4293 2922 4358 quoniam
2947 4291 3178 4356 benigna
3206 4294 3284 4344 est
3330 4291 3708 4343 misericordia

2081 4384 2195 4444 tua,
2249 4380 2540 4435 secundum
2587 4379 2990 4434 multitudinem
3035 4380 3441 4432 miserationum
3489 4383 3709 4432 tuarum

2079 4471 2285 4538 respice
2317 4471 2376 4522 in
2407 4484 2508 4522 me.

2080 4557 2191 4610 Vox
2241 4556 2448 4610 Christi
2503 4555 2570 4609 ad
2618 4556 2847 4609 Patrem
2912 4571 3017 4626 pro
3065 4559 3229 4625 parte
3291 4554 3497 4607 carnis.
3558 4555 3707 4620 Haec,

2011 4646 2324 4699 secundum
2355 4644 2752 4698 inﬁrmitatem
2783 4645 3096 4697 humanam
3144 4643 3419 4712 postulat,
3475 4643 3705 4698 dicens:

2010 4735 2154 4800 Quia
2185 4735 2323 4789 alios
2355 4750 2484 4788 mea
2535 4733 2799 4804 passione
2838 4731 3150 4794 redemisti,
3185 4747 3274 4784 me
3319 4730 3710 4800 praecurrente

2012 4823 2407 4878 misericordia
2455 4823 2863 4891 contemplare.
2919 4820 3062 4874 Dicit
3110 4819 3265 4872 enim
3299 4835 3312 4871 :
3345 4816 3573 4872 Emaudi
3607 4830 3706 4880 me,

2010 4915 2261 4978 Domine;
2301 4927 2645 4982 causamque
2679 4926 2859 4981 quare
2889 4908 3228 4962 exaudiatur
3260 4906 3547 4976 adjungit,
3592 4919 3708 4957 non

2012 5002 2148 5072 quia
2176 5007 2428 5054 meretur
2459 5000 2806 5062 humanitas,
2844 4998 2941 5052 sed
2975 4999 3109 5066 quia
3156 4995 3532 5050 misericordia
3593 4994 3712 5046 Do-

2010 5093 2149 5144 mini
2203 5093 2280 5143 est
2347 5088 2580 5156 benigna
2666 5101 3007 5157 semperque
3086 5085 3154 5139 ad
3234 5081 3712 5138 benefaciendum

2009 5183 2231 5249 parata,
2260 5193 2390 5231 cum
2421 5182 2613 5231 tamen
2643 5177 2737 5246 pie
2763 5175 2996 5247 petitur,
3029 5179 3086 5229 et
3115 5174 3169 5228 ei
3232 5171 3535 5244 purissime
3584 5185 3708 5239 sup-

2011 5267 2385 5339 plicatur.Et,
2447 5270 2513 5320 ut
2601 5265 2782 5336 ipsam
2844 5263 3261 5334 benignitatem
3325 5261 3455 5331 pius
3518 5259 3717 5312 doctor

2012 5359 2342 5424 exponeret,
2387 5353 2643 5424 adjecit:
2686 5353 2989 5408 Secundum
3035 5350 3440 5405 multitudinem
3486 5349 3716 5401 misera-

2013 5445 2219 5498 tionum
2247 5445 2474 5497 tuarum
2501 5445 2707 5511 respice
2734 5445 2793 5495 in
2837 5457 2939 5495 me.
2974 5439 3060 5494 Ad
3089 5441 3272 5509 ipsam
3306 5452 3533 5507 semper
3580 5435 3716 5489 red-

2013 5533 2097 5586 dit
2116 5532 2239 5600 (sic)
2273 5546 2446 5601 quam
2469 5530 2752 5585 debilibus
2769 5529 2843 5584 sit
2862 5533 3125 5600 patrona,
3154 5527 3246 5582 cui
3265 5526 3460 5581 omnia
3483 5528 3717 5595 peccata

2013 5622 2245 5688 cedunt,
2279 5620 2540 5690 quamvis
2567 5619 3040 5675 numerosissima
3065 5616 3531 5688 comprobantur.
