4040 6318
1273 446 1948 540 TRADITIO
2035 447 2860 540 CATHOLICA.

1387 608 1855 671 SECULUM
1899 608 2042 669 III.
2093 608 2337 670 ANNI
2387 609 2759 672 1205-1270.

1701 823 2446 947 ELENCHUS

627 1048 1136 1122 AUCTORUM
1190 1049 1301 1120 ET
1345 1046 1730 1121 OPERUM
1779 1048 1930 1132 QUI
1981 1049 2068 1120 IN
2123 1049 2302 1122 HOC
2346 1050 2601 1122 TOMO
2643 1050 2826 1122 CXL
2867 1047 3524 1123 CONTINENTUB

1808 1213 2330 1250 _+_

925 1365 1176 1406 NICETAS
1215 1365 1524 1407 CHONIATA

933 1434 1144 1482 (οηισκ
1171 1434 1507 1483 oonrnwsno)

423 1499 616 1539 NICETE
659 1498 916 1541 CHONIATJ
951 1505 1015 1540 ΒΧ
1057 1507 1210 1542 1118318
1251 1503 1494 1542 TRISAURI
1535 1508 1834 1543 οιτιιουοχι
1876 1509 2018 1543 FIDE.

481 1567 548 1606 Ex
575 1566 692 1607 libro
720 1567 798 1606 VI.
828 1567 895 1608 De
924 1567 1193 1610 Macedonio.
1993 1573 2021 1611 9

481 1621 550 1660 Ex
575 1620 694 1660 libro
723 1621 850 1662 VIII.
879 1621 946 1662 De
975 1621 1184 1662 Nestorio.
1966 1625 2021 1665 33

480 1674 550 1713 Ex
576 1674 694 1714 libro
722 1674 807 1715 IX.
835 1674 902 1715 De
930 1675 1168 1724 Eutychus.
1966 1678 2021 1718 37

481 1727 550 1766 Ex
573 1728 692 1768 libro
722 1728 781 1769 X.
808 1728 875 1768 De
901 1729 1053 1777 quinta
1079 1729 1252 1778 synodo.
1283 1731 1352 1771 57.
1966 1732 2020 1772 57

480 1781 550 1820 Ex
576 1782 693 1822 libro
721 1782 829 1822 XII.
859 1782 926 1822 De
955 1783 1402 1832 Aphtartodocetarum
1428 1784 1598 1825 haresi.
1967 1785 2020 1824 75

481 1834 550 1874 Ex
576 1835 694 1876 libro
723 1836 822 1876 XV.
853 1836 920 1876 De
947 1839 1066 1877 seua
1092 1838 1264 1886 synodo.

481 1887 552 1928 Ex
577 1888 694 1929 libro
722 1889 870 1930 XVII.
896 1890 962 1930 De
985 1890 1220 1931 haresibus
1243 1891 1559 1931 Armeniorum.
1965 1891 2022 1931 89

481 1942 551 1982 Ex
577 1942 695 1983 libro
722 1943 828 1983 XX.
857 1943 923 1984 De
947 1943 1249 1993 superstitione
1273 1945 1580 1993 Agarenorum.
1940 1946 2021 1986 105

479 2009 546 2048 De
579 2009 814 2058 receptione
848 2020 994 2051 eorum
1027 2011 1104 2061 qui
1138 2011 1192 2052 ab
1229 2011 1441 2060 Agarenis
1474 2012 1532 2052 ad
1565 2015 1720 2053 rectam
1756 2012 1884 2057 ﬁdem

423 2062 638 2103 accedunt.
1941 2066 2022 2107 123

480 2128 687 2170 For-mula
710 2129 843 2170 altera
868 2129 917 2170 in
942 2130 1162 2181 Sylburgii
1185 2131 1312 2174 notis.
1940 2133 2021 2174 125

423 2196 552 2298 ﬁlix
579 2196 696 2237 libro
725 2197 906 2239 XXIII.
936 2198 1004 2238 De
1030 2199 1242 2240 erroribm
1270 2199 1497 2248 Eustratii,
1527 2200 1709 2241 Nieani
1737 2204 1882 2242 metro-
1941 2254 2021 2294 185

539 2261 588 2290 a.

483 2317 552 2356 Ex
583 2317 700 2357 libro
734 2317 905 2358 XXIV.
942 2318 1142 2367 Synodus
1175 2319 1343 2360 Graea
1376 2319 1582 2360 Ecclesia
1613 2320 1664 2360 de
1695 2321 1885 2369 dogmate

427 2369 542 2410 circa
554 2370 632 2410 illa
643 2371 764 2410 verba
774 2382 792 2418 ,·
806 2385 822 2407 ι
839 2372 908 2411 Τιι
919 2382 964 2412 es
975 2373 1052 2421 qui
1062 2373 1194 2419 ollers
1205 2377 1243 2413 et
1254 2373 1331 2422 qui
1341 2374 1534 2419 ollereris
1545 2377 1582 2414 et
1593 2374 1670 2424 qui
1679 2374 1851 2424 recipis,
1866 2389 1883 2408 ι

425 2424 537 2472 quod
554 2424 803 2465 oentilatum
820 2425 907 2471 luit
923 2426 1002 2466 sub
1023 2426 1229 2468 Manuale
1249 2427 1463 2466 Comneno
1481 2427 1587 2477 imp.
1606 2431 1752 2468 contra
1769 2428 1884 2469 Sate-

423 2477 592 2517 richum
607 2478 918 2518 Antiochenam
930 2477 1117 2521 electum.
1134 2480 1276 2520 Prait
1289 2480 1496 2521 Soterichi
1506 2482 1558 2521 de
1569 2491 1652 2522 sua
1665 2481 1778 2528 [also
1790 2482 1883 2522 doc-

423 2531 542 2570 trina
557 2530 753 2580 dialows
767 2543 864 2572 cum
882 2533 1078 2574 Philone.
1941 2535 2024 2575 137

484 2597 555 2637 Ex
586 2598 704 2638 libro
737 2599 884 2640 XXV.
921 2599 1122 2648 Synodus
1154 2599 1299 2641 habita
1332 2603 1503 2650 propter
1534 2600 1644 2641 illud
1675 2602 1837 2642 dictum
1866 2612 1884 2648 ;

426 2665 444 2686 ι
471 2651 601 2691 Pater
625 2662 746 2693 meus
770 2653 910 2702 major
933 2664 1000 2694 me
1023 2656 1098 2694 est.
1126 2668 1143 2688 ι
1168 2654 1459 2695 Ργωηιὶαἱεω
1482 2655 1674 2696 Editoris
1700 2654 1887 2696 Romani

427 2704 663 2746 Monitum.
1940 2710 2023 2750 201

485 2773 554 2812 Ex
566 2772 684 2812 libro
696 2774 885 2815 incerto.
902 2773 967 2814 De
982 2774 1276 2815 IAzicinorum
1290 2775 1460 2816 haresi.
1941 2777 2024 2817 281

485 2839 689 2880 Recensio
732 2840 893 2881 codicis
940 2841 1129 2882 Maliaci
1175 2842 1352 2891 XXIV,
1403 2843 1673 2884 Thesauﬂml
1719 2843 1887 2885 Nicda

426 2893 683 2934 continentis
705 2893 755 2933 in
777 2893 909 2935 libros
931 2895 977 2934 Χ
980 2894 1026 2935 Χ
1031 2894 1095 2935 VI
1100 2895 1125 2934 I
1147 2895 1368 2944 diaetam.
1942 2898 2027 2938 288

721 3015 1041 3056 CPOLITANI
1080 3016 1163 3056 AD
1203 3016 1627 3059 INNOCENTIUM
1665 3017 1738 3058 III

485 3109 740 3150 Gracorum
767 3110 826 3150 ad
856 3109 1172 3151 Innocentium
1201 3110 1289 3158 III,
1322 3111 1587 3152 Pontiﬁcem
1617 3111 1886 3161 Romnum,

429 3161 646 3211 Epistola,
673 3163 844 3213 scripta
872 3167 976 3212 post
1004 3166 1188 3213 captam
1216 3175 1244 3204 a
1275 3165 1447 3206 Latinis
1475 3165 1646 3216 Cpolln,
1672 3169 1888 3216 regnante

429 3215 624 3257 Henrico
647 3217 852 3273 (ερῐμριν,
875 3217 962 3258 sire
985 3217 1151 3268 Henry)
1175 3219 1458 3267 imperatore.
1519 3215 1524 3216 ⁷
1732 3215 1740 3216 ί
1943 3221 2028 3261 298

433 3332 706 3376 MICHAEL
751 3336 1158 3400 .ACOMIINATUS
1229 3339 1551 3386 CHONIATA,
1623 3340 2029 3382 ATHENIENSIB

679 3403 1207 3452 ABCHIEPISCOPUS,
1247 3406 1483 3447 NICETE
1523 3407 1767 3449 FBATEB

487 3495 719 3551 Michaelis
737 3496 984 3551 Δροπιὶπῶ
999 3497 1101 3544 cita,
1119 3508 1186 3538 res
1202 3502 1345 3548 gesta,
1365 3499 1540 3549 scripta,
1557 3511 1610 3540 ex
1625 3501 1682 3542 D.
1702 3501 1886 3551 Adelph.

431 3549 614 3598 Bllisen,
646 3564 662 3585 ι
694 3550 884 3591 Michael
913 3550 1194 3592 Akominatos
1220 3563 1301 3592 oon
1331 3553 1507 3600 Chona.
1539 3554 1784 3602 Erebisch
1808 3549 1890 3596 oon

433 3603 588 3644 Athon.
619 3618 636 3638 ι
661 3624 719 3633 -
747 3605 790 3658 11
823 3605 956 3644 Varia
985 3606 1250 3646 Athenarum
1277 3607 1416 3647 medio
1448 3617 1536 3646 avo
1561 3609 1732 3653 fortuna
1758 3619 1891 3658 usque

429 3658 488 3698 ad
506 3657 637 3703 ﬁnem
655 3656 810 3698 saculi
829 3658 944 3698 III.
965 3679 1022 3686 —
1039 3661 1079 3700 2.
1101 3659 1334 3700 Michael“
1349 3661 1522 3710 dum
1537 3661 1687 3706 ιτατ-εε
1702 3656 1892 3710 puerilia

431 3710 595 3751 Chonis
606 3713 644 3750 α
660 3711 787 3760 Cpoli
799 3714 906 3752 acta.
924 3732 979 3740 —
993 3713 1032 3752 3.
1051 3712 1242 3753 Michael
1254 3713 1520 3754 Athenarum
1530 3715 1889 3763 archiepiscopus,

435 3764 622 3804 Gracia
643 3764 911 3805 miserrimus
931 3768 1080 3806 datus.
1102 3787 1159 3795 —
1180 3769 1221 3806 4.
1245 3766 1438 3808 Michael
1455 3778 1553 3808 cum
1574 3769 1711 3809 Leone
1732 3764 1891 3818 Sgisrro

430 3822 640 3872 certamen
663 3818 761 3866 init,
785 3819 914 3872 fratre
937 3819 1082 3868 ipsusi
1105 3820 1260 3860 Nicda
1280 3823 1493 3868 uiuente,
1518 3822 1614 3864 305.
1637 3843 1696 3852 —
1719 3825 1759 3863 6.
1785 3823 1891 3872 Qua

432 3871 614 3912 Athenis
637 3875 731 3920 post
757 3871 990 3912 Michaelis
1013 3875 1202 3922 tempora
1225 3873 1481 3915 acciderunt.
1509 3896 1565 3904 —
1591 3877 1631 3916 5.
1661 3871 1892 3916 Michaelis

430 3928 620 3966 senectus
645 3928 685 3965 et
711 3925 862 3966 obitus.
890 3947 949 3954 —
978 3927 1016 3967 7.
1047 3927 1316 3976 Scriptorum
1344 3927 1576 3970 Michaelis
1598 3928 1815 3978 catalogus
1841 3930 1892 3970 is

430 3978 678 4020 bibliotheca
716 3979 966 4019 Florentino
1001 3981 1235 4022 secundum
1272 3982 1557 4030 Bandiniurn,
1603 3983 1894 4024 Pramiuitur

432 4032 654 4081 Anonymi
681 4033 739 4072 ad
766 4033 912 4074 eadem
941 4034 1102 4083 scripta
1140 4035 1353 4080 Pralaiio
1946 4037 2032 4077 299

485 4098 748 4140 MIOBARLIB
767 4100 1035 4141 ΔΟΟΙΙΠΔΤῙ
1054 4101 1265 4143 δοκιηι.

489 4166 652 4206 Oratio
667 4165 830 4206 habita
844 4167 893 4206 in
909 4167 984 4208 die
999 4168 1119 4208 testo
1135 4168 1407 4212 Paimarum.
1949 4173 2032 4212 323

488 4219 700 4320 ﬁgimus
741 4220 800 4259 ad
847 4221 1139 4263 Eustathium
1182 4223 1616 4266 Thessalonicensem
1657 4225 1893 4276 archiepis-
1950 4278 2032 4320 82°

431 4282 608 4323 copum.

487 4336 699 4381 Honodia
753 4341 802 4381 in
828 4341 1037 4383 eumdem
1065 4343 1344 4385 defunctum.
1949 4346 2030 4386 337

487 4405 700 4449 Monodia
724 4409 772 4448 in
798 4407 957 4450 funere
981 4409 1140 4451 fratris
1165 4409 1337 4452 habita.
1949 4414 2030 4455 851

490 4475 874 4524 Hypomnesticon
905 4477 964 4517 ad
995 4477 1102 4526 imp.
1136 4477 1341 4518 Aiexium
1374 4478 1661 4520 Comnenum.
1692 4479 1758 4521 De
1792 4480 1885 4522 ﬁsci

429 4528 753 4571 exactionibus.
1950 4535 2031 4575 377

488 4595 635 4636 Iambi
659 4596 716 4637 de
740 4596 932 4646 pristim
956 4597 1082 4639 urbis
1105 4597 1386 4639 Athenarum
1411 4599 1647 4648 dignitate.
1949 4603 2032 4642 383

490 4664 754 4705 Arrunmx.
799 4663 1025 4705 Laudatio
1067 4665 1141 4706 SS.
1185 4665 1553 4716 archangelorum
1595 4666 1823 4710 Michaelis
1843 4670 1892 4709 et

433 4717 668 4758 Gabrielis.
1921 4724 2029 4763 1221

730 4851 1100 4895 THEODUBUS
1139 4853 1382 4895 ALANIE
1422 4854 1739 4897 EPISCOPUS

489 4945 714 4993 Alanicus,
735 4947 830 4987 sive
853 4946 910 4987 de
929 4948 1094 4988 itinere
1111 4957 1197 4989 suo
1220 4958 1299 4998 per
1317 4948 1541 4991 Alaniam.
1950 4953 2032 4993 355

496 5012 711 5061 Ejusdem
728 5024 784 5053 ex
799 5014 977 5055 inedlto
991 5015 1209 5064 opusculo
1224 5015 1282 5055 ad
1299 5015 1489 5057 iratrem
1505 5019 1619 5057 natu
1635 5018 1866 5060 minorem.
1951 5019 2034 5060 413

665 5147 1039 5189 THEODOBUS
1079 5149 1445 5192 ANDIDENSIS
1485 5151 1802 5194 EPIBCOPUS

491 5239 558 5280 De
581 5239 744 5280 divina
770 5240 981 5290 Liturgia
1003 5243 1220 5293 symbolis
1245 5254 1299 5284 ac
1323 5245 1564 5294 mysteriis.
1951 5249 2033 5289 417

552 5357 805 5401 MANUEL
875 5360 1121 5405 MAGNUS
1195 5362 1481 5406 RHECTOB
1551 5366 1921 5409 CPOLI'I‘ANUS

490 5438 559 5480 De
581 5441 859 5495 processione
882 5441 1078 5490 Spiritus
1100 5442 1268 5484 Sancti.
1292 5444 1555 5495 Disputatio
1575 5456 1678 5488 cum
1699 5447 1841 5489 irai-re

434 5491 686 5541 Francisco,
707 5494 878 5536 ordinis
899 5495 1111 5537 Fratrum
1133 5491 1495 5540 Prndicatorum.
1952 5503 2033 5543 467

856 5615 1173 5659 PANTALEO
1213 5617 1514 5662 DIACONUS
1552 5620 1624 5661 GP

489 5706 660 5748 Contra
681 5719 855 5751 errores
881 5711 1151 5755 Gracorum.
1951 5717 2034 5757 483

489 5773 703 5816 Narratio
735 5777 1051 5819 miraculorum
1085 5777 1313 5821 lichaells
1342 5781 1610 5830 archangeli.
1951 5783 2035 5824 573

2246 1365 2500 1408 MANUEL
2559 1365 3020 1409 CHARITOPULUS
3080 1365 3164 1408 GP.
3225 1366 3614 1408 ΡΔΤΒΙΔΒΟΗΑ

2185 1446 2439 1488 Solutiones
2463 1447 2762 1496 quarumdam
2789 1447 3064 1496 quationum
3089 1446 3146 1487 de
3170 1446 3271 1494 iure
3294 1448 3562 1496 patronatus

2125 1502 2176 1540 et
2195 1501 2252 1540 de
2270 1501 2568 1541 translatione
2588 1499 2911 1550 episcoporum.
3644 1501 3724 1540 591

2289 1619 2618 1662 GERMANUS
2657 1620 2720 1669 II,
2759 1620 3128 1662 CPOLITANUS
3167 1620 3554 1663 PATBIARCHA

2194 1701 2361 1742 Notitia
2387 1699 2557 1750 duplex.
2588 1701 2627 1742 1.
2654 1701 2726 1742 Ex
2751 1701 2922 1742 Oriente
2948 1701 3206 1743 Christiano.
3235 1703 3275 1742 2.
3301 1702 3374 1742 Et:
3399 1701 3560 1742 Biblio-

2132 1755 2251 1796 theca
2297 1754 2504 1795 Fabricii.
3645 1755 3728 1796 598

2188 1821 2403 1873 Epistolas
2426 1821 2486 1862 ad
2511 1821 2774 1871 Gregorium
2799 1821 2871 1862 IX
2893 1831 3059 1872 papam
3082 1824 3130 1864 et
3153 1823 3212 1862 ad
3237 1821 3484 1863 cardinales
3504 1821 3562 1863 de

2127 1877 2294 1917 unione
2317 1875 2631 1922 Ecclesiarum,
2656 1885 2758 1916 cum
2781 1875 2982 1924 Gregorii
2997 1885 3211 1925 responso
3231 1876 3417 1926 duplici;
3441 1875 3560 1917 Deil-

2128 1931 2244 1971 nitlo
2272 1929 2659 1979 apocrisiariorum
2690 1928 2923 1972 Pontiﬁcis
2951 1930 3073 1979 quod
3102 1930 3296 1979 Spiritus
3321 1931 3506 1971 sanctus
3532 1939 3560 1969 a

2129 1984 2266 2025 Patre
2281 1983 2484 2032 Filioque
2499 1983 2714 2032 procedat
2727 1983 2976 2032 aqualiter,
2989 1993 3092 2023 cum
3108 1982 3317 2024 Germani
3327 1993 3560 2033 responso;

2126 2038 2239 2079 item
2253 2038 2371 2078 Acta
2385 2037 2559 2078 concilii
2572 2037 2830 2086 Nymphaeo
2843 2037 2890 2078 in
2905 2037 3120 2087 Bithynia
3133 2047 3215 2087 pro
3227 2037 3390 2078 unione
3402 2036 3562 2078 habiti.
3647 2036 3729 2076 501

2186 2104 2394 2154 Epistola
2422 2105 2568 2154 prima
2594 2104 2654 2144 ad
2682 2103 2882 2154 Cyprios.
3647 2104 3728 2144 501

2187 2171 2395 2222 Epistola
2424 2171 2472 2211 II
2499 2171 2560 2212 ad
2587 2171 2780 2212 eosdem.
3647 2171 3730 2211 513

2188 2238 2411 2279 Homlllm.
3647 2238 3728 2279 621

2186 2305 2384 2346 Decreta
2409 2305 2659 2354 synodalia.
3647 2304 3730 2345 757

2320 2423 2591 2466 MICHAEL
2630 2424 2932 2473 CHUMNUS,
2972 2423 3550 2466 THESSALONICENBIS

2722 2490 3148 2534 METROPOLITA

2191 2587 2259 2628 De
2293 2587 2508 2636 gradibus
2539 2587 2870 2636 cognationum.
3648 2587 3732 2628 759

2479 2707 2846 2748 THEODOBUS
2885 2706 3076 2748 DUCAS
3116 2707 3397 2749 LASCARIS

2198 2787 2365 2828 Notitia
2389 2798 2440 2827 ea:
2463 2787 2620 2827 Leonis
2645 2787 2800 2828 Allalii
2821 2787 3022 2828 Diatriba
3044 2787 3109 2828 De
3135 2787 3376 2828 Theodoris.

2196 2855 2449 2896 TIIIODOBI
2475 2855 2685 2896 SCRIPTA.

2139 2923 2284 3018 ubist
2295 2922 2552 2963 nominibus
2583 2922 2762 2963 divinis.
2799 2921 3108 2964 Pramittibur
3141 2919 3339 2962 Editorh
3373 2921 3565 2962 Romani
3650 2975 3730 3015 761

2188 2987 2216 3017 ο
2285 2986 2379 3017 um.

2188 2986 2262 3017 om
2267 2986 2379 3017 tum.

2195 3043 2349 3084 Canon
2360 3042 2710 3091 exhortatorius,
2724 3043 2783 3084 ad
2796 3043 2869 3084 88.
2884 3043 3139 3092 Deiparam.
3650 3043 3730 3082 771

2197 3110 2264 3152 De
2307 3111 2710 3151 communicatione
2751 3109 2950 3152 naturali
2987 3110 3091 3151 libri
3129 3120 3208 3151 sex
3253 3120 3263 3150 :
3309 3109 3468 3151 Latine
3507 3119 3565 3151 ex

2137 3164 2338 3205 editione
2356 3164 2613 3212 Basileensl,
2631 3165 2780 3206 Graec
2795 3175 2851 3205 ex
2867 3164 2965 3205 cod.
2983 3174 3087 3206 mss.
3105 3164 3182 3205 Gr.
3197 3163 3338 3205 Paris.
3623 3163 3734 3204 1259

2581 3283 2750 3324 METH
2755 3283 2935 3325 ODIUS
2972 3281 3222 3326 MONACH
3228 3282 3298 3324 σε

2143 3363 2285 3459 “ait
2294 3363 2536 3405 schismate
2571 3364 2775 3405 vitando.
2811 3363 3110 3405 Pramittitur
3144 3363 3342 3404 Editoris
3375 3363 3567 3404 Romani
3651 3417 3734 3456 779

2291 3427 2381 3459 nm.

2331 3537 2716 3579 NICEPHORUS
2756 3536 3123 3580 CPOLITANUS
3161 3537 3548 3578 ΡΔΤΕῙΔΒΟΗΔ

2199 3618 2368 3658 Contra
2384 3627 2459 3658 eos
2477 3618 2555 3667 qui
2569 3618 2726 3658 dicunt
2745 3619 2946 3659 mortuos
2961 3627 3089 3658 sacro
3101 3617 3201 3659 oleo
3215 3617 3444 3668 ungendos
3458 3627 3565 3658 esse.
3649 3617 3734 3656 805

2510 3737 2960 3782 CONSTANTINUB
2995 3736 3372 3781 ACBOPOLI'I'A

2202 3827 2356 3868 Sermo
2382 3827 2430 3868 in
2459 3827 2500 3867 8.
2531 3826 2755 3868 Joannem
2782 3828 3123 3869 Damascenum.
3651 3827 3733 3867 811

2197 3893 2352 3935 Sermo
2379 3895 2426 3934 in
2450 3898 2660 3935 sanctam
2687 3894 2995 3936 Theodosium.
3651 3894 3735 3935 887

2377 4015 2674 4056 ARSENIUS
2711 4015 3100 4057 AUTORIANUS
3137 4014 3505 4056 CPOLITANUB

2748 4081 3136 4124 PATRIABCHA

2201 4176 2564 4218 Anacreonticon
2588 4176 2634 4217 in
2661 4178 2929 4218 Dominican
2956 4176 3328 4220 Resurrectionis.
3655 4174 3738 4216 935

2197 4242 2484 4292 Privileglnm
2511 4253 2594 4294 pro
2621 4245 2892 4286 monasterio
2919 4245 2992 4286 SS.
3021 4245 3223 4294 Deipara
3248 4242 3569 4285 Macrinitissa.
3654 4243 3738 4284 939

2200 4309 2556 4351 Testamentum.
3651 4309 3733 4350 941

2583 4433 2886 4475 GEORGIUS
2926 4431 3299 4473 ACBOPOLI’I‘A

2201 4515 2411 4562 Annales,
2439 4526 2466 4554 α
2493 4515 2630 4564 capta
2655 4523 2775 4554 anno
2803 4514 2911 4554 1204
2939 4523 2967 4552 a
2995 4511 3168 4553 Latinis
3193 4511 3319 4562 Cpoll
3342 4521 3486 4560 usque
3509 4510 3568 4551 ad

2143 4569 2350 4610 eamdem
2378 4579 2498 4609 anno
2530 4563 2637 4608 1251
2669 4578 2697 4608 a
2728 4564 2944 4608 mchaele
2973 4565 3220 4616 Palaologo
3245 4567 3569 4614 recuperatam.
3653 4563 3739 4603 969

2218 4687 2602 4729 NICEPIIOBUS
2641 4685 2943 4734 CHUMNUB,
2983 4684 3276 4727 CANICLEO
3313 4682 3672 4726 PREFECTUB

2197 4783 2304 4823 Post
2374 4784 2658 4831 assumptum
2727 4779 3060 4874 moﬁtlczrgs
3099 4778 3323 4826 habitum,
3391 4777 3686 4819 Namnam.

2206 4915 2376 4956 Ndilia
2404 4926 2456 4956 cz
2486 4914 2745 4956 Bibliotheca
2773 4913 2969 4955 Fabricii
2994 4913 3059 4955 ed.
3090 4912 3260 4954 Hui“.
3629 4911 3740 4952 1897

2197 4981 2507 5023 Antitheticus
2541 4982 2760 5022 adversus
2795 4981 3024 5022 Plotinum
3061 4979 3129 5020 De
3165 4981 3314 5020 anima
3349 4988 3407 5019 ex
3443 4977 3571 5018 Fred.

2141 5036 2347 5078 Creuxeri
2366 5035 2564 5078 editione
2586 5038 2688 5086 post
2711 5035 2940 5076 Plotinum
2963 5035 3030 5075 De
3053 5033 3397 5084 pulchritudine.
3632 5031 3742 5072 1399

2199 5102 2354 5144 Sermo
2383 5103 2712 5143 consolatorins
2739 5102 2797 5142 ad
2833 5102 2971 5143 illlam
2999 5111 3129 5142 suam
3159 5099 3487 5150 imperatricem
3516 5097 3576 5138 ob

2142 5157 2386 5198 viduitatis
2417 5156 2517 5206 eius
2552 5166 2787 5198 mmrorem
2823 5165 2925 5196 cum
2959 5155 3181 5196 decimum
3211 5155 3394 5195 sextum
3427 5151 3576 5193 atatis

2146 5220 2317 5251 annum
2355 5205 2524 5260 ageret.
3630 5205 3742 5245 1437

2203 5276 2269 5318 De
2297 5277 2516 5318 miraculo
2542 5277 2589 5318 in
2618 5277 2740 5318 Cana
2768 5276 2905 5316 iacto.
3632 5272 3740 5312 1451

2200 5343 2267 5385 De
2295 5344 2518 5394 petitione
2547 5343 2695 5385 Elisai
2721 5343 2780 5384 ad
2811 5342 2970 5384 Ellam.
3633 5339 3742 5380 1455

2199 5411 2557 5452 Testamentum.
3632 5406 3742 5446 1455

2202 5477 2268 5518 De
2293 5476 2414 5518 testo
2442 5477 2738 5519 Dormltionis
2764 5477 2806 5518 S.
2834 5476 3000 5518 Maria.
3635 5473 3744 5514 1498

2526 5543 2709 5594 (Omnia
2737 5555 2788 5584 ea:
2815 5543 3156 5593 interpretatione
3183 5542 3368 5589 nostra.)

2611 5649 2990 5691 ALEXANDEB
3027 5648 3181 5690 ΡΔΡΔ
3218 5648 3284 5688 IV

2201 5730 2479 5771 Constitutlo
2497 5729 2674 5781 Cypria,
2693 5741 2784 5780 qua
2799 5729 3106 5772 ecclesiastica
3122 5728 3378 5770 hierarchia
3394 5727 3580 5768 historia

2145 5785 2294 5825 medio
2311 5794 2408 5825 avo
2425 5785 2473 5825 in
2491 5779 2689 5826 Orientis
2704 5779 2911 5835 partibus
2926 5783 3174 5826 obtinentia
3192 5785 3302 5824 mire
3311 5781 3579 5823 illustratur.
3634 5779 3744 5820 1641
