  <div class='ocr_page' id='page_1' title='image "/cluster/home/n/w/nwhite01/storage/ocr_20150623/140/pst.000005714568/013.png"; bbox 0 0 4040 6318; ppageno 0'>
   <div class='ocr_carea' id='block_1_1' title="bbox 613 314 679 376">
    <p class='ocr_par' dir='ltr' id='par_1_1' title="bbox 613 314 679 376">
     <span class='ocr_line' id='line_1_1' title="bbox 613 314 679 376; baseline 0.061 -4"><span class='ocrx_word' id='word_1_1' title='bbox 613 314 679 376; x_wconf 76' lang='lat' dir='ltr'><strong>ll</strong></span> 
     </span>
    </p>
   </div>
   <div class='ocr_carea' id='block_1_2' title="bbox 1954 303 2644 370">
    <p class='ocr_par' dir='ltr' id='par_1_2' title="bbox 1954 303 2644 370">
     <span class='ocr_line' id='line_1_2' title="bbox 1954 303 2644 370; baseline 0.006 -4"><span class='ocrx_word' id='word_1_2' title='bbox 1954 303 2230 366; x_wconf 70' lang='lat' dir='ltr'><strong>NICETIE</strong></span> <span class='ocrx_word' id='word_1_3' title='bbox 2269 305 2644 370; x_wconf 73' lang='lat' dir='ltr'><strong>CHONIATE</strong></span> 
     </span>
    </p>
   </div>
   <div class='ocr_carea' id='block_1_3' title="bbox 3913 326 3983 382">
    <p class='ocr_par' dir='ltr' id='par_1_3' title="bbox 3913 326 3983 382">
     <span class='ocr_line' id='line_1_3' title="bbox 3913 326 3983 382; baseline 0.043 -3"><span class='ocrx_word' id='word_1_4' title='bbox 3913 326 3983 382; x_wconf 80' lang='grc'><strong>12</strong></span> 
     </span>
    </p>
   </div>
   <div class='ocr_carea' id='block_1_4' title="bbox 610 434 2256 513">
    <p class='ocr_par' dir='ltr' id='par_1_4' title="bbox 610 434 2256 513">
     <span class='ocr_line' id='line_1_4' title="bbox 610 434 2256 513; baseline -0.005 -13"><span class='ocrx_word' id='word_1_5' title='bbox 610 454 787 501; x_wconf 84' lang='lat' dir='ltr'><strong>sacro</strong></span> <span class='ocrx_word' id='word_1_6' title='bbox 812 437 999 498; x_wconf 77' lang='lat' dir='ltr'><strong>calice</strong></span> <span class='ocrx_word' id='word_1_7' title='bbox 1043 435 1445 513; x_wconf 88' lang='lat' dir='ltr'><strong>inquisierunt</strong></span> <span class='ocrx_word' id='word_1_8' title='bbox 1472 437 1528 494; x_wconf 87' lang='lat' dir='ltr'><strong>et</strong></span> <span class='ocrx_word' id='word_1_9' title='bbox 1581 436 1655 493; x_wconf 91' lang='lat' dir='ltr'><strong>de</strong></span> <span class='ocrx_word' id='word_1_10' title='bbox 1687 434 2047 510; x_wconf 84' lang='lat' dir='ltr'><strong>episcopalis</strong></span> <span class='ocrx_word' id='word_1_11' title='bbox 2104 434 2256 492; x_wconf 84' lang='lat' dir='ltr'><strong>sedis</strong></span> 
     </span>
    </p>
   </div>
   <div class='ocr_carea' id='block_1_5' title="bbox 2368 434 3983 513">
    <p class='ocr_par' dir='ltr' id='par_1_5' title="bbox 2373 435 3983 512">
     <span class='ocr_line' id='line_1_5' title="bbox 2373 435 3983 512; baseline 0.009 -24"><span class='ocrx_word' id='word_1_12' title='bbox 2373 455 2481 508; x_wconf 84' lang='grc' dir='ltr'>νος,</span> <span class='ocrx_word' id='word_1_13' title='bbox 2508 435 2833 501; x_wconf 84' lang='grc' dir='ltr'>Μακεδόνιος</span> <span class='ocrx_word' id='word_1_14' title='bbox 2879 438 3270 512; x_wconf 65' lang='grc' dir='ltr'>Μοψουεστίας,</span> <span class='ocrx_word' id='word_1_15' title='bbox 3303 441 3357 493; x_wconf 84' lang='grc' dir='ltr'><strong>οἵ</strong></span> <span class='ocrx_word' id='word_1_16' title='bbox 3402 446 3491 496; x_wconf 82' lang='grc' dir='ltr'>καὶ</span> <span class='ocrx_word' id='word_1_17' title='bbox 3538 444 3861 511; x_wconf 73' lang='grc' dir='ltr'><strong>ζητήσαντες</strong></span> <span class='ocrx_word' id='word_1_18' title='bbox 3914 451 3983 502; x_wconf 83' lang='grc' dir='ltr'><strong>τὰ</strong></span> 
     </span>
    </p>
   </div>
   <div class='ocr_carea' id='block_1_6' title="bbox 609 525 2265 601">
    <p class='ocr_par' dir='ltr' id='par_1_6' title="bbox 609 525 2265 601">
     <span class='ocr_line' id='line_1_6' title="bbox 609 525 2265 601; baseline -0.005 -10"><span class='ocrx_word' id='word_1_19' title='bbox 609 528 942 600; x_wconf 80' lang='lat' dir='ltr'><strong>eversione,</strong></span> <span class='ocrx_word' id='word_1_20' title='bbox 971 544 1113 587; x_wconf 85' lang='lat' dir='ltr'><strong>vera</strong></span> <span class='ocrx_word' id='word_1_21' title='bbox 1139 526 1385 601; x_wconf 86' lang='lat' dir='ltr'><strong>quidem</strong></span> <span class='ocrx_word' id='word_1_22' title='bbox 1414 525 1945 600; x_wconf 87' lang='lat' dir='ltr'><strong>pratermiscrunt,</strong></span> <span class='ocrx_word' id='word_1_23' title='bbox 1977 525 2135 584; x_wconf 86' lang='lat' dir='ltr'><strong>falsa</strong></span> <span class='ocrx_word' id='word_1_24' title='bbox 2160 540 2265 582; x_wconf 90' lang='lat' dir='ltr'><strong>au-</strong></span> 
     </span>
    </p>
   </div>
   <div class='ocr_carea' id='block_1_7' title="bbox 607 614 2262 695">
    <p class='ocr_par' dir='ltr' id='par_1_7' title="bbox 607 614 2262 695">
     <span class='ocr_line' id='line_1_7' title="bbox 607 614 2262 695; baseline -0.005 -15"><span class='ocrx_word' id='word_1_25' title='bbox 607 624 733 681; x_wconf 86' lang='lat' dir='ltr'><strong>tem</strong></span> <span class='ocrx_word' id='word_1_26' title='bbox 760 619 882 695; x_wconf 88' lang='lat' dir='ltr'><strong>ipsi</strong></span> <span class='ocrx_word' id='word_1_27' title='bbox 903 616 1216 691; x_wconf 88' lang='lat' dir='ltr'><strong>imaginati</strong></span> <span class='ocrx_word' id='word_1_28' title='bbox 1247 619 1409 687; x_wconf 87' lang='lat' dir='ltr'><strong>sunt,</strong></span> <span class='ocrx_word' id='word_1_29' title='bbox 1438 614 1991 689; x_wconf 89' lang='lat' dir='ltr'><strong>deposueruntque,</strong></span> <span class='ocrx_word' id='word_1_30' title='bbox 2023 620 2089 672; x_wconf 92' lang='lat' dir='ltr'><strong>ut</strong></span> <span class='ocrx_word' id='word_1_31' title='bbox 2135 630 2262 671; x_wconf 90' lang='lat' dir='ltr'><strong>cre-</strong></span> 
     </span>
    </p>
   </div>
   <div class='ocr_carea' id='block_1_8' title="bbox 609 704 2261 778">
    <p class='ocr_par' dir='ltr' id='par_1_8' title="bbox 609 704 2261 778">
     <span class='ocr_line' id='line_1_8' title="bbox 609 704 2261 778; baseline -0.005 -9"><span class='ocrx_word' id='word_1_32' title='bbox 609 710 857 774; x_wconf 83' lang='lat' dir='ltr'><strong>debant.</strong></span> <span class='ocrx_word' id='word_1_33' title='bbox 889 706 1307 771; x_wconf 79' lang='lat' dir='ltr'><strong>Athanasium.</strong></span> <span class='ocrx_word' id='word_1_34' title='bbox 1342 705 1474 777; x_wconf 86' lang='lat' dir='ltr'><strong>ejus</strong></span> <span class='ocrx_word' id='word_1_35' title='bbox 1522 704 1659 762; x_wconf 91' lang='lat' dir='ltr'><strong>loco</strong></span> <span class='ocrx_word' id='word_1_36' title='bbox 1695 704 1897 778; x_wconf 90' lang='lat' dir='ltr'><strong>ipsum</strong></span> <span class='ocrx_word' id='word_1_37' title='bbox 1942 705 2261 762; x_wconf 88' lang='lat' dir='ltr'><strong>Arsenium</strong></span> 
     </span>
    </p>
   </div>
   <div class='ocr_carea' id='block_1_9' title="bbox 609 793 2263 875">
    <p class='ocr_par' dir='ltr' id='par_1_9' title="bbox 609 793 2263 875">
     <span class='ocr_line' id='line_1_9' title="bbox 609 793 2263 875; baseline -0.005 -16"><span class='ocrx_word' id='word_1_38' title='bbox 609 800 994 875; x_wconf 89' lang='lat' dir='ltr'><strong>accipientes.</strong></span> <span class='ocrx_word' id='word_1_39' title='bbox 1026 797 1202 870; x_wconf 84' lang='lat' dir='ltr'><strong>cujus</strong></span> <span class='ocrx_word' id='word_1_40' title='bbox 1227 811 1485 853; x_wconf 90' lang='lat' dir='ltr'><strong>manum</strong></span> <span class='ocrx_word' id='word_1_41' title='bbox 1522 799 1902 875; x_wconf 76' lang='lat' dir='ltr'><strong>amputatum</strong></span> <span class='ocrx_word' id='word_1_42' title='bbox 1931 810 2062 852; x_wconf 89' lang='lat' dir='ltr'><strong>esse</strong></span> <span class='ocrx_word' id='word_1_43' title='bbox 2104 793 2263 851; x_wconf 85' lang='lat' dir='ltr'><strong>dice-</strong></span> 
     </span>
    </p>
   </div>
   <div class='ocr_carea' id='block_1_10' title="bbox 606 874 2259 963">
    <p class='ocr_par' dir='ltr' id='par_1_10' title="bbox 606 874 2259 963">
     <span class='ocr_line' id='line_1_10' title="bbox 606 874 2259 963; baseline -0.005 -15"><span class='ocrx_word' id='word_1_44' title='bbox 606 874 791 960; x_wconf 79' lang='lat' dir='ltr'><strong>bant;</strong></span> <span class='ocrx_word' id='word_1_45' title='bbox 813 888 921 963; x_wconf 87' lang='lat' dir='ltr'><strong>qui</strong></span> <span class='ocrx_word' id='word_1_46' title='bbox 947 887 1117 961; x_wconf 89' lang='lat' dir='ltr'><strong>prius</strong></span> <span class='ocrx_word' id='word_1_47' title='bbox 1145 884 1594 944; x_wconf 81' lang='lat' dir='ltr'><strong>Meletianorum</strong></span> <span class='ocrx_word' id='word_1_48' title='bbox 1627 874 2081 958; x_wconf 80' lang='lat' dir='ltr'><strong>superstitionis</strong></span> <span class='ocrx_word' id='word_1_49' title='bbox 2102 885 2259 957; x_wconf 88' lang='lat' dir='ltr'><strong>epis-</strong></span> 
     </span>
    </p>
   </div>
   <div class='ocr_carea' id='block_1_11' title="bbox 606 974 2260 1054">
    <p class='ocr_par' dir='ltr' id='par_1_11' title="bbox 606 974 2260 1054">
     <span class='ocr_line' id='line_1_11' title="bbox 606 974 2260 1054; baseline -0.004 -16"><span class='ocrx_word' id='word_1_50' title='bbox 606 995 797 1054; x_wconf 90' lang='lat' dir='ltr'><strong>copus</strong></span> <span class='ocrx_word' id='word_1_51' title='bbox 819 982 964 1037; x_wconf 90' lang='lat' dir='ltr'><strong>tunc</strong></span> <span class='ocrx_word' id='word_1_52' title='bbox 989 975 1156 1052; x_wconf 89' lang='lat' dir='ltr'><strong>apud</strong></span> <span class='ocrx_word' id='word_1_53' title='bbox 1166 975 1335 1050; x_wconf 87' lang='lat' dir='ltr'><strong>ipsos</strong></span> <span class='ocrx_word' id='word_1_54' title='bbox 1357 979 1423 1032; x_wconf 88' lang='lat' dir='ltr'><strong>ut</strong></span> <span class='ocrx_word' id='word_1_55' title='bbox 1440 974 1899 1049; x_wconf 82' lang='lat' dir='ltr'><strong>Hypseletorum</strong></span> <span class='ocrx_word' id='word_1_56' title='bbox 1918 974 2083 1032; x_wconf 86' lang='lat' dir='ltr'><strong>urbis</strong></span> <span class='ocrx_word' id='word_1_57' title='bbox 2107 974 2260 1049; x_wconf 84' lang='lat' dir='ltr'><strong>epis-</strong></span> 
     </span>
    </p>
   </div>
   <div class='ocr_carea' id='block_1_12' title="bbox 606 1062 1880 1143">
    <p class='ocr_par' dir='ltr' id='par_1_12' title="bbox 606 1062 1880 1143">
     <span class='ocr_line' id='line_1_12' title="bbox 606 1062 1880 1143; baseline -0.005 -14"><span class='ocrx_word' id='word_1_58' title='bbox 606 1083 799 1143; x_wconf 88' lang='lat' dir='ltr'><strong>c0pus</strong></span> <span class='ocrx_word' id='word_1_59' title='bbox 825 1069 1037 1127; x_wconf 89' lang='lat' dir='ltr'><strong>contra</strong></span> <span class='ocrx_word' id='word_1_60' title='bbox 1071 1064 1475 1127; x_wconf 75' lang='lat' dir='ltr'><strong>Athanasium</strong></span> <span class='ocrx_word' id='word_1_61' title='bbox 1504 1062 1880 1137; x_wconf 79' lang='lat' dir='ltr'><strong>subscripsit.</strong></span> 
     </span>
    </p>
   </div>
   <div class='ocr_carea' id='block_1_13' title="bbox 674 1241 2258 1319">
    <p class='ocr_par' dir='ltr' id='par_1_13' title="bbox 674 1241 2258 1319">
     <span class='ocr_line' id='line_1_13' title="bbox 674 1241 2258 1319; baseline -0.004 -12"><span class='ocrx_word' id='word_1_62' title='bbox 674 1252 732 1308; x_wconf 84' lang='lat'><strong>3.</strong></span> <span class='ocrx_word' id='word_1_63' title='bbox 772 1248 1005 1305; x_wconf 86' lang='lat' dir='ltr'><strong>Interea</strong></span> <span class='ocrx_word' id='word_1_64' title='bbox 1052 1259 1197 1303; x_wconf 86' lang='lat' dir='ltr'><strong>vero</strong></span> <span class='ocrx_word' id='word_1_65' title='bbox 1246 1242 1512 1319; x_wconf 86' lang='lat' dir='ltr'><strong>perfecto</strong></span> <span class='ocrx_word' id='word_1_66' title='bbox 1552 1241 1976 1317; x_wconf 85' lang='lat' dir='ltr'><strong>Hierosolymis</strong></span> <span class='ocrx_word' id='word_1_67' title='bbox 2032 1242 2258 1317; x_wconf 90' lang='lat' dir='ltr'><strong>tcmplo</strong></span> 
     </span>
    </p>
   </div>
   <div class='ocr_carea' id='block_1_14' title="bbox 602 1332 2259 1413">
    <p class='ocr_par' dir='ltr' id='par_1_14' title="bbox 602 1332 2259 1413">
     <span class='ocr_line' id='line_1_14' title="bbox 602 1332 2259 1413; baseline -0.004 -16"><span class='ocrx_word' id='word_1_68' title='bbox 602 1352 797 1413; x_wconf 82' lang='lat' dir='ltr'><strong>prope</strong></span> <span class='ocrx_word' id='word_1_69' title='bbox 826 1350 970 1395; x_wconf 87' lang='lat' dir='ltr'><strong>eum</strong></span> <span class='ocrx_word' id='word_1_70' title='bbox 998 1333 1245 1393; x_wconf 87' lang='lat' dir='ltr'><strong>calvarii</strong></span> <span class='ocrx_word' id='word_1_71' title='bbox 1288 1332 1491 1391; x_wconf 90' lang='lat' dir='ltr'><strong>locum</strong></span> <span class='ocrx_word' id='word_1_72' title='bbox 1519 1332 1628 1406; x_wconf 89' lang='lat' dir='ltr'><strong>qui</strong></span> <span class='ocrx_word' id='word_1_73' title='bbox 1654 1348 1951 1404; x_wconf 90' lang='lat' dir='ltr'><strong>magnum</strong></span> <span class='ocrx_word' id='word_1_74' title='bbox 1997 1332 2259 1390; x_wconf 89' lang='lat' dir='ltr'><strong>testimo-</strong></span> 
     </span>
    </p>
   </div>
   <div class='ocr_carea' id='block_1_15' title="bbox 603 1421 2258 1497">
    <p class='ocr_par' dir='ltr' id='par_1_15' title="bbox 603 1421 2258 1497">
     <span class='ocr_line' id='line_1_15' title="bbox 603 1421 2258 1497; baseline -0.004 -12"><span class='ocrx_word' id='word_1_75' title='bbox 603 1427 776 1486; x_wconf 87' lang='lat' dir='ltr'><strong>nium</strong></span> <span class='ocrx_word' id='word_1_76' title='bbox 802 1428 1077 1491; x_wconf 85' lang='lat' dir='ltr'><strong>vocatur,</strong></span> <span class='ocrx_word' id='word_1_77' title='bbox 1103 1422 1288 1497; x_wconf 86' lang='lat' dir='ltr'><strong>jussit</strong></span> <span class='ocrx_word' id='word_1_78' title='bbox 1313 1422 1643 1496; x_wconf 87' lang='lat' dir='ltr'><strong>imperator</strong></span> <span class='ocrx_word' id='word_1_79' title='bbox 1660 1421 1979 1496; x_wconf 87' lang='lat' dir='ltr'><strong>episcopos</strong></span> <span class='ocrx_word' id='word_1_80' title='bbox 1999 1421 2105 1496; x_wconf 90' lang='lat' dir='ltr'><strong>qui</strong></span> <span class='ocrx_word' id='word_1_81' title='bbox 2123 1421 2258 1494; x_wconf 85' lang='lat' dir='ltr'><strong>Tyri</strong></span> 
     </span>
    </p>
   </div>
   <div class='ocr_carea' id='block_1_16' title="bbox 602 1510 2259 1586">
    <p class='ocr_par' dir='ltr' id='par_1_16' title="bbox 602 1510 2259 1586">
     <span class='ocr_line' id='line_1_16' title="bbox 602 1510 2259 1586; baseline -0.004 -13"><span class='ocrx_word' id='word_1_82' title='bbox 602 1514 859 1575; x_wconf 88' lang='lat' dir='ltr'><strong>aderant</strong></span> <span class='ocrx_word' id='word_1_83' title='bbox 881 1511 1362 1586; x_wconf 84' lang='lat' dir='ltr'><strong>Hierosolymam</strong></span> <span class='ocrx_word' id='word_1_84' title='bbox 1379 1510 1579 1570; x_wconf 87' lang='lat' dir='ltr'><strong>venire</strong></span> <span class='ocrx_word' id='word_1_85' title='bbox 1597 1510 1789 1569; x_wconf 90' lang='lat' dir='ltr'><strong>ethoc</strong></span> <span class='ocrx_word' id='word_1_86' title='bbox 1804 1510 2099 1584; x_wconf 87' lang='lat' dir='ltr'><strong>templum</strong></span> <span class='ocrx_word' id='word_1_87' title='bbox 2121 1525 2259 1568; x_wconf 86' lang='lat' dir='ltr'><strong>con-</strong></span> 
     </span>
    </p>
   </div>
   <div class='ocr_carea' id='block_1_17' title="bbox 603 1599 2256 1663">
    <p class='ocr_par' dir='ltr' id='par_1_17' title="bbox 603 1599 2256 1663">
     <span class='ocr_line' id='line_1_17' title="bbox 603 1599 2256 1663; baseline -0.002 -1"><span class='ocrx_word' id='word_1_88' title='bbox 603 1620 857 1663; x_wconf 88' lang='lat' dir='ltr'><strong>secrare.</strong></span> <span class='ocrx_word' id='word_1_89' title='bbox 889 1605 1050 1661; x_wconf 91' lang='lat' dir='ltr'><strong>Tunc</strong></span> <span class='ocrx_word' id='word_1_90' title='bbox 1068 1606 1272 1661; x_wconf 92' lang='lat' dir='ltr'><strong>autem</strong></span> <span class='ocrx_word' id='word_1_91' title='bbox 1293 1601 1675 1659; x_wconf 86' lang='lat' dir='ltr'><strong>occasionem</strong></span> <span class='ocrx_word' id='word_1_92' title='bbox 1693 1600 2064 1657; x_wconf 82' lang='lat' dir='ltr'><strong>invenientes</strong></span> <span class='ocrx_word' id='word_1_93' title='bbox 2092 1599 2256 1658; x_wconf 86' lang='lat' dir='ltr'><strong>Aria-</strong></span> 
     </span>
    </p>
   </div>
   <div class='ocr_carea' id='block_1_18' title="bbox 601 1688 2255 1763">
    <p class='ocr_par' dir='ltr' id='par_1_18' title="bbox 601 1688 2255 1763">
     <span class='ocr_line' id='line_1_18' title="bbox 601 1688 2255 1763; baseline -0.005 -10"><span class='ocrx_word' id='word_1_94' title='bbox 601 1709 824 1753; x_wconf 84' lang='lat' dir='ltr'><strong>norum</strong></span> <span class='ocrx_word' id='word_1_95' title='bbox 847 1693 1112 1752; x_wconf 85' lang='lat' dir='ltr'><strong>fautores</strong></span> <span class='ocrx_word' id='word_1_96' title='bbox 1148 1694 1535 1750; x_wconf 87' lang='lat' dir='ltr'><strong>tentaverunt</strong></span> <span class='ocrx_word' id='word_1_97' title='bbox 1577 1693 1644 1747; x_wconf 89' lang='lat' dir='ltr'><strong>ut</strong></span> <span class='ocrx_word' id='word_1_98' title='bbox 1682 1688 2111 1763; x_wconf 83' lang='lat' dir='ltr'><strong>Hierosolymis</strong></span> <span class='ocrx_word' id='word_1_99' title='bbox 2161 1706 2255 1763; x_wconf 87' lang='lat' dir='ltr'><strong>sy-</strong></span> 
     </span>
    </p>
   </div>
   <div class='ocr_carea' id='block_1_19' title="bbox 600 1780 2323 1855">
    <p class='ocr_par' dir='ltr' id='par_1_19' title="bbox 600 1780 2323 1855">
     <span class='ocr_line' id='line_1_19' title="bbox 600 1780 2323 1855; baseline -0.005 -11"><span class='ocrx_word' id='word_1_100' title='bbox 600 1784 801 1844; x_wconf 89' lang='lat' dir='ltr'><strong>nodus</strong></span> <span class='ocrx_word' id='word_1_101' title='bbox 819 1781 989 1843; x_wconf 87' lang='lat' dir='ltr'><strong>ﬂeret</strong></span> <span class='ocrx_word' id='word_1_102' title='bbox 1025 1787 1084 1841; x_wconf 87' lang='lat' dir='ltr'><strong>ct</strong></span> <span class='ocrx_word' id='word_1_103' title='bbox 1113 1781 1464 1840; x_wconf 91' lang='lat' dir='ltr'><strong>communio</strong></span> <span class='ocrx_word' id='word_1_104' title='bbox 1498 1780 1638 1838; x_wconf 86' lang='lat' dir='ltr'><strong>Ario</strong></span> <span class='ocrx_word' id='word_1_105' title='bbox 1677 1783 1736 1838; x_wconf 90' lang='lat' dir='ltr'><strong>et</strong></span> <span class='ocrx_word' id='word_1_106' title='bbox 1771 1780 1991 1837; x_wconf 90' lang='lat' dir='ltr'><strong>Euzoio</strong></span> <span class='ocrx_word' id='word_1_107' title='bbox 2041 1794 2251 1837; x_wconf 91' lang='lat' dir='ltr'><strong>conce-</strong></span> <span class='ocrx_word' id='word_1_108' title='bbox 2284 1800 2323 1855; x_wconf 77' lang='grc' dir='ltr'><strong>Β</strong></span> 
     </span>
    </p>
   </div>
   <div class='ocr_carea' id='block_1_20' title="bbox 600 1869 2254 1946">
    <p class='ocr_par' dir='ltr' id='par_1_20' title="bbox 600 1869 2254 1946">
     <span class='ocr_line' id='line_1_20' title="bbox 600 1869 2254 1946; baseline -0.004 -13"><span class='ocrx_word' id='word_1_109' title='bbox 600 1873 864 1933; x_wconf 90' lang='lat' dir='ltr'><strong>deretur.</strong></span> <span class='ocrx_word' id='word_1_110' title='bbox 893 1870 1252 1946; x_wconf 84' lang='lat' dir='ltr'><strong>Imperatori</strong></span> <span class='ocrx_word' id='word_1_111' title='bbox 1293 1870 1475 1942; x_wconf 78' lang='lat' dir='ltr'><strong>igitur</strong></span> <span class='ocrx_word' id='word_1_112' title='bbox 1507 1869 1657 1927; x_wconf 90' lang='lat' dir='ltr'><strong>illud</strong></span> <span class='ocrx_word' id='word_1_113' title='bbox 1706 1885 1816 1944; x_wconf 91' lang='lat' dir='ltr'><strong>per</strong></span> <span class='ocrx_word' id='word_1_114' title='bbox 1851 1869 2042 1943; x_wconf 89' lang='lat' dir='ltr'><strong>ipsius</strong></span> <span class='ocrx_word' id='word_1_115' title='bbox 2090 1885 2254 1927; x_wconf 84' lang='lat' dir='ltr'><strong>soro-</strong></span> 
     </span>
    </p>
   </div>
   <div class='ocr_carea' id='block_1_21' title="bbox 598 1958 2253 2035">
    <p class='ocr_par' dir='ltr' id='par_1_21' title="bbox 598 1958 2253 2035">
     <span class='ocr_line' id='line_1_21' title="bbox 598 1958 2253 2035; baseline -0.004 -14"><span class='ocrx_word' id='word_1_116' title='bbox 598 1978 730 2021; x_wconf 90' lang='lat' dir='ltr'><strong>rem</strong></span> <span class='ocrx_word' id='word_1_117' title='bbox 772 1961 1191 2021; x_wconf 83' lang='lat' dir='ltr'><strong>Constantiam</strong></span> <span class='ocrx_word' id='word_1_118' title='bbox 1235 1959 1694 2035; x_wconf 85' lang='lat' dir='ltr'><strong>quemdamque</strong></span> <span class='ocrx_word' id='word_1_119' title='bbox 1758 1959 1946 2032; x_wconf 91' lang='lat' dir='ltr'><strong>hujus</strong></span> <span class='ocrx_word' id='word_1_120' title='bbox 1985 1958 2253 2015; x_wconf 86' lang='lat' dir='ltr'><strong>mulieris</strong></span> 
     </span>
    </p>
   </div>
   <div class='ocr_carea' id='block_1_22' title="bbox 596 2049 2253 2126">
    <p class='ocr_par' dir='ltr' id='par_1_22' title="bbox 596 2049 2253 2126">
     <span class='ocr_line' id='line_1_22' title="bbox 596 2049 2253 2126; baseline -0.003 -16"><span class='ocrx_word' id='word_1_121' title='bbox 596 2050 962 2110; x_wconf 83' lang='lat' dir='ltr'><strong>familiarem</strong></span> <span class='ocrx_word' id='word_1_122' title='bbox 1007 2050 1437 2126; x_wconf 84' lang='lat' dir='ltr'><strong>presbyterum</strong></span> <span class='ocrx_word' id='word_1_123' title='bbox 1470 2049 1751 2107; x_wconf 89' lang='lat' dir='ltr'><strong>arianum</strong></span> <span class='ocrx_word' id='word_1_124' title='bbox 1801 2063 2157 2121; x_wconf 88' lang='lat' dir='ltr'><strong>persuasere</strong></span> <span class='ocrx_word' id='word_1_125' title='bbox 2196 2051 2253 2105; x_wconf 93' lang='lat' dir='ltr'><strong>et</strong></span> 
     </span>
    </p>
   </div>
   <div class='ocr_carea' id='block_1_23' title="bbox 596 2137 2250 2212">
    <p class='ocr_par' dir='ltr' id='par_1_23' title="bbox 596 2137 2250 2212">
     <span class='ocr_line' id='line_1_23' title="bbox 596 2137 2250 2212; baseline -0.004 -13"><span class='ocrx_word' id='word_1_126' title='bbox 596 2156 884 2200; x_wconf 90' lang='lat' dir='ltr'><strong>curavere</strong></span> <span class='ocrx_word' id='word_1_127' title='bbox 938 2144 1006 2199; x_wconf 91' lang='lat' dir='ltr'><strong>ut</strong></span> <span class='ocrx_word' id='word_1_128' title='bbox 1050 2138 1258 2198; x_wconf 91' lang='lat' dir='ltr'><strong>Arium</strong></span> <span class='ocrx_word' id='word_1_129' title='bbox 1317 2138 1729 2212; x_wconf 85' lang='lat' dir='ltr'><strong>Euzoiumque</strong></span> <span class='ocrx_word' id='word_1_130' title='bbox 1802 2137 2047 2208; x_wconf 81' lang='lat' dir='ltr'><strong>videret,</strong></span> <span class='ocrx_word' id='word_1_131' title='bbox 2093 2153 2250 2208; x_wconf 92' lang='lat' dir='ltr'><strong>quos</strong></span> 
     </span>
    </p>
   </div>
   <div class='ocr_carea' id='block_1_24' title="bbox 594 2227 2250 2306">
    <p class='ocr_par' dir='ltr' id='par_1_24' title="bbox 594 2227 2250 2306">
     <span class='ocr_line' id='line_1_24' title="bbox 594 2227 2250 2306; baseline -0.002 -18"><span class='ocrx_word' id='word_1_132' title='bbox 594 2235 924 2306; x_wconf 85' lang='lat' dir='ltr'><strong>postquam</strong></span> <span class='ocrx_word' id='word_1_133' title='bbox 951 2229 1103 2288; x_wconf 81' lang='lat' dir='ltr'><strong>vidit</strong></span> <span class='ocrx_word' id='word_1_134' title='bbox 1131 2229 1485 2303; x_wconf 86' lang='lat' dir='ltr'><strong>censuitque</strong></span> <span class='ocrx_word' id='word_1_135' title='bbox 1496 2228 1621 2287; x_wconf 82' lang='lat' dir='ltr'><strong>fere</strong></span> <span class='ocrx_word' id='word_1_136' title='bbox 1649 2232 1717 2286; x_wconf 89' lang='lat' dir='ltr'><strong>ut</strong></span> <span class='ocrx_word' id='word_1_137' title='bbox 1743 2227 2015 2285; x_wconf 86' lang='lat' dir='ltr'><strong>Nicanos</strong></span> <span class='ocrx_word' id='word_1_138' title='bbox 2044 2227 2250 2285; x_wconf 89' lang='lat' dir='ltr'><strong>Patres</strong></span> 
     </span>
    </p>
   </div>
   <div class='ocr_carea' id='block_1_25' title="bbox 595 2317 2252 2395">
    <p class='ocr_par' dir='ltr' id='par_1_25' title="bbox 595 2317 2252 2395">
     <span class='ocr_line' id='line_1_25' title="bbox 595 2317 2252 2395; baseline -0.003 -16"><span class='ocrx_word' id='word_1_139' title='bbox 595 2321 859 2390; x_wconf 87' lang='lat' dir='ltr'><strong>credere,</strong></span> <span class='ocrx_word' id='word_1_140' title='bbox 874 2335 979 2378; x_wconf 91' lang='lat' dir='ltr'><strong>eos</strong></span> <span class='ocrx_word' id='word_1_141' title='bbox 999 2319 1079 2377; x_wconf 91' lang='lat' dir='ltr'><strong>ad</strong></span> <span class='ocrx_word' id='word_1_142' title='bbox 1101 2319 1422 2395; x_wconf 89' lang='lat' dir='ltr'><strong>episcopos</strong></span> <span class='ocrx_word' id='word_1_143' title='bbox 1442 2317 1871 2391; x_wconf 86' lang='lat' dir='ltr'><strong>Hierosolymis</strong></span> <span class='ocrx_word' id='word_1_144' title='bbox 1919 2332 2252 2389; x_wconf 88' lang='lat' dir='ltr'><strong>congrega-</strong></span> 
     </span>
    </p>
   </div>
   <div class='ocr_carea' id='block_1_26' title="bbox 593 2406 2252 2481">
    <p class='ocr_par' dir='ltr' id='par_1_26' title="bbox 593 2406 2252 2481">
     <span class='ocr_line' id='line_1_26' title="bbox 593 2406 2252 2481; baseline -0.003 -13"><span class='ocrx_word' id='word_1_145' title='bbox 593 2412 687 2468; x_wconf 86' lang='lat' dir='ltr'><strong>tos</strong></span> <span class='ocrx_word' id='word_1_146' title='bbox 714 2408 896 2481; x_wconf 83' lang='lat' dir='ltr'><strong>misit,</strong></span> <span class='ocrx_word' id='word_1_147' title='bbox 927 2408 1200 2467; x_wconf 88' lang='lat' dir='ltr'><strong>scribens</strong></span> <span class='ocrx_word' id='word_1_148' title='bbox 1229 2412 1295 2465; x_wconf 89' lang='lat' dir='ltr'><strong>ut</strong></span> <span class='ocrx_word' id='word_1_149' title='bbox 1332 2407 1409 2465; x_wconf 89' lang='lat' dir='ltr'><strong>de</strong></span> <span class='ocrx_word' id='word_1_150' title='bbox 1453 2406 1569 2466; x_wconf 87' lang='lat' dir='ltr'><strong>illis</strong></span> <span class='ocrx_word' id='word_1_151' title='bbox 1611 2406 1945 2478; x_wconf 90' lang='lat' dir='ltr'><strong>benignum</strong></span> <span class='ocrx_word' id='word_1_152' title='bbox 2000 2406 2252 2464; x_wconf 83' lang='lat' dir='ltr'><strong>ferretur</strong></span> 
     </span>
    </p>
   </div>
   <div class='ocr_carea' id='block_1_27' title="bbox 597 2495 2251 2570">
    <p class='ocr_par' dir='ltr' id='par_1_27' title="bbox 597 2495 2251 2570">
     <span class='ocr_line' id='line_1_27' title="bbox 597 2495 2251 2570; baseline -0.001 -15"><span class='ocrx_word' id='word_1_153' title='bbox 597 2496 981 2570; x_wconf 72' lang='lat' dir='ltr'><strong>suffragium,</strong></span> <span class='ocrx_word' id='word_1_154' title='bbox 1037 2498 1089 2555; x_wconf 89' lang='lat' dir='ltr'><strong>si</strong></span> <span class='ocrx_word' id='word_1_155' title='bbox 1116 2501 1276 2556; x_wconf 88' lang='lat' dir='ltr'><strong>recte</strong></span> <span class='ocrx_word' id='word_1_156' title='bbox 1304 2496 1548 2561; x_wconf 88' lang='lat' dir='ltr'><strong>credere</strong></span> <span class='ocrx_word' id='word_1_157' title='bbox 1578 2495 1939 2555; x_wconf 81' lang='lat' dir='ltr'><strong>viderentur.</strong></span> <span class='ocrx_word' id='word_1_158' title='bbox 1973 2495 2251 2553; x_wconf 87' lang='lat' dir='ltr'><strong>Occasio-</strong></span> 
     </span>
    </p>
   </div>
   <div class='ocr_carea' id='block_1_28' title="bbox 586 2585 2250 2662">
    <p class='ocr_par' dir='ltr' id='par_1_28' title="bbox 586 2585 2250 2662">
     <span class='ocr_line' id='line_1_28' title="bbox 586 2585 2250 2662; baseline -0.003 -16"><span class='ocrx_word' id='word_1_159' title='bbox 586 2602 731 2646; x_wconf 88' lang='lat' dir='ltr'><strong>nem</strong></span> <span class='ocrx_word' id='word_1_160' title='bbox 749 2586 935 2660; x_wconf 88' lang='lat' dir='ltr'><strong>igitur</strong></span> <span class='ocrx_word' id='word_1_161' title='bbox 957 2586 1309 2662; x_wconf 84' lang='lat' dir='ltr'><strong>arripientes</strong></span> <span class='ocrx_word' id='word_1_162' title='bbox 1332 2586 1536 2643; x_wconf 88' lang='lat' dir='ltr'><strong>Ariani</strong></span> <span class='ocrx_word' id='word_1_163' title='bbox 1565 2600 1669 2643; x_wconf 92' lang='lat' dir='ltr'><strong>eos</strong></span> <span class='ocrx_word' id='word_1_164' title='bbox 1714 2589 2093 2658; x_wconf 82' lang='lat' dir='ltr'><strong>exceperunt,</strong></span> <span class='ocrx_word' id='word_1_165' title='bbox 2134 2585 2250 2641; x_wconf 90' lang='lat' dir='ltr'><strong>im-</strong></span> 
     </span>
    </p>
   </div>
   <div class='ocr_carea' id='block_1_29' title="bbox 586 2673 2249 2751">
    <p class='ocr_par' dir='ltr' id='par_1_29' title="bbox 586 2673 2249 2751">
     <span class='ocr_line' id='line_1_29' title="bbox 586 2673 2249 2751; baseline -0.004 -16"><span class='ocrx_word' id='word_1_166' title='bbox 586 2675 975 2751; x_wconf 90' lang='lat' dir='ltr'><strong>peratorique</strong></span> <span class='ocrx_word' id='word_1_167' title='bbox 1011 2680 1070 2734; x_wconf 89' lang='lat' dir='ltr'><strong>et</strong></span> <span class='ocrx_word' id='word_1_168' title='bbox 1100 2675 1395 2734; x_wconf 74' lang='lat' dir='ltr'><strong>universis</strong></span> <span class='ocrx_word' id='word_1_169' title='bbox 1452 2675 1756 2750; x_wconf 88' lang='lat' dir='ltr'><strong>episcopis</strong></span> <span class='ocrx_word' id='word_1_170' title='bbox 1809 2673 2100 2748; x_wconf 90' lang='lat' dir='ltr'><strong>scripsere</strong></span> <span class='ocrx_word' id='word_1_171' title='bbox 2145 2688 2249 2731; x_wconf 93' lang='lat' dir='ltr'><strong>eos</strong></span> 
     </span>
    </p>
   </div>
   <div class='ocr_carea' id='block_1_30' title="bbox 587 2766 1144 2825">
    <p class='ocr_par' dir='ltr' id='par_1_30' title="bbox 587 2766 1144 2825">
     <span class='ocr_line' id='line_1_30' title="bbox 587 2766 1144 2825; baseline -0.004 0"><span class='ocrx_word' id='word_1_172' title='bbox 587 2766 961 2825; x_wconf 82' lang='lat' dir='ltr'><strong>orthodoxos</strong></span> <span class='ocrx_word' id='word_1_173' title='bbox 990 2781 1144 2824; x_wconf 82' lang='lat' dir='ltr'><strong>esse.</strong></span> 
     </span>
    </p>
   </div>
   <div class='ocr_carea' id='block_1_31' title="bbox 657 2851 2246 2928">
    <p class='ocr_par' dir='ltr' id='par_1_31' title="bbox 657 2851 2246 2928">
     <span class='ocr_line' id='line_1_31' title="bbox 657 2851 2246 2928; baseline -0.003 -14"><span class='ocrx_word' id='word_1_174' title='bbox 657 2858 712 2914; x_wconf 75' lang='grc'><strong>4.</strong></span> <span class='ocrx_word' id='word_1_175' title='bbox 746 2854 853 2914; x_wconf 84' lang='lat' dir='ltr'><strong>His</strong></span> <span class='ocrx_word' id='word_1_176' title='bbox 879 2855 965 2915; x_wconf 87' lang='lat' dir='ltr'><strong>ita</strong></span> <span class='ocrx_word' id='word_1_177' title='bbox 996 2856 1167 2924; x_wconf 84' lang='lat' dir='ltr'><strong>actis,</strong></span> <span class='ocrx_word' id='word_1_178' title='bbox 1200 2854 1566 2913; x_wconf 81' lang='lat' dir='ltr'><strong>Athanasius</strong></span> <span class='ocrx_word' id='word_1_179' title='bbox 1601 2856 1757 2928; x_wconf 90' lang='lat' dir='ltr'><strong>Tyro</strong></span> <span class='ocrx_word' id='word_1_180' title='bbox 1778 2851 2041 2926; x_wconf 56' lang='lat' dir='ltr'><strong>:fugiens</strong></span> <span class='ocrx_word' id='word_1_181' title='bbox 2069 2854 2246 2910; x_wconf 87' lang='lat' dir='ltr'><strong>Cons-</strong></span> 
     </span>
    </p>
   </div>
   <div class='ocr_carea' id='block_1_32' title="bbox 587 2943 2251 3021">
    <p class='ocr_par' dir='ltr' id='par_1_32' title="bbox 587 2943 2251 3021">
     <span class='ocr_line' id='line_1_32' title="bbox 587 2943 2251 3021; baseline -0.003 -16"><span class='ocrx_word' id='word_1_182' title='bbox 587 2944 1014 3021; x_wconf 88' lang='lat' dir='ltr'><strong>tantinopolim</strong></span> <span class='ocrx_word' id='word_1_183' title='bbox 1037 2947 1237 3015; x_wconf 87' lang='lat' dir='ltr'><strong>venit;</strong></span> <span class='ocrx_word' id='word_1_184' title='bbox 1261 2944 1435 3016; x_wconf 90' lang='lat' dir='ltr'><strong>cujus</strong></span> <span class='ocrx_word' id='word_1_185' title='bbox 1454 2943 1738 3017; x_wconf 83' lang='lat' dir='ltr'><strong>precibus</strong></span> <span class='ocrx_word' id='word_1_186' title='bbox 1766 2958 2042 3001; x_wconf 89' lang='lat' dir='ltr'><strong>annuens</strong></span> <span class='ocrx_word' id='word_1_187' title='bbox 2063 2943 2251 3015; x_wconf 85' lang='lat' dir='ltr'><strong>impe-</strong></span> 
     </span>
    </p>
   </div>
   <div class='ocr_carea' id='block_1_33' title="bbox 586 3031 2251 3107">
    <p class='ocr_par' dir='ltr' id='par_1_33' title="bbox 586 3031 2251 3107">
     <span class='ocr_line' id='line_1_33' title="bbox 586 3031 2251 3107; baseline -0.003 -14"><span class='ocrx_word' id='word_1_188' title='bbox 586 3039 754 3097; x_wconf 87' lang='lat' dir='ltr'><strong>rator</strong></span> <span class='ocrx_word' id='word_1_189' title='bbox 771 3034 1029 3094; x_wconf 87' lang='lat' dir='ltr'><strong>dicentis</strong></span> <span class='ocrx_word' id='word_1_190' title='bbox 1051 3051 1115 3092; x_wconf 90' lang='lat' dir='ltr'><strong>se</strong></span> <span class='ocrx_word' id='word_1_191' title='bbox 1136 3050 1260 3093; x_wconf 91' lang='lat' dir='ltr'><strong>non</strong></span> <span class='ocrx_word' id='word_1_192' title='bbox 1279 3034 1439 3107; x_wconf 89' lang='lat' dir='ltr'><strong>juste</strong></span> <span class='ocrx_word' id='word_1_193' title='bbox 1457 3033 1816 3091; x_wconf 89' lang='lat' dir='ltr'><strong>damnatum</strong></span> <span class='ocrx_word' id='word_1_194' title='bbox 1833 3047 1985 3100; x_wconf 91' lang='lat' dir='ltr'><strong>esse,</strong></span> <span class='ocrx_word' id='word_1_195' title='bbox 2009 3031 2251 3105; x_wconf 89' lang='lat' dir='ltr'><strong>scripsit</strong></span> 
     </span>
    </p>
   </div>
   <div class='ocr_carea' id='block_1_34' title="bbox 588 3122 2324 3219">
    <p class='ocr_par' dir='ltr' id='par_1_34' title="bbox 588 3122 2324 3219">
     <span class='ocr_line' id='line_1_34' title="bbox 588 3122 2324 3219; baseline -0.006 -33"><span class='ocrx_word' id='word_1_196' title='bbox 588 3125 891 3219; x_wconf 78' lang='lat' dir='ltr'><strong>episcopis</strong></span> <span class='ocrx_word' id='word_1_197' title='bbox 909 3130 1055 3184; x_wconf 88' lang='lat' dir='ltr'><strong>tunc</strong></span> <span class='ocrx_word' id='word_1_198' title='bbox 1082 3126 1218 3201; x_wconf 85' lang='lat' dir='ltr'><strong>Tyri</strong></span> <span class='ocrx_word' id='word_1_199' title='bbox 1259 3124 1639 3219; x_wconf 78' lang='lat' dir='ltr'><strong>congregatis</strong></span> <span class='ocrx_word' id='word_1_200' title='bbox 1688 3128 1770 3219; x_wconf 60' lang='lat' dir='ltr'><strong>ut</strong></span> <span class='ocrx_word' id='word_1_201' title='bbox 1783 3123 1863 3180; x_wconf 90' lang='lat' dir='ltr'><strong>ad</strong></span> <span class='ocrx_word' id='word_1_202' title='bbox 1906 3123 2113 3196; x_wconf 91' lang='lat' dir='ltr'><strong>ipsum</strong></span> <span class='ocrx_word' id='word_1_203' title='bbox 2151 3122 2251 3219; x_wconf 81' lang='lat' dir='ltr'><strong>de-</strong></span> <span class='ocrx_word' id='word_1_204' title='bbox 2284 3163 2324 3219; x_wconf 63' lang='grc' dir='ltr'><strong>Ο</strong></span> 
     </span>
    </p>
   </div>
   <div class='ocr_carea' id='block_1_35' title="bbox 588 3211 2252 3290">
    <p class='ocr_par' dir='ltr' id='par_1_35' title="bbox 588 3211 2252 3290">
     <span class='ocr_line' id='line_1_35' title="bbox 588 3211 2252 3290; baseline -0.004 -15"><span class='ocrx_word' id='word_1_205' title='bbox 588 3217 967 3287; x_wconf 74' lang='lat' dir='ltr'><strong>scanderent,</strong></span> <span class='ocrx_word' id='word_1_206' title='bbox 987 3219 1055 3274; x_wconf 95' lang='lat' dir='ltr'><strong>ut</strong></span> <span class='ocrx_word' id='word_1_207' title='bbox 1073 3231 1280 3274; x_wconf 91' lang='lat' dir='ltr'><strong>coram</strong></span> <span class='ocrx_word' id='word_1_208' title='bbox 1300 3214 1438 3290; x_wconf 90' lang='lat' dir='ltr'><strong>ipso</strong></span> <span class='ocrx_word' id='word_1_209' title='bbox 1460 3213 1774 3273; x_wconf 85' lang='lat' dir='ltr'><strong>Anathasii</strong></span> <span class='ocrx_word' id='word_1_210' title='bbox 1811 3229 1998 3271; x_wconf 91' lang='lat' dir='ltr'><strong>causa</strong></span> <span class='ocrx_word' id='word_1_211' title='bbox 2028 3211 2252 3270; x_wconf 84' lang='lat' dir='ltr'><strong>exami-</strong></span> 
     </span>
    </p>
   </div>
   <div class='ocr_carea' id='block_1_36' title="bbox 589 3300 2252 3378">
    <p class='ocr_par' dir='ltr' id='par_1_36' title="bbox 589 3300 2252 3378">
     <span class='ocr_line' id='line_1_36' title="bbox 589 3300 2252 3378; baseline -0.004 -15"><span class='ocrx_word' id='word_1_212' title='bbox 589 3309 857 3363; x_wconf 89' lang='lat' dir='ltr'><strong>naretur.</strong></span> <span class='ocrx_word' id='word_1_213' title='bbox 897 3306 1229 3378; x_wconf 86' lang='lat' dir='ltr'><strong>Postquam</strong></span> <span class='ocrx_word' id='word_1_214' title='bbox 1286 3303 1467 3375; x_wconf 90' lang='lat' dir='ltr'><strong>igitur</strong></span> <span class='ocrx_word' id='word_1_215' title='bbox 1512 3304 1909 3374; x_wconf 87' lang='lat' dir='ltr'><strong>advenerunt,</strong></span> <span class='ocrx_word' id='word_1_216' title='bbox 1960 3300 2252 3359; x_wconf 90' lang='lat' dir='ltr'><strong>Eusebius</strong></span> 
     </span>
    </p>
   </div>
   <div class='ocr_carea' id='block_1_37' title="bbox 588 3392 2252 3465">
    <p class='ocr_par' dir='ltr' id='par_1_37' title="bbox 588 3392 2252 3465">
     <span class='ocr_line' id='line_1_37' title="bbox 588 3392 2252 3465; baseline -0.002 -12"><span class='ocrx_word' id='word_1_217' title='bbox 588 3393 951 3454; x_wconf 82' lang='lat' dir='ltr'><strong>Nicomedia</strong></span> <span class='ocrx_word' id='word_1_218' title='bbox 987 3392 1395 3451; x_wconf 90' lang='lat' dir='ltr'><strong>contendebat</strong></span> <span class='ocrx_word' id='word_1_219' title='bbox 1441 3392 1672 3465; x_wconf 88' lang='lat' dir='ltr'><strong>justam</strong></span> <span class='ocrx_word' id='word_1_220' title='bbox 1735 3393 1799 3449; x_wconf 90' lang='lat' dir='ltr'><strong>in</strong></span> <span class='ocrx_word' id='word_1_221' title='bbox 1856 3392 2252 3450; x_wconf 83' lang='lat' dir='ltr'><strong>Athanasium</strong></span> 
     </span>
    </p>
   </div>
   <div class='ocr_carea' id='block_1_38' title="bbox 588 3481 2250 3555">
    <p class='ocr_par' dir='ltr' id='par_1_38' title="bbox 588 3481 2250 3555">
     <span class='ocr_line' id='line_1_38' title="bbox 588 3481 2250 3555; baseline -0.002 -13"><span class='ocrx_word' id='word_1_222' title='bbox 588 3483 778 3542; x_wconf 87' lang='lat' dir='ltr'><strong>latam</strong></span> <span class='ocrx_word' id='word_1_223' title='bbox 806 3498 937 3541; x_wconf 88' lang='lat' dir='ltr'><strong>esse</strong></span> <span class='ocrx_word' id='word_1_224' title='bbox 966 3482 1323 3541; x_wconf 87' lang='lat' dir='ltr'><strong>sententiam</strong></span> <span class='ocrx_word' id='word_1_225' title='bbox 1351 3500 1367 3552; x_wconf 89' lang='lat'><strong>;</strong></span> <span class='ocrx_word' id='word_1_226' title='bbox 1403 3485 1582 3539; x_wconf 86' lang='lat' dir='ltr'><strong>testes</strong></span> <span class='ocrx_word' id='word_1_227' title='bbox 1616 3481 1890 3555; x_wconf 84' lang='lat' dir='ltr'><strong>prastitit</strong></span> <span class='ocrx_word' id='word_1_228' title='bbox 1920 3481 2250 3552; x_wconf 89' lang='lat' dir='ltr'><strong>Theognim</strong></span> 
     </span>
    </p>
   </div>
   <div class='ocr_carea' id='block_1_39' title="bbox 592 3570 2252 3632">
    <p class='ocr_par' dir='ltr' id='par_1_39' title="bbox 592 3570 2252 3632">
     <span class='ocr_line' id='line_1_39' title="bbox 592 3570 2252 3632; baseline -0.001 -1"><span class='ocrx_word' id='word_1_229' title='bbox 592 3577 653 3631; x_wconf 87' lang='lat' dir='ltr'><strong>et</strong></span> <span class='ocrx_word' id='word_1_230' title='bbox 675 3572 926 3632; x_wconf 73' lang='lat' dir='ltr'><strong>larium</strong></span> <span class='ocrx_word' id='word_1_231' title='bbox 950 3576 1009 3630; x_wconf 90' lang='lat' dir='ltr'><strong>et</strong></span> <span class='ocrx_word' id='word_1_232' title='bbox 1026 3571 1407 3630; x_wconf 88' lang='lat' dir='ltr'><strong>Theodorum</strong></span> <span class='ocrx_word' id='word_1_233' title='bbox 1429 3574 1487 3628; x_wconf 90' lang='lat' dir='ltr'><strong>et</strong></span> <span class='ocrx_word' id='word_1_234' title='bbox 1514 3570 1820 3629; x_wconf 83' lang='lat' dir='ltr'><strong>Valentem</strong></span> <span class='ocrx_word' id='word_1_235' title='bbox 1842 3575 1900 3627; x_wconf 92' lang='lat' dir='ltr'><strong>et</strong></span> <span class='ocrx_word' id='word_1_236' title='bbox 1919 3571 2252 3629; x_wconf 90' lang='lat' dir='ltr'><strong>Ursacium.</strong></span> 
     </span>
    </p>
   </div>
   <div class='ocr_carea' id='block_1_40' title="bbox 592 3660 2255 3738">
    <p class='ocr_par' dir='ltr' id='par_1_40' title="bbox 592 3660 2255 3738">
     <span class='ocr_line' id='line_1_40' title="bbox 592 3660 2255 3738; baseline -0.002 -17"><span class='ocrx_word' id='word_1_237' title='bbox 592 3666 927 3738; x_wconf 82' lang='lat' dir='ltr'><strong>Imperator</strong></span> <span class='ocrx_word' id='word_1_238' title='bbox 965 3666 1168 3721; x_wconf 85' lang='lat' dir='ltr'><strong>autem</strong></span> <span class='ocrx_word' id='word_1_239' title='bbox 1213 3662 1339 3720; x_wconf 86' lang='lat' dir='ltr'><strong>sive</strong></span> <span class='ocrx_word' id='word_1_240' title='bbox 1395 3660 1663 3719; x_wconf 89' lang='lat' dir='ltr'><strong>crederet</strong></span> <span class='ocrx_word' id='word_1_241' title='bbox 1698 3676 1845 3718; x_wconf 82' lang='lat' dir='ltr'><strong>vera</strong></span> <span class='ocrx_word' id='word_1_242' title='bbox 1900 3678 2040 3735; x_wconf 81' lang='lat' dir='ltr'><strong>qua</strong></span> <span class='ocrx_word' id='word_1_243' title='bbox 2097 3662 2255 3719; x_wconf 88' lang='lat' dir='ltr'><strong>dice-</strong></span> 
     </span>
    </p>
   </div>
   <div class='ocr_carea' id='block_1_41' title="bbox 591 3749 2256 3824">
    <p class='ocr_par' dir='ltr' id='par_1_41' title="bbox 591 3749 2256 3824">
     <span class='ocr_line' id='line_1_41' title="bbox 591 3749 2256 3824; baseline -0.002 -13"><span class='ocrx_word' id='word_1_244' title='bbox 591 3751 838 3824; x_wconf 88' lang='lat' dir='ltr'><strong>bantur,</strong></span> <span class='ocrx_word' id='word_1_245' title='bbox 896 3752 1025 3811; x_wconf 89' lang='lat' dir='ltr'><strong>sive</strong></span> <span class='ocrx_word' id='word_1_246' title='bbox 1113 3750 1457 3810; x_wconf 89' lang='lat' dir='ltr'><strong>consentire</strong></span> <span class='ocrx_word' id='word_1_247' title='bbox 1530 3749 1943 3824; x_wconf 85' lang='lat' dir='ltr'><strong>suspicaretur</strong></span> <span class='ocrx_word' id='word_1_248' title='bbox 2027 3751 2256 3824; x_wconf 91' lang='lat' dir='ltr'><strong>episco-</strong></span> 
     </span>
    </p>
   </div>
   <div class='ocr_carea' id='block_1_42' title="bbox 594 3839 2259 3918">
    <p class='ocr_par' dir='ltr' id='par_1_42' title="bbox 594 3839 2259 3918">
     <span class='ocr_line' id='line_1_42' title="bbox 594 3839 2259 3918; baseline -0.001 -18"><span class='ocrx_word' id='word_1_249' title='bbox 594 3856 710 3918; x_wconf 88' lang='lat' dir='ltr'><strong>pos</strong></span> <span class='ocrx_word' id='word_1_250' title='bbox 756 3846 825 3900; x_wconf 88' lang='lat' dir='ltr'><strong>ut</strong></span> <span class='ocrx_word' id='word_1_251' title='bbox 852 3858 886 3900; x_wconf 91' lang='lat' dir='ltr'><strong>e</strong></span> <span class='ocrx_word' id='word_1_252' title='bbox 932 3840 1136 3900; x_wconf 90' lang='lat' dir='ltr'><strong>medio</strong></span> <span class='ocrx_word' id='word_1_253' title='bbox 1166 3840 1471 3899; x_wconf 88' lang='lat' dir='ltr'><strong>tolleretur</strong></span> <span class='ocrx_word' id='word_1_254' title='bbox 1511 3839 1901 3908; x_wconf 85' lang='lat' dir='ltr'><strong>Athanasius,</strong></span> <span class='ocrx_word' id='word_1_255' title='bbox 1942 3840 2259 3899; x_wconf 88' lang='lat' dir='ltr'><strong>mandavit</strong></span> 
     </span>
    </p>
   </div>
   <div class='ocr_carea' id='block_1_43' title="bbox 596 3928 2259 4004">
    <p class='ocr_par' dir='ltr' id='par_1_43' title="bbox 596 3928 2259 4004">
     <span class='ocr_line' id='line_1_43' title="bbox 596 3928 2259 4004; baseline -0.002 -14"><span class='ocrx_word' id='word_1_256' title='bbox 596 3935 664 3990; x_wconf 89' lang='lat' dir='ltr'><strong>ut</strong></span> <span class='ocrx_word' id='word_1_257' title='bbox 681 3930 737 3989; x_wconf 88' lang='lat' dir='ltr'><strong>is</strong></span> <span class='ocrx_word' id='word_1_258' title='bbox 755 3931 1056 3990; x_wconf 88' lang='lat' dir='ltr'><strong>Treverim</strong></span> <span class='ocrx_word' id='word_1_259' title='bbox 1080 3930 1498 3997; x_wconf 86' lang='lat' dir='ltr'><strong>abduceretur,</strong></span> <span class='ocrx_word' id='word_1_260' title='bbox 1526 3945 1665 4004; x_wconf 87' lang='lat' dir='ltr'><strong>qua</strong></span> <span class='ocrx_word' id='word_1_261' title='bbox 1702 3934 1791 3987; x_wconf 84' lang='lat' dir='ltr'><strong>est</strong></span> <span class='ocrx_word' id='word_1_262' title='bbox 1818 3929 1964 3986; x_wconf 89' lang='lat' dir='ltr'><strong>urbs</strong></span> <span class='ocrx_word' id='word_1_263' title='bbox 1986 3928 2259 3986; x_wconf 91' lang='lat' dir='ltr'><strong>occiden-</strong></span> 
     </span>
    </p>
   </div>
   <div class='ocr_carea' id='block_1_44' title="bbox 595 4019 2261 4093">
    <p class='ocr_par' dir='ltr' id='par_1_44' title="bbox 595 4019 2261 4093">
     <span class='ocr_line' id='line_1_44' title="bbox 595 4019 2261 4093; baseline -0.001 -14"><span class='ocrx_word' id='word_1_264' title='bbox 595 4021 809 4079; x_wconf 85' lang='lat' dir='ltr'><strong>talium</strong></span> <span class='ocrx_word' id='word_1_265' title='bbox 837 4020 1144 4081; x_wconf 88' lang='lat' dir='ltr'><strong>Gallorum</strong></span> <span class='ocrx_word' id='word_1_266' title='bbox 1168 4039 1181 4091; x_wconf 93' lang='lat'><strong>;</strong></span> <span class='ocrx_word' id='word_1_267' title='bbox 1205 4019 1629 4093; x_wconf 90' lang='lat' dir='ltr'><strong>abductusque</strong></span> <span class='ocrx_word' id='word_1_268' title='bbox 1653 4023 1743 4076; x_wconf 91' lang='lat' dir='ltr'><strong>est</strong></span> <span class='ocrx_word' id='word_1_269' title='bbox 1760 4019 2125 4077; x_wconf 81' lang='lat' dir='ltr'><strong>Athanasius</strong></span> <span class='ocrx_word' id='word_1_270' title='bbox 2150 4019 2261 4077; x_wconf 88' lang='lat' dir='ltr'><strong>ibi-</strong></span> 
     </span>
    </p>
   </div>
   <div class='ocr_carea' id='block_1_45' title="bbox 597 4108 1983 4186">
    <p class='ocr_par' dir='ltr' id='par_1_45' title="bbox 597 4108 1983 4186">
     <span class='ocr_line' id='line_1_45' title="bbox 597 4108 1983 4186; baseline -0.001 -18"><span class='ocrx_word' id='word_1_271' title='bbox 597 4126 718 4186; x_wconf 91' lang='lat' dir='ltr'><strong>que</strong></span> <span class='ocrx_word' id='word_1_272' title='bbox 741 4111 966 4169; x_wconf 85' lang='lat' dir='ltr'><strong>mansit</strong></span> <span class='ocrx_word' id='word_1_273' title='bbox 992 4126 1185 4185; x_wconf 88' lang='lat' dir='ltr'><strong>usque</strong></span> <span class='ocrx_word' id='word_1_274' title='bbox 1206 4108 1287 4168; x_wconf 92' lang='lat' dir='ltr'><strong>ad</strong></span> <span class='ocrx_word' id='word_1_275' title='bbox 1307 4114 1564 4167; x_wconf 88' lang='lat' dir='ltr'><strong>mortem</strong></span> <span class='ocrx_word' id='word_1_276' title='bbox 1594 4109 1983 4166; x_wconf 87' lang='lat' dir='ltr'><strong>Constantini.</strong></span> 
     </span>
    </p>
   </div>
   <div class='ocr_carea' id='block_1_46' title="bbox 674 4198 2261 4274">
    <p class='ocr_par' dir='ltr' id='par_1_46' title="bbox 674 4198 2261 4274">
     <span class='ocr_line' id='line_1_46' title="bbox 674 4198 2261 4274; baseline -0.001 -17"><span class='ocrx_word' id='word_1_277' title='bbox 674 4205 730 4257; x_wconf 82' lang='lat'><strong>5.</strong></span> <span class='ocrx_word' id='word_1_278' title='bbox 758 4200 933 4257; x_wconf 81' lang='lat' dir='ltr'><strong>Arius</strong></span> <span class='ocrx_word' id='word_1_279' title='bbox 961 4203 1163 4257; x_wconf 88' lang='lat' dir='ltr'><strong>autem</strong></span> <span class='ocrx_word' id='word_1_280' title='bbox 1188 4203 1327 4273; x_wconf 89' lang='lat' dir='ltr'><strong>post</strong></span> <span class='ocrx_word' id='word_1_281' title='bbox 1347 4198 1626 4257; x_wconf 89' lang='lat' dir='ltr'><strong>habitam</strong></span> <span class='ocrx_word' id='word_1_282' title='bbox 1682 4198 2111 4273; x_wconf 85' lang='lat' dir='ltr'><strong>Hierosolymis</strong></span> <span class='ocrx_word' id='word_1_283' title='bbox 2161 4217 2261 4274; x_wconf 86' lang='lat' dir='ltr'><strong>sy-</strong></span> 
     </span>
    </p>
   </div>
   <div class='ocr_carea' id='block_1_47' title="bbox 600 4286 2261 4361">
    <p class='ocr_par' dir='ltr' id='par_1_47' title="bbox 600 4286 2261 4361">
     <span class='ocr_line' id='line_1_47' title="bbox 600 4286 2261 4361; baseline -0.001 -14"><span class='ocrx_word' id='word_1_284' title='bbox 600 4286 837 4348; x_wconf 88' lang='lat' dir='ltr'><strong>nodum</strong></span> <span class='ocrx_word' id='word_1_285' title='bbox 873 4287 937 4345; x_wconf 90' lang='lat' dir='ltr'><strong>in</strong></span> <span class='ocrx_word' id='word_1_286' title='bbox 974 4290 1300 4361; x_wconf 75' lang='lat' dir='ltr'><strong>Egyptum</strong></span> <span class='ocrx_word' id='word_1_287' title='bbox 1335 4287 1519 4344; x_wconf 87' lang='lat' dir='ltr'><strong>venit.</strong></span> <span class='ocrx_word' id='word_1_288' title='bbox 1562 4289 1711 4344; x_wconf 91' lang='lat' dir='ltr'><strong>Cum</strong></span> <span class='ocrx_word' id='word_1_289' title='bbox 1765 4287 1867 4345; x_wconf 93' lang='lat' dir='ltr'><strong>illo</strong></span> <span class='ocrx_word' id='word_1_290' title='bbox 1903 4292 2106 4345; x_wconf 88' lang='lat' dir='ltr'><strong>autem</strong></span> <span class='ocrx_word' id='word_1_291' title='bbox 2134 4304 2261 4346; x_wconf 89' lang='lat' dir='ltr'><strong>non</strong></span> 
     </span>
    </p>
   </div>
   <div class='ocr_carea' id='block_1_48' title="bbox 603 4374 2259 4444">
    <p class='ocr_par' dir='ltr' id='par_1_48' title="bbox 603 4374 2259 4444">
     <span class='ocr_line' id='line_1_48' title="bbox 603 4374 2259 4444; baseline -0.001 -8"><span class='ocrx_word' id='word_1_292' title='bbox 603 4375 1094 4437; x_wconf 88' lang='lat' dir='ltr'><strong>communicante</strong></span> <span class='ocrx_word' id='word_1_293' title='bbox 1122 4374 1669 4433; x_wconf 85' lang='lat' dir='ltr'><strong>Alexandrinorum</strong></span> <span class='ocrx_word' id='word_1_294' title='bbox 1706 4375 1987 4444; x_wconf 86' lang='lat' dir='ltr'><strong>Ecclesia,</strong></span> <span class='ocrx_word' id='word_1_295' title='bbox 2019 4393 2259 4435; x_wconf 89' lang='lat' dir='ltr'><strong>rursum</strong></span> 
     </span>
    </p>
   </div>
   <div class='ocr_carea' id='block_1_49' title="bbox 604 4463 2262 4539">
    <p class='ocr_par' dir='ltr' id='par_1_49' title="bbox 604 4463 2262 4539">
     <span class='ocr_line' id='line_1_49' title="bbox 604 4463 2262 4539; baseline -0.001 -13"><span class='ocrx_word' id='word_1_296' title='bbox 604 4463 1188 4539; x_wconf 87' lang='lat' dir='ltr'><strong>Constantinopolim</strong></span> <span class='ocrx_word' id='word_1_297' title='bbox 1211 4463 1407 4521; x_wconf 89' lang='lat' dir='ltr'><strong>rediit.</strong></span> <span class='ocrx_word' id='word_1_298' title='bbox 1439 4467 1634 4537; x_wconf 89' lang='lat' dir='ltr'><strong>Atque</strong></span> <span class='ocrx_word' id='word_1_299' title='bbox 1653 4464 1736 4522; x_wconf 90' lang='lat' dir='ltr'><strong>ita</strong></span> <span class='ocrx_word' id='word_1_300' title='bbox 1755 4464 2096 4538; x_wconf 82' lang='lat' dir='ltr'><strong>adimpleta</strong></span> <span class='ocrx_word' id='word_1_301' title='bbox 2121 4470 2262 4524; x_wconf 90' lang='lat' dir='ltr'><strong>sunt</strong></span> 
     </span>
    </p>
   </div>
   <div class='ocr_carea' id='block_1_50' title="bbox 606 4529 2329 4629">
    <p class='ocr_par' dir='ltr' id='par_1_50' title="bbox 606 4529 2329 4629">
     <span class='ocr_line' id='line_1_50' title="bbox 606 4529 2329 4629; baseline 0 -15"><span class='ocrx_word' id='word_1_302' title='bbox 606 4556 801 4615; x_wconf 90' lang='lat' dir='ltr'><strong>sancti</strong></span> <span class='ocrx_word' id='word_1_303' title='bbox 818 4529 1143 4613; x_wconf 71' lang='lat' dir='ltr'><strong>Alexandri</strong></span> <span class='ocrx_word' id='word_1_304' title='bbox 1171 4569 1404 4629; x_wconf 89' lang='lat' dir='ltr'><strong>preces.</strong></span> <span class='ocrx_word' id='word_1_305' title='bbox 1422 4529 1696 4611; x_wconf 72' lang='lat' dir='ltr'><strong>Posthac</strong></span> <span class='ocrx_word' id='word_1_306' title='bbox 1718 4529 2260 4615; x_wconf 48' lang='lat' dir='ltr'><strong>autem.manifeste</strong></span> <span class='ocrx_word' id='word_1_307' title='bbox 2286 4529 2329 4584; x_wconf 71' lang='grc' dir='ltr'><strong>θ</strong></span> 
     </span>
    </p>
   </div>
   <div class='ocr_carea' id='block_1_51' title="bbox 605 4642 2260 4722">
    <p class='ocr_par' dir='ltr' id='par_1_51' title="bbox 605 4642 2260 4722">
     <span class='ocr_line' id='line_1_51' title="bbox 605 4642 2260 4722; baseline -0.001 -17"><span class='ocrx_word' id='word_1_308' title='bbox 605 4649 921 4722; x_wconf 78' lang='lat' dir='ltr'><strong>caperunt</strong></span> <span class='ocrx_word' id='word_1_309' title='bbox 945 4644 1236 4702; x_wconf 84' lang='lat' dir='ltr'><strong>innovare</strong></span> <span class='ocrx_word' id='word_1_310' title='bbox 1266 4642 1593 4701; x_wconf 83' lang='lat' dir='ltr'><strong>Eusebiani</strong></span> <span class='ocrx_word' id='word_1_311' title='bbox 1622 4643 1781 4701; x_wconf 90' lang='lat' dir='ltr'><strong>circa</strong></span> <span class='ocrx_word' id='word_1_312' title='bbox 1834 4645 2260 4720; x_wconf 89' lang='lat' dir='ltr'><strong>episcoporum</strong></span> 
     </span>
    </p>
   </div>
   <div class='ocr_carea' id='block_1_52' title="bbox 603 4732 2262 4809">
    <p class='ocr_par' dir='ltr' id='par_1_52' title="bbox 603 4732 2262 4809">
     <span class='ocr_line' id='line_1_52' title="bbox 603 4732 2262 4809; baseline -0.001 -13"><span class='ocrx_word' id='word_1_313' title='bbox 603 4737 813 4796; x_wconf 79' lang='lat' dir='ltr'><strong>Nicaea</strong></span> <span class='ocrx_word' id='word_1_314' title='bbox 837 4738 1341 4808; x_wconf 89' lang='lat' dir='ltr'><strong>congregatorum</strong></span> <span class='ocrx_word' id='word_1_315' title='bbox 1354 4732 1791 4807; x_wconf 84' lang='lat' dir='ltr'><strong>expositionem</strong></span> <span class='ocrx_word' id='word_1_316' title='bbox 1806 4740 1859 4792; x_wconf 90' lang='lat' dir='ltr'><strong>et</strong></span> <span class='ocrx_word' id='word_1_317' title='bbox 1879 4737 2100 4809; x_wconf 91' lang='lat' dir='ltr'><strong>scripto</strong></span> <span class='ocrx_word' id='word_1_318' title='bbox 2121 4754 2262 4795; x_wconf 82' lang='lat' dir='ltr'><strong>con-</strong></span> 
     </span>
    </p>
   </div>
   <div class='ocr_carea' id='block_1_53' title="bbox 606 4823 2263 4897">
    <p class='ocr_par' dir='ltr' id='par_1_53' title="bbox 606 4823 2263 4897">
     <span class='ocr_line' id='line_1_53' title="bbox 606 4823 2263 4897; baseline 0.001 -12"><span class='ocrx_word' id='word_1_319' title='bbox 606 4824 1003 4885; x_wconf 88' lang='lat' dir='ltr'><strong>substantiale</strong></span> <span class='ocrx_word' id='word_1_320' title='bbox 1031 4825 1298 4897; x_wconf 90' lang='lat' dir='ltr'><strong>rejicerc.</strong></span> <span class='ocrx_word' id='word_1_321' title='bbox 1355 4823 1669 4897; x_wconf 90' lang='lat' dir='ltr'><strong>Synodum</strong></span> <span class='ocrx_word' id='word_1_322' title='bbox 1710 4824 1893 4896; x_wconf 87' lang='lat' dir='ltr'><strong>igitur</strong></span> <span class='ocrx_word' id='word_1_323' title='bbox 1937 4827 2263 4886; x_wconf 86' lang='lat' dir='ltr'><strong>Constanti.</strong></span> 
     </span>
    </p>
   </div>
   <div class='ocr_carea' id='block_1_54' title="bbox 601 4913 2263 4992">
    <p class='ocr_par' dir='ltr' id='par_1_54' title="bbox 601 4913 2263 4992">
     <span class='ocr_line' id='line_1_54' title="bbox 601 4913 2263 4992; baseline -0.001 -16"><span class='ocrx_word' id='word_1_324' title='bbox 601 4915 875 4992; x_wconf 90' lang='lat' dir='ltr'><strong>nopolim</strong></span> <span class='ocrx_word' id='word_1_325' title='bbox 899 4915 1223 4973; x_wconf 86' lang='lat' dir='ltr'><strong>convenire</strong></span> <span class='ocrx_word' id='word_1_326' title='bbox 1245 4918 1554 4986; x_wconf 89' lang='lat' dir='ltr'><strong>curarunt,</strong></span> <span class='ocrx_word' id='word_1_327' title='bbox 1572 4913 2107 4990; x_wconf 86' lang='lat' dir='ltr'><strong>deposueruntque</strong></span> <span class='ocrx_word' id='word_1_328' title='bbox 2132 4918 2263 4975; x_wconf 91' lang='lat' dir='ltr'><strong>etin</strong></span> 
     </span>
    </p>
   </div>
   <div class='ocr_carea' id='block_1_55' title="bbox 603 5003 2263 5081">
    <p class='ocr_par' dir='ltr' id='par_1_55' title="bbox 603 5003 2263 5081">
     <span class='ocr_line' id='line_1_55' title="bbox 603 5003 2263 5081; baseline -0.001 -16"><span class='ocrx_word' id='word_1_329' title='bbox 603 5005 851 5065; x_wconf 81' lang='lat' dir='ltr'><strong>exilium</strong></span> <span class='ocrx_word' id='word_1_330' title='bbox 911 5003 1066 5063; x_wconf 89' lang='lat' dir='ltr'><strong>mitti</strong></span> <span class='ocrx_word' id='word_1_331' title='bbox 1113 5003 1474 5061; x_wconf 91' lang='lat' dir='ltr'><strong>studuerunt</strong></span> <span class='ocrx_word' id='word_1_332' title='bbox 1525 5004 2056 5062; x_wconf 88' lang='lat' dir='ltr'><strong>consubstantialis</strong></span> <span class='ocrx_word' id='word_1_333' title='bbox 2111 5024 2263 5081; x_wconf 87' lang='lat' dir='ltr'><strong>pra-</strong></span> 
     </span>
    </p>
   </div>
   <div class='ocr_carea' id='block_1_56' title="bbox 603 5093 2260 5168">
    <p class='ocr_par' dir='ltr' id='par_1_56' title="bbox 603 5093 2260 5168">
     <span class='ocr_line' id='line_1_56' title="bbox 603 5093 2260 5168; baseline -0.001 -13"><span class='ocrx_word' id='word_1_334' title='bbox 603 5112 805 5166; x_wconf 91' lang='lat' dir='ltr'><strong>cones,</strong></span> <span class='ocrx_word' id='word_1_335' title='bbox 850 5093 1199 5167; x_wconf 83' lang='lat' dir='ltr'><strong>Asclepium</strong></span> <span class='ocrx_word' id='word_1_336' title='bbox 1262 5095 1427 5151; x_wconf 87' lang='lat' dir='ltr'><strong>Gaza</strong></span> <span class='ocrx_word' id='word_1_337' title='bbox 1484 5093 1858 5168; x_wconf 89' lang='lat' dir='ltr'><strong>episcopum,</strong></span> <span class='ocrx_word' id='word_1_338' title='bbox 1921 5094 2260 5154; x_wconf 89' lang='lat' dir='ltr'><strong>Climatium</strong></span> 
     </span>
    </p>
   </div>
   <div class='ocr_carea' id='block_1_57' title="bbox 600 5182 2260 5259">
    <p class='ocr_par' dir='ltr' id='par_1_57' title="bbox 600 5182 2260 5259">
     <span class='ocr_line' id='line_1_57' title="bbox 600 5182 2260 5259; baseline 0.001 -17"><span class='ocrx_word' id='word_1_339' title='bbox 600 5185 912 5252; x_wconf 85' lang='lat' dir='ltr'><strong>Antaradi,</strong></span> <span class='ocrx_word' id='word_1_340' title='bbox 935 5184 1190 5243; x_wconf 88' lang='lat' dir='ltr'><strong>alterum</strong></span> <span class='ocrx_word' id='word_1_341' title='bbox 1214 5182 1559 5241; x_wconf 87' lang='lat' dir='ltr'><strong>Climatium</strong></span> <span class='ocrx_word' id='word_1_342' title='bbox 1607 5183 1779 5254; x_wconf 90' lang='lat' dir='ltr'><strong>Palti,</strong></span> <span class='ocrx_word' id='word_1_343' title='bbox 1832 5185 2260 5259; x_wconf 89' lang='lat' dir='ltr'><strong>Ephratiouem</strong></span> 
     </span>
    </p>
   </div>
   <div class='ocr_carea' id='block_1_58' title="bbox 601 5273 2261 5348">
    <p class='ocr_par' dir='ltr' id='par_1_58' title="bbox 601 5273 2261 5348">
     <span class='ocr_line' id='line_1_58' title="bbox 601 5273 2261 5348; baseline 0.003 -19"><span class='ocrx_word' id='word_1_344' title='bbox 601 5273 814 5332; x_wconf 86' lang='lat' dir='ltr'><strong>Baiani</strong></span> <span class='ocrx_word' id='word_1_345' title='bbox 840 5275 1068 5348; x_wconf 87' lang='lat' dir='ltr'><strong>Cyrum</strong></span> <span class='ocrx_word' id='word_1_346' title='bbox 1099 5275 1371 5345; x_wconf 74' lang='lat' dir='ltr'><strong>Berraa,</strong></span> <span class='ocrx_word' id='word_1_347' title='bbox 1402 5273 1804 5331; x_wconf 89' lang='lat' dir='ltr'><strong>Domnionem</strong></span> <span class='ocrx_word' id='word_1_348' title='bbox 1848 5274 2070 5347; x_wconf 85' lang='lat' dir='ltr'><strong>Sirmii,</strong></span> <span class='ocrx_word' id='word_1_349' title='bbox 2111 5275 2261 5335; x_wconf 88' lang='lat' dir='ltr'><strong>Ella-</strong></span> 
     </span>
    </p>
   </div>
   <div class='ocr_carea' id='block_1_59' title="bbox 600 5362 2260 5437">
    <p class='ocr_par' dir='ltr' id='par_1_59' title="bbox 600 5362 2260 5437">
     <span class='ocr_line' id='line_1_59' title="bbox 600 5362 2260 5437; baseline 0.002 -17"><span class='ocrx_word' id='word_1_350' title='bbox 600 5377 788 5421; x_wconf 90' lang='lat' dir='ltr'><strong>neum</strong></span> <span class='ocrx_word' id='word_1_351' title='bbox 805 5362 1078 5437; x_wconf 88' lang='lat' dir='ltr'><strong>Tripolis,</strong></span> <span class='ocrx_word' id='word_1_352' title='bbox 1097 5363 1304 5421; x_wconf 89' lang='lat' dir='ltr'><strong>Arium</strong></span> <span class='ocrx_word' id='word_1_353' title='bbox 1323 5362 1641 5420; x_wconf 89' lang='lat' dir='ltr'><strong>Petrarum</strong></span> <span class='ocrx_word' id='word_1_354' title='bbox 1661 5362 1955 5435; x_wconf 86' lang='lat' dir='ltr'><strong>Paleona,</strong></span> <span class='ocrx_word' id='word_1_355' title='bbox 1992 5369 2050 5422; x_wconf 86' lang='lat' dir='ltr'><strong>et</strong></span> <span class='ocrx_word' id='word_1_356' title='bbox 2094 5368 2260 5425; x_wconf 87' lang='lat' dir='ltr'><strong>Aste-</strong></span> 
     </span>
    </p>
   </div>
   <div class='ocr_carea' id='block_1_60' title="bbox 597 5450 2257 5525">
    <p class='ocr_par' dir='ltr' id='par_1_60' title="bbox 597 5450 2257 5525">
     <span class='ocr_line' id='line_1_60' title="bbox 597 5450 2257 5525; baseline 0.001 -14"><span class='ocrx_word' id='word_1_357' title='bbox 597 5451 759 5511; x_wconf 85' lang='lat' dir='ltr'><strong>rium</strong></span> <span class='ocrx_word' id='word_1_358' title='bbox 770 5454 1077 5509; x_wconf 87' lang='lat' dir='ltr'><strong>Petrarum</strong></span> <span class='ocrx_word' id='word_1_359' title='bbox 1088 5450 1699 5525; x_wconf 84' lang='lat' dir='ltr'><strong>Arabia,Olympium</strong></span> <span class='ocrx_word' id='word_1_360' title='bbox 1717 5453 1867 5525; x_wconf 67' lang='lat' dir='ltr'><strong>IEni,</strong></span> <span class='ocrx_word' id='word_1_361' title='bbox 1882 5453 2257 5515; x_wconf 89' lang='lat' dir='ltr'><strong>Theodulum</strong></span> 
     </span>
    </p>
   </div>
   <div class='ocr_carea' id='block_1_61' title="bbox 596 5540 2258 5620">
    <p class='ocr_par' dir='ltr' id='par_1_61' title="bbox 596 5540 2258 5620">
     <span class='ocr_line' id='line_1_61' title="bbox 596 5540 2258 5620; baseline -0.001 -18"><span class='ocrx_word' id='word_1_362' title='bbox 596 5541 1033 5616; x_wconf 88' lang='lat' dir='ltr'><strong>Trajanopolis,</strong></span> <span class='ocrx_word' id='word_1_363' title='bbox 1051 5540 1428 5599; x_wconf 88' lang='lat' dir='ltr'><strong>Vincentium</strong></span> <span class='ocrx_word' id='word_1_364' title='bbox 1443 5544 1687 5615; x_wconf 88' lang='lat' dir='ltr'><strong>Capua,</strong></span> <span class='ocrx_word' id='word_1_365' title='bbox 1708 5541 2032 5616; x_wconf 89' lang='lat' dir='ltr'><strong>Ephratam</strong></span> <span class='ocrx_word' id='word_1_366' title='bbox 2048 5545 2258 5620; x_wconf 84' lang='lat' dir='ltr'><strong>Agrip-</strong></span> 
     </span>
    </p>
   </div>
   <div class='ocr_carea' id='block_1_62' title="bbox 592 5630 2249 5709">
    <p class='ocr_par' dir='ltr' id='par_1_62' title="bbox 592 5630 2249 5709">
     <span class='ocr_line' id='line_1_62' title="bbox 592 5630 2249 5709; baseline 0.001 -16"><span class='ocrx_word' id='word_1_367' title='bbox 592 5630 1695 5709; x_wconf 80' lang='lat' dir='ltr'><strong>pina,EutropiumAdrianopolis,cui</strong></span> <span class='ocrx_word' id='word_1_368' title='bbox 1706 5632 2249 5708; x_wconf 87' lang='lat' dir='ltr'><strong>successitLucius,</strong></span> 
     </span>
    </p>
   </div>
   <div class='ocr_carea' id='block_1_63' title="bbox 2366 532 3981 609">
    <p class='ocr_par' dir='ltr' id='par_1_63' title="bbox 2366 532 3981 609">
     <span class='ocr_line' id='line_1_63' title="bbox 2366 532 3981 609; baseline 0.007 -30"><span class='ocrx_word' id='word_1_369' title='bbox 2366 532 2490 600; x_wconf 84' lang='grc' dir='ltr'>περὶ</span> <span class='ocrx_word' id='word_1_370' title='bbox 2521 536 2616 593; x_wconf 80' lang='grc' dir='ltr'>τῆς</span> <span class='ocrx_word' id='word_1_371' title='bbox 2657 536 2751 582; x_wconf 81' lang='grc' dir='ltr'>τοῦ</span> <span class='ocrx_word' id='word_1_372' title='bbox 2814 536 3076 601; x_wconf 78' lang='grc' dir='ltr'><strong>μυστικοῦ</strong></span> <span class='ocrx_word' id='word_1_373' title='bbox 3124 535 3384 605; x_wconf 80' lang='grc' dir='ltr'><strong>ποτηρίου</strong></span> <span class='ocrx_word' id='word_1_374' title='bbox 3418 533 3714 609; x_wconf 84' lang='grc' dir='ltr'>συντριϐῆς,</span> <span class='ocrx_word' id='word_1_375' title='bbox 3747 542 3834 590; x_wconf 82' lang='grc' dir='ltr'>καὶ</span> <span class='ocrx_word' id='word_1_376' title='bbox 3884 546 3981 600; x_wconf 78' lang='grc' dir='ltr'>τῆς</span> 
     </span>
    </p>
   </div>
   <div class='ocr_carea' id='block_1_64' title="bbox 2370 617 3975 697">
    <p class='ocr_par' dir='ltr' id='par_1_64' title="bbox 2370 617 3975 697">
     <span class='ocr_line' id='line_1_64' title="bbox 2370 617 3975 697; baseline 0.006 -27"><span class='ocrx_word' id='word_1_377' title='bbox 2370 618 2719 692; x_wconf 74' lang='grc' dir='ltr'><strong>καθαιρέσεως</strong></span> <span class='ocrx_word' id='word_1_378' title='bbox 2761 626 2853 671; x_wconf 81' lang='grc' dir='ltr'>τοῦ</span> <span class='ocrx_word' id='word_1_379' title='bbox 2912 617 3258 672; x_wconf 79' lang='grc' dir='ltr'>ἐπίσκοπικοῦ</span> <span class='ocrx_word' id='word_1_380' title='bbox 3314 621 3517 693; x_wconf 84' lang='grc' dir='ltr'>θρόνου,</span> <span class='ocrx_word' id='word_1_381' title='bbox 3572 625 3637 676; x_wconf 83' lang='grc' dir='ltr'><strong>τὰ</strong></span> <span class='ocrx_word' id='word_1_382' title='bbox 3683 627 3772 697; x_wconf 74' lang='grc' dir='ltr'>μὲν</span> <span class='ocrx_word' id='word_1_383' title='bbox 3803 626 3975 687; x_wconf 80' lang='grc' dir='ltr'>ἀληθῆ</span> 
     </span>
    </p>
   </div>
   <div class='ocr_carea' id='block_1_65' title="bbox 2369 705 3979 785">
    <p class='ocr_par' dir='ltr' id='par_1_65' title="bbox 2369 705 3979 785">
     <span class='ocr_line' id='line_1_65' title="bbox 2369 705 3979 785; baseline 0.007 -28"><span class='ocrx_word' id='word_1_384' title='bbox 2369 705 2651 779; x_wconf 76' lang='grc' dir='ltr'>παρῆλθον,</span> <span class='ocrx_word' id='word_1_385' title='bbox 2717 707 3009 761; x_wconf 79' lang='grc' dir='ltr'>ἐπλάσαντο</span> <span class='ocrx_word' id='word_1_386' title='bbox 3061 705 3121 761; x_wconf 67' lang='grc' dir='ltr'><strong>δι</strong></span> <span class='ocrx_word' id='word_1_387' title='bbox 3174 713 3263 761; x_wconf 81' lang='grc' dir='ltr'>καὶ</span> <span class='ocrx_word' id='word_1_388' title='bbox 3319 709 3467 763; x_wconf 66' lang='grc' dir='ltr'>αὐτοὶ</span> <span class='ocrx_word' id='word_1_389' title='bbox 3519 714 3585 764; x_wconf 82' lang='grc' dir='ltr'>τὰ</span> <span class='ocrx_word' id='word_1_390' title='bbox 3640 711 3839 785; x_wconf 74' lang='grc' dir='ltr'>ψευδῆ,</span> <span class='ocrx_word' id='word_1_391' title='bbox 3886 722 3979 769; x_wconf 81' lang='grc' dir='ltr'><strong>καὶ</strong></span> 
     </span>
    </p>
   </div>
   <div class='ocr_carea' id='block_1_66' title="bbox 2368 797 3976 877">
    <p class='ocr_par' dir='ltr' id='par_1_66' title="bbox 2368 797 3976 877">
     <span class='ocr_line' id='line_1_66' title="bbox 2368 797 3976 877; baseline 0.007 -29"><span class='ocrx_word' id='word_1_392' title='bbox 2368 797 2772 872; x_wconf 74' lang='grc' dir='ltr'>καθῄρησαν,ὡς</span> <span class='ocrx_word' id='word_1_393' title='bbox 2835 797 3099 871; x_wconf 77' lang='grc' dir='ltr'><strong>ἐνόμισαν,</strong></span> <span class='ocrx_word' id='word_1_394' title='bbox 3175 799 3507 870; x_wconf 82' lang='grc' dir='ltr'>Ἀθάνασιον,</span> <span class='ocrx_word' id='word_1_395' title='bbox 3562 798 3831 877; x_wconf 78' lang='grc' dir='ltr'><strong>δεξάμενοι</strong></span> <span class='ocrx_word' id='word_1_396' title='bbox 3887 812 3976 859; x_wconf 82' lang='grc' dir='ltr'>καὶ</span> 
     </span>
    </p>
   </div>
   <div class='ocr_carea' id='block_1_67' title="bbox 2370 885 3973 968">
    <p class='ocr_par' dir='ltr' id='par_1_67' title="bbox 2370 885 3973 968">
     <span class='ocr_line' id='line_1_67' title="bbox 2370 885 3973 968; baseline 0.006 -31"><span class='ocrx_word' id='word_1_397' title='bbox 2370 885 2525 938; x_wconf 85' lang='grc' dir='ltr'>αύτὸν</span> <span class='ocrx_word' id='word_1_398' title='bbox 2585 886 2870 961; x_wconf 84' lang='grc' dir='ltr'>Ἀρσένιον,</span> <span class='ocrx_word' id='word_1_399' title='bbox 2924 888 2986 941; x_wconf 76' lang='grc' dir='ltr'><strong>οὗ</strong></span> <span class='ocrx_word' id='word_1_400' title='bbox 3037 887 3216 960; x_wconf 79' lang='grc' dir='ltr'>ἔλεγον</span> <span class='ocrx_word' id='word_1_401' title='bbox 3279 887 3584 963; x_wconf 69' lang='grc' dir='ltr'><strong>ἐκκεκόφθαι</strong></span> <span class='ocrx_word' id='word_1_402' title='bbox 3647 898 3741 952; x_wconf 79' lang='grc' dir='ltr'>τὴν</span> <span class='ocrx_word' id='word_1_403' title='bbox 3790 902 3973 968; x_wconf 81' lang='grc' dir='ltr'>χεῖρα·</span> 
     </span>
    </p>
   </div>
   <div class='ocr_carea' id='block_1_68' title="bbox 2368 976 3976 1054">
    <p class='ocr_par' dir='ltr' id='par_1_68' title="bbox 2368 976 3976 1054">
     <span class='ocr_line' id='line_1_68' title="bbox 2368 976 3976 1054; baseline 0.006 -27"><span class='ocrx_word' id='word_1_404' title='bbox 2368 976 2444 1043; x_wconf 88' lang='grc' dir='ltr'>ὃς,</span> <span class='ocrx_word' id='word_1_405' title='bbox 2498 980 2748 1052; x_wconf 87' lang='grc' dir='ltr'>πρότερον</span> <span class='ocrx_word' id='word_1_406' title='bbox 2797 985 2892 1039; x_wconf 87' lang='grc' dir='ltr'>τῆς</span> <span class='ocrx_word' id='word_1_407' title='bbox 2939 977 3259 1031; x_wconf 85' lang='grc' dir='ltr'>Μελιτιανῶν</span> <span class='ocrx_word' id='word_1_408' title='bbox 3330 981 3613 1054; x_wconf 73' lang='grc' dir='ltr'><strong>θρησκείας</strong></span> <span class='ocrx_word' id='word_1_409' title='bbox 3692 981 3976 1044; x_wconf 82' lang='grc' dir='ltr'><strong>ἐπίσκοπος</strong></span> 
     </span>
    </p>
   </div>
   <div class='ocr_carea' id='block_1_69' title="bbox 2366 1067 3976 1142">
    <p class='ocr_par' dir='ltr' id='par_1_69' title="bbox 2366 1067 3976 1142">
     <span class='ocr_line' id='line_1_69' title="bbox 2366 1067 3976 1142; baseline 0.006 -26"><span class='ocrx_word' id='word_1_410' title='bbox 2366 1068 2456 1136; x_wconf 86' lang='grc' dir='ltr'><strong>ῶν,</strong></span> <span class='ocrx_word' id='word_1_411' title='bbox 2485 1073 2779 1125; x_wconf 75' lang='grc' dir='ltr'>τηνικαῦτα</span> <span class='ocrx_word' id='word_1_412' title='bbox 2819 1067 2944 1142; x_wconf 87' lang='grc' dir='ltr'>παρ’</span> <span class='ocrx_word' id='word_1_413' title='bbox 2993 1067 3170 1130; x_wconf 83' lang='grc' dir='ltr'>αὐτοῖς</span> <span class='ocrx_word' id='word_1_414' title='bbox 3212 1071 3276 1129; x_wconf 81' lang='grc' dir='ltr'>ὡς</span> <span class='ocrx_word' id='word_1_415' title='bbox 3317 1078 3415 1131; x_wconf 82' lang='grc' dir='ltr'>τῆς</span> <span class='ocrx_word' id='word_1_416' title='bbox 3450 1069 3806 1142; x_wconf 74' lang='grc' dir='ltr'>Ὑψηλετητῶν</span> <span class='ocrx_word' id='word_1_417' title='bbox 3867 1072 3976 1126; x_wconf 78' lang='grc' dir='ltr'>ἐπί-</span> 
     </span>
    </p>
   </div>
   <div class='ocr_carea' id='block_1_70' title="bbox 2369 1156 3611 1231">
    <p class='ocr_par' dir='ltr' id='par_1_70' title="bbox 2369 1156 3611 1231">
     <span class='ocr_line' id='line_1_70' title="bbox 2369 1156 3611 1231; baseline 0.006 -22"><span class='ocrx_word' id='word_1_418' title='bbox 2369 1174 2565 1219; x_wconf 88' lang='grc' dir='ltr'>σκοπος</span> <span class='ocrx_word' id='word_1_419' title='bbox 2602 1156 2793 1218; x_wconf 83' lang='grc' dir='ltr'>πόλεως</span> <span class='ocrx_word' id='word_1_420' title='bbox 2821 1156 3092 1231; x_wconf 68' lang='grc' dir='ltr'>ὑπέγραψε</span> <span class='ocrx_word' id='word_1_421' title='bbox 3114 1160 3253 1211; x_wconf 82' lang='grc' dir='ltr'><strong>κατὰ</strong></span> <span class='ocrx_word' id='word_1_422' title='bbox 3273 1158 3611 1216; x_wconf 55' lang='grc' dir='ltr'>’Ἀθανασίοω</span> 
     </span>
    </p>
   </div>
   <div class='ocr_carea' id='block_1_71' title="bbox 2435 1244 3950 1325">
    <p class='ocr_par' dir='ltr' id='par_1_71' title="bbox 2435 1244 3950 1325">
     <span class='ocr_line' id='line_1_71' title="bbox 2435 1244 3950 1325; baseline 0.001 -22"><span class='ocrx_word' id='word_1_423' title='bbox 2435 1245 2504 1320; x_wconf 79' lang='grc' dir='ltr'><strong>γ’.</strong></span> <span class='ocrx_word' id='word_1_424' title='bbox 2556 1246 2639 1301; x_wconf 87' lang='grc' dir='ltr'><strong><em>Ἐν</em></strong></span> <span class='ocrx_word' id='word_1_425' title='bbox 2685 1250 2853 1318; x_wconf 82' lang='grc' dir='ltr'>τούτῳ</span> <span class='ocrx_word' id='word_1_426' title='bbox 2895 1244 2947 1300; x_wconf 86' lang='grc' dir='ltr'>δ’</span> <span class='ocrx_word' id='word_1_427' title='bbox 2993 1246 3392 1321; x_wconf 74' lang='grc' dir='ltr'><strong>ἐξεργασθέντος</strong></span> <span class='ocrx_word' id='word_1_428' title='bbox 3438 1256 3531 1302; x_wconf 83' lang='grc' dir='ltr'>τοῦ</span> <span class='ocrx_word' id='word_1_429' title='bbox 3584 1248 3635 1302; x_wconf 75' lang='grc' dir='ltr'>ἐν</span> <span class='ocrx_word' id='word_1_430' title='bbox 3691 1250 3950 1325; x_wconf 84' lang='grc' dir='ltr'>Ἱεροσολύ</span> 
     </span>
    </p>
   </div>
   <div class='ocr_carea' id='block_1_72' title="bbox 2365 1340 3977 1415">
    <p class='ocr_par' dir='ltr' id='par_1_72' title="bbox 2365 1340 3977 1415">
     <span class='ocr_line' id='line_1_72' title="bbox 2365 1340 3977 1415; baseline 0.004 -27"><span class='ocrx_word' id='word_1_431' title='bbox 2365 1355 2480 1408; x_wconf 86' lang='grc' dir='ltr'>μοις</span> <span class='ocrx_word' id='word_1_432' title='bbox 2554 1343 2681 1389; x_wconf 77' lang='grc' dir='ltr'>ναοῦ</span> <span class='ocrx_word' id='word_1_433' title='bbox 2734 1342 2851 1412; x_wconf 72' lang='grc' dir='ltr'>περὶ</span> <span class='ocrx_word' id='word_1_434' title='bbox 2930 1340 3018 1389; x_wconf 89' lang='grc' dir='ltr'>τὸν</span> <span class='ocrx_word' id='word_1_435' title='bbox 3075 1344 3168 1390; x_wconf 84' lang='grc' dir='ltr'>τοῦ</span> <span class='ocrx_word' id='word_1_436' title='bbox 3220 1343 3432 1414; x_wconf 79' lang='grc' dir='ltr'><strong>κρανίου</strong></span> <span class='ocrx_word' id='word_1_437' title='bbox 3496 1347 3674 1414; x_wconf 88' lang='grc' dir='ltr'>χῶρον</span> <span class='ocrx_word' id='word_1_438' title='bbox 3726 1342 3781 1403; x_wconf 84' lang='grc' dir='ltr'>ὃς</span> <span class='ocrx_word' id='word_1_439' title='bbox 3836 1346 3977 1415; x_wconf 74' lang='grc' dir='ltr'>μέγα</span> 
     </span>
    </p>
   </div>
   <div class='ocr_carea' id='block_1_73' title="bbox 2365 1426 3975 1504">
    <p class='ocr_par' dir='ltr' id='par_1_73' title="bbox 2365 1426 3975 1504">
     <span class='ocr_line' id='line_1_73' title="bbox 2365 1426 3975 1504; baseline 0.003 -26"><span class='ocrx_word' id='word_1_440' title='bbox 2365 1429 2814 1501; x_wconf 75' lang='grc' dir='ltr'><strong>προσαγορεύεται</strong></span> <span class='ocrx_word' id='word_1_441' title='bbox 2893 1428 3199 1501; x_wconf 83' lang='grc' dir='ltr'>μαρτύριον,</span> <span class='ocrx_word' id='word_1_442' title='bbox 3279 1426 3536 1482; x_wconf 84' lang='grc' dir='ltr'>ἐκέλευσεν</span> <span class='ocrx_word' id='word_1_443' title='bbox 3609 1431 3635 1481; x_wconf 87' lang='grc' dir='ltr'><strong><em>ὁ</em></strong></span> <span class='ocrx_word' id='word_1_444' title='bbox 3720 1429 3975 1504; x_wconf 83' lang='grc' dir='ltr'>βασιλεύς</span> 
     </span>
    </p>
   </div>
   <div class='ocr_carea' id='block_1_74' title="bbox 2364 1513 3973 1590">
    <p class='ocr_par' dir='ltr' id='par_1_74' title="bbox 2364 1513 3973 1590">
     <span class='ocr_line' id='line_1_74' title="bbox 2364 1513 3973 1590; baseline 0.004 -23"><span class='ocrx_word' id='word_1_445' title='bbox 2364 1518 2483 1576; x_wconf 80' lang='grc' dir='ltr'>τοὺς</span> <span class='ocrx_word' id='word_1_446' title='bbox 2540 1513 2588 1567; x_wconf 76' lang='grc' dir='ltr'>ἓν</span> <span class='ocrx_word' id='word_1_447' title='bbox 2664 1518 2815 1590; x_wconf 83' lang='grc' dir='ltr'>Τύρῳ</span> <span class='ocrx_word' id='word_1_448' title='bbox 2879 1516 3293 1589; x_wconf 77' lang='grc' dir='ltr'>συνειλεγμενους</span> <span class='ocrx_word' id='word_1_449' title='bbox 3371 1516 3690 1582; x_wconf 85' lang='grc' dir='ltr'><strong>ἐπισκόπους</strong></span> <span class='ocrx_word' id='word_1_450' title='bbox 3746 1520 3973 1574; x_wconf 86' lang='grc' dir='ltr'>καταλα-</span> 
     </span>
    </p>
   </div>
   <div class='ocr_carea' id='block_1_75' title="bbox 2366 1603 3971 1685">
    <p class='ocr_par' dir='ltr' id='par_1_75' title="bbox 2366 1603 3971 1685">
     <span class='ocr_line' id='line_1_75' title="bbox 2366 1603 3971 1685; baseline 0.002 -28"><span class='ocrx_word' id='word_1_451' title='bbox 2366 1603 2471 1658; x_wconf 84' lang='grc' dir='ltr'>ϐεῖν</span> <span class='ocrx_word' id='word_1_452' title='bbox 2514 1609 2579 1664; x_wconf 75' lang='grc' dir='ltr'>τὴ</span> <span class='ocrx_word' id='word_1_453' title='bbox 2636 1603 2992 1679; x_wconf 84' lang='grc' dir='ltr'>Ἰεροσόλυμα,</span> <span class='ocrx_word' id='word_1_454' title='bbox 3070 1611 3161 1659; x_wconf 82' lang='grc' dir='ltr'><strong>καὶ</strong></span> <span class='ocrx_word' id='word_1_455' title='bbox 3216 1610 3305 1659; x_wconf 86' lang='grc' dir='ltr'>τὸν</span> <span class='ocrx_word' id='word_1_456' title='bbox 3359 1616 3594 1661; x_wconf 83' lang='grc' dir='ltr'>τοιοῦτον</span> <span class='ocrx_word' id='word_1_457' title='bbox 3649 1612 3971 1685; x_wconf 77' lang='grc' dir='ltr'><strong>καθιερῶσαι</strong></span> 
     </span>
    </p>
   </div>
   <div class='ocr_carea' id='block_1_76' title="bbox 2362 1690 3970 1775">
    <p class='ocr_par' dir='ltr' id='par_1_76' title="bbox 2362 1690 3970 1775">
     <span class='ocr_line' id='line_1_76' title="bbox 2362 1690 3970 1775; baseline 0.004 -30"><span class='ocrx_word' id='word_1_458' title='bbox 2362 1697 2504 1750; x_wconf 88' lang='grc' dir='ltr'>ναόν.</span> <span class='ocrx_word' id='word_1_459' title='bbox 2563 1700 2867 1752; x_wconf 81' lang='grc' dir='ltr'>Τηνικαῦτα</span> <span class='ocrx_word' id='word_1_460' title='bbox 2915 1690 2976 1747; x_wconf 75' lang='grc' dir='ltr'><strong>δε</strong></span> <span class='ocrx_word' id='word_1_461' title='bbox 3019 1698 3200 1768; x_wconf 87' lang='grc' dir='ltr'>καιρὸν</span> <span class='ocrx_word' id='word_1_462' title='bbox 3248 1697 3478 1771; x_wconf 81' lang='grc' dir='ltr'>εὑρόντες</span> <span class='ocrx_word' id='word_1_463' title='bbox 3530 1700 3580 1751; x_wconf 87' lang='grc' dir='ltr'>οἱ</span> <span class='ocrx_word' id='word_1_464' title='bbox 3635 1697 3970 1775; x_wconf 74' lang='grc' dir='ltr'>ἀρειανόφρο-</span> 
     </span>
    </p>
   </div>
   <div class='ocr_carea' id='block_1_77' title="bbox 2360 1779 3967 1859">
    <p class='ocr_par' dir='ltr' id='par_1_77' title="bbox 2360 1779 3967 1859">
     <span class='ocr_line' id='line_1_77' title="bbox 2360 1779 3967 1859; baseline 0.002 -24"><span class='ocrx_word' id='word_1_465' title='bbox 2360 1802 2440 1845; x_wconf 90' lang='grc' dir='ltr'><strong>νες</strong></span> <span class='ocrx_word' id='word_1_466' title='bbox 2479 1779 2818 1836; x_wconf 71' lang='grc' dir='ltr'>ἐσπούδασαν</span> <span class='ocrx_word' id='word_1_467' title='bbox 2863 1782 2910 1836; x_wconf 76' lang='grc' dir='ltr'><strong>ἐν</strong></span> <span class='ocrx_word' id='word_1_468' title='bbox 2961 1783 3338 1859; x_wconf 87' lang='grc' dir='ltr'>Ἱεροσολύμοις</span> <span class='ocrx_word' id='word_1_469' title='bbox 3426 1790 3669 1858; x_wconf 79' lang='grc' dir='ltr'>γενέσθαι</span> <span class='ocrx_word' id='word_1_470' title='bbox 3724 1785 3967 1859; x_wconf 75' lang='grc' dir='ltr'><strong>σύνοδον,</strong></span> 
     </span>
    </p>
   </div>
   <div class='ocr_carea' id='block_1_78' title="bbox 2360 1869 3971 1949">
    <p class='ocr_par' dir='ltr' id='par_1_78' title="bbox 2360 1869 3971 1949">
     <span class='ocr_line' id='line_1_78' title="bbox 2360 1869 3971 1949; baseline 0.002 -24"><span class='ocrx_word' id='word_1_471' title='bbox 2360 1877 2451 1926; x_wconf 83' lang='grc' dir='ltr'>καὶ</span> <span class='ocrx_word' id='word_1_472' title='bbox 2474 1878 2745 1935; x_wconf 88' lang='grc' dir='ltr'>κοινωνίας</span> <span class='ocrx_word' id='word_1_473' title='bbox 2782 1869 3103 1946; x_wconf 81' lang='grc' dir='ltr'>μεταδοῦναι</span> <span class='ocrx_word' id='word_1_474' title='bbox 3131 1874 3317 1949; x_wconf 81' lang='grc' dir='ltr'>Ἀρείῳ</span> <span class='ocrx_word' id='word_1_475' title='bbox 3357 1881 3447 1928; x_wconf 85' lang='grc' dir='ltr'><strong>καὶ</strong></span> <span class='ocrx_word' id='word_1_476' title='bbox 3501 1876 3717 1949; x_wconf 75' lang='grc' dir='ltr'>Εύζωῖῳ</span> <span class='ocrx_word' id='word_1_477' title='bbox 3757 1883 3971 1931; x_wconf 76' lang='grc' dir='ltr'>πείσαν-</span> 
     </span>
    </p>
   </div>
   <div class='ocr_carea' id='block_1_79' title="bbox 2359 1960 3970 2040">
    <p class='ocr_par' dir='ltr' id='par_1_79' title="bbox 2359 1960 3970 2040">
     <span class='ocr_line' id='line_1_79' title="bbox 2359 1960 3970 2040; baseline 0.002 -24"><span class='ocrx_word' id='word_1_478' title='bbox 2359 1981 2438 2024; x_wconf 85' lang='grc' dir='ltr'><strong>τες</strong></span> <span class='ocrx_word' id='word_1_479' title='bbox 2479 1967 2653 2015; x_wconf 82' lang='grc' dir='ltr'>τοίνυν</span> <span class='ocrx_word' id='word_1_480' title='bbox 2708 1966 2796 2015; x_wconf 86' lang='grc' dir='ltr'><strong>τὸν</strong></span> <span class='ocrx_word' id='word_1_481' title='bbox 2851 1961 3079 2036; x_wconf 86' lang='grc' dir='ltr'>βασιλεα</span> <span class='ocrx_word' id='word_1_482' title='bbox 3144 1960 3241 2017; x_wconf 82' lang='grc' dir='ltr'>διὰ</span> <span class='ocrx_word' id='word_1_483' title='bbox 3308 1972 3406 2028; x_wconf 81' lang='grc' dir='ltr'>τῆς</span> <span class='ocrx_word' id='word_1_484' title='bbox 3491 1965 3673 2019; x_wconf 79' lang='grc' dir='ltr'>ἑαυτοῦ</span> <span class='ocrx_word' id='word_1_485' title='bbox 3741 1964 3970 2040; x_wconf 71' lang='grc' dir='ltr'>ἀδελφῆς</span> 
     </span>
    </p>
   </div>
   <div class='ocr_carea' id='block_1_80' title="bbox 2362 2056 3943 2132">
    <p class='ocr_par' dir='ltr' id='par_1_80' title="bbox 2362 2056 3943 2132">
     <span class='ocr_line' id='line_1_80' title="bbox 2362 2056 3943 2132; baseline 0.002 -26"><span class='ocrx_word' id='word_1_486' title='bbox 2362 2056 2728 2115; x_wconf 82' lang='grc' dir='ltr'>Κωνσταντίας</span> <span class='ocrx_word' id='word_1_487' title='bbox 2800 2059 2891 2105; x_wconf 82' lang='grc' dir='ltr'>καὶ</span> <span class='ocrx_word' id='word_1_488' title='bbox 2962 2061 3055 2106; x_wconf 87' lang='grc' dir='ltr'>τοῦ</span> <span class='ocrx_word' id='word_1_489' title='bbox 3105 2059 3565 2130; x_wconf 77' lang='grc' dir='ltr'>προσῳκειωμένου</span> <span class='ocrx_word' id='word_1_490' title='bbox 3631 2060 3793 2129; x_wconf 74' lang='grc' dir='ltr'>ταύτῃ</span> <span class='ocrx_word' id='word_1_491' title='bbox 3848 2077 3943 2132; x_wconf 86' lang='grc' dir='ltr'><strong>πρε</strong></span> 
     </span>
    </p>
   </div>
   <div class='ocr_carea' id='block_1_81' title="bbox 2362 2140 3982 2218">
    <p class='ocr_par' dir='ltr' id='par_1_81' title="bbox 2362 2140 3982 2218">
     <span class='ocr_line' id='line_1_81' title="bbox 2362 2140 3982 2218; baseline 0.002 -23"><span class='ocrx_word' id='word_1_492' title='bbox 2362 2140 2613 2218; x_wconf 84' lang='grc' dir='ltr'>σϐυτέρου</span> <span class='ocrx_word' id='word_1_493' title='bbox 2698 2140 2958 2218; x_wconf 78' lang='grc' dir='ltr'>ἀρειανοῡ,</span> <span class='ocrx_word' id='word_1_494' title='bbox 3008 2146 3405 2218; x_wconf 83' lang='grc' dir='ltr'>παρεσκεύασαν</span> <span class='ocrx_word' id='word_1_495' title='bbox 3456 2145 3613 2198; x_wconf 77' lang='grc' dir='ltr'>αὐτὸν</span> <span class='ocrx_word' id='word_1_496' title='bbox 3677 2148 3982 2200; x_wconf 74' lang='grc' dir='ltr'>θεάσασθαι</span> 
     </span>
    </p>
   </div>
   <div class='ocr_carea' id='block_1_82' title="bbox 2359 2228 3970 2311">
    <p class='ocr_par' dir='ltr' id='par_1_82' title="bbox 2359 2228 3970 2311">
     <span class='ocr_line' id='line_1_82' title="bbox 2359 2228 3970 2311; baseline 0.002 -26"><span class='ocrx_word' id='word_1_497' title='bbox 2359 2230 2567 2306; x_wconf 78' lang='grc' dir='ltr'>’Δρεεον</span> <span class='ocrx_word' id='word_1_498' title='bbox 2598 2235 2687 2283; x_wconf 83' lang='grc' dir='ltr'>καὶ</span> <span class='ocrx_word' id='word_1_499' title='bbox 2712 2231 2963 2301; x_wconf 84' lang='grc' dir='ltr'><strong>Εύζώῑον,</strong></span> <span class='ocrx_word' id='word_1_500' title='bbox 3026 2231 3115 2294; x_wconf 86' lang='grc' dir='ltr'><strong>ούς</strong></span> <span class='ocrx_word' id='word_1_501' title='bbox 3174 2228 3301 2285; x_wconf 86' lang='grc' dir='ltr'>ἰδὼν</span> <span class='ocrx_word' id='word_1_502' title='bbox 3352 2238 3443 2287; x_wconf 81' lang='grc' dir='ltr'>καὶ</span> <span class='ocrx_word' id='word_1_503' title='bbox 3494 2233 3762 2288; x_wconf 76' lang='grc' dir='ltr'>ὑπολαϐὼν</span> <span class='ocrx_word' id='word_1_504' title='bbox 3793 2255 3970 2311; x_wconf 86' lang='grc' dir='ltr'>παρα-</span> 
     </span>
    </p>
   </div>
   <div class='ocr_carea' id='block_1_83' title="bbox 2358 2318 3968 2398">
    <p class='ocr_par' dir='ltr' id='par_1_83' title="bbox 2358 2318 3968 2398">
     <span class='ocr_line' id='line_1_83' title="bbox 2358 2318 3968 2398; baseline 0.002 -24"><span class='ocrx_word' id='word_1_505' title='bbox 2358 2318 2597 2383; x_wconf 84' lang='grc' dir='ltr'>πλησίως</span> <span class='ocrx_word' id='word_1_506' title='bbox 2626 2326 2737 2383; x_wconf 85' lang='grc' dir='ltr'>τοῖς</span> <span class='ocrx_word' id='word_1_507' title='bbox 2768 2318 2816 2372; x_wconf 77' lang='grc' dir='ltr'><strong><em>ἓν</em></strong></span> <span class='ocrx_word' id='word_1_508' title='bbox 2865 2326 3064 2393; x_wconf 81' lang='grc' dir='ltr'>Νικαίᾳ</span> <span class='ocrx_word' id='word_1_509' title='bbox 3108 2318 3371 2390; x_wconf 78' lang='grc' dir='ltr'>δοξάζειν,</span> <span class='ocrx_word' id='word_1_510' title='bbox 3432 2322 3628 2396; x_wconf 59' lang='grc' dir='ltr'>ἔπεμψε</span> <span class='ocrx_word' id='word_1_511' title='bbox 3673 2327 3803 2398; x_wconf 87' lang='grc' dir='ltr'>πρὸς</span> <span class='ocrx_word' id='word_1_512' title='bbox 3853 2328 3968 2387; x_wconf 80' lang='grc' dir='ltr'>τοὺς</span> 
     </span>
    </p>
   </div>
   <div class='ocr_carea' id='block_1_84' title="bbox 2360 2407 3969 2490">
    <p class='ocr_par' dir='ltr' id='par_1_84' title="bbox 2360 2407 3969 2490">
     <span class='ocr_line' id='line_1_84' title="bbox 2360 2407 3969 2490; baseline 0.002 -29"><span class='ocrx_word' id='word_1_513' title='bbox 2360 2408 2412 2462; x_wconf 79' lang='grc' dir='ltr'><strong>ἐν</strong></span> <span class='ocrx_word' id='word_1_514' title='bbox 2486 2407 2863 2483; x_wconf 85' lang='grc' dir='ltr'>Ἰεροσολύμοις</span> <span class='ocrx_word' id='word_1_515' title='bbox 2928 2411 3287 2479; x_wconf 83' lang='grc' dir='ltr'>συνελθόντας,</span> <span class='ocrx_word' id='word_1_516' title='bbox 3343 2412 3557 2486; x_wconf 69' lang='grc' dir='ltr'>γράψας</span> <span class='ocrx_word' id='word_1_517' title='bbox 3610 2413 3969 2490; x_wconf 78' lang='grc' dir='ltr'>φιλάνθρωπον</span> 
     </span>
    </p>
   </div>
   <div class='ocr_carea' id='block_1_85' title="bbox 2360 2496 3970 2575">
    <p class='ocr_par' dir='ltr' id='par_1_85' title="bbox 2360 2496 3970 2575">
     <span class='ocr_line' id='line_1_85' title="bbox 2360 2496 3970 2575; baseline 0.004 -24"><span class='ocrx_word' id='word_1_518' title='bbox 2360 2496 2436 2552; x_wconf 76' lang='grc' dir='ltr'><strong>ἐπ’</strong></span> <span class='ocrx_word' id='word_1_519' title='bbox 2468 2498 2648 2561; x_wconf 77' lang='grc' dir='ltr'>αὐτοῖς</span> <span class='ocrx_word' id='word_1_520' title='bbox 2693 2498 2968 2571; x_wconf 75' lang='grc' dir='ltr'>ἐνεχθῆναι</span> <span class='ocrx_word' id='word_1_521' title='bbox 3024 2498 3218 2572; x_wconf 71' lang='grc' dir='ltr'>ψῆφον,</span> <span class='ocrx_word' id='word_1_522' title='bbox 3276 2500 3320 2554; x_wconf 82' lang='grc' dir='ltr'>εἰ</span> <span class='ocrx_word' id='word_1_523' title='bbox 3367 2500 3533 2575; x_wconf 83' lang='grc' dir='ltr'>ὀρθῶς</span> <span class='ocrx_word' id='word_1_524' title='bbox 3562 2510 3757 2575; x_wconf 79' lang='grc' dir='ltr'>φανεῖεν</span> <span class='ocrx_word' id='word_1_525' title='bbox 3817 2500 3970 2566; x_wconf 78' lang='grc' dir='ltr'>δοξά-</span> 
     </span>
    </p>
   </div>
   <div class='ocr_carea' id='block_1_86' title="bbox 2361 2586 3965 2667">
    <p class='ocr_par' dir='ltr' id='par_1_86' title="bbox 2361 2586 3965 2667">
     <span class='ocr_line' id='line_1_86' title="bbox 2361 2586 3965 2667; baseline 0.004 -26"><span class='ocrx_word' id='word_1_526' title='bbox 2361 2589 2556 2652; x_wconf 73' lang='grc' dir='ltr'>ζοντεςσ</span> <span class='ocrx_word' id='word_1_527' title='bbox 2588 2596 2778 2664; x_wconf 78' lang='grc' dir='ltr'>καιροῦ</span> <span class='ocrx_word' id='word_1_528' title='bbox 2807 2594 2980 2642; x_wconf 84' lang='grc' dir='ltr'>τοίνυν</span> <span class='ocrx_word' id='word_1_529' title='bbox 3021 2586 3340 2665; x_wconf 78' lang='grc' dir='ltr'>δραξάμενοι</span> <span class='ocrx_word' id='word_1_530' title='bbox 3365 2593 3414 2643; x_wconf 86' lang='grc' dir='ltr'><strong>οἰ</strong></span> <span class='ocrx_word' id='word_1_531' title='bbox 3445 2591 3698 2667; x_wconf 85' lang='grc' dir='ltr'>Ἀρειανοὶ</span> <span class='ocrx_word' id='word_1_532' title='bbox 3759 2590 3965 2657; x_wconf 81' lang='grc' dir='ltr'><strong>ἐδέξαν-</strong></span> 
     </span>
    </p>
   </div>
   <div class='ocr_carea' id='block_1_87' title="bbox 2357 2678 3965 2756">
    <p class='ocr_par' dir='ltr' id='par_1_87' title="bbox 2357 2678 3965 2756">
     <span class='ocr_line' id='line_1_87' title="bbox 2357 2678 3965 2756; baseline 0.003 -26"><span class='ocrx_word' id='word_1_533' title='bbox 2357 2696 2416 2732; x_wconf 90' lang='grc' dir='ltr'><strong>το</strong></span> <span class='ocrx_word' id='word_1_534' title='bbox 2464 2681 2702 2748; x_wconf 82' lang='grc' dir='ltr'>τούτους,</span> <span class='ocrx_word' id='word_1_535' title='bbox 2747 2683 2837 2732; x_wconf 84' lang='grc' dir='ltr'>καὶ</span> <span class='ocrx_word' id='word_1_536' title='bbox 2884 2682 3027 2750; x_wconf 80' lang='grc' dir='ltr'>αὐτῷ</span> <span class='ocrx_word' id='word_1_537' title='bbox 3086 2678 3299 2752; x_wconf 86' lang='grc' dir='ltr'>βασιλεί</span> <span class='ocrx_word' id='word_1_538' title='bbox 3343 2685 3435 2733; x_wconf 80' lang='grc' dir='ltr'><strong>καὶ</strong></span> <span class='ocrx_word' id='word_1_539' title='bbox 3483 2689 3595 2744; x_wconf 87' lang='grc' dir='ltr'>τοῖς</span> <span class='ocrx_word' id='word_1_540' title='bbox 3650 2686 3965 2756; x_wconf 72' lang='grc' dir='ltr'>ἁπανταχοῦ</span> 
     </span>
    </p>
   </div>
   <div class='ocr_carea' id='block_1_88' title="bbox 2358 2766 3960 2846">
    <p class='ocr_par' dir='ltr' id='par_1_88' title="bbox 2358 2766 3960 2846">
     <span class='ocr_line' id='line_1_88' title="bbox 2358 2766 3960 2846; baseline 0.004 -24"><span class='ocrx_word' id='word_1_541' title='bbox 2358 2768 2665 2831; x_wconf 76' lang='grc' dir='ltr'>ἐπισκόποις</span> <span class='ocrx_word' id='word_1_542' title='bbox 2730 2767 2962 2843; x_wconf 68' lang='grc' dir='ltr'>ἔγραψαν</span> <span class='ocrx_word' id='word_1_543' title='bbox 3021 2766 3337 2843; x_wconf 81' lang='grc' dir='ltr'>ὁρθοδόξους</span> <span class='ocrx_word' id='word_1_544' title='bbox 3417 2773 3678 2846; x_wconf 83' lang='grc' dir='ltr'>ὑπάρχειν</span> <span class='ocrx_word' id='word_1_545' title='bbox 3749 2773 3960 2836; x_wconf 75' lang='grc' dir='ltr'>αὐτούς.</span> 
     </span>
    </p>
   </div>
   <div class='ocr_carea' id='block_1_89' title="bbox 2430 2855 3963 2934">
    <p class='ocr_par' dir='ltr' id='par_1_89' title="bbox 2430 2855 3963 2934">
     <span class='ocr_line' id='line_1_89' title="bbox 2430 2855 3963 2934; baseline 0.003 -23"><span class='ocrx_word' id='word_1_546' title='bbox 2430 2855 2497 2914; x_wconf 87' lang='grc' dir='ltr'><strong>δ’.</strong></span> <span class='ocrx_word' id='word_1_547' title='bbox 2567 2860 2773 2915; x_wconf 86' lang='grc' dir='ltr'>Τούτων</span> <span class='ocrx_word' id='word_1_548' title='bbox 2838 2858 2973 2911; x_wconf 76' lang='grc' dir='ltr'>οὓτω</span> <span class='ocrx_word' id='word_1_549' title='bbox 3048 2864 3433 2934; x_wconf 80' lang='grc' dir='ltr'>πραττομένων,</span> <span class='ocrx_word' id='word_1_550' title='bbox 3513 2862 3827 2927; x_wconf 83' lang='grc' dir='ltr'>Ἀθανασιος</span> <span class='ocrx_word' id='word_1_551' title='bbox 3910 2862 3963 2915; x_wconf 73' lang='grc' dir='ltr'><strong>ἐκ</strong></span> 
     </span>
    </p>
   </div>
   <div class='ocr_carea' id='block_1_90' title="bbox 2357 2948 3964 3023">
    <p class='ocr_par' dir='ltr' id='par_1_90' title="bbox 2357 2948 3964 3023">
     <span class='ocr_line' id='line_1_90' title="bbox 2357 2948 3964 3023; baseline 0.003 -22"><span class='ocrx_word' id='word_1_552' title='bbox 2357 2951 2531 3023; x_wconf 87' lang='grc' dir='ltr'>Τύρου</span> <span class='ocrx_word' id='word_1_553' title='bbox 2569 2952 2746 3021; x_wconf 73' lang='grc' dir='ltr'>φυγὼν</span> <span class='ocrx_word' id='word_1_554' title='bbox 2788 2952 2861 3010; x_wconf 87' lang='grc' dir='ltr'>εὶς</span> <span class='ocrx_word' id='word_1_555' title='bbox 2921 2950 3461 3003; x_wconf 86' lang='grc' dir='ltr'>Κωνσταντινούπολιν</span> <span class='ocrx_word' id='word_1_556' title='bbox 3519 2948 3691 3010; x_wconf 77' lang='grc' dir='ltr'>ἦλθεν·</span> <span class='ocrx_word' id='word_1_557' title='bbox 3761 2949 3823 3005; x_wconf 76' lang='grc' dir='ltr'><strong>οὗ</strong></span> <span class='ocrx_word' id='word_1_558' title='bbox 3876 2960 3964 3013; x_wconf 80' lang='grc' dir='ltr'>τῆς</span> 
     </span>
    </p>
   </div>
   <div class='ocr_carea' id='block_1_91' title="bbox 2361 3035 3976 3117">
    <p class='ocr_par' dir='ltr' id='par_1_91' title="bbox 2361 3035 3976 3117">
     <span class='ocr_line' id='line_1_91' title="bbox 2361 3035 3976 3117; baseline 0.003 -26"><span class='ocrx_word' id='word_1_559' title='bbox 2361 3035 2592 3101; x_wconf 78' lang='grc' dir='ltr'>δεήσεως</span> <span class='ocrx_word' id='word_1_560' title='bbox 2643 3036 2874 3101; x_wconf 82' lang='grc' dir='ltr'>ἀκούσας</span> <span class='ocrx_word' id='word_1_561' title='bbox 2922 3040 2948 3091; x_wconf 86' lang='grc' dir='ltr'>ὁ</span> <span class='ocrx_word' id='word_1_562' title='bbox 3004 3037 3253 3113; x_wconf 80' lang='grc' dir='ltr'>βασιλεὺς</span> <span class='ocrx_word' id='word_1_563' title='bbox 3301 3045 3374 3115; x_wconf 83' lang='grc' dir='ltr'>μὴ</span> <span class='ocrx_word' id='word_1_564' title='bbox 3435 3037 3651 3103; x_wconf 81' lang='grc' dir='ltr'>δικαίως</span> <span class='ocrx_word' id='word_1_565' title='bbox 3717 3045 3976 3117; x_wconf 70' lang='grc' dir='ltr'>κριθῆναι’</span> 
     </span>
    </p>
   </div>
   <div class='ocr_carea' id='block_1_92' title="bbox 2358 3127 3964 3205">
    <p class='ocr_par' dir='ltr' id='par_1_92' title="bbox 2358 3127 3964 3205">
     <span class='ocr_line' id='line_1_92' title="bbox 2358 3127 3964 3205; baseline 0.003 -24"><span class='ocrx_word' id='word_1_566' title='bbox 2358 3127 2617 3201; x_wconf 78' lang='grc' dir='ltr'>λέγοντος,</span> <span class='ocrx_word' id='word_1_567' title='bbox 2671 3127 2867 3202; x_wconf 75' lang='grc' dir='ltr'>ἔγραψε</span> <span class='ocrx_word' id='word_1_568' title='bbox 2920 3135 3031 3191; x_wconf 85' lang='grc' dir='ltr'>τοῖς</span> <span class='ocrx_word' id='word_1_569' title='bbox 3095 3128 3143 3181; x_wconf 86' lang='grc' dir='ltr'>ἐν</span> <span class='ocrx_word' id='word_1_570' title='bbox 3199 3132 3348 3203; x_wconf 84' lang='grc' dir='ltr'>Τύρῳ</span> <span class='ocrx_word' id='word_1_571' title='bbox 3400 3133 3829 3205; x_wconf 86' lang='grc' dir='ltr'>συναθροισθεῖσι</span> <span class='ocrx_word' id='word_1_572' title='bbox 3877 3138 3964 3191; x_wconf 79' lang='grc' dir='ltr'><strong>τή’</strong></span> 
     </span>
    </p>
   </div>
   <div class='ocr_carea' id='block_1_93' title="bbox 2357 3217 3964 3295">
    <p class='ocr_par' dir='ltr' id='par_1_93' title="bbox 2357 3217 3964 3295">
     <span class='ocr_line' id='line_1_93' title="bbox 2357 3217 3964 3295; baseline 0.002 -25"><span class='ocrx_word' id='word_1_573' title='bbox 2357 3225 2578 3271; x_wconf 81' lang='grc' dir='ltr'>νικαύτα</span> <span class='ocrx_word' id='word_1_574' title='bbox 2632 3217 2938 3271; x_wconf 87' lang='grc' dir='ltr'>καταλαϐεῖν</span> <span class='ocrx_word' id='word_1_575' title='bbox 2984 3220 3113 3294; x_wconf 88' lang='grc' dir='ltr'>πρὸς</span> <span class='ocrx_word' id='word_1_576' title='bbox 3152 3219 3329 3290; x_wconf 79' lang='grc' dir='ltr'>αύτόν,</span> <span class='ocrx_word' id='word_1_577' title='bbox 3372 3222 3460 3287; x_wconf 45' lang='grc' dir='ltr'>,ὡς</span> <span class='ocrx_word' id='word_1_578' title='bbox 3520 3223 3581 3273; x_wconf 81' lang='grc' dir='ltr'>ἄν</span> <span class='ocrx_word' id='word_1_579' title='bbox 3656 3221 3719 3275; x_wconf 77' lang='grc' dir='ltr'>ἐπ</span> <span class='ocrx_word' id='word_1_580' title='bbox 3781 3222 3964 3295; x_wconf 77' lang='grc' dir='ltr'>ὄψεσιν</span> 
     </span>
    </p>
   </div>
   <div class='ocr_carea' id='block_1_94' title="bbox 2360 3302 3967 3381">
    <p class='ocr_par' dir='ltr' id='par_1_94' title="bbox 2360 3302 3967 3381">
     <span class='ocr_line' id='line_1_94' title="bbox 2360 3302 3967 3381; baseline 0.003 -22"><span class='ocrx_word' id='word_1_581' title='bbox 2360 3306 2521 3360; x_wconf 67' lang='grc' dir='ltr'>αὑτοῦ</span> <span class='ocrx_word' id='word_1_582' title='bbox 2573 3302 2924 3381; x_wconf 83' lang='grc' dir='ltr'>δοκιμασθείη</span> <span class='ocrx_word' id='word_1_583' title='bbox 2978 3310 3046 3360; x_wconf 83' lang='grc' dir='ltr'>τὰ</span> <span class='ocrx_word' id='word_1_584' title='bbox 3116 3310 3255 3361; x_wconf 81' lang='grc' dir='ltr'>κατὰ</span> <span class='ocrx_word' id='word_1_585' title='bbox 3328 3308 3666 3367; x_wconf 81' lang='grc' dir='ltr'>Ἀθανασίου.</span> <span class='ocrx_word' id='word_1_586' title='bbox 3729 3312 3967 3366; x_wconf 76' lang='grc' dir='ltr'>Καταλαο</span> 
     </span>
    </p>
   </div>
   <div class='ocr_carea' id='block_1_95' title="bbox 2362 3393 3964 3477">
    <p class='ocr_par' dir='ltr' id='par_1_95' title="bbox 2362 3393 3964 3477">
     <span class='ocr_line' id='line_1_95' title="bbox 2362 3393 3964 3477; baseline 0.002 -28"><span class='ocrx_word' id='word_1_587' title='bbox 2362 3395 2552 3449; x_wconf 89' lang='grc' dir='ltr'>ϐὀντων</span> <span class='ocrx_word' id='word_1_588' title='bbox 2597 3393 2687 3449; x_wconf 82' lang='grc' dir='ltr'><strong>οὖν</strong></span> <span class='ocrx_word' id='word_1_589' title='bbox 2717 3396 2907 3466; x_wconf 77' lang='grc' dir='ltr'>αὐτῶν,</span> <span class='ocrx_word' id='word_1_590' title='bbox 2966 3395 3210 3458; x_wconf 74' lang='grc' dir='ltr'>Εὐσέϐιος</span> <span class='ocrx_word' id='word_1_591' title='bbox 3256 3398 3281 3449; x_wconf 91' lang='grc' dir='ltr'><strong><em>ὁ</em></strong></span> <span class='ocrx_word' id='word_1_592' title='bbox 3329 3396 3695 3473; x_wconf 86' lang='grc' dir='ltr'>Νικομηδείας</span> <span class='ocrx_word' id='word_1_593' title='bbox 3749 3400 3964 3477; x_wconf 82' lang='grc' dir='ltr'>ἰσχυρί-</span> 
     </span>
    </p>
   </div>
   <div class='ocr_carea' id='block_1_96' title="bbox 2363 3482 3965 3564">
    <p class='ocr_par' dir='ltr' id='par_1_96' title="bbox 2363 3482 3965 3564">
     <span class='ocr_line' id='line_1_96' title="bbox 2363 3482 3965 3564; baseline 0.001 -25"><span class='ocrx_word' id='word_1_594' title='bbox 2363 3485 2476 3547; x_wconf 81' lang='grc' dir='ltr'>ζετο</span> <span class='ocrx_word' id='word_1_595' title='bbox 2536 3482 2750 3539; x_wconf 87' lang='grc' dir='ltr'>δικαίαν</span> <span class='ocrx_word' id='word_1_596' title='bbox 2802 3490 2896 3545; x_wconf 79' lang='grc' dir='ltr'>τὴν</span> <span class='ocrx_word' id='word_1_597' title='bbox 2952 3486 3037 3539; x_wconf 79' lang='grc' dir='ltr'>ἐπὶ</span> <span class='ocrx_word' id='word_1_598' title='bbox 3093 3486 3406 3541; x_wconf 85' lang='grc' dir='ltr'>Ἀθανάσιον</span> <span class='ocrx_word' id='word_1_599' title='bbox 3454 3491 3697 3561; x_wconf 84' lang='grc' dir='ltr'>γενέσθαι</span> <span class='ocrx_word' id='word_1_600' title='bbox 3770 3489 3965 3564; x_wconf 67' lang='grc' dir='ltr'>ψῆφον,</span> 
     </span>
    </p>
   </div>
   <div class='ocr_carea' id='block_1_97' title="bbox 2361 3577 3967 3655">
    <p class='ocr_par' dir='ltr' id='par_1_97' title="bbox 2361 3577 3967 3655">
     <span class='ocr_line' id='line_1_97' title="bbox 2361 3577 3967 3655; baseline 0.002 -28"><span class='ocrx_word' id='word_1_601' title='bbox 2361 3577 2631 3651; x_wconf 84' lang='grc' dir='ltr'>μάρτυρας</span> <span class='ocrx_word' id='word_1_602' title='bbox 2653 3583 2861 3650; x_wconf 85' lang='grc' dir='ltr'>παρῆγε</span> <span class='ocrx_word' id='word_1_603' title='bbox 2891 3580 3107 3648; x_wconf 83' lang='grc' dir='ltr'>Θέογνιν</span> <span class='ocrx_word' id='word_1_604' title='bbox 3165 3582 3259 3630; x_wconf 83' lang='grc' dir='ltr'>καὶ</span> <span class='ocrx_word' id='word_1_605' title='bbox 3314 3581 3487 3654; x_wconf 86' lang='grc' dir='ltr'>Μάριν</span> <span class='ocrx_word' id='word_1_606' title='bbox 3542 3584 3633 3632; x_wconf 85' lang='grc' dir='ltr'><strong>καὶ</strong></span> <span class='ocrx_word' id='word_1_607' title='bbox 3694 3578 3967 3655; x_wconf 86' lang='grc' dir='ltr'>Θεόδωρον</span> 
     </span>
    </p>
   </div>
   <div class='ocr_carea' id='block_1_98' title="bbox 2362 3663 3968 3741">
    <p class='ocr_par' dir='ltr' id='par_1_98' title="bbox 2362 3663 3968 3741">
     <span class='ocr_line' id='line_1_98' title="bbox 2362 3663 3968 3741; baseline 0.002 -25"><span class='ocrx_word' id='word_1_608' title='bbox 2362 3668 2454 3716; x_wconf 81' lang='grc' dir='ltr'><strong>καὶ</strong></span> <span class='ocrx_word' id='word_1_609' title='bbox 2503 3663 2768 3718; x_wconf 72' lang='grc' dir='ltr'>Οὐάλεντα</span> <span class='ocrx_word' id='word_1_610' title='bbox 2812 3668 2903 3718; x_wconf 83' lang='grc' dir='ltr'>καὶ</span> <span class='ocrx_word' id='word_1_611' title='bbox 2959 3665 3279 3739; x_wconf 76' lang='grc' dir='ltr'>Ούρσάκιον.</span> <span class='ocrx_word' id='word_1_612' title='bbox 3331 3665 3391 3719; x_wconf 72' lang='grc' dir='ltr'>Ὀ</span> <span class='ocrx_word' id='word_1_613' title='bbox 3462 3663 3522 3720; x_wconf 70' lang='grc' dir='ltr'><strong>δε</strong></span> <span class='ocrx_word' id='word_1_614' title='bbox 3567 3666 3815 3741; x_wconf 72' lang='grc' dir='ltr'>βασιλεὺς</span> <span class='ocrx_word' id='word_1_615' title='bbox 3869 3672 3968 3721; x_wconf 79' lang='grc' dir='ltr'>εἴτε</span> 
     </span>
    </p>
   </div>
   <div class='ocr_carea' id='block_1_99' title="bbox 2365 3750 3968 3831">
    <p class='ocr_par' dir='ltr' id='par_1_99' title="bbox 2365 3750 3968 3831">
     <span class='ocr_line' id='line_1_99' title="bbox 2365 3750 3968 3831; baseline 0.002 -26"><span class='ocrx_word' id='word_1_616' title='bbox 2365 3750 2530 3812; x_wconf 82' lang='grc' dir='ltr'>ἀληθῆ</span> <span class='ocrx_word' id='word_1_617' title='bbox 2578 3757 2870 3816; x_wconf 85' lang='grc' dir='ltr'>πιστεύσας</span> <span class='ocrx_word' id='word_1_618' title='bbox 2936 3750 3067 3808; x_wconf 81' lang='grc' dir='ltr'>ἐῖναι</span> <span class='ocrx_word' id='word_1_619' title='bbox 3120 3758 3187 3808; x_wconf 85' lang='grc' dir='ltr'>τὰ</span> <span class='ocrx_word' id='word_1_620' title='bbox 3223 3755 3489 3830; x_wconf 75' lang='grc' dir='ltr'>λεγόμενα,</span> <span class='ocrx_word' id='word_1_621' title='bbox 3540 3759 3640 3810; x_wconf 80' lang='grc' dir='ltr'>εἴτε</span> <span class='ocrx_word' id='word_1_622' title='bbox 3667 3759 3968 3831; x_wconf 77' lang='grc' dir='ltr'>ὁμονοήσειν</span> 
     </span>
    </p>
   </div>
   <div class='ocr_carea' id='block_1_100' title="bbox 2366 3844 3970 3921">
    <p class='ocr_par' dir='ltr' id='par_1_100' title="bbox 2366 3844 3970 3921">
     <span class='ocr_line' id='line_1_100' title="bbox 2366 3844 3970 3921; baseline 0.003 -25"><span class='ocrx_word' id='word_1_623' title='bbox 2366 3845 2664 3906; x_wconf 78' lang='grc' dir='ltr'>ὑπονοήσας</span> <span class='ocrx_word' id='word_1_624' title='bbox 2693 3847 2815 3907; x_wconf 79' lang='grc' dir='ltr'>τοὺς</span> <span class='ocrx_word' id='word_1_625' title='bbox 2838 3847 3178 3914; x_wconf 68' lang='grc' dir='ltr'>ἓπισκόπους,</span> <span class='ocrx_word' id='word_1_626' title='bbox 3202 3846 3265 3898; x_wconf 75' lang='grc' dir='ltr'><strong>ἶν’</strong></span> <span class='ocrx_word' id='word_1_627' title='bbox 3297 3844 3532 3900; x_wconf 71' lang='grc' dir='ltr'>ἐκποδὼν</span> <span class='ocrx_word' id='word_1_628' title='bbox 3573 3852 3775 3921; x_wconf 78' lang='grc' dir='ltr'>γένοιτο</span> <span class='ocrx_word' id='word_1_629' title='bbox 3820 3849 3970 3902; x_wconf 79' lang='grc' dir='ltr'>Ἀθα-</span> 
     </span>
    </p>
   </div>
   <div class='ocr_carea' id='block_1_101' title="bbox 2365 3934 3973 4015">
    <p class='ocr_par' dir='ltr' id='par_1_101' title="bbox 2365 3934 3966 4013">
     <span class='ocr_line' id='line_1_101' title="bbox 2365 3934 3966 4013; baseline 0.002 -27"><span class='ocrx_word' id='word_1_630' title='bbox 2365 3934 2560 4005; x_wconf 87' lang='grc' dir='ltr'>νάσιος,</span> <span class='ocrx_word' id='word_1_631' title='bbox 2597 3937 2909 4009; x_wconf 84' lang='grc' dir='ltr'>προσέταττε</span> <span class='ocrx_word' id='word_1_632' title='bbox 2966 3935 3330 4009; x_wconf 80' lang='grc' dir='ltr'>ἂπηνεχθῆναι</span> <span class='ocrx_word' id='word_1_633' title='bbox 3385 3946 3569 3991; x_wconf 83' lang='grc' dir='ltr'>τοῦτον</span> <span class='ocrx_word' id='word_1_634' title='bbox 3615 3939 3687 4001; x_wconf 83' lang='grc' dir='ltr'><strong>εἰς</strong></span> <span class='ocrx_word' id='word_1_635' title='bbox 3731 3938 3966 4013; x_wconf 83' lang='grc' dir='ltr'>Τρίϐεριν</span> 
     </span>
    </p>
   </div>
   <div class='ocr_carea' id='block_1_102' title="bbox 2365 4020 3965 4101">
    <p class='ocr_par' dir='ltr' id='par_1_102' title="bbox 2365 4020 3965 4101">
     <span class='ocr_line' id='line_1_102' title="bbox 2365 4020 3965 4101; baseline 0.003 -27"><span class='ocrx_word' id='word_1_636' title='bbox 2365 4032 2466 4075; x_wconf 89' lang='grc' dir='ltr'><strong>τῶν</strong></span> <span class='ocrx_word' id='word_1_637' title='bbox 2512 4025 2643 4098; x_wconf 85' lang='grc' dir='ltr'>πρὸς</span> <span class='ocrx_word' id='word_1_638' title='bbox 2695 4020 2851 4077; x_wconf 86' lang='grc' dir='ltr'>δύσιν</span> <span class='ocrx_word' id='word_1_639' title='bbox 2896 4025 3160 4094; x_wconf 86' lang='grc' dir='ltr'>Γαλατῶν,</span> <span class='ocrx_word' id='word_1_640' title='bbox 3216 4030 3308 4078; x_wconf 80' lang='grc' dir='ltr'>καὶ</span> <span class='ocrx_word' id='word_1_641' title='bbox 3338 4028 3362 4079; x_wconf 88' lang='grc' dir='ltr'><strong><em>ὁ</em></strong></span> <span class='ocrx_word' id='word_1_642' title='bbox 3517 4026 3757 4100; x_wconf 78' lang='grc' dir='ltr'>ἀπήχθη,</span> <span class='ocrx_word' id='word_1_643' title='bbox 3789 4033 3879 4082; x_wconf 87' lang='grc' dir='ltr'>καὶ</span> <span class='ocrx_word' id='word_1_644' title='bbox 3909 4025 3965 4085; x_wconf 81' lang='grc' dir='ltr'>ἧν</span> 
     </span>
    </p>
   </div>
   <div class='ocr_carea' id='block_1_103' title="bbox 2367 4113 3429 4180">
    <p class='ocr_par' dir='ltr' id='par_1_103' title="bbox 2367 4113 3429 4180">
     <span class='ocr_line' id='line_1_103' title="bbox 2367 4113 3429 4180; baseline 0.007 -15"><span class='ocrx_word' id='word_1_645' title='bbox 2367 4114 2472 4166; x_wconf 77' lang='grc' dir='ltr'>εκεῖ</span> <span class='ocrx_word' id='word_1_646' title='bbox 2498 4113 2594 4176; x_wconf 80' lang='grc' dir='ltr'>ἕως</span> <span class='ocrx_word' id='word_1_647' title='bbox 2611 4122 2707 4175; x_wconf 84' lang='grc' dir='ltr'>τῆς</span> <span class='ocrx_word' id='word_1_648' title='bbox 2746 4120 3136 4168; x_wconf 81' lang='grc' dir='ltr'>Κωνσταντίνου</span> <span class='ocrx_word' id='word_1_649' title='bbox 3168 4116 3429 4180; x_wconf 80' lang='grc' dir='ltr'>τελευτῆς.</span> 
     </span>
    </p>
   </div>
   <div class='ocr_carea' id='block_1_104' title="bbox 2439 4200 3968 4282">
    <p class='ocr_par' dir='ltr' id='par_1_104' title="bbox 2439 4200 3968 4282">
     <span class='ocr_line' id='line_1_104' title="bbox 2439 4200 3968 4282; baseline 0.005 -27"><span class='ocrx_word' id='word_1_650' title='bbox 2439 4201 2494 4261; x_wconf 85' lang='grc' dir='ltr'><strong>ε’.</strong></span> <span class='ocrx_word' id='word_1_651' title='bbox 2558 4202 2617 4257; x_wconf 88' lang='grc' dir='ltr'>Ὀ</span> <span class='ocrx_word' id='word_1_652' title='bbox 2667 4200 2729 4256; x_wconf 84' lang='grc' dir='ltr'>δέ</span> <span class='ocrx_word' id='word_1_653' title='bbox 2773 4202 2979 4278; x_wconf 74' lang='grc' dir='ltr'>’Ἄρειος</span> <span class='ocrx_word' id='word_1_654' title='bbox 3036 4208 3166 4278; x_wconf 82' lang='grc' dir='ltr'>μετὰ</span> <span class='ocrx_word' id='word_1_655' title='bbox 3222 4210 3309 4266; x_wconf 80' lang='grc' dir='ltr'>τὴν</span> <span class='ocrx_word' id='word_1_656' title='bbox 3372 4206 3420 4260; x_wconf 80' lang='grc' dir='ltr'>ἐν</span> <span class='ocrx_word' id='word_1_657' title='bbox 3467 4206 3839 4282; x_wconf 87' lang='grc' dir='ltr'>Ἱεροσολύμοις</span> <span class='ocrx_word' id='word_1_658' title='bbox 3883 4209 3968 4261; x_wconf 84' lang='grc' dir='ltr'>σύ-</span> 
     </span>
    </p>
   </div>
   <div class='ocr_carea' id='block_1_105' title="bbox 2366 4287 3967 4369">
    <p class='ocr_par' dir='ltr' id='par_1_105' title="bbox 2366 4287 3967 4369">
     <span class='ocr_line' id='line_1_105' title="bbox 2366 4287 3967 4369; baseline 0.002 -24"><span class='ocrx_word' id='word_1_659' title='bbox 2366 4287 2539 4360; x_wconf 88' lang='grc' dir='ltr'>νοδον,</span> <span class='ocrx_word' id='word_1_660' title='bbox 2571 4292 2692 4351; x_wconf 76' lang='grc' dir='ltr'>ἧκεν</span> <span class='ocrx_word' id='word_1_661' title='bbox 2724 4292 2789 4354; x_wconf 89' lang='grc' dir='ltr'><strong>εἰς</strong></span> <span class='ocrx_word' id='word_1_662' title='bbox 2836 4296 3122 4366; x_wconf 75' lang='grc' dir='ltr'>Αἴγυπτονο</span> <span class='ocrx_word' id='word_1_663' title='bbox 3181 4299 3254 4369; x_wconf 80' lang='grc' dir='ltr'>μὴ</span> <span class='ocrx_word' id='word_1_664' title='bbox 3314 4299 3663 4361; x_wconf 87' lang='grc' dir='ltr'>κοινωνούσης</span> <span class='ocrx_word' id='word_1_665' title='bbox 3718 4295 3777 4351; x_wconf 68' lang='grc' dir='ltr'>δὲ</span> <span class='ocrx_word' id='word_1_666' title='bbox 3830 4298 3967 4368; x_wconf 85' lang='grc' dir='ltr'>αύτῷ</span> 
     </span>
    </p>
   </div>
   <div class='ocr_carea' id='block_1_106' title="bbox 2365 4379 3969 4459">
    <p class='ocr_par' dir='ltr' id='par_1_106' title="bbox 2365 4379 3969 4459">
     <span class='ocr_line' id='line_1_106' title="bbox 2365 4379 3969 4459; baseline 0.002 -24"><span class='ocrx_word' id='word_1_667' title='bbox 2365 4390 2462 4445; x_wconf 81' lang='grc' dir='ltr'>τῆς</span> <span class='ocrx_word' id='word_1_668' title='bbox 2482 4379 2858 4459; x_wconf 79' lang='grc' dir='ltr'>Ἀλεξανδρέων</span> <span class='ocrx_word' id='word_1_669' title='bbox 2894 4384 3227 4452; x_wconf 85' lang='grc' dir='ltr'>Ἐκκλησίας,</span> <span class='ocrx_word' id='word_1_670' title='bbox 3254 4385 3410 4439; x_wconf 80' lang='grc' dir='ltr'>πᾶλιν</span> <span class='ocrx_word' id='word_1_671' title='bbox 3441 4386 3653 4446; x_wconf 84' lang='grc' dir='ltr'>ἀνηλθεν</span> <span class='ocrx_word' id='word_1_672' title='bbox 3707 4388 3779 4452; x_wconf 87' lang='grc' dir='ltr'><strong>εἰς</strong></span> <span class='ocrx_word' id='word_1_673' title='bbox 3834 4395 3969 4442; x_wconf 82' lang='grc' dir='ltr'>Κων-</span> 
     </span>
    </p>
   </div>
   <div class='ocr_carea' id='block_1_107' title="bbox 2371 4474 3969 4552">
    <p class='ocr_par' dir='ltr' id='par_1_107' title="bbox 2371 4474 3969 4552">
     <span class='ocr_line' id='line_1_107' title="bbox 2371 4474 3969 4552; baseline 0.003 -26"><span class='ocrx_word' id='word_1_674' title='bbox 2371 4474 2812 4527; x_wconf 87' lang='grc' dir='ltr'>σταντινούπολιν·</span> <span class='ocrx_word' id='word_1_675' title='bbox 2872 4479 2962 4528; x_wconf 85' lang='grc' dir='ltr'>καὶ</span> <span class='ocrx_word' id='word_1_676' title='bbox 3014 4476 3179 4538; x_wconf 77' lang='grc' dir='ltr'>οὕτως</span> <span class='ocrx_word' id='word_1_677' title='bbox 3234 4479 3381 4551; x_wconf 77' lang='grc' dir='ltr'>ἔργον</span> <span class='ocrx_word' id='word_1_678' title='bbox 3439 4477 3630 4552; x_wconf 73' lang='grc' dir='ltr'>ἐγένετο</span> <span class='ocrx_word' id='word_1_679' title='bbox 3676 4488 3770 4544; x_wconf 83' lang='grc' dir='ltr'>τῆς</span> <span class='ocrx_word' id='word_1_680' title='bbox 3834 4478 3969 4534; x_wconf 78' lang='grc' dir='ltr'>Ἀλε-</span> 
     </span>
    </p>
   </div>
   <div class='ocr_carea' id='block_1_108' title="bbox 2370 4560 3968 4640">
    <p class='ocr_par' dir='ltr' id='par_1_108' title="bbox 2370 4560 3968 4640">
     <span class='ocr_line' id='line_1_108' title="bbox 2370 4560 3968 4640; baseline 0.002 -24"><span class='ocrx_word' id='word_1_681' title='bbox 2370 4560 2595 4640; x_wconf 82' lang='grc' dir='ltr'>ξάνδρου</span> <span class='ocrx_word' id='word_1_682' title='bbox 2624 4570 2715 4617; x_wconf 80' lang='grc' dir='ltr'><strong>τοῦ</strong></span> <span class='ocrx_word' id='word_1_683' title='bbox 2748 4565 2885 4638; x_wconf 80' lang='grc' dir='ltr'>ἱεροῦ</span> <span class='ocrx_word' id='word_1_684' title='bbox 2913 4573 3246 4639; x_wconf 85' lang='grc' dir='ltr'>προσευχῆς.</span> <span class='ocrx_word' id='word_1_685' title='bbox 3286 4570 3433 4621; x_wconf 85' lang='grc' dir='ltr'><strong>Μετά</strong></span> <span class='ocrx_word' id='word_1_686' title='bbox 3487 4564 3547 4621; x_wconf 65' lang='grc' dir='ltr'><strong>δι</strong></span> <span class='ocrx_word' id='word_1_687' title='bbox 3593 4588 3762 4623; x_wconf 86' lang='grc' dir='ltr'>ταυτα</span> <span class='ocrx_word' id='word_1_688' title='bbox 3789 4586 3968 4622; x_wconf 87' lang='grc' dir='ltr'>νεωτε-</span> 
     </span>
    </p>
   </div>
   <div class='ocr_carea' id='block_1_109' title="bbox 2369 4653 3967 4734">
    <p class='ocr_par' dir='ltr' id='par_1_109' title="bbox 2369 4653 3967 4734">
     <span class='ocr_line' id='line_1_109' title="bbox 2369 4653 3967 4734; baseline 0.005 -29"><span class='ocrx_word' id='word_1_689' title='bbox 2369 4653 2531 4728; x_wconf 80' lang='grc' dir='ltr'>ρίζειν</span> <span class='ocrx_word' id='word_1_690' title='bbox 2585 4662 2812 4727; x_wconf 77' lang='grc' dir='ltr'>φανερῶς</span> <span class='ocrx_word' id='word_1_691' title='bbox 2859 4655 2908 4707; x_wconf 86' lang='grc' dir='ltr'><strong>οἱ</strong></span> <span class='ocrx_word' id='word_1_692' title='bbox 2957 4659 3077 4731; x_wconf 85' lang='grc' dir='ltr'>περί</span> <span class='ocrx_word' id='word_1_693' title='bbox 3128 4655 3379 4709; x_wconf 82' lang='grc' dir='ltr'>Εύσέϐιον</span> <span class='ocrx_word' id='word_1_694' title='bbox 3427 4657 3651 4732; x_wconf 79' lang='grc' dir='ltr'>ἤρξαντο</span> <span class='ocrx_word' id='word_1_695' title='bbox 3706 4664 3826 4734; x_wconf 81' lang='grc' dir='ltr'>περὶ</span> <span class='ocrx_word' id='word_1_696' title='bbox 3878 4660 3967 4713; x_wconf 67' lang='grc' dir='ltr'><strong>τὴν</strong></span> 
     </span>
    </p>
   </div>
   <div class='ocr_carea' id='block_1_110' title="bbox 2371 4743 3991 4818">
    <p class='ocr_par' dir='ltr' id='par_1_110' title="bbox 2371 4743 3991 4818">
     <span class='ocr_line' id='line_1_110' title="bbox 2371 4743 3991 4818; baseline 0 -22"><span class='ocrx_word' id='word_1_697' title='bbox 2371 4745 2571 4796; x_wconf 80' lang='grc' dir='ltr'>ἔκθεσιν</span> <span class='ocrx_word' id='word_1_698' title='bbox 2602 4751 2701 4795; x_wconf 88' lang='grc' dir='ltr'><strong>τῶν</strong></span> <span class='ocrx_word' id='word_1_699' title='bbox 2745 4743 2792 4796; x_wconf 77' lang='grc' dir='ltr'>ἐν</span> <span class='ocrx_word' id='word_1_700' title='bbox 2822 4748 3023 4818; x_wconf 77' lang='grc' dir='ltr'>Νικαίᾳ</span> <span class='ocrx_word' id='word_1_701' title='bbox 3075 4745 3515 4818; x_wconf 85' lang='grc' dir='ltr'>συνεληλυθότων,</span> <span class='ocrx_word' id='word_1_702' title='bbox 3574 4752 3665 4801; x_wconf 87' lang='grc' dir='ltr'>καὶ</span> <span class='ocrx_word' id='word_1_703' title='bbox 3714 4748 3991 4807; x_wconf 33' lang='grc' dir='ltr'>εκϐαλλεινη</span> 
     </span>
    </p>
   </div>
   <div class='ocr_carea' id='block_1_111' title="bbox 2372 4830 3967 4911">
    <p class='ocr_par' dir='ltr' id='par_1_111' title="bbox 2372 4830 3967 4911">
     <span class='ocr_line' id='line_1_111' title="bbox 2372 4830 3967 4911; baseline 0.002 -27"><span class='ocrx_word' id='word_1_704' title='bbox 2372 4830 2637 4908; x_wconf 72' lang='grc' dir='ltr'>ἕγγράφως</span> <span class='ocrx_word' id='word_1_705' title='bbox 2718 4836 2776 4886; x_wconf 89' lang='grc' dir='ltr'><strong>τό</strong></span> <span class='ocrx_word' id='word_1_706' title='bbox 2820 4834 3113 4907; x_wconf 85' lang='grc' dir='ltr'>ὀμοούσιον·</span> <span class='ocrx_word' id='word_1_707' title='bbox 3177 4832 3396 4889; x_wconf 86' lang='grc' dir='ltr'>σύνοδον</span> <span class='ocrx_word' id='word_1_708' title='bbox 3454 4832 3541 4889; x_wconf 76' lang='grc' dir='ltr'><strong>οὖν</strong></span> <span class='ocrx_word' id='word_1_709' title='bbox 3629 4835 3967 4911; x_wconf 79' lang='grc' dir='ltr'>ἀθροισθῆναι</span> 
     </span>
    </p>
   </div>
   <div class='ocr_carea' id='block_1_112' title="bbox 2370 4922 3968 4996">
    <p class='ocr_par' dir='ltr' id='par_1_112' title="bbox 2370 4922 3968 4996">
     <span class='ocr_line' id='line_1_112' title="bbox 2370 4922 3968 4996; baseline -0.001 -21"><span class='ocrx_word' id='word_1_710' title='bbox 2370 4923 2867 4996; x_wconf 86' lang='grc' dir='ltr'>παρασκευάσαντες</span> <span class='ocrx_word' id='word_1_711' title='bbox 2967 4922 3016 4975; x_wconf 81' lang='grc' dir='ltr'>ἐν</span> <span class='ocrx_word' id='word_1_712' title='bbox 3108 4925 3651 4979; x_wconf 77' lang='grc' dir='ltr'>Κωνσταντινουπόλει</span> <span class='ocrx_word' id='word_1_713' title='bbox 3737 4926 3968 4980; x_wconf 63' lang='grc' dir='ltr'>καθεῦιον</span> 
     </span>
    </p>
   </div>
   <div class='ocr_carea' id='block_1_113' title="bbox 2371 5014 3989 5089">
    <p class='ocr_par' dir='ltr' id='par_1_113' title="bbox 2371 5014 3989 5089">
     <span class='ocr_line' id='line_1_113' title="bbox 2371 5014 3989 5089; baseline 0.001 -25"><span class='ocrx_word' id='word_1_714' title='bbox 2371 5032 2460 5064; x_wconf 89' lang='grc' dir='ltr'><strong>και</strong></span> <span class='ocrx_word' id='word_1_715' title='bbox 2510 5014 2810 5085; x_wconf 74' lang='grc' dir='ltr'>πεμφθῆναι</span> <span class='ocrx_word' id='word_1_716' title='bbox 2848 5014 2981 5087; x_wconf 80' lang='grc' dir='ltr'>πρὸς</span> <span class='ocrx_word' id='word_1_717' title='bbox 3033 5015 3314 5089; x_wconf 82' lang='grc' dir='ltr'>ὑπερορίαν</span> <span class='ocrx_word' id='word_1_718' title='bbox 3385 5017 3645 5069; x_wconf 82' lang='grc' dir='ltr'>ἔσπευσαν</span> <span class='ocrx_word' id='word_1_719' title='bbox 3701 5020 3825 5080; x_wconf 88' lang='grc' dir='ltr'>τοὺς</span> <span class='ocrx_word' id='word_1_720' title='bbox 3880 5018 3989 5077; x_wconf 26' lang='grc' dir='ltr'>τού,</span> 
     </span>
    </p>
   </div>
   <div class='ocr_carea' id='block_1_114' title="bbox 2370 5103 3989 5179">
    <p class='ocr_par' dir='ltr' id='par_1_114' title="bbox 2370 5103 3989 5179">
     <span class='ocr_line' id='line_1_114' title="bbox 2370 5103 3989 5179; baseline 0.007 -25"><span class='ocrx_word' id='word_1_721' title='bbox 2370 5103 2654 5175; x_wconf 86' lang='grc' dir='ltr'>ὀμοουσίου</span> <span class='ocrx_word' id='word_1_722' title='bbox 2723 5108 2977 5179; x_wconf 80' lang='grc' dir='ltr'>κήρυκας,</span> <span class='ocrx_word' id='word_1_723' title='bbox 3048 5104 3350 5164; x_wconf 84' lang='grc' dir='ltr'>Ἀσκληπᾶν</span> <span class='ocrx_word' id='word_1_724' title='bbox 3423 5105 3697 5160; x_wconf 76' lang='grc' dir='ltr'>ἐπίοκοπον</span> <span class='ocrx_word' id='word_1_725' title='bbox 3781 5107 3989 5172; x_wconf 51' lang='grc' dir='ltr'>Γάζηςμ</span> 
     </span>
    </p>
   </div>
   <div class='ocr_carea' id='block_1_115' title="bbox 2369 5192 3987 5273">
    <p class='ocr_par' dir='ltr' id='par_1_115' title="bbox 2369 5192 3987 5273">
     <span class='ocr_line' id='line_1_115' title="bbox 2369 5192 3987 5273; baseline 0.001 -28"><span class='ocrx_word' id='word_1_726' title='bbox 2369 5195 2460 5245; x_wconf 83' lang='grc' dir='ltr'>καὶ</span> <span class='ocrx_word' id='word_1_727' title='bbox 2514 5192 2795 5266; x_wconf 78' lang='grc' dir='ltr'>Κλιμάτιον</span> <span class='ocrx_word' id='word_1_728' title='bbox 2869 5192 3214 5270; x_wconf 81' lang='grc' dir='ltr'>Ἀνταράδου,</span> <span class='ocrx_word' id='word_1_729' title='bbox 3270 5196 3439 5270; x_wconf 81' lang='grc' dir='ltr'>ἕτερον</span> <span class='ocrx_word' id='word_1_730' title='bbox 3512 5197 3795 5271; x_wconf 84' lang='grc' dir='ltr'>Κλιμάτιον</span> <span class='ocrx_word' id='word_1_731' title='bbox 3848 5194 3987 5273; x_wconf 17' lang='grc' dir='ltr'>Πολι,</span> 
     </span>
    </p>
   </div>
   <div class='ocr_carea' id='block_1_116' title="bbox 2367 5281 3968 5363">
    <p class='ocr_par' dir='ltr' id='par_1_116' title="bbox 2367 5281 3968 5363">
     <span class='ocr_line' id='line_1_116' title="bbox 2367 5281 3968 5363; baseline 0.002 -28"><span class='ocrx_word' id='word_1_732' title='bbox 2367 5301 2481 5353; x_wconf 86' lang='grc' dir='ltr'>του,</span> <span class='ocrx_word' id='word_1_733' title='bbox 2532 5281 2855 5357; x_wconf 75' lang='grc' dir='ltr'>Ἐφρατίωνα</span> <span class='ocrx_word' id='word_1_734' title='bbox 2928 5284 3208 5349; x_wconf 84' lang='grc' dir='ltr'>Βαλανέων,</span> <span class='ocrx_word' id='word_1_735' title='bbox 3280 5293 3447 5361; x_wconf 75' lang='grc' dir='ltr'>Κῦρον</span> <span class='ocrx_word' id='word_1_736' title='bbox 3501 5286 3785 5363; x_wconf 46' lang='grc' dir='ltr'><strong>,Βερῥοίαῇ</strong></span> <span class='ocrx_word' id='word_1_737' title='bbox 3836 5293 3968 5357; x_wconf 77' lang='grc' dir='ltr'>Δομ-</span> 
     </span>
    </p>
   </div>
   <div class='ocr_carea' id='block_1_117' title="bbox 2366 5372 3987 5451">
    <p class='ocr_par' dir='ltr' id='par_1_117' title="bbox 2366 5372 3987 5451">
     <span class='ocr_line' id='line_1_117' title="bbox 2366 5372 3987 5451; baseline 0.002 -28"><span class='ocrx_word' id='word_1_738' title='bbox 2366 5376 2523 5425; x_wconf 89' lang='grc' dir='ltr'>νίωνα</span> <span class='ocrx_word' id='word_1_739' title='bbox 2582 5377 2817 5445; x_wconf 84' lang='grc' dir='ltr'>Σίρμίου,</span> <span class='ocrx_word' id='word_1_740' title='bbox 2857 5372 3114 5428; x_wconf 82' lang='grc' dir='ltr'>Ἑλλάνεον</span> <span class='ocrx_word' id='word_1_741' title='bbox 3157 5374 3470 5451; x_wconf 86' lang='grc' dir='ltr'>Τριπόλεως,</span> <span class='ocrx_word' id='word_1_742' title='bbox 3524 5376 3725 5451; x_wconf 77' lang='grc' dir='ltr'>Ἀρειον</span> <span class='ocrx_word' id='word_1_743' title='bbox 3768 5381 3987 5451; x_wconf 47' lang='grc' dir='ltr'><strong>Πετρῶνἲ</strong></span> 
     </span>
    </p>
   </div>
   <div class='ocr_carea' id='block_1_118' title="bbox 2366 5458 3987 5543">
    <p class='ocr_par' dir='ltr' id='par_1_118' title="bbox 2366 5458 3987 5543">
     <span class='ocr_line' id='line_1_118' title="bbox 2366 5458 3987 5543; baseline 0.002 -31"><span class='ocrx_word' id='word_1_744' title='bbox 2366 5468 2462 5523; x_wconf 83' lang='grc' dir='ltr'>τῆς</span> <span class='ocrx_word' id='word_1_745' title='bbox 2514 5461 2821 5535; x_wconf 80' lang='grc' dir='ltr'>Παλαιόνης,</span> <span class='ocrx_word' id='word_1_746' title='bbox 2897 5468 2986 5517; x_wconf 85' lang='grc' dir='ltr'>καὶ</span> <span class='ocrx_word' id='word_1_747' title='bbox 3049 5462 3315 5539; x_wconf 85' lang='grc' dir='ltr'>Ἀστέριον</span> <span class='ocrx_word' id='word_1_748' title='bbox 3390 5472 3596 5543; x_wconf 84' lang='grc' dir='ltr'>Πετρῶν</span> <span class='ocrx_word' id='word_1_749' title='bbox 3673 5475 3771 5528; x_wconf 80' lang='grc' dir='ltr'>τῆς</span> <span class='ocrx_word' id='word_1_750' title='bbox 3825 5458 3987 5541; x_wconf 37' lang='grc' dir='ltr'>Ἀραθ</span> 
     </span>
    </p>
   </div>
   <div class='ocr_carea' id='block_1_119' title="bbox 2367 5547 3985 5629">
    <p class='ocr_par' dir='ltr' id='par_1_119' title="bbox 2367 5547 3985 5629">
     <span class='ocr_line' id='line_1_119' title="bbox 2367 5547 3985 5629; baseline 0.005 -28"><span class='ocrx_word' id='word_1_751' title='bbox 2367 5547 2505 5619; x_wconf 88' lang='grc' dir='ltr'>ϐίας,</span> <span class='ocrx_word' id='word_1_752' title='bbox 2548 5550 2832 5625; x_wconf 87' lang='grc' dir='ltr'>Ὀλύμπιον</span> <span class='ocrx_word' id='word_1_753' title='bbox 2892 5555 3068 5623; x_wconf 81' lang='grc' dir='ltr'>Αἴνου,</span> <span class='ocrx_word' id='word_1_754' title='bbox 3137 5549 3428 5609; x_wconf 87' lang='grc' dir='ltr'>Θεόδουλον</span> <span class='ocrx_word' id='word_1_755' title='bbox 3493 5555 3985 5629; x_wconf 58' lang='grc' dir='ltr'>Τραῑανουπόλεωςν</span> 
     </span>
    </p>
   </div>
   <div class='ocr_carea' id='block_1_120' title="bbox 2367 5641 3985 5724">
    <p class='ocr_par' dir='ltr' id='par_1_120' title="bbox 2367 5641 3985 5724">
     <span class='ocr_line' id='line_1_120' title="bbox 2367 5641 3985 5724; baseline 0.002 -30"><span class='ocrx_word' id='word_1_756' title='bbox 2367 5643 2652 5696; x_wconf 76' lang='grc' dir='ltr'>Βινκέντιον</span> <span class='ocrx_word' id='word_1_757' title='bbox 2748 5644 2984 5711; x_wconf 73' lang='grc' dir='ltr'>Καπύης,</span> <span class='ocrx_word' id='word_1_758' title='bbox 3075 5642 3334 5721; x_wconf 74' lang='grc' dir='ltr'>Ἐφράταν</span> <span class='ocrx_word' id='word_1_759' title='bbox 3428 5645 3797 5724; x_wconf 79' lang='grc' dir='ltr'>’Δγριππίνής,</span> <span class='ocrx_word' id='word_1_760' title='bbox 3875 5641 3985 5698; x_wconf 39' lang='lat' dir='ltr'><strong>Et}!</strong></span> 
     </span>
    </p>
   </div>
  </div>
