4040 6318
651 365 714 415 l5
1993 350 2258 406 NlCETE
2298 347 2665 407 caesum:
3945 367 3988 419 η

649 486 1053 542 Osroenorum
1093 480 1238 537 urbe
1267 479 1578 546 oriundus,
1609 478 1801 534 factus
1843 491 1986 532 vero
2012 473 2287 545 deinceps

2415 471 2676 538 Ἐδέσσης
2727 478 2817 548 μὲν
2861 482 2956 538 τῆς
3006 475 3304 550 Ὀσροηνῶν
3351 477 3626 552 ὑπάρχων,
3660 487 3922 556 γενόμενος
3952 484 3983 538 δ

649 576 876 629 Emesaa
917 573 1257 644 episcOpus,
1285 569 1387 642 qui
1424 573 1656 640 partem
1696 565 2082 622 astronomiae
2115 577 2304 633 augu-

647 661 839 718 ralem
893 659 1114 714 dictam
1164 657 1498 713 exercuisse
1539 654 1922 726 arguebatur.
1973 655 2304 708 Recusante

648 766 793 807 vero
823 747 1242 805 Alexandriam
1290 745 1571 814 Eusebio,
1632 743 1916 800 suﬂ'ectus
1957 747 2044 798 est
2089 743 2302 810 Grego-

648 839 774 895 rius
821 837 1022 894 Tarbae
1085 835 1445 908 episcopus,
1505 849 1628 907 qua
1679 833 1754 889 de
1805 849 1868 888 re
1922 831 2304 900 indignantes

649 925 1054 991 Alexandrini,
1080 924 1394 980 ecclesiam
1442 922 1710 995 Dionysii
1748 921 1931 993 hujus
1967 919 2137 975 urbis
2181 917 2301 989 epi-

649 1015 814 1089 scopi
851 1014 1097 1071 nomine
1127 1014 1350 1070 dictam
1391 1013 1825 1080 incenderunt;
1857 1015 1914 1068 et
1941 1007 2304 1066 Athanasius

647 1105 894 1178 quidem
919 1104 1155 1174 fugiens
1181 1107 1437 1160 Romam
1461 1102 1639 1159 venit.

719 1290 771 1340 9.
814 1283 994 1340 Paulo
1049 1286 1187 1356 post
1241 1285 1480 1338 mortuo
1533 1280 1810 1346 Eusebio,
1867 1276 2305 1335 contenderunt

645 1368 892 1430 ru'rsum
917 1372 990 1428 de
1022 1371 1542 1443 Constantinopoli
1571 1371 1788 1427 Paulus
1813 1373 1871 1426 et
1897 1366 2299 1423 Macedonius.

649 1462 822 1528 Quod
853 1461 953 1517 ubi
980 1461 1262 1532 cognovit
1288 1460 1669 1517 Constantius
1695 1457 2040 1520 Antiochiae,
2061 1457 2302 1510 Hermo-

646 1552 784 1622 geni
816 1551 1111 1607 exercitus
1143 1550 1278 1606 duci
1310 1549 1414 1623 qui
1453 1549 1514 1605 in
1543 1548 1854 1605 Thraciam
1891 1545 2110 1602 missus
2153 1548 2300 1613 erat,“

644 1638 976 1706 mandavit,
1008 1643 1073 1694 ut
1108 1640 1220 1695 iter
1255 1643 1528 1712 pergeret
1571 1638 1649 1694 ad
1697 1635 2119 1709 expellendum
2151 1636 2299 1689 Pau-

642 1729 770 1786 lum
802 1746 874 1786 ex
903 1729 1178 1786 ecclesia.
1202 1730 1350 1785 Cum
1373 1728 1513 1784 illuc
1542 1726 1906 1791 advenisset,
1939 1723 2300 1795 militarique

2413 563 2627 639 ὕστερον
2655 566 2880 638 Ἐμέσης
2919 563 3222 635 ἐπίσκοπος,
3264 567 3320 628 ὃς
3348 572 3437 619 καὶ
3477 564 3510 620 δ
3517 568 3769 625 ιεϐάλλετο
3801 572 3985 628 ἀσκεῐσ

2415 655 2500 704 θαι
2549 662 2643 716 τῆς
2683 653 3027 730 ἀστρονομίας
3075 658 3131 708 τό
3183 654 3654 730 ἀποτιλεσματικόν
3701 662 3988 736 καλούμενα

2411 747 2595 818 μέρος·
2648 747 3112 819 παραίτησαμένου
3163 740 3222 798 δι
3273 754 3365 798 τοῦ
3415 747 3666 802 Εύσεϐίου
3725 756 3818 811 τὴν
3876 754 3988 806 Ἀλε

2413 829 2706 907 ξάνδρειαν,
2747 833 3010 908 ἐπετράπη
3059 835 3084 886 ό
3126 839 3412 909 Γρηγόριος
3459 845 3558 889 τῶν
3601 840 3987 914 Ταρϐασθηνῶν

2411 920 2489 994 ἐφ’
2621 922 2996 994 χαλεπήναντες
3054 925 3104 976 οἱ
3157 921 3530 1000 Ἀλεξανδρεῖς,
3585 933 3681 988 τὴν
3737 932 3988 1005 ὁμώνυμοι

2412 1017 2684 1064 Διονυσίου
2725 1020 2816 1065 τοῦ
2843 1009 2951 1086 τῇδ
2955 1032 2976 1064 ε
3015 1011 3460 1083 ἐπισκοπήσαντο,
3493 1015 3773 1076 ἐκκλησίαν
3804 1020 3987 1095 ἐνέπρηι

2415 1119 2510 1154 σαν
2536 1122 2548 1134 ο
2575 1106 2665 1153 καὶ
2693 1101 3004 1164 Ἀθανάσιος
3031 1105 3120 1175 μὲν
3153 1108 3327 1175 φυγὼν
3359 1104 3432 1167 εἰς
3459 1103 3656 1178 Ῥώμην
3687 1107 3918 1181 ἀφίκετο.

2487 1188 2546 1246 θ’.
2589 1192 2712 1244 Μετ’
2743 1191 2804 1244 οὐ
2834 1191 2962 1244 πολὺ
3009 1188 3069 1244 δὲ
3111 1191 3508 1256 τελευτήσαντος
3553 1196 3828 1268 Εὐσεϐίου,
3871 1198 3987 1252 ἀντε

2409 1284 2699 1338 ποιήσαντο
2760 1280 2914 1333 πάλιν
2993 1289 3088 1339 τῆν
3157 1286 3742 1349 Κωνσταντινουπόλεως
3807 1289 3988 1342 Παῦλοι

2411 1372 2498 1420 καὶ
2549 1365 2896 1431 Μακεδόνιος.
2958 1373 3314 1432 Κωνστάντιος
3368 1369 3464 1439 δὲ,
3519 1382 3670 1429 τοῦτο
3719 1379 3899 1449 μαθὼν
3957 1378 3988 1430 i1

2411 1457 2746 1531 Ἀντιοχείᾳ,
2837 1457 3106 1534 ἐπέτρεψεν
3185 1459 3476 1535 Ἑρμογένει
3552 1473 3626 1536 τῷ
3707 1467 3988 1541 στατηλάτνς

2409 1550 2540 1622 πρὸς
2598 1550 2666 1600 τα
2717 1549 2927 1622 Θρᾴκια
2979 1553 3288 1621 πεμπομένῳ
3344 1555 3516 1624 μέρη,
3567 1549 3696 1606 όδοῦ
3753 1557 3988 1629 πάρεργον

2407 1645 2632 1696 ποιῆσαι
2668 1640 2727 1690 τὸ
2776 1636 3039 1700 ἐξωθῆσαι
3083 1637 3283 1691 Παυλον
3326 1648 3422 1701 τῆς
3462 1640 3784 1706 ἐκκλησίαςο
3815 1645 3876 1696 οῦ
3904 1665 3988 1697 πα-

2405 1730 2743 1799 ραγενομένου
2807 1731 2898 1778 καὶ
2979 1735 3328 1802 στρατιωτικῇ
3396 1735 3542 1806 χειρὶ
3618 1738 3988 1806 χρησαμένου,

643 1836 833 1876 manu
883 1823 1166 1888 uteretur,
1207 1817 1527 1873 insurrexit
1577 1815 1866 1889 populus,
1894 1828 2156 1886 eumque
2205 1828 2287 1868 ra-

2406 1813 2690 1868 ἐστασίασε
2737 1817 2795 1867 τό
2844 1814 3064 1886 πλῆθος,
3109 1821 3199 1868 καὶ
3253 1817 3407 1869 αὐτὸν
3465 1822 3710 1894 σύραντες
3759 1825 3988 1875 ἀπέκτει-

640 1913 876 1981 ptatum
924 1908 1365 1964 interfecerunt.
1416 1909 1492 1962 De
1544 1921 1615 1962 eo
1654 1905 1866 1962 certior
1909 1903 2100 1959 factus
2152 1904 2298 1958 Con-

644 1999 922 2066 stantius,
956 1997 1540 2070 Constantinopolim
1574 1996 1756 2064 venit,
1795 1999 1852 2050 et
1887 1992 2136 2052 Paulum
2167 1992 2296 2064 qui-

637 2087 774 2144 dem
825 2087 1062 2160 expulit,
1097 2088 1311 2143 urbem
1359 2101 1502 2143 vero
1548 2085 1798 2157 punivit,
1827 2081 2110 2139 frumenti
2157 2097 2293 2137 eam

632 2177 801 2248 quod
840 2182 1009 2250 pater
1037 2176 1387 2250 praestabat,
1418 2173 1828 2248 quadraginta
1864 2187 2292 2228 mensurarum

633 2267 902 2323 millibus
947 2271 1003 2323 et
1050 2266 1208 2322 ultra
1259 2281 1395 2322 eam
1438 2264 1709 2338 privavit.
1764 2263 2077 2332 Octoginta
2130 2261 2292 2318 enim

633 2355 822 2410 millia
869 2355 1034 2426 prius
1079 2354 1382 2410 dabantur
1428 2352 1660 2408 civibus
1710 2351 1960 2422 singulis
1999 2351 2174 2406 annis
2217 2365 2290 2405 ex

632 2443 870 2500 tributis
901 2443 1250 2515 Aﬁgyptiaco
1276 2441 1505 2514 populo
1530 2440 1849 2514 impositis.
1879 2439 2291 2496 Macedonium

634 2536 838 2589 autem
869 2548 990 2588 non
1018 2532 1216 2588 statim
1245 2531 1410 2587 urbis
1439 2531 1796 2603 episcopum
1822 2528 1992 2597 fecit;
2026 2529 2131 2583 sed
2162 2528 2293 2584 sivit

631 2620 802 2677 illum
829 2621 1126 2678 adversus
1171 2620 1422 2676 Paulum
1454 2619 1515 2675 in
1556 2619 1840 2691 praedicta
1869 2617 2122 2674 ecclesia
2150 2633 2289 2674 con-

631 2710 836 2766 cilium
885 2711 1079 2766 facere
1126 2711 1188 2766 in
1231 2726 1354 2782 qua
1383 2714 1439 2765 et
1465 2709 1778 2766 ordinatus
1827 2713 1954 2777 est;
1987 2712 2166 2780 atque
2209 2707 2291 2764 ita

629 2799 759 2872 ipse
789 2799 1164 2857 Antiochiam
1189 2815 1464 2856 reversus
1487 2802 1602 2867 est;
1629 2797 1845 2854 Paulus
1871 2813 2009 2854 vero
2034 2800 2288 2854 Romam

631 2890 962 2948 descendit.

709 3074 794 3128 10.
838 3073 917 3126 Ea
949 3084 1090 3126 vero
1137 3085 1274 3142 quae
1322 3066 1697 3125 Alexandriae
1739 3066 1896 3124 facta
1939 3070 2078 3123 sunt
2119 3067 2288 3123 aliter

2403 1924 2512 1960 ναν.
2570 1907 2867 1978 Πυθόμενος
2925 1901 2984 1956 δὲ
3030 1909 3089 1957 τό
3141 1909 3349 1977 γεγονός
3413 1912 3792 1977 Κωνστάντιος,
3847 1917 3988 1964 κατέ-

2402 1993 2524 2048 λαϐε
2590 2001 2682 2054 τήν
2745 1995 3288 2048 Κωνσταντινούπολιν
3357 2002 3445 2050 καὶ
3507 2001 3592 2052 τόν
3655 2004 3746 2074 μεν
3801 2001 3988 2055 Παῦλον

2401 2083 2637 2151 ἐξήλασε,
2688 2089 2782 2143 τὴν
2821 2080 2881 2136 δὲ
2934 2083 3080 2137 πόλιν
3137 2083 3446 2158 ἐζημίωσεν,
3476 2085 3669 2160 ἀφελὼν
3717 2099 3810 2144 τοῦ
3852 2111 3988 2149 σιτη-

2399 2179 2578 2247 ρεσίου
2646 2181 2738 2226 τοῦ
2805 2175 3224 2248 παρασχεθέντος
3281 2176 3381 2228 ύπό
3440 2184 3533 2229 τοῦ
3589 2182 3786 2254 πατρὸς
3842 2180 3988 2232 αὑτοῦ

2400 2265 2526 2336 ὑπὲρ
2579 2265 2674 2323 τὰς
2719 2267 2984 2338 Τ’έσσαρας
3029 2259 3328 2336 μυριάδας·
3379 2264 3513 2318 ὀκτὼ
3555 2268 3656 2342 γὰρ
3698 2266 3856 2341 ἐγγύς
3893 2290 3988 2342 μυ-

2398 2347 2580 2426 ριάδες
2646 2351 2996 2424 ἐχορηγοῦντο
3056 2357 3304 2429 πρότερον
3375 2360 3525 2408 σίτου
3589 2363 3700 2420 τοῖς
3767 2358 3988 2418 πολίταις

2399 2441 2624 2494 ἑκάστου
2679 2443 2824 2504 ἔτους
2880 2439 2935 2493 ἐκ
2999 2449 3100 2492 τῶν
3165 2441 3518 2516 κομιζομένων
3582 2443 3670 2497 ἀπ’
3729 2446 3988 2520 Αἰγύπτου

2396 2538 2467 2601 τῷ
2536 2527 2689 2604 δήμῳ
2749 2535 2939 2604 φόρων,
2999 2527 3322 2584 Μακεδόνιον
3379 2528 3438 2585 δὲ
3493 2543 3583 2594 τῆς
3633 2534 3828 2600 πόλεως
3880 2542 3988 2596 τέως

2397 2621 2680 2672 ἐπίσκοπον
2738 2619 2833 2672 οὐκ
2892 2619 3167 2692 ἐποίησεν,
3227 2618 3334 2673 ἀλλ’
3392 2624 3561 2675 εἴασεν
3622 2624 3777 2677 αὐτὸν
3835 2625 3885 2679 ἐν
3933 2633 3987 2697 τῇ

2396 2707 2639 2782 λεγομένη
2694 2707 2777 2761 ἐπὶ
2836 2709 3038 2762 Παῦλον
3090 2708 3340 2782 ἐκκλησίᾳ
3402 2714 3660 2784 συνάγειν,
3715 2714 3764 2766 ἐν
3907 2718 3988 2766 καὶ

2396 2796 2809 2871 ἐχειροτονήθη-
2870 2803 2961 2851 καὶ
3025 2799 3190 2860 οὕτως
3255 2799 3408 2860 αὐτὸς
3462 2805 3552 2873 μὲν
3611 2801 3873 2867 ἀνέζευξεν
3923 2803 3987 2866 εἰς

2396 2889 2706 2960 Αντιόχειαν
2731 2909 2742 2921 ο
2777 2886 2981 2949 Παῦλος
3015 2884 3074 2940 δὲ
3099 2892 3192 2946 τὴν
3219 2887 3419 2962 Ῥώμην
3449 2890 3738 2948 κατέλαϐεν.

2468 2977 2516 3033 ι’.
2560 2983 2684 3050 Περὶ
2735 2974 2792 3030 δὲ
2845 2985 2944 3029 τῶν
2987 2977 3101 3029 κατ’
3149 2975 3540 3053 Ἀλεξάνδρειαν
3589 2980 3984 3054 συμϐεϐηκότων

2395 3063 2718 3140 Θεοδὼριτος
2776 3068 2866 3139 μὲν
2914 3066 3078 3128 ἄλλως
3127 3068 3341 3140 ἱστορεῖ.
3390 3073 3528 3126 Φησὶ
3569 3071 3671 3143 γὰρ
3716 3073 3847 3144 μετά
3896 3076 3982 3128 την

630 3165 836 3218 narrat
881 3159 1302 3215 Theodoretus.
1353 3159 1498 3214 Dicit
1544 3157 1704 3214 enim
1753 3158 2101 3228 Gregorium
2149 3161 2285 3229 post

2398 3155 2710 3208 Ἀθανασίου
2738 3160 2904 3228 φυγὴν
2935 3155 3296 3215 ἐπισκοπῆσαι
3339 3162 3625 3233 Γρηγόριον
3661 3161 3797 3234 ἄχρι
3822 3169 3910 3221 τῆς
3939 3157 3981 3211 ἐν

631 3249 940 3306 Athanasii
1003 3250 1211 3319 fugam
1282 3248 1698 3320 episcopatum
1765 3246 2027 3316 gessisse
2091 3261 2284 3318 usque

633 3337 712 3394 ad
743 3337 1000 3393 Sardicae
1039 3337 1310 3392 habitam
1352 3336 1676 3409 synodum.
1707 3339 1842 3391 Post
1886 3335 2045 3392 hanc
2082 3341 2284 3392 autem

633 3425 937 3498 synodum
989 3424 1335 3494 Gregorium
1376 3425 1453 3480 ab
1491 3423 1909 3479 Alexandrinis
1941 3423 2284 3495 depositum

634 3531 787 3584 esse,
818 3513 1063 3570 rediisse
1111 3519 1253 3568 tunc
1295 3513 1692 3569 Athanasium
1742 3512 1803 3568 in
1847 3513 2156 3584 propriam
2201 3528 2286 3568 se-

634 3604 776 3660 dem
800 3619 908 3677 per
928 3603 1266 3659 Constantis
1285 3602 1528 3671 litteras,
1548 3602 1650 3673 qui
1676 3607 1815 3656 tunc
1844 3604 2046 3658 Romae
2077 3617 2285 3672 regna-

631 3693 756 3750 bat.
819 3695 1141 3763 Postquam
1202 3694 1405 3747 autcm
1457 3693 1751 3746 Constans
1802 3694 2078 3746 mortuus
2132 3691 2284 3760 fuit,

631 3797 875 3841 rursum
917 3780 1144 3852 fugisse
1173 3779 1593 3848 Athanasium,
1627 3783 1686 3834 et
1729 3778 1983 3836 electum
2023 3795 2153 3836 esse
2204 3779 2284 3836 ab

630 3872 864 3929 Arianis
895 3869 1214 3940 Georgium
1245 3869 1688 3942 Cappadocem,
1717 3885 1978 3943 eumque
2005 3875 2286 3927 sexcenta

631 3961 796 4019 mala
837 3959 1145 4016 Athanasii
1187 3959 1524 4016 fautoribus
1575 3959 1990 4015 machinatum
2033 3975 2182 4028 esse,
2221 3960 2284 4015 in

630 4052 1024 4124 exsiliumque
1081 4049 1318 4105 misisse
1349 4048 1670 4106 nonnullos
1699 4050 1935 4122 Egypti
1962 4049 2284 4122 Lybiteque

628 4140 968 4211 episcopos,
1001 4140 1210 4195 Caium
1259 4139 1591 4206 Paraetonii,
1625 4139 1924 4210 Agathum
1955 4139 2283 4209 Phragonis

628 4233 686 4284 et
728 4229 912 4300 partis
949 4227 1269 4284 Elearchize
1300 4229 1557 4301 zEgypti,
1588 4230 1976 4285 Ammonium
2018 4230 2282 4286 Pachne-

624 4317 830 4374 munis
855 4320 912 4372 et
951 4316 1196 4388 reliquae
1239 4317 1556 4373 Elearchiae
1582 4318 1790 4390 partis,
1822 4319 2282 4388 Agathodaemo-

623 4422 766 4462 nem
791 4405 1070 4462 Schedeee
1097 4411 1153 4460 et
1173 4405 1478 4476 Menelaiti,
1505 4407 1888 4464 Dracontium
1911 4408 2282 4481 Hermopolis

623 4495 893 4562 minoris,
925 4494 1286 4592 Adelphium
1333 4495 1624 4596 Onuphis,
1668 4497 2077 4594 .Paphnutiuni
2133 4497 2278 4566 Sais,
2311 4542 2356 4596 Β

624 4588 798 4654 cujus
819 4583 1093 4640 meminit
1116 4599 1374 4652 magnus
1396 4583 1755 4640 Athanasius
1775 4585 1837 4639 in
1859 4602 1969 4641 sua
1991 4586 2066 4642 de
2085 4586 2280 4659 ipsius

620 4674 767 4742 fuga
810 4672 1140 4745 Apologia;
1190 4677 1246 4729 et
1294 4677 1508 4744 praeter
1557 4672 1687 4729 illos
1737 4673 1994 4731 alterum
2041 4680 2281 4732 Ammo-

619 4762 813 4831 nium,
837 4761 1076 4830 Moium,
1104 4761 1438 4825 Philonem,
1462 4763 1758 4828 llermem,
1779 4762 2051 4831 Plinium,
2076 4767 2281 4821 Psene-

621 4851 807 4922 sirim,
850 4849 1256 4922 Agamphum,
1307 4853 1589 4918 Marcum,
1632 4850 2094 4919 Nilammonem,
2137 4858 2281 4914 Mar-

616 4956 758 4996 cum
791 4939 1069 5005 alterum,
1092 4939 1565 5010 Athenodorum,
1587 4944 1642 4996 et
1669 4940 2052 5013 presbyteros
2082 4944 2276 5005 Hiera-

615 5046 745 5086 cem
779 5034 835 5086 et
859 5029 1228 5084 Dioscorum.
1259 5033 1445 5100 Atque
1472 5028 1551 5084 ita
1575 5029 1824 5100 quidem
1844 5031 2272 5094 Theodoretus.

617 5122 891 5176 Socrates
915 5124 1119 5177 autem
1145 5124 1202 5175 et
1229 5120 1597 5174 Sozomenus
1624 5126 1872 5176 narrant
1891 5121 2140 5180 Arianos
2162 5132 2274 5184 sta-

612 5206 718 5262 tim
750 5213 887 5278 post
926 5207 1086 5264 Pauli
1131 5206 1548 5278 expulsionem
1580 5211 1636 5262 et
1664 5208 1924 5265 reditum
1953 5211 2273 5284 imperato-

610 5296 691 5352 ris
734 5296 1128 5367 Antiochiam,
1183 5295 1534 5368 deposuisse
1585 5298 1934 5367 Gregorium
1979 5305 2271 5375 tanquam

607 5385 1026 5440 Alexandrinis
1069 5401 1192 5441 non
1235 5390 1471 5455 gratum
1503 5389 1558 5441 et
1588 5385 1992 5457 negligentem
2042 5395 2272 5466 proprii

605 5473 908 5543 dogmatis
958 5473 1553 5545 propugnationem;
1588 5475 1760 5546 cujus
1806 5476 1868 5532 in
1915 5477 2120 5536 locum
2167 5486 2269 5540 Ge-

603 5562 846 5632 orgium
904 5563 1120 5618 misere
1190 5562 1295 5635 qui
1350 5578 1424 5619 ex
1489 5563 1873 5636 Cappadocia
1927 5571 2264 5643 oriundus,

601 5651 715 5712 sibi
744 5649 974 5711 famam
1008 5652 1071 5709 in
1100 5653 1321 5710 Ariana
1369 5653 1790 5726 superstitione
1835 5658 2258 5731 acquisiverat.

2393 3241 2624 3317 Σαρδικῇ
2657 3241 2906 3312 συνόδου,
2928 3247 3060 3316 μετά
3089 3240 3148 3296 δὲ
3177 3249 3270 3303 τὴν
3303 3242 3521 3299 σύνοδον
3546 3250 3762 3318 ταύτην,
3789 3252 3875 3302 τόν
3899 3250 3981 3321 μὲν

2395 3339 2680 3409 Γρηγόριον
2726 3332 3058 3409 ἀναιρέθῆναι
3104 3336 3249 3409 παρὰ
3288 3343 3386 3387 τῶν
3436 3333 3831 3410 Ἀλεξανδρίων,
3873 3336 3983 3390 ἐπα-

2393 3423 2582 3476 νελθεῖν
2614 3420 2672 3475 δὲ
2702 3423 2854 3474 πάλιν
2893 3424 2980 3475 τὸν
3007 3422 3316 3476 Ἀθανάσιον
3346 3424 3414 3485 εἰς
3441 3428 3530 3477 τόν
3577 3424 3762 3480 οἰκεῖον
3815 3429 3981 3500 θρόνον

2396 3511 2809 3588 διαγραμμάτων
2860 3518 3192 3574 Κώνσταντος
3238 3521 3330 3566 τοῦ
3379 3512 3428 3566 ἐν
3456 3513 3624 3588 Ῥώμῃ
3677 3515 3983 3588 βασιλεύον-

2393 3621 2501 3663 τος.
2564 3603 2703 3655 Ἐπεὶ
2770 3598 2830 3655 δὲ
2897 3607 3140 3663 Κώνστας
3201 3601 3545 3674 ἐτελεύτησεν,
3603 3601 3752 3667 αὖθις
3815 3610 3985 3679 φυγεῖν

2395 3693 2724 3764 Ἀθανάσοιν,
2787 3698 2876 3745 καὶ
2937 3691 3327 3768 προϐεϐλῆσθαι
3385 3697 3526 3768 παρά
3580 3703 3677 3748 τῶν
3716 3696 3983 3771 Ἀρειανῶν

2396 3788 2648 3855 Γεώργιον
2709 3785 2796 3834 τόν
2866 3779 3261 3854 Καππαδόκην,
3329 3788 3494 3858 μυρία
3557 3788 3694 3838 κακά
3755 3793 3866 3847 τοῖς
3925 3785 3985 3836 τὰ

2395 3871 2711 3924 Ἀθανασίου
2777 3879 3052 3945 φρονοῦσιν
3119 3869 3472 3943 ἐνδείξασθαι,
3539 3879 3630 3927 καί
3692 3893 3836 3938 τινας
3891 3881 3982 3926 τῶν

2394 3960 2482 4014 ἀπ’
2528 3961 2796 4033 Αἰγύπτου
2841 3967 2931 4014 καὶ
2975 3960 3172 4024 Λιϐύης
3215 3961 3509 4016 ἐπισκόπων
3553 3961 3804 4036 ἐξορίσαι,
3839 3966 3983 4018 Γάϊον

2394 4055 2763 4125 Παραιτονίου,
2795 4051 3024 4123 Ἀγαθον
3066 4057 3376 4124 ψραγώνεως
3417 4052 3508 4104 καί
3544 4057 3732 4126 μέρους
3776 4054 3981 4129 Ἐλεαρ-

2392 4144 2517 4212 χίας
2571 4148 2662 4199 τῆς
2714 4139 3022 4211 Αἰγύπτου,
3074 4140 3364 4212 Ἀμμώνιον
3433 4146 3840 4214 Παχνεμούνεως
3901 4146 3983 4194 καὶ

2391 4236 2483 4281 τοῦ
2542 4228 2724 4281 λοιποῦ
2779 4233 2965 4304 μέρους
3029 4237 3120 4290 τῆς
3185 4228 3514 4304 Ἐλεαρχίας,
3567 4228 3984 4305 Ἀγαθοδαίμονα

2391 4314 2623 4390 Σχεδέας
2677 4323 2767 4370 καὶ
2832 4317 3179 4390 Μενελαίτου,
3237 4323 3544 4393 Δρακόντιον
3605 4320 3983 4396 Ἐρμουπόλεως

2391 4415 2606 4482 μικρᾶς,
2675 4405 2945 4480 Ἀδέλφιον
3013 4408 3322 4481 Ὀνούφεως,

2391 4499 2457 4548 ὧν
2506 4503 2595 4550 καὶ
2642 4499 2668 4549 ό
2716 4502 2874 4570 μέγας
2915 4499 3224 4559 Ἀθανάσιος
3276 4496 3324 4549 ἐν
3377 4506 3438 4571 τῇ
3497 4501 3622 4572 ὑπὲρ
3667 4507 3761 4562 τῆς
3822 4507 3983 4573 φυγῆς

2391 4587 2550 4640 αὐτοῦ
2613 4585 2867 4660 ἀπολογίᾳ
2930 4590 3226 4659 μέμνηταιο
3281 4591 3371 4639 καὶ
3426 4591 3558 4662 πρὸς
3616 4590 3822 4652 τούτοις
3868 4589 3983 4659 Ἀμ-

2389 4681 2576 4748 μώνιον
2641 4677 2830 4751 ἕτερον,
2898 4681 3093 4748 Μώῐον,
3165 4675 3383 4747 Φίλωνα,
3459 4676 3670 4752 Ἑρμῆν,
3741 4677 3979 4742 Πληνιον,

2389 4768 2676 4840 Ψενέσιριν,
2743 4765 3038 4838 Ἂγαμφον,
3105 4767 3339 4840 Μάρκον,
3401 4765 3768 4840 Νειλάμμωνα,
3834 4768 3980 4838 Μάρ-

2387 4875 2474 4908 κον
2531 4857 2717 4931 ἕτερον,
2776 4852 3156 4929 Ἀθηνόδωρον,
3208 4859 3298 4908 καὶ
3357 4855 3738 4932 πρεσϐυτέρους
3787 4855 3981 4931 Ἱέρακα

2385 4949 2475 4998 καὶ
2521 4951 2824 5021 Διόσκορον.
2865 4945 3041 5006 Ούτως
3089 4948 3179 5018 μεν
3227 4940 3314 4997 οὖν
3364 4942 3731 5022 Θεοδώριτοςο
3779 4946 3979 5020 Σωκράο

2384 5055 2480 5098 της
2531 5033 2591 5089 δε
2655 5040 2744 5088 καὶ
2810 5035 3098 5108 Σωζόμενός
3161 5052 3318 5108 φασιν
3374 5035 3455 5087 ὄτι
3520 5036 3672 5098 εὐθὺς
3735 5038 3870 5108 μετὰ
3926 5035 3979 5085 τὸ

2383 5124 2696 5184 ἐκϐληθῆναι
2753 5123 2974 5195 Παῦλον,
3026 5127 3116 5175 καὶ
3165 5121 3444 5187 ἀναζεῦξαι
3502 5125 3861 5179 Κωνστάντιον
3917 5120 3980 5180 εἰς

2385 5215 2710 5288 Ἀντιόχειαν
2743 5257 2759 5283 ,
2826 5215 2875 5266 οὶ
2936 5211 3310 5288 ἀρειανίζοντες
3383 5217 3712 5286 μετέστησαν
3778 5212 3835 5266 ἐκ
3896 5217 3981 5269 τῆς

2382 5301 2774 5380 Ἀλεξανδρειας
2836 5306 3160 5378 Γρηγὸρῐον,
3238 5304 3307 5364 ὡς
3389 5307 3506 5356 οὔτε
3587 5299 3981 5376 Ἀλεξανδρεῦσι

2380 5397 2724 5468 καταθύμιόν,
2759 5397 2849 5446 καὶ
2883 5395 2953 5455 ὡς
3001 5391 3160 5465 ἀμελῆ
3195 5395 3324 5466 πρὸς
3359 5395 3620 5446 σύστασιν
3655 5399 3750 5445 τοῦ
3793 5392 3978 5445 οἰκείου

2383 5482 2682 5558 δόγματοςο
2740 5483 2855 5535 ἀντὶ
2923 5479 2981 5534 δὲ
3043 5484 3255 5552 τούτου,
3311 5487 3565 5558 Γεὼργιον
3626 5481 3881 5556 ἔπεμψαν,
3933 5477 3980 5537 ὃς

2381 5573 2434 5627 ἐκ
2500 5571 2881 5636 Καππαδοκίας
2943 5575 3032 5645 μὲν
3095 5575 3324 5646 ὡρμᾶτο,
3381 5571 3540 5639 δόξαν
3602 5569 3662 5628 δε
3725 5575 3841 5650 περὶ
3891 5571 3978 5629 τὴν

2380 5663 2622 5742 ἀρειανὴν
2657 5665 2935 5742 θρησκείαν
2967 5659 3232 5722 ἐκέκτητο.

3406 4413 3726 4483 Παφνούτιον
3792 4415 3980 4476 Σάεως,
