4040 6318
104 335 144 386 l7
1433 326 1783 386 THESAURI
1810 326 1948 385 LIB.
1979 328 2049 384 VI
3355 328 3420 384 18

148 451 217 508 ια’.
279 452 357 506 Ἐν
399 451 571 524 τούτῳ
631 448 694 505 δε
729 454 822 512 τήν
875 451 1096 527 Ῥώμην,
1155 456 1226 518 ὡς
1287 457 1495 529 ἔφαμεν,
1562 474 1652 506 κα-

1848 457 1928 507 H.
1964 455 2192 511 Interea
2221 457 2423 512 autem
2477 456 2751 522 Romam,
2797 455 2861 510 ut
2917 451 3199 520 diximus,
3245 467 3422 509 vene-

100 541 254 596 τὺιϐον
305 541 627 602 Ἀθανάσιος
687 547 777 594 καὶ
830 543 1051 613 Παῦλος,
1103 544 1233 597 α’).λά
1283 551 1376 598 καὶ
1427 543 1644 618 Μάρκελι

1771 547 1907 598 rant
1924 543 2289 600 Athanasius
2305 549 2361 600 et
2377 543 2736 615 Paulus,sed
2752 547 2808 600 et
2824 542 3128 600 Marcellus
3147 545 3420 615 Ancyrae,

101 634 219 694 isgé
272 632 558 705 Ἀγκύρας,
622 637 713 685 καὶ
781 633 1082 696 ’Δσκληπᾶς
1143 637 1170 688 ὁ
1249 635 1445 703 Γάζης,
1503 637 1558 688 ὃν
1611 636 1652 686 oi

1770 637 1827 688 et
1853 631 2160 704 Asclepius
2189 636 2357 690 Gazae
2383 650 2567 706 quem
2594 633 2795 689 Ariani
2825 633 3253 704 deposuerant,
3273 631 3421 688 falso

103 725 323 795 Ἀρειανοὶ,
392 719 740 784 διαϐαλόντες
796 723 866 783 ὡς
924 725 1309 800 θυσιαστήριον
1361 727 1652 798 καταστρέ-

1768 736 1909 778 eum
1949 722 2336 780 criminantes
2377 723 2543 796 quod
2574 739 2742 779 aram
2775 723 3094 791 evertisset,
3141 727 3200 777 et
3246 721 3421 791 cujus

99 812 240 880 ᾇαντα,
283 810 550 879 καθεῖλον,
603 815 695 863 καὶ
735 809 844 864 ἀντ’
901 813 1062 866 αὑτοῦ
1119 818 1390 867 Κεντιανόν
1448 813 1652 886 ἐχειρο-

1766 810 1899 868 loco
1931 812 2281 868 Centianum
2312 813 2769 879 ordinaverant;
2809 827 2878 866 ac
2907 816 3122 884 praeter
3154 810 3284 866 illos
3317 812 3422 866 Lu-

98 920 269 958 fma'uv
301 917 314 930 '
383 903 526 974 πρὸς
577 897 637 952 δε
693 906 784 954 καὶ
832 904 1060 965 Λούκιος
1106 904 1132 954 ὁ
1184 899 1652 977 Ἀδριανουπόλεως

1767 902 1895 958 cius
1923 903 2343 975 Adrianopolis
2387 903 2506 959 alio
2549 903 2796 959 crimine
2833 906 3173 958 accusatus.
3215 904 3418 956 Romae

97 990 149 1040 ἐτ’
180 989 303 1061 ἄλλῳ
363 993 476 1042 τινὶ
528 991 932 1064 κατηγορηθείς.
963 990 1023 1043 Ὀ
1074 988 1134 1045 δὲ
1189 990 1387 1065 Ῥώμης
1447 990 1652 1043 ἐπίσκο-

1765 1005 1906 1046 vero
1947 990 2266 1063 episcopus
2297 991 2487 1046 Julius
2531 1007 2633 1046 eos
2676 990 2818 1045 ﬁdei
2862 991 3115 1046 Nicaenae
3165 1004 3418 1044 consen-

96 1097 160 1140 :5;
190 1077 411 1147 Ἰούλιος,
468 1079 816 1151 ὁμονοοῦντας
864 1081 1078 1142 τούτους
1137 1081 1295 1155 εὑρὼν
1347 1088 1410 1152 τῇ
1464 1078 1511 1132 ἐν
1555 1087 1652 1132 Νι-

1765 1080 1978 1135 tientes
2005 1079 2316 1135 inveniens
2342 1081 2401 1135 in
2426 1095 2600 1136 suam
2633 1080 3124 1135 communionem
3149 1078 3413 1148 admisit,

94 1174 182 1240 zu'u
231 1165 464 1240 συνόδῷ,
537 1168 605 1229 εἰς
668 1172 934 1221 κοινωνίαν
999 1174 1326 1245 προσήκατο,
1398 1174 1488 1221 καὶ
1549 1176 1652 1230 τοῖς

1765 1172 1946 1240 atque
1985 1168 2270 1224 omnibus
2327 1169 2579 1225 Orientis
2618 1169 2916 1240 episcopis
2957 1167 3193 1239 scripsit
3230 1171 3294 1222 ut
3344 1168 3415 1223 iis

95 1257 160 1308 ea
193 1262 276 1316 τήν
312 1258 418 1311 Ἐω
470 1263 634 1310 πᾶσιν
703 1255 1012 1319 ἕπισκόποις
1078 1258 1300 1332 ἔγραψεν
1364 1253 1652 1310 ἀποδοῦναι

1763 1259 2040 1330 proprias
2069 1257 2242 1314 sedes
2271 1259 2605 1328 redderent,
2639 1259 3058 1329 mitterentque
3108 1257 3268 1314 dicta
3316 1256 3412 1314 die

94 1352 154 1416 μέν
193 1350 362 1407 αὐτοῖς
430 1350 553 1407 τοὺς
621 1342 786 1407 ἰδίους
853 1349 1088 1420 θρόνους,
1158 1347 1362 1419 πέμ-,θαι
1422 1343 1480 1399 δέ
1515 1366 1652 1407 τινας

1762 1347 1986 1420 quieos
2012 1347 2520 1418 probarentjuste
2552 1347 2861 1419 depositos
2893 1362 3044 1401 esse.
3080 1346 3180 1400 llis
3205 1346 3412 1401 litteris

97 1437 140 1495 si;
175 1436 326 1507 ῥητήν
391 1437 597 1510 ἡμέραν
651 1439 769 1496 τοὺς
831 1434 1126 1508 ἐλέγξοντας
1186 1436 1375 1498 αὐτοὺς
1431 1431 1652 1498 δικαίως

1762 1434 2136 1490 conﬁdentes
2166 1437 2478 1492 Athanasii
2511 1436 2773 1493 fautores
2809 1439 3163 1508 receperunt
3193 1434 3412 1504 singuli

95 1523 473 1598 ἐκϐεϐλημένους.
542 1527 753 1586 Τούτοις
818 1525 1170 1600 θαρρήσάντες
1232 1532 1342 1586 τοῖς
1403 1526 1650 1599 γράμμα·

1761 1524 2038 1598 proprias
2070 1524 2264 1580 sedes.
2308 1525 2415 1586 Qui
2442 1529 2647 1581 autem
2685 1525 2793 1580 has
2837 1524 3059 1580 litteras
3103 1537 3410 1594 accepere,

96 1632 149 1663 πι
199 1617 242 1666 οἱ
299 1613 435 1686 ἀμφὶ
496 1618 584 1666 τὸν
633 1613 964 1682 Ἀθανάσιον,
1030 1616 1248 1677 ἕκαστος
1310 1617 1397 1666 τὸν
1465 1613 1651 1666 ἑαυτοῦ

1761 1628 1916 1684 mgre
1943 1615 2231 1680 tulerunt;
2261 1615 2805 1686 convenientesque
2827 1612 3224 1678 Antiochiam,
3256 1611 3408 1668 Julio

92 1701 290 1756 κατέλαϐε
347 1705 554 1775 θρόνον.
615 1705 680 1755 Oi
747 1699 805 1756 δε
861 1706 952 1764 τὰς
1008 1702 1286 1765 ἐπιστολὰς
1356 1699 1646 1775 δεξάμενοι,

1759 1702 2203 1775 responderunt
2246 1718 2366 1758 non
2421 1708 2696 1776 oportere
2739 1703 2816 1759 ab
2849 1702 2946 1758 illo
2986 1701 3109 1771 regi
3158 1701 3408 1756 Orientis

91 1790 286 1859 χαλεπῶς
328 1795 559 1863 ἤνεγκαν
590 1807 603 1820 ⁸
658 1796 749 1844 καὶ
806 1791 1150 1864 συλλεγέντες,
1192 1793 1259 1854 εἰς
1297 1792 1644 1864 Ἀντιόχειαν,

1760 1791 2101 1863 episcopos,
2135 1792 2183 1848 si
2215 1807 2370 1864 quos
2403 1808 2475 1847 ex
2513 1792 2776 1848 ecclesiis
2819 1791 3039 1847 vellent
3066 1788 3360 1862 expellere
3389 1807 3404 1858 ;

96 1879 246 1952 Ἰουλίῳ
307 1884 396 1952 μὲν
479 1879 810 1956 ἀντέγραψαν
877 1885 942 1942 ὡς
1010 1882 1068 1934 οὗ
1135 1879 1216 1935 δεῖ
1277 1882 1648 1942 κανονίξεσθαι

1759 1881 1901 1953 quia
1931 1897 2128 1953 neque
2193 1883 2443 1938 Orientis
2480 1882 2746 1956 episcopi
2784 1882 3120 1949 restiterint,
3157 1880 3406 1953 quando

95 1969 358 2040 τπράὐτοῡ
407 1975 535 2031 τοὺς
573 1978 664 2032 τῆς
712 1971 984 2034 ’Δνοτολῆς
1041 1970 1377 2038 ἐπισκόπους,
1422 1971 1464 2024 εἰ
1516 1970 1650 2042 βου-

1759 1973 2051 2026 Novatum
2064 1971 2342 2042 expulere
2359 1972 2693 2028 Occidentis
2706 1969 3407 2044 episcopi.Constantium

93 2057 219 2110 ὶοιντὸ
274 2079 415 2123 τινας
485 2059 764 2123 ἕξελαύνειν
838 2069 937 2112 τῶν
997 2059 1316 2131 ἐκκλησιῶν,
1372 2062 1452 2113 ὅτι
1509 2056 1650 2132 μηδὲ

1759 2064 1960 2116 autem
2014 2061 2424 2116 excitaverunt
2464 2061 2525 2116 in
2566 2061 2966 2116 Athanasium
3015 2065 3072 2115 et
3106 2058 3400 2126 Paulum;

93 2150 124 2198 εἰ
156 2157 236 2210 τῆς
271 2150 554 2212 Ἀνατολῆς
579 2151 831 2220 ἀντεῖπον,
866 2152 949 2204 ὅτε
1000 2153 1241 2203 Ναυάτον
1302 2149 1560 2213 ἐξήλασαν
1600 2151 1649 2202 οἱ

1759 2150 1931 2222 isque
1971 2150 2290 2206 Antiochia
2317 2150 2556 2224 scripsit
2580 2152 2659 2206 ad
2689 2148 3240 2220 Constantinopolis
3261 2163 3403 2219 prm-

94 2244 158 2298 TE;
233 2241 451 2301 Δύσεως.
546 2241 902 2292 Κωνστάντιον
979 2236 1039 2292 δι
1100 2246 1440 2315 παρώτρυναν
1514 2240 1651 2291 κατά

1759 2239 1979 2295 fectum
2011 2239 2373 2312 Philippum,
2425 2244 2490 2295 ut
2523 2238 2776 2296 Paulum
2831 2238 3079 2311 quidem
3136 2253 3207 2293 ex
3253 2236 3403 2292 urbe

93 2325 358 2380 ’Δθανασίου
397 2333 493 2381 καὶ
561 2328 768 2382 Παύλου
802 2350 814 2362 ·
870 2333 960 2381 καὶ
1013 2329 1069 2390 ὃς
1122 2329 1344 2403 ἔγραψεν
1386 2327 1472 2381 ἀπ’
1539 2327 1647 2382 Ἀν-

1759 2328 2020 2401 pelleret,
2079 2329 2434 2386 Macedonio
2490 2334 2691 2385 autem
2749 2329 3006 2385 traderet
3059 2326 3402 2384 ecclesiam.

92 2421 276 2487 τιοχείας
326 2426 400 2489 τῷ
467 2417 690 2491 ἐπάρχῳ
750 2421 1341 2482 Κωνσταντινουπόλεως
1409 2418 1647 2489 Φιλίππῳ

1762 2419 1976 2474 Paulus
2018 2417 2198 2489 igitur
2224 2419 2425 2475 statim
2455 2419 2742 2491 expulsus
2772 2422 2876 2473 est.
2911 2416 3218 2489 Philippus
3262 2431 3404 2471 vero

95 2506 249 2558 Παῦλον
479 2506 718 2570 ἐξελάσαι
775 2516 870 2570 τῆς
938 2508 1132 2570 πόλεως
1207 2505 1512 2579 Μακεδονίῳ
1590 2504 1650 2559 δέ

1759 2507 1835 2562 ad
1867 2506 2180 2562 ecclesiam
2208 2514 2447 2564 evectus
2486 2512 2593 2571 est,
2645 2507 3073 2564 consedentem
3120 2506 3180 2560 in
3225 2520 3406 2562 curru

94 2592 375 2662 παραδοῦναι
411 2602 512 2655 τήν
580 2595 860 2655 ἔκκλησίαν
888 2614 900 2627 '
943 2599 970 2650 ὁ
1028 2601 1118 2670 μὲν
1185 2594 1272 2650 οὖν
1321 2596 1518 2657 Παῦλος
1570 2595 1649 2648 ευ-

1759 2595 2169 2652 Macedonium
2217 2597 2485 2662 habens;
2537 2612 2690 2670 quos
2722 2596 3085 2669 sequebatur
3126 2593 3400 2650 militaris

96 2687 159 2745 ἐὺς
189 2684 438 2748 ἐξηλάθη·
499 2686 750 2749 Φίλιππος
782 2683 833 2739 δ’
890 2686 974 2739 ἐπὶ
1021 2691 1114 2745 τήν
1169 2685 1450 2744 ἐκκλησίαν
1503 2689 1650 2743 ἠπεί-

1759 2701 1978 2742 manus
2006 2686 2219 2755 gladiis
2237 2691 2491 2743 armata.
2525 2689 2672 2742 Cum
2704 2692 2908 2742 autem
2930 2685 3142 2754 ingens
3163 2685 3405 2741 adesset

94 2792 194 2845 γετό,
246 2777 524 2849 σύνθρονον
563 2777 648 2828 έπὶ
699 2784 792 2828 τοῦ
842 2775 1114 2849 ὀχήματος
1182 2779 1318 2848 ἔχων
1364 2778 1450 2828 τὸν
1481 2781 1650 2828 Μακε-

1759 2775 2078 2831 multitudo
2107 2791 2304 2849 neque
2336 2775 2617 2849 praefecto
2648 2781 2705 2832 et
2733 2775 3084 2832 Macedonio
3112 2775 3220 2830 iter
3256 2789 3405 2846 prae-

94 2858 223 2914 δάνιον
250 2885 262 2898 ’
290 2870 577 2938 παρείπετο
609 2861 669 2917 δέ
715 2867 916 2926 τονΰτοίς
967 2870 1056 2917 καὶ
1113 2870 1232 2938 χεὶρ
1293 2867 1644 2938 στρατιωτική

1759 2863 1988 2925 herent,
2012 2863 2395 2920 crediderunt
2416 2864 2634 2920 milites
2647 2863 2798 2919 velle
2826 2863 3067 2919 turbam
3097 2862 3403 2931 resistere;

95 2951 272 3024 ξιφήρης
323 2973 336 2984 ·
404 2953 642 3014 πλήθους
700 2949 758 3007 δε
824 2953 1012 3007 πολλοῦ
1068 2960 1336 3027 παρόντος,
1412 2957 1502 3004 καὶ
1578 2959 1649 3022 τῷ

1759 2951 2104 3024 multosque
2131 2952 2347 3024 gladiis
2379 2953 2822 3019 interfecerunt,
2866 2952 3035 3008 multi
3067 2955 3268 3008 autem
3310 2951 3408 3007 alii

94 3038 265 3114 ἐπάρχῳ
293 3048 386 3096 καὶ
440 3051 516 3114 τῷ
573 3039 884 3116 Μακεδονίῳ
941 3040 1182 3119 παρόδου
1219 3047 1290 3116 μή
1350 3044 1646 3114 γινομένης,

1759 3041 1834 3098 ab
1868 3041 1997 3098 aliis
2041 3043 2376 3100 conculcati
2415 3047 2574 3098 sunt.
2605 3042 2812 3100 Mortui
2863 3045 3024 3108 sunt,
3057 3045 3122 3096 ut
3167 3041 3407 3106 dicitur,

95 3129 296 3184 ὑτεῖαϐον
344 3134 395 3184 οἱ
446 3141 770 3204 στρατιῶται
827 3137 948 3195 τοὺς
996 3133 1190 3206 ὄχλους
1247 3131 1599 3185 ἀνθίστασθαι
1632 3147 1645 3158 ’

1759 3131 1934 3203 quasi
1979 3131 2093 3188 tria
2143 3131 2329 3188 millia
2369 3135 2611 3187 centum
2661 3137 2717 3187 et.
2765 3130 3228 3202 quinquaginta.
3287 3130 3411 3186 Tali

95 3224 155 3269 mi
192 3219 359 3274 λοιπὸν
413 3221 636 3283 πολλοὺς
671 3225 763 3295 μὲν
820 3222 966 3275 αὐτοὶ
1019 3229 1124 3282 τοῖς
1177 3223 1376 3294 ξίφεσιν
1434 3218 1647 3284 ἀνεῖλον,

1759 3219 1937 3289 igitur
1968 3234 2258 3275 successu
2289 3219 2671 3276 Macedonius
2709 3235 2746 3274 a
2788 3217 3069 3290 praefecto
3098 3218 3160 3273 in
3185 3217 3412 3290 episco-

48 3373 50 3384 Ι
96 3307 227 3360 πολλοὶ
278 3306 337 3364 δέ
405 3315 498 3363 καὶ
571 3311 659 3363 ὑπ’
723 3310 952 3370 ἀλλήλων
1006 3313 1443 3370 συνεπατήθησαν
1493 3329 1506 3343 ο
1561 3311 1651 3358 καὶ

1759 3309 1882 3380 pali
1910 3309 2051 3365 sede
2081 3310 2440 3364 constitutus
2468 3313 2572 3364 est.

48 3453 50 3462 I
96 3395 316 3469 ἀπέθανον,
365 3404 437 3464 ὡς
483 3401 707 3474 λέγεται,
761 3408 880 3476 περὶ
938 3406 1060 3465 τοὺς
1120 3402 1300 3455 ἑκατὸν
1356 3406 1446 3454 καὶ
1498 3403 1815 3458 πεντήκοντα
1870 3403 1960 3450 καὶ
2015 3397 2371 3471 τρισχιλίους.
2425 3397 2542 3450 Ἐπὶ
2609 3398 2863 3458 τοιούτοις
2926 3399 3017 3469 μὲν
3072 3396 3159 3448 οὖν
3226 3415 3412 3467 κατορς

99 3487 258 3557 θώμασι
284 3487 613 3552 Μακεδόνιος
633 3493 777 3566 παρά
801 3498 897 3543 τοῦ
920 3489 1159 3565 ἐπάρχου
1190 3490 1542 3563 ἐνεθρονίσθη.

145 3574 227 3646 ιβ’.
295 3577 606 3640 Ἀθανάσιος
673 3575 732 3632 δι
787 3584 880 3638 τήν
949 3579 1224 3639 ἐπιϐουλήν
1287 3581 1650 3632 Κωνσταντίου

1833 3578 1918 3630 l2.
1953 3576 2316 3633 Athanasius
2341 3579 2542 3633 autem
2578 3576 2907 3632 Constantii
2941 3575 3190 3632 insidias
3212 3574 3414 3631 formi-

99 3659 254 3733 δείσας,
294 3670 499 3740 θανάτῳ
538 3671 641 3743 γάρ
712 3673 933 3742 ζημιοῦν
997 3669 1150 3721 αὐτὸν
1208 3668 1508 3733 ἠπείλησεν,
1581 3666 1652 3729 εἰς

1761 3665 1914 3721 dans
1930 3666 2003 3736 (ei
2017 3665 2174 3721 enim
2191 3670 2448 3722 mortem
2463 3666 2728 3722 minatus
2742 3669 2890 3730 erat)
2909 3668 3160 3721 Romam
3177 3663 3414 3720 abiit.Et

98 3756 162 3807 fit:
199 3755 386 3830 Ῥώμην
433 3756 682 3830 ἀφίκετο⁹
748 3764 839 3812 καὶ
897 3757 1095 3819 Παῦλος
1153 3758 1224 3820 εἰς
1281 3762 1374 3816 τήν
1443 3765 1652 3810 Θεσσα-

1764 3756 1980 3811 Paulus
2007 3755 2501 3812 Thessalonicam
2550 3755 2804 3826 delatus,
2849 3754 3008 3810 unde
3040 3755 3250 3826 proavi
3297 3753 3412 3809 orti

48 3873 52 3916 ρ
99 3839 256 3902 levium
304 3849 637 3919 ἀπενεχθεὶς,
707 3849 819 3902 ὃθεν
870 3853 961 3900 καὶ
1011 3852 1130 3909 τοὺς
1186 3851 1466 3920 προγόνους
1510 3847 1652 3916 ἔχειν

1761 3843 2136 3914 dicebantur,
2159 3860 2298 3899 cum
2326 3844 2623 3900 Orientem
2665 3843 3043 3915 relinquendi
3064 3841 3412 3914 permissio-

100 3927 268 4000 δέκετο,
317 3941 408 3988 καὶ
447 3941 541 3994 τήν
584 3941 674 4008 μέν
717 3935 818 3989 Ἕω
877 3939 1078 4009 φεύγειν
1126 3935 1440 4009 ἐπιτραπεὶς,
1486 3933 1651 3986 Ἰλλυ-

1760 3949 1900 3989 nem
1927 3933 2276 4005 accepisset,
2316 3949 2513 4006 neque
2556 3934 2854 4006 Illyricum
2885 3938 2942 3988 et
2970 3948 3106 4004 quae
3142 3931 3297 3987 ultra
3325 3934 3415 3986 est

97 4029 207 4091 filii;
257 4019 312 4076 3":
351 4030 444 4078 καὶ
485 4033 584 4088 τῆς
632 4025 863 4078 ἐπέκεινα
907 4034 1010 4097 γῆς
1052 4023 1330 4078 ἐπιϐαίνειν
1382 4024 1440 4076 οὐ
1490 4021 1651 4074 κωλυ-

1760 4025 2070 4094 regionem
2104 4028 2302 4096 petere
2332 4023 2770 4096 prohiberetur,
2799 4022 3148 4079 Corinthum
3181 4036 3243 4075 se
3273 4035 3411 4091 pro-

103 4109 187 4173 5εὶς,
239 4115 473 4188 ἀπαίρειν
515 4113 587 4177 εἰς
639 4117 886 4189 Κόρινθον
938 4119 1353 4189 προεφασίσατο,
1403 4117 1493 4164 καὶ
1558 4116 1651 4170 τὴν

1760 4114 1945 4169 ticisci
1987 4113 2320 4179 prmtexuit,
2355 4116 2732 4183 Romamque
2785 4116 2843 4167 et
2884 4111 3011 4182 ipse
3045 4110 3229 4167 venit.
3263 4112 3412 4166 Cum

99 4195 248 4268 Ῥώμην
303 4204 583 4274 κατείληφε
648 4209 739 4255 καὶ
805 4203 998 4264 αὑτός.
1056 4198 1499 4265 Ἀναὸιδάξαντος
1563 4196 1650 4252 οὖν

1763 4208 1963 4259 autem
1985 4203 2172 4259 Julius
2209 4202 2541 4258 monuisset
2562 4202 2986 4273 imperatorem
3019 4203 3411 4257 Constantem

103 4284 267 4340 Ἰουλίου
330 4296 419 4343 τὸν
490 4289 721 4364 βασιλέα
778 4298 1090 4347 Κώνσταντα
1159 4293 1224 4343 τά
1285 4297 1404 4364 περὶ
1461 4289 1648 4357 αὐτῶν,

1759 4292 1834 4349 de
1865 4308 2072 4348 eorum
2101 4291 2464 4362 conditione,
2493 4291 2726 4364 scripsit
2754 4291 2849 4346 ille
2879 4291 2957 4347 ad
2982 4291 3410 4363 imperatorem

102 4374 272 4447 ξ’]ραλᾷιεν
335 4379 531 4442 ἐκεῖνος
603 4389 675 4451 τῷ
743 4378 957 4453 βασιλεί
1034 4384 1377 4451 Κωνσταντίῳ
1447 4379 1651 4450 πέμψαι

1761 4381 2179 4437 Constantium
2210 4385 2276 4436 ut
2301 4381 2624 4453 episcopos
2659 4381 2912 4437 mitteret
2940 4382 3046 4452 qui
3071 4395 3281 4437 eorum
3307 4379 3409 4434 de-

1759 4471 2123 4543 positionem
2153 4469 2557 4526 defenderent.
2589 4471 2750 4526 Missi
2796 4475 2935 4525 sunt
2962 4470 3140 4537 igitur
3170 4469 3406 4524 Narcis-

104 4559 250 4608 ττᾶτων
310 4563 682 4635 καθαιρέσεως.
746 4561 1118 4634 Ἐπέμφθησάν
1195 4557 1282 4614 οὖν
1343 4562 1652 4634 Νάρκισσος

1763 4576 1866 4614 sus
1891 4559 2240 4630 lrenopolis,
2256 4559 2604 4614 Theodorus
2633 4559 2947 4623 Heracleae,
2971 4559 3141 4614 Maris
3164 4558 3405 4614 Chalce-

105 4643 496 4718 Εὶρειουπὸλεως,
562 4647 831 4724 Θεόδωρος
911 4654 937 4702 ὸ
1011 4650 1335 4725 Ἡρακλείας,
1397 4654 1568 4724 Μάρις
1625 4653 1650 4702 ὀ

1759 4651 1935 4706 donis
1965 4655 2023 4704 et
2051 4653 2277 4706 Marcus
2317 4651 2661 4717 Arethusae;
2694 4649 2799 4722 qui
2829 4650 3078 4722 quidem
3123 4665 3157 4705 a
3193 4649 3406 4721 seipsis

106 4733 405 4808 Χαλκηδόνος,
463 4743 555 4791 καὶ
601 4741 862 4814 Μάρκοςὸ
909 4739 1272 4814 Ἀρεθούσης·
1327 4741 1377 4792 οἶ
1422 4745 1514 4797 τήν
1561 4742 1650 4811 μὲν

1763 4739 2084 4795 Antiochiae
2106 4739 2442 4811 expositam
2456 4739 2637 4795 tidem
2651 4739 2996 4808 celavere,al
3007 4742 3190 4795 teram
3204 4743 3407 4794 autem

105 4818 136 4868 έδ
177 4822 454 4901 ’Δπωχείᾳ
527 4829 654 4903 παρ’
729 4831 899 4881 αὐτῶν
978 4827 1272 4882 ἐπιτιθεῖσαν
1348 4827 1651 4903 ἀπέκρυψαν

1762 4829 2371 4884 struxeruntomnino
2400 4829 3406 4900 Nicrenaerepugnantemﬁamque

106 4918 254 4983 πίστιν,
295 4916 467 4990 ἑτέραν
510 4915 558 4970 δ’
597 4916 888 4970 έκάττυσαν
933 4915 1245 4990 ἀπᾴδουσαν
1302 4917 1431 4980 ὅλως
1483 4926 1542 4990 τῇ
1600 4915 1650 4970 έν

1761 4924 2086 4991 postquam
2131 4917 2477 4990 imperatori
2523 4917 2828 4974 Constanti
2879 4917 3174 4974 tradidere
3209 4931 3407 4988 neque

105 5003 290 5074 .‘iuuiu'
333 5012 422 5059 καὶ
473 5009 673 5065 ταύτην
715 5015 788 5078 τῷ
841 5005 1058 5080 βασιλεί
1109 5011 1383 5060 Κὼσταντι
1425 5004 1652 5061 δεδωκὸ-

1761 5006 2097 5080 quidquam
2116 5022 2326 5063 eorum
2339 5023 2472 5079 quae
2489 5004 3411 5079 volebantperfecissent,reversi

106 5104 173 5155 τες,
210 5097 286 5145 καὶ
345 5101 469 5171 περὶ
520 5096 591 5146 ὧν
635 5094 904 5148 ἐϐούλοντο
968 5093 1134 5170 μηδὲν
1185 5094 1484 5167 ἀνύσαντες,
1534 5100 1652 5150 ὺπέ-

1764 5102 1902 5154 sunt
1933 5096 2080 5152 nihil
2101 5097 2350 5168 operati.
2377 5097 2514 5153 Post
2551 5101 2753 5153 autem
2785 5101 2900 5152 tres
2931 5093 3408 5164 annos,Orientis

108 5181 282 5250 πρεᾷαν
308 5186 589 5259 ἄπρακτοι.
639 5189 784 5239 Μετά
833 5182 892 5238 δι
943 5193 1116 5258 τριετῆ
1167 5189 1358 5259 χρόνον
1407 5185 1578 5260 ἑτέραν
1605 5187 1652 5238 οἱ

1763 5185 2033 5259 episcopi
2071 5184 2318 5241 alteram
2350 5189 2823 5258 composuerunt
2855 5185 3039 5240 ﬁdem
3083 5197 3270 5255 quam
3312 5204 3408 5256 μα-

108 5274 173 5328 τές
209 5269 296 5324 ἐω
344 5274 690 5337 συντάξαντες
760 5279 964 5343 πίστιν,
1020 5277 1080 5334 ἦν
1146 5279 1238 5327 καὶ
1288 5279 1652 5348 μακρόστιχον

1763 5281 2051 5349 κρόστιχον
2083 5277 2280 5328 ἔκθεσιν
2325 5275 2512 5347 (longi
2542 5275 2772 5330 ordinis
2801 5273 3262 5347 expositionem)
3304 5290 3411 5330 no-

111 5355 258 5409 ἒιθεσιν
302 5363 599 5434 ὠνόμασαν,
649 5363 883 5435 ἔπεμψαν
926 5369 1034 5423 τοῖς
1079 5361 1176 5414 ἀνὰ
1223 5365 1315 5420 τήν
1371 5365 1526 5415 Δύσιν
1577 5360 1652 5416 δι’

1765 5367 2090 5432 minavere,
2119 5380 2376 5437 eamque
2395 5365 2471 5421 ad
2495 5363 2830 5421 Occidentis
2855 5363 3177 5435 episcopos
3196 5364 3411 5420 misere

112 5441 310 5509 Ei-a’o‘iiw
371 5460 465 5504 τοῦ
554 5457 918 5526 Γερμανικείας
989 5457 1078 5504 καὶ
1156 5449 1484 5506 Μακεδονίου
1559 5460 1652 5506 τοῦ

1765 5470 1870 5528 per
1899 5454 2236 5510 Eudoxium
2268 5454 2654 5510 Germaniciae
2707 5458 2762 5508 et
2804 5454 3215 5510 Macedoniam
3257 5457 3414 5526 Mop-

112 5535 440 5609 Ὴτᾷουιστίας,
488 5540 539 5594 ἐν
593 5543 623 5614 ᾖ
691 5547 898 5615 μνήμην
1101 5541 1286 5603 οὐσίας
1333 5543 1428 5595 οὐκ
1473 5542 1652 5602 ἐποιή-

1766 5545 2019 5608 suestiae;
2035 5544 2095 5599 in
2113 5559 2235 5616 qua
2254 5544 2498 5616 quidem
2514 5543 2743 5599 nullam
2759 5541 2835 5598 de
2850 5543 2949 5598 Dei
2966 5543 3227 5600 essentia
3241 5555 3413 5600 men-

116 5637 229 5676 σπιτθ
261 5636 406 5702 Θεοῦ,
453 5630 787 5706 ἀπεκήρυξαν
837 5627 896 5686 δε
945 5634 1066 5694 τοὺς
1119 5629 1170 5698 ἐξ
1219 5632 1315 5685 οὐκ
1373 5637 1530 5686 ὄντων
1569 5633 1652 5686 λέ-

1766 5633 1994 5691 tionem
2025 5633 2346 5700 faciebant,
2392 5633 3002 5691 excommunicabant
3046 5639 3250 5691 autem
3307 5649 3413 5690 eos

102 4468 204 4527 sua;
259 4479 352 4520 τῶν
430 4469 735 4522 ἐπισκόπων
812 4469 1301 4542 ἀπολογησομένους
1370 4474 1488 4544 περὶ
1561 4476 1652 4529 τῆς
