4040 6318
621 322 693 385 49
1975 312 2257 375 NICETzE
2297 311 2631 375 cnomm
3920 322 3989 389 ac

625 450 735 526 qui
762 449 1047 508 dicebant
1067 448 1276 506 Filium
1321 448 1423 505 Dei
1458 464 1592 505 esse
1624 447 1699 506 de
1738 445 1950 512 nihilo,
1990 459 2062 502 ac
2101 441 2284 499 fuisse

2396 461 2586 514 γοντας
2635 445 2725 497 τὸν
2780 446 2896 498 Υίὸν
2936 451 3029 498 τοῦ
3068 447 3215 511 Θεοῦ,
3247 446 3340 496 καὶ
3370 444 3452 497 ὅτι
3499 444 3562 503 ἦν
3606 446 3690 499 ὅτε
3714 447 3805 500 οὐκ
3864 444 3924 507 ἧν
3972 469 3985 484 ·

627 548 869 616 tempus
890 540 1141 615 quando
1164 555 1288 597 non
1305 542 1464 609 erat;
1489 542 1781 612 praeterea
1806 543 1863 595 et
1886 535 2282 600 Sabellianos,

630 647 787 706 quos
846 631 1168 689 nominant
1224 629 1478 685 Romani
1537 627 2038 702 Patropassimos,
2079 625 2286 696 utpote

632 726 871 779 Patrem
896 737 1031 777 cum
1066 719 1206 776 Filio
1233 723 1291 775 et
1327 718 1549 791 Spiritu
1580 723 1791 775 sancto
1825 714 2284 780 confundentes,

634 816 692 870 et
718 827 883 868 nunc
902 809 1149 883 quidem
1178 825 1319 864 eum
1350 811 1598 881 Patrem,
1642 823 1805 865 nunc
1840 807 2074 877 Filium,
2124 818 2287 861 nunc

637 901 921 974 Spiritum
953 902 1232 954 sanctum
1262 898 1661 971 appellantes.
1694 896 2035 954 Promiscue
2055 893 2216 951 enim
2233 896 2288 949 et

634 990 954 1047 indiscrete
992 990 1265 1044 Romana
1318 987 1528 1057 lingua
1575 988 1793 1044 dicitur
1834 985 2083 1059 passim.
2141 986 2288 1041 Cum

634 1083 839 1137 autem
884 1078 1044 1135 hanc
1106 1076 1312 1132 fidem
1358 1092 1484 1132 non
1561 1076 1932 1150 recepissent
2007 1073 2291 1132 Occiden-

633 1168 804 1241 tales,
832 1167 937 1223 sed
969 1167 1235 1223 dicerent
1262 1165 1376 1222 sibi
1407 1164 1681 1223 sufﬁcere
1712 1166 1953 1222 Niceena
1977 1165 2287 1235 dogmata,

637 1259 875 1331 scripsit
894 1256 973 1313 ad
1010 1256 1257 1312 fratrem
1289 1258 1584 1313 Constans
1615 1256 1728 1313 sibi
1752 1256 1983 1328 justum
2011 1253 2195 1311 videri
2229 1256 2292 1309 ut

634 1346 947 1407 Athanasii
989 1345 1328 1402 fautoribus
1376 1347 1662 1419 proprias‘
1688 1346 1862 1403 sedes
1909 1344 2291 1402 restitueren-

635 1441 759 1498 tur.

712 1530 802 1584 13.
870 1525 1170 1592 Quoniam
1223 1528 1429 1581 autem
1484 1524 1632 1581 nihil
1684 1524 2016 1598 perfectum
2073 1524 2286 1593 fuerat,

638 1617 880 1674 duobus
912 1614 1381 1688 imperatoribus
1398 1613 1625 1687 placuit
1640 1614 1962 1671 concilium
1978 1613 2287 1671 Sardicam

638 1706 1057 1765 convocari.Et
1086 1708 1500 1761 convenerunt
1538 1721 1611 1761 ex
1650 1704 2020 1762 Theodoreto
2046 1701 2289 1760 ducenti

2393 534 2522 605 πρὸς
2555 529 2614 586 δὲ
2638 538 2730 587 καὶ
2767 537 2890 596 τοὺς
2932 532 3319 601 Σαϐελλιανοὺς,
3370 533 3455 595 οὓς
3499 533 3818 610 ὀνομάζουσι
3864 538 3989 592 Ῥω-

2394 627 2542 694 μαῖοι
2587 629 3082 698 πατροπασσίμους,
3145 625 3213 686 ὡς
3270 625 3359 675 τὸν
3410 628 3615 697 Πατέρα
3667 630 3989 699 συγχέοντας

2396 711 2464 772 εἰς
2500 714 2621 766 Υἱόν
2660 718 2749 766 καὶ
2790 716 2850 766 τὸ
2888 720 3115 788 Πνεῦμα,
3149 718 3240 766 καὶ
3281 716 3402 767 ποτε
3443 717 3533 787 μέν
3576 715 3731 767 αὐτόν
3764 716 3991 791 Πατέρα,

2396 804 2521 855 ποτε
2566 798 2626 855 δὲ
2650 803 2790 871 Υὶὸν,
2830 806 2956 857 ποτε
2987 801 3048 857 δε
3104 809 3315 875 Πνεῦμα
3369 803 3756 877 ὄνομαζοντας·
3797 809 3857 859 τὸ
3886 810 3984 881 γὰρ

2395 888 2577 964 χύδην
2624 898 2714 945 καὶ
2769 890 3093 968 ἀδιακρίτως
3139 895 3410 967 ποίσσιμον
3462 896 3492 953 ἠ
3538 900 3797 968 Ῥωμαῖκὴ
3854 895 3986 968 λέγει

2397 986 2558 1053 φωνή.
2618 986 2823 1041 Ταύτην
2882 980 2944 1036 δε
3008 988 3102 1042 τήν
3158 988 3341 1036 πίστιν
3406 987 3479 1056 μὴ
3556 980 3984 1058 παραδεξαμένων

2397 1079 2497 1123 τῶν
2553 1079 2802 1138 Δυτικῶν,
2849 1071 2956 1125 ἀλλ’
3003 1071 3247 1125 εᾶπόντων
3297 1071 3572 1147 ἀρκεῖσθαι
3626 1081 3735 1135 τοῖς
3793 1077 3841 1127 ἐν
3894 1081 3986 1127 Νι-

2397 1165 2527 1233 καία
2574 1158 2814 1228 δόξασιν,
2864 1162 3060 1236 ἔγραψε
3108 1164 3237 1237 πρός
3281 1165 3369 1215 τὸν
3419 1160 3637 1236 ἀδελφὸν
3686 1165 3711 1215 6
3752 1170 3993 1239 Κώνσταςέ

2400 1250 2554 1313 ἀξιῶν
2602 1248 2930 1313 ἀποδοθῆναι
2964 1258 3070 1315 τοῖς
3115 1256 3234 1327 περὶ
3264 1251 3576 1307 ’Δθανάσιον
3613 1256 3735 1316 τοὺς
3771 1253 3993 1317 οἰκείους

2402 1341 2629 1416 θρόνους.

2472 1519 2562 1593 ιγ’.
2591 1518 2674 1582 Ὠς
2718 1517 2779 1573 δί
2824 1516 2976 1574 οὐδὲν
3028 1520 3209 1580 ἧνύετο
3249 1519 3419 1588 πλέον,
3473 1517 3623 1586 ἔδοξε
3676 1524 3854 1595 γνὼμη
3893 1529 3988 1575 τῶν

2399 1606 2497 1662 δύο
2556 1608 2813 1682 βασιλέων
2854 1610 3201 1683 ἀθροισθῆναι
3259 1606 3481 1663 σύνοδον
3532 1614 3580 1664 ἓν
3637 1608 3870 1684 Σαρδικῆ

2396 1698 2578 1752 πόλει·
2621 1704 2711 1752 καὶ
2758 1701 3123 1774 ἡθροίσθησαν
3169 1702 3307 1753 κατά
3361 1703 3452 1773 μὲν
3502 1697 3841 1777 Θεοδώρητον
3880 1721 3987 1754 πεν-

635 1801 695 1854 et
746 1795 1190 1870 quinquaginta
1236 1794 1537 1868 episcopi;
1583 1809 1658 1851 ex
1702 1797 1942 1853 Socrate
1992 1798 2193 1850 autem
2233 1797 2284 1850 et

2397 1793 2623 1847 τήκοντα
2644 1794 2735 1843 καὶ
2779 1786 3048 1843 διακόσιοι
3091 1790 3390 1857 ἐπίσκοποι,
3422 1793 3558 1843 κατά
3614 1787 3675 1844 δὲ
3716 1792 3986 1866 Σωκράτην

638 1889 991 1955 Sozomeno,
1046 1900 1118 1941 ex
1175 1882 1650 1940 occidentalibus
1698 1883 1973 1957 partibus
2012 1882 2133 1939 fere
2173 1886 2287 1938 tre-

636 1975 811 2045 centi,
855 1992 925 2030 ex
956 1973 1349 2030 orientalibus
1380 1977 1583 2029 autem
1616 1989 1720 2030 sex
1764 1976 1822 2029 et
1858 1972 2243 2046 septuaginta
2271 1989 2284 2041 ;

634 2080 898 2137 quorum
954 2064 1015 2119 in
1049 2078 1304 2119 numero
1334 2066 1506 2119 erant
1542 2062 1822 2130 Sabinus,
1880 2061 2173 2118 Heracleae
2226 2060 2287 2117 in

632 2154 880 2211 Thracia
927 2152 1500 2209 Macedonianorum
1538 2153 1884 2225 episcOpus,
1922 2155 1980 2208 et
2014 2151 2288 2223 Ischyras

630 2245 737 2317 qui
749 2244 1042 2301 Mareotica
1056 2243 1479 2315 episcopatum
1504 2241 1583 2299 ab
1603 2242 1916 2299 Athanasii
1931 2241 2287 2298 adversariis

633 2330 1384 2404 acceperat.0ccidentales
1400 2331 1648 2403 quidem
1665 2331 1973 2388 Sardicam
1995 2346 2287 2387 convene-

632 2424 793 2493 runt,
817 2420 1136 2477 orientales
1169 2435 1334 2486 vero,
1368 2436 1508 2475 cum
1564 2419 2027 2492 Philippopolim
2083 2434 2288 2493 perve-

632 2513 885 2577 nissent,
914 2510 985 2566 iis
1012 2515 1227 2566 notum
1272 2509 1542 2566 fecerunt
1589 2525 1651 2565 se
1680 2525 1821 2565 cum
1872 2509 1945 2565 iis
1988 2524 2111 2566 non
2137 2508 2286 2565 velle

634 2599 927 2673 colloqui,
956 2599 1070 2655 nisi
1101 2615 1139 2655 a
1168 2599 1441 2655 sessione
1477 2603 1536 2655 et
1576 2598 2008 2655 communione
2048 2598 2286 2670 expule-

628 2689 749 2746 rint
776 2686 1087 2745 Athanasii
1111 2686 1377 2744 fautores
1407 2690 1473 2743 ut
1498 2686 1825 2760 depositos.
1848 2686 1966 2743 Illis
1991 2691 2193 2744 autem
2224 2686 2286 2742 id

627 2794 752 2836 non
785 2777 1139 2849 ferentibus,
1173 2776 1212 2833 ii
1239 2776 1560 2833 concilium
1590 2776 1859 2833 habuere
1888 2777 1950 2832 in
1974 2777 2108 2850 ipsa
2134 2776 2285 2833 urbe

627 2866 1055 2940 Philippopoli,
1106 2869 1164 2923 et
1207 2866 1638 2939 deposuerunt,
1669 2881 1781 2939 pro
1822 2866 2012 2932 libito,
2059 2866 2284 2923 Julium

626 2959 991 3022 Romanum,
1015 2971 1086 3012 eo
1107 2955 1276 3029 quod
1299 2955 1531 3028 primus
1562 2972 1702 3012 cum
1722 2956 2048 3014 Athanasio
2079 2961 2135 3012 et
2154 2957 2284 3028 ejus

625 3045 966 3103 fautoribus
995 3045 1524 3116 communicasset,
1556 3045 1803 3101 Hosium
1831 3045 2283 3102 Cordubensem

2394 1883 2485 1932 καὶ
2541 1880 2832 1952 Σωζόμενον
2885 1878 2940 1930 ἐκ
2989 1882 3080 1951 μὲν
3149 1887 3247 1931 τῶν
3314 1879 3563 1953 ἑσπερίων
3634 1888 3801 1954 μερῶν
3873 1884 3987 1953 περὶ

2394 1971 2516 2031 τοὺς
2565 1972 2920 2044 τριακοσίους,
2956 1967 3010 2025 ἐκ
3073 1964 3134 2021 δὲ
3189 1976 3288 2021 τῶν
3333 1968 3467 2039 ἑῴων
3515 1968 3569 2032 ἐξ
3623 1973 3710 2021 καὶ
3766 1965 3987 2041 ἐϐδομή-

2394 2075 2583 2111 κοντα’
2633 2056 2711 2121 οἶς
2758 2060 3126 2132 συνηριθμεῖτο
3163 2064 3253 2111 και
3288 2057 3499 2121 Σαϐῖνος
3528 2059 3553 2111 6
3592 2066 3690 2111 τῶν
3738 2058 3789 2111 ἓν
3831 2058 3986 2134 Ἦρα-

2394 2147 2539 2221 κλείᾳ
2599 2156 2695 2210 τῆς
2768 2150 2985 2222 Θρᾴκης
3049 2144 3448 2202 Μακεδονιανῶν
3527 2148 3827 2218 ἐπίσκοπος,
3903 2153 3988 2201 καὶ

2398 2238 2653 2311 Ἰσχύρας
2706 2237 3003 2313 ἐπιτραπεὶς
3060 2243 3154 2296 τὴν
3210 2245 3302 2290 τοῦ
3355 2243 3640 2311 Μαρεώτου
3701 2236 3985 2297 ἐπισκοπὴν

2395 2329 2540 2401 παρὰ
2585 2335 2683 2378 τῶν
2757 2325 3188 2399 ἀπεχθανομένων
3253 2335 3326 2397 τῷ
3396 2328 3712 2399 Ἀθανασίῳ.
3784 2332 3887 2381 Καὶ
3943 2329 3988 2380 οἱ

2395 2419 2486 2489 μὲν
2517 2421 2726 2469 Δυτικοὶ
2763 2418 2879 2468 κατ’
2925 2417 3087 2475 αὐτὴν
3143 2421 3238 2475 τὴν
3282 2413 3545 2493 Σαρδίκὴν
3596 2416 3885 2476 συνῆλθον·
3944 2418 3988 2469 οὶ

2397 2502 2457 2558 δὲ
2528 2505 2868 2578 Ἀνατολικοὶ,
2935 2506 3313 2569 καταλαϐόντες
3387 2512 3481 2565 τὴν
3559 2505 3984 2575 Φιλιππούπολιν,

2395 2591 2668 2673 ἐδήλωσαν
2731 2595 2912 2659 αὐτοῖς
2963 2599 3033 2658 ὡς
3088 2596 3183 2649 ούκ
3247 2596 3408 2658 ἄλλως
3465 2597 3538 2658 εἰς
3594 2595 3778 2668 λόγους
3835 2596 3987 2649 ελθεῖν

2395 2684 2574 2747 αὐτοῖς
2625 2684 2907 2753 ἐθέλουσιν,
2973 2686 3016 2738 εί
3064 2690 3135 2759 μὴ
3184 2689 3300 2747 τοὺς
3357 2689 3477 2759 περὶ
3508 2686 3820 2740 Ἀθανοίσιον
3877 2684 3990 2738 ἀπε-

2392 2774 2620 2828 λάσουσι
2665 2782 2758 2827 τοῦ
2804 2770 3079 2850 συνεδρίου
3121 2778 3211 2828 καὶ
3270 2784 3365 2836 τῆς
3411 2780 3675 2836 κοινωνίας
3712 2777 3781 2836 ὡς
3833 2776 3988 2833 καθη-

2391 2869 2666 2938 ρημένους.
2714 2871 2827 2917 Τῶν
2859 2861 2919 2918 δὲ
2948 2869 3021 2938 μὴ
3073 2863 3418 2938 ἀνεχομένων,
3462 2868 3645 2918 ἐκεῖνοι
3692 2862 3986 2938 συνηδρευ-

2396 2973 2491 3006 σαν
2524 2953 2762 3015 ἀλλήλοις
2810 2954 2857 3007 ἐν
2887 2954 3018 3028 αὕτη
3078 2962 3141 3027 τῇ
3190 2953 3617 3021 Φιλιππουπόλει,
3676 2958 3765 3006 καὶ
3821 2956 3986 3007 καθεῖ-

2391 3043 2498 3112 λον,
2570 3046 2636 3105 ὡς
2714 3042 2980 3117 ἐνόμισαν,
3059 3042 3271 3097 Ἰούλιον
3327 3046 3416 3116 μὲν
3483 3052 3577 3106 τῆς
3634 3043 3855 3117 Ῥώμης,
3923 3046 3985 3104 ὡς

626 3140 873 3211 propter
902 3136 1185 3193 eamdem
1210 3151 1489 3204 causam,
1522 3138 1581 3192 et
1622 3135 1767 3208 quia
1814 3136 2045 3192 amicus
2091 3136 2283 3192 fuerat

2396 3131 2624 3205 ἄρξαντα
2666 3140 2761 3194 τῆς
2812 3134 2941 3206 πρὸς
2994 3132 3305 3186 Ἀθανάσιον
3351 3136 3442 3185 καὶ
3487 3136 3611 3193 τοὺς
3663 3130 3786 3204 ἀμφ’
3839 3131 3985 3183 αὑτὸν

630 3226 861 3284 Paulini
903 3230 959 3282 et
982 3224 1275 3281 Eustathii
1307 3225 1410 3297 qui
1439 3224 1817 3282 Antiochiam
1840 3229 2137 3295 rexerant,
2171 3228 2285 3283 Ma-

625 3315 927 3372 ximinum
970 3315 1400 3385 Trevirensem,
1458 3318 1665 3387 utpote
1711 3316 1817 3388 qui
1864 3315 2101 3388 primus
2143 3331 2282 3371 cum

627 3402 812 3461 Paulo
861 3403 1387 3469 communicasset,
1439 3405 1830 3475 Protogenem
1889 3404 2148 3461 Sardicaa
2212 3419 2285 3461 eo

629 3491 795 3566 quod
828 3491 1169 3550 Marcellum
1199 3490 1547 3547 defenderet
1582 3508 1768 3565 quem
1798 3493 1965 3566 prius
1995 3493 2285 3549 condem-

630 3584 901 3647 naverat,
933 3579 1337 3637 Gaudentium
1372 3583 1439 3637 ut
1467 3579 1636 3637 aliter
1665 3585 1945 3653 agentem
1989 3596 2059 3638 ac
2092 3581 2285 3653 Cyria-

632 3686 740 3726 cus
769 3670 867 3727 cui
892 3673 1286 3741 successerat,
1318 3673 1376 3728 et
1420 3673 1486 3726 ut
1527 3669 1770 3743 plurimi
1817 3670 2137 3728 facientem
2183 3687 2287 3728 eos

633 3775 791 3834 quos
817 3759 1242 3834 deposuerant.

708 4029 797 4087 14.
824 4027 983 4086 Hosii
1000 4029 1205 4086 autem
1222 4026 1488 4085 fautores
1506 4030 1835 4102 postquam
1858 4031 2287 4097 convenerant,

634 4119 984 4176 innocentes
1010 4118 1474 4176 declaraverunt
1516 4118 1910 4175 Athanasium
1947 4118 2193 4191 quidem
2225 4122 2289 4175 ut

633 4207 854 4280 injuste
886 4207 966 4262 ab
995 4207 1066 4262 iis
1094 4208 1200 4281 qui
1218 4211 1441 4279 Tyrum
1464 4208 1773 4278 congressi
1799 4211 2283 4277 erantvexatum,

634 4296 981 4354 Marcellum
1002 4312 1147 4353 vero
1176 4302 1242 4353 ut
1270 4298 1519 4355 minime
1540 4302 1905 4355 annuentem
1932 4314 1995 4355 se
2026 4300 2286 4369 cogitare

636 4403 773 4460 quas
786 4387 940 4443 falso
954 4386 1707 4457 arguebanturManifestai
1726 4389 1884 4445 enim
1898 4404 2040 4445 eran
2051 4393 2085 4459 t,
2096 4389 2289 4461 inquit

2391 3226 2678 3294 κοινωνίας,
2709 3220 2894 3276 Ὃσιον
2939 3217 2999 3274 δὲ
3045 3224 3132 3274 τὸν
3192 3218 3499 3295 Κορδούϐης
3547 3218 3639 3275 διά
3682 3241 3736 3274 τι
3773 3226 3862 3281 τὴν
3903 3221 3986 3273 αὖ-

2392 3315 2486 3369 τὴν
2518 3312 2711 3380 αἰτίαν,
2753 3316 2843 3365 καὶ
2895 3313 2975 3365 ὅτι
3024 3309 3167 3384 φίλος
3223 3310 3419 3383 ἐγένετο
3463 3310 3699 3383 Παυλίνῳ
3747 3314 3840 3363 καὶ
3888 3310 3985 3363 Εὐ-

2396 3404 2595 3475 σταθίῳ
2646 3410 2757 3465 τοῖς
2813 3404 3169 3475 ἡγησαμένοις
3213 3410 3308 3464 τῆς
3360 3401 3709 3474 Ἀντιοχείας,
3764 3400 3988 3473 Μαξιμῖ-

2391 3511 2476 3544 νον
2536 3488 2595 3545 δὲ
2640 3492 2923 3567 Τριϐέρεως
2981 3495 3047 3552 ὡς
3094 3500 3296 3567 πρῶτον
3345 3491 3532 3564 Παύλῳ
3578 3494 3985 3557 κοινωνήσαντα,

2395 3586 2731 3655 Πρωτογένην
2809 3578 2869 3635 δὲ
2932 3589 3029 3643 τῆς
3100 3577 3369 3656 Σαρδικῆς
3437 3583 3508 3643 ὡς
3581 3580 3990 3655 ύπερμαχοῦντα

2392 3670 2695 3745 Μαρκέλλου
2748 3678 2841 3724 τοῦ
2907 3675 3155 3746 πρότερον
3221 3670 3307 3723 ύπ⁸
3354 3670 3514 3723 αὐτοῦ
3559 3667 3988 3741 καταψηφισθέν-

2393 3780 2500 3831 τος,
2562 3758 2870 3814 Γαυδέντιον
2920 3758 2979 3814 δὲ
3034 3764 3104 3823 ὡς
3156 3763 3433 3815 ὑπεναντία
3475 3757 3851 3821 σπουδάζοντα
3895 3766 3988 3813 Κυ-

2393 3860 2562 3924 ριακῷ
2613 3854 2667 3904 ὃν
2720 3848 3009 3919 διεδέξατο,
3059 3856 3150 3905 καὶ
3204 3855 3325 3915 τοὺς
3372 3851 3496 3927 παρ’
3544 3851 3714 3904 αὐτῶν
3756 3851 3990 3924 καθῃρη-

2394 3943 2575 4013 μένους
2601 3945 2719 4014 περὶ
2748 3941 2935 3994 πολλοῦ
2964 3942 3287 4015 ποιούμενον.

2471 4028 2563 4087 ιδ’.
2594 4032 2658 4083 Οἱ
2691 4028 2752 4085 δέ
2774 4052 2833 4104 γε
2873 4030 3004 4105 ἀμφὶ
3045 4035 3133 4085 τόν
3169 4031 3372 4100 Ὃσιον,
3421 4030 3760 4099 συνελθόντες,
3792 4028 3989 4088 ἀθώους

2396 4119 2658 4194 ἀπέφηναν
2726 4121 3033 4175 Ἀθανοίσιον
3107 4125 3196 4195 μὲν
3268 4124 3338 4184 ὡς
3411 4117 3610 4182 ἀδίκως
3693 4118 3985 4172 ἐπιϐουλευ-

2399 4211 2548 4263 θέντα
2603 4212 2748 4284 παρόι
2803 4220 2903 4263 τῶν
2962 4212 3010 4263 ἐν
3064 4212 3218 4285 Τύρῴ
3278 4210 3640 4275 συνελθόντων,
3696 4207 3989 4284 Μάρκελλον

2398 4295 2457 4352 δε
2518 4296 2604 4353 οἶα
2658 4305 2729 4373 μη
2800 4300 2934 4353 οὕτω
2986 4300 3201 4373 λέγοντα
3250 4308 3448 4375 φρονεῖν
3514 4303 3583 4362 ὡς
3632 4294 3929 4352 διεϐάλλετο
3973 4311 3987 4327 ’

2395 4387 2634 4464 ἐφωράθη
2674 4392 2799 4464 γὰρ,
2859 4394 3018 4463 φησὶν
3062 4392 3087 4442 6
3150 4385 3516 4462 Θεοδὼρητος,
3581 4397 3675 4440 τῶν
3730 4394 3850 4461 περὶ
3909 4389 3989 4440 τὸν

634 4476 1063 4543 Theodoretus,
1120 4475 1295 4532 malae
1353 4476 1829 4534 Eusebianorum
1895 4483 2076 4534 artes.
2141 4480 2284 4544 Quae

2398 4477 2697 4538 Εύσέϐιονὴ
2758 4484 3079 4553 κακοτεχνία
3110 4496 3123 4509 °
3174 4480 3251 4531 ὃτι
3310 4478 3345 4530 ἃ
3397 4478 3567 4539 ζητῶν
3614 4481 3639 4530 ὁ
3695 4477 3991 4551 Μάρκελλος

636 4565 820 4622 emim
852 4565 1157 4622 Marcellus
1184 4570 1250 4621 ut
1277 4566 1530 4639 quaesita
1559 4566 1809 4635 dixerat,
1843 4583 1914 4623 ea
1944 4572 2009 4623 ut
2035 4567 2113 4624 ab
2154 4567 2285 4639 ipso

633 4660 804 4713 extra
833 4656 1302 4712 controversiam
1323 4656 1518 4730 posita
1543 4656 2090 4713 calumniabantur.
2135 4660 2283 4714 Cum

633 4749 837 4802 autem
864 4761 935 4802 ea
958 4745 1019 4801 in
1058 4744 1296 4818 synodo
1345 4745 1604 4802 Serdica:
1639 4746 1847 4802 habita
1872 4746 2025 4802 lecta
2063 4750 2281 4817 essent,

631 4838 795 4892 recta
819 4835 1065 4892 inventa
1093 4839 1185 4892 est
1236 4835 1419 4908 hujus
1460 4835 1726 4892 hominis
1778 4836 1952 4893 ﬁdes.
2012 4838 2281 4894 Socrates

632 4931 837 4985 autem
883 4926 1026 4983 dic1t
1069 4926 1413 4983 Marcellum
1465 4929 1533 4982 ut
1583 4926 2153 4984 condemnationem
2197 4942 2285 4984 re-

632 5017 898 5091 pelleret,
927 5015 1305 5090 persuasisse
1331 5015 1633 5089 episcopis
1665 5016 1924 5073 Sardicae
1956 5032 2282 5088 congrega-

630 5110 704 5164 tis
734 5121 835 5163 eos
861 5106 966 5180 qui
981 5106 1182 5180 ipsum
1210 5105 1620 5179 deposuerant
1646 5120 1769 5162 non
1791 5105 2118 5177 intelligere
2143 5123 2279 5180 quae

629 5196 972 5269 scripserat,
1006 5202 1187 5269 atque
1215 5195 1353 5253 ideo
1401 5212 1464 5252 se
1514 5195 1955 5254 Samosatensis
2013 5197 2280 5270 episcopi

630 5286 1006 5359 suspiciones
1047 5286 1392 5343 incurrisse.
1444 5285 1789 5342 Patriarcha
1833 5302 1977 5342 vero
2034 5286 2276 5343 Photius

624 5375 1002 5435 narrationes
1024 5376 1341 5433 conferens
1361 5375 1619 5433 Socratis
1641 5391 1711 5433 ac
1734 5376 2108 5447 Theodoreti,
2136 5377 2277 5435 dicit

626 5465 1015 5525 Sardicenses
1041 5466 1361 5538 episcopos
1400 5481 1540 5522 vere
1569 5466 1852 5539 deceptos
1883 5482 2055 5536 esse;
2104 5482 2273 5522 cum-

621 5573 741 5630 que
767 5571 895 5613 non
920 5555 1073 5612 bene
1102 5553 1530 5611 intellexissent
1565 5555 1817 5611 Marcelli
1849 5557 2088 5630 scripta,
2114 5557 2270 5614 male

619 5661 758 5704 eum
781 5642 1177 5719 justiﬁcasse;
1209 5642 1348 5701 inde
1377 5642 1685 5701 neminem
1726 5644 2029 5718 accepisse
2059 5660 2269 5701 eorum

2398 4569 2590 4643 εἴρηκε,
2684 4576 2852 4622 ταῦτα
2951 4572 3017 4630 ὡς
3112 4568 3486 4643 ὡμολογημένα
3589 4564 3987 4625 διαϐεϐλήκασι.

2395 4660 2600 4710 Τούτων
2657 4655 2706 4711 δ’
2774 4659 2859 4711 ἐπὶ
2924 4667 3015 4719 τῆς
3072 4656 3298 4711 συνόδου
3362 4666 3456 4720 τῆς
3528 4658 3660 4710 κατά
3726 4654 3988 4729 Σαρδικην

2397 4746 2847 4820 ἀναγνωσθέντων,
2894 4749 3020 4823 ὀρθὴ
3076 4756 3167 4801 τοῦ
3219 4743 3406 4822 ἀνδρὸς
3462 4750 3491 4806 ἡ
3552 4752 3733 4809 πίστις
3783 4747 3987 4821 εὑρέθη.

2396 4843 2673 4912 Σωκρατης
2740 4833 2801 4890 δέ
2860 4857 3016 4911 φησιν
3089 4839 3169 4891 ὅτι
3220 4836 3552 4889 ἀναπαλαίων
3605 4836 3630 4888 6
3695 4835 3991 4910 Μάρκελλος

2395 4930 2488 4985 τὴν
2526 4923 2821 4985 καταδίκην
2878 4929 3050 4980 ἔπεισε
3107 4930 3229 4988 τοὺς
3285 4925 3332 4977 ἐν
3385 4922 3618 5001 Σαρδικῇ
3677 4929 3747 4997 μὴ
3799 4927 3988 4984 νοῆσαι

2393 5019 2514 5078 τοὺς
2548 5015 2861 5076 καθελόντας
2900 5016 3074 5082 αὐτὸν,
3142 5015 3177 5068 ἀ
3222 5019 3449 5089 γέγραφε
3483 5031 3495 5044 ⁸
3544 5019 3636 5067 καὶ
3685 5011 3779 5067 διὰ
3835 5021 3986 5066 τοῦτο

2393 5109 2486 5163 τὴν
2530 5107 2773 5157 ὑπόνοιαν
2829 5111 2920 5157 τοῦ
2976 5109 3313 5177 Σαμοσατέως
3345 5103 3538 5159 λαϐεῖν.
3569 5103 3627 5155 Ὀ
3685 5100 3744 5155 δὲ
3798 5121 3963 5177 πατρι

2392 5196 2569 5267 άρχης
2627 5200 2838 5262 Φώτιος,
2883 5192 3080 5266 σχόλια
3116 5194 3368 5268 παραθεὶς
3430 5200 3523 5244 τοῦ
3582 5212 3636 5244 τε
3688 5194 3989 5260 Σωκράτους

2388 5288 2610 5344 καὶτοῦ
2643 5280 3010 5359 Θεοδωρήτου,
3055 5288 3213 5356 φησὶν
3271 5281 3350 5333 ὅτι
3412 5281 3463 5334 ἐν
3515 5278 3745 5355 Σαρδικῇ
3796 5281 3987 5352 μᾶλλον

2389 5374 2740 5433 ἠπατήθησαν
2776 5388 2789 5400 °
2852 5377 2942 5425 καὶ
2999 5377 3071 5446 μὴ
3124 5376 3403 5433 νοήσαντες
3459 5370 3683 5444 ἀκριϐῶς
3734 5372 3792 5421 τὸ
3842 5376 3986 5445 Μαρ-

2386 5464 2562 5517 κέλλου
2618 5466 2962 5537 σύγγραμμα,
3021 5470 3193 5523 κακῶς
3252 5461 3410 5513 αὐτὸν
3458 5458 3814 5513 ἐδικαίωσαν·
3876 5462 3982 5512 ὅθεν

2383 5550 2557 5616 οὐδεὶς
2600 5550 2921 5630 παρεδέξατο
2968 5552 3061 5610 τὴν
3118 5555 3236 5627 περὶ
3285 5553 3471 5604 τούτου
3525 5555 3700 5626 κρίσιν
3763 5549 3932 5603 αὐτῶν
3963 5571 3976 5583 ·

2382 5642 2491 5696 ἀλλ’
2551 5645 2691 5697 ἔστιν
2723 5642 2817 5705 ἔξω
2840 5651 2931 5704 τῆς
2981 5640 3296 5705 Ἐκκλησίας
3326 5646 3351 5695 ό
3390 5630 3706 5716 Μάρκελλος.
3763 5638 3976 5694 Ἠθὼω-
