4040 6318
103 370 146 425 ii
1424 352 1775 416 THESAURI
1812 356 1944 415 LIB.
1982 359 2078 417 VI.

3364 361 3437 419 22

104 513 172 545 σαν
206 487 261 544 δι
286 490 336 544 οἱ
384 488 433 542 ἰν
464 483 707 562 Σαρδικῇ
734 490 826 539 καὶ
873 483 1175 545 Ἀσκληπᾶν
1214 486 1303 541 τὸν
1340 485 1534 553 Γάζης,
1594 485 1661 545 ὡς

1771 481 1847 540 de
1876 481 1979 540 illo
2006 484 2407 554 sententiam;
2439 482 2546 542 sed
2572 484 2745 542 extra
2769 479 3100 543 Ecclesium
3124 496 3265 543 esse
3291 486 3440 545 Iar-

350 586 449 633 τοῦ
489 576 770 650 Παμφίλου
818 578 910 628 καὶ
955 574 1155 629 πολλῶν
1200 574 1366 629 ἄλλων
1415 576 1663 648 ὑπομνὼ-

102 692 202 745 μεςα
248 670 613 746 ἐπιφερόμενον
670 662 981 721 δικαιοῦντα
1034 665 1193 720 αὐτόν
1234 687 1247 700 ·
1307 667 1385 719 ἔτι
1446 661 1507 718 δὴ
1569 667 1662 717 καὶ

104 765 277 815 Λύκιον
338 763 430 813 τόν
499 755 996 833 ’Δδριανουπόλεως,
1062 758 1133 819 ὡς
1192 762 1292 809 τῶν
1356 758 1663 829 κατηγόρων

266 856 401 923 φυγῇ
446 850 806 921 χρησαμένων
833 863 847 877 ο
882 844 1118 900 καθεῖλον
1167 841 1228 899 δε
1283 850 1537 919 Γεώργιον
1573 845 1662 895 τὸν

44 990 45 993 η
100 937 474 1015 Ἀλεξανδρείας,
542 938 806 991 Βασίλειον
870 936 1131 1010 Ἀγκύρας
1188 938 1277 989 τὸν
1343 934 1458 987 ἀντὶ
1510 940 1663 1008 Μαρ-

44 3258 51 3391 1

46 3446 51 3625 ἶ

46 3628 49 3711 Ι

46 3748 49 3797 Γ

98 1031 254 1097 ιξλλου,
314 1031 592 1083 Κεντιαδὸν
649 1027 826 1089 Γάζης
876 1030 962 1079 τὸν
1016 1026 1132 1079 ἀντὶ
1182 1024 1480 1092 Ἀσκληπᾶ,
1528 1026 1662 1077 Θεό-

100 1118 227 1195 δωρον
252 1119 579 1192 Ἡρακλείας,
610 1120 912 1194 Νάρκισσον
948 1116 1386 1190 Εἰρηνουπόλεως,
1420 1115 1662 1167 ’Δκάκιον

99 1214 366 1284 Καισαρείας
394 1217 463 1267 τῆ
476 1229 499 1269 ς
527 1207 850 1265 Παλαιστίνη
861 1228 903 1277 ς,
925 1210 1262 1279 Μηνόφαντον
1285 1204 1663 1278 Ἐφίσου,οὗρ-

98 1301 237 1351 sistas
264 1295 614 1370 Σιγγηδόνος,
647 1297 908 1351 Οὐάλεντα
930 1300 1199 1372 Μούρσης,
1232 1300 1485 1369 Γεώργιον
1514 1300 1661 1349 Λαο-

96 1384 271 1449 δικείας,
296 1392 476 1440 καίτοι
506 1391 582 1459 μὴ
638 1391 870 1462 παρόντα
905 1385 955 1439 ἐν
983 1394 1046 1459 τῇ
1083 1382 1288 1457 συνόδῳ
1313 1388 1478 1457 ταύτῃ
1513 1404 1527 1421 ν
1569 1387 1661 1436 καὶ

98 1478 210 1539 οὗτος
229 1480 360 1530 κατὰ
397 1480 494 1531 τὸν
524 1482 690 1551 μέγαν
710 1478 762 1529 ’Δ
774 1478 1017 1530 θανάσιον
1053 1481 1145 1529 καὶ
1172 1482 1266 1528 τοῦ
1290 1473 1659 1549 πρεσϐυτερίου

95 1570 367 1640 καθαιρεθεὶς
396 1569 505 1620 ὑπό
526 1575 621 1620 τοῦ
642 1572 902 1640 μακαρίου
932 1562 1272 1639 Ἀλεξάνδρου
1300 1562 1372 1618 δι’
1407 1563 1657 1621 ἀσωτίαν.

100 1662 171 1709 Καὶ
191 1665 340 1711 ταῦτα
358 1659 451 1731 μὲν
479 1663 721 1710 τοιοῦτον
750 1658 878 1729 ἔσχε
906 1659 992 1709 τὸν
1012 1660 1222 1731 τρόπον.

150 1926 209 1980 ιε’.
256 1927 319 1978 Οἱ
354 1921 416 1978 δέ
441 1929 570 1999 περὶ
608 1923 919 1977 Ἀθανάσιον
970 1923 1124 1976 πάλιν
1163 1927 1256 1983 τὴν
1291 1922 1493 1997 Ῥώμην
1529 1942 1662 1977 κατ-

99 2019 221 2085 έσχον
247 2028 263 2048 δ
314 2019 403 2067 καὶ
458 2016 491 2066 6
532 2022 635 2066 τῶν
694 2014 942 2088 ἐσπερίων
984 2012 1234 2087 βασιλεὺς
1290 2018 1557 2081 Κώνστας,
1595 2015 1664 2066 τὰ

100 2102 132 2154 ἐν
178 2100 389 2177 Σαρδικῇ
466 2108 722 2177 γενόμενα
794 2104 992 2177 μαθὼν,
1055 2104 1252 2176 ἕγραψε
1314 2111 1384 2174 τῷ
1451 2101 1667 2176 βασιλεῖ

102 2198 393 2265 [usuraria
465 2200 580 2255 τοῖς
649 2198 769 2268 περὶ
822 2195 1130 2247 Ἀθανάσιον
1204 2189 1495 2247 ἀποδοῦναι
1567 2198 1664 2261 τὰς

100 2277 211 2343 ἰδίας
246 2281 546 2345 ἐκκλησίας.
603 2281 692 2345 Ὠς
748 2280 799 2335 δ’
855 2281 1172 2349 ἀνεϐάλλετο,
1227 2281 1380 2336 πάλιν
1437 2284 1660 2359 ἔγραψεν

98 2370 123 2426 ἑ
164 2367 399 2442 δέχεσθαι
446 2374 694 2439 τούτους,
724 2372 757 2431 ἣ
802 2374 931 2445 πρὸς
979 2371 1200 2444 πόλεμον
1247 2376 1660 2447 παρασκευάσα-

102 2461 208 2511 σθαι.
266 2466 381 2523 Τοῖς
436 2459 542 2513 ἀνα
586 2465 683 2520 τήν
756 2461 822 2513 ἕω
886 2464 1058 2513 τοίνυν
1122 2459 1433 2523 ἐπισκόποις
1504 2469 1659 2516 τοῦτο

101 2553 404 2613 Κωνστάντιος
464 2552 868 2622 κοινωσάμενος,
925 2555 1016 2602 καὶ
1077 2555 1299 2623 νομίσας
1348 2552 1529 2614 εὔηθες
1586 2548 1659 2605 ιῖ-

100 2657 160 2688 ναι
201 2636 287 2693 διὰ
344 2644 542 2700 ταύτην
603 2640 777 2693 αἰτίαν
832 2639 1074 2713 ἐμφύλιον
1131 2641 1398 2714 αἱρεῖσθαι
1448 2641 1656 2713 μάχην,

100 2734 209 2798 τρισὶ
244 2733 550 2805 γράμμασιν
607 2729 917 2783 Ἀθανάσιον
974 2729 1350 2802 μετεκαλέσατο
1405 2735 1494 2783 καὶ
1537 2734 1660 2793 τοὺς

101 2821 172 2868 σὺν
384 2838 399 2852 ⁸
477 2819 763 2873 κατέλαϐον
837 2816 925 2872 οὖν
989 2822 1109 2881 τοὺς
1180 2818 1374 2872 ἑαυτῶν
1447 2821 1661 2895 θρόνους

102 2908 254 2969 Παῦλος
307 2911 334 2962 6
412 2909 1025 2980 Κωνσταντινουπόλεως,
1091 2908 1385 2985 Μάρκελλος
1457 2910 1483 2961 6
1541 2910 1661 2982 Ἀγ-

98 2998 240 3069 ινρας,
296 2999 596 3061 Ἀσκληπᾶς
643 3001 670 3051 6
710 3000 900 3066 Γάζης,
949 3004 1039 3052 καὶ
1088 3001 1310 3061 Λούκιος
1356 2999 1385 3051 6
1436 2996 1658 3075 Ἀδρια-

100 3092 329 3153 mmihi»;
354 3111 369 3123 ο
405 3094 727 3156 Ἀθανάσιος
752 3089 803 3145 δ’
831 3092 905 3155 εἰς
942 3092 1270 3165 Ἀντιόχειαν
1327 3100 1421 3165 τῇν
1469 3096 1660 3167 Συρίας

1772 570 2011 631 cellum.
2044 578 2398 633 innocentes
2420 574 2625 632 autem
2644 571 3027 630 declaravere
3052 572 3439 632 Sardicenses

1772 660 2036 734 episcOpi
2082 663 2427 737 Asclepium
2478 666 2669 735 Gaza,
2704 665 2772 719 ut
2820 661 2902 719 ab
2954 661 3212 720 Eusebio
3266 665 3438 721 Pam-

1772 750 1919 825 phili
1939 752 2266 827 multisque
2277 755 2409 812 aliis
2421 753 2765 812 testimonia
2776 752 3127 811 aﬂ'erentem
3142 768 3279 827 qua
3294 768 3437 811 eum

1772 840 2213 913 defendebant;
2262 844 2463 901 adhuc
2492 848 2550 901 et
2597 843 2844 901 Lucium
2866 842 3308 917 Adrianopolis,
3334 858 3438 900 cu-

1767 932 1870 1004 jus
1922 937 2305 991 accusatores
2337 933 2736 1006 aufugerant;
2769 932 3184 1007 deposuerunt
3231 936 3437 991 autem

1773 1024 2055 1095 Gorgium
2086 1024 2481 1094 Alexandria,
2537 1024 2827 1081 Basilium
2876 1029 3150 1097 Ancyra,
3180 1022 3437 1083 Marcelli

1771 1111 2206 1183 adversarium,
2238 1114 2593 1171 Centianum
2623 1114 2792 1171 Casa
2827 1113 2937 1189 qui
2963 1112 3304 1187 Asclepium
3332 1128 3435 1171 ur-

1771 1203 1971 1274 gebat,
2038 1203 2419 1261 Tbeodorum
2465 1203 2793 1271 Heraclea,
2833 1203 3178 1260 Narcissum
3237 1203 3439 1260 lreno-

1769 1292 1950 1366 polis,
1973 1293 2259 1351 Acacium
2293 1296 2578 1352 Casarea
2610 1293 2674 1350 in
2696 1292 3037 1361 Palastina,
3067 1290 3435 1366 Menophan-

1772 1386 1901 1439 tum
1931 1382 2171 1455 Ephesi,
2214 1383 2523 1440 Ursacium
2556 1381 2924 1453 Singidonis,
2947 1379 3254 1439 Valentem
3280 1383 3434 1440 Mur-

1771 1487 1875 1539 sa,
1907 1472 2228 1543 Georgium
2275 1471 2606 1541 Laodicea,
2635 1485 2996 1546 quanquam
3023 1469 3154 1545 ipse
3185 1469 3268 1527 ab
3316 1469 3436 1528 hac

1771 1561 2008 1634 synodo
2038 1562 2282 1633 aberat;
2307 1566 2366 1619 et
2391 1562 2464 1632 is,
2481 1561 2658 1634 juxta
2696 1575 2992 1632 magnum
3010 1559 3430 1632 Athanasium,

1771 1667 1845 1709 ex
1867 1652 2208 1709 sacerdotio
2227 1656 2472 1726 propter
2500 1650 2804 1709 luxuriam
2834 1666 2872 1708 a
2887 1650 3072 1708 beato
3092 1648 3433 1709 Alexandro

1770 1741 2084 1813 depositus
2113 1741 2327 1800 fuerat.
2352 1744 2418 1799 Et
2457 1741 2588 1799 hac
2614 1739 2861 1816 quidem
2884 1740 3002 1798 hoc
3028 1736 3217 1797 modo
3244 1754 3308 1797 se
3325 1737 3433 1798 ba-

1690 1839 1737 1896 B
1770 1831 1977 1889 buere.

1850 1926 1931 1978 t5.
1971 1921 2285 1979 Athanasii
2314 1924 2518 1979 autem
2546 1919 2812 1978 fautores
2838 1921 3045 1978 Roma
3074 1918 3346 1990 aderant,
3373 1920 3434 1977 et

1772 2010 2109 2070 Occidentis
2136 2011 2467 2086 imperator
2496 2013 2813 2078 Constans,
2854 2025 2996 2068 cum
3024 2024 3099 2066 ea
3122 2024 3263 2083 qua
3291 2010 3433 2067 Sar-

1770 2101 1921 2158 dica
1940 2101 2098 2159 facta
2120 2100 2358 2157 fuerant
2376 2100 2701 2172 didicisset,
2729 2099 2809 2157 ad
2827 2099 3257 2173 imperatorem
3275 2099 3430 2157 Con-

1770 2191 2056 2248 stantium
2117 2190 2355 2263 scripsit
2403 2193 2469 2247 ut
2521 2188 2833 2247 Athanasii
2891 2186 3233 2246 fautoribus
3286 2202 3432 2245 suas

1768 2279 2051 2337 ecclesias
2071 2279 2369 2337 redderet.
2393 2279 2541 2336 Cum
2570 2282 2775 2337 autem
2803 2278 2902 2335 hic
2937 2276 3427 2353 procrastinaret,

1762 2384 2009 2427 rursum
2029 2369 2084 2426 ei
2113 2368 2347 2441 scripsit
2372 2373 2439 2425 ut
2456 2372 2561 2426 aut
2586 2364 2721 2427 illos
2740 2367 3187 2425 restitueretant
3201 2364 3283 2424 ad
3306 2364 3433 2423 bel-

1764 2459 1894 2516 lum
1946 2474 2013 2515 se
2063 2461 2402 2532 appararet.
2458 2456 2634 2525 Quod
2685 2455 3081 2515 orientalibus
3131 2454 3432 2529 episcopis

1767 2553 1980 2605 notum
2029 2547 2257 2605 faciens
2322 2546 2706 2605 Constantius
2748 2544 3124 2619 credensque
3176 2542 3430 2602 stultum

1766 2652 1901 2695 esse
1952 2637 2036 2695 ob
2085 2636 2246 2694 hanc
2300 2652 2553 2694 causam
2600 2635 2934 2694 fraternum
2975 2633 3204 2692 bellum
3241 2633 3433 2691 susci-

1768 2731 1914 2797 tare,
1952 2727 2145 2783 tribns
2194 2725 2405 2783 litteris
2461 2725 2861 2783 Athanasium
2900 2723 3156 2797 ejusque
3198 2721 3431 2781 amicos

1766 2816 2091 2874 revocavit.
2145 2817 2518 2889 Receperunt
2558 2814 2741 2887 igitur
2791 2828 2940 2871 suas
2989 2812 3166 2871 sedes
3208 2811 3433 2870 Paulus

1768 2905 2344 2978 Constantinopolis,
2362 2904 2675 2962 Marcellus
2700 2907 2979 2977 Ancyra,
3006 2900 3296 2976 Asclepas
3324 2902 3435 2962 Ga-

1767 3012 1871 3066 za,
1884 3000 1943 3052 et
1965 2994 2177 3052 Lucius
2197 2993 2639 3068 Adriauopolis.
2673 2994 2821 3051 Cum
2841 2996 3047 3051 autem
3065 2991 3432 3051 Athanasius

1768 3084 2148 3142 Antiochiam
2199 3085 2384 3158 Syria
2420 3082 2697 3141 rediisset
2738 3082 2847 3140 ubi
2894 3081 3254 3141 versabatur
3282 3080 3434 3139 Con-

103 3178 366 3253 ὲοτκόμενος,
424 3183 550 3235 ἔνθα
598 3179 828 3256 διέτριϐε
882 3184 1262 3244 Κωνστάντιος,
1310 3184 1456 3234 εὔνου
1501 3178 1660 3241 δῆθεν

1771 3175 2046 3243 stantius,
2085 3173 2452 3232 benevolum
2502 3188 2644 3230 eum
2686 3173 2969 3247 expertus
2996 3173 3087 3228 est
3113 3186 3128 3226 :
3155 3184 3232 3227 ex
3266 3169 3437 3228 Aria-

101 3268 218 3321 ιέτοῦ
251 3270 490 3345 ἐπειράθη
520 3288 535 3304 ⁸
595 3278 699 3323 τῶν
731 3271 1006 3346 Ἀρειανῶν
1061 3266 1120 3324 δε
1173 3272 1518 3343 ὑποθεμένων,
1564 3272 1657 3343 ἔφη

96 3362 188 3431 πρὸς
225 3359 371 3412 αὐτόν
417 3362 445 3412 6
504 3362 867 3423 Κωνστάντιος
898 3377 911 3390 ·
976 3358 1132 3424 Ἀξιῶ
1195 3358 1252 3412 ἐκ
1298 3358 1495 3413 πολλῶν
1553 3368 1654 3412 τῶν

98 3446 167 3497 ὑπὸ
213 3451 264 3501 σε
289 3448 613 3509 Ἐκκλησιῶν
667 3454 792 3522 μίαν
839 3450 983 3521 ἔχειν
1039 3448 1090 3501 ἐν
1120 3444 1488 3523 Ἀλεξανδρείᾳ
1537 3466 1657 3511 τους

98 3545 299 3589 κοινωνεῖν
372 3556 459 3591 σοι
532 3542 1003 3614 παραιτουμένους.
1067 3536 1126 3590 Ὀ
1202 3534 1279 3602 δὲ,
1357 3536 1654 3608 ὑπολαϐὼν,

98 3626 442 3697 ﬂamina-im,
531 3630 649 3701 ἔφη,
726 3630 888 3703 χάριν
964 3626 1094 3680 αἰτῶ
1165 3626 1335 3700 κάγὼ,
1409 3626 1655 3701 βασιλεῦ,

97 3715 192 3767 ists
236 3722 352 3789 μίαν
411 3720 559 3790 ἔχειν
611 3716 894 3776 ἐκκλησίαν
951 3716 1000 3768 ἐν
1053 3716 1352 3789 Ἀντιοχείᾳ
1390 3720 1511 3780 τοὺς
1558 3724 1659 3769 τῶν

99 3795 469 3875 έπροδοξούντων
561 3811 658 3864 τὴν
752 3810 1022 3858 κοινωνίαν
1109 3808 1391 3878 φεύγοντας
1431 3818 1446 3836 ’
1533 3806 1656 3881 ὅπερ

99 3888 353 3958 iusisng
418 3899 469 3948 οἱ
529 3897 792 3970 Ἀριιανοὶ
847 3895 994 3969 παρὰ
1037 3902 1131 3947 τοῦ
1194 3893 1477 3969 βασιλεως,
1533 3893 1658 3955 ἔζη-

99 3997 220 4037 τῖταν
271 3984 415 4039 πλέον
464 3982 644 4041 οὐδέν.
707 3986 926 4039 Ἐκεῖθεν
997 3988 1167 4038 τοίνυν
1214 3984 1529 4047 Ἀθανάσιος
1577 3982 1659 4048 ἐξ·

98 4077 302 4141 9,031ng
354 4079 423 4129 τὰ
473 4075 820 4152 Ἱεροσόλυμα
867 4073 1145 4128 κατέλαϐεν
1178 4091 1192 4105 ο
1247 4075 1315 4125 ὧν
1368 4074 1396 4125 6
1440 4073 1658 4127 ἐπίσκο-

100 4176 165 4220 πσς
199 4164 438 4237 Μάξιμος,
494 4162 722 4219 σύνοδον
785 4169 1008 4223 τοπικὴν
1072 4162 1392 4231 ἕπιτιλεσας,
1452 4162 1656 4218 ἐκοινὼ-

99 4265 204 4327 itm
228 4253 352 4324 αὐτῷ
380 4269 398 4286 ⁸
439 4259 536 4307 καὶ
589 4255 756 4317 οὕτως
797 4254 870 4317 εἰς
900 4250 1296 4325 Ἀλεξάνδρειαν
1353 4252 1660 4327 ἀφικόμενος

46 4342 47 4409 l
118 4342 369 4413 liaéstog,
398 4350 520 4407 τοὺς
569 4346 640 4398 τὰ
666 4346 872 4418 Ἀρείου
926 4351 1232 4418 φρονοῦντας
1285 4343 1521 4407 ἅπαντας
1561 4362 1657 4397 κα-

46 4428 49 4485 ὶ
105 4428 233 4485 etiis).

153 4538 212 4583 ις.
256 4522 329 4578 Ἐν
374 4528 549 4596 τούτῷ
593 4520 654 4578 δὲ
705 4528 952 4586 Κώνστας
1000 4523 1026 4575 ό
1070 4530 1167 4585 τῆς
1197 4522 1459 4600 Ἐσπέρας
1502 4522 1662 4599 βασι-
1691 4552 1736 4611 D

46 4602 49 4671 ἶ
106 4602 215 4660 isin
252 4614 343 4665 ὑπὸ
393 4617 727 4687 May-[mica
784 4615 922 4665 κατὰ
962 4617 1225 4672 συσκευην
1270 4612 1516 4688 ἀνῃρέθη,
1570 4618 1662 4667 καὶ

108 4700 402 4765 “unciario;
470 4704 814 4777 αὐτοκράτωρ
886 4705 1058 4775 γέγονε
1130 4710 1220 4763 τῆς
1285 4700 1464 4776 ἀρχῆς
1528 4702 1660 4756 ἁπά-

110 4803 207 4846 πς’
260 4792 303 4853 ὃς
354 4798 465 4865 καὶ,
538 4800 650 4854 τοῖς
698 4791 987 4866 Ἀρειανοῖς
1034 4793 1354 4865 πειθόμενος,
1415 4794 1483 4845 τὰ
1535 4812 1665 4867 προσ

108 4868 339 4950 tamen;
423 4885 603 4936 πάντα
693 4881 1033 4956 μετέστρεψεν
1116 4881 1189 4945 εἰς
1277 4886 1337 4935 τό
1413 4883 1660 4936 ἓναντίονυ

110 4966 254 5030 llrilog
299 4978 464 5025 τοίνυν
518 4973 547 5025 6
600 4969 1192 5032 Κωνσταντινουπόλεως
1244 4971 1310 5034 εἰς
1361 4974 1662 5026 Κουκουσόν

110 5059 171 5114 τὶς
207 5057 446 5133 ’.ιρμενὶας
491 5061 780 5136 ἑξορισθεὶς
835 5060 1056 5136 ἀνῃρέθη
1108 5060 1317 5135 βρόχῳ,
1372 5066 1463 5114 καὶ
1507 5061 1661 5115 πάλιν

112 5148 176 5198 τὴν
232 5148 493 5208 ἐκκλησίαν
570 5154 810 5222 κατέσχε
896 5146 1224 5213 Μακεδόνιος
1265 5167 1277 5181 ’
1356 5150 1659 5225 Μαρκέλλου

114 5226 148 5277 δ’
196 5236 515 5312 ἐκϐληθέντος,
600 5238 855 5313 ἕγκρατὴς
921 5236 1070 5300 αὖθις
1135 5237 1332 5312 ἐγένετο
1387 5249 1484 5303 τῆς
1547 5240 1660 5294 ἔπι-

119 5334 262 5388 um;
285 5334 549 5392 Βασίλειος
580 5345 597 5360 '
632 5330 860 5390 Λούκιος
908 5324 969 5382 δὲ
1002 5324 1209 5403 σιδήρῳ
1259 5326 1474 5403 δέσμιος
1514 5327 1564 5382 ἕν
1593 5337 1656 5403 τῇ

117 5411 240 5484 εἱρκτῇ
290 5414 538 5495 διεφθάρη
577 5441 591 5453 ⁸
651 5418 963 5479 Ἀθανάσιος
1014 5414 1074 5470 δί
1118 5418 1411 5480 κελευσθεὶς
1457 5417 1658 5495 ἀναιρε-

120 5497 244 5569 εξναι,
299 5508 456 5586 μόλις
484 5505 774 5581 διέφυγεν.
838 5507 1251 5583 Ἐκστρατεύσας
1320 5504 1377 5561 δε
1428 5506 1511 5561 ἐπὶ
1566 5513 1662 5569 τὴν

121 5586 321 5664 ’β”υρίδα
392 5600 756 5658 Κωνστάντιος
826 5600 962 5650 κατὰ
1036 5601 1409 5672 Βρεττανίωνος
1476 5617 1665 5671 τυραν-

122 5680 331 5757 νὲτκιτος,
371 5688 492 5747 ἧκεν
552 5687 631 5750 εἰς
674 5690 734 5739 τό
790 5691 1024 5761 Σίρμιον,
1081 5688 1202 5740 ἔνθα
1257 5684 1325 5746 δὴ
1384 5696 1480 5751 τῆς
1530 5690 1668 5741 κατὰ

1766 3279 1988 3321 norum
2033 3268 2238 3321 autem
2263 3261 2535 3335 consilio,
2576 3261 2659 3319 illi
2701 3259 2957 3334 subjecit
2993 3259 3380 3318 Constantius
3411 3276 3429 3319 :

1766 3357 2001 3412 iustum
2039 3368 2256 3410 censeo
2301 3367 2374 3409 ex
2416 3351 2620 3410 multis
2648 3367 2785 3427 qua
2815 3350 2931 3408 sub
2968 3352 3026 3408 te
3055 3352 3200 3407 sunt
3249 3347 3435 3409 eccle-

1767 3444 1871 3501 siis
1896 3448 1961 3500 ut
1998 3458 2185 3500 unam
2222 3442 2491 3500 habeant
2517 3439 2897 3499 Alexandria
2924 3439 3033 3515 qui
3051 3442 3251 3498 tecum
3269 3455 3435 3498 com-

1767 3534 2077 3591 municare
2101 3532 2384 3589 noiunt.E
2401 3535 2613 3591 contra
2636 3536 2839 3589 autem
2862 3529 2998 3588 ille:
3032 3527 3322 3600 Similem,
3344 3529 3434 3587 in-

1765 3624 1918 3698 quit,
1947 3640 1985 3680 a
2013 3627 2091 3687 te,
2121 3623 2472 3696 imperator,
2498 3621 2764 3694 efﬂagito
2795 3620 3074 3695 gratiam,
3115 3634 3338 3695 nempe
3365 3621 3434 3680 ut

1766 3728 1957 3771 unam
2002 3712 2330 3770 Antiochia
2386 3712 2657 3770 habeant
2710 3710 3035 3770 ecclesiam
3061 3709 3169 3784 qui
3196 3710 3432 3769 hetero-

1765 3802 2068 3860 doxorum
2099 3803 2596 3860 communionem
2623 3802 2884 3875 fugiunt.
2911 3799 3087 3868 Quod
3119 3798 3433 3859 audientes

1766 3894 1988 3963 Ariani,
2026 3892 2175 3950 nihil
2203 3893 2468 3967 amplius
2498 3893 2887 3966 quasierunt.
2919 3890 3063 3953 Inde
3086 3888 3267 3961 igitur
3291 3902 3434 3962 pro-

1766 3984 1956 4042 fectus
1984 3984 2349 4042 Athanasius
2374 3984 2859 4057 Hierolosymam
2902 3979 3213 4055 pervenit;
3256 3976 3432 4049 cujus

1766 4074 1931 4131 urbis
1961 4075 2283 4148 episcopus
2297 4071 2791 4146 Maximus,locali
2816 4067 3055 4144 synodo
3073 4069 3429 4135 convocata,

1766 4178 1909 4221 cum
1958 4163 2059 4222 illo
2112 4162 2609 4221 communicavit.
2640 4163 2836 4235 Atque
2865 4159 2955 4218 ita
2999 4172 3144 4216 cum
3174 4155 3431 4215 Alexan-

1765 4252 1961 4310 driam
1990 4253 2266 4310 rediisset
2295 4251 2679 4325 Athanasius,
2712 4264 2930 4308 omnes
2950 4264 3058 4309 eos
3075 4246 3184 4323 qui
3202 4247 3428 4309 Ariana

1766 4343 2059 4415 dogmata
2087 4341 2543 4417 proﬁtebantur,
2568 4338 2875 4415 deposuit.

1842 4526 1928 4582 t6.
1971 4524 2199 4580 Interea
2229 4536 2373 4580 vero
2401 4522 2697 4579 Constans
2724 4518 2834 4594 qui
2871 4518 2934 4576 in
2977 4516 3297 4577 Occidente
3332 4531 3424 4577 re-

1771 4613 2018 4685 gnabat,
2058 4628 2096 4669 a
2137 4611 2477 4684 Magnentio
2509 4625 2618 4685 per
2653 4608 2905 4667 insidias
2928 4607 3274 4667 interfectus
3310 4611 3422 4680 est,

1752 4686 1830 4760 Eet
1856 4705 2049 4759 factus
2083 4706 2174 4758 est
2202 4699 2587 4759 Constantius
2606 4699 2770 4757 orbis
2791 4698 3050 4757 universi
3073 4698 3421 4772 imperator.

1772 4792 1885 4859 Qui
1922 4791 2002 4849 ab
2026 4791 2258 4848 Arianis
2282 4789 2566 4847 seductus
2592 4803 2996 4863 quacumque
3022 4790 3163 4846 ante
3181 4786 3423 4846 decreta

1772 4885 1943 4938 erant
1970 4880 2030 4938 in
2060 4881 2427 4939 contrarium
2475 4878 2748 4937 mutavit.
2802 4877 3022 4936 Paulus
3050 4877 3231 4949 igitur
3270 4876 3421 4934 Con-

1771 4970 2192 5043 stantinopolis
2240 4971 2303 5027 in
2334 4968 2549 5027 urbem
2592 4968 2889 5027 Armenia
2918 4968 3220 5026 Cucusum
3248 4980 3422 5023 exsu-

1769 5059 1927 5117 latus
1950 5059 2172 5133 laqueo
2212 5059 2557 5117 interfectus
2586 5062 2696 5129 est,
2738 5061 2796 5116 et
2812 5072 3022 5116 rursus
3049 5057 3209 5114 hanc
3238 5054 3423 5114 eccle-

1770 5150 1923 5207 siam
1950 5149 2166 5206 habuit
2191 5148 2593 5222 Macedonius,
2620 5147 2893 5208 Marcello
2912 5149 3119 5205 autem
3142 5144 3417 5220 expulso,

1771 5240 2125 5313 episcopatu
2181 5254 2423 5297 rursum
2477 5238 2680 5314 potius
2734 5240 2826 5296 est
2882 5234 3156 5295 Basilius.
3209 5236 3425 5295 Lucius

1772 5329 1926 5386 ferro
1953 5329 2191 5386 vinctus
2218 5329 2280 5386 in
2310 5344 2546 5387 carcere
2573 5328 2766 5403 periit.
2806 5325 3169 5385 Athanasius
3196 5329 3423 5397 autem,

1771 5433 1953 5491 quem
1973 5418 2224 5475 interﬁci
2248 5418 2529 5492 jusserat,
2542 5418 2643 5475 vix
2673 5415 2927 5489 aufugit.
2948 5415 3253 5474 Profectus
3279 5430 3426 5475 vero

1760 5508 1835 5565 in
1885 5507 2145 5581 Illyriam
2179 5509 2561 5567 Constantius
2590 5511 2802 5565 contra
2852 5507 3295 5565 Brettanionem
3336 5522 3425 5565 re-

1775 5613 1966 5668 gnum
1995 5596 2398 5667 aifectantem,
2433 5596 2717 5656 Sirmium
2745 5596 2911 5654 venit
2944 5596 3051 5653 ubi
3101 5596 3313 5655 habita
3338 5598 3431 5656 est

1777 5691 1987 5746 contra
2016 5688 2333 5747 Photinum
2385 5685 2680 5761 synodus.
2732 5687 2963 5746 Interea
2990 5701 3029 5745 a
3065 5686 3188 5744 suis
3215 5684 3428 5759 legatis
