4040 6318
606 325 677 387 19
1959 315 2201 383 ΝΙΟΕΤΔ

2411 314 2616 377 >NITE
3911 309 4006 384 20'

609 453 719 528 qui
746 451 1031 510 dicebant
1051 450 1259 509 Filium
1305 450 1407 508 Dei
1442 465 1576 507 esse
1608 449 1683 508 de
1722 448 1934 516 nihilo,
1974 461 2046 503 ac
2086 444 2199 501 fuis

2388 463 2570 515 νοντας
2619 447 2710 500 τὸν
2765 448 2881 500 Υίὸν
2920 453 3014 501 τοῦ
3051 450 3199 515 Θεοῦ,
3231 446 3324 499 καὶ
3354 446 3437 499 ὅτι
3484 447 3547 506 ἦν
3591 449 3675 502 ὅτε
3699 449 3791 502 οὐκ
3850 446 3916 510 ἧν
3970 472 3983 485 ·

611 550 855 618 tempus
875 543 1126 617 quando
1149 557 1271 599 non
1289 545 1448 612 erat;
1474 544 1765 615 praeterea
1790 545 1847 597 et
1870 537 2206 597 Sabellianc

2391 537 2507 607 πρὸς
2538 531 2598 588 δε
2623 540 2715 589 καὶ
2750 540 2874 598 τοὺς
2916 534 3303 604 Σαϐελλιανοὺς,
3354 535 3439 598 οὒς
3482 536 3803 613 ὀνομάζουσι
3850 540 3986 594 Ῥω-

614 650 772 708 quos
830 634 1153 691 nominant
1207 632 1462 688 Romani
1520 630 2022 704 Patropassimos,
2062 630 2209 699 utpo

2392 630 2526 677 modo;
2571 631 3066 700 πατροπασσίμους,
3130 628 3198 688 ὡς
3254 628 3342 678 τὸν
3394 631 3599 700 Πατέρα
3652 634 3987 702 συγχέοντας

616 728 855 782 Patrem
880 739 1015 779 cum
1049 721 1190 779 Filio
1217 725 1275 777 et
1311 721 1534 793 Spiritu
1564 726 1775 777 sancto
1809 716 2211 776 confundente

2387 714 2448 774 εἰς
2483 716 2605 768 Υὶὸν
2643 720 2732 768 καὶ
2774 718 2833 768 τὸ
2872 723 3099 791 Πνεῦμα,
3133 720 3224 769 καὶ
3265 718 3385 770 ποτε
3427 720 3517 789 μέν
3562 717 3716 770 αὐτόν
3748 724 3982 794 Πατέρα,

618 818 676 872 et
702 829 867 870 nunc
886 812 1133 885 quidem
1161 826 1303 866 eum
1334 813 1582 883 Patrem,
1625 826 1789 867 nunc
1824 808 2058 879 Filium,
2107 821 2213 863 nui

2387 806 2503 857 ποτε
2550 801 2609 857 δὲ
2634 806 2774 873 Υἱὸν,
2815 808 2940 859 ποτε
2971 804 3032 859 δὲ
3088 812 3300 878 Πνεῦμα
3354 806 3740 879 ὄνομαζοντας·
3782 812 3843 862 τὸ
3875 812 3982 883 γὰρ

621 903 905 976 Spiritum
937 905 1216 957 sanctum
1246 900 1644 973 appellantes.
1677 898 2019 956 Promiscue
2039 895 2201 953 enim

2388 891 2561 966 χύδην
2608 900 2698 947 καὶ
2752 893 3077 971 ἀδιακρίτως
3123 897 3394 969 πάσσιμον
3445 899 3476 955 ἡ
3522 903 3781 971 Ῥωμαίκή
3840 898 3983 971 λέγει

618 992 938 1049 indiscrete
977 993 1250 1046 Romana
1302 989 1511 1060 lingua
1559 990 1777 1046 dicitur
1818 988 2066 1061 passim.
2124 989 2213 1044 Cu.

2387 989 2543 1056 φωνή.
2602 988 2807 1043 Ταύτην
2865 982 2927 1038 δὲ
2992 990 3087 1044 την
3143 990 3325 1038 πίστιν
3390 989 3463 1058 μὴ
3540 983 3982 1061 παραδεξαμένων

618 1085 823 1139 autem
868 1080 1028 1136 hanc
1091 1078 1295 1135 ﬁdem
1342 1094 1468 1134 non
1545 1079 1917 1153 recepissent
1991 1076 2213 1134 Occide:

2389 1081 2480 1125 τῶν
2537 1080 2785 1140 Δυτικῶν,
2833 1074 2940 1127 ἀλλ’
2987 1073 3231 1128 εέπόντων
3280 1074 3556 1149 ἀρκεῖσθαι
3611 1083 3720 1138 τοῖς
3776 1080 3826 1129 ἓν
3882 1084 3984 1130 Νι-

617 1170 788 1243 tales,
816 1169 921 1226 sed
953 1169 1219 1225 dicerent
1247 1167 1361 1224 sibi
1390 1166 1665 1225 sufﬁcere
1696 1168 1937 1225 Nicaena
1961 1167 2212 1237 dogmat

2391 1168 2511 1235 καία
2558 1161 2797 1230 δόξασιν,
2849 1164 3044 1239 ἔγραψε
3092 1166 3221 1239 πρὸς
3266 1167 3353 1218 τὸν
3403 1162 3622 1238 ἀδελφόν
3670 1168 3696 1217 6
3737 1172 3986 1229 Κώνστας

621 1261 859 1333 scripsit
878 1258 957 1316 ad
994 1258 1240 1314 fratrem
1272 1260 1568 1315 Constans
1599 1258 1711 1315 sibi
1736 1259 1966 1331 justum
1995 1256 2179 1313 videri
2212 1272 2216 1302 τ

2392 1252 2538 1316 ἀξιῶν
2586 1251 2913 1316 ἀποδοθῆναι
2948 1261 3054 1317 τοῖς
3099 1258 3218 1329 περὶ
3249 1254 3560 1309 Ἀθανάσιον
3597 1259 3720 1319 τοὺς
3754 1256 3987 1319 οἰκείους

619 1348 931 1409 Athanasii
972 1347 1311 1405 fautoribus
1360 1349 1646 1421 propriae‘
1672 1348 1846 1405 sedes
1893 1346 2276 1405 restitueren-
2386 1344 2613 1418 θρόνους.

618 1443 742 1500 tur.

696 1532 786 1586 13.
854 1526 1154 1594 Quoniam
1207 1530 1412 1583 autem
1467 1526 1616 1583 nihil
1667 1527 2000 1600 perfectum
2056 1526 2270 1596 fuerat,

2456 1521 2546 1596 ιγ’.
2575 1520 2659 1584 Ὠς
2703 1520 2763 1576 δὲ
2808 1519 2960 1576 οὐδὲν
3013 1523 3193 1583 ῆνύετο
3233 1522 3403 1591 πλέον,
3458 1520 3607 1589 ἔδοξε
3660 1526 3840 1597 γνώμη
3881 1532 3986 1577 τῶν

622 1618 863 1676 duobus
895 1616 1366 1690 imperatoribus
1382 1616 1608 1690 placuit
1624 1616 1946 1673 concilium
1961 1616 2217 1673 Sardical

2387 1608 2481 1665 δύο
2540 1611 2797 1685 βασιλέων
2837 1612 3186 1686 ἀθροισθῆναι
3242 1609 3465 1666 σύνοδον
3516 1617 3563 1666 ἐν
3621 1610 3855 1687 Σαρδικῆ
3918 1622 3982 1687 τῇ

621 1708 1042 1767 convocari.Et
1071 1710 1484 1764 convenerunt
1522 1724 1595 1764 ex
1635 1706 2004 1764 Theodoreto
2030 1706 2216 1762 ducen

2390 1701 2562 1754 πόλει·
2605 1707 2694 1755 καὶ
2742 1704 3107 1776 ἡθροίσθησαν
3153 1705 3291 1755 κατά
3346 1705 3436 1776 μὲν
3486 1700 3825 1779 Θεοδώρητον
3865 1724 3985 1757 πεν-

620 1804 679 1856 et
729 1798 1174 1873 quinquaginta
1220 1797 1521 1870 episcopi;
1567 1812 1642 1853 ex
1686 1800 1926 1855 Socrate
1975 1800 2177 1853 autem

2389 1796 2607 1850 τήκοντα
2628 1796 2719 1847 καὶ
2763 1789 3032 1846 διακόσιοι
3074 1792 3374 1859 ἐπίσκοποι,
3406 1796 3541 1845 κατὰ
3598 1790 3659 1847 δὲ
3700 1794 3984 1869 Σωκράτην

622 1890 976 1958 Sozomeno,
1030 1902 1102 1943 ex
1159 1885 1633 1943 occidentalibus
1682 1885 1957 1959 partibus
1996 1885 2118 1941 fere
2156 1888 2217 1940 tr:

2390 1886 2469 1934 ιαὶ
2525 1882 2816 1955 Σωξόμενον
2869 1881 2923 1933 ἐκ
2973 1885 3063 1954 μὲν
3133 1890 3232 1934 τῶν
3298 1882 3547 1956 ἑσπερίων
3619 1891 3783 1957 μερῶν
3859 1887 3985 1957 περὶ

621 1977 795 2048 centi,
839 1993 909 2032 ex
940 1974 1333 2032 orientalibus
1364 1979 1567 2031 autem
1600 1991 1705 2032 sex
1747 1979 1805 2031 et
1841 1974 2216 2048 septuaginta

2390 1974 2499 2033 τοὺς
2548 1975 2904 2046 τριακοσίους,
2940 1970 2995 2029 ἐκ
3057 1967 3117 2024 δε
3174 1979 3272 2023 τῶν
3317 1972 3451 2041 ἑῴων
3499 1971 3553 2034 ἓξ
3607 1975 3693 2023 καὶ
3748 1968 3985 2044 ἐϐδομή-

618 2082 882 2139 quorum
937 2067 999 2121 in
1033 2080 1288 2121 numero
1318 2069 1490 2121 erant
1526 2064 1806 2133 Sabinus,
1864 2064 2157 2120 Heracleae
2210 2080 2213 2118 :

2389 2078 2568 2113 ιιοντα·
2618 2058 2695 2123 οἷς
2741 2063 3110 2135 συνηριθμεῖτο
3147 2067 3237 2114 και
3272 2060 3483 2124 Σαϐῖνος
3512 2061 3537 2113 6
3576 2068 3674 2114 τῶν
3722 2061 3772 2114 ἐν
3811 2060 3984 2136 Ἠρα-

616 2156 864 2213 Thracia
910 2154 1484 2212 Macedonianorum
1522 2155 1867 2227 episcopus,
1906 2158 1964 2210 et
1999 2154 2211 2225 lschyr:

2390 2150 2523 2223 κλείᾳ
2582 2158 2679 2212 τῆς
2752 2154 2969 2224 Θράκης
3034 2147 3432 2205 Μακεδονιανῶν
3511 2150 3809 2220 ἐπίσκοπος,
3891 2158 3985 2205 καὶ

614 2246 1026 2319 quiMareotiae
1040 2245 1463 2317 episcopatum
1488 2243 1567 2301 ab
1587 2244 1900 2301 Athanasii
1915 2244 2209 2300 adversari

2388 2240 2637 2313 Ἰσχύρας
2690 2240 2986 2315 ἐπιτραπεὶς
3044 2246 3138 2299 τὴν
3193 2249 3286 2293 τοῦ
3338 2246 3624 2315 Μαρεώτου
3685 2239 3983 2300 ἐπισκοπὴν

617 2333 1368 2407 acceperat.0ccidentales
1385 2333 1632 2406 quidem
1649 2333 1957 2390 Sardicam
1979 2348 2209 2389 conven

2391 2331 2523 2403 παρά
2569 2337 2667 2380 τῶν
2740 2327 3172 2401 ἀπεχθανομένων
3236 2337 3309 2399 τῷ
3380 2331 3696 2402 Ἀθανασίῳ.
3768 2334 3873 2383 Καὶ
3936 2333 3986 2383 οἱ

615 2427 776 2494 runt,
801 2422 1120 2479 orientales
1153 2438 1318 2488 vero,
1352 2438 1492 2478 cum
1548 2421 2011 2495 Philippopolim
2067 2436 2210 2495 perv

2390 2421 2470 2471 αεν
2500 2423 2710 2471 Δυτικοὶ
2747 2420 2863 2471 κατ’
2909 2418 3071 2477 αὐτὴν
3127 2423 3221 2477 τὴν
3266 2416 3529 2494 Σαρδίκὴν
3580 2418 3830 2478 συνῆλθον
3857 2436 3871 2450 ⁸
3938 2422 3985 2472 οἱ

616 2516 868 2580 nissent,
897 2512 968 2568 iis
995 2518 1209 2568 notum
1256 2511 1526 2568 fecerunt
1573 2527 1635 2568 se
1664 2527 1805 2567 cum
1857 2512 1929 2567 iis
1972 2526 2095 2569 non
2120 2510 2211 2567 vel

2386 2504 2441 2561 δὲ
2512 2507 2851 2580 Ἀνατολικοὶ,
2919 2507 3297 2571 καταλαϐόντες
3370 2514 3465 2568 τὴν
3543 2508 3981 2579 Φιλιππούπολιν,

618 2601 910 2675 colloqui,
939 2601 1053 2657 nisi
1084 2617 1122 2658 a
1152 2601 1424 2658 sessione
1460 2604 1520 2658 et
1561 2600 1992 2657 communione
2031 2600 2211 2673 expul

2389 2593 2651 2675 ἐδήλωσαν
2715 2597 2895 2661 αύτοίς
2946 2601 3016 2661 ὡς
3072 2598 3167 2650 ούκ
3230 2598 3392 2660 ἄλλως
3449 2598 3522 2660 εἰς
3578 2598 3761 2671 λόγους
3816 2598 3984 2652 ἐλθεῖν

611 2691 733 2748 rint
760 2689 1070 2747 Athanasii
1094 2689 1361 2746 fautores
1392 2693 1457 2746 ut
1482 2689 1809 2763 depositos.
1833 2688 1950 2745 Illis
1975 2693 2176 2746 autem

2393 2686 2558 2749 κύτοίς
2609 2685 2891 2754 ἐθέλουσιν,
2957 2687 3000 2740 εἰ
3047 2692 3119 2760 μὴ
3168 2691 3283 2749 τοὺς
3341 2692 3460 2761 περὶ
3491 2688 3801 2741 Ἀθανάσιον
3862 2687 3988 2741 ἀπε-

612 2796 736 2838 non
768 2779 1123 2851 ferentibus,
1157 2779 1196 2835 ii
1222 2778 1543 2835 concilium
1574 2778 1842 2835 habuere
1872 2779 1934 2835 in
1958 2779 2092 2852 ipsa
2119 2778 2207 2834 ur]

2391 2778 2603 2830 toio'oua'i
2648 2784 2741 2829 τοῦ
2788 2772 3062 2852 συνεδρίου
3105 2780 3195 2830 καὶ
3254 2786 3349 2839 τῆς
3394 2781 3659 2838 κοινωνίας
3696 2779 3765 2838 ὡς
3813 2780 3986 2836 καθη-

611 2868 1038 2942 Philippopoli,
1089 2872 1148 2926 et
1191 2868 1622 2942 deposuerunt,
1653 2884 1765 2942 pro
1806 2867 1996 2934 libito,
2043 2868 2202 2925 Juliu

2389 2871 2650 2939 οημένονς.
2698 2873 2810 2919 Τῶν
2843 2863 2903 2920 δε
2932 2870 3004 2939 μὴ
3056 2865 3401 2940 ἀνεχομένων,
3445 2869 3628 2920 ἐκεῖνοι
3677 2863 3984 2941 συνήδρευ-

610 2962 974 3025 Romanum,
999 2974 1070 3014 eo
1091 2958 1259 3031 quod
1283 2957 1516 3030 primus
1546 2974 1685 3014 cum
1705 2958 2031 3016 Athanasio
2062 2962 2118 3014 et
2138 2959 2205 3030 ej1

2390 2974 2474 3008 ταν
2506 2954 2746 3017 ἀλλήλοις
2793 2955 2840 3008 ἐν
2870 2955 3001 3030 αὕτη
3061 2964 3124 3029 τῇ
3174 2955 3601 3023 Φιλιπουπόλει,
3660 2960 3750 3009 καὶ
3802 2959 3985 3010 καθεῖ-

609 3047 950 3105 fautoribus
979 3047 1507 3119 communicasset,
1539 3047 1786 3103 Hosium
1815 3047 2200 3104 Cordubense

2388 3049 2481 3113 λον,
2554 3048 2619 3106 ὡς
2698 3043 2964 3118 ἐνόμισαν,
3043 3045 3254 3099 Ἰούλιον
3310 3047 3400 3118 μὲν
3466 3053 3561 3108 τῆς
3618 3045 3836 3118 Ῥώμης,
3914 3050 3983 3109 ῶς

610 3143 857 3214 propter
886 3137 1169 3195 eamdem
1194 3153 1473 3207 causam,
1505 3141 1565 3193 et
1606 3137 1750 3210 quia
1797 3138 2029 3195 amicus
2075 3137 2204 3194 fuer

2387 3133 2607 3208 ἰρξαντα
2649 3142 2744 3197 τῆς
2796 3137 2924 3208 πρὸς
2978 3134 3288 3188 Ἀθανάσιον
3335 3137 3425 3187 καὶ
3471 3138 3595 3196 τοὺς
3646 3131 3770 3207 ἀμφ’
3820 3134 3982 3187 αὐτὸν

612 3228 845 3286 Paulini
887 3232 943 3284 et
966 3226 1259 3283 Eustathii
1291 3227 1395 3299 qui
1423 3227 1801 3284 Antiochiam
1824 3232 2120 3297 rexerant,
2154 3230 2201 3285 Μ

2388 3228 2661 3296 ιοινωνίας,
2692 3223 2877 3277 Ὃσιον
2923 3219 2982 3277 δὲ
3028 3226 3115 3276 τὸν
3175 3220 3482 3297 Κορδούϐης
3530 3221 3623 3276 διά
3666 3243 3720 3277 τε
3757 3228 3844 3283 τὴν
3890 3226 3983 3277 αύ-

609 3317 911 3375 ximinum
953 3317 1383 3387 Trevirensem,
1442 3320 1649 3389 utpote
1695 3318 1800 3390 qui
1848 3318 2084 3390 primus
2127 3333 2199 3373 cu

2387 3317 2470 3372 τὴν
2502 3313 2694 3382 αἰτίαν,
2736 3318 2826 3366 καὶ
2878 3315 2959 3366 ὅτι
3008 3312 3152 3386 φίλος
3206 3312 3401 3384 ἐγένετο
3445 3313 3683 3385 Παυλίνῳ
3731 3317 3821 3365 καὶ
3874 3314 3982 3366 Εὐ-

611 3405 796 3464 Paulo
844 3407 1370 3472 communicasset,
1423 3408 1813 3476 Protogenem
1873 3406 2131 3464 Sardicaa
2196 3423 2206 3461 ε

2389 3406 2578 3477 σταθίῳ
2629 3412 2740 3467 τοῖς
2796 3406 3151 3477 ἠγησαμένοις
3196 3411 3292 3466 τῆς
3344 3404 3693 3477 Ἀντιοχείας,
3748 3402 3984 3477 Μαξιμῖ-

613 3493 779 3568 quod
812 3493 1152 3553 Marcellum
1182 3493 1530 3550 defenderet
1566 3510 1750 3567 quem
1781 3495 1948 3569 prius
1979 3495 2208 3551 conden

2387 3513 2459 3546 νον
2520 3491 2578 3547 δὲ
2624 3493 2907 3569 Τριϐἐρεως
2964 3498 3030 3555 ὡς
3079 3502 3280 3569 πρῶτον
3329 3493 3516 3565 Παύλῳ
3562 3497 3982 3563 κοινωνήσαντα,

613 3586 885 3650 navarat,
917 3582 1320 3639 Gaudentium
1355 3586 1422 3639 ut
1450 3582 1619 3640 aliter
1648 3588 1929 3656 agentem
1972 3599 2042 3640 ac
2075 3582 2204 3656 Cyri

2392 3588 2715 3657 Ἱρωτογένην
2792 3580 2853 3637 δὲ
2915 3591 3012 3646 τῆς
3084 3579 3352 3658 Σαρδικῆς
3420 3586 3491 3644 ὡς
3566 3582 3987 3657 ὑπερμαχοῦντα

616 3689 723 3729 cus
752 3673 851 3729 cui
875 3675 1268 3743 successerat,
1301 3676 1359 3730 et
1403 3676 1469 3729 ut
1510 3672 1753 3746 plurimi
1800 3672 2120 3730 facientem
2166 3689 2211 3730 81

2388 3672 2678 3746 Μαρκέλλου
2732 3679 2824 3726 τοῦ
2890 3676 3139 3748 πρότερον
3205 3672 3290 3725 ὑπ’
3338 3672 3498 3725 αὐτοῦ
3543 3669 3983 3744 καταψηφισθέν-

617 3778 774 3836 quos
800 3762 1225 3837 deposuerant.

2388 3782 2483 3834 τος,
2546 3760 2853 3816 Γαυδέντιον
2903 3759 2962 3816 δὲ
3017 3766 3087 3825 ὡς
3139 3765 3417 3817 ὑπεναντία
3460 3759 3833 3823 σπουδάζοντα
3879 3769 3983 3817 Κυ-

2377 3862 2545 3926 ριακῷ
2596 3855 2650 3906 ὃν
2704 3850 2993 3921 διεδέξατο,
3042 3859 3133 3907 καὶ
3188 3857 3308 3917 τοὺς
3355 3853 3480 3930 παρ’
3527 3852 3697 3906 αὐτῶν
3740 3853 3987 3927 καθῃρη-

2378 3945 2559 4015 μένους
2584 3946 2703 4016 περὶ
2732 3942 2919 3996 πολλοῦ
2948 3944 3270 4017 ποιούμενον.

692 4031 779 4090 14.
807 4030 965 4089 Hosii
982 4032 1187 4089 autem
1204 4029 1471 4089 fautores
1489 4033 1818 4104 postquam
1841 4032 2271 4099 convenerant,

2454 4030 2546 4088 ιδ’.
2577 4034 2642 4086 Οἱ
2674 4030 2736 4086 δέ
2758 4054 2817 4105 γε
2856 4032 2987 4107 ἀμφὶ
3029 4036 3115 4087 τόν
3152 4033 3356 4101 ⁸οσιον,
3404 4032 3743 4101 συνελθόντες,
3776 4031 3984 4094 ἀθὼονς

617 4120 967 4179 innocentes
993 4121 1457 4179 declaraverunt
1500 4119 1894 4177 Athanasium
1930 4120 2177 4193 quidem
2208 4138 2212 4144 ·

2385 4121 2642 4196 ἀπέφηναν
2709 4123 3016 4177 Ἀθανάσιον
3090 4126 3179 4197 μεν
3251 4125 3321 4186 ὡς
3394 4119 3594 4184 ἀδίκως
3676 4120 3980 4176 ἐπιϐουλευ-

617 4210 837 4283 injuste
870 4209 949 4265 ab
978 4210 1049 4265 iis
1077 4210 1183 4283 qui
1202 4213 1424 4281 Tyrum
1448 4210 1757 4281 congressi
1782 4213 2212 4265 erantvexatun

2389 4213 2532 4265 θέντα
2587 4214 2731 4286 παρὰ
2787 4222 2886 4266 τῶν
2945 4214 2993 4265 ἐν
3046 4214 3202 4287 Τύρῴ
3261 4211 3624 4279 συνελθόντων,
3678 4210 3984 4286 Μάρκελλον

618 4299 964 4357 Marcellum
985 4315 1130 4355 vero
1158 4304 1225 4356 ut
1253 4300 1502 4357 minime
1523 4303 1889 4357 annuentem
1915 4316 1979 4357 se
2009 4301 2213 4370 cogita:

2387 4297 2441 4354 δὲ
2502 4299 2588 4355 οἶα
2642 4307 2713 4375 μὴ
2783 4302 2917 4355 οὕτω
2970 4302 3185 4374 λέγοντα
3234 4310 3431 4377 φρονεῖν
3498 4304 3566 4364 ὡς
3615 4296 3918 4354 διεϐάλλετο
3967 4318 3982 4333 ⁶

619 4406 756 4463 quae
769 4389 923 4446 falso
938 4389 1690 4460 arguebanturManifestm
1709 4391 1867 4447 enim
1881 4391 2214 4463 erant,inqu

2389 4389 2617 4466 ἐφωράθη
2658 4394 2782 4466 γὰρ,
2843 4396 3001 4465 φησὶν
3045 4393 3070 4443 6
3134 4387 3499 4464 Θεοδὼρητος,
3564 4398 3658 4442 τῶν
3713 4395 3834 4463 περὶ
3894 4395 3984 4445 τόν

617 4478 1046 4546 Theodoretus,
1103 4478 1278 4535 malae
1336 4479 1813 4536 Eusebianorum
1878 4484 2059 4536 artes.
2125 4481 2210 4546 Qu

2391 4480 2680 4540 Εὐσέϐιονὴ
2741 4486 3061 4554 κακοτεχνία
3093 4497 3107 4511 ·
3158 4480 3235 4532 ὁτι
3294 4480 3329 4532 ἃ
3380 4480 3550 4541 ζητῶν
3597 4483 3623 4532 ό
3678 4480 3986 4553 Μάρκελλος

619 4568 803 4625 emim
833 4567 1140 4625 Marcellus
1167 4573 1233 4624 ut
1260 4568 1513 4641 quaesita
1542 4569 1793 4638 dixerat,
1826 4586 1897 4626 ea
1927 4574 1991 4625 ut
2018 4569 2095 4626 ab
2137 4570 2214 4641 ips

2386 4572 2572 4645 εἴρηκε,
2668 4578 2834 4624 ταῦτα
2934 4574 2999 4632 ὡς
3095 4570 3469 4645 ὡμολογημένα
3574 4566 3981 4628 διαϐεϐλήκασι.

616 4663 787 4716 extra
816 4658 1285 4716 controversiam
1306 4658 1502 4732 posita
1526 4658 2073 4716 calumniabantur.
2118 4662 2211 4717 Cll]

2389 4663 2583 4712 Γούτων
2640 4657 2690 4713 δ’
2758 4661 2843 4713 ἐπὶ
2907 4669 2998 4721 τῆς
3055 4658 3282 4713 συνόδου
3345 4668 3439 4722 τῆς
3511 4660 3643 4712 κατὰ
3709 4656 3984 4731 Σαρδικὴν

616 4753 819 4806 autem
847 4748 1001 4805 eain
1041 4748 1279 4821 synodo
1328 4748 1587 4805 Sardicse
1622 4748 1831 4805 habita
1856 4749 2009 4805 lecta
2046 4766 2211 4806 essen

2385 4748 2830 4822 ἀναγνωσθέντων,
2877 4751 3003 4825 ὀρθὴ
3059 4758 3151 4803 τοῦ
3202 4742 3391 4824 ἀνδρὸς
3445 4752 3474 4809 ἡ
3535 4753 3716 4810 πίστις
3766 4750 3980 4823 εὑρέθη.

614 4842 778 4895 recta
801 4838 1048 4895 inventa
1076 4841 1168 4895 est
1218 4837 1401 4911 hujus
1444 4838 1709 4895 hominis
1762 4839 1935 4897 ﬁdes.
1995 4841 2209 4897 Socrah

2390 4845 2656 4914 Σωκρατης
2723 4835 2783 4892 δέ
2844 4859 2999 4912 φησιν
3072 4840 3153 4892 ὅτι
3203 4837 3535 4891 ἀναπαλαίων
3588 4838 3613 4890 6
3678 4838 3985 4912 Μάρκελλος

615 4934 819 4988 autem
865 4928 1009 4986 dicit
1052 4929 1395 4988 Marcellum
1449 4932 1516 4985 ut
1566 4928 2137 4987 condemnationem
2180 4946 2207 4985 r

2386 4933 2471 4987 τὴν
2510 4924 2805 4987 καταδίκην
2862 4930 3034 4981 ἔπεισε
3090 4932 3213 4991 τοὺς
3268 4927 3316 4979 ἐν
3368 4924 3601 5002 Σαρδικῇ
3660 4931 3730 4999 μὴ
3782 4929 3981 4986 νοῖτσαι

615 5019 881 5093 pelleret,
911 5018 1288 5093 persuasisse
1315 5019 1616 5092 episcopis
1648 5019 1907 5077 Sardicae
1939 5034 2210 5090 congreg;

2385 5020 2497 5080 τοὺς
2532 5017 2843 5079 καθελόντας
2883 5018 3058 5084 αὐτόν,
3126 5017 3160 5069 ἃ
3206 5021 3432 5091 γέγραφε
3466 5033 3478 5045 ⁸
3527 5020 3618 5069 καὶ
3669 5013 3763 5068 διὰ
3818 5024 3980 5071 τοῦτο

613 5112 688 5167 tis
716 5124 819 5167 eos
844 5109 948 5182 qui
964 5109 1166 5182 ipsum
1193 5108 1603 5182 deposuerant
1629 5123 1752 5165 non
1773 5108 2101 5180 intelligere
2126 5126 2207 5182 qu

2376 5111 2470 5165 τὴν
2513 5109 2756 5160 ὑπόνοιαν
2812 5114 2904 5159 τοῦ
2959 5110 3297 5179 Σαμοσατέως
3329 5104 3521 5160 λαϐεῖν.
3552 5104 3610 5156 Ὀ
3668 5101 3727 5157 δὲ
3781 5123 3954 5181 πατρι

613 5199 956 5272 scripserat.
989 5204 1170 5271 atque
1199 5198 1336 5255 ideo
1385 5215 1447 5254 se
1497 5198 1938 5256 Samosatensis
1996 5200 2208 5272 episc0j

2388 5198 2553 5270 ὶρχης
2610 5202 2822 5264 Φὼτιος,
2866 5194 3064 5268 σχόλια
3099 5196 3351 5270 παραθεὶς
3414 5202 3506 5246 τοῦ
3566 5213 3619 5246 τε
3671 5196 3983 5262 Σωκράτους

612 5289 989 5362 suspiciones
1029 5288 1375 5345 incurrisse.
1428 5288 1772 5346 Patriarcha
1816 5305 1960 5345 vero
2016 5289 2207 5345 Photil

2385 5290 2463 5346 ιαὶ
2503 5294 2593 5339 τοῦ
2627 5283 2993 5361 Θεοδωρητου,
3038 5289 3197 5358 φησὶν
3254 5283 3333 5335 ὃτι
3396 5283 3446 5336 ἓν
3497 5280 3728 5357 Σαρδικῇ
3779 5284 3980 5354 μᾶλλον

608 5378 985 5438 narrationes
1007 5378 1324 5436 conferens
1344 5378 1601 5436 Socratis
1624 5395 1694 5436 ac
1717 5379 2091 5449 Theodoreti,
2119 5379 2203 5435 dic

2383 5377 2723 5435 ἐπατήθησαν
2760 5390 2772 5401 ⁸
2836 5379 2925 5427 καὶ
2982 5379 3054 5447 μὴ
3107 5378 3386 5435 νοήσαντες
3442 5371 3666 5446 ἀκριϐῶς
3716 5374 3775 5423 τό
3824 5376 3978 5450 Μαρ-

609 5468 997 5528 Sardicenses
1024 5470 1343 5541 episcopos
1383 5484 1523 5526 vere
1552 5469 1835 5542 deceptos
1866 5485 2039 5537 esse;
2086 5485 2204 5525 cun

2380 5465 2545 5519 ιιέλλου
2602 5468 2944 5538 σύγγραμμα,
3004 5471 3176 5525 κακῶς
3236 5463 3392 5514 αὐτὸν
3441 5460 3797 5515 ἐδικαίωσαν·
3859 5466 3975 5519 ὅθεν

604 5575 723 5633 que
750 5574 878 5615 non
903 5558 1056 5616 bene
1085 5557 1513 5615 intellexissent
1548 5557 1800 5615 Marcelli
1832 5559 2072 5632 scripta,
2098 5574 2199 5616 ma

2375 5552 2540 5618 οὐδεὶς
2583 5551 2905 5631 παρεδέξατο
2952 5552 3044 5612 τήν
3101 5556 3220 5628 περὶ
3267 5554 3454 5606 τούτου
3508 5558 3684 5628 κρίσιν
3746 5550 3921 5605 αὐτῶν
3956 5578 3970 5590 ο

602 5664 741 5707 eum
765 5644 1160 5721 justiﬁcasse;
1192 5646 1331 5704 inde
1360 5645 1668 5704 neminem
1709 5646 2012 5720 accepisse
2042 5662 2197 5704 eorui

2375 5644 2474 5698 ἀλλ’
2535 5646 2675 5699 ἔστιν
2706 5643 2800 5707 ἔξω
2823 5653 2914 5706 τῆς
2964 5642 3280 5707 Ἐκκλησίας
3309 5647 3334 5697 ὀ
3373 5634 3690 5718 Μάρκελλος.
3746 5641 3970 5698 Ἠθὼω-
