4040 6318
104 359 163 414 21
1480 346 1831 412 THESMJRI
1867 353 2000 413 LIB.
2039 356 2134 415 VI.
3419 363 3493 421 22

105 502 198 534 σαν
242 477 309 535 δὲ
336 482 388 535 οἱ
436 479 485 534 ἓν
517 476 761 554 Σαρδικῇ
791 483 881 532 καὶ
928 477 1230 539 ’Δσκληπᾶν
1270 481 1358 535 τὸν
1396 480 1590 549 Γάζης,
1650 482 1707 541 ὡς

1827 478 1902 537 de
1931 479 2034 538 illo
2063 482 2462 553 sententiam;
2494 481 2601 541 sed
2627 483 2800 542 extra
2825 480 3156 543 Ecclesium
3180 497 3320 545 esse
3346 487 3495 547 ιω-

102 570 355 624 Εέσεϐίου
404 578 501 624 τοῦ
544 569 825 642 Παμφίλου
874 572 965 622 καὶ
1009 568 1208 623 πολλῶν
1256 570 1421 623 ἄλλων
1471 572 1718 644 ὑπομνὼ-

100 682 236 735 ματα
298 661 667 738 ἆπιφερόμενον
725 654 1035 713 δικαιοῦντα
1090 660 1248 714 αὐτόν
1289 682 1303 694 ⁸
1362 662 1440 713 ἔτι
1501 657 1563 714 δὴ
1624 663 1717 713 καὶ

102 755 331 806 Λούκιον
395 756 486 804 τόν
554 747 1050 825 Ἀδριανουπόλεως,
1116 752 1187 813 ὡς
1246 757 1347 803 τῶν
1410 753 1719 825 κατηγόρων

96 841 261 894 αὐτοῦ
321 849 461 914 φυγῇ
502 843 860 914 χρησαμένων
886 856 901 871 ⁸
936 838 1172 893 καθεῖλον
1221 836 1282 893 δὲ
1338 846 1591 914 Γεώργιον
1627 841 1716 891 τὸν

96 929 528 1007 Ἀὴξανδρείας
596 930 860 984 Βασίλειον
924 930 1185 1004 ’Δγκύρας
1243 933 1331 983 τόν
1397 929 1512 983 ἀντὶ
1564 936 1717 1004 Μαρ-

92 1022 303 1089 κέλλου,
371 1023 645 1075 Κεντιαδόν
702 1020 879 1082 Γάζης
928 1023 1015 1072 τόν
1070 1019 1185 1073 ἀντὶ
1234 1020 1533 1088 ’Δσκληπᾶ,
1582 1022 1716 1074 Θεό-

93 1107 267 1187 δωρον
301 1110 631 1183 Ἡρακλείας,
661 1112 964 1186 Νάρκισσον
1002 1110 1439 1185 Εἰρηνουπόλεως,
1474 1110 1715 1163 ’Δκάκιον

93 1206 427 1276 Καισαρείας
457 1209 553 1262 τῆς
581 1200 955 1270 Παλαιστίνης,
977 1204 1314 1274 Μηνόφαντον
1338 1200 1551 1273 Ἐφέσου
1558 1200 1715 1275 ,Οὖρ-

90 1292 280 1343 etiam:
316 1287 666 1362 Σιγγηδόνος,
699 1290 960 1344 Οὐάλεντα
982 1294 1252 1366 Μούρσης,
1284 1296 1538 1363 Γιώργιον
1567 1296 1714 1344 Λαο-

88 1376 321 1441 δικείας,
352 1384 530 1431 καίτοι
560 1383 633 1452 μὴ
689 1384 921 1455 παρόντα
957 1379 1007 1432 ἓν
1136 1377 1340 1451 συνόδῳ
1365 1383 1530 1453 ταύτῃ
1565 1399 1581 1414 ⁸
1623 1383 1714 1431 καὶ

90 1469 241 1530 οὗτος
269 1471 420 1522 κατὰ
459 1473 549 1522 τόν
577 1473 741 1543 μέγαν
762 1471 813 1522 Ἀ
825 1472 1069 1524 θανασιον
1106 1475 1197 1523 καὶ
1225 1476 1318 1523 τοῦ
1342 1468 1712 1545 πρεσϐυτερίου

86 1561 428 1633 καθαιρεθεὶς
458 1561 558 1613 ὑπὸ
581 1567 672 1612 τοῦ
693 1564 953 1633 μακαρίου
984 1556 1324 1633 Ἀλεξάνδρου
1352 1556 1387 1613 ὃ
1391 1560 1424 1612 ι’
1458 1558 1708 1616 ἀσωτίαν.

92 1655 188 1703 Καὶ
215 1656 398 1702 ταῦτα
417 1651 509 1722 μὲν
533 1656 773 1703 τοιοῦτον
801 1651 929 1721 ἔσχε
958 1652 1044 1703 τόν
1064 1654 1272 1725 τρόπον.

158 1918 235 1973 ιε’.
298 1919 374 1970 Οἱ
411 1913 475 1970 δέ
500 1921 621 1992 περὶ
659 1917 969 1971 Ἀθανάσιον
1021 1917 1174 1971 πάλιν
1213 1922 1306 1977 τήν
1341 1918 1544 1992 Ῥώμην
1580 1938 1713 1973 κατ-

89 2013 253 2080 έσχον
285 2025 307 2040 ο
368 2010 461 2059 καὶ
514 2008 543 2058 6
585 2014 687 2058 τῶν
744 2006 992 2082 ἑσπερίων
1035 2006 1285 2081 βασιλεὺς
1340 2014 1607 2077 Κώνστας,
1645 2011 1714 2062 τὰ

90 2095 135 2148 ἐν
193 2092 446 2170 Σαρδικῇ
521 2100 774 2169 γενόμενα
844 2098 1042 2170 μαθὼν,
1106 2097 1302 2171 ἔγραψε
1363 2106 1435 2169 τῷ
1501 2097 1716 2172 βασιλεῖ

92 2190 450 2256 Κωνσταντίῳ
521 2193 630 2247 τοῖς
700 2191 819 2260 περὶ
872 2188 1181 2240 Ἀθανάσιον
1254 2184 1545 2242 ἀποδοῦναι
1617 2195 1714 2256 τὰς

90 2272 237 2336 ἰδίοις
280 2273 595 2336 ἐκκλησίας.
652 2274 741 2337 Ὠς
798 2272 848 2328 δ’
905 2274 1222 2344 ἀνεϐάλλετο,
1276 2277 1430 2330 πάλιν
1487 2280 1710 2354 ἔγραψεν

88 2364 123 2421 5;
174 2361 454 2436 δέχεσθαι
502 2366 743 2432 τούτους,
774 2366 806 2423 ἢ
850 2367 980 2438 πρὸς
1028 2365 1249 2438 πόλεμον
1297 2372 1709 2441 παρασκευάσα-

91 2455 230 2505 σθαι.
305 2459 434 2515 Τοῖς
492 2450 591 2505 ἀνὰ
636 2458 731 2513 τὴν
805 2454 871 2506 ἔω
935 2458 1106 2506 τοίνυν
1171 2454 1482 2519 ἐπισκόποις
1554 2465 1708 2513 τοῦτο

88 2546 459 2605 Κωνστοὲντιος
519 2545 917 2616 κοινωσάμενος,
973 2549 1064 2596 καὶ
1126 2549 1348 2617 νομίσας
1397 2548 1578 2610 εὔηθες
1636 2545 1708 2601 εἷ-

87 2651 167 2683 ναι
221 2629 327 2686 διὰ
394 2635 593 2692 ταύτην
650 2633 825 2685 αἰτίαν
881 2633 1123 2707 ἐμφύλιον
1179 2636 1447 2709 αἱρεῖσθαι
1497 2637 1705 2709 μάχην,

86 2728 229 2795 τρισὶ
274 2724 601 2799 γράμμασιν
654 2722 965 2777 Ἀθανάσιον
1022 2724 1399 2797 μετεκαλέσατο
1454 2730 1542 2779 καὶ
1585 2730 1708 2789 τοὺς

88 2816 181 2865 σὺν
241 2814 393 2883 αὐτῷ
436 2830 452 2844 ⁸
531 2812 811 2866 κατέλαϐον
885 2810 973 2865 οὖν
1036 2816 1157 2875 τοὺς
1227 2813 1422 2867 ἑαυτῶν
1495 2818 1709 2890 θρόνους

89 2902 285 2963 Παῦλος
352 2903 382 2954 6
463 2902 1071 2975 Κωνσταντινουπόλεως,
1139 2904 1432 2979 Μάρκελλος
1504 2906 1531 2957 6
1589 2905 1709 2978 ’Δγ-

82 2995 265 3065 κύρας,
336 2990 644 3053 Ἀσκληπᾶς
691 2994 719 3044 6
756 2993 946 3060 Γάζης,
996 2997 1087 3046 καὶ
1136 2996 1357 3056 Λούκιος
1404 2995 1431 3046 ό
1483 2991 1705 3071 Ἀδρια-

85 3087 417 3146 νουπόλεως·
456 3085 774 3148 ’Δθανοξσιος
798 3083 850 3138 δ’
877 3086 951 3148 εἰς
989 3086 1317 3160 Ἀντιόχειαν
1374 3094 1468 3161 τῇν
1516 3093 1707 3163 Συρίας

1826 567 2065 627 cellum.
2099 575 2454 631 Innocentes
2475 573 2680 631 autem
2699 571 3082 630 declaravere
3108 574 3494 634 Sardicenses

1827 657 2091 732 episcoPi
2136 662 2481 735 Asclepium
2533 665 2723 734 Gazae,
2758 665 2827 720 ut
2875 661 2957 719 ab
3008 662 3267 723 Eusebio
3321 666 3492 725 Pam-

1827 746 1975 821 phili
1994 750 2320 826 multisque
2333 754 2464 811 aliis
2476 753 2819 811 testimonia
2831 752 3182 812 aﬂ‘erentem
3196 769 3333 829 quas
3347 770 3490 814 eum

1825 837 2267 911 defendebant;
2316 842 2517 901 adhuc
2546 847 2604 900 et
2650 843 2899 901 Lucium
2920 842 3362 918 Adrianopolis,
3389 860 3492 903 cu-

1821 930 1923 1001 jus
1976 935 2359 991 accusatores
2391 932 2790 1005 aufugerant;
2822 932 3237 1008 deposuerunt
3285 938 3490 993 autem

1828 1021 2110 1092 Gorgium
2139 1022 2535 1093 Alexandriae,
2591 1024 2880 1082 Basilium
2926 1030 3203 1098 Ancyrae,
3233 1025 3490 1085 Marcelli

1826 1109 2258 1182 adversarium,
2291 1113 2646 1170 Centianum
2676 1114 2845 1172 Carm
2881 1114 2989 1189 qui
3016 1110 3357 1189 Asclepium
3385 1130 3488 1173 ur-

1824 1199 2024 1271 gebat,
2091 1202 2472 1259 Theodorum
2518 1202 2846 1271 Heraclea,
2886 1203 3231 1261 Narcissum
3290 1205 3492 1263 Irena-

1822 1289 2003 1363 polis,
2025 1291 2312 1349 Acacium
2346 1295 2631 1351 Caesarea:
2662 1292 2727 1349 in
2749 1292 3089 1362 Palaestina,
3119 1292 3487 1367 Menophan-

1824 1382 1953 1435 tum
1984 1380 2223 1453 Ephesi,
2266 1382 2576 1439 Ursacium
2608 1381 2976 1453 Singidonis,
2998 1381 3306 1439 Valentem
3332 1385 3486 1442 Mur-

1823 1484 1927 1536 saa,
1959 1470 2280 1540 Georgium
2326 1470 2657 1541 Laodiceae,
2687 1486 3047 1546 quanquam
3075 1470 3206 1545 ipse
3237 1470 3319 1528 ab
3368 1471 3487 1530 hac

1823 1558 2060 1631 synodo
2090 1559 2334 1631 aberat;
2359 1565 2418 1618 et
2443 1561 2516 1630 is,
2534 1561 2709 1632 juxta
2747 1575 3043 1632 magnum
3062 1560 3482 1635 Athanasium,

1823 1663 1897 1705 ex
1918 1649 2258 1707 sacerdotio
2278 1654 2525 1725 propter
2551 1651 2856 1709 luxuriam
2884 1666 2924 1709 a
2937 1651 3123 1709 beato
3143 1650 3484 1711 Alexandro

1821 1737 2135 1810 depositus
2164 1738 2377 1798 fuerat.
2403 1742 2469 1798 Et
2508 1740 2639 1798 haec
2665 1739 2912 1815 quidem
2934 1740 3052 1799 hoc
3079 1737 3268 1799 modo
3295 1757 3359 1800 se
3376 1739 3485 1800 ha-

1742 1835 1788 1892 B
1821 1828 2029 1885 buere.

1901 1923 1982 1975 t5.
2022 1918 2336 1977 Athanasii
2366 1923 2569 1978 autem
2596 1918 2862 1977 fautores
2889 1922 3095 1978 Roma
3124 1919 3397 1992 aderant,
3424 1922 3485 1979 et

1822 2008 2158 2066 Occidentis
2187 2008 2517 2084 imperator
2547 2012 2864 2077 Constans,
2904 2026 3046 2069 cum
3074 2025 3148 2068 ea
3172 2024 3312 2085 qua
3341 2012 3483 2069 Sar-

1820 2098 1971 2155 dicas
1990 2098 2148 2157 facta
2170 2098 2408 2156 fuerant
2426 2099 2751 2171 didicisset,
2778 2099 2860 2157 ad
2877 2099 3305 2173 imperatorem
3324 2100 3479 2158 Gon-

1820 2188 2105 2246 stantium
2167 2188 2405 2262 scripsit
2452 2192 2518 2245 ut
2571 2187 2883 2246 Athanasii
2941 2187 3282 2247 fautoribus
3335 2204 3480 2247 suas

1818 2276 2100 2335 ecclesias
2121 2277 2419 2335 redderet.
2442 2278 2590 2334 Cum
2619 2281 2825 2337 autem
2852 2277 2950 2335 hic
2985 2277 3476 2355 procrastinaret,

1810 2382 2059 2424 rursum
2078 2366 2132 2424 ei
2162 2367 2397 2440 scripsit
2421 2371 2487 2424 ut
2505 2371 2610 2424 aut
2634 2364 2770 2426 illos
2789 2367 3234 2425 restitueretaut
3250 2366 3332 2426 ad
3355 2366 3481 2426 bel-

1813 2456 1943 2513 lum
1995 2472 2062 2513 se
2112 2460 2451 2529 appararet.
2507 2457 2682 2524 Quod
2734 2455 3129 2515 orientalibus
3179 2456 3481 2531 episcopis

1816 2549 2028 2603 notum
2078 2545 2305 2603 faciens
2370 2546 2755 2604 Constantius
2796 2544 3172 2619 credensque
3223 2544 3478 2604 stultum

1815 2650 1949 2692 esse
2001 2633 2084 2692 ob
2133 2635 2293 2692 hanc
2348 2651 2602 2693 causam
2648 2635 2982 2694 fraternum
3022 2634 3252 2694 bellum
3289 2634 3481 2693 susci-

1817 2727 1962 2794 tare,
2000 2724 2192 2780 tribns
2242 2723 2452 2782 litteris
2509 2724 2908 2782 Athanasium
2948 2724 3203 2798 ejusque
3245 2724 3478 2783 amicos

1813 2813 2139 2871 revocavit.
2192 2815 2566 2888 Receperunt
2606 2814 2788 2886 igitur
2838 2829 2987 2871 suas
3037 2813 3213 2873 sedes
3256 2813 3481 2873 Paulus

1816 2903 2391 2977 Constantinopolis,
2410 2902 2722 2961 Marcellus
2747 2908 3025 2977 Ancyra,
3053 2903 3343 2978 Asclepas
3370 2904 3482 2964 Ga-

1814 3009 1917 3062 zae,
1931 2996 1989 3049 et
2011 2992 2224 3049 Lucius
2244 2992 2685 3067 Adrianopolis.
2720 2993 2868 3051 Cum
2887 2997 3093 3051 autem
3112 2993 3479 3052 Athanasius

1815 3081 2194 3140 Antiochiam
2245 3083 2430 3156 Syria
2466 3080 2744 3140 rediisset
2784 3082 2893 3140 ubi
2941 3082 3300 3141 versabatur
3328 3082 3481 3140 Con-

88 3174 414 3247 ἂῖνικόμενος,
477 3175 599 3226 ἔνθα
645 3171 874 3249 διέτριϐε
927 3178 1310 3239 Κωνστάντιος,
1358 3179 1503 3229 εὔνου
1548 3173 1706 3236 δῆθεν

1817 3171 2092 3240 stantius,
2131 3171 2498 3229 benevolum
2547 3187 2690 3229 eum
2732 3173 3015 3246 expertus
3041 3174 3133 3229 est
3159 3187 3174 3227 :
3201 3186 3278 3229 ex
3312 3171 3481 3231 Aria-

126 3264 140 3290 ξ

84 3264 237 3317 οτὲτοῦ
278 3264 540 3337 ἐπειράθη
569 3279 584 3296 ⁸
643 3271 745 3316 τῶν
778 3264 1053 3338 Ἀρειανῶν
1107 3261 1167 3317 δὲ
1218 3267 1564 3338 ὑποθεμένων,
1610 3269 1702 3339 ἔφη

78 3358 200 3428 πρὸς
247 3353 418 3406 αὐτόν
468 3353 497 3403 6
555 3355 913 3416 Κωνστοξντιος
942 3370 957 3384 ⁸
1023 3353 1179 3418 ’Δξιῶ
1242 3352 1299 3406 ἔκ
1344 3354 1542 3408 πολλῶν
1599 3363 1700 3408 τῶν

79 3442 173 3494 ὑπὸ
230 3444 294 3495 σε
326 3440 658 3500 Ἐκκλησιῶν
713 3447 838 3514 μίαν
885 3444 1028 3514 ἔχειν
1084 3441 1136 3495 ἓν
1164 3440 1533 3518 Ἀλεξανδρείᾳ
1583 3462 1703 3507 τους

79 3538 337 3584 κοινωνεῖν
420 3550 510 3584 σοι
579 3536 1048 3606 παραιτουμένους.
1113 3530 1171 3584 Ὀ
1247 3529 1325 3597 δί,
1402 3531 1698 3603 ὑπολαϐὼν,

79 3621 493 3694 Παραπλησίαν,
578 3621 693 3692 ἔφη,
770 3622 934 3696 χάριν
1008 3620 1139 3673 αἰτῶ
1210 3620 1379 3694 κάγὼ,
1454 3620 1699 3695 βασιλεῦ,

80 3712 205 3763 ὥστε
262 3714 399 3782 μίαν
460 3711 605 3781 ἔχειν
655 3709 938 3768 ἐκκλησίαν
995 3709 1045 3762 ἐν
1098 3710 1396 3785 Ἀντιοχείᾳ
1434 3714 1556 3775 τοὺς
1602 3719 1703 3765 τῶν

79 3793 521 3874 ἕτεροδοξούντων
609 3803 701 3857 τήν
796 3803 1065 3851 κοινωνίαν
1154 3802 1436 3872 φεύγοντας
1475 3814 1491 3830 ⁹
1577 3801 1700 3877 ὅπερ

80 3886 402 3950 ἀκούσαντες
469 3890 520 3939 οἱ
577 3888 836 3962 Ἀρειανοὶ
891 3888 1037 3963 παρὰ
1081 3896 1175 3941 τοῦ
1238 3887 1521 3964 βασιλεως,
1576 3889 1702 3951 ἱζή-

79 3995 242 4034 τησαν
304 3977 466 4030 πλέον
515 3973 688 4034 οὐδέν.
750 3978 970 4032 Ἐκεῖθεν
1041 3982 1211 4032 τοίνυν
1258 3980 1573 4043 Ἀθανοξσιος
1620 3978 1702 4045 ἐξ-

78 4073 341 4140 ορμήσας,
405 4070 475 4119 τὰ
524 4066 863 4143 Ἰεροσόλυμα
911 4067 1188 4122 κατέλαϐεν
1222 4087 1235 4100 ⁸
1290 4070 1359 4121 ὧν
1411 4070 1439 4121 ό
1483 4068 1700 4124 ἐπίσκο-

80 4176 167 4218 πος
215 4156 490 4230 Μάξιμος,
545 4154 766 4210 σύνοδον
829 4162 1052 4217 τοπικὴν
1116 4157 1436 4225 ἓπιτελεσας,
1494 4158 1699 4214 ἔκοινὼ-

80 4266 222 4322 arma
253 4246 401 4316 αὐτῷ
430 4260 453 4277 '
491 4251 584 4299 καὶ
635 4247 799 4310 οὕτως
842 4246 914 4310 εἰς
943 4245 1339 4321 Ἀλεξάνδρειαν
1395 4247 1702 4322 ἀφικόμενος

84 4331 419 4405 Ἀθανάσιος,
450 4341 569 4398 τοὺς
615 4339 683 4389 τὰ
710 4338 917 4411 Ἀρείου
968 4345 1276 4412 φρονοῦντας
1326 4338 1563 4402 ἅπαντας
1602 4358 1698 4392 κα-

86 4426 259 4480 Βείλιν.

152 4538 231 4581 ις.
288 4516 374 4571 Ἐν
637 4513 696 4570 δὲ
747 4520 994 4579 Κώνστας
1043 4516 1069 4568 ὁ
1113 4524 1208 4578 τῆς
1238 4516 1500 4594 Ἐσπέρας
1543 4518 1703 4594 βασι·
1733 4548 1777 4607 D

85 4604 233 4657 ὶεὲων
282 4608 389 4658 ὑπό
444 4611 769 4677 Μαγνεντίου
827 4609 964 4658 κατὰ
1004 4611 1266 4665 συσκευὴν
1311 4605 1558 4682 ἀνῃρέθη,
1611 4614 1703 4663 καὶ

88 4698 452 4757 Κοινστοὶντιος
522 4695 856 4770 αὐτοκράτωρ
927 4698 1100 4769 γέγονε
1171 4704 1261 4757 τῆς
1327 4695 1504 4770 ἀρχῆς
1569 4697 1701 4751 ἁπά-

91 4802 221 4846 πςο
290 4785 342 4846 ὃς
401 4789 515 4856 καὶ,
585 4792 692 4846 τοῖς
740 4784 1029 4859 Ἀρειανοῖς
1077 4787 1396 4859 πειθόμενος,
1455 4789 1524 4840 τὰ
1576 4807 1704 4863 προ-

87 4871 383 4948 ὄεδογμένα
472 4876 647 4927 πάντα
734 4875 1075 4949 μετ-ἔστρεψεν
1157 4875 1230 4939 εἰς
1317 4881 1378 4929 τὸ
1454 4879 1700 4931 ἓναντίονυ

89 4963 281 5026 Παῦλος
334 4968 513 5016 τοίνυν
567 4964 593 5015 ό
644 4964 1232 5027 Κωνσταντινουπόλεως
1285 4965 1351 5028 εἰς
1402 4971 1701 5021 Κουκουσόν

88 5060 171 5115 τῆς
217 5054 494 5129 ’Δρμενίας
539 5052 821 5128 ἐξορισθεὶς
875 5052 1097 5130 ἀνῃρέθη
1148 5054 1356 5130 βρόχῳ,
1413 5062 1502 5110 καὶ
1547 5057 1701 5110 πάλιν

89 5148 175 5201 τὴν
250 5143 541 5200 ἐκκλησίαν
615 5145 850 5215 κατέσχε
938 5140 1264 5207 Μακεδόνιος
1304 5161 1317 5176 ⁸
1395 5146 1699 5220 Μαρκέλλου

92 5229 135 5283 3’
198 5232 562 5303 ἐκϐληθέντος,
642 5230 894 5306 ἐγκρατὴς
962 5229 1110 5294 αὖθις
1175 5231 1371 5305 ἐγένετο
1426 5244 1524 5298 τῆς
1586 5236 1699 5290 ἐπι-

95 5332 285 5385 σκοπῆς
312 5325 591 5384 Βασίλειος
622 5338 637 5352 ⁸
672 5323 899 5383 Λούκιος
948 5319 1009 5374 δὲ
1042 5319 1249 5397 σιδήρῳ
1298 5320 1512 5398 δέσμιος
1554 5324 1603 5378 ἐν
1632 5334 1695 5400 τῇ

93 5415 254 5486 εἱρκτῇ
315 5409 581 5489 διεφθάρη
618 5432 631 5445 ·
690 5410 1003 5472 Ἀθανάσιος
1053 5408 1113 5465 δὲ
1157 5412 1450 5476 κελευσθεὶς
1496 5413 1697 5492 ἀναιρε-

96 5502 256 5569 θῆναι,
323 5502 495 5576 μόλις,
528 5497 812 5573 διέφυγεν.
876 5501 1290 5576 Ἐκστρατεύσας
1358 5499 1416 5557 δὲ
1466 5502 1550 5557 ἐπὶ
1605 5510 1700 5565 τὴν

94 5588 346 5666 illustria
428 5592 794 5651 Κωνστάντιος
864 5593 1001 5644 κατά
1075 5596 1448 5666 Βρεττανίωνος
1513 5613 1703 5667 τυραν-

96 5686 353 5754 νήσαντος,
401 5683 531 5740 ἧκεν
590 5680 670 5743 εἰς
710 5683 772 5733 τὸ
829 5685 1061 5755 Σίρμιον,
1119 5684 1240 5735 ἔνθα
1295 5678 1363 5741 δὴ
1422 5691 1518 5746 τῆς
1567 5686 1705 5738 κατὰ

1812 3276 2034 3318 norum
2079 3265 2284 3319 autem
2309 3260 2580 3333 consilio,
2621 3261 2704 3318 illi
2746 3259 3003 3334 subjecit
3039 3260 3425 3319 Constantius
3457 3278 3475 3321 :

1812 3354 2047 3409 Iustum
2084 3364 2302 3408 censeo
2347 3366 2419 3407 ex
2461 3350 2665 3409 multis
2693 3367 2831 3426 quas
2860 3350 2976 3408 sub
3012 3353 3072 3409 te
3101 3354 3245 3409 sunt
3294 3349 3480 3411 eccle-

1813 3440 1916 3497 siis
1942 3445 2006 3497 ut
2043 3455 2230 3498 unam
2267 3439 2537 3499 habeant
2563 3440 2941 3499 Alexandriae
2969 3440 3078 3516 qui
3096 3443 3296 3499 tecum
3315 3457 3480 3500 com-

1812 3530 2125 3588 municare
2146 3530 2429 3588 nolunt.E
2446 3534 2658 3589 contra
2682 3536 2884 3589 autem
2906 3529 3005 3589 ille
3027 3547 3043 3587 :
3077 3529 3366 3602 Similem,
3389 3530 3479 3588 in-

1810 3620 1963 3695 quit,
1992 3636 2030 3677 a
2057 3624 2136 3684 te,
2166 3621 2516 3694 imperator,
2543 3621 2809 3694 efﬂagito
2840 3621 3118 3695 gratiam,
3160 3636 3382 3696 nempe
3410 3622 3479 3682 ut

1811 3724 2002 3767 unam
2048 3710 2375 3768 Antiochia:
2431 3711 2702 3769 habeant
2755 3710 3079 3770 ecclesiam
3105 3710 3213 3786 qui
3241 3711 3477 3771 hetero-

1810 3798 2113 3857 doxorum
2144 3801 2640 3859 communionem
2668 3801 2928 3875 fugiunt.
2955 3801 3131 3869 Quod
3162 3800 3476 3860 audientes

1810 3890 2032 3961 Ariani,
2070 3890 2219 3948 nihil
2247 3892 2512 3965 amplius
2542 3892 2930 3966 quasierunt.
2962 3891 3107 3951 inde
3130 3890 3311 3962 igitur
3335 3903 3477 3963 pro-

1809 3980 2000 4038 fectus
2028 3982 2392 4039 Athanasius
2418 3982 2902 4057 Hierolosymam
2945 3981 3255 4055 pervenit;
3300 3978 3475 4051 cujus

1809 4070 1975 4128 urbis
2003 4071 2326 4146 episcopus
2341 4070 2835 4145 Maximus,locali
2860 4068 3098 4145 synodo
3117 4070 3472 4137 convocata,

1809 4175 1951 4217 cum
2000 4161 2102 4219 illo
2155 4161 2653 4219 communicavit.
2682 4163 2879 4235 Atque
2908 4159 2996 4218 ita
3043 4173 3187 4217 cum
3216 4156 3473 4216 Alexan-

1808 4248 2004 4307 driam
2033 4250 2307 4307 rediisset
2337 4249 2721 4324 Athanasius,
2755 4263 2974 4308 omnes
2993 4264 3100 4309 eos
3118 4248 3226 4324 qui
3245 4248 3470 4311 Ariana

1809 4339 2100 4411 dogmata
2128 4339 2585 4414 proﬁtebantur,
2611 4339 2918 4415 deposuit.

1884 4523 1970 4578 16.
2012 4521 2241 4577 Interea
2270 4534 2415 4578 vero
2443 4520 2739 4578 Constans
2766 4518 2876 4594 qui
2913 4518 2976 4576 in
3019 4517 3338 4578 Occidente
3372 4533 3465 4579 re-

1812 4609 2059 4681 gnabat,
2099 4625 2138 4666 a
2178 4609 2519 4681 Magnentio
2551 4624 2660 4683 per
2695 4607 2947 4667 insidias
2970 4608 3315 4669 interfectus
3351 4613 3463 4682 est,

1792 4682 1870 4756 iet
1898 4701 2090 4755 factus
2124 4702 2216 4755 est
2244 4682 2629 4757 Constantius
2647 4699 2813 4757 orbis
2832 4699 3091 4758 universi
3114 4699 3461 4774 imperator.

1812 4788 1925 4855 Qui
1962 4789 2042 4845 ab
2067 4788 2299 4846 Arianis
2323 4789 2606 4847 seductus
2633 4802 3037 4863 quascumque
3063 4791 3205 4847 ante
3222 4787 3464 4848 decreta

1812 4881 1983 4935 crant
2010 4878 2070 4935 in
2100 4879 2468 4937 contrarium
2514 4877 2789 4936 mutavit.
2843 4878 3063 4936 Paulus
3090 4879 3271 4951 igitur
3310 4878 3462 4937 Con-

1811 4966 2233 5041 stantinOpolis
2281 4968 2344 5025 in
2373 4968 2590 5027 urbem
2632 4969 2929 5027 Armenia:
2959 4968 3260 5026 Cucusum
3288 4983 3462 5025 exsu-

1809 5056 1966 5114 latus
1990 5056 2211 5130 laqueo
2252 5058 2596 5116 interfectus
2626 5062 2736 5129 est,
2777 5062 2836 5116 et
2853 5073 3062 5116 rursus
3088 5057 3250 5116 hanc
3278 5057 3464 5116 occiso

1809 5146 1962 5204 siam
1989 5146 2206 5204 habuit
2230 5148 2633 5222 Macedonius,
2659 5147 2933 5207 Marcello
2952 5151 3158 5206 autem
3182 5146 3456 5223 expulso,

1810 5237 2165 5311 episcopatu
2219 5253 2462 5296 rursum
2516 5238 2718 5313 potius
2773 5241 2865 5297 est
2921 5237 3195 5296 Basilius.
3249 5238 3464 5298 Lucius

1810 5326 1965 5384 ferro
1992 5326 2230 5384 vinctus
2256 5327 2319 5384 in
2348 5344 2585 5386 carcere
2612 5328 2805 5403 periit.
2845 5327 3208 5387 Athanasius
3235 5332 3462 5401 autem,

1810 5431 1992 5488 quem
2012 5415 2263 5473 interﬁci
2287 5418 2567 5491 jusserat,
2580 5418 2683 5476 vix
2712 5417 2965 5491 aufugit.
2986 5417 3291 5476 Profectus
3319 5433 3464 5478 vero

1798 5505 1874 5562 in
1924 5504 2183 5579 lllyriam
2217 5508 2599 5566 Constantius
2629 5512 2840 5566 contra
2890 5509 3333 5568 Brettanionem
3374 5525 3464 5569 re-

1813 5609 2004 5665 gnum
2034 5595 2436 5666 aﬂ‘ectantem,
2471 5597 2755 5656 Sirmium
2783 5597 2948 5656 venit
2982 5598 3090 5656 ubi
3139 5598 3351 5658 habita
3376 5601 3469 5659 est

1814 5688 2024 5744 contra
2053 5686 2372 5744 Photinum
2422 5687 2719 5760 synodus.
2769 5687 3001 5747 Interea
3028 5705 3066 5747 a
3103 5689 3226 5747 suis
3252 5688 3466 5763 legatis
