4040 6318
611 326 682 388 19
1586 270 1587 273 δ
1964 315 2247 379 NlCETzE

2386 315 2621 378 ONITE
3911 328 3982 385 20
4000 312 4001 315 ‘

614 454 724 529 qui
751 452 1036 511 dicebant
1056 451 1265 510 Filium
1311 451 1412 508 Dei
1448 466 1582 509 esse
1613 450 1689 509 de
1727 449 1940 516 nihilo,
1979 462 2051 505 ac
2091 445 2274 502 fuisse

2386 464 2575 516 γοντας
2624 448 2715 500 τὸν
2770 449 2886 502 Υίόν
2925 453 3019 502 τοῦ
3056 451 3204 515 Θεοῦ,
3237 448 3329 500 καὶ
3358 447 3441 500 ὅτι
3488 447 3551 506 ἦν
3595 449 3680 503 ὅτε
3704 450 3797 503 ούκ
3853 447 3915 509 ἦν
3967 473 3979 485 ·

617 551 860 619 tempus
880 544 1130 619 quando
1154 558 1277 600 non
1295 546 1453 613 erat;
1479 545 1770 616 praeterea
1795 546 1852 598 et
1876 538 2272 603 Sabellianos,

619 651 777 709 quos
836 634 1159 693 nominant
1213 632 1467 689 Romani
1526 630 2027 705 Patropassimos,
2068 629 2276 700 utpote

621 729 861 783 Patrem
885 740 1020 780 cum
1055 722 1195 780 Filio
1223 726 1280 779 et
1317 722 1538 794 Spiritu
1569 726 1780 779 sancto
1814 716 2273 784 confundentes,

623 820 682 873 et
707 830 872 871 nunc
891 812 1137 886 quidem
1168 827 1308 867 eum
1338 814 1587 884 Patrem,
1631 827 1794 868 nunc
1829 810 2063 880 Filium,
2114 821 2277 864 nunc

626 904 909 978 Spiritum
943 905 1221 958 sanctum
1252 901 1650 974 appellantes.
1684 900 2024 957 Promiscue
2044 896 2205 954 enim
2222 899 2277 952 et

623 994 943 1050 indiscrete
981 994 1255 1047 Romana
1308 990 1517 1061 lingua
1565 991 1782 1047 dicitur
1823 989 2072 1062 passim.
2130 990 2278 1045 Cum

623 1086 828 1140 autem
874 1082 1033 1138 hanc
1096 1079 1301 1137 ﬁdem
1347 1095 1473 1135 non
1550 1080 1922 1154 recepissent
1996 1076 2280 1135 Occiden-

622 1172 793 1244 tales,
821 1171 927 1227 sed
958 1170 1224 1226 dicerent
1252 1168 1366 1226 sibi
1396 1167 1671 1226 sufficere
1702 1169 1942 1225 Nirtena
1967 1168 2276 1238 dogmata,

626 1259 963 1335 scripsitad
999 1258 1246 1315 fratrem
1278 1261 1573 1316 Constans
1604 1259 1717 1316 sibi
1741 1259 1972 1331 justum
2000 1257 2184 1314 videri
2218 1260 2281 1312 ut

624 1349 937 1410 Athanasii
978 1348 1317 1406 fautoribus
1365 1350 1652 1422 proprize1
1678 1348 1851 1406 sedes
1898 1347 2281 1406 restitueren-

624 1445 747 1501 tur.

701 1533 791 1587 13.
859 1528 1160 1596 Quoniam
1213 1531 1417 1585 autem
1473 1527 1622 1584 nihil
1673 1527 2005 1601 perfectum
2061 1527 2275 1596 fuerat,

626 1620 869 1678 duobus
900 1617 1371 1691 imperatoribus
1387 1617 1614 1691 placuit
1629 1617 1951 1674 concilium
1967 1617 2276 1675 Sardicam

626 1709 1047 1768 convocari.Et
1076 1712 1490 1765 convenerunt
1527 1724 1601 1765 ex
1640 1707 2009 1765 Theodoreto
2035 1705 2278 1763 ducenti

2382 537 2512 608 πρὸς
2544 532 2603 589 δὲ
2628 541 2719 590 καὶ
2756 541 2879 599 τούς
2921 535 3308 605 Σαϐελλιανους,
3359 536 3444 598 οὓς
3488 536 3808 613 ὀνομάζουσι
3853 541 3982 594 Ῥω-

2383 631 2531 698 μαῖοι
2576 632 3071 701 πατροπασσίμους,
3134 629 3203 689 ὡς
3259 628 3348 679 τόν
3399 631 3605 700 Πατέρα
3657 634 3985 703 συγχέοντας

2385 714 2453 775 εἰς
2488 717 2610 769 Υἱόν
2649 721 2738 769 καὶ
2779 719 2839 769 τό
2877 723 3104 791 Πνεῦμα,
3138 720 3228 770 καὶ
3270 718 3391 770 ποτε
3432 721 3522 789 μέν
3566 718 3722 771 αὐτὸν
3753 724 3979 794 Πατέρα,

2384 807 2511 858 ποτε
2555 802 2615 859 δὲ
2639 807 2779 874 Υὶόν,
2820 809 2945 860 ποτε
2976 804 3037 860 δὲ
3094 812 3304 878 Πνεῦμα
3358 806 3745 880 ὀνομαζοντας*
3787 813 3846 862 τὸ
3877 813 3979 883 γὰρ

2384 892 2566 967 χύδην
2613 901 2703 948 καὶ
2758 894 3081 972 ἀδιακρίτως
3128 898 3400 970 πασσιμον
3451 899 3481 956 ἡ
3528 904 3787 971 Ῥωμαῖκὴ
3843 899 3981 971 λέγει

2387 989 2547 1056 φωνή.
2607 989 2813 1045 Ταύτην
2871 983 2932 1039 δὲ
2997 991 3091 1045 τὴν
3148 991 3330 1039 πίστιν
3395 990 3468 1059 μὴ
3545 984 3979 1062 παραδεξαμένων

2386 1082 2486 1126 τῶν
2542 1081 2791 1141 Δυτικῶν,
2838 1074 2945 1129 ἀλλ’
2992 1074 3236 1129 εέπόντων
3286 1074 3561 1150 ἀρκεῖσθαι
3616 1083 3725 1138 τοῖς
3782 1080 3829 1129 ἓν
3886 1085 3981 1131 Νι-

2388 1168 2516 1236 καίᾳ
2563 1162 2803 1231 δόξασιν,
2853 1165 3049 1239 ἔγραψε
3096 1167 3226 1240 πρός
3271 1167 3358 1218 τὸν
3409 1162 3626 1239 ἀδελφόν
3675 1168 3701 1218 6
3742 1173 3983 1229 Κώνστάς

2389 1252 2544 1317 ἀξιῶν
2591 1252 2918 1316 ἀποδοθῆναι
2952 1262 3059 1318 τοῖς
3104 1259 3223 1329 περὶ
3253 1254 3565 1310 Ἀθανάσιον
3603 1260 3726 1319 τούς
3760 1256 3984 1320 οἰκείους

2391 1344 2619 1419 θρόνους.

2461 1522 2552 1595 ιγ’.
2580 1521 2664 1585 Ὡς
2708 1520 2768 1577 δε
2813 1520 2965 1577 οὐδὲν
3017 1524 3198 1583 ῆνύετο
3238 1522 3408 1592 πλέον,
3463 1520 3612 1589 ἔδοξε
3665 1527 3842 1598 γνώμῃ
3885 1533 3983 1578 τῶν

2389 1609 2486 1665 δύο
2545 1612 2802 1685 βασιλέων
2842 1613 3191 1686 ἀθροισθῆναι
3248 1610 3470 1667 σύνοδον
3521 1617 3569 1667 ἓν
3626 1611 3860 1688 Σαρδικῆ
3921 1623 3979 1688 τῇ

2386 1701 2567 1755 πόλει·
2610 1708 2700 1755 καὶ
2748 1704 3111 1777 ἡθροίσθησαν
3159 1706 3296 1756 κατά
3351 1706 3441 1776 μὲν
3492 1700 3829 1780 Θεοδώρητον
3871 1725 3983 1757 πεν-

624 1804 685 1857 et
735 1799 1179 1874 quinquaginta
1226 1797 1526 1871 episcopi;
1572 1813 1647 1854 ex
1691 1800 1931 1856 Socrate
1980 1802 2183 1854 autem
2222 1800 2274 1853 et

2386 1796 2612 1851 τήκοντα
2634 1798 2724 1847 καὶ
2768 1790 3037 1847 διακόσιοι
3080 1793 3379 1861 ἐπίσκοποι,
3412 1797 3547 1847 κατὰ
3604 1791 3664 1847 δὲ
3705 1795 3981 1869 Σωκράτην

627 1892 981 1958 Sozomeno,
1036 1903 1107 1944 ex
1163 1886 1639 1943 occidentalibus
1687 1886 1963 1960 partibus
2001 1886 2122 1942 fere
2161 1890 2276 1942 tre-

626 1978 800 2048 centi,
844 1994 915 2033 ex
944 1976 1338 2033 orientalibus
1369 1981 1573 2032 autem
1606 1992 1710 2033 sex
1753 1979 1810 2032 et
1847 1976 2274 2049 septuaginta;

623 2083 887 2140 quorum
943 2068 1004 2123 in
1038 2081 1294 2122 numero
1323 2069 1495 2122 erant
1531 2065 1811 2134 Sabinus,
1869 2065 2162 2121 Heracleae
2214 2064 2276 2121 in

621 2157 869 2215 Thracia
916 2155 1489 2213 Macedonianorum
1528 2156 1873 2228 episcopus,
1911 2159 1969 2211 et
2004 2154 2278 2227 lschyras

620 2247 1031 2320 quiMareotiae
1045 2246 1469 2318 episcopatum
1493 2244 1572 2302 ab
1593 2245 1906 2302 Athanasii
1920 2245 2277 2301 adversariis

622 2334 1373 2407 acceperat.0ccidentales
1390 2334 1638 2407 quidem
1654 2334 1962 2391 Sardicam
1984 2349 2277 2390 convene-

621 2427 782 2495 runt,
806 2423 1125 2481 orientales
1159 2439 1323 2489 vero,
1358 2439 1498 2478 cum
1554 2422 2016 2495 Philippopolim
2073 2437 2277 2496 perve-

621 2517 874 2580 nissent,
903 2513 974 2569 iis
1001 2518 1215 2569 notum
1262 2512 1532 2570 fecerunt
1579 2528 1641 2569 se
1670 2528 1811 2568 cum
1862 2512 1935 2568 iis
1977 2527 2101 2570 non
2126 2511 2276 2568 velle

624 2602 916 2676 colloqui,
945 2603 1061 2658 nisi
1091 2618 1127 2659 a
1158 2602 1429 2659 sessione
1466 2606 1525 2658 et
1566 2601 1998 2659 communione
2037 2601 2276 2674 expule-

618 2692 738 2750 rint
767 2690 1076 2748 Athanasii
1100 2690 1366 2747 fautores
1396 2694 1462 2747 ut
1488 2690 1815 2764 depositas.
1838 2690 1954 2746 Illis
1980 2694 2182 2747 autem
2213 2689 2275 2745 id

617 2798 743 2839 non
774 2780 1129 2852 ferentibus,
1163 2780 1201 2836 ii
1228 2779 1549 2836 concilium
1579 2780 1848 2837 habuere
1877 2780 1939 2836 in
1963 2781 2098 2853 ipsa
2124 2779 2274 2836 urbe

617 2869 1044 2943 Philippopoli,
1096 2873 1153 2926 et
1197 2869 1628 2943 deposuerunt,
1658 2884 1770 2943 pro
1811 2868 2001 2935 libito,
2048 2870 2274 2926 Julium

616 2963 980 3026 Romanum,
1004 2975 1076 3015 eo
1097 2958 1265 3032 quod
1288 2959 1521 3031 primus
1551 2975 1692 3015 cum
1711 2959 2036 3017 Athanasio
2068 2964 2124 3015 et
2143 2960 2274 3032 ejus

614 3049 956 3106 fautoribus
985 3048 1513 3119 communicasset,
1545 3048 1792 3104 Hosium
1820 3048 2271 3105 Cordubensem

2384 1886 2474 1934 καὶ
2531 1883 2822 1955 Σωζόμενον
2874 1882 2929 1934 ἐκ
2978 1885 3069 1955 μὲν
3138 1890 3237 1934 τῶν
3303 1883 3552 1957 ἐσπερίων
3624 1892 3790 1958 μερῶν
3863 1887 3983 1957 περὶ

2383 1974 2505 2034 τοὺς
2554 1976 2909 2047 τριακοσίους,
2945 1970 2999 2030 ἐκ
3063 1968 3123 2025 δὲ
3178 1980 3278 2024 τῶν
3323 1972 3456 2043 ἑῴων
3505 1972 3559 2035 ἓξ
3612 1976 3699 2024 καὶ
3754 1969 3982 2045 ἐϐδομή-

2383 2079 2573 2114 κοντα·
2623 2059 2701 2124 οἷς
2747 2064 3115 2136 συνηριθμεῖτο
3153 2070 3243 2115 και
3277 2061 3488 2124 Σαϐῖνος
3517 2062 3543 2114 6
3582 2069 3679 2115 τῶν
3727 2061 3778 2115 ἄν
3820 2062 3980 2137 Ἠρα-

2383 2151 2528 2225 κλείᾳ
2589 2159 2684 2214 τῆς
2759 2154 3001 2226 Θρᾴκης»
3038 2148 3437 2205 Μακεδονιανῶν
3515 2151 3817 2222 ἐπίσκοπος,
3894 2158 3983 2205 καὶ

2388 2241 2643 2314 Ἰσχύρας
2695 2241 2991 2316 ἐπιτραπεὶς
3049 2247 3143 2299 την
3199 2249 3291 2294 τοῦ
3344 2247 3629 2315 Μαρεώτου
3689 2239 3981 2300 ἐπισκοπὴν

2385 2332 2529 2405 παρὰ
2574 2338 2673 2381 τῶν
2746 2328 3178 2402 ἀπεχθανομένων
3241 2338 3315 2400 τῷ
3386 2332 3701 2402 Ἀθανασίῳ.
3774 2336 3878 2384 Καὶ
3937 2333 3983 2383 οἱ

2385 2423 2475 2492 μὲν
2506 2424 2715 2472 Δυτικοὶ
2752 2421 2868 2472 κατ’
2914 2420 3076 2479 αὐτὴν
3133 2424 3227 2478 τὴν
3271 2416 3534 2495 Σαρδίκὴν
3585 2418 3875 2478 συνῆλθον·
3937 2422 3983 2473 oi

2387 2505 2447 2562 δὲ
2517 2508 2857 2581 Ἀνατολικοὶ,
2925 2508 3303 2572 καταλαϐόντες
3375 2514 3470 2569 τὴν
3549 2508 3979 2580 Φιλιππούπολιν,

2384 2593 2656 2677 ἐδήλωσαν
2721 2598 2901 2662 αὐτοῖς
2952 2602 3022 2662 ὡς
3078 2598 3172 2651 οὐκ
3236 2598 3398 2660 ἄλλως
3455 2599 3527 2661 εἰς
3583 2598 3766 2672 λόγους
3824 2599 3981 2653 ελθεῖν

2385 2688 2563 2751 αὐτοῖς
2615 2686 2896 2755 ἐθέλουσιν,
2962 2688 3005 2741 εἰ
3052 2693 3124 2761 μὴ
3173 2692 3288 2750 τοὺς
3346 2692 3465 2762 περὶ
3496 2689 3808 2742 Ἀθανάσιον
3868 2688 3985 2741 ἀπε-

2381 2777 2609 2831 λάσουσι
2654 2786 2747 2830 τοῦ
2793 2773 3068 2853 συνεδρίου
3110 2781 3200 2830 καὶ
3259 2786 3353 2839 τῆς
3400 2782 3664 2839 κοινωνίας
3701 2780 3770 2839 ὡς
3822 2780 3984 2836 καθη-

2381 2872 2654 2941 ρημένους.
2703 2874 2816 2920 Τῶν
2849 2864 2908 2921 δε
2937 2872 3010 2940 μὴ
3062 2866 3406 2940 ἀνεχομένων,
3450 2870 3634 2921 ἐκεῖνοι
3682 2865 3983 2942 συνήδρευ-

2385 2976 2480 3009 σαν
2513 2956 2752 3018 ἀλλήλοις
2798 2956 2846 3009 ἐν
2876 2956 3007 3030 αὕτη
3067 2965 3130 3030 τῇ
3179 2956 3606 3023 Φιλιππουπόλει,
3665 2961 3754 3010 καὶ
3809 2960 3983 3010 καθεῖ-

2380 3046 2487 3114 λον,
2560 3049 2624 3107 ὡς
2702 3044 2970 3119 ἐνόμισαν,
3048 3045 3259 3099 Ἰούλιον
3316 3048 3405 3119 μὲν
3472 3054 3567 3108 τῆς
3623 3046 3845 3119 Ῥώμης,
3916 3050 3981 3109 ὡς

616 3143 863 3214 propter
892 3139 1174 3196 eamdem
1200 3154 1478 3206 causam,
1511 3142 1570 3195 et
1611 3138 1755 3211 quia
1803 3139 2034 3196 amicus
2079 3138 2273 3195 fuerat

2386 3134 2613 3209 ἄρξαντα
2655 3144 2750 3198 τῆς
2802 3137 2929 3209 πρὸς
2983 3134 3294 3190 Ἀθανοίσιον
3340 3139 3431 3187 καὶ
3477 3139 3600 3197 τοὺς
3652 3132 3775 3207 ἀμφ’
3829 3135 3980 3188 αὐτὸν

618 3230 851 3287 Paulini
892 3233 949 3285 et
972 3227 1264 3284 Eustathii
1297 3228 1399 3300 qui
1429 3228 1806 3285 Antiochiam
1829 3233 2126 3297 rexerant,
2160 3231 2274 3285 Ma-

614 3318 917 3376 ximinum
959 3319 1389 3388 Trevirensem,
1447 3321 1654 3390 utpote
1700 3319 1807 3391 qui
1854 3319 2090 3391 primus
2133 3334 2271 3375 cum

617 3406 802 3465 Paulo
850 3406 1376 3473 communicasset,
1428 3409 1819 3477 Protogenem
1879 3407 2137 3465 Serdicae
2201 3422 2274 3463 eo

619 3494 786 3569 quod
816 3494 1157 3553 Marcellum
1188 3494 1535 3551 defenderet
1571 3511 1758 3569 quem
1786 3496 1954 3569 prius
1984 3496 2274 3552 condem-

619 3588 891 3651 naverat,
922 3583 1325 3640 Gaudentium
1360 3587 1428 3641 ut
1455 3583 1625 3641 aliter
1653 3588 1935 3657 agentem
1978 3600 2048 3642 ac
2081 3583 2274 3657 Cyria-

622 3690 729 3730 cus
758 3673 856 3730 cui
880 3676 1274 3745 successerat,
1307 3677 1365 3731 et
1408 3677 1475 3730 ut
1515 3674 1759 3747 plurimi
1806 3673 2125 3731 facientem
2172 3689 2276 3731 eos

623 3779 780 3837 quos
806 3763 1231 3837 deposuerant.

696 4032 785 4091 14.
812 4030 971 4090 Hosii
989 4033 1193 4090 autem
1210 4030 1477 4090 fautores
1495 4034 1824 4105 postquam
1847 4033 2277 4100 convenerant,

623 4122 973 4180 innocentes
999 4122 1463 4179 declaraverunt
1505 4121 1899 4178 Athanasium
1937 4121 2183 4194 quidem
2214 4124 2279 4177 ut

622 4211 843 4283 injuste
875 4210 954 4266 ab
984 4211 1054 4266 iis
1083 4212 1188 4284 qui
1208 4214 1429 4283 Tyrum
1453 4211 1763 4282 congressi
1788 4214 1958 4267 erant
1971 4215 2273 4280 vexatum,

624 4300 970 4358 Marcellum
990 4316 1136 4356 vero
1165 4305 1231 4358 ut
1259 4301 1508 4358 minime
1529 4305 1895 4359 annuentem
1921 4317 1985 4358 se
2015 4302 2275 4371 cogitare

625 4407 762 4464 qua;
774 4390 929 4447 falso
944 4390 1696 4461 arguebanturManifestae
1715 4392 1872 4448 enim
1887 4396 2073 4462 erant,
2084 4391 2279 4464 inquit

2380 3230 2667 3297 κοινωνίας,
2698 3224 2883 3278 ⁴¹Οσιον
2928 3220 2988 3277 δὲ
3033 3227 3121 3277 τόν
3180 3221 3488 3297 Κορδούϐης
3536 3221 3629 3277 διά
3672 3244 3725 3277 τι
3762 3228 3853 3283 τὴν
3895 3226 3982 3277 αύ-

2381 3319 2476 3373 τὴν
2508 3314 2699 3383 αἰτίαν,
2742 3319 2832 3367 καὶ
2883 3316 2965 3367 ὅτι
3013 3312 3157 3387 φίλος
3212 3312 3407 3385 ἐγένετο
3452 3313 3688 3385 Παυλίνῳ
3736 3318 3829 3366 καὶ
3879 3314 3981 3366 Εὐ-

2385 3408 2584 3477 σταθίῳ
2635 3413 2745 3468 τοῖς
2802 3406 3158 3478 ἡγησαμένοις
3202 3412 3297 3467 τῆς
3349 3404 3698 3476 Ἀντιοχείας,
3753 3403 3983 3477 Μαξιμῑ-

2380 3515 2465 3547 νον
2525 3492 2584 3548 δὲ
2629 3494 2912 3569 Τριϐἐρεως
2970 3498 3036 3555 ὡς
3083 3502 3285 3570 πρῶτον
3335 3493 3522 3566 Παύλῳ
3567 3497 3981 3562 κοινωνήσαντα,

2384 3589 2721 3658 Πρωτογένην
2798 3581 2859 3638 δὲ
2921 3592 3018 3647 τῆς
3089 3580 3357 3659 Σαρδικῆς
3426 3586 3496 3645 ὡς
3571 3583 3987 3657 ὑπερμαχοῦντα

2381 3673 2684 3747 Μαρκέλλου
2738 3681 2830 3727 τοῦ
2895 3677 3144 3748 πρότερον
3210 3673 3296 3725 ὑπ’
3343 3672 3503 3725 αὐτοῦ
3548 3671 3983 3744 καταψηφισθέν-

2383 3782 2489 3835 τος,
2552 3760 2859 3817 Γαυδέντιον
2909 3760 2968 3816 δὲ
3023 3767 3093 3826 ὡς
3144 3766 3422 3817 ὑπεναντία
3465 3760 3841 3823 σπουδάζοντα
3886 3770 3983 3817 Κυ-

2382 3862 2551 3927 ριακῷ
2602 3856 2656 3907 ὃν
2710 3851 2998 3921 διεδέξατο,
3048 3859 3139 3907 καὶ
3194 3858 3314 3918 τούς
3360 3853 3485 3930 παρ’
3533 3853 3704 3906 αὐτῶν
3745 3855 3986 3928 καθῃρη-

2384 3947 2565 4016 μένους
2590 3947 2709 4017 περὶ
2738 3943 2925 3997 πολλοῦ
2953 3945 3276 4017 ποιούμενον.

2460 4030 2552 4090 ιδ’.
2583 4035 2647 4087 Οἱ
2679 4030 2741 4087 δέ
2764 4054 2822 4107 γε
2862 4032 2993 4108 ἀμφὶ
3035 4037 3121 4087 τόν
3158 4034 3362 4103 ⁸οσιον,
3410 4032 3750 4102 συνελθόντες,
3782 4032 3983 4093 ἀθώους

2385 4122 2648 4197 ἀπέφηναν
2715 4124 3022 4178 Ἀθανάσιον
3096 4127 3185 4197 μεν
3257 4126 3327 4186 ὡς
3400 4119 3600 4185 ἀδίκως
3682 4120 3979 4176 ἓπιϐουλευ-

2388 4214 2538 4265 θέντα
2593 4215 2737 4287 παρά
2792 4223 2892 4266 τῶν
2951 4214 2999 4265 ἐν
3052 4215 3208 4288 Τύρῴ
3267 4212 3630 4279 συνελθόντων,
3684 4211 3983 4287 Μάρκελλον

2387 4298 2445 4355 δὲ
2508 4299 2593 4355 οἶα
2648 4308 2719 4376 μὴ
2789 4303 2923 4356 οὕτω
2975 4302 3191 4375 λέγοντα
3239 4311 3437 4378 φρονεῖν
3503 4305 3571 4365 ὡς
3621 4297 3921 4355 διεϐάλλετο
3966 4316 3981 4332 ³

2385 4390 2623 4467 ἐφωράθη
2664 4394 2787 4466 γὰρ,
2849 4397 3008 4466 φησὶν
3051 4394 3076 4444 6
3139 4388 3505 4465 Θεοδώρητος,
3569 4399 3664 4442 τῶν
3720 4396 3839 4465 περὶ
3900 4395 3983 4445 τὸν

623 4480 1052 4547 Theodoretus,
1109 4480 1284 4536 malae
1342 4480 1817 4537 Eusebianorum
1884 4485 2065 4537 artes.
2130 4481 2273 4547 Qute

2388 4480 2686 4541 Εὕσέϐιονὴ
2747 4486 3067 4555 κακοτεχνία
3099 4498 3112 4512 ⁸
3164 4482 3240 4533 ὃτι
3300 4481 3335 4533 ἃ
3386 4482 3555 4542 ζητῶν
3604 4484 3629 4532 6
3684 4480 3985 4554 Μάρκελλος

625 4569 809 4627 emim
840 4569 1146 4626 Marcellus
1172 4574 1240 4625 ut
1266 4570 1519 4642 quaesita
1548 4570 1799 4639 dixerat,
1832 4586 1903 4627 ea
1932 4576 1998 4626 ut
2023 4570 2102 4627 ab
2143 4571 2273 4641 ipso

622 4664 793 4717 extra
822 4659 1290 4717 controversiam
1312 4659 1507 4733 posita
1532 4659 2079 4717 calumniabantur.
2123 4662 2272 4717 Cum

622 4754 826 4806 autem
854 4765 924 4806 ea
947 4749 1007 4805 in
1047 4749 1285 4822 synodo
1334 4748 1593 4806 Sardicae
1628 4749 1836 4806 habita
1862 4750 2015 4805 lecta
2051 4754 2271 4820 essent,

620 4842 784 4896 recta
807 4839 1054 4896 inventa
1083 4842 1175 4896 est
1224 4839 1408 4911 hujus
1450 4838 1715 4896 hominis
1767 4840 1942 4898 fides.
2001 4842 2271 4897 Socrates

621 4935 826 4988 autem
871 4930 1015 4986 dicit
1058 4930 1401 4987 Marcellum
1454 4932 1521 4985 ut
1572 4929 2143 4987 condemnationem
2186 4946 2274 4987 re-

622 5021 888 5094 pelleret,
916 5019 1293 5094 persuasisse
1321 5019 1622 5092 episcopis
1654 5020 1913 5077 Sardicae
1945 5035 2271 5091 congrega-

619 5113 694 5168 tis
722 5125 825 5167 eos
851 5110 956 5183 qui
970 5110 1172 5183 ipsum
1199 5109 1609 5182 deposuerant
1635 5125 1759 5165 non
1780 5109 2107 5180 intelligere
2132 5126 2269 5183 quae

618 5200 962 5273 scripserat,
995 5204 1176 5272 atque
1204 5198 1341 5255 ideo
1391 5215 1453 5256 se
1503 5199 1944 5257 Samosatensis
2002 5200 2270 5273 episcopi

619 5290 995 5363 suspiciones
1036 5289 1381 5345 incurrisse.
1434 5289 1778 5346 Patriarcha
1822 5305 1967 5346 vero
2022 5289 2265 5346 Photius

613 5379 991 5438 narrationes
1014 5379 1329 5436 conferens
1350 5379 1607 5437 Socratis
1630 5395 1700 5436 ac
1723 5380 2097 5450 Theodoreti,
2125 5380 2266 5439 dicit

574 5480 581 5481 ’
615 5469 1003 5529 Sardicenses
1030 5470 1349 5542 episcopos
1389 5484 1529 5526 vere
1558 5469 1842 5543 deceptos
1872 5485 2045 5537 esse;
2093 5485 2263 5525 cum-

610 5576 729 5634 que
756 5575 883 5616 non
909 5559 1062 5616 bene
1091 5558 1519 5616 intellexissent
1554 5558 1808 5615 Marcelli
1838 5560 2078 5633 scripta,
2103 5560 2259 5617 male

608 5665 746 5708 eum
770 5646 1166 5722 justiﬁcasse;
1198 5646 1337 5704 inde
1367 5645 1673 5705 neminem
1715 5647 2018 5720 accepisse
2048 5662 2258 5705 eorum

2387 4572 2579 4646 εἴρηκε,
2674 4580 2841 4625 ταῦτα
2940 4574 3005 4633 ὡς
3101 4571 3474 4645 ὡμολογημένα
3578 4567 3980 4628 διαϐεϐλήκασι.

2384 4663 2589 4713 Τούτων
2646 4658 2696 4714 δ’
2763 4662 2849 4714 ἐπὶ
2913 4670 3004 4722 τῆς
3061 4658 3287 4714 συνόδου
3351 4668 3445 4722 τῆς
3518 4661 3649 4713 κατά
3715 4657 3983 4732 Σαρδικὴν

2387 4748 2837 4822 ἀναγνωσθέντων,
2883 4752 3009 4826 ὀρθὴ
3065 4759 3157 4803 τοῦ
3208 4746 3395 4824 ἀνδρὸς
3451 4752 3480 4809 ἡ
3542 4754 3722 4811 πίστις
3773 4751 3980 4824 εὑρέθη.

2385 4846 2662 4914 Σωκρατης
2729 4836 2790 4893 δί
2850 4859 3005 4913 φησιν
3078 4842 3159 4893 ὅτι
3210 4839 3541 4892 ἀναπαλαίων
3594 4839 3619 4891 6
3684 4839 3984 4913 Μάρκελλος

2385 4933 2477 4988 τὴν
2517 4926 2810 4988 καταδίκην
2868 4931 3039 4983 ἔπεισε
3096 4933 3218 4991 τούς
3274 4928 3321 4980 ἐν
3374 4924 3606 5003 Σαρδικῇ
3666 4932 3736 5000 μὴ
3789 4930 3982 4987 νοῆσαι

2382 5021 2503 5081 τοὺς
2538 5018 2850 5079 καθελόντας
2889 5018 3064 5085 αὐτόν,
3131 5018 3166 5071 ἃ
3211 5021 3438 5091 γέγραφε
3472 5034 3484 5046 ⁸
3533 5021 3624 5069 καὶ
3674 5014 3769 5069 διά
3826 5025 3980 5070 τοῦτο

2382 5112 2476 5166 τὴν
2519 5110 2762 5160 ὑπόνοιαν
2818 5114 2910 5160 τοῦ
2965 5111 3303 5181 Σαμοσατέως
3335 5105 3527 5162 λαϐεῖν.
3557 5105 3616 5158 εΟ
3673 5101 3732 5158 δὲ
3788 5125 3955 5181 πατρι

2381 5199 2559 5270 άρχης
2616 5202 2828 5265 Φώτιος,
2873 5196 3069 5269 σχόλια
3105 5198 3357 5271 παραθεὶς
3419 5203 3512 5247 τοῦ
3572 5214 3625 5247 τε
3677 5197 3983 5263 Σωκράτους

2378 5291 2600 5347 καὶτοῦ
2633 5284 2999 5362 Θεοδωρὴτου,
3044 5290 3202 5359 φησὶν
3260 5285 3340 5336 ὃτι
3401 5283 3451 5337 ἐν
3503 5280 3734 5358 Σαρδικῇ
3786 5284 3981 5355 μᾶλλον

2379 5377 2730 5436 ἠπατήθησαν
2766 5390 2778 5403 ⁶
2842 5380 2931 5427 καὶ
2987 5380 3060 5448 μὴ
3113 5379 3392 5436 νοήσαντες
3446 5373 3672 5447 ἀκριϐῶς
3722 5374 3781 5424 τὸ
3832 5378 3979 5450 Μαρ-

2374 5467 2552 5519 κέλλου
2608 5468 2950 5540 σύγγραμμα,
3010 5472 3183 5526 κακῶς
3241 5464 3398 5515 αὐτόν
3446 5460 3804 5516 ἐδικαίωσαν·
3865 5466 3976 5517 ὅθεν

2373 5553 2546 5619 οὐδεὶς
2590 5552 2911 5631 παρεδέξατο
2958 5554 3050 5613 τὴν
3106 5557 3225 5629 περὶ
3274 5555 3460 5606 τούτου
3514 5558 3690 5628 κρίσιν
3752 5552 3926 5606 αὐτῶν
3957 5576 3971 5588 ·

2371 5645 2480 5699 ἀλλ’
2541 5647 2681 5700 ἔστιν
2713 5645 2806 5709 ἔξω
2829 5653 2920 5707 τῆς
2970 5643 3285 5708 Ἐκκλησίας
3315 5648 3340 5697 6
3380 5643 3695 5718 Μάρκελλος.
3752 5641 3971 5697 Ἠθὼω-
