4040 6318
115 365 159 421 21
1431 348 1667 412 τῃεεΑτ

1777 351 1782 408 ἶ
1819 353 1952 412 LIB.
1990 355 2085 414 VI.
3371 358 3444 415 ΞΣ

116 507 187 540 σαν
221 482 274 539 δὲ
299 485 349 539 οἱ
394 482 442 537 ἓν
473 478 713 557 Σαρδικῇ
742 484 833 535 καὶ
879 478 1182 540 Ἀσκληπᾶν
1222 481 1310 537 τόν
1347 481 1541 548 Γάζης,
1601 481 1667 541 ὡς

1778 477 1855 536 de
1883 478 1986 536 illo
2014 480 2414 551 sententiam;
2447 479 2554 538 sed
2580 480 2752 538 extra
2776 476 3107 539 Ecclesiam
3132 492 3272 539 esse
3298 481 3446 541 lar-

116 576 316 631 εὐσεϐίου
362 581 456 628 τοῦ
497 571 777 645 Παμφῦωυ
825 574 917 624 καὶ
962 570 1161 625 πολλῶν
1208 570 1373 624 ἄλλων
1423 572 1670 643 ὑπομνὼ-

114 686 217 740 ματα
264 666 619 741 ἐπιφερόμενον
677 658 988 715 δικαιοῦντα
1043 661 1198 716 αὐτόν
1241 682 1255 696 ·
1315 663 1392 715 ἔτι
1454 658 1515 714 δὴ
1576 663 1669 713 καὶ

115 761 291 811 Λεύκιον
351 759 438 807 τόν
506 749 1003 828 Ἀδριανουπόλεως,
1068 754 1141 814 ὡς
1198 758 1299 804 τῶν
1364 753 1671 825 κατηγόρων

112 846 237 898 αὐτοῦ
280 853 411 917 φυγῇ
453 846 813 917 χρησαμένων
839 859 853 873 ο
889 840 1125 895 καθεῖλον
1174 837 1235 895 δε
1291 847 1544 915 Γεώργιον
1581 841 1670 891 τόν

112 932 479 1011 Ἀλεξανδρείας,
549 932 813 987 Βασίλειον
876 932 1138 1005 Ἀγκύρας
1196 934 1285 984 τὸν
1350 930 1465 983 ἀντὶ
1517 936 1670 1004 Μαρ-

108 1026 268 1093 κέλλου,
327 1026 598 1079 Κεντιαδόν
655 1023 832 1084 Γάζης
882 1025 969 1074 τόν
1024 1021 1139 1074 ἀντὶ
1187 1020 1487 1088 Ἀσκληπᾶ,
1535 1022 1669 1074 Θεό-

111 1111 242 1190 δωρον
267 1114 584 1187 Ἡρακλείας,
615 1115 918 1190 Νάρκισσον
956 1111 1393 1186 Εἱρηνουπόλεως,
1428 1111 1669 1164 ’Δκάκιον

111 1210 377 1279 Καισαρείας
406 1212 504 1266 τῆς
535 1203 909 1272 Παλαιστίνης,
932 1207 1268 1275 Μηνόφαντον
1292 1199 1670 1275 Ἐφέσουρύρ-

109 1296 252 1347 saista»
279 1291 620 1366 Σιγγηὸόνος,
653 1292 915 1346 Οὐάλεντα
938 1296 1206 1367 Μούρσης,
1238 1296 1491 1364 Γεὼργιον
1522 1296 1668 1346 Λαο-

108 1379 284 1445 όαείας,
309 1388 481 1435 καίτοι
512 1387 587 1455 μὴ
643 1387 875 1458 παρόντα
911 1380 961 1434 ἂν
989 1389 1052 1454 τῇ
1089 1378 1295 1453 συνόδῳ
1320 1384 1484 1453 ταύτῃ
1520 1399 1534 1414 ο
1576 1382 1668 1431 καὶ

109 1472 225 1534 οὗτος
244 1475 373 1526 κατὰ
408 1477 500 1525 τὸν
531 1477 695 1546 μέγαν
715 1474 768 1525 ’Δ
780 1475 1024 1526 θανάσιον
1060 1477 1151 1525 καὶ
1179 1479 1273 1524 τοῦ
1296 1469 1666 1545 πρεσϐυτερίου

107 1565 380 1636 καθαιρεθεὶς
407 1564 510 1616 ὑπὸ
534 1570 626 1615 τοῦ
648 1567 908 1636 μακαρίου
939 1558 1279 1635 Ἀλεξάνδρου
1307 1558 1342 1615 ὃ
1345 1560 1378 1613 ι’
1412 1559 1663 1616 ἀσωτίαν.

112 1657 185 1705 [αἱ
206 1660 353 1705 ταῦτα
370 1655 460 1726 μὲν
485 1658 727 1706 τοιοῦτον
756 1653 884 1724 ἔσχε
912 1654 999 1704 τόν
1019 1656 1228 1726 τρόπον.

163 1921 222 1975 ιε’.
270 1922 331 1973 0i
367 1917 426 1974 δέ
452 1924 576 1995 περὶ
614 1919 925 1973 Ἀθανάσιον
976 1918 1130 1972 πάλιν
1169 1924 1262 1979 τὴν
1297 1918 1499 1993 Ῥώμην
1536 1938 1668 1973 κατ-

111 2014 235 2081 ἐτχον
261 2024 276 2043 ⁵
328 2014 414 2061 καὶ
467 2011 495 2061 6
540 2018 642 2061 τῶν
700 2010 948 2084 ἐσπερίων
990 2008 1241 2083 βασιλεὺς
1295 2014 1563 2076 Κώνστας,
1602 2012 1670 2062 τὰ

112 2096 147 2148 ἐν
191 2096 400 2172 Σαρδικῇ
474 2103 729 2172 γενόμενα
800 2101 999 2173 μαθὼν,
1062 2098 1257 2172 ἔγραψε
1320 2106 1391 2169 τῷ
1458 2097 1673 2171 βασιλεῖ

114 2194 405 2259 Κωνσταντίῳ
474 2197 585 2250 τοῖς
656 2194 775 2264 περὶ
829 2190 1136 2242 Ἀθανάσιον
1209 2185 1501 2243 ἀποδοῦναι
1574 2194 1670 2256 τὰς

112 2272 225 2337 ἰδίας
260 2276 552 2341 ἐκκλησίας.
609 2277 698 2341 Ὠς
755 2275 805 2330 δ’
862 2277 1178 2345 ἀνεϐάλλετο,
1232 2277 1386 2331 πάλιν
1443 2281 1666 2355 ἔγραψεν

112 2364 137 2420 ἦ
177 2362 409 2437 δέχεσθαι
456 2370 700 2434 τούτους,
730 2368 763 2426 ἦ
808 2370 937 2440 πρὸς
985 2366 1205 2439 πόλεμον
1254 2371 1666 2442 παρασκευάσα-

115 2455 221 2505 σθαι.
280 2460 392 2518 Τοῖς
446 2454 547 2508 ὰνὰ
593 2461 689 2516 τὴν
763 2457 828 2508 ἕω
892 2459 1064 2509 τοίνυν
1128 2455 1439 2519 ἐπισκόποις
1511 2465 1665 2512 τοῦτο

114 2548 414 2608 Κωνστάντιος
473 2547 875 2618 κοινωσάμενος,
931 2551 1023 2597 καὶ
1083 2550 1304 2618 νομίσας
1354 2548 1536 2609 εὔηθες
1592 2544 1665 2601 ιῖ-

112 2650 173 2683 m
214 2630 299 2688 διὰ
355 2638 550 2695 ταύτην
608 2635 783 2688 αἰτίαν
838 2634 1081 2708 ἐμφύλιον
1137 2637 1404 2710 αἱρεῖσθαι
1454 2637 1662 2709 μάχην,

112 2728 222 2793 τρισὶ
257 2727 558 2799 γράμμασιν
613 2724 924 2778 Ἀθανάσιον
981 2725 1356 2798 μετεκαλέσατο
1412 2730 1500 2779 καὶ
1543 2729 1666 2789 τοὺς

113 2814 185 2863 σὺν
232 2814 355 2885 αὐτῷ
395 2833 409 2846 ·
486 2813 770 2868 κατέλαϐον
844 2812 931 2867 οὖν
995 2817 1114 2876 τοὺς
1186 2814 1380 2868 ἑαυτῶν
1453 2817 1667 2890 θρόνους

115 2902 267 2964 Παῦλος
321 2906 345 2956 6
421 2904 1031 2975 Κωνσταντινουπόλεως,
1097 2904 1391 2980 Μάρκελλος
1463 2905 1489 2957 6
1547 2905 1667 2978 Ἀγ-

110 2993 253 3063 ripas,
309 2993 603 3055 ’Δσκληπᾶς
649 2997 678 3047 6
715 2995 905 3062 Γάζης,
955 2998 1045 3048 καὶ
1094 2996 1316 3056 Λούκιος
1363 2995 1390 3046 ό
1442 2991 1664 3070 ’Δδρια-

114 3086 341 3148 nuncium;
365 3105 380 3118 '
415 3089 732 3150 ’Δθανάσιος
758 3085 810 3141 δ’
837 3088 911 3150 εἰς
948 3087 1276 3161 Ἀντιόχειαν
1333 3095 1427 3161 τῇν
1474 3092 1666 3163 Συρίας

1778 566 2018 625 cellum.
2051 574 2406 629 Innocentes
2427 570 2632 629 autem
2651 567 3034 627 declaravere
3059 569 3445 629 Sardicenses

1780 657 2043 731 episcOpi
2089 659 2434 734 Asclepium
2486 662 2676 730 Gazae,
2710 661 2779 716 ut
2827 657 2909 716 ab
2961 657 3219 717 Eusebio
3273 660 3444 719 Pam-

1779 744 1927 821 phili
1947 748 2273 824 multisque
2285 751 2417 809 aliis
2429 749 2772 808 testimonia
2784 748 3134 808 aﬂ‘erentem
3149 764 3286 824 qua:
3300 764 3443 808 eum

1778 836 2220 909 defendebant;
2268 841 2470 898 adhuc
2499 843 2557 897 et
2603 839 2851 897 Lucium
2873 838 3315 913 AdrianOpolis,
3342 855 3444 897 cu-

1774 929 1877 1000 jus
1928 933 2312 987 accusatores
2344 930 2743 1002 aufugerant;
2775 928 3190 1003 deposuerunt
3238 933 3443 988 autem

1781 1020 2063 1091 Gorgium
2093 1020 2488 1090 Alexandriae,
2544 1020 2834 1078 Basilium
2882 1025 3157 1093 Ancyrae,
3187 1018 3444 1079 Marcelli

1779 1108 2213 1180 adversarium,
2245 1111 2599 1167 Centianum
2630 1111 2799 1168 Gaza:
2834 1110 2944 1184 qui
2970 1108 3311 1183 Asclepium
3339 1124 3441 1167 ur-

1779 1199 1978 1270 gebat,
2045 1200 2426 1257 Theodorum
2472 1199 2799 1268 Heracleas,
2840 1199 3185 1257 Narcissum
3244 1199 3445 1257 Irena-

1776 1288 1957 1362 polis,
1980 1289 2266 1347 Acacium
2300 1292 2585 1348 Caesareae
2616 1289 2680 1346 in
2702 1288 3043 1357 Palaestina,
3073 1287 3442 1363 Menophan-

1779 1382 1908 1434 tum
1938 1378 2178 1451 Ephesi,
2221 1379 2530 1437 Ursacium
2562 1378 2931 1450 Singidonis,
2954 1376 3260 1435 Valentem
3286 1379 3441 1437 Mur-

1777 1483 1882 1535 sm,
1914 1468 2234 1539 Georgium
2282 1467 2611 1536 Laodiceae,
2641 1482 3002 1543 quanquam
3031 1466 3160 1541 ipse
3193 1466 3274 1523 ab
3322 1465 3442 1524 hac

1777 1557 2015 1631 synodo
2045 1558 2289 1629 aberat;
2313 1562 2373 1615 et
2398 1558 2471 1627 is,
2488 1557 2664 1630 juxta
2701 1572 2999 1628 magnum
3017 1555 3437 1628 Athanasium,

1778 1662 1852 1705 ex
1873 1648 2215 1705 sacerdotio
2233 1652 2480 1722 propter
2506 1646 2811 1705 luxuriam
2840 1646 3079 1705 abesto
3098 1644 3439 1705 Alexandro

1777 1736 2091 1809 depositus
2119 1736 2334 1796 fuerat.
2358 1740 2425 1795 Et
2463 1737 2595 1794 haec
2620 1735 2868 1811 quidem
2889 1736 3008 1795 hoc
3035 1732 3223 1793 modo
3250 1751 3315 1795 se
3331 1733 3440 1794 ha-

1697 1834 1745 1891 B
1776 1827 1984 1885 buere.

1857 1922 1937 1974 15.
1978 1916 2292 1975 Athanasii
2322 1919 2525 1975 autem
2552 1915 2818 1974 fautores
2844 1918 3051 1974 Roma
3080 1914 3353 1986 aderant,
3380 1916 3440 1974 et

1779 2006 2115 2065 Occidentis
2143 2007 2473 2082 imperator
2503 2009 2820 2074 Constans,
2861 2022 3002 2064 cum
3030 2020 3104 2064 ea
3129 2020 3269 2080 qua
3297 2006 3439 2063 Sar-

1777 2097 1927 2154 dicas
1947 2097 2105 2155 facta
2127 2096 2365 2153 fuerant
2382 2096 2707 2168 didicisset,
2735 2096 2816 2154 ad
2833 2096 3262 2169 imperatorem
3281 2095 3436 2153 Con-

1777 2187 2062 2244 stantium
2124 2186 2362 2259 scripsit
2409 2190 2475 2243 ut
2528 2184 2839 2243 Athanasii
2898 2182 3238 2242 fautoribus
3292 2198 3437 2241 suas

1775 2275 2057 2333 ecclesias
2078 2275 2376 2333 redderet.
2400 2275 2547 2332 Cum
2577 2278 2782 2333 autem
2809 2274 2908 2332 hic
2943 2272 3433 2349 procrastinaret,

1768 2380 2016 2423 rursum
2035 2365 2090 2422 ei
2120 2364 2354 2437 scripsit
2378 2368 2446 2422 ut
2463 2368 2567 2422 aut
2592 2362 2726 2422 illos
2746 2363 3191 2421 restitueretaut
3206 2361 3289 2421 ad
3312 2360 3439 2420 bel-

1771 2455 1900 2513 lum
1953 2470 2019 2511 se
2069 2457 2409 2528 appararet.
2465 2453 2641 2522 Quod
2691 2451 3086 2511 orientalibus
3137 2450 3438 2525 episcopis

1774 2548 1986 2601 notum
2036 2543 2263 2601 faciens
2328 2543 2713 2601 Constantius
2754 2540 3130 2615 credensque
3181 2539 3436 2598 stultum

1773 2648 1907 2691 esse
1959 2632 2042 2690 ob
2092 2633 2251 2689 hanc
2306 2648 2560 2690 causam
2606 2631 2940 2690 fraternum
2980 2630 3210 2689 bellum
3247 2629 3438 2688 susci-

1774 2726 1920 2793 tare,
1958 2722 2151 2779 tribns
2201 2721 2411 2780 litteris
2468 2721 2867 2779 Athanasium
2906 2719 3161 2794 ejusque
3203 2718 3437 2778 amicos

1772 2812 2098 2870 revocavit.
2151 2813 2524 2885 Receperunt
2564 2810 2747 2882 igitur
2797 2825 2946 2867 suas
2996 2808 3171 2868 sedes
3214 2808 3440 2867 Paulus

1774 2901 2349 2974 Constantinopolis,
2369 2900 2682 2959 Marcellus
2706 2903 2984 2973 Ancyra,
3012 2897 3301 2973 Asclepas
3330 2899 3440 2958 Ga-

1773 3008 1876 3061 zae,
1890 2995 1948 3048 et
1971 2990 2184 3048 Lucius
2203 2989 2645 3064 AdrianOpolis.
2679 2990 2828 3048 Cum
2846 2993 3053 3048 autem
3070 2988 3438 3047 Athanasius

1773 3080 2154 3139 Antiochiam
2205 3081 2390 3154 Syriae
2426 3078 2704 3138 rediisset
2744 3078 2852 3136 ubi
2900 3078 3259 3137 versabatur
3288 3077 3440 3135 Con-

114 3170 376 3248 ἆοιεόμενος,
434 3178 557 3230 ἔνθα
605 3174 833 3251 διέτριϐε
888 3179 1269 3239 Κωνστάντιος,
1317 3179 1462 3229 εὔνου
1507 3174 1665 3236 δῆθεν

1777 3170 2052 3239 stantius,
2092 3169 2458 3228 benevolum
2507 3184 2651 3226 eum
2692 3169 2975 3243 expertus
3001 3169 3092 3224 est
3118 3182 3134 3223 :
3161 3181 3238 3224 ex
3272 3166 3441 3225 Aria-

113 3262 231 3316 εὲτοῦ
264 3264 497 3339 ἐπειράθη
527 3283 542 3298 ·
603 3274 704 3318 τῶν
737 3266 1012 3340 Ἀρειανῶν
1067 3262 1126 3319 δὲ
1178 3267 1523 3339 ὑποθεμένων,
1570 3268 1663 3339 ἔφη

108 3355 202 3424 πρὸς
239 3354 381 3406 αὐτὸν
426 3357 453 3407 ό
511 3358 873 3418 Κωνστάντιος
903 3372 917 3385 ⁶
983 3354 1138 3420 ’Δξιῶ
1202 3354 1258 3407 ἔκ
1304 3354 1501 3408 πολλῶν
1559 3363 1660 3408 τῶν

111 3440 181 3491 ὑπὸ
227 3444 276 3495 σε
302 3442 620 3503 Ἐκκλησιῶν
674 3449 799 3518 μίαν
845 3446 989 3516 ἔχειν
1046 3443 1097 3496 ἐν
1124 3440 1494 3519 ’Δλεξανδρείᾳ
1543 3462 1663 3506 τους

110 3538 311 3583 "musis
383 3553 466 3587 σοι
538 3537 1009 3610 παραιτουμένους.
1073 3531 1132 3585 Ὀ
1208 3529 1285 3598 δε,
1363 3532 1659 3604 ὑπολαϐὼν,

110 3620 450 3691 "agminatim,
536 3625 654 3696 ἔφη,
731 3625 895 3698 χάριν
969 3621 1100 3675 αἰτῶ
1170 3620 1341 3695 κάγὼ,
1414 3621 1660 3696 βασιλεῦ,

112 3707 205 3760 ὥστε
250 3715 363 3783 μίαν
420 3714 565 3785 ἔχειν
617 3712 900 3771 ἐκκλησίαν
957 3711 1005 3763 ἓν
1058 3711 1357 3785 Ἀντιοχείᾳ
1395 3715 1517 3775 τοὺς
1564 3720 1665 3765 τῶν

112 3794 476 3869 ιτεροδοξούντων
568 3805 663 3859 την
758 3805 1027 3853 κοινωνίαν
1115 3803 1396 3873 φεύγοντας
1437 3814 1452 3831 ⁸
1539 3802 1661 3877 ὅπερ

112 3880 364 3952 ἀκούσαντες
428 3894 477 3943 οἱ
535 3892 798 3965 Ἀρειανοὶ
852 3890 999 3964 παρὰ
1042 3897 1137 3942 τοῦ
1201 3888 1483 3964 βασιλεως,
1538 3888 1664 3951 ἔζη-

112 3990 233 4028 τπταν
282 3978 424 4033 πλέον
471 3977 650 4036 οὐδέν.
712 3980 931 4034 Ἐκεῖθεν
1002 3983 1171 4034 τοίνυν
1221 3980 1535 4042 Ἀθανάσιος
1582 3978 1664 4044 ἐξ·

112 4070 314 4135 ερμέσας,
366 4073 432 4123 τὰ
481 4070 825 4146 Ἰεροσόλυμα
873 4068 1150 4123 κατέλαϐεν
1184 4087 1197 4100 ·
1252 4070 1321 4121 ὧν
1374 4071 1401 4121 ό
1446 4068 1663 4123 ἐπίσκο-

114 4169 179 4213 πος
214 4157 446 4231 Μάξιμος,
501 4156 728 4213 σύνοδον
791 4163 1014 4219 τοπικὴν
1078 4158 1398 4225 ἔπιτελεσας,
1457 4158 1662 4213 ἐκοινὼ-

242 4247 363 4319 αὐτῷ
391 4264 409 4279 ”
448 4254 542 4302 καὶ
595 4250 761 4312 οὕτως
803 4249 876 4312 εἰς
904 4245 1302 4321 Ἀλεξάνδρειαν
1358 4247 1665 4322 ἀφικόμενος

128 4334 379 4408 Αθανάσιος,
408 4344 526 4402 τοὺς
574 4342 645 4393 τὰ
671 4341 878 4414 Ἀρείου
931 4346 1238 4414 φρονοῦντας
1292 4338 1526 4402 ἅπαντας
1566 4359 1662 4393 κα-

119 4421 246 4478 iiiis).

167 4532 225 4576 ις.
269 4516 341 4571 Ἐν
384 4522 555 4591 τούτῷ
599 4516 659 4573 δὲ
710 4523 958 4581 Κώνστας
1006 4519 1032 4571 ό
1077 4526 1172 4580 τῆς
1202 4517 1464 4595 Ἐσπίρας
1507 4519 1666 4595 βασι·
1696 4550 1741 4607 D

119 4596 228 4652 irim
265 4607 354 4659 ὑπό
404 4612 732 4682 Μαγνεντίου
789 4611 928 4661 κατὰ
967 4613 1231 4667 πσκευήν
1275 4607 1522 4683 ἀνῃρέθη,
1575 4614 1667 4663 καὶ

122 4692 412 4760 Κωνςτάντιος
479 4699 820 4773 αὐτοκράτωρ
891 4701 1064 4771 γέγονε
1135 4705 1225 4759 τῆς
1291 4696 1468 4771 ἀρχῆς
1533 4698 1665 4752 ἁπά-

124 4794 221 4838 πςο
272 4786 316 4846 ὃς
365 4793 473 4860 καὶ,
544 4794 656 4849 τοῖς
704 4786 992 4862 Ἀρειανοῖς
1040 4789 1360 4860 πειθόμενος,
1420 4790 1488 4841 τὰ
1540 4807 1669 4863 προ-

122 4861 351 4944 δεδογμέια
434 4880 610 4931 πάντα
699 4876 1039 4952 μετέστρεψεν
1121 4877 1194 4940 εἰς
1282 4881 1343 4930 τό
1418 4880 1665 4931 ἑναντίονυ

124 4958 266 5023 Παῦλος
312 4970 472 5019 τοίνυν
526 4968 553 5019 ὀ
607 4965 1197 5028 Κωνσταντινουπόλεως
1249 4966 1316 5029 εἰς
1367 4970 1666 5021 Κουκουσόν

124 5050 185 5106 TT};
220 5049 455 5126 Ἀρμενίας
499 5056 785 5131 ἐξορισθεὶς
840 5055 1062 5132 ἀνῃρέθη
1113 5056 1322 5131 βρόχῳ,
1378 5062 1468 5110 καὶ
1512 5057 1666 5111 πάλιν

125 5138 189 5220 ﬁt?
245 5139 501 5201 ἐκκλησίαν
576 5149 815 5217 κατέσχε
902 5142 1229 5208 Μακεδόνιος
1269 5162 1282 5176 ·
1361 5146 1664 5220 Μαρκέλλου

129 5217 161 5269 δ’
208 5228 523 5307 ἐκϐληθέντος,
606 5233 859 5308 ἐγκρατὴς
927 5230 1075 5296 αὖθις
1139 5233 1338 5307 ἐγένετο
1393 5217 1490 5299 τῆς
1552 5236 1665 5289 ἔπι-

132 5326 275 5381 miti;
297 5327 554 5387 Βασίλειος
586 5340 602 5355 ⁸
638 5324 865 5385 Λούκιος
914 5320 974 5377 δὲ
1008 5320 1214 5398 σιδήρῳ
1264 5321 1479 5399 δέσμιος
1520 5323 1569 5377 ἔν
1597 5333 1661 5399 τῇ

132 5403 252 5491 ξέρκτῇ
301 5406 544 5490 διεφθάρη
583 5436 596 5448 ο
657 5413 968 5474 Ἀθανάσιος
1018 5410 1078 5466 δὲ
1123 5413 1416 5476 κελευσθεὶς
1463 5413 1663 5491 ἀναιρε-

1771 3275 1995 3318 norum
2039 3263 2244 3317 autem
2269 3257 2540 3331 consilio,
2582 3258 2665 3315 illi
2707 3255 2963 3330 subjecit
2998 3256 3386 3315 Constantius
3416 3272 3435 3315 :

1772 3353 2008 3407 Iustum
2045 3363 2262 3406 censeo
2308 3363 2380 3405 ex
2421 3347 2626 3406 multis
2653 3363 2791 3423 quin
2820 3346 2936 3405 sub
2973 3349 3032 3405 te
3061 3348 3205 3405 sunt
3254 3344 3440 3406 eccle-

1773 3440 1877 3497 siis
1903 3444 1967 3496 ut
2004 3453 2191 3496 unam
2228 3437 2497 3497 habeant
2523 3436 2903 3497 Alexandria:
2929 3436 3038 3511 qui
3056 3440 3256 3495 tecum
3275 3451 3440 3495 com-

1773 3529 2083 3588 municare
2107 3527 2390 3586 nolunt.E
2407 3532 2618 3587 contra
2642 3532 2845 3586 autem
2867 3526 2965 3585 ille
2988 3542 3004 3582 :
3038 3524 3326 3597 Similem,
3350 3525 3440 3584 in-

1771 3620 1924 3694 quit,
1953 3635 1991 3676 a
2018 3623 2097 3683 te,
2127 3619 2478 3692 imperator,
2504 3617 2770 3690 efﬂagito
2801 3616 3079 3691 gratiam,
3120 3631 3343 3691 nempe
3371 3618 3440 3677 ut

1772 3723 1963 3767 unam
2008 3707 2336 3766 Antiochiae
2392 3708 2662 3766 habeant
2716 3706 3040 3767 ecclesiam
3066 3706 3174 3781 qui
3202 3706 3438 3766 hetero-

1771 3798 2073 3855 doxorum
2105 3798 2601 3857 communionem
2629 3797 2890 3871 fugiunt.
2916 3796 3093 3865 Quod
3124 3795 3438 3855 audientes

1772 3889 1994 3959 Ariani,
2032 3888 2180 3946 nihil
2209 3889 2473 3963 amplius
2503 3889 2892 3962 quasierunt.
2925 3886 3069 3946 Inde
3091 3885 3272 3958 igitur
3297 3897 3439 3958 pro-

1772 3979 1962 4037 fectus
1989 3980 2354 4038 Athanasius
2380 3980 2863 4054 Hierolosymam
2907 3975 3218 4051 pervenit;
3262 3973 3438 4046 cujus

1771 4069 1937 4126 urbis
1966 4070 2289 4145 episcopus
2303 4067 2796 4142 MaximusJocali
2821 4063 3060 4141 synodo
3078 4065 3435 4132 convocata,

1771 4174 1914 4216 cum
1963 4159 2065 4217 illo
2117 4158 2613 4217 communicavit.
2644 4158 2841 4231 Atque
2871 4155 2959 4215 ita
3005 4169 3150 4213 eum
3179 4152 3436 4212 Alexan-

1771 4247 1967 4306 driam
1996 4248 2270 4307 rediisset
2300 4247 2684 4321 Athanasius,
2717 4260 2936 4305 omnes
2956 4260 3063 4305 eos
3081 4243 3189 4319 qui
3207 4244 3433 4305 Ariana

1772 4338 2064 4411 dogmata
2092 4336 2548 4412 proﬁtebantur,
2573 4335 2880 4412 deposuit.

1847 4521 1933 4577 16.
1975 4520 2205 4576 Interea
2234 4532 2379 4575 vero
2406 4517 2703 4575 Constans
2728 4515 2840 4591 qui
2876 4515 2941 4573 in
2982 4513 3302 4574 Occidente
3337 4528 3429 4574 re-

1775 4608 2022 4681 gnabat,
2063 4623 2101 4664 a
2142 4607 2483 4679 Magnentio
2514 4622 2624 4681 per
2658 4605 2911 4664 insidias
2934 4604 3278 4665 interfectus
3315 4607 3427 4677 est,

1756 4682 1834 4756 {et
1862 4701 2054 4755 factus
2088 4701 2179 4754 est
2207 4696 2593 4755 Constantius
2612 4696 2776 4753 orbis
2796 4695 3054 4755 universi
3079 4695 3426 4770 imperator.

1777 4788 1890 4855 Qui
1926 4787 2007 4844 ab
2031 4786 2264 4844 Arianis
2287 4786 2572 4844 seductus
2597 4800 3001 4860 quiscumque
3028 4787 3169 4843 ante
3186 4783 3428 4843 decreta

1776 4882 1947 4934 crant
1975 4877 2035 4935 in
2065 4876 2433 4935 contrarium
2480 4875 2754 4933 mutavit.
2808 4874 3028 4932 Paulus
3055 4874 3235 4946 igitur
3275 4874 3426 4932 Con-

1776 4966 2197 5040 stantinopolis
2245 4966 2309 5023 in
2339 4965 2555 5024 urbem
2598 4965 2894 5023 Armenias
2924 4965 3225 5022 Cucusum
3252 4977 3427 5021 exsu—

1774 5055 1931 5114 latus
1955 5056 2176 5129 laqueo
2217 5055 2564 5113 interfectus
2591 5059 2702 5125 est,
2743 5058 2801 5113 et
2818 5069 3028 5112 rursus
3054 5053 3215 5112 hanc
3242 5052 3429 5111 eccle-

1774 5146 1927 5203 siam
1956 5145 2171 5203 habuit
2196 5145 2598 5219 Macedonius,
2626 5144 2899 5204 Marcello
2918 5147 3124 5201 autem
3146 5141 3422 5218 expulso,

1776 5235 2130 5309 episcopatu
2185 5250 2428 5293 rursum
2482 5235 2685 5311 potius
2740 5237 2831 5293 est
2887 5232 3161 5293 Basilius.
3214 5233 3429 5293 Lucius

1776 5326 1931 5382 ferro
1957 5325 2196 5382 vinctus
2223 5325 2285 5383 in
2314 5341 2551 5383 carcere
2578 5325 2771 5400 periit.
2812 5323 3174 5383 Athanasius
3200 5326 3428 5396 autem,

1776 5430 1958 5487 quem
1978 5413 2229 5471 interﬁci
2253 5414 2534 5488 jusserat,
2547 5415 2649 5473 vix
2678 5413 2932 5487 aufugit.
2953 5413 3258 5472 Profectus
3283 5428 3431 5473 vero

133 5488 256 5578 ξῐίαι,
311 5488 778 5578 μόλιςήδιέφυγεν.
843 5503 1256 5578 Ἐκστρατεύσας
1325 5500 1382 5557 δὲ
1433 5502 1516 5557 ἐπὶ
1571 5488 1667 5565 τὴν

1777 5504 1840 5561 in
1889 5503 2151 5578 Illyriam
2183 5505 2566 5564 Constantius
2595 5508 2807 5563 contra
2856 5504 3298 5563 Brettanionem
3340 5521 3431 5564 re-

132 5575 332 5657 Ὅῖινρίδα
401 5595 759 5654 Κωνστάντιος
830 5595 968 5646 κατὰ
1043 5596 1415 5667 Βρεττανίωνος
1480 5612 1670 5667 τυραν-

134 5674 341 5750 νίτΐιτος,
382 5681 499 5740 ἧκεν
558 5683 635 5746 εἰς
677 5686 738 5735 τὸ
794 5687 1029 5757 Σίρμιον,
1086 5685 1207 5735 ἔνθα
1263 5679 1330 5741 δὴ
1388 5692 1484 5747 τῆς
1535 5686 1673 5737 κατὰ

1780 5609 1969 5664 gnum
2000 5592 2403 5664 aﬁ'ectantem,
2439 5594 2722 5652 Sirmium
2750 5594 2915 5652 venit
2950 5593 3057 5651 ubi
3105 5594 3317 5653 habita
3344 5596 3436 5655 est

1782 5687 1992 5742 contra
2020 5684 2340 5743 Photinum
2390 5683 2685 5758 synodus.
2737 5684 2968 5743 Interea
2995 5699 3034 5743 a
3070 5684 3193 5742 suis
3219 5683 3433 5758 legatis
