4040 6318
606 326 677 388 ιθ
1580 270 1583 275 ”
1959 315 2242 379 ΝιρΕΤιΕ

2381 315 2475 376 ΟΝ
2477 316 2616 378 [TE
3906 327 3977 385 20
3994 306 3997 329 1‘

609 454 719 529 qui
747 452 1031 511 dicebant
1050 451 1259 510 Filium
1305 452 1407 508 Dei
1443 466 1576 508 esse
1608 450 1683 509 de
1721 449 1934 516 nihilo,
1974 462 2046 505 ac
2085 445 2268 502 fuisse

2381 464 2570 516 γοντας
2619 448 2709 500 τὸν
2765 448 2881 502 Υίὸν
2919 453 3013 502 τοῦ
3051 450 3199 515 Θεοῦ,
3231 448 3323 499 καὶ
3354 447 3437 500 ὅτι
3483 447 3546 506 ἦν
3590 449 3675 503 ὅτε
3698 450 3792 503 οὐκ
3848 448 3910 509 ἧν
3962 472 3975 486 ο

612 551 854 619 tempus
875 544 1125 618 quando
1149 558 1271 600 non
1289 546 1448 612 erat;
1473 545 1765 616 praeterea
1789 546 1847 599 et
1870 538 2267 603 Sabellianos,

615 651 772 709 quos
830 634 1153 692 nominant
1208 632 1462 689 Romani
1520 630 2022 705 Patropassimos,
2063 628 2271 700 utpote

616 729 855 783 Patrem
880 740 1015 780 cum
1049 722 1190 779 Filio
1217 726 1275 779 et
1311 722 1533 794 Spiritu
1564 726 1774 779 sancto
1809 716 2268 783 confundentes,

618 820 677 873 et
703 830 867 872 nunc
886 813 1132 886 quidem
1162 827 1303 867 eum
1333 814 1582 884 Patrem,
1626 827 1789 868 nunc
1824 810 2058 880 Filium,
2109 821 2271 864 nunc

621 904 905 977 Spiritum
938 905 1216 957 sanctum
1246 901 1645 974 appellantes.
1678 900 2019 957 Promiscue
2039 896 2200 954 enim
2216 899 2273 952 et

618 994 938 1050 indiscrete
976 994 1249 1048 Romana
1302 990 1511 1060 lingua
1559 991 1777 1047 dicitur
1818 989 2067 1062 passim.
2125 990 2273 1044 Cum

618 1086 823 1140 autem
868 1082 1028 1137 hanc
1090 1079 1295 1136 ﬁdem
1342 1095 1467 1135 non
1545 1080 1917 1154 recepissent
1991 1076 2275 1135 Occiden-

617 1171 788 1245 tales,
816 1171 922 1227 sed
953 1170 1219 1226 dicerent
1247 1168 1360 1226 sibi
1390 1167 1665 1226 sufﬁcere
1697 1170 1937 1225 Nicaena
1961 1168 2271 1237 dogmata,

621 1262 859 1334 scripsit
878 1259 958 1317 ad
994 1258 1240 1315 fratrem
1273 1261 1568 1316 Constans
1598 1259 1712 1315 sibi
1736 1259 1967 1331 justum
1994 1257 2178 1315 videri
2212 1260 2277 1313 ut

619 1349 931 1410 Athanasii
973 1348 1312 1406 fautoribus
1359 1350 1647 1422 propriae1
1672 1348 1846 1406 sedes
1893 1347 2275 1406 restitueren-

619 1445 742 1502 tur.

696 1533 786 1587 13.
854 1528 1155 1595 Quoniam
1208 1531 1412 1585 autem
1468 1527 1617 1584 nihil
1668 1528 2000 1601 perfectum
2056 1527 2270 1597 fuerat,

621 1620 864 1677 duobus
896 1617 1366 1691 imperatoribus
1382 1617 1609 1691 placuit
1624 1617 1946 1674 concilium
1962 1617 2271 1675 Sardicam

621 1708 1042 1768 convocari.Et
1071 1712 1485 1765 convenerunt
1522 1725 1596 1765 ex
1634 1707 2004 1765 Theodoreto
2030 1704 2273 1763 ducenti

2377 538 2507 608 πρὸς
2539 532 2598 589 δὲ
2623 541 2714 590 καὶ
2751 541 2874 599 τοὺς
2916 536 3303 605 Σαϐελλιανοὺς,
3354 536 3440 598 οὓς
3483 536 3803 612 ὀνομάζουσι
3848 540 3978 595 Ῥω-

2378 631 2526 697 μαῖοι
2571 632 3066 701 πατροπασσίμους,
3130 629 3198 689 ὡς
3254 628 3343 679 τόν
3394 631 3599 700 Πατέρα
3652 633 3980 702 συγχέοντας

2380 714 2448 775 εἰς
2484 717 2605 769 Υἰόν
2644 721 2733 769 καὶ
2774 719 2833 769 τὸ
2872 723 3099 791 Πνεῦμα,
3133 720 3224 770 καὶ
3265 719 3386 770 ποτε
3427 721 3517 789 μέν
3561 718 3716 771 αὐτόν
3748 724 3974 794 Πατέρα,

2380 807 2505 858 ποτε
2550 802 2609 859 δὲ
2634 806 2774 874 Υίόν,
2815 809 2940 860 ποτε
2971 804 3032 860 δὲ
3088 812 3300 878 Πνεῦμα
3353 806 3740 880 ὀνομαζοντας·
3782 812 3841 862 τὸ
3872 812 3975 883 γὰρ

2378 892 2561 967 χύδην
2608 900 2698 948 καὶ
2753 894 3076 972 ἀδιακρίτως
3123 898 3395 970 πάσσιμον
3446 899 3476 956 ἡ
3522 904 3782 971 Ῥωμαῖκη
3838 898 3976 971 λέγει

2382 990 2542 1056 φωνή.
2602 989 2807 1045 Ταύτην
2866 984 2927 1039 δὲ
2991 990 3086 1045 τήν
3142 990 3325 1039 πίστιν
3390 990 3463 1059 μή
3540 983 3975 1061 παραδεξαμένων

2381 1082 2481 1126 τῶν
2536 1081 2786 1141 Δυτικῶν,
2833 1074 2940 1129 ἀλλ’
2987 1074 3232 1128 εέπόντων
3281 1074 3557 1150 ἀρκεῖσθαι
3610 1084 3720 1138 τοῖς
3777 1080 3824 1129 ἓν
3881 1084 3977 1130 Νι-

2382 1168 2511 1235 καίᾳ
2558 1162 2797 1231 δόξασιν,
2848 1165 3044 1239 ἔγραψε
3090 1167 3221 1240 πρός
3266 1167 3353 1218 τὸν
3403 1162 3621 1239 ἀδελφὸν
3670 1168 3696 1218 ό
3737 1172 3979 1228 Κώνστας

2385 1252 2539 1317 ἀξιῶν
2586 1252 2913 1316 ἀποδοθῆναι
2948 1262 3054 1318 τοῖς
3099 1259 3218 1329 περὶ
3248 1255 3560 1310 Ἀθανάσιον
3598 1259 3721 1319 τοὺς
3754 1256 3979 1319 οἰκείους

2386 1344 2613 1418 θρόνους.

2456 1522 2547 1595 ιγ’.
2575 1521 2659 1585 Ὡς
2703 1520 2763 1576 δε
2808 1519 2960 1577 οὐδὲν
3012 1523 3193 1583 ῆνύετο
3233 1522 3403 1591 πλέον,
3458 1520 3607 1589 ἔδοξε
3660 1526 3838 1597 γνωμῃ
3880 1532 3978 1577 τῶν

2383 1608 2481 1665 δύο
2540 1611 2797 1685 βασιλέων
2838 1613 3185 1686 ἀθροισθῆναι
3243 1610 3465 1666 σύνοδον
3515 1617 3563 1667 ἓν
3621 1611 3856 1687 Σαρδικῆ

2381 1702 2562 1755 πόλει·
2605 1708 2695 1755 καὶ
2743 1704 3107 1777 ἡθροίσθησαν
3154 1706 3291 1755 κατά
3346 1705 3436 1776 μὲν
3486 1700 3823 1779 Θεοδώρητον
3866 1724 3979 1757 πεν-

620 1805 680 1857 et
730 1799 1174 1874 quinquaginta
1221 1798 1521 1871 episcopi;
1567 1813 1642 1854 ex
1686 1800 1926 1855 Socrate
1975 1802 2177 1854 autem
2217 1800 2268 1853 et

2381 1796 2607 1851 τήκοντα
2629 1797 2719 1846 καὶ
2763 1789 3032 1846 διακόσιοι
3074 1793 3374 1861 ἐπίσκοποι,
3406 1796 3542 1846 κατὰ
3598 1791 3659 1847 δε
3700 1795 3976 1869 Σωκράτην

623 1891 976 1959 Sozomeno,
1031 1904 1102 1944 ex
1159 1886 1633 1943 occidentalibus
1682 1886 1958 1960 partibus
1996 1885 2117 1942 fere
2156 1890 2270 1942 tre-

621 1978 796 2048 centi,
839 1994 909 2033 ex
940 1976 1333 2033 orientalibus
1364 1981 1567 2032 autem
1600 1992 1705 2033 sex
1748 1979 1805 2032 et
1842 1975 2227 2049 septuaginta
2255 1993 2268 2045 ;

618 2083 883 2140 quorum
938 2068 999 2123 in
1033 2081 1288 2122 numero
1318 2069 1490 2122 erant
1525 2065 1806 2134 Sabinus,
1864 2064 2157 2121 Heracleae
2209 2064 2271 2121 in

617 2157 864 2217 Thracia
912 2155 1484 2212 Macedonianorum
1523 2155 1868 2228 episcopus,
1907 2159 1964 2211 et
1998 2154 2273 2227 Ischyras

615 2247 1026 2320 quiMareotiae
1040 2245 1463 2318 episcopatum
1488 2244 1567 2302 ab
1588 2245 1901 2302 Athanasii
1915 2244 2271 2301 adversariis

617 2334 1369 2408 acceperat.0ccidentales
1385 2334 1633 2406 quidem
1649 2334 1958 2391 Sardicam
1979 2349 2271 2390 convene-

616 2427 777 2496 runt,
801 2423 1120 2481 orientales
1154 2438 1318 2488 vero,
1352 2438 1493 2478 cum
1549 2422 2011 2495 Philippopolim
2067 2437 2272 2495 perve-

616 2517 869 2580 nissent,
898 2513 969 2569 iis
997 2517 1210 2569 notum
1257 2512 1527 2569 fecerunt
1574 2528 1636 2569 se
1664 2528 1805 2568 cum
1856 2512 1929 2568 iis
1972 2527 2096 2569 non
2120 2510 2271 2568 velle

619 2602 911 2676 colloqui,
940 2602 1056 2658 nisi
1085 2618 1122 2659 a
1153 2602 1424 2659 sessione
1461 2606 1520 2658 et
1561 2601 1993 2658 communione
2032 2601 2271 2674 expule-

613 2692 734 2749 rint
761 2690 1071 2748 Athanasii
1096 2689 1361 2747 fautores
1391 2694 1458 2747 ut
1483 2690 1810 2764 depositos.
1833 2689 1950 2746 illis
1975 2694 2177 2747 autem
2208 2689 2270 2745 id

613 2797 737 2839 non
769 2780 1124 2852 ferentibus,
1158 2780 1196 2836 ii
1223 2779 1543 2836 concilium
1574 2779 1842 2836 habuere
1872 2780 1933 2836 in
1958 2781 2093 2853 ipsa
2119 2779 2269 2836 urbe

612 2869 1039 2943 Philippopoli,
1091 2872 1149 2926 et
1192 2869 1623 2942 deposuerunt,
1653 2884 1765 2943 pro
1806 2868 1996 2935 libito,
2043 2869 2269 2925 Julium

611 2963 975 3026 Romanum,
999 2975 1071 3015 eo
1092 2958 1261 3032 quod
1284 2958 1516 3031 primus
1547 2975 1687 3015 cum
1706 2959 2032 3016 Athanasio
2062 2964 2119 3014 et
2138 2959 2269 3031 ejus

609 3048 951 3106 fautoribus
980 3048 1508 3119 communicasset,
1540 3048 1787 3104 Hosium
1815 3047 2266 3105 Cordubensem

2379 1886 2469 1934 καὶ
2525 1883 2816 1955 Σωζόμενον
2869 1881 2924 1933 ἐκ
3133 1890 3232 1934 τῶν
3299 1882 3547 1956 ἑσπερίων
3619 1891 3785 1958 μερῶν
3858 1886 3978 1957 περὶ

2378 1974 2500 2034 τοὺς
2549 1976 2903 2047 τριακοσίους,
2940 1970 2994 2029 ἐκ
3058 1967 3117 2025 δὲ
3173 1980 3273 2024 τῶν
3318 1972 3451 2043 ἑῴων
3499 1971 3553 2035 ἓξ
3607 1975 3693 2023 καὶ
3750 1969 3977 2044 ἐϐδομή-

2378 2078 2568 2114 κοντα·
2618 2059 2695 2124 οἷς
2742 2064 3110 2136 συνηριθμεῖτο
3147 2068 3237 2114 και
3272 2060 3483 2124 Σαϐῖνος
3512 2062 3538 2114 ό
3576 2069 3674 2114 τῶν
3722 2061 3772 2114 ίν
3814 2061 3975 2137 Ἡρα-

2378 2150 2523 2224 κλείᾳ
2583 2159 2679 2213 τῆς
2753 2154 2969 2225 Θράκης
3034 2148 3432 2205 Μακεδονιανῶν
3511 2150 3812 2221 ἐπίσκοπος,
3889 2157 3977 2205 καὶ

2382 2241 2637 2314 Ἰσχύρας
2690 2241 2986 2315 ἐπιτραπεὶς
3044 2247 3138 2299 τήν
3194 2249 3286 2293 τοῦ
3339 2246 3624 2315 Μαρεώτου
3684 2239 3976 2299 ἐπισκοπὴν

2380 2332 2524 2405 παρά
2570 2338 2668 2381 τῶν
2741 2328 3173 2402 ἀπεχθανομένων
3236 2338 3310 2400 τῷ
3380 2331 3697 2402 Ἀθανασίῳ.
3768 2335 3873 2383 Καὶ
3931 2333 3979 2383 οἱ

2379 2423 2470 2492 μὲν
2501 2424 2710 2472 Δυτικοὶ
2747 2420 2863 2471 κατ’
2909 2419 3071 2478 αὐτὴν
3128 2424 3222 2478 τήν
3266 2416 3529 2495 Σαρδίκὴν
3580 2418 3870 2478 συνῆλθον·
3932 2422 3979 2472 οἱ

2381 2505 2441 2561 δὲ
2512 2508 2852 2581 Ἀνατολικοὶ,
2919 2508 3298 2572 καταλαϐόντες
3370 2514 3465 2569 τὴν
3544 2508 3974 2579 Φιλιππούπολιν,

2380 2594 2652 2677 ἐδήλωσαν
2716 2598 2896 2661 αύτοῖς
2947 2602 3017 2661 ὡς
3073 2598 3167 2651 οὐκ
3230 2598 3393 2660 ἄλλως
3449 2599 3522 2661 εἰς
3578 2598 3761 2671 λόγους
3819 2598 3977 2652 ἐλθεῖν

2380 2688 2558 2751 αὐτοῖς
2609 2686 2891 2755 ἐθέλουσιν,
2957 2688 3000 2740 εἰ
3047 2693 3119 2761 μή
3168 2691 3283 2750 τούς
3341 2692 3460 2762 περὶ
3492 2689 3803 2742 Ἀθανάσιον
3863 2687 3981 2741 ἁπε-

2376 2776 2604 2831 λάσουσι
2649 2785 2742 2830 τοῦ
2788 2773 3063 2852 συνεδρίου
3106 2781 3196 2830 καὶ
3254 2786 3349 2839 τῆς
3395 2782 3659 2839 κοινωνίας
3696 2779 3765 2838 ὠς
3817 2779 3979 2836 καθη-

2376 2872 2649 2940 ρημένους.
2698 2874 2811 2920 Τῶν
2844 2864 2903 2920 δε
2932 2872 3005 2940 μὴ
3057 2866 3401 2941 ἀνεχομένων,
3446 2869 3629 2920 ἐκεῖνοι
3677 2865 3978 2941 συνήδρευ-

2380 2975 2475 3009 σαν
2508 2955 2746 3017 ἀλλήλοις
2793 2955 2841 3009 ἐν
2871 2956 3002 3030 αὐτη
3062 2964 3125 3030 τῇ
3174 2956 3601 3023 Φιλιππουπόλει,
3660 2961 3750 3009 καὶ
3804 2960 3978 3010 καθεῖ-

2375 3045 2482 3114 λον,
2555 3048 2619 3107 ὡς
2697 3044 2965 3118 ἐνόμισαν,
3043 3045 3254 3099 Ἰούλιον
3311 3048 3400 3119 μὲν
3466 3054 3562 3108 τῆς
3618 3045 3840 3118 Ῥώμης,
3910 3049 3976 3108 ὡς

611 3143 858 3214 propter
887 3139 1169 3195 eamdem
1195 3153 1473 3205 causam,
1506 3142 1565 3194 et
1606 3138 1751 3211 quia
1798 3139 2030 3195 amicus
2074 3138 2268 3195 fuerat

2381 3134 2608 3208 ἄρξαντα
2650 3143 2745 3197 τῆς
2796 3137 2925 3208 πρὸς
2978 3134 3288 3189 Ἀθανάσιον
3336 3139 3426 3187 καὶ
3472 3138 3595 3196 τοὺς
3647 3132 3770 3207 ἀμφ’
3823 3134 3975 3186 αὐτὸν

614 3229 845 3287 Paulini
888 3233 944 3285 et
967 3227 1259 3284 Eustathii
1292 3227 1394 3300 qui
1424 3227 1801 3284 Antiochiam
1824 3232 2121 3297 rexerant,
2155 3231 2269 3285 Ma-

610 3318 912 3375 ximinum
954 3318 1384 3387 Trevirensem,
1442 3321 1649 3390 utpote
1695 3318 1801 3391 qui
1848 3318 2085 3391 primus
2128 3333 2266 3374 cum

612 3406 797 3464 Paulo
845 3406 1371 3472 communicasset,
1423 3408 1814 3477 Protogenem
1874 3407 2132 3464 Sardicae
2196 3421 2269 3463 eo

614 3494 781 3569 quod
812 3493 1152 3553 Marcellum
1183 3494 1530 3551 defenderet
1566 3511 1752 3568 quem
1781 3496 1949 3569 prius
1979 3495 2269 3551 condem-

614 3587 885 3650 naverat,
917 3582 1320 3640 Gaudentium
1355 3587 1423 3640 ut
1450 3582 1620 3641 aliter
1649 3588 1930 3656 agentem
1973 3599 2043 3641 ac
2076 3583 2270 3657 Cyria-

617 3690 723 3730 cus
753 3673 850 3730 cui
876 3676 1269 3745 successerat,
1302 3677 1359 3731 et
1403 3676 1470 3729 ut
1510 3673 1754 3746 plurimi
1801 3673 2121 3731 facientem
2167 3689 2271 3730 eos

618 3779 775 3837 quos
801 3763 1225 3837 deposuerant.

691 4033 780 4090 14.
807 4030 966 4090 Hosii
983 4033 1188 4090 autem
1205 4030 1472 4089 fautores
1490 4034 1819 4105 postquam
1842 4033 2272 4099 convenerant,

618 4122 968 4180 innocentes
993 4122 1458 4179 declaraverunt
1500 4120 1894 4177 Athanasium
1932 4120 2177 4194 quidem
2209 4123 2274 4177 ut

617 4211 837 4284 injuste
870 4210 950 4266 ab
979 4211 1049 4266 iis
1078 4211 1183 4284 qui
1202 4214 1424 4283 Tyrum
1449 4211 1757 4281 congressi
1783 4214 1953 4267 erant
1966 4215 2267 4280 vexatum,

619 4300 965 4358 Marcellum
985 4315 1131 4356 vero
1160 4304 1225 4357 ut
1254 4301 1503 4358 minime
1524 4305 1890 4359 annuentem
1916 4317 1979 4357 se
2010 4301 2271 4371 cogitare

620 4407 757 4465 quae
769 4391 923 4447 falso
938 4390 1691 4461 arguebanturManifestm
1710 4392 1868 4447 enim
1882 4391 2274 4464 erant,inquit

2375 3229 2662 3297 κοινωνίας,
2693 3223 2878 3278 Ὃσιον
2923 3220 2983 3277 δὲ
3029 3227 3116 3276 τὸν
3175 3221 3483 3297 Κορδούϐης
3531 3221 3624 3277 διά
3667 3243 3720 3277 τι
3758 3228 3848 3283 τὴν
3890 3225 3977 3276 αὖ-

2376 3318 2470 3372 τὴν
2502 3314 2695 3382 αἰτίαν,
2737 3318 2827 3367 καὶ
2878 3315 2960 3366 ὅτι
3009 3312 3152 3386 φίλος
3207 3312 3402 3385 ἐγένετο
3447 3313 3683 3384 Παυλίνῳ
3732 3317 3824 3365 καὶ
3874 3313 3976 3366 Εὐ-

2380 3408 2579 3477 σταθίῳ
2630 3413 2740 3468 τοῖς
2797 3406 3153 3478 ήγησαμένοις
3197 3412 3293 3467 τῆς
3345 3404 3694 3476 Ἀντιοχείας,
3748 3402 3978 3477 Μαξιμί-

2375 3514 2460 3547 νον
2520 3491 2579 3547 δε
2624 3494 2907 3569 Τριϐἐρεως
2965 3498 3031 3555 ὡς
3079 3502 3281 3569 πρῶτον
3329 3492 3516 3565 Παύλῳ
3562 3496 3976 3561 κοινωνήσαντα,

2379 3588 2716 3657 Πρωτογένην
2793 3581 2853 3637 δὲ
2917 3592 3013 3646 τῆς
3084 3580 3353 3658 Σαρδικῆς
3421 3586 3491 3645 ὡς
3566 3582 3981 3656 ὑπερμαχοῦντα

2376 3673 2679 3747 Μαρκέλλου
2732 3680 2825 3726 τοῦ
2891 3677 3140 3748 πρότερον
3206 3672 3291 3725 ὑπ’
3339 3672 3498 3725 αὐτοῦ
3543 3670 3978 3744 καταψηφισθέν-

2378 3782 2484 3834 τος,
2547 3760 2854 3817 Γαυδέντιον
2904 3760 2963 3816 δὲ
3018 3765 3088 3825 ὡς
3140 3765 3417 3817 ὑπεναντία
3460 3759 3836 3823 σπουδάζοντα
3880 3770 3978 3817 Κυ-

2377 3862 2546 3926 ριακῷ
2597 3855 2650 3907 ὄν
2704 3850 2994 3921 διεδέξατο,
3043 3859 3135 3907 καὶ
3189 3857 3310 3917 τοὺς
3356 3853 3480 3930 παρ’
3528 3852 3698 3905 αὐτῶν
3740 3853 3981 3927 καθῃρη-

2379 3947 2560 4016 μένους
2586 3946 2704 4016 περὶ
2733 3942 2920 3996 πολλοῦ
2948 3945 3271 4017 ποιούμενον.

2455 4030 2547 4089 ιδ’.
2578 4034 2643 4086 Οἱ
2674 4030 2736 4086 δέ
2758 4054 2818 4106 γε
2857 4032 2988 4107 ἀμφὶ
3030 4036 3117 4087 τόν
3154 4033 3357 4103 Ὀσιον,
3405 4031 3745 4101 συνελθόντες,
3777 4031 3979 4092 ἀθώους

2380 4121 2643 4196 ἀπέφηναν
2710 4124 3017 4177 Ἀθανάσιον
3091 4126 3181 4197 μὲν
3253 4126 3322 4186 ὡς
3396 4119 3595 4184 ἀδίκως
3677 4120 3975 4175 ἐπιϐουλευ-

2383 4214 2533 4265 θέντα
2588 4214 2732 4287 παρὰ
2787 4222 2887 4265 τῶν
2946 4214 2994 4265 ἐν
3048 4214 3203 4287 Τύρῴ
3262 4211 3625 4279 συνελθόντων,
3679 4210 3979 4287 Μάρκελλον

2382 4297 2441 4354 δὲ
2502 4299 2589 4355 οἶα
2643 4307 2713 4375 μή
2784 4302 2918 4355 οὕτω
2970 4302 3186 4374 λέγοντα
3235 4310 3432 4377 φρονεῖν
3498 4304 3566 4364 ὡς
3616 4296 3917 4353 διεϐάλλετο
3962 4316 3976 4331 ⁸

2380 4389 2618 4466 ἐφωράθη
2659 4394 2783 4466 γὰρ,
2844 4396 3003 4465 φησὶν
3047 4394 3071 4443 ό
3135 4388 3500 4465 Θεοδὼρητος,
3564 4398 3659 4442 τῶν
3715 4396 3834 4464 περὶ
3895 4394 3979 4444 τὸν

618 4480 1046 4547 Theodoretus,
1103 4479 1278 4536 malae
1336 4480 1813 4537 Eusebianorum
1879 4485 2060 4537 artes.
2125 4481 2268 4547 Quae

2382 4479 2681 4540 Εὐσέϐιονὴ
2742 4486 3063 4555 κακοτεχνία
3095 4498 3108 4511 ·
3159 4481 3236 4533 ὃτι
3296 4481 3330 4532 ἃ
3381 4480 3550 4541 ζητῶν
3599 4484 3623 4531 ὀ
3679 4479 3981 4553 Μάρκελλος

620 4569 804 4626 emim
834 4569 1141 4626 Marcellus
1167 4574 1235 4625 ut
1261 4569 1514 4642 qumsita
1543 4570 1794 4638 dixerat,
1827 4586 1898 4627 ea
1927 4575 1993 4626 ut
2018 4570 2096 4626 ab
2138 4571 2268 4641 ipso

617 4664 788 4717 extra
816 4659 1285 4717 controversiam
1307 4659 1502 4733 posita
1527 4659 2074 4717 calumniabantur.
2118 4663 2267 4717 Cum

617 4754 821 4806 autem
848 4765 918 4806 ea
942 4749 1002 4805 in
1042 4749 1280 4822 synodo
1328 4749 1588 4806 Serdicae
1623 4749 1831 4806 habita
1857 4750 2010 4805 lecta
2046 4754 2266 4820 essent,

616 4842 779 4897 recta
802 4839 1049 4896 inventa
1077 4842 1169 4896 est
1219 4838 1403 4911 hujus
1444 4839 1710 4896 hominis
1762 4839 1937 4897 fides.
1996 4842 2266 4897 Socrates

617 4935 821 4989 autem
866 4930 1010 4987 dic1t
1053 4930 1396 4987 Marcellum
1449 4932 1517 4985 ut
1567 4929 2138 4987 condemnationem
2181 4946 2269 4987 re-

617 5021 882 5094 pelleret,
911 5019 1288 5094 persuasisse
1315 5019 1617 5092 episcopis
1649 5020 1908 5077 Sardicaa
1940 5035 2266 5091 congrega-

614 5113 689 5168 tis
718 5125 819 5167 eos
846 5110 950 5183 qui
965 5110 1167 5183 ipsum
1194 5109 1604 5182 deposuerant
1630 5125 1754 5165 non
1774 5108 2102 5180 intelligere
2128 5126 2264 5183 quae

613 5200 957 5273 scripserat,
990 5204 1171 5272 atque
1199 5198 1336 5256 ideo
1385 5215 1448 5256 se
1498 5198 1939 5257 Samosatensis
1997 5200 2265 5273 episcopi

614 5289 990 5363 suspiciones
1031 5289 1376 5345 incurrisse.
1429 5289 1773 5346 Patriarcha
1817 5305 1962 5345 vero
2018 5290 2260 5346 Photius

609 5379 985 5439 narrationes
1008 5379 1325 5436 conferens
1345 5379 1602 5437 Socratis
1624 5395 1695 5436 ac
1718 5380 2092 5450 Theodoreti,
2120 5380 2262 5438 dicit

570 5480 575 5481 ’
610 5469 998 5529 Sardicenses
1025 5470 1344 5542 episcopos
1384 5484 1524 5526 vere
1553 5469 1837 5543 deceptos
1867 5485 2040 5537 esse;
2088 5485 2258 5525 cum-

605 5576 724 5634 que
750 5575 878 5616 non
904 5559 1057 5616 bene
1086 5558 1514 5616 intellexissent
1549 5558 1803 5614 Marcelli
1834 5560 2073 5633 scripta,
2098 5560 2255 5617 male

603 5665 741 5708 eum
766 5646 1161 5722 justiﬁcasse;
1192 5647 1332 5705 inde
1362 5646 1668 5705 neminem
1710 5647 2013 5720 accepisse
2043 5662 2253 5705 eorum

2382 4572 2574 4646 εἳρηκε,
2669 4578 2836 4624 ταῦτα
2936 4574 3001 4632 ὡς
3096 4570 3470 4645 ὡμολογημένα
3574 4566 3976 4627 διαϐεϐλήκασι.

2379 4663 2584 4713 Τούτων
2641 4658 2691 4714 δ’
2758 4662 2844 4714 ἐπὶ
2908 4670 2999 4722 τῆς
3057 4658 3283 4714 συνόδου
3347 4667 3441 4722 τῆς
3513 4660 3645 4712 κατά
3710 4656 3977 4731 Σαρδικὴν

2381 4748 2832 4822 ἀναγνωσθέντων,
2878 4752 3004 4825 ὀρθή
3060 4759 3152 4803 τοῦ
3203 4745 3390 4824 ἀνδρὸς
3446 4752 3475 4808 ἡ
3537 4753 3717 4810 πίστις
3768 4750 3975 4823 εὑρέθη,

2380 4846 2657 4914 Σωκρατης
2724 4836 2785 4893 δέ
2845 4859 3001 4913 φησιν
3073 4842 3154 4893 ὅτι
3205 4838 3535 4891 ἀναπαλαίων
3589 4838 3613 4889 ὁ
3678 4838 3979 4913 Μάρκελλος

2380 4933 2472 4988 τήν
2512 4925 2805 4988 καταδίκην
2863 4931 3035 4983 ἔπεισε
3092 4932 3213 4991 τόύς
3269 4927 3316 4979 ἐν
3369 4924 3601 5003 Σσρδικῇ
3661 4931 3731 4999 μή
3785 4929 3977 4987 νοῆσαι

2377 5021 2498 5081 τοὺς
2533 5018 2845 5079 καθελόντας
2884 5018 3059 5085 αὐτὸν,
3127 5018 3161 5070 ἃ
3207 5021 3433 5091 γέγραφε
3467 5033 3478 5046 ⁸
3528 5020 3619 5069 καὶ
3670 5013 3764 5068 διὰ
3821 5024 3975 5069 τοῦτο

2377 5112 2471 5167 τὴν
2514 5110 2757 5161 ὑπόνοιαν
2813 5115 2905 5160 τοῦ
2960 5111 3298 5180 Σαμοσατέως
3329 5104 3611 5161 λαϐεῖν.²0
3669 5101 3727 5157 δὲ
3783 5122 3951 5180 πατρί

2376 5199 2554 5270 άρχης
2611 5202 2823 5265 Φώτιος,
2868 5195 3064 5269 σχόλια
3100 5197 3351 5271 παραθεὶς
3414 5203 3507 5247 τοῦ
3567 5213 3619 5246 τε
3672 5196 3977 5262 Σωκράτους

2373 5291 2463 5347 καὶ
2504 5295 2595 5339 τοῦ
2628 5283 2995 5361 Θεοδωρήτου,
3039 5290 3197 5358 φησὶν
3255 5284 3334 5336 ὃτι
3396 5283 3446 5337 ἐν
3498 5280 3729 5357 Σκρδικῇ
3781 5284 3976 5355 μᾶλλον

2373 5377 2725 5435 ἠπατήθησαν
2761 5390 2773 5403 ⁸
2837 5379 2926 5427 καὶ
2983 5379 3055 5447 μὴ
3108 5379 3387 5436 νοήσαντες
3442 5372 3667 5447 ἀκριϐῶς
3717 5373 3776 5424 τό
3827 5378 3974 5449 Μαρ-

2370 5466 2547 5519 κέλλου
2603 5468 2946 5539 σύγγραμμα,
3005 5472 3178 5526 κακῶς
3236 5464 3393 5515 αὐτόν
3442 5460 3799 5516 ἐδικαίωσαν·
3860 5465 3971 5517 ὅθεν

2368 5552 2541 5618 οὐδεὶς
2584 5552 2906 5631 παρεδέξατο
2953 5554 3045 5613 τὴν
3101 5557 3220 5629 περὶ
3270 5555 3455 5606 τούτου
3509 5558 3684 5628 κρίσιν
3747 5551 3921 5605 αὐτῶν
3953 5575 3966 5588 ο

2367 5644 2475 5698 ἀλλ’
2536 5647 2676 5699 ἔστιν
2708 5645 2801 5709 ἔξω
2824 5653 2915 5707 τῆς
2965 5643 3281 5707 Ἐκκλησίας
3310 5648 3335 5697 ό
3375 5642 3690 5718 Μάρκελλος.
3746 5640 3967 5696 Ἠθὼωα
