4040 6318
114 367 158 422 at
1427 350 1778 413 THESAURI
1815 353 1948 413 LIB.
1986 356 2082 415 VI.
3367 359 3440 416 22

115 510 185 541 συ
219 484 272 541 δε
297 487 345 541 οἱ
390 484 438 539 ἓν
466 479 709 558 Σαρδικῇ
738 486 828 536 καὶ
875 480 1178 541 Ἀσκληπᾶν
1218 483 1306 537 τὸν
1343 482 1538 549 Γάζης,
1597 482 1664 542 ὡς

1775 478 1850 537 de
1878 479 1982 537 illo
2011 481 2410 553 sententiam;
2443 480 2550 540 sed
2575 482 2748 540 extra
2772 477 3104 540 Ecclesium
3128 494 3268 540 esse
3294 482 3442 542 lar-

113 578 314 632 E'Jszéieu
358 582 452 629 τοῦ
492 573 773 647 Παμφίλου
822 575 913 625 καὶ
958 571 1159 626 πολλῶν
1204 571 1369 625 ἄλλων
1420 573 1666 645 ύπομνώ-

112 688 215 742 ματα
262 667 615 742 ἐπιφερόμενον
672 659 984 717 δικαιοῦντα
1038 662 1197 717 αὐτόν
1238 684 1251 697 ·
1310 664 1388 716 ἔτι
1450 658 1510 715 δε
1573 665 1665 714 καὶ

113 761 288 813 Λούκιον
347 759 435 809 τόν
502 751 999 830 Ἀδριανουπόλεως,
1065 755 1136 816 ὡς
1194 760 1296 806 τῶν
1359 755 1667 826 κατηγόρων

110 850 233 900 τᾶτοῦ
278 853 408 919 φυγῇ
450 847 808 918 χρησαμένων
835 860 849 874 ο
884 841 1122 896 καθεῖλον
1170 838 1232 896 δι
1287 848 1540 916 Γεὼργιον
1577 841 1666 892 τὸν

110 933 475 1012 Ἀλεξανδρείας,
545 935 808 988 Βασίλειον
873 934 1133 1007 Ἀγκύρας
1192 935 1280 985 τὸν
1347 931 1461 984 ἀντὶ
1514 937 1666 1005 Μαρ-

107 1027 266 1094 sellae,
324 1028 594 1080 Κεντιαδόν
651 1024 829 1085 Γάζης
878 1025 966 1075 τὸν
1020 1022 1135 1076 ἀντὶ
1184 1021 1483 1090 Ἀσκληπᾶ,
1532 1023 1666 1074 Θεό-

109 1113 239 1191 δωρον
264 1114 581 1189 Ἡρακλείας,
611 1117 915 1190 Νάρκισσον
952 1112 1389 1187 Εἰρηνουπόλεως,
1424 1111 1665 1164 ’Δκάκιον

109 1210 374 1281 Καισαρείας
402 1212 464 1263 τῆ
478 1226 500 1266 ς
531 1204 905 1274 Παλαιστίνης,
928 1208 1265 1277 Μηνόφαντον
1288 1200 1666 1276 Ἐφίσου,ούρ-

108 1298 249 1349 τάχιον
276 1291 616 1367 Σιγγηδόνος,
649 1293 911 1347 Οὐάλεντα
933 1297 1202 1369 Μούρσης,
1234 1297 1488 1366 Γεώρτιον
1518 1297 1665 1346 Λαο-

106 1381 281 1447 δικείας,
307 1389 478 1436 καίτοι
510 1388 583 1456 μὴ
640 1388 872 1459 παρόντα
908 1382 957 1435 ἐν
986 1390 1048 1455 τῇ
1086 1379 1292 1454 συνόδῳ
1316 1384 1480 1455 ταύτῃ
1517 1401 1530 1414 ·
1572 1384 1664 1433 καὶ

107 1474 222 1535 οὗτος
242 1476 369 1527 κατὰ
404 1478 496 1527 τόν
528 1478 691 1547 μέγαν
713 1476 764 1526 ’Δ
776 1475 1020 1527 θανάσιον
1056 1478 1148 1526 καὶ
1175 1479 1269 1525 τοῦ
1293 1470 1663 1546 πρεσϐυτερίου

104 1567 377 1637 καθαιρεθεὶς
403 1566 506 1617 ὑπό
531 1572 622 1616 τοῦ
644 1569 905 1637 μακαρίου
934 1559 1276 1635 Ἀλεξάνδρου
1303 1559 1338 1616 δ
1342 1561 1375 1614 ι’
1409 1560 1660 1618 ἀσωτίαν.

110 1658 183 1706 [αἱ
202 1662 349 1707 ταῦτα
480 1661 724 1707 τοιοῦτον
752 1655 881 1726 ἔσχε
909 1656 995 1706 τὸν
1016 1656 1225 1728 τρόπον.

160 1922 218 1977 ιε’.
267 1923 328 1975 Οἱ
363 1918 422 1975 δέ
447 1926 573 1997 περὶ
610 1921 921 1975 Ἀθανάσιον
973 1920 1127 1974 πάλιν
1166 1925 1258 1981 τὴν
1293 1919 1496 1994 Ῥώμην
1533 1939 1666 1974 κατ-

108 2016 232 2082 έσχον
257 2028 275 2044 ο
324 2015 410 2063 καὶ
464 2013 491 2063 6
536 2020 638 2063 τῶν
696 2011 944 2086 ἐσπερίων
987 2009 1237 2084 βασιλεὺς
1292 2016 1560 2077 Κώνστας,
1598 2013 1666 2063 τὰ

109 2098 142 2151 ἑν
188 2097 397 2174 Σαρδικῇ
470 2105 725 2174 γενόμενα
796 2102 996 2174 μαθὼν,
1058 2100 1255 2173 ἔγραψε
1316 2108 1388 2171 τῷ
1454 2099 1669 2173 βασιλεῖ

110 2196 401 2262 lima-satvrnia
470 2198 582 2252 τοῖς
652 2195 771 2265 περὶ
825 2192 1134 2244 Ἀθανάσιον
1207 2187 1498 2244 ἀποδοῦναι
1571 2196 1666 2258 τὰς

109 2274 222 2339 ἰδίας
255 2278 548 2342 ἐκκλησίας.
605 2278 694 2342 Ὠς
752 2276 801 2332 δ’
858 2278 1175 2345 ἀνεϐαλλετο,
1230 2279 1383 2332 πάλιν
1441 2282 1663 2357 ἔγραψεν

109 2366 133 2422 ἦ
174 2363 405 2439 δέχεσθαι
452 2371 696 2436 τούτους,
726 2369 759 2427 ἣ
804 2372 934 2442 πρὸς
982 2368 1202 2441 πόλεμον
1250 2373 1663 2443 παρασκευάσα-

110 2457 218 2507 σθαι.
277 2462 389 2520 Τοῖς
443 2455 544 2510 ἐινὰ
590 2463 685 2517 τὴν
758 2459 825 2510 ἕω
888 2461 1059 2510 τοίνυν
1124 2456 1436 2520 ἐπισκόποις
1508 2466 1661 2513 τοῦτο

109 2550 410 2610 ιωνστάντιος
470 2549 872 2620 κοινωσάμενος,
927 2552 1019 2599 καὶ
1080 2552 1301 2620 νομίσας
1351 2549 1532 2610 εὔηθες
1589 2546 1662 2602 εἷ-

108 2653 169 2684 ναι
211 2632 295 2690 διὰ
352 2640 547 2696 ταύτην
604 2636 780 2689 αἰτίαν
835 2636 1077 2709 ἐμφύλιον
1134 2638 1401 2711 αἱρεῖσθαι
1451 2639 1659 2710 μάχην,

108 2730 219 2795 τρισὶ
253 2728 554 2801 γράμμασιν
609 2726 920 2780 Ἀθανάσιον
977 2726 1352 2800 μετεκαλέσατο
1408 2731 1497 2780 καὶ
1540 2730 1663 2790 τοὺς

110 2816 181 2864 σὺν
228 2816 352 2887 αὐτῷ
391 2834 405 2848 ⁸
483 2815 766 2870 κατέλαϐον
840 2814 928 2869 οὖν
992 2819 1111 2877 τούς
1183 2815 1376 2869 ἑαυτῶν
1450 2818 1664 2891 θρόνους

110 2904 263 2965 Παῦλος
317 2907 342 2958 6
417 2906 1027 2977 Kmva’rmrtsouxéhwg,
1094 2905 1388 2981 Μάρκελλος
1460 2907 1486 2959 6
1544 2907 1664 2979 Ἀγ-

106 2994 249 3065 ιύρας,
305 2995 599 3057 ’Δσκληπᾶς
646 2998 675 3049 6
712 2997 902 3063 Γάζης,
951 3000 1042 3049 καὶ
1091 2998 1313 3058 Λούκιος
1359 2997 1387 3048 ό
1438 2992 1661 3072 Ἀδρια-

109 3088 376 3150 sancimus"
411 3090 729 3152 ’Δθανάσιος
755 3086 806 3142 δ’
833 3089 907 3152 εἰς
945 3089 1273 3162 Ἀντιόχειαν
1330 3096 1424 3162 τῇν
1471 3094 1663 3164 Συρίας

1774 567 2015 629 callum.
2048 575 2401 630 lnnoceutes
2423 572 2629 630 autem
2647 569 3030 628 declaravere
3055 569 3441 630 Sardicenses

1776 658 2040 732 episcOpi
2085 660 2430 735 Asclepium
2481 663 2673 731 Gaza,
2707 662 2775 717 ut
2824 658 2905 717 ab
2957 658 3216 718 Eusebio
3269 661 3440 720 Pam-

1776 746 1923 821 phili
1943 749 2270 825 multisque
2281 752 2413 810 aliis
2426 750 2768 809 testimonia
2780 749 3130 809 atterentem
3145 766 3282 824 qua
3296 765 3439 809 eum

1775 837 2217 910 defendebant;
2266 841 2466 899 adhuc
2495 844 2553 897 et
2600 840 2848 898 Lucium
2870 839 3311 914 Adrianopolis,
3337 855 3440 898 eu-

1770 929 1873 1001 jus
1925 934 2308 989 accusatores
2340 931 2739 1003 aufugerant;
2772 929 3186 1005 deposuerunt
3235 933 3439 988 autem

1777 1021 2060 1091 Gorgiam
2089 1022 2485 1091 Alexandria,
2540 1022 2830 1079 Basilium
2878 1027 3153 1094 Ancyra,
3183 1019 3440 1080 Marcelli

1775 1108 2209 1181 adversarium,
2241 1112 2596 1169 Centianum
2626 1112 2795 1169 Gaza
2831 1110 2941 1186 qui
2966 1110 3307 1185 Asclepium
3335 1125 3437 1168 ur-

1775 1200 1975 1271 gebat,
2042 1200 2422 1259 Theodorum
2469 1200 2795 1269 Heraclea,
2837 1200 3181 1258 Narcissum
3240 1200 3442 1258 Irena-

1773 1289 1953 1363 polis,
1977 1291 2262 1348 Acacium
2296 1293 2581 1349 Casarea
2612 1290 2677 1347 in
2699 1290 3039 1358 Palastina,
3069 1288 3437 1363 Menophan-

1776 1383 1905 1436 tum
1935 1379 2175 1452 Ephesi,
2217 1381 2527 1438 Ursacium
2558 1379 2927 1451 Singidonis,
2949 1377 3256 1436 Valentem
3282 1380 3437 1438 Mur-

1774 1485 1878 1536 sa,
1911 1469 2231 1540 Georgium
2278 1468 2608 1539 Laodicea,
2638 1483 2998 1544 quanquam
3026 1467 3156 1542 ipse
3188 1466 3270 1525 ab
3319 1466 3438 1525 hac

1774 1559 2012 1632 synodo
2041 1559 2286 1631 aberat;
2310 1564 2370 1617 et
2394 1559 2467 1629 is,
2485 1559 2660 1631 juxta
2698 1572 2995 1630 magnum
3014 1556 3433 1629 Athanasium,

1775 1664 1848 1707 ex
1871 1649 2211 1707 sacerdotio
2229 1653 2476 1723 propter
2503 1648 2807 1706 luxuriam
2836 1663 2875 1705 a
2894 1647 3075 1706 beato
3095 1646 3435 1706 Alexandro

1773 1738 2087 1811 depositus
2116 1738 2330 1797 fuerat.
2354 1741 2421 1796 Et
2459 1738 2591 1796 hac
2616 1736 2865 1813 quidem
2886 1738 3004 1796 hoc
3031 1734 3219 1794 modo
3246 1752 3311 1795 se
3327 1734 3436 1796 hn-

1694 1836 1741 1894 B
1772 1828 1980 1886 buere.

1853 1923 1935 1976 t5.
1975 1917 2288 1976 Athanasii
2317 1921 2520 1976 autem
2549 1916 2815 1975 fautores
2841 1919 3048 1975 Roma
3076 1915 3349 1988 aderant,
3376 1918 3436 1975 et

1775 2008 2111 2067 Occidentis
2140 2008 2469 2083 imperator
2500 2010 2817 2075 Constans,
2858 2022 2999 2065 cum
3027 2021 3100 2064 ea
3125 2021 3265 2081 qua
3294 2007 3435 2065 Sar-

1773 2098 1924 2156 dica
1943 2098 2101 2156 facta
2123 2097 2360 2155 fuerant
2379 2097 2705 2169 didicisset,
2731 2097 2812 2154 ad
2830 2096 3259 2170 imperatorem
3278 2096 3433 2154 Con-

1773 2188 2060 2245 stantium
2120 2187 2358 2261 scripsit
2405 2190 2471 2244 ut
2524 2185 2836 2244 Athanasii
2894 2184 3235 2243 fautoribus
3288 2200 3434 2243 suas

1771 2276 2054 2334 ecclesias
2075 2276 2372 2334 redderet.
2396 2277 2543 2333 Cum
2572 2279 2779 2334 autem
2806 2275 2904 2333 hic
2939 2274 3430 2350 procrastinaret,

1764 2382 2012 2425 rursum
2032 2366 2087 2423 ei
2116 2366 2350 2439 scripsit
2375 2369 2564 2423 utaut
2589 2363 2723 2423 illos
2743 2364 3188 2422 restitueretant
3204 2362 3285 2422 ad
3308 2361 3435 2421 bel-

1767 2456 1896 2513 lum
1950 2472 2016 2512 se
2066 2458 2405 2529 appararet.
2461 2454 2637 2522 Quod
2687 2452 3083 2512 orientalibus
3134 2451 3435 2527 episcopis

1769 2549 1983 2602 notum
2032 2544 2259 2602 faciens
2324 2545 2710 2602 Constantius
2751 2542 3127 2616 credensque
3178 2540 3432 2600 stultum

1769 2649 1904 2692 esse
1956 2633 2038 2692 ob
2088 2633 2248 2691 hanc
2303 2649 2555 2691 causam
2602 2633 2936 2691 fraternum
2978 2630 3206 2689 bellum
3244 2630 3435 2688 susci-

1770 2727 1917 2794 tare,
1955 2723 2148 2780 tribus
2198 2722 2407 2780 litteris
2464 2722 2863 2780 Athanasium
2903 2720 3158 2795 ejusque
3200 2720 3433 2778 amicos

1769 2812 2095 2871 revocavit.
2147 2815 2521 2886 Receperunt
2561 2812 2743 2884 igitur
2794 2826 2942 2868 snas
2992 2809 3168 2869 sedes
3211 2808 3436 2868 Paulus

1771 2901 2347 2975 Constantinopolis,
2367 2901 2678 2960 Marcellus
2702 2904 2981 2974 Ancyra,
3009 2898 3298 2973 Asclepas
3326 2900 3437 2959 Ga-

1770 3009 1873 3062 za,
1887 2996 1945 3049 et
1967 2991 2180 3048 Lucius
2200 2990 2641 3065 Adrianopolis.
2676 2990 2824 3048 Cum
2843 2994 3050 3048 autem
3068 2988 3434 3048 Athanasius

1770 3081 2151 3139 Antiochiam
2202 3082 2386 3155 Syria
2423 3079 2700 3138 rediisset
2741 3079 2849 3137 ubi
2896 3078 3256 3138 venabatur
3285 3078 3437 3137 Con-

110 3172 372 3249 ἆοιιόμενος,
430 3180 554 3231 ἔνθα
601 3175 829 3252 διέτριϐε
884 3180 1266 3241 Κωνστάντιος,
1314 3181 1459 3231 εὔνου
1504 3175 1662 3238 δῆθεν

1774 3171 2048 3239 stantius,
2088 3169 2454 3229 benevolum
2504 3185 2647 3227 eum
2689 3170 2972 3243 expertus
2998 3171 3130 3225 est:
3157 3182 3234 3225 ex
3269 3167 3438 3226 Aris.-

108 3264 227 3317 τὲτοῦ
260 3266 493 3341 ἐπειράθη
523 3284 539 3299 ·
599 3276 701 3320 τῶν
734 3268 1010 3341 Ἀρειανῶν
1063 3263 1123 3321 δι
1175 3268 1521 3341 ὑποθεμένων,
1567 3270 1660 3341 ἔφη

104 3357 198 3426 πρὸς
235 3356 377 3409 αὐτὸν
422 3358 450 3409 6
508 3360 869 3419 Κωνστάντιος
900 3374 914 3387 ·
979 3355 1135 3421 ’Δξιῶ
1199 3355 1255 3409 ἐκ
1301 3356 1498 3410 πολλῶν
1555 3365 1657 3410 τῶν

106 3442 176 3493 ὑπὸ
222 3446 271 3496 σε
298 3444 616 3505 Ἐκκλησιῶν
670 3450 795 3520 μίαν
841 3448 986 3517 ἔχειν
1043 3445 1094 3498 ἐν
1122 3442 1490 3520 Ἀλεξανδρείᾳ
1540 3464 1660 3508 τους

105 3540 307 3585 κοινωνεῖν
378 3554 463 3588 σοι
535 3539 1006 3612 παραιτουμένους.
1070 3533 1129 3587 Ὀ
1204 3531 1282 3599 δὲ,
1360 3533 1656 3605 ὑπολαϐὼν,

106 3622 446 3693 ῐῐπραπλησίαν,
533 3626 650 3697 ἔφη,
728 3626 892 3700 χάριν
966 3623 1097 3677 αἰτῶ
1168 3622 1338 3696 κάγὼ,
1411 3622 1656 3697 βασιλεῦ,

246 3717 358 3784 μίαν
417 3716 561 3786 ἔχειν
613 3713 897 3773 ἐκκλησίαν
953 3712 1002 3765 ἐν
1056 3712 1354 3786 Ἀντιοχείᾳ
1392 3717 1514 3776 τοὺς
1560 3722 1661 3765 τῶν

107 3795 473 3870 πτεροδοξούντων
564 3807 660 3860 τὴν
755 3806 1024 3855 κοινωνίαν
1112 3804 1394 3874 φεύγοντας
1433 3816 1449 3832 ⁹
1535 3803 1658 3877 ὅπερ

54 3874 55 3891 “
107 3884 359 3954 ἀκούσαντες
424 3895 473 3944 οἱ
531 3893 795 3967 Ἀρειανοὶ
849 3890 995 3965 παρὰ
1040 3898 1134 3944 τοῦ
1197 3890 1480 3965 βασιλεως,
1535 3889 1660 3952 ἑξή-

107 3991 228 4031 Tum
278 3980 420 4034 πλέον
467 3979 647 4038 οὐδέν.
710 3982 928 4036 Ἐκεῖθεν
1000 3984 1169 4035 τοίνυν
1218 3981 1531 4043 Ἀθανάσιος
1579 3980 1660 4044 ἐξ·

107 4072 310 4137 ιρμὶσας,
362 4074 428 4124 τὰ
477 4071 822 4147 Ἰεροσόλυμα
870 4070 1147 4124 κατέλαϐεν
1180 4088 1194 4101 '
1249 4071 1317 4122 ὧν
1370 4072 1398 4122 ό
1442 4069 1660 4125 ἐπίσκο-

108 4170 174 4214 πος
208 4159 442 4233 Μάξιμος,
497 4158 725 4215 σύνοδον
788 4165 1011 4220 τοπικὴν
1075 4159 1394 4227 ἕπιτελεσας,
1454 4159 1659 4214 ἐκοινώ-

107 4262 214 4328 ξξσεν
237 4248 358 4321 αύτῷ
386 4265 403 4281 ·
444 4255 539 4303 καὶ
593 4251 757 4313 οὕτως
801 4250 872 4313 εἰς
902 4246 1299 4322 Ἀλεξάνδρειαν
1355 4248 1662 4323 ἀφικόμενος

122 4336 375 4409 Αθανάσιος,
404 4345 523 4403 τοὺς
570 4343 641 4394 τὰ
668 4342 875 4415 Ἀρείου
928 4348 1235 4415 φρονοῦντας
1288 4340 1524 4404 ἅπαντας
1563 4359 1659 4394 κα-

113 4423 241 4480 Gai-1?).

162 4533 220 4577 ις.
264 4517 336 4573 Ἐν
380 4523 552 4592 τούτῷ
595 4517 656 4574 δὲ
707 4525 955 4583 Κώνστας
1002 4520 1029 4571 ό
1073 4527 1169 4581 τῆς
1200 4519 1461 4596 Ἐσπέρας
1504 4520 1664 4595 βασι-
1693 4548 1737 4608 D

114 4598 223 4654 irim
260 4610 349 4661 ὑπὸ
399 4614 728 4683 Μαγνεντίου
787 4612 924 4663 κατὰ
964 4614 1228 4669 συσκευὴν
1272 4608 1519 4684 ἀνῃρέθη,
1572 4616 1664 4664 καὶ

116 4694 407 4762 Macriano;
474 4700 817 4774 αὐτοκράτωρ
888 4702 1061 4772 γέγονε
1132 4706 1222 4760 τῆς
1288 4697 1466 4772 ἀρχῆς
1530 4699 1662 4753 ἁπά-

118 4796 215 4840 πς·
267 4788 311 4848 ὃς
361 4794 469 4862 καὶ,
541 4797 653 4850 τοῖς
701 4787 989 4863 Ἀρειανοίς
1037 4790 1357 4861 πειθόμενος,
1417 4791 1485 4841 τὰ
1537 4808 1666 4863 προ-

116 4863 345 4945 δεδογμένα
429 4881 606 4932 πάντα
695 4877 1035 4953 μετέστρεψεν
1118 4878 1191 4942 εἰς
1279 4882 1340 4931 τὸ
1415 4880 1662 4932 ἐναντίον-

118 4962 261 5025 Παῦλος
306 4973 468 5021 τοίνυν
522 4970 549 5021 ό
604 4966 1194 5029 Κωνσταντινουπόλεως
1246 4967 1313 5030 εἰς
1363 4972 1662 5022 Κουκουσόν

118 5052 180 5109 Ti;
214 5052 450 5129 ’Δρμενίας
494 5058 783 5134 ἔξορισθεὶς
837 5057 1060 5133 ἀνῃρέθη
1110 5057 1319 5132 βρόχῳ,
1375 5063 1465 5111 καὶ
1509 5058 1663 5112 πάλιν

118 5141 183 5221 ῗὶν
240 5142 495 5204 ὶκκλησίαν
572 5151 812 5220 κατέσχε
899 5143 1226 5210 Μακεδόνιος
1265 5164 1279 5178 ·
1358 5148 1661 5221 Μαρκέλλου

122 5220 155 5273 δ’
202 5232 518 5309 ἐκϐληθέντος,
602 5236 857 5311 ἐγκρατὴς
924 5232 1072 5297 αὖθις
1137 5234 1334 5308 ἐγένετο
1390 5220 1487 5300 τῆς
1549 5237 1662 5290 ίπι-

126 5330 269 5383 iimi;
292 5330 549 5389 Βασίλειος
581 5343 597 5357 ’
634 5327 862 5387 Λούκιος
910 5322 971 5379 δὲ
1004 5321 1211 5400 σιδήρῳ
1261 5323 1475 5400 δέσμιος
1517 5326 1566 5379 ἓν
1595 5335 1658 5401 τῇ

125 5405 247 5492 ἐέρκτῇ
296 5409 539 5491 διεφθάρη
578 5437 592 5450 ο
652 5414 965 5476 Ἀθανάσιος
1016 5411 1075 5467 δὲ
1120 5414 1413 5477 κελευσθεὶς
1460 5414 1660 5492 ἀναιρεο

1768 3277 1991 3319 norum
2035 3264 2240 3319 autem
2265 3258 2537 3331 consilio,
2578 3258 2662 3317 illi
2704 3256 2960 3330 subjecit
2995 3257 3383 3316 Constantius
3414 3273 3432 3316 :

1768 3354 2004 3409 iustum
2041 3364 2258 3407 censeo
2304 3364 2376 3406 ex
2417 3348 2623 3407 multis
2650 3364 2788 3424 qua
2817 3346 2934 3405 sub
2970 3349 3029 3405 te
3058 3350 3202 3405 sunt
3250 3344 3437 3406 eccle-

1769 3440 1873 3498 siis
1899 3445 1963 3497 ut
2000 3455 2187 3497 unam
2224 3439 2493 3498 habeant
2520 3437 2900 3497 Alexandria
2926 3436 3036 3512 qui
3053 3440 3254 3495 tecum
3271 3452 3436 3496 eom-

1769 3530 2079 3589 municare
2104 3528 2386 3587 nolunt.E
2404 3533 2615 3587 contra
2639 3533 2841 3587 autem
2864 3526 3001 3586 ille:
3035 3525 3324 3597 Similem,
3346 3525 3436 3584 in-

1768 3620 1920 3695 quit,
1949 3636 1987 3677 a
2015 3624 2093 3684 te,
2124 3620 2474 3693 imperator,
2500 3618 2767 3692 efﬂagito
2797 3618 3076 3692 gratiam,
3117 3632 3340 3692 nempe
3367 3619 3436 3678 ut

1768 3724 1960 3768 unam
2005 3709 2333 3767 Antiochia
2389 3709 2659 3767 habeant
2712 3707 3037 3769 ecclesiam
3063 3707 3171 3782 qui
3198 3707 3434 3766 hetero-

1768 3799 2071 3857 doxorum
2101 3799 2598 3857 communionem
2626 3799 2887 3872 fugiunt.
2914 3797 3090 3866 Quod
3121 3796 3435 3856 audientes

1769 3890 1990 3960 Ariani,
2028 3890 2177 3947 nihil
2205 3890 2470 3964 amplius
2500 3890 2889 3964 quasierunt.
2920 3887 3066 3951 Inde
3089 3886 3269 3959 igitur
3294 3899 3436 3959 pro-

1768 3980 1958 4038 fectus
1986 3980 2351 4039 Athanasius
2377 3981 2861 4055 Hierolosymam
2904 3976 3215 4052 pervenit;
3259 3974 3435 4047 cujus

1768 4070 1933 4127 urbis
1962 4071 2285 4146 episcopus
2300 4068 2794 4143 Maximus,locali
2818 4065 3057 4142 synodo
3075 4066 3432 4133 convocata,

1768 4175 1911 4217 cum
1959 4161 2061 4218 illo
2114 4160 2611 4218 communicavit.
2642 4161 2838 4233 Atque
2867 4157 2956 4216 ita
3002 4170 3147 4214 cum
3176 4153 3433 4213 Alexan-

1768 4249 1963 4307 driam
1992 4249 2267 4307 rediisset
2297 4248 2681 4322 Athanasius,
2715 4261 2933 4306 omnes
2952 4261 3060 4307 eos
3079 4244 3186 4321 qui
3204 4244 3430 4307 Arium

1769 4340 2061 4412 dogmata
2089 4337 2545 4413 proﬁtebantur,
2570 4336 2878 4413 deposuit.

1844 4522 1930 4579 16.
1972 4521 2202 4577 Interea
2231 4533 2376 4577 vero
2403 4519 2700 4577 Constans
2727 4516 2837 4591 qui
2873 4515 2936 4574 in
2979 4514 3299 4575 Occidente
3334 4529 3426 4575 re-

1772 4610 2019 4682 gnabat,
2060 4625 2098 4665 a
2140 4608 2479 4681 Magnentio
2512 4622 2621 4682 per
2656 4606 2908 4664 insidias
2931 4605 3275 4665 interfectus
3311 4609 3423 4678 est,

1754 4683 1831 4757 Eet
1858 4702 2051 4756 factus
2084 4702 2177 4755 est
2204 4697 2590 4756 Constantius
2608 4697 2773 4755 orbis
2793 4695 3053 4755 universi
3076 4696 3423 4771 imperator.

1773 4788 1886 4856 Qui
1923 4788 2004 4845 ab
2028 4788 2261 4845 Arianis
2284 4787 2570 4845 seductus
2595 4801 2997 4861 quacumque
3024 4788 3166 4844 ante
3183 4783 3426 4844 decreta

1773 4882 1945 4935 erant
1971 4878 2032 4935 in
2062 4877 2430 4936 contrarium
2477 4875 2751 4934 mutavit.
2804 4875 3025 4933 Paulus
3051 4875 3233 4947 igitur
3272 4875 3423 4932 Con-

1772 4967 2194 5041 stantinopolis
2242 4967 2305 5024 in
2336 4966 2552 5024 urbem
2594 4966 2891 5024 Armenia
2921 4966 3222 5023 Cucusum
3250 4978 3425 5021 exsu-

1771 5057 1928 5115 latus
1953 5056 2173 5130 laqueo
2214 5056 2560 5115 interfectus
2588 5060 2698 5126 est,
2740 5059 2799 5113 et
2815 5070 3024 5113 rursus
3050 5054 3211 5113 hanc
3240 5052 3426 5112 eccle-

1771 5147 1924 5205 siam
1952 5146 2168 5204 habuit
2193 5146 2595 5219 Macedonius,
2623 5145 2897 5205 Marcello
2915 5147 3121 5202 autem
3143 5142 3419 5219 expulso,

1772 5237 2127 5311 episcopatu
2182 5252 2425 5295 rursum
2479 5236 2682 5312 potius
2736 5238 2828 5294 est
2884 5233 3158 5293 Basilius.
3212 5234 3428 5293 Lucius

1773 5326 1928 5383 ferro
1955 5327 2193 5384 vinctus
2220 5326 2283 5384 in
2311 5342 2548 5385 carcere
2575 5325 2769 5401 periit.
2808 5324 3171 5384 Athanasius
3198 5328 3426 5396 autem,

1773 5431 1954 5489 quem
1974 5415 2225 5473 interﬁci
2250 5416 2531 5489 jusserat,
2543 5416 2645 5474 vix
2675 5414 2928 5489 aufugit.
2950 5414 3255 5473 Profectus
3281 5429 3428 5474 vero

127 5491 249 5582 ἔξω,
305 5503 460 5582 μόλις,
509 5502 774 5577 διέφυγεν.
839 5504 1253 5579 Ἐκστρατεύσας
1321 5502 1380 5559 δὲ
1430 5503 1513 5558 ἐπὶ
1568 5491 1664 5566 τὴν

1774 5506 1837 5563 in
1887 5505 2147 5579 lllyriam
2180 5507 2563 5565 Constantius
2592 5510 2804 5563 contra
2854 5506 3296 5564 Brettanionem
3338 5521 3428 5565 re-

126 5578 326 5659 Ὶὶῖρνρίδα
396 5596 757 5655 Κωνστάντιος
828 5597 965 5647 κατὰ
1038 5597 1412 5669 Βρεττανίωνος
1477 5614 1667 5669 τυραν-

130 5674 335 5752 νῆσαι-δῖος,
375 5683 495 5741 ἧκεν
553 5683 634 5746 εἰς
675 5686 736 5736 τὸ
793 5688 1025 5757 Σίρμιον,
1083 5685 1205 5737 ἔνθα
1259 5680 1327 5742 δὴ
1386 5693 1482 5748 τῆς
1532 5688 1669 5740 κατὰ

1777 5611 1967 5667 gnum
1997 5595 2400 5665 aﬁ‘eetantem,
2436 5595 2719 5653 Sirmium
2747 5594 2913 5653 venit
2947 5594 3054 5652 ubi
3102 5594 3315 5654 habita
3340 5597 3433 5655 est

1779 5689 1988 5745 contra
2018 5686 2336 5744 Photinum
2387 5684 2683 5759 synodus.
2735 5685 2965 5744 Interea
2992 5700 3031 5744 a
3067 5684 3190 5743 suis
3217 5683 3430 5758 legatis
