4040 6318
582 286 648 348 il
1920 277 2199 340 NICETIE
2238 279 2614 343 CHONIATE
3880 302 3955 358 4.2

578 426 756 472 sacro
780 409 967 470 calice
1011 408 1414 485 inquisierunt
1441 410 1497 466 et
1549 408 1624 466 de
1655 408 2015 484 episcopalis
2072 408 2220 466 sedis

2341 430 2450 482 νος,
2476 409 2802 476 Μακεδόνιος
2848 413 3238 487 Μοψουεστίας,
3271 418 3324 469 οἶ
3370 422 3460 471 καὶ
3506 419 3830 488 ζητήσαντες
3881 426 3955 478 τὰ

578 501 910 573 eversione,
939 516 1080 558 vera
1107 498 1353 574 quidem
1382 499 1913 574 praetermiserunt,
1946 498 2103 557 falsa
2128 514 2220 557 au-

2335 506 2584 574 περὶτῆς
2625 509 2727 583 τοῦ,
2782 510 3044 576 μυστικοῦ
3092 510 3352 581 ποτηρίου
3386 509 3683 584 συντριϐῆς,
3716 519 3804 565 καὶ
3851 523 3954 576 τῆς

576 596 701 653 tem
729 591 849 666 ipsi
871 588 1184 663 imaginati
1215 592 1377 659 sunt,
1406 587 1959 663 deposueruntque,
1991 594 2056 646 ut
2102 604 2230 645 cre-

576 681 824 745 debant,
856 677 1275 744 Athanasium.
1310 678 1442 750 ejus
1491 677 1627 736 loco
1663 678 1865 752 ipsum
1910 678 2229 735 Arsenium

578 771 962 847 accipientes.
994 769 1170 843 cujus
1196 784 1453 826 manum
1490 773 1871 842 amputatam
1900 784 2031 825 esse
2072 767 2231 825 dice-

574 859 727 920 bant
745 880 760 933 ;
781 860 888 934 qui
915 859 1084 934 prius
1113 858 1563 917 Meletianorum
1607 857 2048 931 superstitionis
2070 859 2226 931 epis-

574 967 765 1026 copus
786 954 932 1009 tunc
957 949 1123 1024 apud
1133 948 1302 1023 ipsos
1325 951 1391 1006 ut
1408 948 1866 1023 Hypseletorum
1884 948 2051 1006 urbis
2075 948 2227 1023 epis-

574 1054 766 1116 copus
792 1042 1004 1100 contra
1039 1036 1443 1099 Athanasium
1471 1036 1848 1111 subscripsit.

642 1224 700 1280 3.
739 1220 971 1278 Interea
1020 1232 1164 1276 vero
1213 1215 1479 1291 perfecto
1518 1215 1944 1290 Hierosolymis
2000 1216 2225 1290 templo

570 1324 765 1385 prope
794 1323 937 1367 eum
965 1305 1212 1366 calvarii
1256 1305 1458 1364 locum
1486 1306 1595 1380 qui
1620 1321 1918 1378 magnum
1965 1306 2225 1364 testimo-

570 1399 744 1458 nium
769 1400 1045 1464 vocatur,
1070 1395 1255 1469 jussit
1280 1394 1609 1469 imperator
1627 1395 1946 1469 episcOpos
1965 1395 2072 1470 qui
2090 1394 2225 1468 Tyri

570 1485 827 1547 aderant
849 1484 1329 1559 Hierosolymam
1346 1483 1545 1542 venire
1564 1484 1756 1542 ethoc
1772 1483 2065 1558 templum
2088 1499 2225 1541 con-

570 1591 824 1635 secrare.
855 1577 1017 1634 Tunc
1036 1578 1238 1633 autem
1260 1574 1642 1632 occasionem
1659 1574 2030 1631 invenientes
2058 1573 2223 1631 Aria-

568 1680 791 1725 norum
814 1665 1079 1724 fautores
1114 1667 1501 1722 tentaverunt
1543 1666 1610 1721 ut
1649 1662 2077 1737 Hierosolymis
2127 1679 2222 1737 sy-

2338 593 2687 666 καθαιρέσεως
2729 600 2822 646 τοῦ
2879 592 3226 648 ἔπίσκοπικοῦ
3281 597 3486 669 θρόνου,
3541 602 3606 653 τὰ
3652 603 3741 673 μὲν
3773 602 3947 663 ἀληθῆ

2337 680 2619 754 παρῆλθον,
2685 681 2977 736 ἐπλάσαντο
3029 680 3089 736 δὲ
3141 689 3231 737 καὶ
3286 685 3435 738 αὐτοὶ
3486 690 3554 740 τὰ
3608 687 3807 761 ψευδῆ,
3854 698 3952 745 καὶ

2335 772 2740 846 καθῄρησαν,ὡς
2803 771 3067 847 ἐνόμισαν,
3143 774 3475 847 ’Δθάνασιον,
3530 774 3801 852 δεξάμενοι
3854 788 3951 835 καὶ

2337 859 2493 913 αὐτὸν
2554 861 2838 935 Ἀρσένιον,
2892 863 2953 917 οὗ
3004 863 3183 935 ἔλεγον
3246 863 3552 939 ἐκκεκόφθαι
3615 874 3709 929 τὴν
3759 878 3946 945 χεῖραο

2336 950 2411 1017 ὃς,
2466 955 2715 1027 πρότερον
2764 960 2859 1014 τῆς
2906 951 3226 1005 Μελιτιανῶν
3297 957 3581 1030 θρησκείας
3660 957 3950 1021 ἐπίσκοπος

2333 1042 2423 1111 ὤν,
2453 1048 2745 1100 τηνικαῦτα
2786 1041 2911 1116 παρ’
2960 1043 3137 1106 αὐτοῖς
3178 1046 3244 1104 ὡς
3285 1053 3383 1106 τῆς
3418 1045 3774 1117 ’Υψηλετητῶν
3832 1049 3950 1103 ἐπί-

2336 1148 2532 1193 σκοπος
2569 1130 2759 1193 πόλεως
2789 1131 3058 1206 ὑπέγραψε
3081 1135 3219 1186 κατά
3241 1133 3579 1192 "Aeduae-tau.

2403 1218 2471 1293 γ’.
2524 1220 2606 1275 Ἐν
2652 1224 2819 1293 τούτῳ
2861 1218 2915 1275 δ’
2960 1221 3359 1296 ἐξεργασθέντος
3405 1232 3499 1278 τοῦ
3552 1225 3603 1278 ίν
3659 1226 3921 1301 Ἱεροσολύ

2332 1329 2447 1382 μοις
2521 1317 2647 1364 ναοῦ
2701 1316 2819 1387 περὶ
2897 1314 2984 1364 τόν
3042 1320 3134 1365 τοῦ
3187 1318 3399 1389 κρανίου
3463 1323 3641 1390 χῶρον
3694 1319 3749 1379 ὃς
3802 1323 3953 1392 μέγα

2331 1403 2781 1476 προσαγορεύεται
2861 1403 3166 1475 μαρτύριον,
3246 1402 3503 1458 ἐκέλευσεν
3576 1407 3601 1457 ὁ
3687 1405 3950 1480 βασιλεὺς

2330 1492 2449 1551 τοὺς
2506 1488 2555 1542 ἐν
2631 1492 2781 1565 Τύρῳ
2846 1491 3260 1564 συνειλεγμενους
3338 1492 3656 1558 ἐπισκόπους
3713 1497 3947 1552 καταλα-

2332 1577 2438 1631 ϐεῖν
2480 1583 2545 1639 τὴ
2603 1578 2959 1653 Ἱεροσόλυμα,
3037 1585 3127 1634 καὶ
3183 1585 3271 1634 τόν
3326 1591 3560 1637 τοιοῦτον
3616 1588 3947 1660 καθιερῶσαι

2329 1672 2470 1724 ναόν.
2529 1674 2834 1726 Τηνικαῦτα
2881 1665 2943 1722 δε
2985 1673 3167 1743 καιρὸν
3215 1672 3443 1747 εὑρόντες
3497 1676 3546 1726 οἱ
3600 1672 3944 1751 ἀρειανόφρο-

567 1755 768 1816 nodus
786 1753 955 1815 ﬂeret
991 1759 1051 1813 et
1079 1754 1430 1813 communio
1465 1753 1604 1811 Ario
1644 1756 1702 1811 et
1737 1753 1956 1811 Euzoio
2007 1768 2218 1811 conce-

2335 1777 2407 1820 νες
2445 1754 2785 1811 ἐσπούδασαν
2829 1756 2877 1810 ἓν
2928 1758 3303 1834 Ἱεροσολύμοις
3391 1765 3635 1833 γενέσθαι
3690 1762 3941 1836 σύνοδον,

567 1844 831 1905 deretur.
860 1843 1218 1919 Imperatori
1259 1843 1442 1915 igitur
1472 1842 1623 1901 illud
1672 1857 1782 1917 per
1817 1842 2008 1916 ipsius
2055 1859 2220 1900 soro-

564 1949 697 1992 rem
738 1933 1158 1993 Constantiam
1201 1931 1660 2007 quemdamque
1724 1932 1911 2005 hujus
1951 1931 2219 1989 mulieris

2326 1851 2418 1899 καὶ
2441 1852 2710 1909 κοινωνίας
2749 1844 3069 1921 μεταδοῦναι
3096 1850 3283 1925 Ἀρείῳ
3322 1855 3413 1903 καὶ
3467 1851 3683 1925 Εύζωῖῳ
3724 1859 3946 1907 πείσαν-

2325 1956 2405 1998 τες
2445 1941 2619 1989 τοίνυν
2675 1940 2762 1989 τὸν
2817 1936 3045 2010 βασιλεα
3110 1935 3206 1991 διὰ
3274 1947 3372 2003 τῆς
3456 1940 3639 1995 ἑαυτοῦ
3707 1940 3946 2017 ἀδελφῆς

563 2021 928 2082 familiarem
973 2022 1402 2098 presbyterum
1435 2021 1718 2080 arianum
1766 2036 2124 2095 persuaserc
2162 2024 2219 2079 et

562 2127 850 2172 curavere
904 2115 973 2171 ut
1016 2110 1223 2169 Arium
1283 2110 1695 2185 Euzoiumque
1767 2109 2012 2181 videret,
2058 2126 2216 2182 quos

560 2206 891 2277 postquam
917 2201 1069 2261 vidit
1096 2200 1450 2276 censuitque
1462 2202 1587 2259 fere
1615 2205 1682 2259 ut
1709 2200 1981 2258 Niceenos
2010 2200 2216 2259 Patres

561 2292 825 2362 credere,
839 2307 944 2351 eos
964 2291 1044 2350 ad
1067 2291 1387 2366 episcopos
1408 2290 1836 2364 Hierosolymis
1885 2306 2217 2362 congrega-

558 2384 653 2439 tos
680 2380 862 2453 misit,
893 2380 1166 2439 scribens
1194 2383 1260 2438 ut
1297 2380 1375 2439 de
1418 2379 1535 2439 illis
1578 2380 1910 2452 benignum
1965 2380 2218 2438 ferretur

562 2469 947 2542 suffragium,
1002 2470 1055 2527 si
1082 2473 1241 2528 recte
1269 2469 1513 2535 credere
1542 2469 1904 2528 viderentur.
1938 2470 2216 2528 Occasio-

552 2574 697 2619 nem
715 2558 900 2632 igitur
921 2558 1274 2634 arripientes
1297 2559 1501 2617 Ariani
1530 2573 1634 2617 eos
1679 2564 2058 2632 exceperunt,
2100 2559 2215 2615 im-

552 2648 940 2724 pcratorique
976 2653 1035 2707 et
1065 2648 1360 2707 universis
1418 2649 1721 2724 episcopis
1774 2648 2065 2723 scripsere
2110 2663 2215 2705 eos

552 2737 926 2798 orthodoxos
956 2754 1109 2797 esse.

622 2830 677 2886 4.
711 2826 818 2886 His
845 2828 930 2887 ita
961 2828 1132 2897 actis,
1165 2827 1531 2887 Athanasius
1565 2830 1722 2902 Tyro
1742 2826 2005 2900 ,‘fugiens
2034 2829 2211 2885 Cons-

552 2917 979 2993 tantinopolim
1001 2920 1203 2988 venit;
1226 2917 1400 2990 cujus
1420 2917 1702 2991 precibus
1730 2932 2006 2975 annuens
2028 2918 2215 2989 impe-

2335 2924 2495 2997 Γύρου
2534 2926 2711 2995 φυγὼν
2753 2926 2826 2985 εὶς
2885 2925 3425 2979 Κωνσταντινούπολιν
3482 2923 3655 2985 ἦλθενο
3726 2925 3785 2981 οὗ
3839 2938 3941 2993 τῆς

551 3011 718 3069 rator
736 3007 994 3066 dicentis
1016 3022 1080 3064 se
1101 3023 1226 3066 non
1244 3007 1405 3080 juste
1422 3006 1781 3064 damnatum
1798 3022 1949 3075 esse,
1973 3006 2215 3080 scripsit

2335 3009 2556 3075 δεήσεως
2608 3010 2839 3076 ἀκούσας
2886 3015 2912 3066 ὁ
2968 3012 3218 3088 βασιλεὺς
3265 3020 3338 3089 μὴ
3399 3012 3615 3079 δικαίως
3682 3021 3955 3093 κριθῆναιί

552 3097 854 3173 episcopis
875 3102 1019 3157 tunc
1047 3098 1182 3173 Tyri
1224 3097 1604 3193 congregatis
1653 3102 1720 3155 ut
1747 3097 1827 3155 ad
1870 3097 2077 3171 ipsum
2115 3096 2216 3153 dc-

2335 3105 2581 3174 λέγοντος,
2636 3101 2832 3176 ἔγραψε
2884 3109 2996 3166 τοῖς
3060 3102 3107 3156 ἐν
3163 3106 3312 3179 Τύρῳ
3365 3108 3791 3180 συναθροισθεῖσι
3838 3116 3940 3170 τή-

553 3188 932 3259 scenderent,
952 3192 1020 3247 ut
1038 3204 1245 3247 coram
1265 3187 1403 3263 ipso
1424 3186 1738 3246 Anathasii
1775 3203 1961 3245 causa
1992 3186 2216 3244 exami-

2335 3198 2542 3245 nxezﬁret
2596 3191 2902 3246 καταλαϐεῖν
2948 3196 3077 3268 πρὸς
3116 3193 3293 3264 αὐτὸν,
3336 3197 3423 3262 ,ὡς
3483 3198 3544 3248 ἄν
3620 3197 3683 3250 ἐπ
3746 3198 3941 3270 ὄψεσιν

553 3281 821 3335 naretur.
861 3278 1194 3351 Postquam
1250 3276 1431 3349 igitur
1476 3277 1873 3347 advenerunt,
1924 3275 2215 3333 Eusebius

2335 3280 2485 3333 κύτοῡ
2536 3276 2888 3355 δοκιμασθείη
2942 3284 3009 3335 τὰ
3079 3285 3219 3336 κατὰ
3292 3283 3629 3342 Ἀθανασίου.
3692 3289 3944 3344 Καταλα·

552 3365 916 3426 Nicomediae
951 3364 1359 3425 contendebat
1404 3366 1636 3439 justam
1700 3366 1775 3455 in,
1820 3365 2215 3455 Athanasium

2335 3368 2516 3423 ϐόντων
2560 3367 2650 3422 οὖν
2680 3370 2871 3441 αὐτῶν,
2930 3371 3174 3433 Εὐσέϐιος
3220 3373 3245 3424 ὁ
3292 3372 3659 3448 Νικομηδείας
3714 3376 3941 3455 ἰσχυρί-

552 3454 742 3514 latam
770 3470 901 3514 esse
930 3456 1287 3513 sententiam
1315 3473 1330 3526 ;
1366 3459 1545 3513 testes
1581 3454 1853 3528 praestitit
1884 3454 2213 3526 Thcognim

2335 3459 2440 3521 ζετο
2499 3455 2713 3513 δικαίαν
2765 3465 2859 3519 τὴν
2916 3461 3000 3514 ἐπὶ
3056 3462 3368 3516 Ἀθανάσιον
3417 3466 3661 3536 γενέσθαι
3735 3454 3943 3541 ψῆφον,

556 3550 617 3604 et
639 3545 890 3604 larium
914 3549 973 3603 et
990 3544 1370 3603 Theodorum
1392 3548 1451 3602 et
1477 3544 1783 3602 Valentem
1805 3548 1863 3601 et
1882 3545 2215 3602 Ursacium.

2335 3551 2594 3625 αάρτυρας
2617 3557 2825 3624 παρῆγε
2855 3555 3070 3623 Θέογνιν
3128 3556 3221 3605 καὶ
3278 3555 3450 3629 Μάριν
3504 3559 3595 3607 καὶ
3657 3554 3945 3632 Θεόδωρον

556 3639 891 3711 Imperator
928 3639 1132 3694 autem
1176 3635 1302 3694 sive
1358 3634 1626 3693 crederet
1661 3650 1808 3692 vera
1863 3651 2003 3708 quae
2060 3636 2218 3693 dicc-

2335 3642 2417 3691 ιιαὶ
2466 3638 2731 3692 Οὐάλεντα
2776 3644 2866 3692 καὶ
2922 3640 3241 3713 Ούρσάκιον.
3294 3640 3354 3694 Ὀ
3425 3638 3485 3695 δὲ
3530 3640 3776 3716 βασιλεὺς
3834 3650 3949 3701 εἴτε

555 3723 801 3796 bantur,
859 3724 987 3784 sive
1075 3723 1421 3783 consentire
1493 3722 1906 3797 suspicaretur
1990 3724 2219 3798 episco-

2335 3724 2494 3787 ἀληθῆ
2540 3731 2833 3790 πιστεύσας
2900 3725 3030 3783 ἐῖναι
3083 3732 3149 3782 τὰ
3186 3729 3451 3804 λεγόμενα,
3503 3735 3602 3785 εἴτε
3630 3735 3948 3807 ὁμονοήσειν
4014 3734 4015 3737 “

558 3829 673 3890 pos
719 3818 788 3873 ut
814 3830 848 3873 e
895 3814 1098 3873 medio
1129 3813 1435 3872 tolleretur
1474 3812 1863 3881 Athanasius,
1905 3814 2220 3873 mandavit

2335 3819 2627 3881 ὑπονοήσας
2656 3821 2777 3881 τοὺς
2801 3821 3141 3888 επισκόπους,
3164 3821 3228 3873 ἶν’
3260 3819 3495 3875 ἐκποδὼν
3536 3828 3737 3896 γίνοιτο
3782 3825 3950 3881 Ἀθακ

558 3907 627 3962 ut
645 3903 700 3962 is
717 3904 1018 3963 Treverim
1043 3903 1461 3969 abduceretur,
1490 3917 1628 3976 quas
1664 3907 1754 3960 est
1781 3902 1927 3959 urbs
1948 3902 2220 3960 occiden-

2335 3908 2523 3978 νάσιος,
2560 3912 2873 3983 προσέταττε
2929 3909 3293 3983 ἆπηνεχθῆναι
3348 3920 3531 3966 τοῦτον
3578 3914 3650 3977 εἰς
3694 3914 3946 3989 Τρίϐεριν

558 3993 773 4052 talium
800 3994 1144 4064 Gallorum;
1168 3991 1591 4066 abductusquc
1616 3996 1705 4049 est
1722 3992 2087 4050 Athanasius
2112 3993 2220 4051 ibi-

2335 4005 2429 4049 τῶν
2475 3999 2606 4072 πρὸς
2658 3994 2814 4050 δύσιν
2860 3999 3122 4069 Γαλατῶν,
3179 4004 3270 4054 καὶ
3300 4003 3325 4054 ὁ
3353 4005 3443 4076 μὲν
3480 4001 3720 4076 ἀπήχθη,
3750 4010 3842 4059 καὶ
3874 3994 3955 4066 ἦν

560 4098 681 4159 que
705 4083 928 4142 mansit
955 4098 1148 4158 usque
1169 4080 1250 4140 ad
1270 4086 1527 4140 mortem
1557 4082 1947 4140 Constantini.

2335 4087 2435 4140 ἓκεῖ
2460 4086 2556 4149 ἕως
2575 4095 2670 4149 τῆς
2710 4094 3098 4143 Κωνσταντίνου
3130 4090 3392 4156 τελευτῆς.

636 4176 693 4231 5.
721 4172 896 4230 Arius
923 4175 1125 4230 autem
1150 4176 1289 4246 post
1310 4171 1589 4231 habitam
1644 4172 2074 4246 Hierosolymis
2124 4190 2220 4247 sy-

2401 4175 2456 4235 ε’.
2521 4175 2580 4230 Ὀ
2630 4174 2692 4231 δέ
2736 4176 2942 4252 ’Ἄρειος
2998 4182 3129 4252 μετὰ
3185 4184 3272 4240 τὴν
3334 4181 3382 4235 ἑν
3429 4181 3800 4257 Ἱεροσολύμοις
3844 4189 3948 4239 σύ.-

562 4260 800 4321 nodum
835 4260 899 4319 in
936 4263 1262 4335 Egyptum
1298 4260 1482 4318 venit.
1525 4263 1673 4318 Cum
1727 4260 1830 4318 illo
1865 4266 2069 4319 autem
2097 4278 2220 4320 non

2335 4261 2501 4335 νοδον,
2534 4267 2655 4324 ἧκεν
2686 4266 2752 4328 εἰς
2799 4271 3084 4341 Αἵγυπτονυ
3143 4273 3216 4342 μὴ
3276 4275 3626 4336 κοινωνούσης
3680 4270 3739 4327 δέ
3791 4276 3948 4342 αὐτῷ

565 4349 1056 4410 communicante
1084 4334 1631 4407 Alexandrinorum
1668 4348 1949 4417 Ecclesia,
1981 4366 2220 4409 rursum

2335 4363 2425 4418 τῆς
2445 4353 2820 4433 ’Δλεξανδρέων
2856 4334 3190 4425 ’ἐκκλησίαςν
3217 4360 3371 4414 πᾶλιν
3402 4334 3621 4422 ἀνηλθεν
3669 4363 3741 4427 εἰς
3794 4334 3950 4419 ι(ωὲ-

567 4437 1150 4514 Constantinopolim
1173 4438 1368 4496 rediit.
1401 4442 1596 4511 Atque
1615 4438 1697 4495 ita
1716 4438 2058 4512 adimpletas
2083 4444 2220 4498 sunt

2335 4448 2774 4501 σταντινούπολιν·
2835 4452 2924 4502 καὶ
2976 4450 3142 4512 οὕτως
3196 4453 3343 4526 ἔργον
3401 4452 3592 4526 ἐγένετο
3638 4463 3731 4518 τῆς
3795 4456 3951 4512 Ἀλει

567 4530 762 4590 sancti
779 4528 1105 4588 Alexandri
1133 4543 1366 4603 preces.
1384 4531 1521 4585 Post
1531 4527 1657 4585 haec
1680 4533 1882 4586 autem
1902 4529 2220 4588 manifeste

2335 4534 2558 4613 ξάνδρου
2586 4543 2677 4591 τοῦ
2710 4538 2847 4611 ἱεροῦ
2875 4546 3153 4613 προσευχῆ
3166 4562 3207 4603 ς.
3248 4544 3395 4595 Μετὰ
3448 4540 3508 4595 δι
3555 4564 3723 4598 ταυτα
3750 4563 3949 4601 νεωτε-

566 4624 882 4697 ccepcrunt
906 4619 1197 4677 innovare
1228 4616 1554 4675 Eusebiani
1584 4617 1742 4675 circa
1796 4619 2220 4693 episcoporum

2335 4627 2493 4702 ρίζειν
2547 4636 2774 4701 φανερῶς
2821 4629 2870 4681 οἱ
2919 4633 3040 4705 περί
3090 4629 3341 4684 Εύσέϐιον
3388 4631 3613 4706 ἤρξαντο
3667 4640 3787 4709 περὶ
3839 4641 3949 4695 τὴν

565 4712 774 4770 Nicaeae
798 4712 1302 4783 congregatarum
1316 4706 1752 4781 expositionem
1768 4714 1821 4765 et
1840 4711 2061 4783 scripto
2082 4727 2220 4768 con-

2335 4718 2533 4770 ἔκθεσιν
2563 4724 2663 4769 τῶν
2707 4716 2755 4770 ἐν
2784 4722 2985 4792 Νικαίᾳ
3037 4719 3476 4793 συνεληλυθότων,
3535 4728 3626 4777 καὶ
3675 4723 3950 4781 εκϐαλλειν

567 4798 965 4859 substantiale
992 4798 1260 4870 rejicere.
1317 4796 1630 4870 Synodum
1672 4797 1855 4869 igitur
1899 4799 2220 4859 Constanti.

2335 4804 2598 4882 ἐγγράφως
2680 4810 2738 4860 τὸ
2782 4808 3075 4881 όμοούσιον·
3139 4806 3357 4863 σύνοδον
3416 4808 3502 4864 οὖν
3590 4811 3950 4886 ἀθροισθῆναι

562 4889 836 4965 nopolim
861 4887 1184 4947 convenire
1206 4891 1515 4958 curarunt,
1534 4886 2069 4963 deposueruntquc
2094 4891 2220 4948 etin

2335 4897 2828 4969 παρασκευάσαντες
2929 4896 2978 4950 ἐν
3071 4899 3612 4955 Κωνσταντινουπόλει
3698 4904 3951 4959 καθείλον

565 4979 813 5038 exilium
872 4976 1027 5036 mitti
1074 4975 1437 5033 studuerunt
1486 4976 2018 5035 consubstantialis
2072 4996 2220 5053 prte-

2335 5005 2422 5037 xeu
2471 4988 2772 5059 πεμφθῆναι
2810 4989 2943 5061 πρὸς
2995 4989 3275 5064 ὑπερορίαν
3346 4991 3607 5045 ἔσπευσαν
3663 4996 3784 5055 τοὺς
3843 5006 3950 5051 τοῦ

564 5086 767 5139 cenes,
811 5066 1160 5159 Asclepium
1188 5068 1408 5159 fama
1446 5066 1820 5159 episcopum,
1882 5067 2220 5128 Climatium

2335 5075 2615 5148 ὁμοουσίου
2684 5082 2937 5153 κήρυκας,
3010 5079 3311 5138 Ἀσκληπᾶν
3384 5080 3658 5136 ἐπίοκοπον
3741 5085 3950 5159 Γάζης,

562 5158 874 5224 Antaradi,
896 5157 1152 5215 alterum
1175 5155 1520 5214 Climatium
1568 5156 1740 5226 Palti,
1792 5158 2220 5231 Ephrationem

2335 5169 2420 5218 καὶ
2475 5165 2756 5240 κλιμάτων
2830 5167 3175 5245 Ἀνταράδου,
3232 5171 3400 5244 ἕτερον
3473 5172 3754 5246 κλιμάτιον
3809 5177 3953 5231 Πολ..

562 5246 774 5305 Baiani
802 5247 1029 5321 Cyrum
1061 5247 1332 5318 Berrceae,
1364 5246 1766 5303 Domnionem
1810 5246 2030 5320 Sirmii,
2073 5249 2220 5309 Ella-

2335 5274 2442 5326 του,
2494 5255 2816 5331 Ἐφρατίωνα
2889 5259 3169 5324 Βαλανέων,
3241 5267 3407 5336 Κῦρον
3463 5261 3745 5338 ,Βερροίας,
3795 5270 3952 5338 Δομ-
4004 5316 4005 5319 η

560 5350 749 5394 neum
766 5334 1040 5410 Tripolis,
1059 5336 1265 5392 Arium
1284 5334 1602 5393 Petrarum
1622 5334 1916 5408 Palconee,
1953 5342 2011 5395 et
2055 5340 2220 5398 Aste-

2335 5349 2484 5399 νίωνα
2543 5351 2778 5419 Σίρμίου,
2818 5347 3074 5402 Ἑλλάνεον
3118 5334 3430 5424 Τριπόλεως,
3484 5334 3685 5427 Ἄρειον
3728 5334 3951 5429 Πετρόύν

558 5424 721 5483 rium
732 5428 1038 5518 Petrarum
1048 5423 1660 5498 Arabiae,01ympium
1678 5426 1828 5498 zEni,
1842 5427 2218 5488 Thcodulum

2335 5442 2423 5496 τῆς
2475 5435 2782 5509 Παλαιόνης,
2858 5442 2947 5491 καὶ
3009 5436 3275 5512 Ἀστέριον
3351 5446 3557 5518 Πετρῶν
3634 5451 3732 5504 τῆς
3785 5442 3951 5518 Ἀροι-
4004 5438 4005 5463 ἶ

556 5514 993 5613 Trajanopolis,
1012 5514 1388 5613 Vincentium
1404 5517 1646 5613 Capuae,
1669 5515 1992 5590 Ephratam
2009 5519 2219 5593 Agrip-

2335 5521 2465 5591 ϐίας,
2508 5523 2793 5599 Ὀλύμπιον
2852 5528 3029 5596 Αἶνον,
3098 5522 3388 5583 Θεόδουλον
3454 5514 3948 5613 δΓραῑανουπόλεως,

553 5604 1655 5683 ρὶιιω,ΕαιιιοΡίιιωΛᾶτὶειιοΡοΗε,οιιί
1666 5606 2210 5681 successitLucius,

2329 2031 2694 2090 Κωνσταντίας
2767 2033 2857 2080 και
2928 2035 3022 2081 τοῦ
3071 2035 3531 2105 προσῳκειωμένου
3596 2036 3760 2106 ταύτῃ
3812 2054 3915 2109 πρε

2328 2114 2579 2191 σϐυτέρου
2664 2115 2923 2193 ἀρειανοϋ,
2974 2122 3371 2193 παρεσκεύασαν
3422 2121 3578 2173 αὐτὸν
3642 2124 3960 2177 θεάσασθαι·

2324 2204 2533 2280 ’Ἄρειον
2563 2210 2653 2258 καὶ
2677 2206 2929 2276 Εύζώῑον,
2992 2206 3081 2269 ούς
3140 2204 3267 2261 ἰδὼν
3317 2214 3409 2262 καὶ
3458 2209 3728 2263 ὑπολαϐὼν
3758 2232 3947 2288 παρα-

2324 2293 2562 2357 πλησίως
2591 2301 2703 2357 τοῖς
2733 2293 2781 2347 ἐν
2831 2300 3029 2369 Νικαίᾳ
3073 2293 3336 2365 δοξάζειν,
3397 2298 3594 2371 ἔπεμψε
3638 2303 3767 2374 πρὸς
3816 2306 3945 2366 τοὺς

2326 2382 2378 2436 ἐν
2450 2381 2828 2458 Ἰεροσολύμοις
2893 2386 3253 2454 συνελθόντας,
3308 2387 3522 2461 γράψας
3576 2389 3946 2466 φιλάνθρωπον

2325 2471 2401 2526 ἐπ’
2433 2472 2614 2535 αὐτοῖς
2659 2473 2933 2546 ἐνεχθῆναι
2990 2474 3183 2548 ψῆφον,
3240 2475 3284 2529 εἰ
3332 2475 3497 2550 ὀρθῶς
3527 2485 3722 2551 φανεῖεν
3781 2476 3948 2544 δόξςξ-

2326 2563 2521 2627 ζοντεςο
2554 2572 2743 2639 καιροῦ
2772 2569 2944 2617 τοίνυν
2986 2560 3305 2639 δραξάμενοι
3329 2568 3378 2619 οἰ
3410 2566 3663 2642 Ἀρειανοὶ
3725 2566 3943 2634 ἐδέξανο

2323 2671 2381 2706 το
2429 2656 2667 2722 τούτους,
2712 2658 2802 2706 καὶ
2849 2657 2992 2725 αὐτῷ
3051 2652 3264 2727 βασιλεῖ
3308 2660 3400 2708 καὶ
3446 2665 3559 2719 τοῖς
3614 2662 3941 2733 άπανταχοῦ

2323 2743 2630 2805 ἐπισκόποις
2695 2742 2927 2816 ἔγραψαν
2985 2741 3302 2817 ὀρθοδόξους
3382 2748 3643 2821 ὑπάρχειν
3714 2750 3937 2814 αύτούς.

2396 2830 2443 2885 δ’
2449 2874 2462 2888 .
2532 2834 2738 2888 Τούτων
2803 2832 2938 2885 οὓτω
3012 2839 3397 2909 πραττομένων,
3476 2837 3790 2902 Ἀθανασιος
3877 2840 3940 2894 ἑκ

2248 4502 2291 4558 D

2327 5616 2613 5670 Βινκίντιον
2709 5618 2945 5685 Καπύης,
3034 5616 3294 5695 Ἐφράταν
3388 5620 3757 5700 ’Δγριππίνής,
3838 5627 3952 5679 Εὗ-
