4040 6318
54 366 57 379 '
109 383 145 436 :3
1368 370 1630 430 THESAL‘

1757 370 1887 425 LlB.
1926 372 2014 427 Vl.
3309 375 3376 430 14

106 508 250 577 τρόπεον
286 494 768 573 Α’δριανουπόλεως,
812 499 877 553 οὗ
915 495 1200 571 διάδοχος,
1232 504 1478 566 Λούκιος,
1522 500 1613 549 καὶ

1743 498 1783 552 et
1844 495 2144 568 imprimis
2204 497 2543 556 Marcellum
2621 499 2875 568 Ancyrae
2944 496 3374 570 deposuerunt.

105 592 157 644 ἐπὶ
205 596 315 643 πᾶσι
367 591 449 641 τόν
508 588 775 661 εἰρημένον
836 587 1129 663 Μάρκελλον
1192 596 1289 651 τῆς
1354 587 1614 661 Ἀγκύρας

105 682 335 752 καθῄρησαν
357 698 369 710 ·
423 678 700 750 ὑπερφυῶς
744 678 846 752 γὰρ
905 676 1243 749 ἐχαλέπαινον
1301 677 1478 748 αύτῷ,
1532 676 1620 728 οἵα

105 776 188 840 μήτε
230 768 270 820 ἐν
310 776 365 839 τῇ
408 769 550 818 κατὰ
594 772 836 825 Φοινίκην
889 762 1094 838 συνόδῳ
1136 775 1247 830 τοῖς
1296 767 1385 820 ὑπ’
1449 764 1618 818 αὐτῶν

104 861 294 931 ὁρισθεῖσι
338 859 468 909 κατὰ
516 856 833 911 Ἀθανασίου
888 859 1197 930 συνθεμένῳ,
1249 862 1380 931 μήτε
1427 863 1531 917 τοῖς
1570 854 1619 907 ἐν

54 1004 55 1009 η
102 938 391 1023 Ἰεροσολύμοις
425 946 517 999 ἐπὶ
565 947 770 1019 Ἀρείῳ,
799 952 929 1020 μήτε
978 954 1071 1009 τῆς
1118 949 1476 1022 καθιερώσεως
1527 950 1619 998 τοῦ

54 1102 55 1115 χ
103 1038 265 1110 maloa
316 1040 597 1112 μαρτυρίου
664 1040 986 1109 μετασχόντι
1053 1032 1089 1089 δ
1095 1037 1129 1089 ι’
1195 1035 1465 1109 ἀποφυγὴν
1528 1044 1622 1096 τῆς

102 1130 190 1200 πρὸς
238 1126 402 1187 αύτούς
462 1131 737 1189 κοινωνίας
768 1146 782 1160 ·
850 1129 938 1179 καὶ
998 1133 1170 1179 ταῦτα
1241 1130 1331 1199 μὲν
1394 1126 1472 1178 ἔτι
1528 1132 1621 1178 τοῦ

103 1215 266 1287 maxime
291 1218 547 1288 περιόντος
577 1219 991 1269 Κωνσταντίνου.

148 1304 195 1368 ς’.
227 1303 622 1366 Τελευτήσαντος
679 1301 737 1356 δι
806 1302 998 1357 ἐκείνου
1024 1345 1037 1367 ,
1095 1309 1185 1357 καὶ
1237 1312 1330 1364 τῆς
1378 1301 1474 1355 ἀνὰ
1527 1306 1623 1361 τὴν

102 1396 143 1446 ἕω
197 1392 435 1466 βασιλείας
504 1393 577 1455 εἰς
643 1396 997 1446 Κωνστάντιον
1061 1395 1426 1469 περιστάσης,
1495 1394 1624 1465 ἔσχε

101 1482 237 1553 μᾶλλον
274 1480 501 1536 ἐπίδοσιν
538 1485 605 1535 τὰ
650 1489 750 1535 τῶν
798 1482 1109 1557 Ἀρειανῶνο
1162 1484 1187 1534 6
1233 1485 1335 1555 γὰρ
1372 1501 1453 1536 τοι
1495 1499 1624 1554 πρε-

104 1571 289 1645 σϐύτερος
346 1569 528 1632 ἐκεῖνος
593 1570 649 1623 ὃν
721 1568 1089 1646 ἀρειανόφρονα
1153 1574 1278 1623 ὄντα
1345 1577 1624 1624 Κωνσταν-

101 1666 186 1731 τίνῳ
216 1664 501 1718 συνέστησεν
546 1662 579 1718 ἡ
626 1658 787 1712 αὐτοῦ
843 1657 1064 1732 ἀδελφὴ,
1103 1664 1282 1732 γέγονε
1339 1680 1429 1712 και
1479 1666 1625 1712 Κων-

102 1755 269 1819 σταντίῳ
323 1753 704 1823 κεχαρισμένος
777 1748 862 1802 οἶα
919 1752 1015 1810 τὰς
1078 1756 1179 1804 τοῦ,
1236 1752 1626 1802 Κωνσταντίνου

1726 584 1907 641 Valde
1936 586 2096 642 enim
2132 586 2212 644 illi
2247 585 2743 659 indignabantur,
2784 588 2990 658 utpote
3035 586 3141 660 qui
3181 601 3379 660 neque

1723 674 1787 731 in
1818 676 2055 746 synodo
2097 676 2260 749 apud
2290 676 2597 734 thnices
2639 674 2849 731 habita
2887 675 2959 731 iis
2990 691 3127 749 quae
3170 680 3383 734 contra

1726 764 2123 822 Athanasium
2175 766 2421 822 decretae
2470 769 2611 822 sunt
2665 763 3003 835 adhaeserit,
3052 781 3250 838 neque
3304 766 3378 822 iis

1725 868 1864 926 quae
1896 854 2320 927 Hierosolymis
2351 855 2425 911 de
2455 855 2612 922 Ario,
2640 869 2838 927 neque
2870 855 3077 925 magni
3117 856 3384 913 testimo-

1726 943 1811 999 nii
1876 944 2313 1000 consecrationi
2374 959 2438 999 se
2480 942 2834 1011 admoverit,
2880 948 3125 1016 propter
3170 960 3381 1003 eorum

1729 1033 2176 1089 communionis
2221 1032 2704 1090 detestationem.
2737 1035 2803 1089 Et
2845 1032 2976 1089 haec
3018 1033 3268 1106 quidem
3296 1034 3385 1092 vi-

1728 1125 1905 1179 vente
1933 1122 2133 1179 adhuc
2165 1122 2552 1181 Constantino
2579 1126 2815 1194 Magno.

1803 1304 1857 1359 6.
1898 1300 2000 1357 lllo
2044 1304 2245 1359 autem
2293 1305 2570 1373 mortuo,
2617 1304 2675 1358 et
2722 1300 2944 1358 Orienti
2993 1301 3249 1375 imperio
3304 1301 3385 1359 ad

1731 1390 2147 1449 Constantium
2196 1392 2583 1462 deveniente,
2631 1407 2728 1448 res
2780 1392 3139 1449 Arianorum
3193 1383 3385 1449 incre-

1732 1484 2003 1536 mentum
2030 1496 2335 1555 accepere.
2366 1481 2464 1539 ille
2492 1482 2656 1537 enim
2697 1480 3015 1553 presbyter
3060 1497 3245 1554 quem
3268 1480 3389 1538 Arii

1733 1574 1933 1642 partes
1974 1574 2277 1627 tenentem
2308 1570 2698 1628 Constantino
2736 1570 2930 1643 ipsius
2977 1586 3149 1627 soror
3192 1570 3390 1628 conci-

1731 1659 2002 1726 liaverat,
2034 1660 2144 1716 fuit
2180 1664 2238 1717 et
2266 1661 2611 1717 Constantio
2659 1661 2899 1727 charus,
2934 1664 3135 1733 utpote
3161 1660 3268 1734 qui
3304 1659 3390 1717 illi

1735 1748 2108 1805 Constantini
2166 1753 2601 1807 testamentum
2661 1749 2954 1807 detulerit.
3018 1750 3160 1806 Inde
3211 1750 3392 1820 igitur

102 1834 303 1900 διαθήκας
357 1835 637 1900 ἀποδώσας
699 1840 839 1911 αύτῳ
868 1860 881 1872 ο
951 1840 1184 1901 συνήθης
1246 1834 1334 1891 οὖν
1400 1837 1627 1890 ἐντεῦθεν

1743 1838 2101 1911 imperatrici
2130 1838 2443 1897 familiaris
2475 1839 2667 1895 factus
2698 1842 2754 1895 et
2782 1838 3076 1895 eunuchis
3106 1839 3252 1910 regii
3283 1856 3392 1896 cu-

100 1933 160 1979 καὶ
288 1923 525 2001 βασιλίδι
572 1931 837 2001 ⁸γενόμενος
879 1928 970 1980 καὶ
1016 1936 1125 1990 τοῖς
1172 1926 1221 1979 ἐν
1270 1924 1492 1999 δυνάμει
1540 1928 1630 1979 θα-

102 2016 350 2087 )αμηπόλοις
418 2018 731 2089 εὐνούχοις,
805 2019 873 2068 ὧν
947 2016 1197 2080 Εύσέϐιος
1263 2019 1290 2069 ὁ
1365 2016 1631 2078 ἐπαινέτης

103 2108 247 2181 ⁸Αρείου
288 2112 635 2181 προειστήκει,
671 2104 881 2181 σφόδρα
926 2113 1221 2182 συνεκρότει
1272 2108 1394 2169 τούς
1424 2108 1629 2183 Ἀρεία-

100 2197 290 2257 νοός.Ἐν
331 2201 489 2270 τούτῳ
526 2194 593 2251 δὲ
626 2197 934 2259 Ἀθανάσιος
983 2196 1037 2250 ἐκ
1076 2206 1177 2250 τῶν
1226 2197 1453 2250 Γαλλιῶν
1504 2198 1632 2250 ἐπα-

99 2285 231 2342 νῆλθεν
286 2286 347 2347 εἰς
404 2283 840 2361 Ἀλεξάνδρειαν,
896 2286 1267 2362 ἐπιτρέψαντος
1333 2286 1472 2357 αύτῷ
1536 2290 1630 2344 τὴν

100 2370 290 2442 κάθοδον,
334 2380 418 2427 καὶ
460 2377 757 2449 γράμματα
811 2372 988 2437 δόντος
1038 2379 1168 2451 πρός
1213 2380 1331 2438 τούς
1386 2374 1629 2438 Ἀλεξαν-

1734 1927 1918 1984 biculi
1939 1929 2393 2001 potentissimis,
2420 1928 2637 2001 quibus
2660 1933 2917 2001 praeerat
2942 1928 3250 1995 Eusebius,
3273 1929 3395 1985 Arii

1736 2015 1951 2087 fautor,
1986 2017 2237 2073 Arianos
2280 2017 2542 2074 fovebat.
2583 2021 2813 2074 Interea
2850 2033 2994 2074 vero
3026 2018 3393 2075 Athanasius

1738 2122 1807 2163 ex
1835 2104 2035 2163 Galliis
2073 2106 2503 2163 Alexandriam
2549 2105 2834 2171 redierat,
2866 2106 3126 2162 reditum
3155 2106 3238 2162 illi
3266 2122 3399 2179 per-

1739 2196 2003 2251 mittente
2050 2194 2392 2268 litterasque
2440 2194 2519 2251 ad
2546 2194 2983 2251 Alexandrinos
3023 2193 3206 2252 dante
3250 2198 3399 2252 Con-

1739 2284 2002 2340 stantino
2024 2284 2396 2341 Constantini
2416 2284 2610 2355 Magni
2629 2283 2774 2353 ﬁlio,
2792 2283 2898 2356 qui
2923 2283 3003 2342 ad
3024 2284 3399 2343 occidentem

1739 2372 1940 2430 Galliae
1966 2372 2325 2446 imperabat.

102 2458 201 2536 ὅρεῑς
254 2470 630 2519 Κωνσταντίνου
696 2473 789 2519 τοῦ
845 2468 1121 2540 ὁμωνύμου
1170 2475 1243 2539 τῷ
1308 2465 1516 2539 μεγάλῳ
1575 2467 1948 2535 Κωνσταντίνῳ
1998 2459 2195 2526 παιδὸς
2245 2463 2407 2517 αὐτοῦ
2433 2504 2447 2531 ,
2500 2462 2556 2526 ὃς
2616 2482 2756 2537 ηρχε
2826 2471 2925 2517 τῶν
2988 2466 3122 2539 πρὸς
3187 2463 3401 2538 ἕσπέρον

104 2552 303 2609 Γαλατῶν.

147 2640 196 2702 ξ.
230 2647 361 2696 Κατὰ
400 2641 459 2697 δὲ
501 2651 684 2697 τοῦτον
720 2648 809 2697 τόν
838 2648 1028 2719 χρόνον
1066 2644 1316 2699 Εὗσεϐίου
1353 2652 1447 2699 τοῦ
1489 2651 1634 2717 Παμ-

103 2729 206 2800 sim
239 2736 313 2785 τόν
364 2733 476 2806 βίον
530 2733 790 2804 λιπόντος,
837 2731 1108 2797 διεδέξατο
1153 2739 1248 2794 τὴν
1292 2733 1341 2786 ἐν
1386 2742 1446 2807 τῇ
1510 2740 1636 2787 Και-

102 2825 237 2894 σαρείᾳ
289 2830 376 2884 τῆς
435 2822 787 2883 Παλαιστίνης
841 2823 1133 2883 ἕπισκόπὴν
1191 2824 1429 2884 Ἀκάκιος
1460 2845 1473 2857 ·
1540 2824 1634 2875 οὐκ

100 2909 144 2969 εἰς
182 2915 357 2985 μακρὰν
410 2910 469 2966 δὲ
521 2918 613 2965 καὶ
662 2920 1050 2976 Κωνσταντίνος
1094 2915 1119 2966 6
1167 2913 1437 2986 βασιλεὺς,
1480 2913 1631 2967 πόλε-

1815 2648 1872 2698 7.
1912 2645 2033 2699 Hoc
2060 2646 2263 2699 autem
2301 2645 2568 2717 tempore
2612 2642 2872 2700 Eusebio
2901 2643 3196 2716 Pamphili
3219 2659 3251 2701 e
3280 2643 3405 2702 vita.

1742 2730 2031 2804 profecto,
2049 2735 2331 2789 Caesareae
2352 2732 2412 2788 in
2431 2732 2744 2789 Palaestina
2760 2733 3183 2807 episcopatum
3201 2749 3405 2790 susce-

1743 2820 1831 2893 pit
1860 2821 2129 2877 Acacius.
2162 2825 2278 2878 Nec
2306 2822 2491 2892 longo
2513 2826 2649 2895 post
2675 2826 2949 2895 tempore
2975 2824 3404 2882 Constantinus

1745 2910 2071 2983 imperator
2096 2910 2202 2983 qui
2245 2911 2492 2983 proprio
2521 2910 2687 2968 fratri
2719 2912 3023 2969 Constanti
3061 2911 3290 2969 bellum
3316 2913 3404 2969 in-

96 3018 161 3067 μον
203 3009 454 3075 ert-«70:76)?
504 3012 579 3075 τῷ
628 3000 751 3075 ἰδίῳ
806 3001 1010 3077 ἀδελφῷ
1067 3011 1388 3076 Κώνσταντι,
1448 3011 1630 3058 κτείνε-

1743 2999 2002 3066 dixerat,
2054 3000 2340 3073 Aquileiae
2394 3000 2473 3057 ab
2530 3001 2660 3072 ejus
2716 3001 2976 3057 ducibus
3027 3001 3398 3059 interﬁcitur.

97 3108 156 3140 tat
196 3094 322 3165 παρὰ
367 3101 465 3145 τῶν
513 3093 709 3145 ἐκείνου
763 3100 1073 3166 στρατηγῶν
1116 3092 1164 3146 ἐν
1218 3094 1454 3167 Ἀκυλίᾳ.
1505 3099 1632 3147 Τότε

96 3173 133 3229 ἴε
163 3184 235 3231 καὶ
281 3179 617 3255 Ἀλεξάνδρου
679 3189 771 3235 τοῦ
826 3184 1415 3246 Κωνσταντινουπόλεως
1464 3182 1630 3236 τελευ-

94 3271 329 3339 τήσαντος,
377 3268 781 3345 προεϐλήθησαν
833 3274 979 3345 παρά
1039 3275 1128 3344 μὲν
1188 3280 1290 3324 τῶν
1356 3270 1629 3346 Ἀρειανών

96 3354 372 3427 Ηπεδόνιος,
414 3364 561 3433 παρὰ
604 3356 665 3413 δὲ
716 3369 817 3412 τῶν
861 3357 1158 3435 ὁρθοδόξων
1217 3362 1438 3426 Παῦλος,
1489 3364 1634 3437 παρὰ

94 3451 247 3518 γνώμην
289 3454 376 3501 τοῦ
430 3446 797 3521 Νικομηδείας
847 3449 1134 3503 ἐπισκόπου
1197 3450 1482 3512 Εύσεϐίου,
1541 3457 1632 3505 καὶ

97 3532 311 3611 Θεοδώρου
388 3547 481 3591 τοῦ
534 3543 631 3598 τὴν
687 3539 738 3592 ἐν
805 3541 987 3613 Θράκῄ
1045 3539 1384 3613 Ἠρακλείας,
1437 3542 1511 3602 οἷς
1563 3543 1634 3602 ὡς

95 3627 261 3688 γείτοσιν
311 3629 343 3685 ἠ
406 3636 709 3704 χειροτονία
775 3626 1026 3704 διέφερεν.
1093 3631 1210 3683 Ἐπὶ
1271 3634 1480 3693 τούτοις
1543 3626 1631 3683 οὖν

98 3711 301 3783 ὀργισθεὶς
346 3720 747 3787 Κωνστάντιος,
800 3723 1147 3792 παραγέγονεν
1191 3719 1265 3781 εἰς
1311 3720 1630 3785 Βυζάντιον,

97 3799 136 3856 ἦν
171 3806 251 3877 γὰρ
300 3802 576 3879 ἀπόδημος
625 3804 908 3878 τηνικάδε,
956 3813 1047 3860 καὶ
1105 3805 1324 3861 σύνοδον
1376 3811 1627 3873 καθίσας,

96 3888 326 3962 παρέδωκεν
379 3895 618 3969 Εύσεϐίῳ
680 3904 753 3968 τῷ
806 3894 1168 3971 Νικομηδείας
1219 3902 1306 3952 τόν
1356 3905 1630 3952 Κωνσταν-

98 3982 362 4046 τινουπόλεως
433 3989 656 4061 θρόνον,
727 3982 969 4062 δευτέραν
1032 3989 1227 4045 ταύτην
1304 3990 1633 4061 μετατεθέντι

98 4072 342 4134 μετάθεσιν·
399 4073 486 4127 ἐπὶ
533 4076 723 4128 τούτου
788 4077 1251 4150 συνηθροίσθησαν
1310 4077 1377 4138 εἰς
1427 4077 1631 4130 Ἀντιό-

96 4173 203 4223 [sm
243 4163 327 4218 τὴν
380 4161 616 4234 μεγάλην
669 4165 969 4221 ἐνενήκοντα
1015 4168 1105 4216 καὶ
1149 4163 1277 4216 ἑπτὰ
1334 4164 1627 4233 ἐπίσκοποι,

1740 3091 1904 3145 Tunc
1965 3093 2168 3144 autem
2234 3094 2293 3144 et
2347 3089 2687 3145 Alexandro
2739 3091 3400 3163 Constantinopolitano

1740 3182 1999 3248 mortuo,
2033 3177 2200 3233 electi
2231 3183 2369 3234 sunt
2397 3179 2475 3233 ab
2505 3178 2736 3235 Arianis
2765 3178 3170 3248 Macedonius,
3200 3179 3279 3236 ab
3308 3194 3403 3237 or-

1740 3266 2024 3323 thodoxis
2051 3282 2194 3322 vero
2221 3266 2462 3337 Paulus,
2490 3271 2700 3323 contra
2745 3273 3009 3324 mentem
3038 3268 3399 3326 Nicomediae

1741 3356 2012 3429 episcopi
2044 3356 2300 3422 Eusebii,
2333 3360 2390 3412 et
2418 3356 2711 3413 Theodori
2735 3356 3028 3413 Heracleae
3060 3357 3121 3413 in
3147 3359 3402 3417 Thracia

1740 3446 2029 3518 episcopi,
2060 3445 2137 3502 ad
2164 3461 2318 3518 quos
2344 3449 2408 3501 ut
2450 3446 2681 3502 vicinos
2710 3446 3045 3519 pertinebat
3075 3448 3397 3506 ordinatio.

1741 3536 1882 3591 ldeo
1936 3535 2124 3591 iratus
2171 3535 2556 3592 Constantius
2610 3536 2957 3608 Byzantium
3012 3537 3178 3593 venit
3232 3540 3398 3609 (tunc

1741 3625 1904 3681 enim
1930 3624 2157 3696 aberat)
2186 3642 2199 3694 ;
2231 3629 2289 3681 et
2318 3625 2555 3697 synodo
2586 3629 2918 3681 convocata
2948 3626 3205 3682 Eusebio
3231 3628 3398 3684 Nico-

1741 3715 2011 3771 medensi
2052 3714 2784 3787 Constantinopolitanum
2823 3714 3110 3772 thronum
3150 3716 3398 3774 tradidit

1741 3805 1844 3878 qui
1869 3804 2026 3859 hanc
2058 3804 2389 3859 secundam
2417 3804 2870 3861 translationem
2893 3805 3140 3878 accepit.
3167 3806 3397 3864 Interea

1740 3894 2116 3950 Antiochiam
2142 3909 2434 3963 magnam
2460 3910 2793 3951 convenere
2815 3896 3145 3965 nonaginta
3166 3901 3396 3968 septem

1741 3984 2029 4056 episcopi,
2065 3988 2477 4039 convenerunt
2508 3988 2715 4039 autem
2746 3988 2810 4039 ut
2838 3989 3105 4039 recenter
3131 3984 3393 4042 aedifica-

1740 4079 1866 4129 tam
1897 4071 2213 4140 ecclesiam
2240 4072 2672 4141 consecraturi,
2694 4087 2881 4143 quam
2908 4071 3211 4129 aediﬁcare
3238 4073 3397 4131 ince-

1741 4166 1912 4235 perat
1949 4161 2407 4228 Constantinus;
2441 4161 2638 4234 reipsa
2668 4175 2833 4227 vero,
2866 4166 2930 4218 ut
2977 4165 3222 4219 eventus
3261 4179 3398 4236 pro-

98 4242 140 4293 ξίν
178 4246 260 4300 εἱσι
296 4255 381 4303 καὶ
426 4254 477 4304 οἱ
527 4256 799 4326 φερόμενοι
850 4256 1093 4315 κανόνες·
1147 4253 1510 4326 ἠθροισθησαν
1569 4252 1629 4307 δὲ

1743 4251 1929 4319 bavit,
1958 4251 2196 4307 Nicaena
2221 4249 2460 4306 decreta
2490 4249 2797 4306 mutaturi.

98 4339 289 4406 εροῴσει
336 4343 423 4412 μὲν
472 4339 561 4393 ἐπὶ
614 4342 929 4414 καθιερώσει
984 4350 1076 4402 τῆς
1129 4341 1232 4395 ἐκεῖ
1285 4346 1689 4416 νεουργηθείσης
1736 4340 2016 4402 ἐκκλησίας
2064 4339 2126 4398 ἣν
2180 4339 2375 4412 ἤρξατο
2465 4342 2555 4411 μὲν
2619 4335 2913 4412 οἰκοδομεῖν
2971 4346 3396 4412 Κωνσταντῖνος,

100 4419 363 4495 ERV/cicaro
402 4426 463 4483 δὲ
505 4432 903 4493 Κωνστάντιος·
945 4433 1017 4494 ὡς
1054 4429 1114 4484 δὲ
1149 4436 1206 4485 τὸ
1248 4431 1445 4487 ἀποϐὰν
1486 4431 1674 4497 ἔδειξεν
1712 4430 1799 4484 ἐπὶ
1837 4433 2182 4503 μεταποιήσει
2218 4437 2320 4480 τῶν
2350 4427 2397 4480 ἐν
2437 4433 2637 4501 Νικαίᾳ
2676 4425 2956 4492 δοξάντων.

144 4511 193 4569 δ’.
235 4516 462 4590 Ἡγοῦντο
537 4516 600 4573 δὲ
666 4528 758 4581 τῆς
828 4516 1054 4574 συνόδου
1126 4525 1323 4584 ταύτης
1387 4523 1636 4584 Εὐσέϐιος

100 4604 623 4672 Κωπαντινόυπόλεως
674 4610 702 4662 ὁ
759 4607 861 4662 ἀπὸ
907 4608 1266 4685 Νικομηδείας
1317 4615 1633 4685 μετατεθεὶς,

100 4686 279 4758 huic;
335 4703 659 4775 Καισαρείας
720 4706 816 4761 τῆς
871 4703 1008 4754 κατά
1071 4692 1449 4773 Παλαιστίνην,
1521 4710 1634 4755 Πα-

99 4782 270 4851 τῴῖιλος
320 4787 728 4855 Σκυθοπόλεως,
780 4785 1052 4863 Θεόδωρος
1104 4791 1414 4862 Πειρίνθου,
1472 4785 1637 4842 Εύδό-

100 4866 172 4928 ξιες
212 4878 597 4949 Γερμανικείας,
658 4880 910 4939 Διαύσιος
967 4883 1284 4954 Καισαρείας
1338 4874 1635 4933 Καππαδο-

100 4961 195 5023 κίας,
234 4970 313 5017 καὶ
367 4973 631 5043 Γεὼργιος
688 4963 1003 5029 Λαοδικείας
1054 4978 1155 5030 τῆς
1207 4971 1352 5043 παρὰ
1407 4970 1633 5042 Σύρουςο

102 5048 279 5121 Μάξιμος
326 5052 383 5108 δὲ
431 5057 456 5108 6
512 5059 652 5130 μετὰ
694 5058 965 5131 Μακάριόν
1009 5057 1375 5134 Ἱεροσολύμων
1428 5057 1636 5110 ἐπίσκο-

103 5155 165 5199 τῖες
195 5152 392 5214 γεγονὼς
419 5143 678 5209 ἐπίτηδες
720 5145 976 5221 ἀποοφυγε
1019 5151 1213 5208 ταύτην
1250 5153 1345 5207 τὴν
1393 5145 1634 5218 σύνοδον,

104 5231 431 5306 μεθίει-ὑόμενος
485 5239 682 5290 καθότι
739 5235 1029 5301 ἀπατηθεὶς
1087 5237 1285 5310 ἐγένετο
1354 5237 1637 5311 σύμψηφος

104 5323 172 5376 τεῐς
212 5319 499 5381 ’Δθανάσιον
566 5326 879 5381 καθελοῦσιν
932 5330 980 5381 ἓν
1035 5330 1207 5403 Τύρῳ.
1267 5326 1389 5381 Ὑπὸ
1442 5331 1636 5381 τούτων

105 5420 163 5455 m
196 5419 276 5463 τῶν
315 5413 360 5465 ἐν
407 5417 720 5490 ’Δντιοχείᾳ
759 5416 1175 5476 συνεληλυθότων
1222 5421 1353 5492 πρὸς
1399 5424 1462 5490 τῇ
1516 5414 1551 5470 δ
1557 5437 1638 5469 ια-

106 5509 246 5572 στρηῇ
283 5512 367 5557 τοῦ
419 5502 695 5579 δόγματος
738 5505 1054 5561 Ἀθανασίου
1102 5505 1637 5579 καταψηφισαμένων,

106 5586 328 5657 τὲθδῖςὶῆθη
377 5592 783 5672 ’Δλεξανδρειας
835 5599 1117 5658 ἐπίσκοπος
1182 5595 1431 5658 Εὐσέϐιος
1495 5597 1521 5649 6
1588 5594 1641 5658 ἐξ

1817 4524 1870 4575 8.
1914 4518 2223 4575 Ducebant
2274 4522 2476 4574 autem
2530 4517 2688 4574 hanc
2751 4519 3059 4591 synodum
3107 4521 3398 4579 Eusebius

1746 4607 2445 4680 Constantinopolitanus
2498 4608 2605 4680 qui
2669 4608 3016 4665 Nicomedia
3074 4611 3399 4669 translatus

1742 4696 1958 4763 fuerat,
1986 4696 2236 4753 Acacius
2263 4699 2546 4753 Caesareae
2583 4696 2643 4753 in
2675 4696 2992 4766 Palestina,
3025 4700 3400 4772 Patrophilus

1749 4786 2148 4860 Scythopolis,
2192 4785 2535 4842 Theodorus
2578 4785 2857 4858 Perinthi,
2906 4786 3211 4844 Eudoxius
3263 4792 3400 4847 Ger-

1744 4876 2043 4945 maniciae,
2106 4875 2380 4931 Diausius
2435 4877 2723 4932 Cmsareae
2774 4876 2835 4931 in
2888 4877 3292 4949 Cappadocia,
3343 4881 3401 4936 et

1746 4966 2036 5035 Georgius
2059 4963 2369 5021 Laodiceae
2395 4964 2561 5036 apud
2585 4966 2790 5036 Syros.
2821 4965 3111 5021 Maximus
3132 4967 3237 5038 qui
3262 4970 3401 5038 post

1745 5055 2064 5114 Macarium
2096 5052 2526 5126 Hierosolymas
2557 5054 2879 5127 episcopus
2930 5054 3121 5111 factus
3151 5059 3298 5127 erat,
3324 5056 3401 5113 de

1744 5145 2041 5203 industria
2072 5143 2376 5216 synodum
2418 5143 2745 5211 vitaverat;
2776 5160 2915 5201 eum
2942 5143 3104 5199 enim
3146 5144 3401 5216 poenite—

1746 5237 1850 5292 bat
1880 5234 2045 5308 quod
2075 5233 2362 5304 deceptus
2394 5232 2751 5301 suffragium
2783 5233 3013 5289 tulisset
3041 5248 3179 5289 cum
3206 5233 3276 5291 iis
3297 5234 3405 5308 qui

1744 5325 1879 5397 Tyri
1920 5322 2315 5379 Anathasium
2358 5321 2793 5393 deposuerant.
2822 5321 2911 5376 Ab
2956 5321 3027 5376 iis
3071 5323 3178 5396 qui
3224 5324 3405 5394 igitur

1747 5414 2073 5472 Antiochiae
2096 5413 2612 5469 conversabantur
2637 5417 2690 5467 et
2712 5415 2927 5484 praeter
2952 5411 3255 5481 dogmatis
3275 5429 3407 5486 per-

1745 5504 2084 5562 versionem
2133 5502 2525 5559 Athanasium
2567 5500 3147 5573 condemnaverant,
3183 5503 3405 5561 electus

1747 5598 1840 5651 est
1902 5592 2280 5652 Alexandriae
2350 5591 2671 5664 episcopus
2739 5590 3069 5660 Eusebius,
3138 5592 3404 5663 Edessa,
