4040 6318
652 373 714 424 15
1993 361 2247 417 ΝΙΟΕΤᾹ

2401 360 2480 416 DN
2491 363 2666 418 ΙΑΤᾹΕ
3940 381 3996 434 t6

649 495 1054 550 Osroenorum
1092 490 1238 547 urbe
1267 489 1578 557 oriundus,
1610 488 1802 545 factus
1845 501 1986 543 vero
2012 485 2244 557 deince]

2416 482 2676 550 Ἐδέσσης
2728 490 2817 560 μὲν
2861 494 2957 550 τῆς
3006 487 3304 562 Ὀσροηνῶν
3351 490 3626 566 ύπάρχων,
3661 501 3917 570 γενόμενος
3945 498 3997 554 δί

649 585 876 638 Εωοεω
917 582 1257 653 episcopus,
1285 579 1388 652 qui
1424 584 1656 651 partem
1696 576 2082 634 astronomiae
2117 589 2244 644 aug

2413 575 2627 651 ὕστερον
2656 577 2880 650 Ἐμέσης
2919 576 3221 648 ἐπίσκοπος,
3264 579 3320 642 ὃς
3347 585 3437 632 καὶ
3477 577 3510 633 δ
3517 581 3771 638 ιεϐάλλετο
3801 586 3997 642 ἀσκεῖσ-

647 669 838 727 ralem
893 668 1114 724 dictam
1164 667 1498 723 exercuisse
1539 665 1922 738 arguebatur.
1972 667 2242 719 Recusan

2415 666 2500 717 θαι
2548 673 2643 727 τῆς
2682 665 3027 742 ἀστρονομίας
3074 671 3130 720 1'6
3183 666 3654 743 ἀποτελεσματικόν
3702 676 3994 751 καλούμενον

647 775 792 816 vero
823 757 1242 814 Alexandriam
1290 755 1572 825 Eusebio,
1631 754 1915 811 suﬁ'ectus
1956 758 2044 808 est
2089 754 2240 821 Greg

2411 758 2595 829 μέρος·
2648 760 3111 831 παραίτησαμένου
3163 753 3222 810 δε
3273 766 3366 811 τοῦ
3415 760 3667 816 Εύσεϐίου
3726 770 3817 824 τὴν
3873 768 3995 820 Ἀλε-

645 849 774 904 rius
819 847 1022 904 Tarbae
1086 845 1445 918 episcopus,
1505 861 1628 917 qua
1678 844 1754 900 de
1805 859 1867 898 re
1922 841 2239 911 indignant

2413 840 2704 919 ξάνδρειαν,
2747 845 3009 920 ἐπετράπη
3059 847 3084 898 ό
3126 853 3164 899 Γ
3165 852 3413 922 ρηγόριος
3459 859 3557 902 τῶν
3601 853 3992 928 Ταρϐασθηνῶν,

648 935 1054 1001 Alexandrini,
1080 934 1393 991 ecclesiam
1442 932 1709 1006 Dionysii
1747 932 1930 1004 hujus
1967 929 2136 986 urbis
2181 945 2243 1000 ep

2411 932 2489 1005 ἐφ’
2621 934 2996 1006 χαλεπήναντες
3053 938 3103 988 οἱ
3157 934 3530 1012 Ἀλεξανδρεῖς,
3586 947 3681 1002 τὴν
3737 946 3993 1020 ὁμωνύμου

648 1025 814 1098 scopi
852 1024 1096 1081 nomine
1128 1024 1350 1080 dictam
1390 1023 1824 1092 incenderunt;
1857 1025 1913 1079 et
1940 1019 2243 1077 Athanasii

2411 1028 2684 1076 Διονυσίου
2725 1032 2814 1077 τοῦ
2843 1021 2975 1098 τῇδε
3015 1024 3459 1096 ἓπισκοπὴσαντο,
3493 1028 3772 1090 ἐκκλησίαν
3801 1019 3994 1109 ἐνέπρη-

645 1114 894 1186 quidem
920 1113 1154 1184 fugiens
1181 1117 1437 1170 Romam
1461 1112 1638 1169 venit.

2414 1130 2510 1164 σαν
2535 1134 2547 1146 ·
2574 1117 2664 1165 καὶ
2692 1113 3003 1176 Ἀθανάσιος
3031 1117 3120 1187 μὲν
3152 1120 3326 1188 φυγὼν
3359 1117 3431 1180 εἰς
3458 1117 3656 1192 Ῥώμην
3687 1121 3913 1194 ἀφίκετο.

2486 1199 2545 1258 θ’.
2588 1203 2711 1256 Μετ’
2743 1203 2803 1255 ού
2832 1203 2962 1256 πολὺ
3009 1200 3068 1256 δὲ
3110 1203 3507 1269 τελευτήσαντος
3553 1209 3825 1282 Εύσεϐίου,
3866 1211 3995 1266 6:911-

718 1300 770 1350 9.
813 1293 993 1350 Paulo
1048 1296 1185 1365 post
1239 1295 1478 1348 mortuo
1532 1290 1808 1357 Eusebio,
1866 1287 2304 1345 contenderunt

2408 1295 2698 1348 ποιήσαντο
2759 1292 2912 1345 πάλιν
2992 1301 3087 1352 τῆν
3156 1299 3740 1362 Κωνσταντινουπόλεως
3805 1302 3994 1365 Παῦλος

644 1377 891 1439 ru‘rsum
915 1382 989 1438 de
1021 1381 1540 1453 Constantinopoli
1570 1381 1787 1437 Paulus
1812 1383 1870 1436 et
1896 1377 2239 1434 Macedoniu

2409 1383 2497 1432 xui
2547 1377 2895 1443 Μακεδόνιος.
2957 1385 3312 1445 Κωνστάντιος
3367 1381 3463 1452 δὲ,
3518 1395 3668 1443 τοῦτο
3717 1392 3894 1462 μαθὼν
3952 1391 3993 1444 ἐν

647 1471 821 1537 Quod
851 1470 952 1526 ubi
978 1471 1260 1541 cognovit
1286 1470 1668 1527 Constantius
1693 1467 2038 1530 Antiochiae,
2059 1468 2242 1522 Hermt

2409 1468 2746 1542 Ἀντιοχείᾳ,
2835 1469 3105 1546 ἐπέτρεψεν
3183 1472 3474 1547 Ἑρμογένει
3552 1486 3626 1549 τῷ
3706 1480 3989 1554 στατηλάτη

643 1560 783 1630 geni
814 1560 1109 1616 exercitus
1141 1560 1276 1615 duci
1309 1560 1412 1632 qui
1452 1559 1512 1615 in
1541 1558 1852 1615 Thraciam
1889 1556 2109 1612 missus
2151 1570 2238 1612 era

2407 1561 2538 1634 πρὸς
2596 1561 2664 1611 τὰ
2715 1561 2926 1633 Θρᾴκια
2977 1565 3287 1634 πεμπομένῳ
3343 1568 3515 1637 μέρη,
3566 1562 3694 1620 όδοῦ
3750 1571 3991 1642 πάρεργον

641 1647 974 1714 mandavit,
1005 1653 1071 1704 ut
1105 1649 1218 1706 iter
1254 1653 1525 1722 pergeret
1569 1648 1648 1704 ad
1695 1645 2116 1720 expellendum
2150 1646 2236 1700 Pal

2405 1657 2630 1707 ποιῆσαι
2666 1651 2726 1702 τὸ
2775 1648 3037 1712 ἐξωθῆσαι
3081 1649 3282 1703 Παυλον
3325 1660 3420 1714 τῆς
3460 1653 3780 1719 ἐκκλησίας·
3812 1659 3871 1710 οὗ
3899 1678 3990 1711 πα-

639 1738 768 1795 lum
800 1755 872 1794 ex
901 1738 1175 1795 ecclesia.
1201 1740 1347 1795 Cum
1371 1738 1510 1794 illuc
1539 1737 1903 1801 advenisset,
1937 1733 2234 1805 militarin

2403 1741 2742 1810 ραγενομένου
2806 1743 2896 1790 καὶ
2977 1748 3326 1814 στρατιωτικῇ
3395 1749 3540 1818 χειρὶ
3616 1751 3987 1820 χρησαμένου,

641 1845 832 1884 manu
881 1832 1164 1897 uteretur,
1205 1828 1525 1884 insurrexit
1575 1826 1863 1900 populus,
1891 1839 2154 1896 eumque
2203 1839 2232 1878 r

2404 1824 2689 1879 ἐστασίασε
2735 1830 2793 1878 16
2842 1826 3062 1899 πλῆθος,
3107 1833 3197 1881 καὶ
3251 1830 3404 1882 αὐτόν
3464 1835 3707 1906 σύραντες
3756 1839 3990 1889 άπέκτει-

637 1922 874 1990 ptatum
922 1917 1362 1973 interfecerunt.
1413 1919 1488 1972 De
1541 1932 1612 1972 eo
1652 1916 1864 1972 certior
1907 1913 2098 1970 factus
2150 1915 2232 1968 Co;

2401 1935 2510 1972 ναν,
2567 1917 2864 1989 Πυθόμενος
2923 1913 2982 1968 δὲ
3028 1921 3086 1969 τὸ
3138 1921 3347 1989 γεγονός
3411 1925 3788 1989 Κωνστάντιος,
3843 1929 3988 1978 κατέ-

641 2009 919 2075 stantius,
953 2007 1537 2080 Constantinopolim
1571 2006 1752 2075 venit,
1792 2010 1849 2061 et
1885 2003 2133 2062 Paulum
2165 2019 2236 2075 qu

2400 2005 2522 2058 λαϐε
2588 2011 2680 2065 τήν
2743 2007 3286 2060 Κωνσταντινούπολιν
3355 2015 3442 2063 καὶ
3504 2015 3590 2065 169
3653 2017 3744 2086 μεν
3798 2015 3986 2068 Παῦλον

635 2096 772 2152 dem
822 2096 1060 2169 expulit,
1095 2097 1309 2152 urbem
1356 2111 1499 2153 vero
1546 2095 1795 2168 punivit,
1826 2092 2107 2149 frumenti
2155 2108 2223 2148 ea

2399 2094 2634 2162 ἐξήλασε,
2685 2101 2779 2155 τὴν
2819 2092 2879 2149 δὲ
2931 2096 3078 2150 πόλιν
3134 2096 3443 2171 ἐζημίωσεν,
3473 2099 3667 2173 ἀφελὼν
3714 2112 3806 2156 τοῦ
3847 2124 3985 2162 σιτη-

629 2186 798 2257 quod
838 2191 1007 2258 pater
1035 2185 1384 2258 praestabat,
1415 2184 1826 2257 quadraginta
1862 2197 2221 2238 mensuraru

2396 2190 2575 2258 ρεσίου
2643 2193 2735 2238 τοῦ
2801 2187 3221 2260 παρασχεθέντος
3279 2189 3378 2240 ύπό
3438 2197 3531 2242 τοῦ
3588 2195 3781 2267 πατρὸς
3838 2193 3985 2246 αὐτοῦ

630 2275 899 2331 millibus
945 2280 1000 2331 et
1049 2275 1205 2330 ultra
1256 2291 1392 2331 eam
1436 2275 1706 2347 privavit.
1761 2273 2074 2342 Octoginta
2127 2272 2221 2328 eni

2397 2276 2522 2347 ὑπὲρ
2576 2277 2671 2335 τὰς
2715 2279 2981 2349 τέσσαρας
3027 2272 3326 2348 μυριάδαςο
3376 2277 3510 2330 ὀκτὼ
3553 2282 3654 2356 γὰρ
3695 2279 3852 2354 ἔγγὺς
3889 2303 3986 2356 μυ-

630 2363 818 2419 millia
866 2364 1031 2436 prius
1076 2363 1378 2420 dabantur
1425 2362 1657 2418 civibus
1706 2361 1958 2432 singulis
1996 2361 2171 2416 annis
2214 2378 2225 2414 ι

2395 2359 2578 2437 ριάδες
2643 2362 2994 2436 ἐχορηγοῦντο
3053 2369 3302 2440 πρότερον
3372 2372 3522 2421 σίτου
3587 2377 3698 2433 τοῖς
3763 2372 3986 2433 πολίταις

629 2451 866 2508 tributis
898 2453 1247 2524 Egyptiaco
1274 2451 1502 2524 populo
1526 2451 1845 2524 impositis.
1874 2449 2220 2506 Macedoniu

2396 2451 2620 2505 ἑκάστου
2675 2455 2819 2514 ἔτους
2876 2450 2931 2504 ἐκ
2996 2461 3096 2504 τῶν
3161 2455 3514 2528 κομιζομένων
3580 2456 3668 2511 ἀπ’
3726 2460 3985 2532 Αἰγύπτου

630 2545 834 2597 autem
865 2557 987 2597 non
1015 2541 1214 2598 statim
1241 2540 1407 2596 urbis
1435 2541 1793 2612 episcopum
1819 2538 1988 2606 fecit;
2023 2539 2127 2594 sed
2158 2539 2225 2595 sit

2393 2549 2464 2612 τῷ
2533 2539 2686 2614 δήμῳ
2746 2546 2936 2615 φόρων.
2997 2539 3319 2596 Μακεδόνων
3375 2541 3435 2597 δε
3489 2555 3580 2608 τῆς
3631 2547 3824 2613 πόλεως
3875 2555 3988 2610 τέως

627 2629 797 2685 illum
826 2630 1122 2687 adversus
1168 2629 1418 2686 Paulum
1451 2629 1512 2684 in
1553 2629 1837 2701 praedicta
1866 2627 2118 2684 ecclesia
2147 2644 2217 2684 co

2394 2632 2676 2684 ἐπίσκοπον
2735 2631 2829 2684 οῦκ
2889 2630 3164 2704 ἐποίησεν,
3224 2631 3331 2685 ἀλλ’
3389 2637 3557 2688 εἴασεν
3619 2637 3772 2690 αὐτὸν
3830 2639 3879 2692 ἐν
3928 2647 3981 2711 τῇ

627 2719 832 2775 cilium
881 2719 1075 2775 facere
1123 2719 1184 2774 in
1228 2735 1350 2792 qua
1379 2724 1435 2775 et
1462 2718 1775 2775 ordinatus
1823 2723 1950 2787 est;
1984 2723 2162 2791 atque
2205 2718 2222 2774 i

2392 2718 2635 2793 λεγομένῃ
2690 2719 2773 2773 ἐπὶ
2833 2720 3034 2773 Παῦλον
3087 2721 3336 2795 ἐκκλησίᾳ
3399 2727 3657 2797 συνάγειν,
3711 2727 3760 2779 ἐν
3903 2733 3985 2780 καὶ

624 2808 754 2880 ipse
785 2808 1161 2866 Antiochiam
1185 2824 1460 2865 reversus
1483 2812 1598 2876 est;
1625 2807 1842 2864 Paulus
1868 2823 2006 2864 vero
2031 2810 2218 2864 Roma

2393 2807 2806 2882 ἐχειροτονήθη·
2865 2814 2956 2862 καὶ
3021 2810 3186 2872 οὕτως
3251 2812 3404 2873 αύτός
3459 2817 3549 2886 μὲν
3607 2814 3868 2880 ἀνέζευξεν
3917 2817 3982 2880 εἰς

627 2897 958 2956 descendit.

2392 2901 2701 2971 Αντιόχειαν
2727 2921 2739 2932 ο
2774 2898 2977 2960 Παῦλος
3011 2896 3044 2952 δ
3048 2902 3070 2951 ξ
3094 2905 3188 2958 τὴν
3215 2899 3415 2974 Ῥώμην
3445 2903 3733 2961 κατέλαϐεν.

2463 2988 2511 3044 ι’.
2556 2994 2680 3061 Περὶ
2730 2985 2789 3041 δὲ
2842 2997 2939 3041 τῶν
2983 2989 3098 3041 κατ’
3145 2987 3535 3065 Ἀλεξάνδρειαν
3585 2993 3980 3067 συμϐεϐηκότων

704 3083 790 3136 to.
833 3081 913 3134 Ea
946 3093 1086 3134 vero
1133 3093 1270 3150 quae
1318 3076 1693 3134 Alexandriae
1735 3077 1892 3134 facta
1934 3081 2073 3133 sunt
2114 3077 2283 3134 aliter

2391 3074 2714 3151 Θεοδώριτος
2771 3079 2862 3150 μὲν
2909 3077 3074 3140 ἄλλως
3123 3081 3336 3152 ἱστορεῖ.
3385 3086 3522 3138 Φησὶ
3565 3085 3667 3156 γὰρ
3711 3087 3842 3157 μετὰ
3891 3090 3978 3143 την

626 3174 833 3226 narrat
877 3167 1298 3224 Theodoretus.
1349 3168 1494 3224 Dicit
1540 3168 1700 3223 enim
1749 3169 2097 3238 Gregorium
2145 3184 2221 3239 po

2389 3166 2705 3220 Ἀθανασίου
2733 3172 2900 3239 φυγὴν
2931 3167 3292 3227 ἐπισκοπῆσαι
3334 3175 3620 3245 Γρηγόριον
3657 3175 3790 3248 ἄχρι
3816 3183 3906 3236 τῆς
3935 3172 3977 3226 ἓν

626 3258 935 3315 Athanasii
999 3259 1207 3327 fugam
1277 3258 1695 3330 episcopatum
1760 3256 2022 3326 gessisse
2087 3273 2221 3328 usql

2389 3253 2619 3328 Σαρδικῇ
2652 3253 2901 3324 συνόδου,
2923 3258 3054 3328 μετὰ
3085 3252 3143 3308 δὲ
3172 3260 3265 3315 τὴν
3298 3255 3517 3311 σύνοδον
3542 3262 3757 3331 ταύτην,
3783 3265 3870 3315 τόν
3894 3264 3979 3335 μεν

627 3346 708 3403 ad
738 3347 996 3403 Sardicae
1033 3346 1304 3402 habitam
1347 3346 1671 3419 synodum.
1703 3348 1838 3401 Post
1881 3345 2040 3402 hanc
2077 3352 2222 3402 aute:

2390 3350 2675 3420 Γρηγόριον
2720 3343 3053 3420 ἁναιρέθῆναι
3099 3348 3244 3421 παρὰ
3283 3355 3381 3399 τῶν
3431 3346 3825 3424 Ἀλεξανδρέων,
3868 3349 3979 3403 ἐπα-

628 3434 932 3507 synodum
983 3435 1330 3504 Gregorium
1370 3434 1447 3490 ab
1486 3433 1904 3489 Alexandrinis
1937 3433 2223 3506 depositu:

2388 3434 2576 3487 νελθεῖν
2609 3431 2643 3486 δ
2647 3438 2667 3486 's
2696 3434 2849 3486 πάλιν
2888 3436 2974 3487 169
3001 3434 3311 3488 Ἀθανάσιον
3341 3436 3408 3497 εἰς
3437 3441 3525 3490 τόν
3572 3437 3756 3492 οἰκεῖον
3808 3441 3978 3514 θρόνον

629 3540 782 3593 esse,
812 3523 1058 3579 rediisse
1106 3529 1248 3579 tunc
1289 3523 1687 3579 Athanasium
1736 3523 1799 3578 in
1843 3523 2152 3595 prOpriam
2195 3541 2221 3578 s

2391 3523 2804 3598 διαγραμμάτων
2855 3530 3188 3586 Κώνσταντος
3233 3533 3324 3578 τοῦ
3375 3525 3423 3578 ἐν
3451 3526 3620 3601 Ῥώμῃ
3672 3528 3979 3602 βασιλεύον-

629 3613 770 3670 dem
794 3629 902 3686 per
923 3612 1260 3669 Constantis
1280 3612 1522 3682 litteras,
1543 3612 1645 3684 qui
1669 3617 1810 3667 tunc
1840 3614 2041 3668 Romae
2072 3628 2224 3682 regn.

2388 3633 2495 3674 τος.
2559 3615 2698 3667 Ἐπεὶ
2765 3609 2824 3666 δὲ
2892 3619 3134 3675 Κώνστας
3195 3613 3540 3686 ἐτελεύτησεν,
3597 3614 3747 3680 αὖθις
3809 3625 3981 3692 φυγεῖν

626 3702 751 3759 bat.
814 3705 1135 3773 Postquam
1197 3704 1400 3758 autem
1451 3703 1746 3757 Constans
1797 3705 2073 3756 mortuus
2127 3701 2221 3757 fuit

2390 3704 2718 3776 Ἀθανάσοιν,
2781 3709 2870 3757 καὶ
2931 3703 3322 3780 προϐεϐλῆσθαι
3380 3710 3522 3780 παρὰ
3574 3716 3672 3760 τῶν
3711 3708 3981 3784 Ἀρειανῶν

625 3806 870 3850 rursum
912 3790 1138 3862 fugisse
1168 3790 1587 3858 Athanasium,
1622 3793 1680 3845 et
1723 3789 1977 3846 electum
2017 3806 2147 3846 esse
2199 3807 2220 3847 ε

2391 3799 2643 3867 Γεώργιον
2704 3796 2790 3846 τόν
2860 3790 3256 3867 Καππαδόκην,
3323 3801 3488 3870 μυρία
3551 3800 3688 3850 κακὰ
3751 3806 3861 3860 τοῖς
3922 3800 3980 3851 τὰ

624 3881 859 3938 Arianis
889 3880 1208 3950 Georgium
1239 3880 1682 3953 Cappadocem,
1711 3896 1972 3953 eumque
1999 3897 2213 3937 sexcen

2389 3883 2705 3935 Ἀθανασίου
2772 3890 3047 3956 φρονοῦσιν
3113 3880 3466 3956 ἐνδείξασθαι,
3533 3891 3624 3940 καί
3687 3907 3830 3951 τινας
3887 3895 3979 3940 τῶν

623 3971 790 4028 mala
831 3969 1140 4026 Athanasii
1182 3969 1518 4026 fautoribus
1570 3969 1984 4025 machinatum
2026 3985 2176 4039 esse,
2215 3987 2218 4026 :

2388 3971 2476 4024 ἀπ’
2523 3973 2790 4044 Αἰγύπτου
2835 3979 2924 4025 καὶ
2969 3972 3168 4034 Λιϐύης
3209 3973 3504 4028 ἐπισκόπων
3546 3974 3797 4049 ἐξορίσαι,
3833 3980 3980 4030 Γάϊον

624 4061 1018 4133 exsiliumque
1075 4059 1312 4115 misisse
1343 4059 1664 4116 nonnullos
1693 4060 1929 4132 Egypti
1956 4060 2219 4133 Lybizeqt

2388 4066 2757 4136 Παραιτονίου,
2789 4062 3018 4134 Ἀγαθον
3059 4069 3371 4136 Φραγώνεως
3411 4065 3502 4117 καί
3538 4070 3726 4139 μέρους
3769 4067 3978 4143 Ἐλεαρ-

622 4150 962 4221 episcopos,
996 4149 1204 4205 Caium
1253 4148 1586 4215 Parietonii,
1619 4149 1918 4220 Agathum
1949 4150 2217 4220 Phragon

2386 4155 2512 4222 χίας
2565 4159 2656 4211 τῆς
2709 4150 3016 4223 Αἰγύπτου,
3069 4152 3358 4224 Ἀμμώνιον
3426 4158 3834 4226 Παχνεμούνεως
3896 4161 3981 4209 καὶ

621 4242 680 4294 et
722 4238 906 4310 partis
942 4237 1263 4293 Elearchize
1293 4239 1551 4310 Aigypti,
1582 4239 1970 4294 Ammonium
2012 4240 2216 4295 Pachnt

2386 4247 2477 4292 τοῦ
2536 4240 2718 4293 λοιποῦ
2773 4245 2959 4316 μέρους
3023 4250 3113 4302 τῆς
3179 4240 3507 4316 Ἐλεαρχίας,
3561 4241 3981 4318 Ἀγαθοδαίμονα

618 4327 823 4383 munis
849 4330 906 4382 et
944 4326 1189 4397 reliquie
1234 4327 1550 4382 Elearchiee
1576 4327 1784 4398 partis,
1816 4329 2210 4398 Agathodtem

2385 4325 2617 4401 Σχεδέας
2671 4335 2761 4382 καὶ
2825 4329 3173 4402 Μενελαίτου,
3231 4335 3538 4405 Δρακόντιον
3598 4333 3979 4408 Ἐρμουπόλεως

616 4431 760 4472 nem
785 4414 1064 4472 Schedeae
1090 4421 1146 4470 et
1166 4415 1471 4486 Menelaiti,
1498 4417 1882 4474 Dracontium
1905 4419 2211 4492 Hermopoi

2384 4426 2600 4493 μικρᾶς,
2668 4417 2938 4492 Ἀδέλφιον
3007 4420 3316 4493 Ὀνούφεως,
3399 4426 3719 4495 Παφνούτιον
3784 4428 3978 4492 Σάεως,

616 4505 886 4573 minoris,
917 4503 1279 4575 Adelphium
1325 4504 1617 4576 Onuphis,
1667 4507 2071 4578 Paphnutium
2126 4509 2211 4566 Sai

2385 4510 2450 4560 ὧν
2500 4514 2588 4561 xui
2636 4510 2661 4561 6
2709 4513 2868 4581 μέγας
2908 4510 3218 4571 Ἀθανάσιος
3269 4508 3316 4562 ἐν
3370 4518 3432 4584 τῇ
3490 4513 3615 4586 ὑπερ
3660 4521 3754 4575 τῆς
3815 4523 3980 4588 φυγῆς

617 4597 790 4664 cujus
812 4593 1086 4649 meminit
1109 4609 1367 4662 magnus
1389 4593 1749 4650 Athanasius
1768 4596 1830 4650 in
1852 4613 1962 4653 sua
1984 4597 2059 4653 de
2078 4597 2212 4670 ipsil

2386 4598 2544 4651 αὐτοῦ
2606 4596 2860 4671 ἀπολογίᾳ
2923 4602 3219 4671 μέμνηται·
3273 4603 3364 4652 καὶ
3419 4603 3552 4674 πρὸς
3610 4604 3814 4665 τούτοις
3862 4603 3981 4676 Ἀμ-

613 4683 760 4752 fuga
803 4683 1133 4754 Apologia;
1183 4688 1239 4739 et
1286 4688 1502 4755 praeter
1549 4683 1680 4740 illos
1730 4684 1987 4742 alterum
2034 4691 2208 4744 Amm

2382 4694 2570 4760 μώνιον
2635 4689 2824 4763 ἕτερον,
2892 4693 3086 4760 Μὼῑον,
3157 4687 3376 4759 Φίλωνα,
3452 4689 3664 4766 Ἑρμῆν,
3734 4689 3977 4759 Πληνιον,

611 4772 806 4840 nium,
830 4771 1068 4840 Moium,
1098 4771 1430 4836 Philonem,
1456 4774 1751 4839 Hermem,
1771 4773 2044 4843 Plinium,
2069 4779 2206 4833 Psen

2383 4780 2670 4851 Ψενέσιριν,
2736 4777 3031 4850 Ἅγαμφον,
3098 4779 3332 4852 Μάρκον,
3394 4778 3761 4852 Νειλάμμωνα,
3827 4783 3978 4855 Μάρ-

613 4860 800 4932 sirim,
843 4859 1249 4932 Agamphum,
1299 4863 1582 4929 Marcum,
1625 4861 2087 4931 Nilammonem,
2130 4870 2208 4926 Ma

2386 4887 2467 4920 κον
2525 4869 2710 4943 ἕτερον,
2769 4863 3148 4941 Ἀθηνόδωρον,
3201 4872 3290 4921 καὶ
3350 4868 3731 4945 πρεσϐυτέρους
3779 4869 3981 4946 Ἱέρακα

609 4965 750 5005 cum
783 4950 1062 5016 alterum,
1085 4949 1558 5020 Athenodorum,
1579 4955 1634 5007 et
1660 4952 2045 5024 presbyteros
2076 4957 2204 5014 Hier

2383 4962 2468 5010 xui
2515 4963 2816 5032 Διόσκορον.
2858 4958 3034 5018 Ούτως
3081 4960 3172 5030 μὲν
3219 4953 3308 5009 οὖν
3357 4955 3724 5035 Θεοδώριτοςο
3771 4961 3978 5036 Σωκράο

607 5055 737 5096 cem
771 5044 828 5096 et
852 5039 1222 5095 Dioscorum.
1251 5043 1438 5112 Atque
1465 5039 1544 5095 ita
1567 5040 1816 5111 quidem
1837 5042 2202 5104 Theodoretu

2383 5068 2473 5110 της
2525 5044 2584 5100 δὲ
2647 5052 2737 5099 xui
2803 5047 3091 5120 Σωξόμενός
3153 5064 3310 5120 φασιν
3366 5048 3448 5100 ὅτι
3512 5048 3664 5110 εύθῦς
3727 5052 3865 5121 μετὰ
3924 5053 3978 5102 τό

609 5131 883 5185 Socrates
907 5134 1112 5187 autem
1139 5135 1196 5185 et
1222 5131 1589 5184 Sozomenus
1616 5137 1866 5188 narrant
1884 5133 2132 5192 Arianos
2155 5143 2203 5196 st

2383 5135 2689 5196 ἐκϐληθῆναι
2747 5136 2967 5208 Παῦλον,
3018 5139 3108 5188 xui
3157 5133 3437 5200 ἀναζεῦξαι
3494 5139 3855 5192 Κωνστάντιον
3913 5137 3978 5199 εἰς

604 5215 711 5272 tim
742 5222 880 5289 post
917 5216 1079 5272 Pauli
1125 5217 1541 5288 expulsionem
1572 5222 1628 5273 et
1657 5219 1917 5277 reditum
1946 5222 2199 5296 imperat

2386 5228 2702 5299 Ἀντιόχειαν
2736 5269 2751 5295 ,
2819 5227 2868 5278 οἰ
2928 5224 3302 5300 ἀρειανίζοντες
3375 5229 3704 5299 μετέστησαν
3770 5225 3828 5280 ἐκ
3892 5235 3981 5288 τῆς

601 5305 683 5362 ris
727 5305 1121 5377 Antiochiam,
1175 5306 1526 5378 deposuisse
1578 5309 1926 5378 Gregorium
1971 5318 2196 5386 tanqua

2384 5312 2766 5391 Ἀλεξανδρείας
2829 5319 3152 5390 Γρηγόρῖον,
3230 5318 3299 5377 ὡς
3381 5320 3498 5370 οὔτε
3579 5313 3979 5391 Ἀλεξανδρεῦσι

599 5394 1018 5450 Alexandrinis
1061 5411 1184 5451 non
1227 5402 1462 5466 gratum
1495 5400 1550 5453 et
1580 5397 1984 5468 negligentem
2033 5419 2188 5477 prop

2384 5408 2716 5479 ιαταθύμιον,
2752 5409 2842 5458 καὶ
2875 5407 2946 5468 ὡς
2993 5402 3152 5477 ἀμελῆ
3187 5407 3316 5479 πρὸς
3351 5409 3612 5459 σύστασιν
3648 5413 3742 5458 τοῦ
3787 5406 3979 5461 οἰκείου

596 5484 900 5553 dogmatis
949 5484 1544 5556 propugnationem;
1580 5486 1752 5557 cujus
1799 5487 1861 5542 in
1908 5488 2112 5546 locum
2159 5496 2191 5549 G

2385 5493 2673 5570 δόγματος·
2731 5494 2847 5548 ἀντὶ
2915 5491 2973 5548 δὲ
3035 5497 3248 5565 τούτου,
3303 5500 3556 5570 Γεὼργιον
3617 5495 3877 5570 ἔπεμψαν,
3932 5496 3980 5557 ὃς

595 5572 838 5643 orgium
895 5574 1112 5628 misere
1181 5573 1286 5646 qui
1342 5589 1416 5630 ex
1480 5575 1865 5647 Cappadocia
1918 5580 2184 5640 oriundu

2385 5585 2426 5638 ἑκ
2493 5583 2873 5648 Καππαδοκίας
2934 5587 3024 5658 μεν
3087 5587 3316 5658 ὡρμᾶτο,
3373 5583 3531 5651 δόξαν
3594 5581 3654 5642 δε
3716 5589 3835 5664 περὶ
3887 5589 3980 5648 τὴν

592 5661 707 5722 sibi
735 5661 966 5721 famam
1000 5663 1063 5720 in
1091 5663 1313 5721 Ariana
1360 5665 1782 5737 superstitione
1827 5668 2187 5741 acquisiverz

1628 5665 1782 5723 tione
1827 5668 2250 5741 acquisiverat.
2371 5675 2613 5754 ἀρειανήν
2648 5677 2927 5753 θρησκείαν
2959 5672 3223 5734 ἐκέκτητο.
