  <div class='ocr_page' id='page_1' title='image "/cluster/home/n/w/nwhite01/storage/ocr_20150623/140/pst.000005714568/028.png"; bbox 0 0 4040 6318; ppageno 0'>
   <div class='ocr_carea' id='block_1_1' title="bbox 85 327 3456 388">
    <p class='ocr_par' dir='ltr' id='par_1_1' title="bbox 85 327 3456 388">
     <span class='ocr_line' id='line_1_1' title="bbox 85 327 3456 388; baseline 0.001 -5"><span class='ocrx_word' id='word_1_1' title='bbox 85 333 138 384; x_wconf 81' lang='lat' dir='ltr'>t7</span> <span class='ocrx_word' id='word_1_2' title='bbox 1470 327 1820 388; x_wconf 80' lang='lat' dir='ltr'>THESAURI</span> <span class='ocrx_word' id='word_1_3' title='bbox 1847 327 1985 386; x_wconf 91' lang='lat' dir='ltr'>LIB.</span> <span class='ocrx_word' id='word_1_4' title='bbox 2016 329 2085 385; x_wconf 83' lang='lat' dir='ltr'>VI</span> <span class='ocrx_word' id='word_1_5' title='bbox 3392 331 3456 386; x_wconf 89' lang='grc'>18</span> 
     </span>
    </p>
   </div>
   <div class='ocr_carea' id='block_1_2' title="bbox 142 448 1737 530">
    <p class='ocr_par' dir='ltr' id='par_1_2' title="bbox 142 448 1737 530">
     <span class='ocr_line' id='line_1_2' title="bbox 142 448 1737 530; baseline 0.003 -25"><span class='ocrx_word' id='word_1_6' title='bbox 142 450 235 507; x_wconf 78' lang='grc' dir='ltr'>ια’.</span> <span class='ocrx_word' id='word_1_7' title='bbox 315 451 395 506; x_wconf 85' lang='grc' dir='ltr'>Ἐν</span> <span class='ocrx_word' id='word_1_8' title='bbox 438 451 607 524; x_wconf 82' lang='grc' dir='ltr'>τούτῳ</span> <span class='ocrx_word' id='word_1_9' title='bbox 667 448 729 506; x_wconf 69' lang='grc' dir='ltr'>δὲ</span> <span class='ocrx_word' id='word_1_10' title='bbox 764 455 859 512; x_wconf 79' lang='grc' dir='ltr'>τὴν</span> <span class='ocrx_word' id='word_1_11' title='bbox 911 451 1134 528; x_wconf 82' lang='grc' dir='ltr'>Ῥώμην,</span> <span class='ocrx_word' id='word_1_12' title='bbox 1191 457 1262 519; x_wconf 80' lang='grc' dir='ltr'>ὣς</span> <span class='ocrx_word' id='word_1_13' title='bbox 1323 457 1531 530; x_wconf 77' lang='grc' dir='ltr'>ἔφαμεν,</span> <span class='ocrx_word' id='word_1_14' title='bbox 1598 475 1737 510; x_wconf 81' lang='grc' dir='ltr'>κα-.</span> 
     </span>
    </p>
   </div>
   <div class='ocr_carea' id='block_1_3' title="bbox 1862 448 3457 530">
    <p class='ocr_par' dir='ltr' id='par_1_3' title="bbox 1884 453 3457 524">
     <span class='ocr_line' id='line_1_3' title="bbox 1884 453 3457 524; baseline 0.002 -16"><span class='ocrx_word' id='word_1_15' title='bbox 1884 458 1965 508; x_wconf 78' lang='lat' dir='ltr'>tt.</span> <span class='ocrx_word' id='word_1_16' title='bbox 2001 456 2228 513; x_wconf 80' lang='lat' dir='ltr'>Interea</span> <span class='ocrx_word' id='word_1_17' title='bbox 2257 460 2460 513; x_wconf 90' lang='lat' dir='ltr'>autem</span> <span class='ocrx_word' id='word_1_18' title='bbox 2513 458 2787 524; x_wconf 82' lang='lat' dir='ltr'>Romam,</span> <span class='ocrx_word' id='word_1_19' title='bbox 2834 457 2898 511; x_wconf 90' lang='lat' dir='ltr'>ut</span> <span class='ocrx_word' id='word_1_20' title='bbox 2953 453 3235 522; x_wconf 83' lang='lat' dir='ltr'>diximus,</span> <span class='ocrx_word' id='word_1_21' title='bbox 3282 469 3457 512; x_wconf 88' lang='lat' dir='ltr'>vene-</span> 
     </span>
    </p>
   </div>
   <div class='ocr_carea' id='block_1_4' title="bbox 77 541 1672 619">
    <p class='ocr_par' dir='ltr' id='par_1_4' title="bbox 77 541 1672 619">
     <span class='ocr_line' id='line_1_4' title="bbox 77 541 1672 619; baseline 0.001 -24"><span class='ocrx_word' id='word_1_22' title='bbox 77 541 284 595; x_wconf 74' lang='grc' dir='ltr'>τελαϐον</span> <span class='ocrx_word' id='word_1_23' title='bbox 346 542 664 603; x_wconf 83' lang='grc' dir='ltr'>Ἀθανάσιος</span> <span class='ocrx_word' id='word_1_24' title='bbox 721 547 814 595; x_wconf 77' lang='grc' dir='ltr'>καί</span> <span class='ocrx_word' id='word_1_25' title='bbox 867 543 1089 613; x_wconf 81' lang='grc' dir='ltr'>Παῦλος,</span> <span class='ocrx_word' id='word_1_26' title='bbox 1138 545 1270 598; x_wconf 62' lang='lat' dir='ltr'>me</span> <span class='ocrx_word' id='word_1_27' title='bbox 1319 551 1413 599; x_wconf 85' lang='grc' dir='ltr'>καὶ</span> <span class='ocrx_word' id='word_1_28' title='bbox 1463 543 1672 619; x_wconf 87' lang='grc' dir='ltr'>Μάρκελ</span> 
     </span>
    </p>
   </div>
   <div class='ocr_carea' id='block_1_5' title="bbox 1860 541 3455 619">
    <p class='ocr_par' dir='ltr' id='par_1_5' title="bbox 1860 544 3455 617">
     <span class='ocr_line' id='line_1_5' title="bbox 1860 544 3455 617; baseline 0.001 -18"><span class='ocrx_word' id='word_1_29' title='bbox 1860 548 1944 599; x_wconf 73' lang='lat' dir='ltr'>int</span> <span class='ocrx_word' id='word_1_30' title='bbox 1960 544 2325 601; x_wconf 81' lang='lat' dir='ltr'>Athanasius</span> <span class='ocrx_word' id='word_1_31' title='bbox 2342 551 2398 602; x_wconf 93' lang='lat' dir='ltr'>et</span> <span class='ocrx_word' id='word_1_32' title='bbox 2413 545 2772 617; x_wconf 86' lang='lat' dir='ltr'>Paulus,sed</span> <span class='ocrx_word' id='word_1_33' title='bbox 2788 548 2845 601; x_wconf 90' lang='lat' dir='ltr'>et</span> <span class='ocrx_word' id='word_1_34' title='bbox 2860 544 3164 601; x_wconf 86' lang='lat' dir='ltr'>Marcellus</span> <span class='ocrx_word' id='word_1_35' title='bbox 3182 547 3455 617; x_wconf 70' lang='lat' dir='ltr'>Ancyrae,</span> 
     </span>
    </p>
   </div>
   <div class='ocr_carea' id='block_1_6' title="bbox 75 632 1670 708">
    <p class='ocr_par' dir='ltr' id='par_1_6' title="bbox 75 632 1670 706">
     <span class='ocr_line' id='line_1_6' title="bbox 75 632 1670 706; baseline 0.003 -23"><span class='ocrx_word' id='word_1_36' title='bbox 75 632 153 694; x_wconf 75' lang='grc' dir='ltr'>λος</span> <span class='ocrx_word' id='word_1_37' title='bbox 209 634 238 684; x_wconf 87' lang='grc' dir='ltr'>ό</span> <span class='ocrx_word' id='word_1_38' title='bbox 307 632 594 706; x_wconf 70' lang='grc' dir='ltr'>Ἀγκύρας,</span> <span class='ocrx_word' id='word_1_39' title='bbox 659 637 750 685; x_wconf 86' lang='grc' dir='ltr'>καὶ</span> <span class='ocrx_word' id='word_1_40' title='bbox 818 633 1119 697; x_wconf 84' lang='grc' dir='ltr'>Ἀσκληπᾶς</span> <span class='ocrx_word' id='word_1_41' title='bbox 1179 637 1205 689; x_wconf 89' lang='grc' dir='ltr'>ό</span> <span class='ocrx_word' id='word_1_42' title='bbox 1285 635 1481 704; x_wconf 78' lang='grc' dir='ltr'>Γάζης,</span> <span class='ocrx_word' id='word_1_43' title='bbox 1539 637 1594 688; x_wconf 83' lang='grc' dir='ltr'>ὃν</span> <span class='ocrx_word' id='word_1_44' title='bbox 1647 654 1670 688; x_wconf 88' lang='grc' dir='ltr'>ο</span> 
     </span>
    </p>
   </div>
   <div class='ocr_carea' id='block_1_7' title="bbox 1861 632 3456 708">
    <p class='ocr_par' dir='ltr' id='par_1_7' title="bbox 1861 632 3456 708">
     <span class='ocr_line' id='line_1_7' title="bbox 1861 632 3456 708; baseline 0.003 -24"><span class='ocrx_word' id='word_1_45' title='bbox 1861 676 1863 684; x_wconf 79' lang='grc'>,</span> <span class='ocrx_word' id='word_1_46' title='bbox 1888 632 2197 706; x_wconf 87' lang='lat' dir='ltr'>Asclepius</span> <span class='ocrx_word' id='word_1_47' title='bbox 2225 637 2393 692; x_wconf 73' lang='lat' dir='ltr'>Gazae</span> <span class='ocrx_word' id='word_1_48' title='bbox 2419 652 2604 708; x_wconf 89' lang='lat' dir='ltr'>quem</span> <span class='ocrx_word' id='word_1_49' title='bbox 2629 635 2832 691; x_wconf 90' lang='lat' dir='ltr'>Ariani</span> <span class='ocrx_word' id='word_1_50' title='bbox 2861 635 3290 706; x_wconf 86' lang='lat' dir='ltr'>deposuerant,</span> <span class='ocrx_word' id='word_1_51' title='bbox 3309 633 3456 690; x_wconf 87' lang='lat' dir='ltr'>falso</span> 
     </span>
    </p>
   </div>
   <div class='ocr_carea' id='block_1_8' title="bbox 79 719 1674 801">
    <p class='ocr_par' dir='ltr' id='par_1_8' title="bbox 79 719 1674 801">
     <span class='ocr_line' id='line_1_8' title="bbox 79 719 1674 801; baseline 0.001 -26"><span class='ocrx_word' id='word_1_52' title='bbox 79 722 367 795; x_wconf 72' lang='grc' dir='ltr'>’Δρειανοὶ,</span> <span class='ocrx_word' id='word_1_53' title='bbox 435 719 777 784; x_wconf 81' lang='grc' dir='ltr'>διαϐαλόντες</span> <span class='ocrx_word' id='word_1_54' title='bbox 832 724 902 784; x_wconf 82' lang='grc' dir='ltr'>ὡς</span> <span class='ocrx_word' id='word_1_55' title='bbox 961 725 1345 801; x_wconf 73' lang='grc' dir='ltr'>θυσιαστήριον</span> <span class='ocrx_word' id='word_1_56' title='bbox 1398 728 1674 799; x_wconf 87' lang='grc' dir='ltr'>καταστρέ-</span> 
     </span>
    </p>
   </div>
   <div class='ocr_carea' id='block_1_9' title="bbox 1861 719 3456 801">
    <p class='ocr_par' dir='ltr' id='par_1_9' title="bbox 1861 724 3456 798">
     <span class='ocr_line' id='line_1_9' title="bbox 1861 724 3456 798; baseline 0 -20"><span class='ocrx_word' id='word_1_57' title='bbox 1861 739 1945 779; x_wconf 83' lang='lat' dir='ltr'>1m</span> <span class='ocrx_word' id='word_1_58' title='bbox 1985 724 2373 782; x_wconf 75' lang='lat' dir='ltr'>criminantes</span> <span class='ocrx_word' id='word_1_59' title='bbox 2413 725 2579 798; x_wconf 93' lang='lat' dir='ltr'>quod</span> <span class='ocrx_word' id='word_1_60' title='bbox 2610 740 2779 781; x_wconf 88' lang='lat' dir='ltr'>aram</span> <span class='ocrx_word' id='word_1_61' title='bbox 2811 725 3131 794; x_wconf 85' lang='lat' dir='ltr'>evertisset,</span> <span class='ocrx_word' id='word_1_62' title='bbox 3178 728 3236 780; x_wconf 87' lang='lat' dir='ltr'>et</span> <span class='ocrx_word' id='word_1_63' title='bbox 3283 724 3456 794; x_wconf 86' lang='lat' dir='ltr'>cujus</span> 
     </span>
    </p>
   </div>
   <div class='ocr_carea' id='block_1_10' title="bbox 72 810 1667 887">
    <p class='ocr_par' dir='ltr' id='par_1_10' title="bbox 72 810 1667 887">
     <span class='ocr_line' id='line_1_10' title="bbox 72 810 1667 887; baseline 0.002 -24"><span class='ocrx_word' id='word_1_64' title='bbox 72 811 264 880; x_wconf 63' lang='grc' dir='ltr'>ᾆαντα,</span> <span class='ocrx_word' id='word_1_65' title='bbox 323 811 585 879; x_wconf 81' lang='grc' dir='ltr'>καθεῖλον,</span> <span class='ocrx_word' id='word_1_66' title='bbox 640 815 732 864; x_wconf 87' lang='grc' dir='ltr'>καὶ</span> <span class='ocrx_word' id='word_1_67' title='bbox 773 810 881 864; x_wconf 81' lang='grc' dir='ltr'>ἀντ’</span> <span class='ocrx_word' id='word_1_68' title='bbox 938 813 1098 866; x_wconf 75' lang='grc' dir='ltr'>αὐτοῦ</span> <span class='ocrx_word' id='word_1_69' title='bbox 1155 818 1427 868; x_wconf 80' lang='grc' dir='ltr'>Κεντιανόν</span> <span class='ocrx_word' id='word_1_70' title='bbox 1485 814 1667 887; x_wconf 82' lang='grc' dir='ltr'>ἐχειρο</span> 
     </span>
    </p>
   </div>
   <div class='ocr_carea' id='block_1_11' title="bbox 1862 810 3457 887">
    <p class='ocr_par' dir='ltr' id='par_1_11' title="bbox 1864 812 3457 886">
     <span class='ocr_line' id='line_1_11' title="bbox 1864 812 3457 886; baseline 0 -18"><span class='ocrx_word' id='word_1_71' title='bbox 1864 829 1935 869; x_wconf 95' lang='lat' dir='ltr'>co</span> <span class='ocrx_word' id='word_1_72' title='bbox 1967 813 2317 869; x_wconf 89' lang='lat' dir='ltr'>Centianum</span> <span class='ocrx_word' id='word_1_73' title='bbox 2349 815 2806 882; x_wconf 87' lang='lat' dir='ltr'>ordinaverant;</span> <span class='ocrx_word' id='word_1_74' title='bbox 2845 830 2914 869; x_wconf 90' lang='lat' dir='ltr'>ac</span> <span class='ocrx_word' id='word_1_75' title='bbox 2943 819 3158 886; x_wconf 77' lang='lat' dir='ltr'>praeter</span> <span class='ocrx_word' id='word_1_76' title='bbox 3191 812 3320 868; x_wconf 91' lang='lat' dir='ltr'>illos</span> <span class='ocrx_word' id='word_1_77' title='bbox 3353 814 3457 868; x_wconf 88' lang='lat' dir='ltr'>Lu-</span> 
     </span>
    </p>
   </div>
   <div class='ocr_carea' id='block_1_12' title="bbox 73 897 1668 978">
    <p class='ocr_par' dir='ltr' id='par_1_12' title="bbox 73 897 1668 978">
     <span class='ocr_line' id='line_1_12' title="bbox 73 897 1668 978; baseline 0.001 -26"><span class='ocrx_word' id='word_1_78' title='bbox 73 905 304 958; x_wconf 76' lang='grc' dir='ltr'>τόνησαν</span> <span class='ocrx_word' id='word_1_79' title='bbox 344 917 359 931; x_wconf 91' lang='grc'><strong>·</strong></span> <span class='ocrx_word' id='word_1_80' title='bbox 428 904 561 975; x_wconf 80' lang='grc' dir='ltr'>πρὸς</span> <span class='ocrx_word' id='word_1_81' title='bbox 614 897 674 952; x_wconf 65' lang='grc' dir='ltr'>δι</span> <span class='ocrx_word' id='word_1_82' title='bbox 730 906 821 954; x_wconf 84' lang='grc' dir='ltr'>καὶ</span> <span class='ocrx_word' id='word_1_83' title='bbox 869 904 1096 966; x_wconf 80' lang='grc' dir='ltr'>Λούκιος</span> <span class='ocrx_word' id='word_1_84' title='bbox 1142 905 1168 956; x_wconf 90' lang='grc' dir='ltr'><strong>ὀ</strong></span> <span class='ocrx_word' id='word_1_85' title='bbox 1219 900 1668 978; x_wconf 81' lang='grc' dir='ltr'>Ἀδριανουπόλεω</span> 
     </span>
    </p>
   </div>
   <div class='ocr_carea' id='block_1_13' title="bbox 1858 897 3453 978">
    <p class='ocr_par' dir='ltr' id='par_1_13' title="bbox 1862 903 3453 976">
     <span class='ocr_line' id='line_1_13' title="bbox 1862 903 3453 976; baseline 0.001 -19"><span class='ocrx_word' id='word_1_86' title='bbox 1862 919 1932 958; x_wconf 88' lang='lat' dir='ltr'>us</span> <span class='ocrx_word' id='word_1_87' title='bbox 1960 903 2379 976; x_wconf 89' lang='lat' dir='ltr'>Adrianopolis</span> <span class='ocrx_word' id='word_1_88' title='bbox 2423 905 2542 961; x_wconf 89' lang='lat' dir='ltr'>alio</span> <span class='ocrx_word' id='word_1_89' title='bbox 2585 905 2832 961; x_wconf 85' lang='lat' dir='ltr'>crimine</span> <span class='ocrx_word' id='word_1_90' title='bbox 2869 908 3209 960; x_wconf 78' lang='lat' dir='ltr'>accusatus.</span> <span class='ocrx_word' id='word_1_91' title='bbox 3251 907 3453 959; x_wconf 66' lang='lat' dir='ltr'>Romae</span> 
     </span>
    </p>
   </div>
   <div class='ocr_carea' id='block_1_14' title="bbox 70 989 1665 1066">
    <p class='ocr_par' dir='ltr' id='par_1_14' title="bbox 70 989 1665 1066">
     <span class='ocr_line' id='line_1_14' title="bbox 70 989 1665 1066; baseline 0.002 -25"><span class='ocrx_word' id='word_1_92' title='bbox 70 989 143 1043; x_wconf 70' lang='grc' dir='ltr'>ἐπ’</span> <span class='ocrx_word' id='word_1_93' title='bbox 184 989 346 1062; x_wconf 73' lang='grc' dir='ltr'>ἄλλῳ</span> <span class='ocrx_word' id='word_1_94' title='bbox 407 994 512 1043; x_wconf 84' lang='grc' dir='ltr'>τινὶ</span> <span class='ocrx_word' id='word_1_95' title='bbox 563 993 968 1064; x_wconf 72' lang='grc' dir='ltr'>κατηγορηθείς.</span> <span class='ocrx_word' id='word_1_96' title='bbox 1000 991 1059 1044; x_wconf 73' lang='grc' dir='ltr'>Ὀ</span> <span class='ocrx_word' id='word_1_97' title='bbox 1110 989 1170 1046; x_wconf 70' lang='grc' dir='ltr'>δὲ</span> <span class='ocrx_word' id='word_1_98' title='bbox 1224 991 1423 1066; x_wconf 80' lang='grc' dir='ltr'>Ῥώμης</span> <span class='ocrx_word' id='word_1_99' title='bbox 1484 990 1665 1045; x_wconf 65' lang='lat' dir='ltr'>irino</span> 
     </span>
    </p>
   </div>
   <div class='ocr_carea' id='block_1_15' title="bbox 1858 989 3453 1066">
    <p class='ocr_par' dir='ltr' id='par_1_15' title="bbox 1858 991 3453 1065">
     <span class='ocr_line' id='line_1_15' title="bbox 1858 991 3453 1065; baseline -0.001 -18"><span class='ocrx_word' id='word_1_100' title='bbox 1858 1007 1943 1047; x_wconf 66' lang='lat' dir='ltr'>aro</span> <span class='ocrx_word' id='word_1_101' title='bbox 1983 991 2302 1065; x_wconf 89' lang='lat' dir='ltr'>episcopus</span> <span class='ocrx_word' id='word_1_102' title='bbox 2333 993 2522 1048; x_wconf 85' lang='lat' dir='ltr'>Julius</span> <span class='ocrx_word' id='word_1_103' title='bbox 2567 1009 2668 1048; x_wconf 89' lang='lat' dir='ltr'>eos</span> <span class='ocrx_word' id='word_1_104' title='bbox 2712 993 2853 1047; x_wconf 86' lang='lat' dir='ltr'>ﬁdei</span> <span class='ocrx_word' id='word_1_105' title='bbox 2897 993 3150 1048; x_wconf 72' lang='lat' dir='ltr'>Niczenae</span> <span class='ocrx_word' id='word_1_106' title='bbox 3199 1006 3453 1046; x_wconf 88' lang='lat' dir='ltr'>consen-</span> 
     </span>
    </p>
   </div>
   <div class='ocr_carea' id='block_1_16' title="bbox 71 1077 1666 1156">
    <p class='ocr_par' dir='ltr' id='par_1_16' title="bbox 71 1077 1666 1156">
     <span class='ocr_line' id='line_1_16' title="bbox 71 1077 1666 1156; baseline 0.002 -26"><span class='ocrx_word' id='word_1_107' title='bbox 71 1097 158 1140; x_wconf 72' lang='grc' dir='ltr'>τος</span> <span class='ocrx_word' id='word_1_108' title='bbox 197 1077 454 1146; x_wconf 81' lang='grc' dir='ltr'>Ἰούλιος,</span> <span class='ocrx_word' id='word_1_109' title='bbox 507 1080 853 1152; x_wconf 71' lang='grc' dir='ltr'>ὁμονοοῦντας</span> <span class='ocrx_word' id='word_1_110' title='bbox 901 1083 1114 1142; x_wconf 78' lang='grc' dir='ltr'>τούτους</span> <span class='ocrx_word' id='word_1_111' title='bbox 1172 1083 1332 1156; x_wconf 83' lang='grc' dir='ltr'>εὑρὼν</span> <span class='ocrx_word' id='word_1_112' title='bbox 1384 1089 1446 1154; x_wconf 79' lang='grc' dir='ltr'>τῇ</span> <span class='ocrx_word' id='word_1_113' title='bbox 1499 1080 1548 1132; x_wconf 60' lang='lat' dir='ltr'>7w</span> <span class='ocrx_word' id='word_1_114' title='bbox 1590 1088 1666 1133; x_wconf 82' lang='grc' dir='ltr'>Νι</span> 
     </span>
    </p>
   </div>
   <div class='ocr_carea' id='block_1_17' title="bbox 1853 1077 3448 1156">
    <p class='ocr_par' dir='ltr' id='par_1_17' title="bbox 1853 1080 3448 1150">
     <span class='ocr_line' id='line_1_17' title="bbox 1853 1080 3448 1150; baseline 0 -14"><span class='ocrx_word' id='word_1_115' title='bbox 1853 1088 2014 1136; x_wconf 85' lang='lat' dir='ltr'>entes</span> <span class='ocrx_word' id='word_1_116' title='bbox 2041 1081 2353 1136; x_wconf 85' lang='lat' dir='ltr'>inveniens</span> <span class='ocrx_word' id='word_1_117' title='bbox 2377 1083 2438 1138; x_wconf 93' lang='lat' dir='ltr'>in</span> <span class='ocrx_word' id='word_1_118' title='bbox 2462 1097 2636 1137; x_wconf 90' lang='lat' dir='ltr'>suam</span> <span class='ocrx_word' id='word_1_119' title='bbox 2669 1082 3162 1137; x_wconf 88' lang='lat' dir='ltr'>communionem</span> <span class='ocrx_word' id='word_1_120' title='bbox 3185 1080 3448 1150; x_wconf 84' lang='lat' dir='ltr'>admisit,</span> 
     </span>
    </p>
   </div>
   <div class='ocr_carea' id='block_1_18' title="bbox 67 1166 1662 1247">
    <p class='ocr_par' dir='ltr' id='par_1_18' title="bbox 67 1166 1662 1247">
     <span class='ocr_line' id='line_1_18' title="bbox 67 1166 1662 1247; baseline 0.003 -29"><span class='ocrx_word' id='word_1_121' title='bbox 67 1173 188 1242; x_wconf 72' lang='grc' dir='ltr'>καίᾳ</span> <span class='ocrx_word' id='word_1_122' title='bbox 253 1166 503 1240; x_wconf 82' lang='grc' dir='ltr'>συνόδῷ,</span> <span class='ocrx_word' id='word_1_123' title='bbox 571 1168 640 1230; x_wconf 83' lang='grc' dir='ltr'>εἰς</span> <span class='ocrx_word' id='word_1_124' title='bbox 704 1173 970 1222; x_wconf 76' lang='grc' dir='ltr'>κοινωνίαν</span> <span class='ocrx_word' id='word_1_125' title='bbox 1035 1175 1362 1247; x_wconf 79' lang='grc' dir='ltr'>προσήκατο,</span> <span class='ocrx_word' id='word_1_126' title='bbox 1435 1175 1524 1222; x_wconf 86' lang='grc' dir='ltr'>καὶ</span> <span class='ocrx_word' id='word_1_127' title='bbox 1585 1177 1662 1223; x_wconf 82' lang='grc' dir='ltr'>τοί</span> 
     </span>
    </p>
   </div>
   <div class='ocr_carea' id='block_1_19' title="bbox 1855 1166 3450 1247">
    <p class='ocr_par' dir='ltr' id='par_1_19' title="bbox 1855 1169 3450 1242">
     <span class='ocr_line' id='line_1_19' title="bbox 1855 1169 3450 1242; baseline 0.001 -18"><span class='ocrx_word' id='word_1_128' title='bbox 1855 1185 1982 1241; x_wconf 91' lang='lat' dir='ltr'>;que</span> <span class='ocrx_word' id='word_1_129' title='bbox 2021 1169 2305 1225; x_wconf 90' lang='lat' dir='ltr'>omnibus</span> <span class='ocrx_word' id='word_1_130' title='bbox 2363 1171 2615 1227; x_wconf 74' lang='lat' dir='ltr'>Orientis</span> <span class='ocrx_word' id='word_1_131' title='bbox 2654 1171 2952 1242; x_wconf 88' lang='lat' dir='ltr'>episcopis</span> <span class='ocrx_word' id='word_1_132' title='bbox 2993 1169 3229 1241; x_wconf 86' lang='lat' dir='ltr'>scripsit</span> <span class='ocrx_word' id='word_1_133' title='bbox 3265 1174 3331 1224; x_wconf 91' lang='lat' dir='ltr'>ut</span> <span class='ocrx_word' id='word_1_134' title='bbox 3379 1170 3450 1226; x_wconf 91' lang='lat' dir='ltr'>iis</span> 
     </span>
    </p>
   </div>
   <div class='ocr_carea' id='block_1_20' title="bbox 70 1255 1665 1333">
    <p class='ocr_par' dir='ltr' id='par_1_20' title="bbox 70 1255 1665 1333">
     <span class='ocr_line' id='line_1_20' title="bbox 70 1255 1665 1333; baseline 0.001 -24"><span class='ocrx_word' id='word_1_135' title='bbox 70 1259 158 1310; x_wconf 62' lang='grc' dir='ltr'>ατὰ</span> <span class='ocrx_word' id='word_1_136' title='bbox 202 1264 311 1318; x_wconf 77' lang='grc' dir='ltr'>τήν</span> <span class='ocrx_word' id='word_1_137' title='bbox 356 1258 461 1312; x_wconf 76' lang='grc' dir='ltr'>Ἐω</span> <span class='ocrx_word' id='word_1_138' title='bbox 509 1264 671 1311; x_wconf 84' lang='grc' dir='ltr'>πᾶσιν</span> <span class='ocrx_word' id='word_1_139' title='bbox 740 1256 1047 1320; x_wconf 79' lang='grc' dir='ltr'>ἐπισκόποις</span> <span class='ocrx_word' id='word_1_140' title='bbox 1113 1259 1336 1333; x_wconf 71' lang='grc' dir='ltr'>ἔγραψεν</span> <span class='ocrx_word' id='word_1_141' title='bbox 1400 1255 1665 1312; x_wconf 75' lang='grc' dir='ltr'>ἀποδοῦναι</span> 
     </span>
    </p>
   </div>
   <div class='ocr_carea' id='block_1_21' title="bbox 1853 1255 3448 1333">
    <p class='ocr_par' dir='ltr' id='par_1_21' title="bbox 1853 1259 3448 1332">
     <span class='ocr_line' id='line_1_21' title="bbox 1853 1259 3448 1332; baseline 0.001 -18"><span class='ocrx_word' id='word_1_142' title='bbox 1853 1260 2076 1332; x_wconf 78' lang='lat' dir='ltr'>roprias</span> <span class='ocrx_word' id='word_1_143' title='bbox 2106 1259 2278 1315; x_wconf 90' lang='lat' dir='ltr'>sedes</span> <span class='ocrx_word' id='word_1_144' title='bbox 2307 1261 2640 1330; x_wconf 80' lang='lat' dir='ltr'>redderent,</span> <span class='ocrx_word' id='word_1_145' title='bbox 2675 1261 3094 1331; x_wconf 88' lang='lat' dir='ltr'>mitterentque</span> <span class='ocrx_word' id='word_1_146' title='bbox 3144 1259 3305 1315; x_wconf 89' lang='lat' dir='ltr'>dicta</span> <span class='ocrx_word' id='word_1_147' title='bbox 3352 1259 3448 1316; x_wconf 90' lang='lat' dir='ltr'>die</span> 
     </span>
    </p>
   </div>
   <div class='ocr_carea' id='block_1_22' title="bbox 68 1342 1663 1421">
    <p class='ocr_par' dir='ltr' id='par_1_22' title="bbox 68 1342 1663 1420">
     <span class='ocr_line' id='line_1_22' title="bbox 68 1342 1663 1420; baseline 0.001 -22"><span class='ocrx_word' id='word_1_148' title='bbox 68 1351 150 1417; x_wconf 63' lang='grc' dir='ltr'>μὲν</span> <span class='ocrx_word' id='word_1_149' title='bbox 201 1351 406 1408; x_wconf 75' lang='grc' dir='ltr'>αὐτοῖς</span> <span class='ocrx_word' id='word_1_150' title='bbox 471 1351 587 1407; x_wconf 85' lang='grc' dir='ltr'>τοὺς</span> <span class='ocrx_word' id='word_1_151' title='bbox 656 1342 823 1408; x_wconf 79' lang='grc' dir='ltr'>ἰδίους</span> <span class='ocrx_word' id='word_1_152' title='bbox 889 1349 1124 1420; x_wconf 79' lang='grc' dir='ltr'>θρόνους,</span> <span class='ocrx_word' id='word_1_153' title='bbox 1194 1348 1398 1420; x_wconf 63' lang='grc' dir='ltr'>πέμψαι</span> <span class='ocrx_word' id='word_1_154' title='bbox 1457 1344 1517 1400; x_wconf 85' lang='grc' dir='ltr'>δέ</span> <span class='ocrx_word' id='word_1_155' title='bbox 1551 1367 1663 1401; x_wconf 90' lang='grc' dir='ltr'>τινα</span> 
     </span>
    </p>
   </div>
   <div class='ocr_carea' id='block_1_23' title="bbox 1852 1342 3447 1421">
    <p class='ocr_par' dir='ltr' id='par_1_23' title="bbox 1852 1348 3447 1421">
     <span class='ocr_line' id='line_1_23' title="bbox 1852 1348 3447 1421; baseline -0.001 -17"><span class='ocrx_word' id='word_1_156' title='bbox 1852 1348 2022 1404; x_wconf 89' lang='lat' dir='ltr'>uieos</span> <span class='ocrx_word' id='word_1_157' title='bbox 2048 1348 2376 1420; x_wconf 88' lang='lat' dir='ltr'>probarent</span> <span class='ocrx_word' id='word_1_158' title='bbox 2397 1349 2555 1420; x_wconf 90' lang='lat' dir='ltr'>juste</span> <span class='ocrx_word' id='word_1_159' title='bbox 2588 1349 2897 1421; x_wconf 90' lang='lat' dir='ltr'>depositos</span> <span class='ocrx_word' id='word_1_160' title='bbox 2928 1364 3080 1403; x_wconf 91' lang='lat' dir='ltr'>esse.</span> <span class='ocrx_word' id='word_1_161' title='bbox 3116 1349 3214 1402; x_wconf 90' lang='lat' dir='ltr'>llis</span> <span class='ocrx_word' id='word_1_162' title='bbox 3241 1348 3447 1404; x_wconf 87' lang='lat' dir='ltr'>litteris</span> 
     </span>
    </p>
   </div>
   <div class='ocr_carea' id='block_1_24' title="bbox 71 1433 1666 1510">
    <p class='ocr_par' dir='ltr' id='par_1_24' title="bbox 71 1433 1659 1510">
     <span class='ocr_line' id='line_1_24' title="bbox 71 1433 1659 1510; baseline 0.001 -24"><span class='ocrx_word' id='word_1_163' title='bbox 71 1437 131 1497; x_wconf 78' lang='grc' dir='ltr'>εις</span> <span class='ocrx_word' id='word_1_164' title='bbox 178 1437 370 1509; x_wconf 76' lang='grc' dir='ltr'>ῥητὴν</span> <span class='ocrx_word' id='word_1_165' title='bbox 435 1437 632 1510; x_wconf 76' lang='grc' dir='ltr'>ἡμέραν</span> <span class='ocrx_word' id='word_1_166' title='bbox 688 1440 806 1497; x_wconf 84' lang='grc' dir='ltr'>τούς</span> <span class='ocrx_word' id='word_1_167' title='bbox 866 1435 1162 1509; x_wconf 72' lang='grc' dir='ltr'>ἐλέγξοντας</span> <span class='ocrx_word' id='word_1_168' title='bbox 1222 1437 1411 1500; x_wconf 75' lang='grc' dir='ltr'>αύτούς</span> <span class='ocrx_word' id='word_1_169' title='bbox 1467 1433 1659 1489; x_wconf 81' lang='grc' dir='ltr'>δικαίω</span> 
     </span>
    </p>
   </div>
   <div class='ocr_carea' id='block_1_25' title="bbox 1853 1433 3448 1510">
    <p class='ocr_par' dir='ltr' id='par_1_25' title="bbox 1853 1435 3448 1510">
     <span class='ocr_line' id='line_1_25' title="bbox 1853 1435 3448 1510; baseline 0.001 -19"><span class='ocrx_word' id='word_1_170' title='bbox 1853 1435 2172 1492; x_wconf 82' lang='lat' dir='ltr'>mtidentes</span> <span class='ocrx_word' id='word_1_171' title='bbox 2202 1438 2514 1494; x_wconf 82' lang='lat' dir='ltr'>Athanasii</span> <span class='ocrx_word' id='word_1_172' title='bbox 2546 1437 2809 1495; x_wconf 87' lang='lat' dir='ltr'>fautores</span> <span class='ocrx_word' id='word_1_173' title='bbox 2844 1441 3198 1510; x_wconf 88' lang='lat' dir='ltr'>receperunt</span> <span class='ocrx_word' id='word_1_174' title='bbox 3228 1436 3448 1506; x_wconf 82' lang='lat' dir='ltr'>singuli</span> 
     </span>
    </p>
   </div>
   <div class='ocr_carea' id='block_1_26' title="bbox 70 1524 1665 1602">
    <p class='ocr_par' dir='ltr' id='par_1_26' title="bbox 70 1524 1665 1602">
     <span class='ocr_line' id='line_1_26' title="bbox 70 1524 1665 1602; baseline 0 -25"><span class='ocrx_word' id='word_1_175' title='bbox 70 1524 511 1598; x_wconf 68' lang='grc' dir='ltr'>ἐκϐεϐλημένους.</span> <span class='ocrx_word' id='word_1_176' title='bbox 576 1528 791 1586; x_wconf 78' lang='grc' dir='ltr'>Τούτοις</span> <span class='ocrx_word' id='word_1_177' title='bbox 854 1525 1206 1602; x_wconf 76' lang='grc' dir='ltr'>θαρρήσαντες</span> <span class='ocrx_word' id='word_1_178' title='bbox 1268 1535 1378 1588; x_wconf 88' lang='grc' dir='ltr'>τοῖς</span> <span class='ocrx_word' id='word_1_179' title='bbox 1440 1528 1665 1601; x_wconf 76' lang='grc' dir='ltr'>γράμμα·</span> 
     </span>
    </p>
   </div>
   <div class='ocr_carea' id='block_1_27' title="bbox 1850 1524 3445 1602">
    <p class='ocr_par' dir='ltr' id='par_1_27' title="bbox 1850 1525 3445 1597">
     <span class='ocr_line' id='line_1_27' title="bbox 1850 1525 3445 1597; baseline 0 -17"><span class='ocrx_word' id='word_1_180' title='bbox 1850 1525 2074 1597; x_wconf 83' lang='lat' dir='ltr'>roprias</span> <span class='ocrx_word' id='word_1_181' title='bbox 2106 1526 2300 1582; x_wconf 89' lang='lat' dir='ltr'>sedes.</span> <span class='ocrx_word' id='word_1_182' title='bbox 2344 1527 2451 1588; x_wconf 89' lang='lat' dir='ltr'>Qui</span> <span class='ocrx_word' id='word_1_183' title='bbox 2477 1530 2682 1582; x_wconf 90' lang='lat' dir='ltr'>autem</span> <span class='ocrx_word' id='word_1_184' title='bbox 2721 1526 2828 1582; x_wconf 89' lang='lat' dir='ltr'>has</span> <span class='ocrx_word' id='word_1_185' title='bbox 2872 1526 3094 1582; x_wconf 87' lang='lat' dir='ltr'>litteras</span> <span class='ocrx_word' id='word_1_186' title='bbox 3138 1539 3445 1596; x_wconf 87' lang='lat' dir='ltr'>accepere,</span> 
     </span>
    </p>
   </div>
   <div class='ocr_carea' id='block_1_28' title="bbox 71 1614 1666 1688">
    <p class='ocr_par' dir='ltr' id='par_1_28' title="bbox 71 1614 1666 1688">
     <span class='ocr_line' id='line_1_28' title="bbox 71 1614 1666 1688; baseline 0 -22"><span class='ocrx_word' id='word_1_187' title='bbox 71 1633 143 1666; x_wconf 75' lang='grc' dir='ltr'>σιν</span> <span class='ocrx_word' id='word_1_188' title='bbox 209 1619 263 1668; x_wconf 83' lang='grc' dir='ltr'>οἱ</span> <span class='ocrx_word' id='word_1_189' title='bbox 334 1614 475 1688; x_wconf 76' lang='grc' dir='ltr'>ἀμφί</span> <span class='ocrx_word' id='word_1_190' title='bbox 531 1618 619 1667; x_wconf 89' lang='grc' dir='ltr'>τόν</span> <span class='ocrx_word' id='word_1_191' title='bbox 668 1614 999 1683; x_wconf 82' lang='grc' dir='ltr'>Ἀθανάσιον,</span> <span class='ocrx_word' id='word_1_192' title='bbox 1065 1617 1284 1678; x_wconf 81' lang='grc' dir='ltr'>ἕκαστος</span> <span class='ocrx_word' id='word_1_193' title='bbox 1346 1618 1433 1668; x_wconf 89' lang='grc' dir='ltr'>τόν</span> <span class='ocrx_word' id='word_1_194' title='bbox 1501 1615 1666 1668; x_wconf 79' lang='grc' dir='ltr'>ἑαυτοι</span> 
     </span>
    </p>
   </div>
   <div class='ocr_carea' id='block_1_29' title="bbox 1848 1614 3443 1688">
    <p class='ocr_par' dir='ltr' id='par_1_29' title="bbox 1851 1614 3443 1688">
     <span class='ocr_line' id='line_1_29' title="bbox 1851 1614 3443 1688; baseline 0.001 -19"><span class='ocrx_word' id='word_1_195' title='bbox 1851 1629 1952 1685; x_wconf 86' lang='lat' dir='ltr'>gre</span> <span class='ocrx_word' id='word_1_196' title='bbox 1979 1615 2268 1681; x_wconf 88' lang='lat' dir='ltr'>tulerunt;</span> <span class='ocrx_word' id='word_1_197' title='bbox 2297 1616 2841 1688; x_wconf 89' lang='lat' dir='ltr'>convenientesque</span> <span class='ocrx_word' id='word_1_198' title='bbox 2862 1614 3260 1681; x_wconf 82' lang='lat' dir='ltr'>Antiochiam,</span> <span class='ocrx_word' id='word_1_199' title='bbox 3291 1614 3443 1671; x_wconf 87' lang='lat' dir='ltr'>Julio</span> 
     </span>
    </p>
   </div>
   <div class='ocr_carea' id='block_1_30' title="bbox 67 1700 1662 1777">
    <p class='ocr_par' dir='ltr' id='par_1_30' title="bbox 67 1700 1661 1776">
     <span class='ocr_line' id='line_1_30' title="bbox 67 1700 1661 1776; baseline 0.002 -22"><span class='ocrx_word' id='word_1_200' title='bbox 67 1702 323 1756; x_wconf 74' lang='grc' dir='ltr'>κατέλαϐε</span> <span class='ocrx_word' id='word_1_201' title='bbox 389 1705 589 1776; x_wconf 83' lang='grc' dir='ltr'>θρόνον.</span> <span class='ocrx_word' id='word_1_202' title='bbox 650 1706 716 1756; x_wconf 77' lang='grc' dir='ltr'>Οἱ</span> <span class='ocrx_word' id='word_1_203' title='bbox 784 1700 842 1756; x_wconf 72' lang='grc' dir='ltr'>δὲ</span> <span class='ocrx_word' id='word_1_204' title='bbox 897 1707 988 1765; x_wconf 80' lang='grc' dir='ltr'>τὰς</span> <span class='ocrx_word' id='word_1_205' title='bbox 1044 1703 1322 1766; x_wconf 80' lang='grc' dir='ltr'>ἐπιστολὰς</span> <span class='ocrx_word' id='word_1_206' title='bbox 1392 1700 1661 1776; x_wconf 75' lang='grc' dir='ltr'>δεξάμενοι</span> 
     </span>
    </p>
   </div>
   <div class='ocr_carea' id='block_1_31' title="bbox 1848 1700 3443 1777">
    <p class='ocr_par' dir='ltr' id='par_1_31' title="bbox 1848 1703 3443 1777">
     <span class='ocr_line' id='line_1_31' title="bbox 1848 1703 3443 1777; baseline 0.001 -20"><span class='ocrx_word' id='word_1_207' title='bbox 1848 1703 2239 1776; x_wconf 73' lang='grc' dir='ltr'>εεροηάθτιωῑ</span> <span class='ocrx_word' id='word_1_208' title='bbox 2281 1719 2402 1760; x_wconf 90' lang='lat' dir='ltr'>non</span> <span class='ocrx_word' id='word_1_209' title='bbox 2457 1709 2732 1777; x_wconf 89' lang='lat' dir='ltr'>oportere</span> <span class='ocrx_word' id='word_1_210' title='bbox 2773 1705 2852 1761; x_wconf 89' lang='lat' dir='ltr'>ab</span> <span class='ocrx_word' id='word_1_211' title='bbox 2885 1704 2982 1760; x_wconf 91' lang='lat' dir='ltr'>illo</span> <span class='ocrx_word' id='word_1_212' title='bbox 3022 1704 3144 1774; x_wconf 87' lang='lat' dir='ltr'>regi</span> <span class='ocrx_word' id='word_1_213' title='bbox 3193 1703 3443 1759; x_wconf 85' lang='lat' dir='ltr'>Orientis</span> 
     </span>
    </p>
   </div>
   <div class='ocr_carea' id='block_1_32' title="bbox 67 1791 1662 1866">
    <p class='ocr_par' dir='ltr' id='par_1_32' title="bbox 67 1792 1660 1866">
     <span class='ocr_line' id='line_1_32' title="bbox 67 1792 1660 1866; baseline 0.001 -24"><span class='ocrx_word' id='word_1_214' title='bbox 67 1792 317 1863; x_wconf 76' lang='grc' dir='ltr'>χαλεπῶς</span> <span class='ocrx_word' id='word_1_215' title='bbox 367 1795 594 1863; x_wconf 68' lang='grc' dir='ltr'>ἤνεγκαν</span> <span class='ocrx_word' id='word_1_216' title='bbox 624 1807 638 1820; x_wconf 86' lang='lat'><strong><em>°</em></strong></span> <span class='ocrx_word' id='word_1_217' title='bbox 694 1796 786 1845; x_wconf 83' lang='grc' dir='ltr'>καὶ</span> <span class='ocrx_word' id='word_1_218' title='bbox 842 1792 1186 1865; x_wconf 65' lang='grc' dir='ltr'>συλλεγέντες,</span> <span class='ocrx_word' id='word_1_219' title='bbox 1227 1794 1295 1855; x_wconf 83' lang='grc' dir='ltr'>εἰς</span> <span class='ocrx_word' id='word_1_220' title='bbox 1332 1793 1660 1866; x_wconf 79' lang='grc' dir='ltr'>Ἀντιόχειαν</span> 
     </span>
    </p>
   </div>
   <div class='ocr_carea' id='block_1_33' title="bbox 1842 1791 3437 1866">
    <p class='ocr_par' dir='ltr' id='par_1_33' title="bbox 1842 1791 3437 1865">
     <span class='ocr_line' id='line_1_33' title="bbox 1842 1791 3437 1865; baseline 0 -18"><span class='ocrx_word' id='word_1_221' title='bbox 1842 1793 2136 1864; x_wconf 86' lang='lat' dir='ltr'>piscopos,</span> <span class='ocrx_word' id='word_1_222' title='bbox 2170 1793 2218 1848; x_wconf 93' lang='lat' dir='ltr'>si</span> <span class='ocrx_word' id='word_1_223' title='bbox 2251 1809 2406 1865; x_wconf 88' lang='lat' dir='ltr'>quos</span> <span class='ocrx_word' id='word_1_224' title='bbox 2438 1809 2511 1849; x_wconf 86' lang='lat' dir='ltr'>ex</span> <span class='ocrx_word' id='word_1_225' title='bbox 2549 1793 2812 1850; x_wconf 89' lang='lat' dir='ltr'>ecclesiis</span> <span class='ocrx_word' id='word_1_226' title='bbox 2855 1793 3074 1850; x_wconf 78' lang='lat' dir='ltr'>vellent</span> <span class='ocrx_word' id='word_1_227' title='bbox 3101 1791 3395 1865; x_wconf 81' lang='lat' dir='ltr'>expellere</span> <span class='ocrx_word' id='word_1_228' title='bbox 3424 1810 3437 1860; x_wconf 90' lang='lat'><strong>;</strong></span> 
     </span>
    </p>
   </div>
   <div class='ocr_carea' id='block_1_34' title="bbox 73 1879 1668 1956">
    <p class='ocr_par' dir='ltr' id='par_1_34' title="bbox 73 1879 1668 1956">
     <span class='ocr_line' id='line_1_34' title="bbox 73 1879 1668 1956; baseline 0.001 -22"><span class='ocrx_word' id='word_1_229' title='bbox 73 1882 266 1954; x_wconf 73' lang='grc' dir='ltr'>Ἰουλίῳ</span> <span class='ocrx_word' id='word_1_230' title='bbox 516 1880 846 1956; x_wconf 67' lang='grc' dir='ltr'>ἀντέγραψαν</span> <span class='ocrx_word' id='word_1_231' title='bbox 913 1886 978 1942; x_wconf 83' lang='grc' dir='ltr'>ὡς</span> <span class='ocrx_word' id='word_1_232' title='bbox 1045 1883 1104 1934; x_wconf 85' lang='grc' dir='ltr'>ού</span> <span class='ocrx_word' id='word_1_233' title='bbox 1171 1879 1252 1936; x_wconf 84' lang='grc' dir='ltr'>δεῖ</span> <span class='ocrx_word' id='word_1_234' title='bbox 1313 1883 1668 1943; x_wconf 60' lang='grc' dir='ltr'>κανονίζεσθαι</span> 
     </span>
    </p>
   </div>
   <div class='ocr_carea' id='block_1_35' title="bbox 1845 1879 3440 1956">
    <p class='ocr_par' dir='ltr' id='par_1_35' title="bbox 1845 1882 3440 1956">
     <span class='ocr_line' id='line_1_35' title="bbox 1845 1882 3440 1956; baseline 0 -19"><span class='ocrx_word' id='word_1_235' title='bbox 1845 1883 1936 1938; x_wconf 90' lang='lat' dir='ltr'>uia</span> <span class='ocrx_word' id='word_1_236' title='bbox 1965 1899 2163 1956; x_wconf 91' lang='lat' dir='ltr'>neque</span> <span class='ocrx_word' id='word_1_237' title='bbox 2228 1883 2478 1940; x_wconf 88' lang='lat' dir='ltr'>Orientis</span> <span class='ocrx_word' id='word_1_238' title='bbox 2516 1884 2783 1956; x_wconf 89' lang='lat' dir='ltr'>episcopi</span> <span class='ocrx_word' id='word_1_239' title='bbox 2819 1885 3156 1952; x_wconf 86' lang='lat' dir='ltr'>restiterint,</span> <span class='ocrx_word' id='word_1_240' title='bbox 3193 1882 3440 1955; x_wconf 90' lang='lat' dir='ltr'>quando</span> 
     </span>
    </p>
   </div>
   <div class='ocr_carea' id='block_1_36' title="bbox 69 1971 1664 2046">
    <p class='ocr_par' dir='ltr' id='par_1_36' title="bbox 69 1971 1664 2044">
     <span class='ocr_line' id='line_1_36' title="bbox 69 1971 1664 2044; baseline 0.001 -22"><span class='ocrx_word' id='word_1_241' title='bbox 69 1971 188 2044; x_wconf 75' lang='grc' dir='ltr'>παρ’</span> <span class='ocrx_word' id='word_1_242' title='bbox 217 1971 398 2023; x_wconf 68' lang='grc' dir='ltr'>αὑτοῦ</span> <span class='ocrx_word' id='word_1_243' title='bbox 446 1975 570 2032; x_wconf 84' lang='grc' dir='ltr'>τούς</span> <span class='ocrx_word' id='word_1_244' title='bbox 608 1978 701 2032; x_wconf 78' lang='grc' dir='ltr'>τῆς</span> <span class='ocrx_word' id='word_1_245' title='bbox 748 1971 1019 2035; x_wconf 81' lang='grc' dir='ltr'>’Δνοτολῆς</span> <span class='ocrx_word' id='word_1_246' title='bbox 1076 1971 1412 2040; x_wconf 77' lang='grc' dir='ltr'>ἐπισκόπους,</span> <span class='ocrx_word' id='word_1_247' title='bbox 1457 1971 1500 2025; x_wconf 88' lang='grc' dir='ltr'>εἰ</span> <span class='ocrx_word' id='word_1_248' title='bbox 1551 1971 1664 2044; x_wconf 75' lang='grc' dir='ltr'>βούι</span> 
     </span>
    </p>
   </div>
   <div class='ocr_carea' id='block_1_37' title="bbox 1846 1971 3441 2046">
    <p class='ocr_par' dir='ltr' id='par_1_37' title="bbox 1846 1971 3441 2046">
     <span class='ocr_line' id='line_1_37' title="bbox 1846 1971 3441 2046; baseline 0 -19"><span class='ocrx_word' id='word_1_249' title='bbox 1846 1977 2086 2028; x_wconf 88' lang='lat' dir='ltr'>ovatum</span> <span class='ocrx_word' id='word_1_250' title='bbox 2099 1972 2378 2044; x_wconf 83' lang='lat' dir='ltr'>expulere</span> <span class='ocrx_word' id='word_1_251' title='bbox 2395 1971 3441 2046; x_wconf 88' lang='lat' dir='ltr'>Occidentisepiscopi.Constantium</span> 
     </span>
    </p>
   </div>
   <div class='ocr_carea' id='block_1_38' title="bbox 68 2057 1663 2134">
    <p class='ocr_par' dir='ltr' id='par_1_38' title="bbox 68 2057 1659 2134">
     <span class='ocr_line' id='line_1_38' title="bbox 68 2057 1659 2134; baseline 0.001 -23"><span class='ocrx_word' id='word_1_252' title='bbox 68 2061 232 2112; x_wconf 62' lang='grc' dir='ltr'>λοι-θτό</span> <span class='ocrx_word' id='word_1_253' title='bbox 300 2080 456 2122; x_wconf 80' lang='grc' dir='ltr'>τινας</span> <span class='ocrx_word' id='word_1_254' title='bbox 521 2059 801 2123; x_wconf 71' lang='grc' dir='ltr'>ἐξελαύνειν</span> <span class='ocrx_word' id='word_1_255' title='bbox 875 2070 973 2113; x_wconf 88' lang='grc' dir='ltr'>τῶν</span> <span class='ocrx_word' id='word_1_256' title='bbox 1031 2059 1352 2131; x_wconf 74' lang='grc' dir='ltr'>ἐκκλησιῶν,</span> <span class='ocrx_word' id='word_1_257' title='bbox 1407 2063 1488 2114; x_wconf 86' lang='grc' dir='ltr'>ὅτι</span> <span class='ocrx_word' id='word_1_258' title='bbox 1544 2057 1659 2134; x_wconf 84' lang='grc' dir='ltr'>μηδ</span> 
     </span>
    </p>
   </div>
   <div class='ocr_carea' id='block_1_39' title="bbox 1838 2057 3433 2134">
    <p class='ocr_par' dir='ltr' id='par_1_39' title="bbox 1838 2060 3433 2128">
     <span class='ocr_line' id='line_1_39' title="bbox 1838 2060 3433 2128; baseline -0.001 -12"><span class='ocrx_word' id='word_1_259' title='bbox 1838 2065 1994 2117; x_wconf 90' lang='lat' dir='ltr'>utem</span> <span class='ocrx_word' id='word_1_260' title='bbox 2050 2063 2460 2117; x_wconf 82' lang='lat' dir='ltr'>excitaverunt</span> <span class='ocrx_word' id='word_1_261' title='bbox 2499 2062 2560 2118; x_wconf 93' lang='lat' dir='ltr'>in</span> <span class='ocrx_word' id='word_1_262' title='bbox 2601 2063 3000 2118; x_wconf 80' lang='lat' dir='ltr'>Athanasium</span> <span class='ocrx_word' id='word_1_263' title='bbox 3051 2068 3107 2118; x_wconf 90' lang='lat' dir='ltr'>et</span> <span class='ocrx_word' id='word_1_264' title='bbox 3141 2060 3433 2128; x_wconf 85' lang='lat' dir='ltr'>Paulum;</span> 
     </span>
    </p>
   </div>
   <div class='ocr_carea' id='block_1_40' title="bbox 67 2149 1662 2225">
    <p class='ocr_par' dir='ltr' id='par_1_40' title="bbox 67 2149 1660 2221">
     <span class='ocr_line' id='line_1_40' title="bbox 67 2149 1660 2221; baseline 0.001 -20"><span class='ocrx_word' id='word_1_265' title='bbox 67 2153 110 2201; x_wconf 77' lang='grc' dir='ltr'>οἱ</span> <span class='ocrx_word' id='word_1_266' title='bbox 152 2159 252 2213; x_wconf 73' lang='grc' dir='ltr'>τῆς</span> <span class='ocrx_word' id='word_1_267' title='bbox 297 2149 553 2209; x_wconf 80' lang='grc' dir='ltr'>Ἀνατολῆ</span> <span class='ocrx_word' id='word_1_268' title='bbox 567 2172 588 2213; x_wconf 86' lang='grc' dir='ltr'>ς</span> <span class='ocrx_word' id='word_1_269' title='bbox 613 2152 867 2221; x_wconf 80' lang='grc' dir='ltr'>ἀντεῖπον,</span> <span class='ocrx_word' id='word_1_270' title='bbox 901 2153 984 2204; x_wconf 84' lang='grc' dir='ltr'>ὅτε</span> <span class='ocrx_word' id='word_1_271' title='bbox 1036 2153 1276 2204; x_wconf 76' lang='grc' dir='ltr'>Ναυάτον</span> <span class='ocrx_word' id='word_1_272' title='bbox 1337 2151 1594 2214; x_wconf 73' lang='grc' dir='ltr'>ἐξήλασαν</span> <span class='ocrx_word' id='word_1_273' title='bbox 1635 2169 1660 2202; x_wconf 91' lang='grc' dir='ltr'>ο</span> 
     </span>
    </p>
   </div>
   <div class='ocr_carea' id='block_1_41' title="bbox 1842 2149 3437 2225">
    <p class='ocr_par' dir='ltr' id='par_1_41' title="bbox 1849 2151 3437 2225">
     <span class='ocr_line' id='line_1_41' title="bbox 1849 2151 3437 2225; baseline -0.001 -19"><span class='ocrx_word' id='word_1_274' title='bbox 1849 2167 1966 2223; x_wconf 90' lang='lat' dir='ltr'>que</span> <span class='ocrx_word' id='word_1_275' title='bbox 2007 2151 2326 2208; x_wconf 86' lang='lat' dir='ltr'>Antiochia</span> <span class='ocrx_word' id='word_1_276' title='bbox 2352 2152 2592 2225; x_wconf 87' lang='lat' dir='ltr'>scripsit</span> <span class='ocrx_word' id='word_1_277' title='bbox 2615 2154 2694 2208; x_wconf 89' lang='lat' dir='ltr'>ad</span> <span class='ocrx_word' id='word_1_278' title='bbox 2725 2151 3276 2222; x_wconf 81' lang='lat' dir='ltr'>Constantinopolis</span> <span class='ocrx_word' id='word_1_279' title='bbox 3296 2165 3437 2222; x_wconf 71' lang='lat' dir='ltr'>prac-</span> 
     </span>
    </p>
   </div>
   <div class='ocr_carea' id='block_1_42' title="bbox 69 2237 1664 2316">
    <p class='ocr_par' dir='ltr' id='par_1_42' title="bbox 69 2237 1664 2316">
     <span class='ocr_line' id='line_1_42' title="bbox 69 2237 1664 2316; baseline 0.001 -25"><span class='ocrx_word' id='word_1_280' title='bbox 69 2248 155 2302; x_wconf 72' lang='grc' dir='ltr'>τῆς</span> <span class='ocrx_word' id='word_1_281' title='bbox 247 2243 490 2302; x_wconf 69' lang='grc' dir='ltr'>Δύστως.</span> <span class='ocrx_word' id='word_1_282' title='bbox 580 2242 937 2293; x_wconf 82' lang='grc' dir='ltr'>Κωνστάντιον</span> <span class='ocrx_word' id='word_1_283' title='bbox 1015 2237 1074 2293; x_wconf 76' lang='grc' dir='ltr'>δε</span> <span class='ocrx_word' id='word_1_284' title='bbox 1136 2246 1475 2316; x_wconf 81' lang='grc' dir='ltr'>παρώτρυναν</span> <span class='ocrx_word' id='word_1_285' title='bbox 1549 2242 1664 2292; x_wconf 70' lang='grc' dir='ltr'>κατέ</span> 
     </span>
    </p>
   </div>
   <div class='ocr_carea' id='block_1_43' title="bbox 1842 2237 3437 2316">
    <p class='ocr_par' dir='ltr' id='par_1_43' title="bbox 1842 2239 3437 2313">
     <span class='ocr_line' id='line_1_43' title="bbox 1842 2239 3437 2313; baseline 0.003 -21"><span class='ocrx_word' id='word_1_286' title='bbox 1842 2243 2014 2297; x_wconf 60' lang='lat' dir='ltr'>ictum</span> <span class='ocrx_word' id='word_1_287' title='bbox 2046 2241 2408 2313; x_wconf 89' lang='lat' dir='ltr'>Philippum,</span> <span class='ocrx_word' id='word_1_288' title='bbox 2459 2246 2525 2297; x_wconf 88' lang='lat' dir='ltr'>ut</span> <span class='ocrx_word' id='word_1_289' title='bbox 2558 2240 2812 2298; x_wconf 89' lang='lat' dir='ltr'>Paulum</span> <span class='ocrx_word' id='word_1_290' title='bbox 2866 2240 3113 2313; x_wconf 85' lang='lat' dir='ltr'>quidem</span> <span class='ocrx_word' id='word_1_291' title='bbox 3171 2255 3241 2295; x_wconf 89' lang='lat' dir='ltr'>ex</span> <span class='ocrx_word' id='word_1_292' title='bbox 3287 2239 3437 2296; x_wconf 88' lang='lat' dir='ltr'>urbe</span> 
     </span>
    </p>
   </div>
   <div class='ocr_carea' id='block_1_44' title="bbox 68 2327 1663 2404">
    <p class='ocr_par' dir='ltr' id='par_1_44' title="bbox 68 2327 1659 2404">
     <span class='ocr_line' id='line_1_44' title="bbox 68 2327 1659 2404; baseline -0.001 -22"><span class='ocrx_word' id='word_1_293' title='bbox 68 2330 396 2382; x_wconf 67' lang='grc' dir='ltr'>’Δθανασίου</span> <span class='ocrx_word' id='word_1_294' title='bbox 435 2333 529 2382; x_wconf 86' lang='grc' dir='ltr'>καὶ</span> <span class='ocrx_word' id='word_1_295' title='bbox 595 2329 805 2383; x_wconf 83' lang='grc' dir='ltr'>Παύλου</span> <span class='ocrx_word' id='word_1_296' title='bbox 838 2350 850 2363; x_wconf 64' lang='grc' dir='ltr'>δ</span> <span class='ocrx_word' id='word_1_297' title='bbox 906 2334 996 2382; x_wconf 84' lang='grc' dir='ltr'>καὶ</span> <span class='ocrx_word' id='word_1_298' title='bbox 1048 2329 1103 2392; x_wconf 84' lang='grc' dir='ltr'>ὃς</span> <span class='ocrx_word' id='word_1_299' title='bbox 1158 2329 1380 2404; x_wconf 71' lang='grc' dir='ltr'>ἔγραψεν</span> <span class='ocrx_word' id='word_1_300' title='bbox 1421 2328 1508 2381; x_wconf 85' lang='grc' dir='ltr'>ἀπ’</span> <span class='ocrx_word' id='word_1_301' title='bbox 1573 2327 1659 2382; x_wconf 82' lang='grc' dir='ltr'>Ἀν</span> 
     </span>
    </p>
   </div>
   <div class='ocr_carea' id='block_1_45' title="bbox 1841 2327 3436 2404">
    <p class='ocr_par' dir='ltr' id='par_1_45' title="bbox 1841 2329 3436 2398">
     <span class='ocr_line' id='line_1_45' title="bbox 1841 2329 3436 2398; baseline -0.001 -13"><span class='ocrx_word' id='word_1_302' title='bbox 1841 2329 2055 2398; x_wconf 85' lang='lat' dir='ltr'>elleret,</span> <span class='ocrx_word' id='word_1_303' title='bbox 2114 2330 2469 2387; x_wconf 88' lang='lat' dir='ltr'>Macedonio</span> <span class='ocrx_word' id='word_1_304' title='bbox 2525 2336 2727 2387; x_wconf 92' lang='lat' dir='ltr'>autem</span> <span class='ocrx_word' id='word_1_305' title='bbox 2783 2330 3041 2387; x_wconf 89' lang='lat' dir='ltr'>traderet</span> <span class='ocrx_word' id='word_1_306' title='bbox 3094 2329 3436 2386; x_wconf 90' lang='lat' dir='ltr'>ecclesiam.</span> 
     </span>
    </p>
   </div>
   <div class='ocr_carea' id='block_1_46' title="bbox 67 2417 1662 2493">
    <p class='ocr_par' dir='ltr' id='par_1_46' title="bbox 67 2417 1662 2492">
     <span class='ocr_line' id='line_1_46' title="bbox 67 2417 1662 2492; baseline 0 -22"><span class='ocrx_word' id='word_1_307' title='bbox 67 2424 298 2490; x_wconf 82' lang='grc' dir='ltr'>τιοχείας</span> <span class='ocrx_word' id='word_1_308' title='bbox 359 2427 437 2490; x_wconf 76' lang='grc' dir='ltr'>τῷ</span> <span class='ocrx_word' id='word_1_309' title='bbox 506 2417 726 2492; x_wconf 74' lang='grc' dir='ltr'>ἐπάρχῳ</span> <span class='ocrx_word' id='word_1_310' title='bbox 788 2421 1376 2482; x_wconf 79' lang='grc' dir='ltr'>Κωνσταντινουπόλεως</span> <span class='ocrx_word' id='word_1_311' title='bbox 1444 2418 1662 2490; x_wconf 60' lang='grc' dir='ltr'>Φιλίππις</span> 
     </span>
    </p>
   </div>
   <div class='ocr_carea' id='block_1_47' title="bbox 1842 2417 3437 2493">
    <p class='ocr_par' dir='ltr' id='par_1_47' title="bbox 1842 2418 3437 2493">
     <span class='ocr_line' id='line_1_47' title="bbox 1842 2418 3437 2493; baseline -0.002 -17"><span class='ocrx_word' id='word_1_312' title='bbox 1842 2419 2010 2476; x_wconf 87' lang='lat' dir='ltr'>aulus</span> <span class='ocrx_word' id='word_1_313' title='bbox 2053 2419 2233 2490; x_wconf 82' lang='lat' dir='ltr'>igitur</span> <span class='ocrx_word' id='word_1_314' title='bbox 2259 2421 2460 2477; x_wconf 90' lang='lat' dir='ltr'>statim</span> <span class='ocrx_word' id='word_1_315' title='bbox 2490 2421 2778 2493; x_wconf 85' lang='lat' dir='ltr'>expulsus</span> <span class='ocrx_word' id='word_1_316' title='bbox 2807 2424 2911 2476; x_wconf 87' lang='lat' dir='ltr'>est.</span> <span class='ocrx_word' id='word_1_317' title='bbox 2947 2418 3252 2492; x_wconf 88' lang='lat' dir='ltr'>Philippus</span> <span class='ocrx_word' id='word_1_318' title='bbox 3296 2433 3437 2474; x_wconf 85' lang='lat' dir='ltr'>vero</span> 
     </span>
    </p>
   </div>
   <div class='ocr_carea' id='block_1_48' title="bbox 70 2505 1665 2580">
    <p class='ocr_par' dir='ltr' id='par_1_48' title="bbox 70 2505 1665 2580">
     <span class='ocr_line' id='line_1_48' title="bbox 70 2505 1665 2580; baseline -0.001 -20"><span class='ocrx_word' id='word_1_319' title='bbox 70 2508 266 2561; x_wconf 72' lang='grc' dir='ltr'>Παῦλον</span> <span class='ocrx_word' id='word_1_320' title='bbox 340 2510 439 2580; x_wconf 76' lang='grc' dir='ltr'>μὲν</span> <span class='ocrx_word' id='word_1_321' title='bbox 517 2507 754 2572; x_wconf 74' lang='grc' dir='ltr'>ἐξελάσαι</span> <span class='ocrx_word' id='word_1_322' title='bbox 811 2517 906 2571; x_wconf 81' lang='grc' dir='ltr'>τῆς</span> <span class='ocrx_word' id='word_1_323' title='bbox 973 2509 1166 2570; x_wconf 88' lang='grc' dir='ltr'>πόλεως</span> <span class='ocrx_word' id='word_1_324' title='bbox 1241 2505 1547 2579; x_wconf 79' lang='grc' dir='ltr'>Μακεδονίῳ</span> <span class='ocrx_word' id='word_1_325' title='bbox 1625 2505 1665 2560; x_wconf 56' lang='grc' dir='ltr'>δι</span> 
     </span>
    </p>
   </div>
   <div class='ocr_carea' id='block_1_49' title="bbox 1844 2505 3439 2580">
    <p class='ocr_par' dir='ltr' id='par_1_49' title="bbox 1844 2507 3439 2572">
     <span class='ocr_line' id='line_1_49' title="bbox 1844 2507 3439 2572; baseline 0.001 -10"><span class='ocrx_word' id='word_1_326' title='bbox 1844 2507 1871 2563; x_wconf 77' lang='grc'>1</span> <span class='ocrx_word' id='word_1_327' title='bbox 1901 2507 2216 2564; x_wconf 89' lang='lat' dir='ltr'>ecclesiam</span> <span class='ocrx_word' id='word_1_328' title='bbox 2243 2515 2482 2565; x_wconf 88' lang='lat' dir='ltr'>evectus</span> <span class='ocrx_word' id='word_1_329' title='bbox 2521 2514 2628 2572; x_wconf 88' lang='lat' dir='ltr'>est,</span> <span class='ocrx_word' id='word_1_330' title='bbox 2681 2509 3108 2566; x_wconf 88' lang='lat' dir='ltr'>consedentem</span> <span class='ocrx_word' id='word_1_331' title='bbox 3155 2508 3215 2563; x_wconf 94' lang='lat' dir='ltr'>in</span> <span class='ocrx_word' id='word_1_332' title='bbox 3260 2523 3439 2564; x_wconf 92' lang='lat' dir='ltr'>curru</span> 
     </span>
    </p>
   </div>
   <div class='ocr_carea' id='block_1_50' title="bbox 70 2595 1665 2671">
    <p class='ocr_par' dir='ltr' id='par_1_50' title="bbox 70 2595 1665 2671">
     <span class='ocr_line' id='line_1_50' title="bbox 70 2595 1665 2671; baseline 0 -22"><span class='ocrx_word' id='word_1_333' title='bbox 70 2595 412 2667; x_wconf 63' lang='grc' dir='ltr'>παραδοῦναι</span> <span class='ocrx_word' id='word_1_334' title='bbox 449 2602 548 2655; x_wconf 81' lang='grc' dir='ltr'>τήν</span> <span class='ocrx_word' id='word_1_335' title='bbox 615 2596 896 2656; x_wconf 71' lang='grc' dir='ltr'>ἐκκλησίαν</span> <span class='ocrx_word' id='word_1_336' title='bbox 923 2615 936 2628; x_wconf 86' lang='grc'><strong>·</strong></span> <span class='ocrx_word' id='word_1_337' title='bbox 979 2601 1004 2651; x_wconf 87' lang='grc' dir='ltr'>ό</span> <span class='ocrx_word' id='word_1_338' title='bbox 1063 2602 1153 2671; x_wconf 67' lang='grc' dir='ltr'>μὲν</span> <span class='ocrx_word' id='word_1_339' title='bbox 1219 2595 1306 2651; x_wconf 80' lang='grc' dir='ltr'>οὖν</span> <span class='ocrx_word' id='word_1_340' title='bbox 1357 2597 1553 2658; x_wconf 78' lang='grc' dir='ltr'>Παῦλος</span> <span class='ocrx_word' id='word_1_341' title='bbox 1605 2597 1665 2649; x_wconf 69' lang='grc' dir='ltr'>εὖ·</span> 
     </span>
    </p>
   </div>
   <div class='ocr_carea' id='block_1_51' title="bbox 1839 2595 3434 2671">
    <p class='ocr_par' dir='ltr' id='par_1_51' title="bbox 1844 2596 3434 2671">
     <span class='ocr_line' id='line_1_51' title="bbox 1844 2596 3434 2671; baseline 0 -19"><span class='ocrx_word' id='word_1_342' title='bbox 1844 2596 2204 2654; x_wconf 90' lang='lat' dir='ltr'>acedonium</span> <span class='ocrx_word' id='word_1_343' title='bbox 2250 2599 2520 2664; x_wconf 90' lang='lat' dir='ltr'>habens;</span> <span class='ocrx_word' id='word_1_344' title='bbox 2572 2613 2726 2671; x_wconf 91' lang='lat' dir='ltr'>quos</span> <span class='ocrx_word' id='word_1_345' title='bbox 2757 2598 3120 2671; x_wconf 89' lang='lat' dir='ltr'>sequebatur</span> <span class='ocrx_word' id='word_1_346' title='bbox 3161 2596 3434 2653; x_wconf 85' lang='lat' dir='ltr'>militaris</span> 
     </span>
    </p>
   </div>
   <div class='ocr_carea' id='block_1_52' title="bbox 73 2683 1668 2756">
    <p class='ocr_par' dir='ltr' id='par_1_52' title="bbox 73 2683 1668 2751">
     <span class='ocr_line' id='line_1_52' title="bbox 73 2683 1668 2751; baseline -0.001 -12"><span class='ocrx_word' id='word_1_347' title='bbox 73 2689 155 2749; x_wconf 72' lang='grc' dir='ltr'>θύς</span> <span class='ocrx_word' id='word_1_348' title='bbox 194 2687 476 2751; x_wconf 76' lang='grc' dir='ltr'>ἐξηλάθη·</span> <span class='ocrx_word' id='word_1_349' title='bbox 535 2687 785 2750; x_wconf 79' lang='grc' dir='ltr'>Φίλιππος</span> <span class='ocrx_word' id='word_1_350' title='bbox 819 2683 867 2740; x_wconf 84' lang='grc' dir='ltr'>δ’</span> <span class='ocrx_word' id='word_1_351' title='bbox 926 2686 1008 2740; x_wconf 84' lang='grc' dir='ltr'>ἐπὶ</span> <span class='ocrx_word' id='word_1_352' title='bbox 1055 2693 1148 2746; x_wconf 81' lang='grc' dir='ltr'>τήν</span> <span class='ocrx_word' id='word_1_353' title='bbox 1203 2686 1484 2746; x_wconf 80' lang='grc' dir='ltr'>ἐκκλησίαν</span> <span class='ocrx_word' id='word_1_354' title='bbox 1538 2690 1668 2744; x_wconf 90' lang='grc' dir='ltr'>ήπεί-</span> 
     </span>
    </p>
   </div>
   <div class='ocr_carea' id='block_1_53' title="bbox 1844 2683 3439 2756">
    <p class='ocr_par' dir='ltr' id='par_1_53' title="bbox 1844 2687 3439 2756">
     <span class='ocr_line' id='line_1_53' title="bbox 1844 2687 3439 2756; baseline 0.001 -14"><span class='ocrx_word' id='word_1_355' title='bbox 1844 2702 2012 2743; x_wconf 70' lang='lat' dir='ltr'>ianus</span> <span class='ocrx_word' id='word_1_356' title='bbox 2041 2687 2253 2756; x_wconf 84' lang='lat' dir='ltr'>gladiis</span> <span class='ocrx_word' id='word_1_357' title='bbox 2273 2692 2526 2744; x_wconf 87' lang='lat' dir='ltr'>armata.</span> <span class='ocrx_word' id='word_1_358' title='bbox 2559 2690 2706 2745; x_wconf 90' lang='lat' dir='ltr'>Cum</span> <span class='ocrx_word' id='word_1_359' title='bbox 2739 2693 2943 2744; x_wconf 90' lang='lat' dir='ltr'>autem</span> <span class='ocrx_word' id='word_1_360' title='bbox 2964 2687 3176 2756; x_wconf 86' lang='lat' dir='ltr'>ingens</span> <span class='ocrx_word' id='word_1_361' title='bbox 3198 2687 3439 2744; x_wconf 88' lang='lat' dir='ltr'>adesset</span> 
     </span>
    </p>
   </div>
   <div class='ocr_carea' id='block_1_54' title="bbox 70 2776 1665 2850">
    <p class='ocr_par' dir='ltr' id='par_1_54' title="bbox 70 2776 1662 2850">
     <span class='ocr_line' id='line_1_54' title="bbox 70 2776 1662 2850; baseline -0.001 -21"><span class='ocrx_word' id='word_1_362' title='bbox 70 2796 200 2849; x_wconf 61' lang='grc' dir='ltr'>γετό,</span> <span class='ocrx_word' id='word_1_363' title='bbox 264 2779 558 2850; x_wconf 76' lang='grc' dir='ltr'>σύνθρονον</span> <span class='ocrx_word' id='word_1_364' title='bbox 598 2776 682 2829; x_wconf 75' lang='grc' dir='ltr'>ἐπὶ</span> <span class='ocrx_word' id='word_1_365' title='bbox 735 2784 828 2829; x_wconf 85' lang='grc' dir='ltr'>τοῦ</span> <span class='ocrx_word' id='word_1_366' title='bbox 877 2776 1149 2850; x_wconf 84' lang='grc' dir='ltr'>ὀχήματος</span> <span class='ocrx_word' id='word_1_367' title='bbox 1216 2779 1352 2849; x_wconf 80' lang='grc' dir='ltr'>ἔχων</span> <span class='ocrx_word' id='word_1_368' title='bbox 1399 2779 1484 2829; x_wconf 79' lang='grc' dir='ltr'>τόν</span> <span class='ocrx_word' id='word_1_369' title='bbox 1516 2783 1662 2829; x_wconf 87' lang='grc' dir='ltr'>Μακε</span> 
     </span>
    </p>
   </div>
   <div class='ocr_carea' id='block_1_55' title="bbox 1844 2776 3439 2850">
    <p class='ocr_par' dir='ltr' id='par_1_55' title="bbox 1844 2776 3439 2850">
     <span class='ocr_line' id='line_1_55' title="bbox 1844 2776 3439 2850; baseline 0.001 -19"><span class='ocrx_word' id='word_1_370' title='bbox 1844 2776 2111 2832; x_wconf 72' lang='lat' dir='ltr'>iultitudo</span> <span class='ocrx_word' id='word_1_371' title='bbox 2141 2793 2339 2850; x_wconf 90' lang='lat' dir='ltr'>neque</span> <span class='ocrx_word' id='word_1_372' title='bbox 2370 2777 2652 2850; x_wconf 81' lang='lat' dir='ltr'>praefecto</span> <span class='ocrx_word' id='word_1_373' title='bbox 2683 2783 2740 2834; x_wconf 89' lang='lat' dir='ltr'>et</span> <span class='ocrx_word' id='word_1_374' title='bbox 2767 2777 3119 2834; x_wconf 90' lang='lat' dir='ltr'>Macedonio</span> <span class='ocrx_word' id='word_1_375' title='bbox 3146 2777 3255 2832; x_wconf 89' lang='lat' dir='ltr'>iter</span> <span class='ocrx_word' id='word_1_376' title='bbox 3291 2791 3439 2848; x_wconf 67' lang='lat' dir='ltr'>prm-</span> 
     </span>
    </p>
   </div>
   <div class='ocr_carea' id='block_1_56' title="bbox 71 2861 1666 2939">
    <p class='ocr_par' dir='ltr' id='par_1_56' title="bbox 71 2861 1666 2939">
     <span class='ocr_line' id='line_1_56' title="bbox 71 2861 1666 2939; baseline -0.001 -22"><span class='ocrx_word' id='word_1_377' title='bbox 71 2862 238 2918; x_wconf 78' lang='grc' dir='ltr'>δόνιον</span> <span class='ocrx_word' id='word_1_378' title='bbox 269 2887 284 2899; x_wconf 90' lang='grc'>·</span> <span class='ocrx_word' id='word_1_379' title='bbox 317 2871 612 2938; x_wconf 80' lang='grc' dir='ltr'>παρείπετο</span> <span class='ocrx_word' id='word_1_380' title='bbox 644 2861 704 2918; x_wconf 75' lang='grc' dir='ltr'>δὲ</span> <span class='ocrx_word' id='word_1_381' title='bbox 750 2869 950 2927; x_wconf 65' lang='grc' dir='ltr'>τονῦτοίς</span> <span class='ocrx_word' id='word_1_382' title='bbox 1001 2871 1090 2918; x_wconf 83' lang='grc' dir='ltr'>καὶ</span> <span class='ocrx_word' id='word_1_383' title='bbox 1147 2871 1267 2939; x_wconf 88' lang='grc' dir='ltr'>χεὶρ</span> <span class='ocrx_word' id='word_1_384' title='bbox 1327 2868 1666 2939; x_wconf 60' lang='grc' dir='ltr'>στρατιωτικί</span> 
     </span>
    </p>
   </div>
   <div class='ocr_carea' id='block_1_57' title="bbox 1841 2861 3436 2939">
    <p class='ocr_par' dir='ltr' id='par_1_57' title="bbox 1841 2864 3436 2933">
     <span class='ocr_line' id='line_1_57' title="bbox 1841 2864 3436 2933; baseline 0 -13"><span class='ocrx_word' id='word_1_385' title='bbox 1841 2868 2023 2926; x_wconf 87' lang='lat' dir='ltr'>erent.</span> <span class='ocrx_word' id='word_1_386' title='bbox 2046 2865 2430 2922; x_wconf 90' lang='lat' dir='ltr'>crediderunt</span> <span class='ocrx_word' id='word_1_387' title='bbox 2451 2866 2669 2922; x_wconf 90' lang='lat' dir='ltr'>milites</span> <span class='ocrx_word' id='word_1_388' title='bbox 2681 2865 2832 2922; x_wconf 85' lang='lat' dir='ltr'>velle</span> <span class='ocrx_word' id='word_1_389' title='bbox 2860 2865 3102 2922; x_wconf 85' lang='lat' dir='ltr'>turbam</span> <span class='ocrx_word' id='word_1_390' title='bbox 3132 2864 3436 2933; x_wconf 89' lang='lat' dir='ltr'>resistere;</span> 
     </span>
    </p>
   </div>
   <div class='ocr_carea' id='block_1_58' title="bbox 69 2951 1664 3029">
    <p class='ocr_par' dir='ltr' id='par_1_58' title="bbox 69 2951 1664 3029">
     <span class='ocr_line' id='line_1_58' title="bbox 69 2951 1664 3029; baseline -0.001 -24"><span class='ocrx_word' id='word_1_391' title='bbox 69 2955 296 3029; x_wconf 55' lang='grc' dir='ltr'>ξιῖίέρης</span> <span class='ocrx_word' id='word_1_392' title='bbox 355 2973 371 2986; x_wconf 88' lang='grc'><strong>·</strong></span> <span class='ocrx_word' id='word_1_393' title='bbox 443 2953 676 3015; x_wconf 75' lang='grc' dir='ltr'>πλήθους</span> <span class='ocrx_word' id='word_1_394' title='bbox 735 2951 794 3008; x_wconf 73' lang='grc' dir='ltr'>δε</span> <span class='ocrx_word' id='word_1_395' title='bbox 859 2954 1046 3008; x_wconf 82' lang='grc' dir='ltr'>πολλοῦ</span> <span class='ocrx_word' id='word_1_396' title='bbox 1102 2960 1371 3028; x_wconf 86' lang='grc' dir='ltr'>παρόντος,</span> <span class='ocrx_word' id='word_1_397' title='bbox 1447 2958 1536 3006; x_wconf 87' lang='grc' dir='ltr'>καὶ</span> <span class='ocrx_word' id='word_1_398' title='bbox 1612 2961 1664 3024; x_wconf 60' lang='grc' dir='ltr'>τό</span> 
     </span>
    </p>
   </div>
   <div class='ocr_carea' id='block_1_59' title="bbox 1848 2951 3443 3029">
    <p class='ocr_par' dir='ltr' id='par_1_59' title="bbox 1848 2953 3443 3026">
     <span class='ocr_line' id='line_1_59' title="bbox 1848 2953 3443 3026; baseline 0 -17"><span class='ocrx_word' id='word_1_399' title='bbox 1848 2953 2138 3026; x_wconf 66' lang='grc' dir='ltr'>ιιιιῑοεᾳιλθ</span> <span class='ocrx_word' id='word_1_400' title='bbox 2165 2953 2382 3026; x_wconf 83' lang='lat' dir='ltr'>gladiis</span> <span class='ocrx_word' id='word_1_401' title='bbox 2413 2954 2856 3021; x_wconf 82' lang='lat' dir='ltr'>interfecerunt,</span> <span class='ocrx_word' id='word_1_402' title='bbox 2900 2954 3070 3010; x_wconf 89' lang='lat' dir='ltr'>multi</span> <span class='ocrx_word' id='word_1_403' title='bbox 3101 2957 3303 3010; x_wconf 87' lang='lat' dir='ltr'>autem</span> <span class='ocrx_word' id='word_1_404' title='bbox 3344 2953 3443 3009; x_wconf 83' lang='lat' dir='ltr'>alii</span> 
     </span>
    </p>
   </div>
   <div class='ocr_carea' id='block_1_60' title="bbox 71 3040 1666 3120">
    <p class='ocr_par' dir='ltr' id='par_1_60' title="bbox 71 3040 1660 3120">
     <span class='ocr_line' id='line_1_60' title="bbox 71 3040 1660 3120; baseline -0.001 -25"><span class='ocrx_word' id='word_1_405' title='bbox 71 3044 288 3119; x_wconf 74' lang='grc' dir='ltr'>ἐπάρχῳ</span> <span class='ocrx_word' id='word_1_406' title='bbox 321 3048 423 3096; x_wconf 80' lang='grc' dir='ltr'>καὶ</span> <span class='ocrx_word' id='word_1_407' title='bbox 479 3052 553 3115; x_wconf 82' lang='grc' dir='ltr'>τῷ</span> <span class='ocrx_word' id='word_1_408' title='bbox 610 3040 919 3116; x_wconf 61' lang='grc' dir='ltr'>Μακεδονίᾳ»</span> <span class='ocrx_word' id='word_1_409' title='bbox 975 3041 1216 3120; x_wconf 81' lang='grc' dir='ltr'>παρόδου</span> <span class='ocrx_word' id='word_1_410' title='bbox 1253 3049 1325 3117; x_wconf 81' lang='grc' dir='ltr'>μή</span> <span class='ocrx_word' id='word_1_411' title='bbox 1385 3046 1660 3115; x_wconf 73' lang='grc' dir='ltr'>γινομένης</span> 
     </span>
    </p>
   </div>
   <div class='ocr_carea' id='block_1_61' title="bbox 1846 3040 3441 3120">
    <p class='ocr_par' dir='ltr' id='par_1_61' title="bbox 1846 3043 3441 3110">
     <span class='ocr_line' id='line_1_61' title="bbox 1846 3043 3441 3110; baseline 0.001 -12"><span class='ocrx_word' id='word_1_412' title='bbox 1846 3060 1868 3098; x_wconf 77' lang='grc'>)</span> <span class='ocrx_word' id='word_1_413' title='bbox 1902 3043 2031 3100; x_wconf 89' lang='lat' dir='ltr'>aliis</span> <span class='ocrx_word' id='word_1_414' title='bbox 2075 3044 2410 3101; x_wconf 91' lang='lat' dir='ltr'>conculcati</span> <span class='ocrx_word' id='word_1_415' title='bbox 2449 3049 2607 3100; x_wconf 89' lang='lat' dir='ltr'>sunt.</span> <span class='ocrx_word' id='word_1_416' title='bbox 2639 3044 2846 3101; x_wconf 83' lang='lat' dir='ltr'>Mortui</span> <span class='ocrx_word' id='word_1_417' title='bbox 2897 3048 3058 3110; x_wconf 89' lang='lat' dir='ltr'>sunt,</span> <span class='ocrx_word' id='word_1_418' title='bbox 3091 3047 3156 3099; x_wconf 89' lang='lat' dir='ltr'>ut</span> <span class='ocrx_word' id='word_1_419' title='bbox 3201 3043 3441 3109; x_wconf 89' lang='lat' dir='ltr'>dicitur,</span> 
     </span>
    </p>
   </div>
   <div class='ocr_carea' id='block_1_62' title="bbox 71 3132 1666 3228">
    <p class='ocr_par' dir='ltr' id='par_1_62' title="bbox 71 3132 1633 3206">
     <span class='ocr_line' id='line_1_62' title="bbox 71 3132 1633 3206; baseline -0.001 -22"><span class='ocrx_word' id='word_1_420' title='bbox 71 3133 325 3186; x_wconf 66' lang='grc' dir='ltr'>ὑπελαϐον</span> <span class='ocrx_word' id='word_1_421' title='bbox 380 3135 434 3185; x_wconf 80' lang='grc' dir='ltr'>οἱ</span> <span class='ocrx_word' id='word_1_422' title='bbox 484 3142 806 3205; x_wconf 83' lang='grc' dir='ltr'>στρατιῶται</span> <span class='ocrx_word' id='word_1_423' title='bbox 861 3137 982 3196; x_wconf 86' lang='grc' dir='ltr'>τούς</span> <span class='ocrx_word' id='word_1_424' title='bbox 1031 3134 1224 3206; x_wconf 79' lang='grc' dir='ltr'>ὄχλους</span> <span class='ocrx_word' id='word_1_425' title='bbox 1281 3132 1633 3185; x_wconf 80' lang='grc' dir='ltr'>ἀνθίστασθαι</span> 
     </span>
    </p>
   </div>
   <div class='ocr_carea' id='block_1_63' title="bbox 1850 3132 3445 3228">
    <p class='ocr_par' dir='ltr' id='par_1_63' title="bbox 1850 3132 3445 3204">
     <span class='ocr_line' id='line_1_63' title="bbox 1850 3132 3445 3204; baseline 0 -17"><span class='ocrx_word' id='word_1_426' title='bbox 1850 3132 1968 3188; x_wconf 76' lang='lat' dir='ltr'>Jasi</span> <span class='ocrx_word' id='word_1_427' title='bbox 2014 3133 2127 3190; x_wconf 89' lang='lat' dir='ltr'>tria</span> <span class='ocrx_word' id='word_1_428' title='bbox 2177 3133 2363 3189; x_wconf 89' lang='lat' dir='ltr'>millia</span> <span class='ocrx_word' id='word_1_429' title='bbox 2403 3136 2645 3189; x_wconf 89' lang='lat' dir='ltr'>centum</span> <span class='ocrx_word' id='word_1_430' title='bbox 2695 3138 2752 3189; x_wconf 87' lang='lat' dir='ltr'>et</span> <span class='ocrx_word' id='word_1_431' title='bbox 2800 3132 3263 3204; x_wconf 86' lang='lat' dir='ltr'>quinquaginta.</span> <span class='ocrx_word' id='word_1_432' title='bbox 3322 3132 3445 3187; x_wconf 87' lang='lat' dir='ltr'>Tali</span> 
     </span>
    </p>
   </div>
   <div class='ocr_carea' id='block_1_64' title="bbox 69 3218 1664 3295">
    <p class='ocr_par' dir='ltr' id='par_1_64' title="bbox 69 3219 1659 3295">
     <span class='ocr_line' id='line_1_64' title="bbox 69 3219 1659 3295; baseline -0.001 -23"><span class='ocrx_word' id='word_1_433' title='bbox 69 3229 151 3274; x_wconf 73' lang='lat' dir='ltr'>ui.</span> <span class='ocrx_word' id='word_1_434' title='bbox 199 3223 397 3275; x_wconf 81' lang='grc' dir='ltr'>λοιπὸν</span> <span class='ocrx_word' id='word_1_435' title='bbox 451 3221 670 3284; x_wconf 83' lang='grc' dir='ltr'>πολλοὺς</span> <span class='ocrx_word' id='word_1_436' title='bbox 706 3225 797 3295; x_wconf 63' lang='grc' dir='ltr'>μὲν</span> <span class='ocrx_word' id='word_1_437' title='bbox 855 3223 1000 3276; x_wconf 72' lang='grc' dir='ltr'>αὐτοὶ</span> <span class='ocrx_word' id='word_1_438' title='bbox 1053 3230 1158 3283; x_wconf 89' lang='grc' dir='ltr'>τοῖς</span> <span class='ocrx_word' id='word_1_439' title='bbox 1211 3223 1409 3294; x_wconf 76' lang='grc' dir='ltr'>ξίφεσιν</span> <span class='ocrx_word' id='word_1_440' title='bbox 1468 3219 1659 3273; x_wconf 79' lang='grc' dir='ltr'>ἀνεῖλον</span> 
     </span>
    </p>
   </div>
   <div class='ocr_carea' id='block_1_65' title="bbox 1850 3218 3445 3295">
    <p class='ocr_par' dir='ltr' id='par_1_65' title="bbox 1850 3218 3445 3292">
     <span class='ocr_line' id='line_1_65' title="bbox 1850 3218 3445 3292; baseline 0.001 -17"><span class='ocrx_word' id='word_1_441' title='bbox 1850 3221 1972 3277; x_wconf 84' lang='lat' dir='ltr'>itur</span> <span class='ocrx_word' id='word_1_442' title='bbox 2002 3237 2293 3276; x_wconf 91' lang='lat' dir='ltr'>successu</span> <span class='ocrx_word' id='word_1_443' title='bbox 2323 3221 2705 3278; x_wconf 85' lang='lat' dir='ltr'>Macedonius</span> <span class='ocrx_word' id='word_1_444' title='bbox 2743 3236 2780 3276; x_wconf 91' lang='lat' dir='ltr'>a</span> <span class='ocrx_word' id='word_1_445' title='bbox 2821 3218 3103 3292; x_wconf 64' lang='lat' dir='ltr'>praefecto</span> <span class='ocrx_word' id='word_1_446' title='bbox 3131 3219 3194 3275; x_wconf 92' lang='lat' dir='ltr'>in</span> <span class='ocrx_word' id='word_1_447' title='bbox 3219 3218 3445 3291; x_wconf 90' lang='lat' dir='ltr'>episco-</span> 
     </span>
    </p>
   </div>
   <div class='ocr_carea' id='block_1_66' title="bbox 72 3308 1667 3382">
    <p class='ocr_par' dir='ltr' id='par_1_66' title="bbox 72 3308 1667 3371">
     <span class='ocr_line' id='line_1_66' title="bbox 72 3308 1667 3371; baseline -0.002 -8"><span class='ocrx_word' id='word_1_448' title='bbox 72 3311 246 3364; x_wconf 66' lang='grc' dir='ltr'>πολλοὶ</span> <span class='ocrx_word' id='word_1_449' title='bbox 306 3308 373 3364; x_wconf 80' lang='grc' dir='ltr'>δέ</span> <span class='ocrx_word' id='word_1_450' title='bbox 444 3316 536 3363; x_wconf 81' lang='grc' dir='ltr'>καὶ</span> <span class='ocrx_word' id='word_1_451' title='bbox 605 3311 693 3364; x_wconf 84' lang='grc' dir='ltr'>ὑπ’</span> <span class='ocrx_word' id='word_1_452' title='bbox 759 3311 986 3371; x_wconf 82' lang='grc' dir='ltr'>ἀλλήλων</span> <span class='ocrx_word' id='word_1_453' title='bbox 1040 3314 1477 3371; x_wconf 73' lang='grc' dir='ltr'>συνεπατήθησαν</span> <span class='ocrx_word' id='word_1_454' title='bbox 1526 3331 1540 3344; x_wconf 88' lang='grc'><strong>·</strong></span> <span class='ocrx_word' id='word_1_455' title='bbox 1596 3313 1667 3360; x_wconf 85' lang='grc' dir='ltr'>κα</span> 
     </span>
    </p>
   </div>
   <div class='ocr_carea' id='block_1_67' title="bbox 1010 3308 2605 3382">
    <p class='ocr_par' dir='ltr' id='par_1_67' title="bbox 1040 3310 2605 3382">
     <span class='ocr_line' id='line_1_67' title="bbox 1040 3310 2605 3382; baseline 0.001 -18"><span class='ocrx_word' id='word_1_456' title='bbox 1040 3314 1477 3371; x_wconf 74' lang='grc' dir='ltr'>συνεπατήθησαν</span> <span class='ocrx_word' id='word_1_457' title='bbox 1526 3331 1540 3344; x_wconf 80' lang='grc' dir='ltr'><strong><em>ο</em></strong></span> <span class='ocrx_word' id='word_1_458' title='bbox 1596 3312 1686 3360; x_wconf 86' lang='grc' dir='ltr'>καὶ</span> <span class='ocrx_word' id='word_1_459' title='bbox 1793 3310 1916 3382; x_wconf 88' lang='lat' dir='ltr'>pali</span> <span class='ocrx_word' id='word_1_460' title='bbox 1945 3311 2086 3366; x_wconf 91' lang='lat' dir='ltr'>sede</span> <span class='ocrx_word' id='word_1_461' title='bbox 2115 3311 2474 3366; x_wconf 88' lang='lat' dir='ltr'>constitutus</span> <span class='ocrx_word' id='word_1_462' title='bbox 2502 3315 2605 3365; x_wconf 91' lang='lat' dir='ltr'>est.</span> 
     </span>
    </p>
   </div>
   <div class='ocr_carea' id='block_1_68' title="bbox 71 3398 3446 3477">
    <p class='ocr_par' dir='ltr' id='par_1_68' title="bbox 71 3398 3446 3477">
     <span class='ocr_line' id='line_1_68' title="bbox 71 3398 3446 3477; baseline -0.001 -23"><span class='ocrx_word' id='word_1_463' title='bbox 71 3402 349 3470; x_wconf 46' lang='lat' dir='ltr'>meum,</span> <span class='ocrx_word' id='word_1_464' title='bbox 403 3404 475 3464; x_wconf 81' lang='grc' dir='ltr'>ὡς</span> <span class='ocrx_word' id='word_1_465' title='bbox 520 3401 743 3474; x_wconf 69' lang='grc' dir='ltr'>λέγεται,</span> <span class='ocrx_word' id='word_1_466' title='bbox 795 3408 915 3477; x_wconf 85' lang='grc' dir='ltr'>περὶ</span> <span class='ocrx_word' id='word_1_467' title='bbox 971 3407 1094 3465; x_wconf 85' lang='grc' dir='ltr'>τούς</span> <span class='ocrx_word' id='word_1_468' title='bbox 1154 3403 1334 3456; x_wconf 84' lang='grc' dir='ltr'>ἑκατὸν</span> <span class='ocrx_word' id='word_1_469' title='bbox 1390 3407 1481 3454; x_wconf 84' lang='grc' dir='ltr'>καὶ</span> <span class='ocrx_word' id='word_1_470' title='bbox 1531 3404 1849 3458; x_wconf 86' lang='grc' dir='ltr'>πεντήκοντα</span> <span class='ocrx_word' id='word_1_471' title='bbox 1905 3403 1994 3452; x_wconf 87' lang='grc' dir='ltr'>καὶ</span> <span class='ocrx_word' id='word_1_472' title='bbox 2050 3399 2405 3473; x_wconf 87' lang='grc' dir='ltr'>τρισχιλίους.</span> <span class='ocrx_word' id='word_1_473' title='bbox 2459 3400 2577 3452; x_wconf 84' lang='grc' dir='ltr'>Ἐπὶ</span> <span class='ocrx_word' id='word_1_474' title='bbox 2643 3400 2896 3460; x_wconf 80' lang='grc' dir='ltr'>τοιούτοις</span> <span class='ocrx_word' id='word_1_475' title='bbox 2961 3401 3051 3472; x_wconf 73' lang='grc' dir='ltr'>μὲν</span> <span class='ocrx_word' id='word_1_476' title='bbox 3105 3398 3193 3450; x_wconf 77' lang='grc' dir='ltr'>οὖν</span> <span class='ocrx_word' id='word_1_477' title='bbox 3261 3417 3446 3470; x_wconf 85' lang='grc' dir='ltr'>κατορ-</span> 
     </span>
    </p>
   </div>
   <div class='ocr_carea' id='block_1_69' title="bbox 75 3487 1576 3567">
    <p class='ocr_par' dir='ltr' id='par_1_69' title="bbox 75 3487 1576 3567">
     <span class='ocr_line' id='line_1_69' title="bbox 75 3487 1576 3567; baseline 0.001 -25"><span class='ocrx_word' id='word_1_478' title='bbox 75 3493 283 3564; x_wconf 62' lang='grc' dir='ltr'>θώμασι</span> <span class='ocrx_word' id='word_1_479' title='bbox 315 3487 649 3552; x_wconf 76' lang='grc' dir='ltr'>Μακεδόνιος</span> <span class='ocrx_word' id='word_1_480' title='bbox 668 3493 812 3567; x_wconf 84' lang='grc' dir='ltr'>παρὰ</span> <span class='ocrx_word' id='word_1_481' title='bbox 836 3499 932 3544; x_wconf 86' lang='grc' dir='ltr'>τοῦ</span> <span class='ocrx_word' id='word_1_482' title='bbox 953 3491 1192 3566; x_wconf 74' lang='grc' dir='ltr'>ἐπάρχου</span> <span class='ocrx_word' id='word_1_483' title='bbox 1223 3491 1576 3564; x_wconf 79' lang='grc' dir='ltr'>ἑνεθρονίσθη.</span> 
     </span>
    </p>
   </div>
   <div class='ocr_carea' id='block_1_70' title="bbox 138 3576 1733 3652">
    <p class='ocr_par' dir='ltr' id='par_1_70' title="bbox 138 3576 1684 3652">
     <span class='ocr_line' id='line_1_70' title="bbox 138 3576 1684 3652; baseline 0 -22"><span class='ocrx_word' id='word_1_484' title='bbox 138 3579 246 3652; x_wconf 72' lang='grc' dir='ltr'>ιβ’,</span> <span class='ocrx_word' id='word_1_485' title='bbox 326 3579 641 3640; x_wconf 78' lang='grc' dir='ltr'>Ἀθανάσιος</span> <span class='ocrx_word' id='word_1_486' title='bbox 707 3576 768 3632; x_wconf 73' lang='grc' dir='ltr'>δὲ</span> <span class='ocrx_word' id='word_1_487' title='bbox 821 3585 914 3639; x_wconf 82' lang='grc' dir='ltr'>τήν</span> <span class='ocrx_word' id='word_1_488' title='bbox 982 3579 1258 3640; x_wconf 75' lang='grc' dir='ltr'>ἐπιϐουλήν</span> <span class='ocrx_word' id='word_1_489' title='bbox 1322 3582 1684 3633; x_wconf 83' lang='grc' dir='ltr'>Κωνσταντίου</span> 
     </span>
    </p>
   </div>
   <div class='ocr_carea' id='block_1_71' title="bbox 1852 3576 3447 3652">
    <p class='ocr_par' dir='ltr' id='par_1_71' title="bbox 1866 3576 3447 3635">
     <span class='ocr_line' id='line_1_71' title="bbox 1866 3576 3447 3635; baseline 0.001 -4"><span class='ocrx_word' id='word_1_490' title='bbox 1866 3579 1952 3632; x_wconf 75' lang='grc'>12.</span> <span class='ocrx_word' id='word_1_491' title='bbox 1987 3578 2350 3635; x_wconf 87' lang='lat' dir='ltr'>Athanasius</span> <span class='ocrx_word' id='word_1_492' title='bbox 2375 3580 2577 3634; x_wconf 87' lang='lat' dir='ltr'>autem</span> <span class='ocrx_word' id='word_1_493' title='bbox 2612 3578 2941 3634; x_wconf 86' lang='lat' dir='ltr'>Constantii</span> <span class='ocrx_word' id='word_1_494' title='bbox 2974 3577 3224 3634; x_wconf 87' lang='lat' dir='ltr'>insidias</span> <span class='ocrx_word' id='word_1_495' title='bbox 3246 3576 3447 3634; x_wconf 88' lang='lat' dir='ltr'>formi-</span> 
     </span>
    </p>
   </div>
   <div class='ocr_carea' id='block_1_72' title="bbox 77 3665 1672 3743">
    <p class='ocr_par' dir='ltr' id='par_1_72' title="bbox 77 3665 1672 3743">
     <span class='ocr_line' id='line_1_72' title="bbox 77 3665 1672 3743; baseline -0.001 -24"><span class='ocrx_word' id='word_1_496' title='bbox 77 3665 280 3736; x_wconf 72' lang='grc' dir='ltr'>δείσας,</span> <span class='ocrx_word' id='word_1_497' title='bbox 326 3670 536 3740; x_wconf 79' lang='grc' dir='ltr'>θανάτῳ</span> <span class='ocrx_word' id='word_1_498' title='bbox 573 3671 675 3743; x_wconf 71' lang='grc' dir='ltr'>γὰρ</span> <span class='ocrx_word' id='word_1_499' title='bbox 747 3673 966 3742; x_wconf 76' lang='grc' dir='ltr'>ζημιοῦν</span> <span class='ocrx_word' id='word_1_500' title='bbox 1029 3670 1184 3722; x_wconf 75' lang='grc' dir='ltr'>αὐτόν</span> <span class='ocrx_word' id='word_1_501' title='bbox 1241 3669 1541 3735; x_wconf 82' lang='grc' dir='ltr'>ἠπείλησεν,</span> <span class='ocrx_word' id='word_1_502' title='bbox 1615 3667 1672 3720; x_wconf 67' lang='grc' dir='ltr'>εἰς</span> 
     </span>
    </p>
   </div>
   <div class='ocr_carea' id='block_1_73' title="bbox 1853 3665 3448 3743">
    <p class='ocr_par' dir='ltr' id='par_1_73' title="bbox 1853 3665 3448 3737">
     <span class='ocr_line' id='line_1_73' title="bbox 1853 3665 3448 3737; baseline 0.001 -15"><span class='ocrx_word' id='word_1_503' title='bbox 1853 3682 1948 3722; x_wconf 88' lang='lat' dir='ltr'>1ns</span> <span class='ocrx_word' id='word_1_504' title='bbox 1964 3667 2037 3737; x_wconf 90' lang='lat' dir='ltr'>(ei</span> <span class='ocrx_word' id='word_1_505' title='bbox 2051 3667 2209 3723; x_wconf 89' lang='lat' dir='ltr'>enim</span> <span class='ocrx_word' id='word_1_506' title='bbox 2226 3673 2482 3724; x_wconf 89' lang='lat' dir='ltr'>mortem</span> <span class='ocrx_word' id='word_1_507' title='bbox 2496 3667 2761 3723; x_wconf 89' lang='lat' dir='ltr'>minatus</span> <span class='ocrx_word' id='word_1_508' title='bbox 2776 3671 2924 3734; x_wconf 89' lang='lat' dir='ltr'>erat)</span> <span class='ocrx_word' id='word_1_509' title='bbox 2943 3670 3194 3724; x_wconf 84' lang='lat' dir='ltr'>Romam</span> <span class='ocrx_word' id='word_1_510' title='bbox 3211 3665 3448 3723; x_wconf 87' lang='lat' dir='ltr'>abiit.Et</span> 
     </span>
    </p>
   </div>
   <div class='ocr_carea' id='block_1_74' title="bbox 75 3755 1670 3832">
    <p class='ocr_par' dir='ltr' id='par_1_74' title="bbox 75 3756 1670 3832">
     <span class='ocr_line' id='line_1_74' title="bbox 75 3756 1670 3832; baseline 0.001 -24"><span class='ocrx_word' id='word_1_511' title='bbox 75 3763 161 3816; x_wconf 65' lang='grc' dir='ltr'>τὶν</span> <span class='ocrx_word' id='word_1_512' title='bbox 208 3758 427 3832; x_wconf 79' lang='grc' dir='ltr'>Ῥώμην</span> <span class='ocrx_word' id='word_1_513' title='bbox 471 3756 717 3830; x_wconf 78' lang='grc' dir='ltr'>ἀφίκετο·</span> <span class='ocrx_word' id='word_1_514' title='bbox 783 3765 874 3812; x_wconf 84' lang='grc' dir='ltr'>καὶ</span> <span class='ocrx_word' id='word_1_515' title='bbox 933 3758 1128 3820; x_wconf 81' lang='grc' dir='ltr'>Παῦλος</span> <span class='ocrx_word' id='word_1_516' title='bbox 1187 3759 1257 3821; x_wconf 85' lang='grc' dir='ltr'>εἰς</span> <span class='ocrx_word' id='word_1_517' title='bbox 1315 3763 1408 3817; x_wconf 79' lang='grc' dir='ltr'>τήν</span> <span class='ocrx_word' id='word_1_518' title='bbox 1476 3765 1670 3812; x_wconf 84' lang='grc' dir='ltr'>Θεσσα·</span> 
     </span>
    </p>
   </div>
   <div class='ocr_carea' id='block_1_75' title="bbox 1850 3755 3445 3832">
    <p class='ocr_par' dir='ltr' id='par_1_75' title="bbox 1850 3755 3445 3828">
     <span class='ocr_line' id='line_1_75' title="bbox 1850 3755 3445 3828; baseline -0.001 -16"><span class='ocrx_word' id='word_1_519' title='bbox 1850 3757 2013 3812; x_wconf 76' lang='grc' dir='ltr'>ειυιυε</span> <span class='ocrx_word' id='word_1_520' title='bbox 2041 3757 2535 3814; x_wconf 88' lang='lat' dir='ltr'>Thessalonicam</span> <span class='ocrx_word' id='word_1_521' title='bbox 2584 3757 2838 3828; x_wconf 87' lang='lat' dir='ltr'>delatus,</span> <span class='ocrx_word' id='word_1_522' title='bbox 2882 3757 3042 3813; x_wconf 89' lang='lat' dir='ltr'>unde</span> <span class='ocrx_word' id='word_1_523' title='bbox 3074 3757 3283 3828; x_wconf 86' lang='lat' dir='ltr'>proavi</span> <span class='ocrx_word' id='word_1_524' title='bbox 3331 3755 3445 3811; x_wconf 88' lang='lat' dir='ltr'>orti</span> 
     </span>
    </p>
   </div>
   <div class='ocr_carea' id='block_1_76' title="bbox 76 3843 1671 3921">
    <p class='ocr_par' dir='ltr' id='par_1_76' title="bbox 76 3846 1671 3921">
     <span class='ocr_line' id='line_1_76' title="bbox 76 3846 1671 3921; baseline -0.001 -22"><span class='ocrx_word' id='word_1_525' title='bbox 76 3846 282 3905; x_wconf 65' lang='grc' dir='ltr'>λεδ-δίκην</span> <span class='ocrx_word' id='word_1_526' title='bbox 336 3849 671 3918; x_wconf 79' lang='grc' dir='ltr'>ἀπενεχθεὶς,</span> <span class='ocrx_word' id='word_1_527' title='bbox 742 3849 854 3902; x_wconf 83' lang='grc' dir='ltr'>ὅθεν</span> <span class='ocrx_word' id='word_1_528' title='bbox 905 3853 994 3900; x_wconf 81' lang='grc' dir='ltr'>καὶ</span> <span class='ocrx_word' id='word_1_529' title='bbox 1044 3852 1163 3910; x_wconf 79' lang='grc' dir='ltr'>τούς</span> <span class='ocrx_word' id='word_1_530' title='bbox 1220 3852 1500 3921; x_wconf 73' lang='grc' dir='ltr'>προγόνους</span> <span class='ocrx_word' id='word_1_531' title='bbox 1544 3849 1671 3917; x_wconf 64' lang='grc' dir='ltr'>ἔχειτ</span> 
     </span>
    </p>
   </div>
   <div class='ocr_carea' id='block_1_77' title="bbox 1850 3843 3445 3921">
    <p class='ocr_par' dir='ltr' id='par_1_77' title="bbox 1850 3843 3445 3918">
     <span class='ocr_line' id='line_1_77' title="bbox 1850 3843 3445 3918; baseline -0.001 -18"><span class='ocrx_word' id='word_1_532' title='bbox 1850 3845 2170 3915; x_wconf 65' lang='grc' dir='ltr'>οεὺδοῐυτ,</span> <span class='ocrx_word' id='word_1_533' title='bbox 2193 3862 2331 3901; x_wconf 87' lang='lat' dir='ltr'>cum</span> <span class='ocrx_word' id='word_1_534' title='bbox 2360 3846 2657 3902; x_wconf 91' lang='lat' dir='ltr'>Orientem</span> <span class='ocrx_word' id='word_1_535' title='bbox 2698 3845 3076 3918; x_wconf 89' lang='lat' dir='ltr'>relinquendi</span> <span class='ocrx_word' id='word_1_536' title='bbox 3098 3843 3445 3916; x_wconf 89' lang='lat' dir='ltr'>permissio-</span> 
     </span>
    </p>
   </div>
   <div class='ocr_carea' id='block_1_78' title="bbox 78 3933 1673 4010">
    <p class='ocr_par' dir='ltr' id='par_1_78' title="bbox 78 3934 1673 4010">
     <span class='ocr_line' id='line_1_78' title="bbox 78 3934 1673 4010; baseline 0.001 -25"><span class='ocrx_word' id='word_1_537' title='bbox 78 3934 297 4008; x_wconf 64' lang='grc' dir='ltr'>ὗέγετο,</span> <span class='ocrx_word' id='word_1_538' title='bbox 351 3941 449 3988; x_wconf 84' lang='grc' dir='ltr'>καὶ</span> <span class='ocrx_word' id='word_1_539' title='bbox 485 3941 576 3994; x_wconf 81' lang='grc' dir='ltr'>τήν</span> <span class='ocrx_word' id='word_1_540' title='bbox 752 3935 852 3990; x_wconf 82' lang='grc' dir='ltr'>Ἕω</span> <span class='ocrx_word' id='word_1_541' title='bbox 911 3940 1112 4010; x_wconf 70' lang='grc' dir='ltr'>φεύγειν</span> <span class='ocrx_word' id='word_1_542' title='bbox 1159 3935 1474 4010; x_wconf 83' lang='grc' dir='ltr'>ἐπιτραπεὶς,</span> <span class='ocrx_word' id='word_1_543' title='bbox 1520 3935 1673 3987; x_wconf 78' lang='grc' dir='ltr'>Ἰλλυ-</span> 
     </span>
    </p>
   </div>
   <div class='ocr_carea' id='block_1_79' title="bbox 1852 3933 3447 4010">
    <p class='ocr_par' dir='ltr' id='par_1_79' title="bbox 1852 3933 3447 4007">
     <span class='ocr_line' id='line_1_79' title="bbox 1852 3933 3447 4007; baseline -0.001 -17"><span class='ocrx_word' id='word_1_544' title='bbox 1852 3951 1934 3991; x_wconf 71' lang='lat' dir='ltr'>3m</span> <span class='ocrx_word' id='word_1_545' title='bbox 1961 3935 2310 4007; x_wconf 82' lang='lat' dir='ltr'>accepisset,</span> <span class='ocrx_word' id='word_1_546' title='bbox 2350 3951 2546 4007; x_wconf 89' lang='lat' dir='ltr'>neque</span> <span class='ocrx_word' id='word_1_547' title='bbox 2589 3935 2888 4007; x_wconf 83' lang='lat' dir='ltr'>Illyricum</span> <span class='ocrx_word' id='word_1_548' title='bbox 2919 3939 2976 3990; x_wconf 89' lang='lat' dir='ltr'>et</span> <span class='ocrx_word' id='word_1_549' title='bbox 3004 3951 3139 4007; x_wconf 81' lang='lat' dir='ltr'>quae</span> <span class='ocrx_word' id='word_1_550' title='bbox 3176 3933 3331 3990; x_wconf 88' lang='lat' dir='ltr'>ultra</span> <span class='ocrx_word' id='word_1_551' title='bbox 3359 3937 3447 3989; x_wconf 87' lang='lat' dir='ltr'>est</span> 
     </span>
    </p>
   </div>
   <div class='ocr_carea' id='block_1_80' title="bbox 73 4021 1668 4100">
    <p class='ocr_par' dir='ltr' id='par_1_80' title="bbox 73 4021 1668 4100">
     <span class='ocr_line' id='line_1_80' title="bbox 73 4021 1668 4100; baseline 0 -25"><span class='ocrx_word' id='word_1_552' title='bbox 73 4034 221 4100; x_wconf 71' lang='grc' dir='ltr'>ρικῆς</span> <span class='ocrx_word' id='word_1_553' title='bbox 284 4021 345 4078; x_wconf 63' lang='grc' dir='ltr'>δε</span> <span class='ocrx_word' id='word_1_554' title='bbox 389 4029 483 4078; x_wconf 84' lang='grc' dir='ltr'>καὶ</span> <span class='ocrx_word' id='word_1_555' title='bbox 522 4033 618 4087; x_wconf 75' lang='grc' dir='ltr'>τῆς</span> <span class='ocrx_word' id='word_1_556' title='bbox 666 4025 898 4078; x_wconf 83' lang='grc' dir='ltr'>ἐπέκεινα</span> <span class='ocrx_word' id='word_1_557' title='bbox 941 4035 1043 4097; x_wconf 69' lang='grc' dir='ltr'>γῆς</span> <span class='ocrx_word' id='word_1_558' title='bbox 1085 4025 1363 4078; x_wconf 75' lang='grc' dir='ltr'>ἕπιϐαίνειν</span> <span class='ocrx_word' id='word_1_559' title='bbox 1415 4025 1473 4078; x_wconf 85' lang='grc' dir='ltr'>ού</span> <span class='ocrx_word' id='word_1_560' title='bbox 1523 4023 1668 4076; x_wconf 60' lang='grc' dir='ltr'>κωλυη</span> 
     </span>
    </p>
   </div>
   <div class='ocr_carea' id='block_1_81' title="bbox 1848 4021 3443 4100">
    <p class='ocr_par' dir='ltr' id='par_1_81' title="bbox 1848 4025 3443 4098">
     <span class='ocr_line' id='line_1_81' title="bbox 1848 4025 3443 4098; baseline -0.001 -18"><span class='ocrx_word' id='word_1_561' title='bbox 1848 4026 2104 4095; x_wconf 73' lang='lat' dir='ltr'>:gionem</span> <span class='ocrx_word' id='word_1_562' title='bbox 2139 4030 2336 4098; x_wconf 90' lang='lat' dir='ltr'>petere</span> <span class='ocrx_word' id='word_1_563' title='bbox 2366 4026 2804 4097; x_wconf 88' lang='lat' dir='ltr'>prohiberetur,</span> <span class='ocrx_word' id='word_1_564' title='bbox 2833 4025 3182 4081; x_wconf 88' lang='lat' dir='ltr'>Corinthum</span> <span class='ocrx_word' id='word_1_565' title='bbox 3215 4038 3276 4078; x_wconf 91' lang='lat' dir='ltr'>se</span> <span class='ocrx_word' id='word_1_566' title='bbox 3306 4037 3443 4094; x_wconf 91' lang='lat' dir='ltr'>pro-</span> 
     </span>
    </p>
   </div>
   <div class='ocr_carea' id='block_1_82' title="bbox 81 4113 1676 4190">
    <p class='ocr_par' dir='ltr' id='par_1_82' title="bbox 81 4115 1676 4190">
     <span class='ocr_line' id='line_1_82' title="bbox 81 4115 1676 4190; baseline -0.001 -24"><span class='ocrx_word' id='word_1_567' title='bbox 81 4118 192 4181; x_wconf 78' lang='grc' dir='ltr'>θεὶς,</span> <span class='ocrx_word' id='word_1_568' title='bbox 260 4117 511 4187; x_wconf 73' lang='grc' dir='ltr'>ἀπαίρειν</span> <span class='ocrx_word' id='word_1_569' title='bbox 552 4115 622 4176; x_wconf 79' lang='grc' dir='ltr'>εἰς</span> <span class='ocrx_word' id='word_1_570' title='bbox 672 4117 920 4188; x_wconf 84' lang='grc' dir='ltr'>Κόρινθον</span> <span class='ocrx_word' id='word_1_571' title='bbox 971 4121 1386 4190; x_wconf 75' lang='grc' dir='ltr'>προεφασίσατο,</span> <span class='ocrx_word' id='word_1_572' title='bbox 1437 4119 1527 4166; x_wconf 83' lang='grc' dir='ltr'>καὶ</span> <span class='ocrx_word' id='word_1_573' title='bbox 1591 4117 1676 4171; x_wconf 66' lang='grc' dir='ltr'>τὴν</span> 
     </span>
    </p>
   </div>
   <div class='ocr_carea' id='block_1_83' title="bbox 1849 4113 3444 4190">
    <p class='ocr_par' dir='ltr' id='par_1_83' title="bbox 1849 4113 3444 4186">
     <span class='ocr_line' id='line_1_83' title="bbox 1849 4113 3444 4186; baseline -0.001 -16"><span class='ocrx_word' id='word_1_574' title='bbox 1849 4116 1979 4171; x_wconf 75' lang='lat' dir='ltr'>eisci</span> <span class='ocrx_word' id='word_1_575' title='bbox 2020 4115 2354 4181; x_wconf 67' lang='lat' dir='ltr'>praetexuit,</span> <span class='ocrx_word' id='word_1_576' title='bbox 2389 4118 2766 4186; x_wconf 84' lang='lat' dir='ltr'>Romamque</span> <span class='ocrx_word' id='word_1_577' title='bbox 2819 4118 2877 4169; x_wconf 91' lang='lat' dir='ltr'>et</span> <span class='ocrx_word' id='word_1_578' title='bbox 2916 4114 3044 4185; x_wconf 89' lang='lat' dir='ltr'>ipse</span> <span class='ocrx_word' id='word_1_579' title='bbox 3078 4113 3263 4170; x_wconf 82' lang='lat' dir='ltr'>venit.</span> <span class='ocrx_word' id='word_1_580' title='bbox 3297 4114 3444 4169; x_wconf 87' lang='lat' dir='ltr'>Cum</span> 
     </span>
    </p>
   </div>
   <div class='ocr_carea' id='block_1_84' title="bbox 77 4198 1672 4275">
    <p class='ocr_par' dir='ltr' id='par_1_84' title="bbox 77 4198 1672 4275">
     <span class='ocr_line' id='line_1_84' title="bbox 77 4198 1672 4275; baseline -0.001 -21"><span class='ocrx_word' id='word_1_581' title='bbox 77 4204 271 4275; x_wconf 69' lang='grc' dir='ltr'>Ῥώμην</span> <span class='ocrx_word' id='word_1_582' title='bbox 335 4204 618 4274; x_wconf 73' lang='grc' dir='ltr'>κατείληφε</span> <span class='ocrx_word' id='word_1_583' title='bbox 682 4208 774 4256; x_wconf 82' lang='grc' dir='ltr'>καὶ</span> <span class='ocrx_word' id='word_1_584' title='bbox 840 4204 1031 4265; x_wconf 85' lang='grc' dir='ltr'>αύτός.</span> <span class='ocrx_word' id='word_1_585' title='bbox 1089 4200 1533 4266; x_wconf 82' lang='grc' dir='ltr'>Ἀναδιδάξαντος</span> <span class='ocrx_word' id='word_1_586' title='bbox 1596 4198 1672 4254; x_wconf 53' lang='grc' dir='ltr'>οὖν</span> 
     </span>
    </p>
   </div>
   <div class='ocr_carea' id='block_1_85' title="bbox 1848 4198 3443 4275">
    <p class='ocr_par' dir='ltr' id='par_1_85' title="bbox 1848 4204 3443 4275">
     <span class='ocr_line' id='line_1_85' title="bbox 1848 4204 3443 4275; baseline -0.001 -15"><span class='ocrx_word' id='word_1_587' title='bbox 1848 4210 1996 4260; x_wconf 65' lang='lat' dir='ltr'>item</span> <span class='ocrx_word' id='word_1_588' title='bbox 2019 4204 2205 4261; x_wconf 86' lang='lat' dir='ltr'>Julius</span> <span class='ocrx_word' id='word_1_589' title='bbox 2242 4204 2574 4260; x_wconf 90' lang='lat' dir='ltr'>monuisset</span> <span class='ocrx_word' id='word_1_590' title='bbox 2596 4204 3020 4275; x_wconf 88' lang='lat' dir='ltr'>imperatorem</span> <span class='ocrx_word' id='word_1_591' title='bbox 3053 4206 3443 4260; x_wconf 89' lang='lat' dir='ltr'>Constantem</span> 
     </span>
    </p>
   </div>
   <div class='ocr_carea' id='block_1_86' title="bbox 81 4290 1676 4366">
    <p class='ocr_par' dir='ltr' id='par_1_86' title="bbox 81 4290 1676 4366">
     <span class='ocr_line' id='line_1_86' title="bbox 81 4290 1676 4366; baseline -0.001 -22"><span class='ocrx_word' id='word_1_592' title='bbox 81 4293 296 4344; x_wconf 76' lang='grc' dir='ltr'>Ἰουλίου</span> <span class='ocrx_word' id='word_1_593' title='bbox 366 4295 459 4344; x_wconf 88' lang='grc' dir='ltr'>τόν</span> <span class='ocrx_word' id='word_1_594' title='bbox 527 4290 756 4364; x_wconf 79' lang='grc' dir='ltr'>βασιλέα</span> <span class='ocrx_word' id='word_1_595' title='bbox 813 4298 1124 4348; x_wconf 82' lang='grc' dir='ltr'>Κώνσταντα</span> <span class='ocrx_word' id='word_1_596' title='bbox 1193 4295 1257 4344; x_wconf 85' lang='grc' dir='ltr'>τὰ</span> <span class='ocrx_word' id='word_1_597' title='bbox 1319 4297 1438 4366; x_wconf 89' lang='grc' dir='ltr'>περὶ</span> <span class='ocrx_word' id='word_1_598' title='bbox 1495 4291 1676 4359; x_wconf 72' lang='grc' dir='ltr'>αὐτῶν,</span> 
     </span>
    </p>
   </div>
   <div class='ocr_carea' id='block_1_87' title="bbox 1847 4290 3442 4366">
    <p class='ocr_par' dir='ltr' id='par_1_87' title="bbox 1847 4293 3442 4366">
     <span class='ocr_line' id='line_1_87' title="bbox 1847 4293 3442 4366; baseline -0.001 -16"><span class='ocrx_word' id='word_1_599' title='bbox 1847 4310 1868 4349; x_wconf 78' lang='lat' dir='ltr'>e</span> <span class='ocrx_word' id='word_1_600' title='bbox 1898 4311 2106 4350; x_wconf 89' lang='lat' dir='ltr'>eorum</span> <span class='ocrx_word' id='word_1_601' title='bbox 2135 4293 2497 4365; x_wconf 85' lang='lat' dir='ltr'>conditione,</span> <span class='ocrx_word' id='word_1_602' title='bbox 2525 4293 2759 4366; x_wconf 88' lang='lat' dir='ltr'>scripsit</span> <span class='ocrx_word' id='word_1_603' title='bbox 2788 4293 2882 4349; x_wconf 93' lang='lat' dir='ltr'>ille</span> <span class='ocrx_word' id='word_1_604' title='bbox 2912 4293 2990 4350; x_wconf 90' lang='lat' dir='ltr'>ad</span> <span class='ocrx_word' id='word_1_605' title='bbox 3015 4293 3442 4366; x_wconf 81' lang='lat' dir='ltr'>imperatorem</span> 
     </span>
    </p>
   </div>
   <div class='ocr_carea' id='block_1_88' title="bbox 81 4379 1676 4485">
    <p class='ocr_par' dir='ltr' id='par_1_88' title="bbox 81 4379 1676 4454">
     <span class='ocr_line' id='line_1_88' title="bbox 81 4379 1676 4454; baseline -0.003 -20"><span class='ocrx_word' id='word_1_606' title='bbox 81 4381 301 4454; x_wconf 66' lang='grc' dir='ltr'>ἔγραψεν</span> <span class='ocrx_word' id='word_1_607' title='bbox 371 4380 567 4442; x_wconf 83' lang='grc' dir='ltr'>ἐκεῖνος</span> <span class='ocrx_word' id='word_1_608' title='bbox 637 4390 710 4452; x_wconf 79' lang='grc' dir='ltr'>τῷ</span> <span class='ocrx_word' id='word_1_609' title='bbox 778 4379 990 4454; x_wconf 80' lang='grc' dir='ltr'>βασιλεί</span> <span class='ocrx_word' id='word_1_610' title='bbox 1068 4385 1411 4453; x_wconf 80' lang='grc' dir='ltr'>Κωνσταντίῳ</span> <span class='ocrx_word' id='word_1_611' title='bbox 1480 4379 1676 4452; x_wconf 70' lang='grc' dir='ltr'>πέμψαι</span> 
     </span>
    </p>
   </div>
   <div class='ocr_carea' id='block_1_89' title="bbox 1846 4379 3441 4485">
    <p class='ocr_par' dir='ltr' id='par_1_89' title="bbox 1846 4382 3441 4456">
     <span class='ocr_line' id='line_1_89' title="bbox 1846 4382 3441 4456; baseline -0.001 -18"><span class='ocrx_word' id='word_1_612' title='bbox 1846 4383 2212 4440; x_wconf 86' lang='lat' dir='ltr'>onstantium</span> <span class='ocrx_word' id='word_1_613' title='bbox 2244 4388 2309 4438; x_wconf 91' lang='lat' dir='ltr'>ut</span> <span class='ocrx_word' id='word_1_614' title='bbox 2335 4383 2658 4455; x_wconf 89' lang='lat' dir='ltr'>episcopos</span> <span class='ocrx_word' id='word_1_615' title='bbox 2693 4384 2945 4440; x_wconf 84' lang='lat' dir='ltr'>mitteret</span> <span class='ocrx_word' id='word_1_616' title='bbox 2974 4384 3078 4456; x_wconf 90' lang='lat' dir='ltr'>qui</span> <span class='ocrx_word' id='word_1_617' title='bbox 3105 4398 3316 4440; x_wconf 89' lang='lat' dir='ltr'>eorum</span> <span class='ocrx_word' id='word_1_618' title='bbox 3341 4382 3441 4437; x_wconf 49' lang='lat' dir='ltr'>de‘</span> 
     </span>
    </p>
   </div>
   <div class='ocr_carea' id='block_1_90' title="bbox 81 4468 1676 4546">
    <p class='ocr_par' dir='ltr' id='par_1_90' title="bbox 81 4468 1676 4546">
     <span class='ocr_line' id='line_1_90' title="bbox 81 4468 1676 4546; baseline 0.002 -27"><span class='ocrx_word' id='word_1_619' title='bbox 81 4475 214 4532; x_wconf 66' lang='grc' dir='ltr'>τινας</span> <span class='ocrx_word' id='word_1_620' title='bbox 283 4479 390 4522; x_wconf 80' lang='grc' dir='ltr'>τῶν</span> <span class='ocrx_word' id='word_1_621' title='bbox 469 4468 769 4524; x_wconf 84' lang='grc' dir='ltr'>ἐπισκόπων</span> <span class='ocrx_word' id='word_1_622' title='bbox 847 4469 1334 4543; x_wconf 74' lang='grc' dir='ltr'>ἀπολογησομένους</span> <span class='ocrx_word' id='word_1_623' title='bbox 1403 4475 1521 4546; x_wconf 88' lang='grc' dir='ltr'>περὶ</span> <span class='ocrx_word' id='word_1_624' title='bbox 1594 4477 1676 4530; x_wconf 83' lang='grc' dir='ltr'>τῆς</span> 
     </span>
    </p>
   </div>
   <div class='ocr_carea' id='block_1_91' title="bbox 1844 4468 3439 4546">
    <p class='ocr_par' dir='ltr' id='par_1_91' title="bbox 1844 4472 3439 4542">
     <span class='ocr_line' id='line_1_91' title="bbox 1844 4472 3439 4542; baseline -0.001 -14"><span class='ocrx_word' id='word_1_625' title='bbox 1844 4472 2156 4528; x_wconf 89' lang='lat' dir='ltr'>ositionem</span> <span class='ocrx_word' id='word_1_626' title='bbox 2187 4472 2591 4528; x_wconf 87' lang='lat' dir='ltr'>defenderent.</span> <span class='ocrx_word' id='word_1_627' title='bbox 2623 4473 2784 4528; x_wconf 87' lang='lat' dir='ltr'>Missi</span> <span class='ocrx_word' id='word_1_628' title='bbox 2829 4477 2968 4528; x_wconf 93' lang='lat' dir='ltr'>sunt</span> <span class='ocrx_word' id='word_1_629' title='bbox 2995 4473 3174 4542; x_wconf 79' lang='lat' dir='ltr'>igitur</span> <span class='ocrx_word' id='word_1_630' title='bbox 3204 4472 3439 4528; x_wconf 85' lang='lat' dir='ltr'>Narcis-</span> 
     </span>
    </p>
   </div>
   <div class='ocr_carea' id='block_1_92' title="bbox 83 4559 1678 4635">
    <p class='ocr_par' dir='ltr' id='par_1_92' title="bbox 83 4559 1678 4635">
     <span class='ocr_line' id='line_1_92' title="bbox 83 4559 1678 4635; baseline 0.001 -23"><span class='ocrx_word' id='word_1_631' title='bbox 83 4565 274 4614; x_wconf 77' lang='grc' dir='ltr'>τούτων</span> <span class='ocrx_word' id='word_1_632' title='bbox 345 4563 717 4633; x_wconf 81' lang='grc' dir='ltr'>καθαιρέσεως.</span> <span class='ocrx_word' id='word_1_633' title='bbox 781 4562 1152 4635; x_wconf 72' lang='grc' dir='ltr'>Ἐπέμφθησάν</span> <span class='ocrx_word' id='word_1_634' title='bbox 1228 4559 1314 4615; x_wconf 82' lang='grc' dir='ltr'>οὖν</span> <span class='ocrx_word' id='word_1_635' title='bbox 1378 4563 1678 4635; x_wconf 83' lang='grc' dir='ltr'>Νάρκισσος</span> 
     </span>
    </p>
   </div>
   <div class='ocr_carea' id='block_1_93' title="bbox 1842 4559 3437 4635">
    <p class='ocr_par' dir='ltr' id='par_1_93' title="bbox 1842 4560 3437 4632">
     <span class='ocr_line' id='line_1_93' title="bbox 1842 4560 3437 4632; baseline 0 -16"><span class='ocrx_word' id='word_1_636' title='bbox 1842 4577 1900 4616; x_wconf 77' lang='lat' dir='ltr'>us</span> <span class='ocrx_word' id='word_1_637' title='bbox 1925 4561 2273 4632; x_wconf 90' lang='lat' dir='ltr'>lrenopolis,</span> <span class='ocrx_word' id='word_1_638' title='bbox 2289 4561 2637 4617; x_wconf 82' lang='lat' dir='ltr'>Theodorus</span> <span class='ocrx_word' id='word_1_639' title='bbox 2666 4561 2979 4626; x_wconf 66' lang='lat' dir='ltr'>Heracleae,</span> <span class='ocrx_word' id='word_1_640' title='bbox 3005 4561 3174 4618; x_wconf 85' lang='lat' dir='ltr'>Maris</span> <span class='ocrx_word' id='word_1_641' title='bbox 3197 4560 3437 4617; x_wconf 88' lang='lat' dir='ltr'>Chalce-</span> 
     </span>
    </p>
   </div>
   <div class='ocr_carea' id='block_1_94' title="bbox 84 4647 1679 4726">
    <p class='ocr_par' dir='ltr' id='par_1_94' title="bbox 84 4647 1679 4726">
     <span class='ocr_line' id='line_1_94' title="bbox 84 4647 1679 4726; baseline -0.001 -21"><span class='ocrx_word' id='word_1_642' title='bbox 84 4649 534 4722; x_wconf 71' lang='grc' dir='ltr'>Εἰρηνουπόλεως,</span> <span class='ocrx_word' id='word_1_643' title='bbox 597 4647 866 4724; x_wconf 83' lang='grc' dir='ltr'>Θεόδωρος</span> <span class='ocrx_word' id='word_1_644' title='bbox 945 4655 970 4702; x_wconf 91' lang='grc' dir='ltr'>ό</span> <span class='ocrx_word' id='word_1_645' title='bbox 1045 4651 1368 4726; x_wconf 76' lang='grc' dir='ltr'>Ἡρακλείας,</span> <span class='ocrx_word' id='word_1_646' title='bbox 1431 4655 1601 4725; x_wconf 87' lang='grc' dir='ltr'>Μάρις</span> <span class='ocrx_word' id='word_1_647' title='bbox 1658 4655 1679 4703; x_wconf 83' lang='grc' dir='ltr'>ό</span> 
     </span>
    </p>
   </div>
   <div class='ocr_carea' id='block_1_95' title="bbox 1844 4647 3439 4726">
    <p class='ocr_par' dir='ltr' id='par_1_95' title="bbox 1844 4652 3439 4725">
     <span class='ocr_line' id='line_1_95' title="bbox 1844 4652 3439 4725; baseline -0.001 -17"><span class='ocrx_word' id='word_1_648' title='bbox 1844 4654 1968 4708; x_wconf 90' lang='lat' dir='ltr'>onis</span> <span class='ocrx_word' id='word_1_649' title='bbox 1999 4656 2056 4706; x_wconf 89' lang='lat' dir='ltr'>et</span> <span class='ocrx_word' id='word_1_650' title='bbox 2084 4654 2310 4708; x_wconf 85' lang='lat' dir='ltr'>Marcus</span> <span class='ocrx_word' id='word_1_651' title='bbox 2351 4653 2695 4720; x_wconf 65' lang='lat' dir='ltr'>Arethusae;</span> <span class='ocrx_word' id='word_1_652' title='bbox 2728 4653 2832 4725; x_wconf 92' lang='lat' dir='ltr'>qui</span> <span class='ocrx_word' id='word_1_653' title='bbox 2863 4653 3111 4724; x_wconf 90' lang='lat' dir='ltr'>quidem</span> <span class='ocrx_word' id='word_1_654' title='bbox 3156 4668 3190 4707; x_wconf 91' lang='lat' dir='ltr'>a</span> <span class='ocrx_word' id='word_1_655' title='bbox 3227 4652 3439 4724; x_wconf 90' lang='lat' dir='ltr'>seipsis</span> 
     </span>
    </p>
   </div>
   <div class='ocr_carea' id='block_1_96' title="bbox 87 4737 1682 4815">
    <p class='ocr_par' dir='ltr' id='par_1_96' title="bbox 87 4737 1682 4815">
     <span class='ocr_line' id='line_1_96' title="bbox 87 4737 1682 4815; baseline -0.001 -22"><span class='ocrx_word' id='word_1_656' title='bbox 87 4737 447 4808; x_wconf 62' lang='grc' dir='ltr'>Χαλκηδόνος,</span> <span class='ocrx_word' id='word_1_657' title='bbox 501 4744 590 4790; x_wconf 84' lang='grc' dir='ltr'>καὶ</span> <span class='ocrx_word' id='word_1_658' title='bbox 635 4742 896 4814; x_wconf 88' lang='grc' dir='ltr'>Μάρκοςό</span> <span class='ocrx_word' id='word_1_659' title='bbox 943 4739 1305 4815; x_wconf 75' lang='grc' dir='ltr'>Ἀρεθούσης’</span> <span class='ocrx_word' id='word_1_660' title='bbox 1361 4741 1410 4793; x_wconf 87' lang='grc' dir='ltr'>οῖ</span> <span class='ocrx_word' id='word_1_661' title='bbox 1454 4745 1548 4798; x_wconf 86' lang='grc' dir='ltr'>τήν</span> <span class='ocrx_word' id='word_1_662' title='bbox 1595 4743 1682 4813; x_wconf 70' lang='grc' dir='ltr'>μὲν</span> 
     </span>
    </p>
   </div>
   <div class='ocr_carea' id='block_1_97' title="bbox 1846 4737 3441 4815">
    <p class='ocr_par' dir='ltr' id='par_1_97' title="bbox 1846 4740 3441 4812">
     <span class='ocr_line' id='line_1_97' title="bbox 1846 4740 3441 4812; baseline 0 -16"><span class='ocrx_word' id='word_1_663' title='bbox 1846 4740 2117 4797; x_wconf 82' lang='lat' dir='ltr'>ntiochiae</span> <span class='ocrx_word' id='word_1_664' title='bbox 2139 4741 2475 4812; x_wconf 88' lang='lat' dir='ltr'>expositam</span> <span class='ocrx_word' id='word_1_665' title='bbox 2488 4741 2671 4797; x_wconf 84' lang='lat' dir='ltr'>ﬁdem</span> <span class='ocrx_word' id='word_1_666' title='bbox 2684 4741 3030 4810; x_wconf 85' lang='lat' dir='ltr'>celavere,al</span> <span class='ocrx_word' id='word_1_667' title='bbox 3041 4745 3223 4798; x_wconf 90' lang='lat' dir='ltr'>teram</span> <span class='ocrx_word' id='word_1_668' title='bbox 3237 4745 3441 4797; x_wconf 86' lang='lat' dir='ltr'>autem</span> 
     </span>
    </p>
   </div>
   <div class='ocr_carea' id='block_1_98' title="bbox 84 4828 1679 4904">
    <p class='ocr_par' dir='ltr' id='par_1_98' title="bbox 84 4828 1679 4904">
     <span class='ocr_line' id='line_1_98' title="bbox 84 4828 1679 4904; baseline 0 -24"><span class='ocrx_word' id='word_1_669' title='bbox 84 4831 127 4880; x_wconf 83' lang='grc' dir='ltr'>ὲν</span> <span class='ocrx_word' id='word_1_670' title='bbox 180 4830 494 4900; x_wconf 76' lang='grc' dir='ltr'>Ἀντιοχείᾳ</span> <span class='ocrx_word' id='word_1_671' title='bbox 564 4829 688 4903; x_wconf 86' lang='grc' dir='ltr'>παρ’</span> <span class='ocrx_word' id='word_1_672' title='bbox 764 4832 933 4881; x_wconf 77' lang='grc' dir='ltr'>αὐτῶν</span> <span class='ocrx_word' id='word_1_673' title='bbox 1011 4828 1304 4882; x_wconf 77' lang='grc' dir='ltr'>ἐκτεθεῖσαν</span> <span class='ocrx_word' id='word_1_674' title='bbox 1380 4828 1679 4904; x_wconf 76' lang='grc' dir='ltr'>ἀπέκρυψαν</span> 
     </span>
    </p>
   </div>
   <div class='ocr_carea' id='block_1_99' title="bbox 1844 4828 3439 4904">
    <p class='ocr_par' dir='ltr' id='par_1_99' title="bbox 1844 4831 3439 4902">
     <span class='ocr_line' id='line_1_99' title="bbox 1844 4831 3439 4902; baseline 0 -18"><span class='ocrx_word' id='word_1_675' title='bbox 1844 4835 2140 4885; x_wconf 84' lang='lat' dir='ltr'>:ruxerunt</span> <span class='ocrx_word' id='word_1_676' title='bbox 2155 4831 2404 4886; x_wconf 89' lang='lat' dir='ltr'>omnino</span> <span class='ocrx_word' id='word_1_677' title='bbox 2432 4831 2684 4886; x_wconf 64' lang='lat' dir='ltr'>Nicaeum</span> <span class='ocrx_word' id='word_1_678' title='bbox 2700 4833 3439 4902; x_wconf 86' lang='lat' dir='ltr'>repugnantem.Eamque</span> 
     </span>
    </p>
   </div>
   <div class='ocr_carea' id='block_1_100' title="bbox 84 4914 1679 4992">
    <p class='ocr_par' dir='ltr' id='par_1_100' title="bbox 84 4914 1679 4992">
     <span class='ocr_line' id='line_1_100' title="bbox 84 4914 1679 4992; baseline 0.001 -24"><span class='ocrx_word' id='word_1_679' title='bbox 84 4927 276 4987; x_wconf 73' lang='grc' dir='ltr'>πίστιν,</span> <span class='ocrx_word' id='word_1_680' title='bbox 329 4918 506 4991; x_wconf 74' lang='grc' dir='ltr'>ἑτέραν</span> <span class='ocrx_word' id='word_1_681' title='bbox 548 4914 593 4969; x_wconf 81' lang='grc' dir='ltr'>δ’</span> <span class='ocrx_word' id='word_1_682' title='bbox 632 4917 922 4970; x_wconf 81' lang='grc' dir='ltr'>ἑκάττυσαν</span> <span class='ocrx_word' id='word_1_683' title='bbox 966 4915 1278 4991; x_wconf 78' lang='grc' dir='ltr'>ἀπάδουσαν</span> <span class='ocrx_word' id='word_1_684' title='bbox 1335 4917 1464 4982; x_wconf 86' lang='grc' dir='ltr'>ὅλως</span> <span class='ocrx_word' id='word_1_685' title='bbox 1517 4927 1576 4992; x_wconf 75' lang='grc' dir='ltr'>τῇ</span> <span class='ocrx_word' id='word_1_686' title='bbox 1633 4917 1679 4970; x_wconf 79' lang='grc' dir='ltr'>ἐν</span> 
     </span>
    </p>
   </div>
   <div class='ocr_carea' id='block_1_101' title="bbox 1845 4914 3440 4992">
    <p class='ocr_par' dir='ltr' id='par_1_101' title="bbox 1845 4919 3440 4992">
     <span class='ocr_line' id='line_1_101' title="bbox 1845 4919 3440 4992; baseline 0.001 -17"><span class='ocrx_word' id='word_1_687' title='bbox 1845 4925 2120 4991; x_wconf 78' lang='lat' dir='ltr'>estquam</span> <span class='ocrx_word' id='word_1_688' title='bbox 2163 4920 2510 4992; x_wconf 88' lang='lat' dir='ltr'>imperatori</span> <span class='ocrx_word' id='word_1_689' title='bbox 2555 4919 2861 4976; x_wconf 89' lang='lat' dir='ltr'>Constanti</span> <span class='ocrx_word' id='word_1_690' title='bbox 2911 4920 3207 4976; x_wconf 87' lang='lat' dir='ltr'>tradidere</span> <span class='ocrx_word' id='word_1_691' title='bbox 3242 4934 3440 4990; x_wconf 86' lang='lat' dir='ltr'>neque</span> 
     </span>
    </p>
   </div>
   <div class='ocr_carea' id='block_1_102' title="bbox 83 5005 1678 5082">
    <p class='ocr_par' dir='ltr' id='par_1_102' title="bbox 83 5005 1678 5081">
     <span class='ocr_line' id='line_1_102' title="bbox 83 5005 1678 5081; baseline 0.002 -23"><span class='ocrx_word' id='word_1_692' title='bbox 83 5012 272 5080; x_wconf 66' lang='grc' dir='ltr'>Νααίᾳ</span> <span class='ocrx_word' id='word_1_693' title='bbox 305 5022 322 5037; x_wconf 87' lang='grc'><strong>·</strong></span> <span class='ocrx_word' id='word_1_694' title='bbox 368 5012 463 5058; x_wconf 88' lang='grc' dir='ltr'>καὶ</span> <span class='ocrx_word' id='word_1_695' title='bbox 510 5009 706 5065; x_wconf 88' lang='grc' dir='ltr'>ταύτην</span> <span class='ocrx_word' id='word_1_696' title='bbox 749 5015 822 5078; x_wconf 80' lang='grc' dir='ltr'>τῷ</span> <span class='ocrx_word' id='word_1_697' title='bbox 875 5006 1091 5081; x_wconf 82' lang='grc' dir='ltr'>βασιλεῖ</span> <span class='ocrx_word' id='word_1_698' title='bbox 1143 5012 1416 5061; x_wconf 85' lang='grc' dir='ltr'>Κὼσταντι</span> <span class='ocrx_word' id='word_1_699' title='bbox 1458 5005 1678 5061; x_wconf 82' lang='grc' dir='ltr'>δεδωκό-</span> 
     </span>
    </p>
   </div>
   <div class='ocr_carea' id='block_1_103' title="bbox 1848 5005 3443 5082">
    <p class='ocr_par' dir='ltr' id='par_1_103' title="bbox 1848 5007 3443 5081">
     <span class='ocr_line' id='line_1_103' title="bbox 1848 5007 3443 5081; baseline 0 -17"><span class='ocrx_word' id='word_1_700' title='bbox 1848 5009 2023 5081; x_wconf 84' lang='lat' dir='ltr'>uidqu</span> <span class='ocrx_word' id='word_1_701' title='bbox 2033 5024 2130 5064; x_wconf 90' lang='lat' dir='ltr'>am</span> <span class='ocrx_word' id='word_1_702' title='bbox 2150 5024 2358 5064; x_wconf 88' lang='lat' dir='ltr'>eorum</span> <span class='ocrx_word' id='word_1_703' title='bbox 2371 5024 2506 5081; x_wconf 81' lang='lat' dir='ltr'>quae</span> <span class='ocrx_word' id='word_1_704' title='bbox 2521 5007 3443 5081; x_wconf 85' lang='lat' dir='ltr'>volebantperfecissent,reversi</span> 
     </span>
    </p>
   </div>
   <div class='ocr_carea' id='block_1_104' title="bbox 84 5093 1679 5170">
    <p class='ocr_par' dir='ltr' id='par_1_104' title="bbox 84 5093 1679 5170">
     <span class='ocr_line' id='line_1_104' title="bbox 84 5093 1679 5170; baseline 0.003 -23"><span class='ocrx_word' id='word_1_705' title='bbox 84 5116 171 5163; x_wconf 78' lang='grc' dir='ltr'>τες,</span> <span class='ocrx_word' id='word_1_706' title='bbox 218 5102 317 5150; x_wconf 81' lang='grc' dir='ltr'>καὶ</span> <span class='ocrx_word' id='word_1_707' title='bbox 380 5100 506 5170; x_wconf 81' lang='grc' dir='ltr'>περὶ</span> <span class='ocrx_word' id='word_1_708' title='bbox 556 5095 624 5146; x_wconf 85' lang='grc' dir='ltr'>ὧν</span> <span class='ocrx_word' id='word_1_709' title='bbox 669 5094 937 5149; x_wconf 72' lang='grc' dir='ltr'>ἐϐούλοντο</span> <span class='ocrx_word' id='word_1_710' title='bbox 1001 5093 1168 5170; x_wconf 69' lang='grc' dir='ltr'>μηδὲν</span> <span class='ocrx_word' id='word_1_711' title='bbox 1219 5095 1518 5167; x_wconf 85' lang='grc' dir='ltr'>ἀνύσαντες,</span> <span class='ocrx_word' id='word_1_712' title='bbox 1567 5101 1679 5151; x_wconf 83' lang='grc' dir='ltr'>ὺπέ·</span> 
     </span>
    </p>
   </div>
   <div class='ocr_carea' id='block_1_105' title="bbox 1845 5093 3440 5170">
    <p class='ocr_par' dir='ltr' id='par_1_105' title="bbox 1845 5097 3440 5169">
     <span class='ocr_line' id='line_1_105' title="bbox 1845 5097 3440 5169; baseline -0.001 -16"><span class='ocrx_word' id='word_1_713' title='bbox 1845 5103 1935 5154; x_wconf 77' lang='lat' dir='ltr'>int</span> <span class='ocrx_word' id='word_1_714' title='bbox 1967 5097 2114 5154; x_wconf 89' lang='lat' dir='ltr'>nihil</span> <span class='ocrx_word' id='word_1_715' title='bbox 2135 5099 2383 5169; x_wconf 85' lang='lat' dir='ltr'>operati.</span> <span class='ocrx_word' id='word_1_716' title='bbox 2409 5099 2548 5155; x_wconf 86' lang='lat' dir='ltr'>Post</span> <span class='ocrx_word' id='word_1_717' title='bbox 2585 5103 2787 5155; x_wconf 90' lang='lat' dir='ltr'>autem</span> <span class='ocrx_word' id='word_1_718' title='bbox 2817 5103 2934 5155; x_wconf 92' lang='lat' dir='ltr'>tres</span> <span class='ocrx_word' id='word_1_719' title='bbox 2964 5097 3440 5168; x_wconf 83' lang='lat' dir='ltr'>annos,0rientis</span> 
     </span>
    </p>
   </div>
   <div class='ocr_carea' id='block_1_106' title="bbox 86 5183 1681 5261">
    <p class='ocr_par' dir='ltr' id='par_1_106' title="bbox 86 5183 1681 5261">
     <span class='ocr_line' id='line_1_106' title="bbox 86 5183 1681 5261; baseline 0.001 -23"><span class='ocrx_word' id='word_1_720' title='bbox 86 5187 308 5261; x_wconf 62' lang='grc' dir='ltr'>στρεψαν</span> <span class='ocrx_word' id='word_1_721' title='bbox 339 5186 622 5260; x_wconf 73' lang='grc' dir='ltr'>ἄπρακτοι.</span> <span class='ocrx_word' id='word_1_722' title='bbox 673 5189 818 5240; x_wconf 83' lang='grc' dir='ltr'>Μετά</span> <span class='ocrx_word' id='word_1_723' title='bbox 866 5183 925 5239; x_wconf 71' lang='grc' dir='ltr'>δὲ</span> <span class='ocrx_word' id='word_1_724' title='bbox 976 5193 1149 5259; x_wconf 83' lang='grc' dir='ltr'>τριετῆ</span> <span class='ocrx_word' id='word_1_725' title='bbox 1201 5190 1391 5260; x_wconf 88' lang='grc' dir='ltr'>χρόνον</span> <span class='ocrx_word' id='word_1_726' title='bbox 1440 5187 1612 5261; x_wconf 83' lang='grc' dir='ltr'>ἑτέραν</span> <span class='ocrx_word' id='word_1_727' title='bbox 1638 5189 1681 5240; x_wconf 79' lang='grc' dir='ltr'>οἱ</span> 
     </span>
    </p>
   </div>
   <div class='ocr_carea' id='block_1_107' title="bbox 1846 5183 3441 5261">
    <p class='ocr_par' dir='ltr' id='par_1_107' title="bbox 1846 5186 3441 5260">
     <span class='ocr_line' id='line_1_107' title="bbox 1846 5186 3441 5260; baseline -0.002 -17"><span class='ocrx_word' id='word_1_728' title='bbox 1846 5186 2066 5260; x_wconf 73' lang='lat' dir='ltr'>piscopi</span> <span class='ocrx_word' id='word_1_729' title='bbox 2104 5186 2351 5243; x_wconf 89' lang='lat' dir='ltr'>alteram</span> <span class='ocrx_word' id='word_1_730' title='bbox 2383 5192 2856 5260; x_wconf 89' lang='lat' dir='ltr'>composuerunt</span> <span class='ocrx_word' id='word_1_731' title='bbox 2888 5187 3072 5243; x_wconf 89' lang='lat' dir='ltr'>ﬁdem</span> <span class='ocrx_word' id='word_1_732' title='bbox 3116 5201 3302 5259; x_wconf 90' lang='lat' dir='ltr'>quam</span> <span class='ocrx_word' id='word_1_733' title='bbox 3345 5207 3441 5259; x_wconf 86' lang='grc' dir='ltr'>μα-</span> 
     </span>
    </p>
   </div>
   <div class='ocr_carea' id='block_1_108' title="bbox 85 5274 1680 5351">
    <p class='ocr_par' dir='ltr' id='par_1_108' title="bbox 85 5274 1680 5350">
     <span class='ocr_line' id='line_1_108' title="bbox 85 5274 1680 5350; baseline -0.001 -20"><span class='ocrx_word' id='word_1_734' title='bbox 85 5286 168 5338; x_wconf 69' lang='lat' dir='ltr'>TE;</span> <span class='ocrx_word' id='word_1_735' title='bbox 214 5276 324 5330; x_wconf 80' lang='grc' dir='ltr'>Ἐω</span> <span class='ocrx_word' id='word_1_736' title='bbox 374 5274 724 5338; x_wconf 84' lang='grc' dir='ltr'>συντάξαντες</span> <span class='ocrx_word' id='word_1_737' title='bbox 794 5278 996 5344; x_wconf 84' lang='grc' dir='ltr'>πίστιν,</span> <span class='ocrx_word' id='word_1_738' title='bbox 1053 5278 1112 5335; x_wconf 79' lang='grc' dir='ltr'>ἣν</span> <span class='ocrx_word' id='word_1_739' title='bbox 1179 5280 1272 5328; x_wconf 81' lang='grc' dir='ltr'>καὶ</span> <span class='ocrx_word' id='word_1_740' title='bbox 1321 5279 1680 5350; x_wconf 78' lang='grc' dir='ltr'>μακρόστιχον</span> 
     </span>
    </p>
   </div>
   <div class='ocr_carea' id='block_1_109' title="bbox 1848 5274 3443 5351">
    <p class='ocr_par' dir='ltr' id='par_1_109' title="bbox 1848 5277 3443 5350">
     <span class='ocr_line' id='line_1_109' title="bbox 1848 5277 3443 5350; baseline 0.003 -22"><span class='ocrx_word' id='word_1_741' title='bbox 1848 5283 2084 5348; x_wconf 68' lang='lat' dir='ltr'>nscme</span> <span class='ocrx_word' id='word_1_742' title='bbox 2116 5278 2313 5330; x_wconf 86' lang='grc' dir='ltr'>ἔκθεσιν</span> <span class='ocrx_word' id='word_1_743' title='bbox 2358 5277 2546 5348; x_wconf 90' lang='lat' dir='ltr'>(longi</span> <span class='ocrx_word' id='word_1_744' title='bbox 2575 5277 2804 5334; x_wconf 90' lang='lat' dir='ltr'>ordinis</span> <span class='ocrx_word' id='word_1_745' title='bbox 2833 5277 3296 5350; x_wconf 87' lang='lat' dir='ltr'>expositionem)</span> <span class='ocrx_word' id='word_1_746' title='bbox 3337 5293 3443 5334; x_wconf 92' lang='lat' dir='ltr'>no-</span> 
     </span>
    </p>
   </div>
   <div class='ocr_carea' id='block_1_110' title="bbox 87 5361 1682 5439">
    <p class='ocr_par' dir='ltr' id='par_1_110' title="bbox 87 5361 1682 5436">
     <span class='ocr_line' id='line_1_110' title="bbox 87 5361 1682 5436; baseline 0.001 -21"><span class='ocrx_word' id='word_1_747' title='bbox 87 5366 275 5418; x_wconf 67' lang='grc' dir='ltr'>ἔκθεσιν</span> <span class='ocrx_word' id='word_1_748' title='bbox 329 5365 632 5436; x_wconf 79' lang='grc' dir='ltr'>ὠνόμασαν,</span> <span class='ocrx_word' id='word_1_749' title='bbox 683 5362 916 5435; x_wconf 68' lang='grc' dir='ltr'>ἔπεμψαν</span> <span class='ocrx_word' id='word_1_750' title='bbox 959 5369 1068 5425; x_wconf 84' lang='grc' dir='ltr'>τοῖς</span> <span class='ocrx_word' id='word_1_751' title='bbox 1113 5361 1210 5415; x_wconf 86' lang='grc' dir='ltr'>ἀνά</span> <span class='ocrx_word' id='word_1_752' title='bbox 1255 5365 1349 5421; x_wconf 77' lang='grc' dir='ltr'>τήν</span> <span class='ocrx_word' id='word_1_753' title='bbox 1403 5367 1560 5416; x_wconf 88' lang='grc' dir='ltr'>Δύσιν</span> <span class='ocrx_word' id='word_1_754' title='bbox 1610 5361 1682 5417; x_wconf 83' lang='grc' dir='ltr'>δι’</span> 
     </span>
    </p>
   </div>
   <div class='ocr_carea' id='block_1_111' title="bbox 1848 5361 3443 5439">
    <p class='ocr_par' dir='ltr' id='par_1_111' title="bbox 1848 5367 3443 5439">
     <span class='ocr_line' id='line_1_111' title="bbox 1848 5367 3443 5439; baseline 0.001 -17"><span class='ocrx_word' id='word_1_755' title='bbox 1848 5368 2124 5433; x_wconf 73' lang='grc' dir='ltr'>ιὶηεινοτε,</span> <span class='ocrx_word' id='word_1_756' title='bbox 2152 5381 2409 5439; x_wconf 88' lang='lat' dir='ltr'>eamque</span> <span class='ocrx_word' id='word_1_757' title='bbox 2428 5367 2504 5422; x_wconf 88' lang='lat' dir='ltr'>ad</span> <span class='ocrx_word' id='word_1_758' title='bbox 2529 5367 2864 5423; x_wconf 90' lang='lat' dir='ltr'>Occidentis</span> <span class='ocrx_word' id='word_1_759' title='bbox 2888 5367 3210 5438; x_wconf 89' lang='lat' dir='ltr'>episcopos</span> <span class='ocrx_word' id='word_1_760' title='bbox 3229 5367 3443 5423; x_wconf 89' lang='lat' dir='ltr'>misere</span> 
     </span>
    </p>
   </div>
   <div class='ocr_carea' id='block_1_112' title="bbox 87 5449 1682 5529">
    <p class='ocr_par' dir='ltr' id='par_1_112' title="bbox 87 5449 1682 5527">
     <span class='ocr_line' id='line_1_112' title="bbox 87 5449 1682 5527; baseline -0.001 -20"><span class='ocrx_word' id='word_1_761' title='bbox 87 5451 333 5518; x_wconf 76' lang='grc' dir='ltr'>Εύδοξίου</span> <span class='ocrx_word' id='word_1_762' title='bbox 397 5461 495 5507; x_wconf 77' lang='grc' dir='ltr'>τοῦ</span> <span class='ocrx_word' id='word_1_763' title='bbox 584 5458 952 5527; x_wconf 87' lang='grc' dir='ltr'>Γερμανικείας</span> <span class='ocrx_word' id='word_1_764' title='bbox 1022 5458 1112 5506; x_wconf 86' lang='grc' dir='ltr'>καὶ</span> <span class='ocrx_word' id='word_1_765' title='bbox 1189 5449 1518 5508; x_wconf 88' lang='grc' dir='ltr'>Μακεδονίου</span> <span class='ocrx_word' id='word_1_766' title='bbox 1592 5461 1682 5508; x_wconf 79' lang='grc' dir='ltr'>τοῦ</span> 
     </span>
    </p>
   </div>
   <div class='ocr_carea' id='block_1_113' title="bbox 1851 5449 3446 5529">
    <p class='ocr_par' dir='ltr' id='par_1_113' title="bbox 1851 5455 3446 5529">
     <span class='ocr_line' id='line_1_113' title="bbox 1851 5455 3446 5529; baseline 0 -17"><span class='ocrx_word' id='word_1_767' title='bbox 1851 5471 1904 5512; x_wconf 86' lang='lat' dir='ltr'>er</span> <span class='ocrx_word' id='word_1_768' title='bbox 1932 5455 2269 5511; x_wconf 88' lang='lat' dir='ltr'>Eudoxium</span> <span class='ocrx_word' id='word_1_769' title='bbox 2301 5456 2687 5512; x_wconf 74' lang='lat' dir='ltr'>Germaniciae</span> <span class='ocrx_word' id='word_1_770' title='bbox 2740 5462 2795 5511; x_wconf 90' lang='lat' dir='ltr'>et</span> <span class='ocrx_word' id='word_1_771' title='bbox 2837 5457 3249 5514; x_wconf 87' lang='lat' dir='ltr'>Macedonium</span> <span class='ocrx_word' id='word_1_772' title='bbox 3290 5459 3446 5529; x_wconf 89' lang='lat' dir='ltr'>Mop-</span> 
     </span>
    </p>
   </div>
   <div class='ocr_carea' id='block_1_114' title="bbox 88 5542 1683 5618">
    <p class='ocr_par' dir='ltr' id='par_1_114' title="bbox 88 5542 1683 5617">
     <span class='ocr_line' id='line_1_114' title="bbox 88 5542 1683 5617; baseline -0.001 -20"><span class='ocrx_word' id='word_1_773' title='bbox 88 5544 467 5615; x_wconf 59' lang='grc' dir='ltr'>Ηορᾷουεστίας,</span> <span class='ocrx_word' id='word_1_774' title='bbox 514 5542 568 5596; x_wconf 88' lang='grc' dir='ltr'>ἐν</span> <span class='ocrx_word' id='word_1_775' title='bbox 623 5544 655 5617; x_wconf 72' lang='grc' dir='ltr'><strong>ᾖ</strong></span> <span class='ocrx_word' id='word_1_776' title='bbox 723 5547 931 5616; x_wconf 78' lang='grc' dir='ltr'>μνήμην</span> <span class='ocrx_word' id='word_1_777' title='bbox 987 5546 1076 5616; x_wconf 73' lang='grc' dir='ltr'>μεν</span> <span class='ocrx_word' id='word_1_778' title='bbox 1135 5544 1319 5604; x_wconf 78' lang='grc' dir='ltr'>οὐσίας</span> <span class='ocrx_word' id='word_1_779' title='bbox 1366 5544 1460 5596; x_wconf 85' lang='grc' dir='ltr'>ούκ</span> <span class='ocrx_word' id='word_1_780' title='bbox 1506 5543 1683 5604; x_wconf 82' lang='grc' dir='ltr'>ἐποιή-</span> 
     </span>
    </p>
   </div>
   <div class='ocr_carea' id='block_1_115' title="bbox 1850 5542 3445 5618">
    <p class='ocr_par' dir='ltr' id='par_1_115' title="bbox 1850 5545 3445 5618">
     <span class='ocr_line' id='line_1_115' title="bbox 1850 5545 3445 5618; baseline 0.001 -17"><span class='ocrx_word' id='word_1_781' title='bbox 1850 5545 2052 5610; x_wconf 71' lang='grc' dir='ltr'>ιεειὶεες</span> <span class='ocrx_word' id='word_1_782' title='bbox 2068 5546 2128 5601; x_wconf 89' lang='lat' dir='ltr'>in</span> <span class='ocrx_word' id='word_1_783' title='bbox 2147 5561 2268 5618; x_wconf 91' lang='lat' dir='ltr'>qua</span> <span class='ocrx_word' id='word_1_784' title='bbox 2287 5546 2531 5618; x_wconf 88' lang='lat' dir='ltr'>quidem</span> <span class='ocrx_word' id='word_1_785' title='bbox 2547 5546 2776 5602; x_wconf 90' lang='lat' dir='ltr'>nullam</span> <span class='ocrx_word' id='word_1_786' title='bbox 2793 5545 2868 5601; x_wconf 92' lang='lat' dir='ltr'>de</span> <span class='ocrx_word' id='word_1_787' title='bbox 2882 5546 2982 5602; x_wconf 89' lang='lat' dir='ltr'>Dei</span> <span class='ocrx_word' id='word_1_788' title='bbox 2999 5547 3260 5604; x_wconf 88' lang='lat' dir='ltr'>essentia</span> <span class='ocrx_word' id='word_1_789' title='bbox 3274 5561 3445 5603; x_wconf 89' lang='lat' dir='ltr'>men-</span> 
     </span>
    </p>
   </div>
   <div class='ocr_carea' id='block_1_116' title="bbox 91 5629 1686 5708">
    <p class='ocr_par' dir='ltr' id='par_1_116' title="bbox 91 5629 1686 5708">
     <span class='ocr_line' id='line_1_116' title="bbox 91 5629 1686 5708; baseline 0.002 -24"><span class='ocrx_word' id='word_1_790' title='bbox 91 5653 230 5688; x_wconf 75' lang='grc' dir='ltr'>σαντο</span> <span class='ocrx_word' id='word_1_791' title='bbox 267 5643 424 5708; x_wconf 77' lang='grc' dir='ltr'>Θεοῦ,</span> <span class='ocrx_word' id='word_1_792' title='bbox 476 5632 821 5707; x_wconf 81' lang='grc' dir='ltr'>ἀπεκήρυξαν</span> <span class='ocrx_word' id='word_1_793' title='bbox 871 5629 928 5686; x_wconf 78' lang='grc' dir='ltr'>δε</span> <span class='ocrx_word' id='word_1_794' title='bbox 979 5636 1099 5696; x_wconf 86' lang='grc' dir='ltr'>τοὺς</span> <span class='ocrx_word' id='word_1_795' title='bbox 1151 5631 1203 5699; x_wconf 84' lang='grc' dir='ltr'>ἐξ</span> <span class='ocrx_word' id='word_1_796' title='bbox 1251 5633 1347 5686; x_wconf 81' lang='grc' dir='ltr'>ούκ</span> <span class='ocrx_word' id='word_1_797' title='bbox 1405 5638 1564 5687; x_wconf 79' lang='grc' dir='ltr'>ὄντων</span> <span class='ocrx_word' id='word_1_798' title='bbox 1603 5634 1686 5687; x_wconf 89' lang='grc' dir='ltr'>λέ-</span> 
     </span>
    </p>
   </div>
   <div class='ocr_carea' id='block_1_117' title="bbox 1850 5629 3445 5708">
    <p class='ocr_par' dir='ltr' id='par_1_117' title="bbox 1850 5635 3445 5703">
     <span class='ocr_line' id='line_1_117' title="bbox 1850 5635 3445 5703; baseline 0 -11"><span class='ocrx_word' id='word_1_799' title='bbox 1850 5651 2027 5692; x_wconf 91' lang='lat' dir='ltr'>onem</span> <span class='ocrx_word' id='word_1_800' title='bbox 2058 5635 2379 5703; x_wconf 84' lang='lat' dir='ltr'>faciebant,</span> <span class='ocrx_word' id='word_1_801' title='bbox 2425 5635 3036 5694; x_wconf 86' lang='lat' dir='ltr'>excommunicabant</span> <span class='ocrx_word' id='word_1_802' title='bbox 3079 5643 3284 5694; x_wconf 86' lang='lat' dir='ltr'>autem</span> <span class='ocrx_word' id='word_1_803' title='bbox 3340 5652 3445 5694; x_wconf 91' lang='lat' dir='ltr'>eos</span> 
     </span>
    </p>
   </div>
  </div>
