4040 6318
606 322 678 384 19
1961 315 2242 377 ΝΙΟΕΤΔΕ

2376 314 2617 378 ΟΝΙΤᾹΞ
3922 328 4003 387 20

610 451 719 526 qui
747 449 1032 509 dicebant
1050 449 1260 507 Filium
1306 449 1408 506 Dei
1443 465 1578 506 esse
1609 448 1684 507 de
1722 447 1935 515 nihilo,
1975 462 2047 504 ac
2086 444 2260 501 fuisse

2378 464 2570 516 γοντας
2619 449 2710 500 τὸν
2765 448 2881 502 Υίὸν
2920 454 3014 503 τοῦ
3052 451 3200 517 θεοῦ,
3232 448 3325 501 καὶ
3356 449 3437 502 ὅτι
3484 449 3547 508 ἧν
3591 451 3676 505 ὅτε
3700 452 3793 505 οὐκ
3853 450 3926 512 ἧν
3986 475 3998 487 ·

612 548 855 616 tempus
875 541 1126 615 quando
1149 556 1272 598 non
1290 543 1448 610 erat;
1475 544 1766 614 praeterea
1791 544 1848 597 et
1871 537 2260 603 Sabellianos,

2378 537 2507 608 πρὸς
2539 532 2598 589 δὲ
2623 542 2714 590 καὶ
2751 542 2874 600 τοὺς
2916 536 3304 607 Σαϐελλιανοὺς,
3355 538 3440 601 οὓς
3484 538 3803 614 ὀνομάζουσι
3853 543 4002 597 Ῥω-

615 648 772 707 quos
831 632 1155 690 nominant
1208 630 1463 687 Romani
1520 629 2022 704 Patropassimos,
2063 628 2260 699 utpote

2378 630 2526 698 μαῖοι
2571 633 3067 702 πατροπασσίμους,
3130 630 3198 690 ὡς
3254 629 3343 680 τόν
3395 633 3600 702 Πατέρα
3652 636 4005 705 συγχέοντας

616 726 857 780 Patrem
881 737 1015 778 cum
1050 720 1190 777 Filio
1217 724 1275 776 et
1312 719 1534 793 Spiritu
1564 726 1774 777 sancto
1809 716 2260 783 confundentes,

2379 715 2448 775 εἰς
2484 718 2605 770 Υἰόν
2644 721 2732 770 καὶ
2774 719 2834 770 τὸ
2872 724 3099 792 Πνεῦμα,
3133 722 3224 770 καὶ
3265 720 3386 771 ποτε
3427 722 3517 792 μέν
3561 720 3717 773 αὐτὸν
3748 727 3997 798 Πατέρα,

619 816 677 870 et
703 827 866 868 nunc
887 810 1132 884 quidem
1163 825 1303 865 eum
1333 812 1582 883 Patrem,
1625 825 1790 867 nunc
1824 809 2058 880 Filium,
2108 820 2260 863 nunc

2380 807 2504 858 ποτε
2550 802 2610 859 δὲ
2634 807 2773 875 Υἱόν,
2815 811 2940 862 ποτε
2971 805 3031 861 δὲ
3089 814 3300 880 Πνεῦμα
3353 808 3741 882 όνομαζοντας·
3782 815 3844 865 τὸ
3879 816 3997 886 γὰρ

622 901 904 974 Spiritum
938 903 1216 955 sanctum
1246 899 1645 972 appellantes.
1678 899 2018 956 Promiscue
2039 895 2200 953 enim
2216 900 2260 951 et

2378 892 2561 967 χύδην
2607 900 2716 949 xui.
2752 894 3077 973 ἀδιακρίτως
3123 899 3394 971 πάσσιμον
3445 900 3476 957 ἡ
3522 905 3781 973 Ῥωμαῖκή
3840 901 3998 974 λέγει

618 990 938 1047 indiscrete
977 991 1249 1045 Romana
1302 988 1511 1059 lingua
1559 989 1777 1046 dicitur
1817 987 2066 1061 passim.
2124 989 2260 1044 Cum

2381 990 2542 1056 φωνή.
2602 988 2807 1045 Ταύτην
2866 984 2927 1040 δὲ
2991 992 3086 1046 τήν
3143 992 3325 1040 πίστιν
3389 991 3463 1060 μή
3540 986 3996 1065 παραδεξαμένων

618 1083 822 1136 autem
868 1078 1027 1135 hanc
1089 1077 1295 1133 ﬁdem
1342 1093 1467 1133 non
1544 1078 1916 1153 recepissent
1991 1076 2260 1134 Occiden-

2380 1082 2480 1127 τῶν
2536 1080 2785 1142 Δυτικῶν,
2832 1075 2939 1129 ἀλλ’
2987 1075 3231 1130 εέπόντων
3280 1075 3555 1152 ἀρκεῖσθαι
3611 1086 3720 1141 τοῖς
3777 1083 3826 1132 ἓν
3889 1087 3998 1135 Νι-

616 1168 787 1241 tales,
815 1167 920 1224 sed
952 1167 1218 1223 dicerent
1247 1166 1360 1223 sibi
1391 1165 1665 1224 sufﬁcere
1696 1168 1937 1224 Nicaena
1961 1167 2260 1237 dogmatal

2381 1169 2510 1237 καία
2557 1161 2798 1232 δόξασιν,
2848 1166 3043 1241 ἔγραψε
3091 1168 3220 1241 πρός
3265 1169 3353 1220 τὸν
3402 1164 3621 1241 ἀδελφὸν
3669 1170 3696 1220 ὁ
3736 1175 3999 1232 Κώνστας

620 1256 956 1330 scripsitad
992 1256 1240 1312 fratrem
1272 1259 1567 1314 Constans
1598 1258 1711 1314 sibi
1735 1259 1967 1330 justum
1994 1256 2179 1313 videri
2212 1264 2260 1310 ut

2384 1252 2537 1317 ἀξιῶν
2584 1253 2912 1317 ἀποδοθῆναι
2947 1262 3052 1318 τοῖς
3098 1260 3218 1331 περὶ
3247 1256 3559 1312 Ἀθανάσιον
3597 1262 3720 1322 τοὺς
3754 1259 4001 1323 οἰκείους

617 1346 930 1406 Athanasii
972 1345 1311 1403 fautoribus
1358 1348 1645 1420 propriae"?
1671 1348 1845 1405 sedes
1892 1346 2275 1405 restitueren-
2384 1345 2612 1419 θρόνους.

618 1440 741 1498 tur.

694 1530 784 1584 13.
853 1525 1153 1592 Quoniam
1206 1528 1411 1582 autem
1466 1525 1615 1582 nihil
1666 1526 1999 1599 perfectum
2055 1526 2269 1596 fuerat,

621 1616 862 1674 duobus
894 1615 1364 1689 imperatoribus
1381 1615 1607 1689 placuit
1622 1616 1945 1673 concilium
1960 1616 2260 1674 Sardicam

2381 1608 2479 1665 δύο
2538 1611 2795 1686 βασιλέων
2836 1613 3184 1688 ἀθροισθῆναι
3242 1611 3464 1668 σύνοδον
3515 1619 3562 1669 ἐν
3620 1613 3857 1691 Σαρδικῆ
3924 1626 3994 1691 τῇ

620 1706 1040 1765 convocari.Et
1069 1710 1483 1763 convenerunt
1521 1722 1594 1763 ex
1633 1706 2003 1763 Theodoreto
2028 1705 2260 1763 ducenti

2378 1701 2561 1755 πόλει’
2603 1708 2693 1756 καὶ
2740 1705 3105 1778 ἡθροίσθησαν
3152 1707 3290 1758 κατὰ
3344 1707 3434 1779 μὲν
3485 1703 3822 1782 Θεοδώρητον
3868 1727 3997 1760 πεν-

618 1801 678 1854 et
728 1796 1172 1871 quinquaginta
1219 1796 1520 1870 episcopi;
1566 1811 1641 1853 ex
1685 1799 1925 1855 Socrate
1974 1801 2175 1853 autem
2215 1801 2260 1852 e1

2379 1797 2606 1851 τήκοντα
2627 1798 2717 1847 καὶ
2761 1790 3030 1847 διακόσιοι
3073 1794 3373 1862 ἐπίσκοποι,
3405 1798 3540 1848 κατὰ
3597 1793 3658 1849 δὲ
3698 1798 3995 1873 Σωκράτην

621 1888 974 1956 Sozomeno,
1028 1901 1100 1942 ex
1157 1884 1632 1942 occidentalibus
1681 1885 1956 1959 partibus
1994 1884 2115 1941 fere
2154 1888 2260 1941 tre-

2377 1886 2467 1934 xui.
2524 1883 2814 1956 Σωξόμενον
2867 1882 2922 1935 ἐκ
2971 1886 3061 1956 μὲν
3131 1892 3230 1936 τῶν
3296 1884 3545 1959 ἐσπερίων
3616 1894 3782 1960 μερῶν
3859 1891 3995 1962 περὶ

617 1975 793 2046 centi,
837 1992 907 2030 ex
938 1973 1331 2031 orientalibus
1362 1978 1565 2030 autem
1598 1991 1703 2031 sex
1746 1978 1803 2031 et
1840 1975 2225 2048 septuaginta
2253 1993 2260 2044 ;

2376 1974 2498 2034 τοὺς
2546 1976 2901 2047 τριακοσίους,
2938 1971 2992 2030 ἐκ
3055 1969 3115 2026 δὲ
3170 1981 3270 2026 τῶν
3315 1974 3449 2044 ἑῴων
3497 1974 3551 2037 ἒξ
3605 1978 3691 2027 καὶ
3747 1972 3994 2048 ἐϐδομή-

616 2081 880 2137 quorum
935 2065 997 2120 in
1030 2079 1286 2120 numero
1316 2068 1488 2120 erant
1523 2064 1804 2132 Sabinus,
1861 2063 2154 2120 Heracleae
2207 2064 2260 2120 in

2376 2079 2565 2114 κοντα·
2615 2059 2694 2125 οἷς
2739 2064 3108 2136 συνηριθμεῖτο
3145 2069 3235 2116 και
3270 2063 3481 2126 Σαϐῖνος
3510 2065 3535 2117 ὁ
3573 2072 3672 2117 τῶν
3720 2064 3771 2117 ἓν
3811 2064 3993 2141 Ἡρα-

614 2154 862 2211 Thracia
909 2153 1481 2210 Macedonianorum
1520 2154 1865 2226 episcopus,
1903 2158 1962 2210 et
1996 2154 2260 2226 Ischyras

2376 2150 2521 2225 κλείᾳ
2580 2160 2677 2214 τῆς
2750 2155 2967 2226 Θρᾴκης
3031 2149 3430 2207 Μακεδονιανῶν
3508 2153 3808 2224 ἐπίσκοπος,

612 2245 719 2316 qui
730 2245 1024 2302 Mareotiae
1038 2244 1460 2316 episcopatum
1486 2243 1565 2300 ab
1585 2244 1897 2300 Athanasii
1912 2244 2260 2300 adversariis

2380 2241 2635 2314 Ἰσχύρας
2688 2241 2984 2317 ἐπιτραπεὶς
3041 2248 3136 2301 τὴν
3191 2250 3284 2295 τοῦ
3336 2249 3622 2316 Μαρεώτου
3682 2242 3991 2304 ἐπισκοπὴν

614 2332 1365 2405 acceperat.Occidentales
1382 2332 1629 2405 quidem
1647 2333 1954 2390 Sardicam
1977 2349 2269 2390 convene-

613 2424 774 2493 runt,
799 2421 1117 2478 orientales
1150 2436 1315 2487 vero,
1350 2437 1489 2477 cum
1546 2421 2008 2495 Philippopolim
2065 2437 2269 2495 perve-

613 2514 866 2576 nissent,
894 2510 966 2566 iis
993 2516 1208 2567 notum
1252 2510 1523 2568 fecerunt
1571 2526 1633 2567 se
1662 2527 1802 2567 cum
1853 2511 1926 2567 iis
1970 2527 2092 2569 non
2117 2510 2267 2568 velle

615 2599 908 2673 colloqui,
937 2599 1052 2656 nisi
1082 2616 1119 2656 a
1149 2600 1421 2657 sessione
1458 2604 1516 2657 et
1557 2600 1989 2657 communione
2028 2601 2267 2673 expule-

608 2689 730 2746 rint
757 2687 1067 2745 Athanasii
1092 2687 1358 2745 fautores
1389 2692 1454 2745 ut
1479 2688 1807 2761 depositas.
1830 2689 1946 2745 illis
1971 2694 2174 2746 autem
2204 2689 2267 2745 id

608 2794 734 2835 non
765 2777 1120 2849 ferentibus,
1153 2777 1193 2833 ii
1219 2777 1540 2835 concilium
1570 2778 1840 2835 habuere
1868 2779 1930 2835 in
1954 2779 2089 2853 ipsa
2115 2778 2265 2836 urbe

608 2866 1035 2940 Philippopoli,
1087 2870 1144 2924 et
1188 2866 1618 2941 deposuerunt,
1649 2883 1761 2941 pro
1803 2867 1993 2935 libito,
2040 2868 2265 2926 Julium

607 2959 971 3023 Romanum,
995 2972 1067 3013 eo
1087 2956 1256 3029 quod
1279 2957 1512 3029 primus
1542 2974 1682 3013 cum
1702 2958 2028 3016 Athanasio
2059 2962 2115 3014 et
2135 2959 2260 3031 ejus

2377 2976 2471 3008 σαν
2503 2956 2743 3018 ἀλλήλοις
2789 2957 2836 3010 ἑν
2866 2957 2997 3032 αὕτη
3057 2965 3120 3031 τῇ
3170 2957 3597 3026 Φιλιππουπόλει,
3656 2963 3745 3012 καὶ
3799 2963 3990 3014 καθεῖ-

605 3045 946 3103 fautoribus
976 3046 1504 3117 communicasset,
1536 3047 1783 3103 Hosium
1811 3047 2260 3104 Cordubensem

2376 3045 2477 3114 λον,
2550 3049 2615 3108 ὡς
2694 3045 2959 3120 ἐνόμισαν,
3038 3046 3251 3101 Ἰούλιον
3307 3050 3397 3120 μὲν
3462 3056 3557 3111 τῆς
3614 3048 3833 3122 Ῥώμης,
3914 3053 3987 3113 ὡς

607 3140 853 3211 propter
883 3136 1165 3193 eamdem
1191 3152 1469 3205 causam,
1501 3140 1560 3192 et
1603 3137 1746 3209 quia
1793 3138 2026 3194 amicus
2071 3137 2260 3195 fuerat

2376 3133 2603 3208 εἵρξαντα
2645 3143 2741 3198 τῆς
2792 3138 2920 3209 πρὸς
2973 3135 3285 3190 Ἀθανάσιον
3331 3141 3422 3189 καὶ
3467 3140 3592 3199 τοὺς
3642 3135 3765 3209 ἀμφ’
3817 3137 3986 3191 αὐτόν

609 3226 841 3284 Paulini
883 3230 940 3282 et
962 3225 1255 3282 Eustathii
1287 3226 1393 3298 qui
1419 3226 1796 3283 Antiochiam
1819 3230 2117 3297 rexerant,
2150 3230 2260 3285 Ma-

2376 3230 2657 3297 κοινωνίας,
2688 3224 2873 3279 Ὃσιον
2919 3220 2979 3278 δὲ
3024 3229 3111 3278 τὸν
3171 3222 3478 3300 Κορδούϐης
3526 3223 3619 3279 διά
3663 3246 3715 3279 τε
3752 3230 3842 3286 τήν
3889 3229 3987 3281 αύ-

605 3315 907 3372 ximinum
949 3315 1379 3386 Trevirensem,
1438 3320 1645 3388 utpote
1691 3317 1797 3389 qui
1844 3318 2080 3390 primus
2123 3333 2260 3374 cum

2376 3318 2466 3373 τὴν
2498 3314 2690 3383 αἰτίαν,
2732 3320 2822 3368 καὶ
2873 3317 2955 3368 ὅτι
3004 3314 3148 3389 φίλος
3202 3314 3397 3388 ἐγένετο
3442 3315 3693 3387 Παυλίνῳ
3726 3320 3818 3368 καὶ
3869 3317 3986 3370 Et}-

608 3403 791 3461 Paulo
841 3403 1366 3470 communicasset,
1419 3406 1809 3475 Protogenem
1870 3406 2127 3463 Sardicae
2192 3421 2264 3463 eo

608 3490 776 3565 quod
807 3490 1147 3550 Marcellum
1179 3491 1527 3548 defenderet
1562 3509 1747 3565 quem
1777 3494 1944 3568 prius
1975 3494 2264 3551 condem-

608 3584 880 3647 naverat,
913 3579 1316 3636 Gaudentium
1350 3584 1418 3637 ut
1446 3580 1614 3638 aliter
1644 3587 1924 3654 agentem
1969 3599 2038 3640 ac
2070 3584 2265 3656 Cyria-

612 3686 718 3725 cus
748 3669 846 3726 cui
871 3672 1264 3741 successerat,
1297 3674 1355 3728 et
1400 3673 1465 3727 ut
1506 3670 1749 3744 plurimi
1796 3672 2116 3729 facientem
2163 3688 2265 3730 eos

612 3774 769 3833 quos
796 3759 1221 3834 deposuerant.

2454 1522 2545 1596 ιγ’.
2573 1522 2657 1584 Ὠς
2701 1521 2762 1577 δὲ
2806 1520 2959 1579 οὐδὲν
3010 1524 3191 1584 ῆνύετο
3232 1524 3401 1594 πλέον,
3457 1522 3606 1591 ἔδοξε
3659 1529 3839 1601 γνωμῃ
3885 1535 3999 1581 τῶν

3893 2161 3994 2209 καὶ

2377 2333 2521 2405 παρὰ
2566 2338 2664 2382 τῶν
2738 2329 3170 2404 ἀπεχθανομένων
3233 2340 3307 2402 τῷ
3377 2333 3694 2404 Ἀθανασίῳ.
3766 2339 3873 2387 Καὶ
3940 2337 3993 2387 οξ

2376 2422 2467 2492 μὲν
2498 2424 2707 2472 Δυτικοὶ
2744 2421 2860 2472 κατ’
2906 2420 3068 2480 αὐτὴν
3124 2425 3218 2479 τὴν
3263 2418 3527 2497 Σαρδίκην
3577 2421 3870 2481 συνῆλθον⁶
3940 2426 3992 2477 οὶ

2379 2505 2438 2562 δὲ
2509 2508 2848 2582 Ἀνατολικοὶ,
2917 2510 3294 2574 καταλαϐόντες
3367 2516 3462 2570 τήν
3541 2511 3987 2584 Φιλιππούπολιν,

2376 2594 2648 2677 ἐδήλωσαν
2712 2599 2893 2663 αὐτοῖς
2944 2603 3013 2663 ὡς
3069 2599 3164 2652 οὐκ
3227 2599 3389 2662 ἄλλως
3446 2601 3519 2662 εἰς
3576 2600 3759 2674 λόγους
3815 2602 3990 2655 ἐλθεῖν

2376 2688 2554 2750 αύτοῖς
2605 2687 2887 2757 ἐθέλουσιν,
2953 2689 2996 2742 εἰ
3043 2694 3115 2762 μὴ
3165 2693 3280 2751 τοὺς
3338 2695 3458 2764 περὶ
3488 2690 3800 2744 Ἀθανάσιον
3859 2690 3993 2745 ἀπε-

2373 2776 2600 2831 λάσουσι
2645 2786 2738 2830 τοῦ
2784 2774 3058 2853 συνεδρίου
3101 2782 3191 2832 καὶ
3250 2788 3346 2840 τῆς
3391 2784 3656 2841 κοινωνίας
3693 2782 3762 2841 ὡς
3812 2783 3991 2840 καθη-

2372 2872 2646 2940 ρημένονς.
2694 2874 2807 2920 Τῶν
2839 2864 2899 2922 δὲ
2928 2872 3000 2941 μὴ
3053 2867 3398 2942 ἀνεχομένων,
3442 2872 3624 2923 ἐκεῖνοι
3674 2867 3988 2944 συνήδρευ-

2376 3407 2574 3477 σταθίῳ
2625 3414 2735 3469 τοῖς
2792 3407 3148 3479 ἡγησαμένοις
3193 3414 3289 3469 τῆς
3340 3406 3688 3479 Ἀντιοχείας,
3742 3406 3989 3481 Μαξιριῖ-

2370 3514 2454 3547 νον
2515 3492 2574 3548 δὲ
2620 3495 2902 3570 Τριϐέρεως
2960 3498 3027 3557 ὡς
3073 3505 3276 3571 πρῶτον
3324 3495 3511 3568 Παύλῳ
3557 3500 3985 3565 κοινωνήσαντα,

2374 3589 2710 3658 Πρωτογένην
2787 3582 2848 3638 δὲ
2911 3593 3008 3647 τῆς
3079 3582 3347 3660 Σαρδικῆς
3416 3588 3486 3647 ὡς
3560 3585 3990 3660 ὑπερμαχοῦντα

2370 3673 2673 3747 Μαρκέλλου
2728 3681 2819 3727 τοῦ
2885 3678 3135 3749 πρότερον
3200 3674 3286 3727 ὑπ⁸
3333 3675 3493 3727 αὐτοῦ
3538 3673 3985 3746 καταψηφισθέν-

2372 3782 2479 3834 τος,
2540 3761 2848 3818 Γαυδέντιον
2898 3761 2958 3818 δὲ
3013 3768 3082 3827 ὡς
3133 3767 3412 3819 ὑπεναντία
3455 3762 3829 3826 σπουδάζοντα
3874 3773 3985 3821 Κυ-

2371 3862 2540 3927 ριακῷ
2591 3856 2645 3907 ὄν
2698 3852 2988 3923 διεδέξατο,
3039 3860 3128 3909 καὶ
3183 3859 3303 3920 τοὺς
3350 3855 3474 3932 παρ’
3523 3856 3693 3909 αὐτῶν
3734 3857 3987 3930 καθῃρη-

2373 3947 2554 4016 μένους
2580 3947 2698 4017 περὶ
2726 3944 2913 3997 πολλοῦ
2942 3947 3265 4019 ποιούμενον.

2449 4030 2541 4090 ιδ’.
2573 4036 2636 4087 Οἱ
2668 4030 2731 4087 δέ
2752 4055 2811 4107 γε
2850 4033 2982 4108 ἀμφὶ
3024 4039 3110 4088 τόν
3147 4034 3351 4105 Ὃσιον,
3399 4034 3739 4104 συνελθόντες,
3770 4034 3985 4098 ἀθώους

2374 4121 2636 4197 ἀπέφηναν
2703 4124 3011 4178 Ἀθανάσιον
3084 4128 3174 4198 μὲν
3246 4129 3316 4188 ὠς
3389 4122 3589 4187 ἀδίκως
3672 4123 3981 4180 ἐπιϐουλευ-

2377 4214 2526 4265 θέντα
2581 4215 2726 4287 παρὰ
2781 4223 2880 4267 τῶν
2940 4215 2987 4267 ἐν
3041 4216 3197 4289 Τύρῴ
3255 4214 3619 4281 συνελθόντων,
3673 4214 3984 4289 Μάρκελλον

686 4029 775 4086 14.
801 4026 960 4086 Hosii
979 4029 1183 4086 autem
1199 4025 1467 4086 fautores
1485 4031 1813 4104 postquam
1836 4033 2266 4099 convenerant,

612 4118 962 4176 innocentes
988 4117 1453 4176 declaraverunt
1494 4119 1888 4176 Athanasium
1925 4120 2171 4194 quidem
2203 4123 2268 4176 ut

612 4207 832 4279 injuste
865 4207 944 4262 ab
972 4207 1044 4262 iis
1072 4208 1178 4281 qui
1197 4210 1418 4280 Tyrum
1443 4210 1751 4280 congressi
1777 4213 2261 4281 erantvexatum,

613 4297 958 4354 Marcellum
980 4313 1124 4354 vero
1154 4301 1219 4354 ut
1248 4299 1497 4356 minime
1518 4304 1883 4357 annuentem
1910 4316 1973 4357 se
2004 4301 2260 4370 cogitare

2376 4297 2434 4354 δὲ
2496 4300 2582 4355 οἶα
2636 4308 2707 4376 μή
2777 4303 2911 4356 οὕτω
2964 4303 3179 4377 λέγοντα
3227 4312 3425 4380 φρονεῖν
3491 4306 3560 4367 ὡς
3610 4299 3915 4358 διεϐάλλετο
3965 4322 3982 4336 '

614 4403 751 4460 quae
763 4387 918 4443 falso
932 4387 1685 4458 arguebantur.Manifestae
1704 4391 1861 4447 enim
1875 4390 2260 4463 erant,inquit

2376 4390 2611 4467 ἐφωράθη
2651 4394 2776 4467 γὰρ,
2836 4395 3064 4466 φησὶνό
3127 4390 3493 4467 Θεοδώρητος,
3557 4402 3653 4444 τῶν
3708 4399 3827 4467 περὶ
3888 4398 3983 4449 τὸν

611 4476 1041 4543 Theodoretus,
1097 4477 1272 4534 malae
1330 4478 1806 4536 Eusebianorum
1872 4484 2053 4536 artes.
2119 4481 2260 4546 Quae

2376 4479 2674 4541 Εὐσέϐιονή
2735 4487 3055 4556 κακοτεχνία
3087 4500 3101 4513 ·
3151 4482 3228 4535 ὃτι
3288 4483 3323 4535 ἂ
3373 4483 3543 4544 ζητῶν
3592 4487 3617 4534 ὁ
3673 4482 3986 4556 Μάρκελλος

612 4566 797 4622 emim
827 4565 1134 4623 Marcellus
1160 4572 1228 4623 ut
1254 4568 1507 4640 quaesita
1537 4569 1787 4637 dixerat,
1821 4585 1891 4626 ea
1920 4574 1986 4626 ut
2012 4568 2090 4626 ab
2131 4570 2260 4640 ipso

2376 4572 2566 4646 εἴρηκε,
2662 4580 2829 4626 ταῦτα
2929 4576 2993 4635 ὡς
3089 4573 3462 4647 ὡμολογημένα
3568 4570 3981 4630 διαϐεϐλήκασι.

611 4661 781 4713 extra
809 4657 1278 4714 controversiam
1300 4658 1496 4731 posita
1520 4658 2067 4716 calumniabantur.
2111 4662 2259 4716 Cum

610 4751 813 4803 autem
842 4761 911 4803 ea
935 4746 995 4802 in
1035 4746 1273 4819 synodo
1322 4747 1581 4804 Sardicaa
1616 4748 1824 4805 habita
1850 4748 2002 4804 lecta
2039 4754 2258 4818 essent,

608 4839 771 4893 recta
795 4835 1041 4893 inventa
1070 4839 1162 4892 est
1213 4836 1395 4908 hujus
1437 4837 1703 4893 hominis
1756 4838 1929 4896 ﬁdes.
1988 4840 2258 4896 Socrates

609 4931 813 4986 autem
859 4926 1002 4983 dicit
1046 4927 1389 4985 Marcellum
1443 4930 1509 4983 ut
1561 4928 2130 4985 condemnationem
2173 4945 2261 4986 re-

608 5018 875 5091 pelleret,
904 5016 1281 5090 persuasisse
1308 5017 1609 5091 episcopis
1642 5018 1900 5075 Sardicae
1932 5033 2258 5090 congrega-

606 5110 681 5164 tis
710 5121 812 5163 eos
838 5107 1158 5180 quiipsum
1186 5106 1596 5180 deposuerant
1622 5122 1745 5164 non
1766 5107 2094 5179 intelligere
2119 5126 2255 5183 quae

605 5197 949 5270 scripserat,
981 5202 1163 5269 atque
1191 5196 1329 5254 ideo
1378 5213 1440 5253 se
1490 5197 1931 5255 Samosatensis
1989 5200 2256 5272 episcopi

605 5286 982 5359 suspiciones
1022 5286 1368 5343 incurrisse.
1420 5287 1765 5345 Patriarcha
1809 5304 1953 5344 vero
2009 5289 2251 5345 Photius

600 5376 977 5435 narrationes
1000 5376 1317 5434 conferens
1336 5378 1593 5435 Socratis
1616 5394 1687 5435 ac
1710 5379 2083 5449 Theodoreti,
2111 5379 2253 5438 dicit

601 5466 990 5525 Sardicenses
1016 5468 1336 5540 episcopos
1375 5483 1515 5524 vere
1544 5468 1828 5541 deceptos
1858 5484 2031 5538 esse;
2079 5485 2249 5525 cum-

596 5573 715 5630 que
742 5572 870 5613 non
895 5556 1048 5614 bene
1078 5556 1505 5613 intellexissent
1539 5556 1793 5613 Marcelli
1825 5558 2063 5631 scripta,
2089 5559 2246 5616 male

594 5661 733 5704 eum
756 5643 1152 5718 justiﬁcasse;
1184 5644 1324 5701 inde
1352 5644 1660 5703 neminem
1702 5645 2005 5719 accepisse
2034 5661 2245 5704 eorum

2371 4664 2577 4713 Τούτων
2634 4659 2684 4714 δ’
2751 4663 2836 4715 ἐπὶ
2900 4671 2991 4724 τῆς
3049 4660 3275 4716 συνόδου
3338 4670 3432 4725 τῆς
3505 4663 3638 4715 κατὰ
3703 4659 3982 4734 Σαρδικὴν

2374 4748 2824 4823 ἀναγνωσθέντων,
2870 4753 2997 4827 ὀρθή
3053 4760 3144 4805 τοῦ
3195 4748 3383 4826 ἀνδρὸς
3438 4754 3467 4810 ἡ
3529 4756 3710 4814 πίστις
3760 4752 3980 4825 εὑρέθη.

2372 4846 2649 4915 Σωκρατης
2716 4837 2777 4894 δέ
2837 4860 2993 4914 φησιν
3065 4843 3146 4895 ὅτι
3197 4840 3528 4894 ἀναπαλαίων
3582 4841 3606 4893 ὁ
3671 4840 3983 4915 Μάρκελλος

2372 4933 2464 4989 τὴν
2504 4926 2797 4989 καταδίκην
2854 4932 3026 4983 ἔπεισε
3083 4933 3204 4992 τόύς
3261 4929 3308 4981 ἐν
3360 4926 3594 5005 Σαρδικῇ
3654 4934 3724 5002 μή
3775 4931 3980 4989 νοῆσαι

2369 5021 2490 5081 τοὺς
2525 5019 2837 5080 καθελόντας
2875 5019 3050 5086 αὐτὸν,
3118 5019 3153 5071 ἂ
3198 5023 3425 5093 γέγραφε
3458 5036 3470 5048 '
3520 5023 3612 5072 καὶ
3662 5016 3755 5071 διὰ
3809 5026 3979 5074 τοῦτο

2368 5112 2463 5167 τήν
2506 5110 2749 5161 ὑπόνοιαν
2804 5116 2896 5161 τοῦ
2952 5112 3289 5181 Σαμοσατέως
3321 5107 3604 5164 λαϐεῖν.⁹0
3660 5104 3720 5160 δὲ
3774 5127 3952 5183 πατρι

2368 5199 2545 5271 ἀρχὴς
2603 5202 2814 5266 Φὼτιος,
2859 5197 3055 5270 σχόλια
3092 5198 3343 5272 παραθεὶς
3406 5204 3499 5249 τοῦ
3558 5217 3612 5249 τε
3664 5198 3979 5265 Σωκράτους

2364 5291 2455 5347 καὶ
2495 5294 2586 5339 τοῦ
2619 5284 2985 5362 Θεοδωρήτου,
3030 5291 3188 5360 φησὶν
3246 5286 3326 5338 ὃτι
3388 5285 3438 5339 ἐν
3490 5283 3721 5360 Σαρδικῇ
3772 5286 3977 5358 μᾶλλον

2364 5377 2716 5436 ἠπατήθησαν
2751 5391 2764 5404 ⁸
2828 5380 2917 5428 καὶ
2974 5380 3046 5449 μὴ
3099 5381 3378 5438 νοήσαντες
3434 5375 3659 5449 ἀκριϐῶς
3709 5377 3767 5427 τὸ
3814 5378 3975 5453 Μαρ-

2360 5466 2537 5519 κέλλου
2594 5469 2936 5541 σύγγραμμα,
2997 5474 3169 5529 κακῶς
3228 5466 3385 5518 αὐτὸν
3433 5462 3789 5518 ἐδικαίωσανο
3848 5468 3972 5522 ὅθεν

2359 5552 2532 5619 ούδεὶς
2575 5554 2896 5633 παρεδέξατο
2943 5559 3036 5615 τὴν
3092 5559 3211 5631 περὶ
3260 5558 3447 5608 τούτου
3500 5561 3675 5630 κρίσιν
3738 5554 3911 5609 αὐτῶν
3952 5582 3966 5594 ·

2357 5645 2466 5699 ἀλλ’
2527 5648 2667 5700 ἔστιν
2698 5646 2792 5710 ἔξω
2814 5655 2905 5708 τῆς
2956 5644 3272 5709 Ἐκκλησίας
3301 5650 3326 5699 ό
3365 5636 3681 5721 Μάρκελλος.
3737 5644 3965 5701 Ἢθώω-
