4040 6318
106 366 153 421 il
1446 352 1679 415 TBESA‘

1789 355 1797 411 [
1834 356 1967 414 LIB.
2005 358 2101 417 VI.
3386 363 3459 420 22

107 509 181 541 σαν
218 483 276 541 δὲ
303 487 356 540 οἱ
407 484 460 539 ἓν
488 480 727 559 Σαρδικῇ
757 486 848 537 καὶ
895 480 1197 543 Ἀσκληπᾶν
1237 484 1325 539 τὸν
1362 484 1557 551 Γάζης,
1616 484 1679 544 ὡς

1793 480 1869 539 de
1897 481 2000 539 illo
2029 484 2429 554 sententiam;
2461 482 2567 542 sed
2594 484 2767 543 extra
2791 480 3123 543 Ecclesium
3147 497 3287 543 esse
3313 487 3461 546 [ab

106 577 320 632 [ἐσεϐίου
370 583 473 629 τοῦ
512 573 792 648 Παμφίλου
841 577 931 626 καὶ
977 572 1179 627 πολλῶν
1223 573 1388 627 ἄλλων
1438 574 1685 646 ύπομνώ-

105 689 214 741 μετα
264 667 634 743 ἐπιφερόμενον
693 660 1003 718 δικαιοῦντα
1057 664 1215 718 αὐτόν
1256 685 1270 698 ο
1329 665 1407 717 ἔτι
1468 660 1529 717 δὲ
1591 666 1684 716 καὶ

104 762 293 812 Λούκιον
358 760 455 809 τόν
522 751 1018 831 Ἀδριανουπόλεως,
1083 757 1155 817 ὡς
1213 761 1314 807 τῶν
1378 756 1685 828 κατηγόρων

102 848 234 899 αᾶτού
282 854 424 919 φυγῇ
470 848 827 919 χρησαμένων
854 861 867 875 '
903 842 1140 897 καθεῖλον
1188 840 1250 897 δὲ
1305 849 1559 917 Γεώργιον
1595 843 1684 894 τὸν

102 933 494 1012 Ἀλεξανδρείας,
564 936 827 989 Βασίλειον
892 934 1152 1008 Ἀγκύρας
1210 937 1298 986 τὸν
1365 932 1479 986 ἀντὶ
1532 939 1685 1007 Μαρ-

98 1027 268 1094 κέλλου,
330 1028 613 1080 Κεντιανὸν
671 1026 847 1087 Γάζης
896 1027 983 1077 τόν
1037 1023 1153 1077 ἀντὶ
1202 1022 1501 1092 Ἀσκληπᾶ,
1550 1025 1683 1076 Θεό-

100 1114 239 1191 δωρον
266 1115 600 1189 Ἡρακλείας,
630 1118 933 1192 Νάρκισσον
968 1114 1407 1188 Εἰρηνουπόλεως,
1442 1113 1683 1166 Ἀκάκιον

101 1211 389 1281 Καισαρείας
417 1214 519 1267 τῆς
548 1205 923 1275 Παλαιστίνης,
946 1209 1282 1278 Μηνόφαντον
1306 1202 1684 1278 Ἐφέσου,ούρ-

99 1298 249 1349 «iam
278 1293 634 1368 Σιγίηδόνος,
667 1295 929 1348 Οὐάλεντα
950 1298 1219 1370 Μούρσης,
1252 1300 1505 1367 Γεώργιον
1536 1300 1682 1348 Λαο-

96 1380 284 1447 δικείας,
312 1389 497 1437 καίτοι
527 1389 602 1458 μὴ
658 1389 889 1461 παρόντα
925 1383 975 1437 ἕν
1103 1380 1309 1456 συνόδῳ
1333 1386 1499 1457 ταύτῃ
1533 1403 1548 1417 ο
1591 1386 1682 1435 καὶ

97 1474 219 1536 οὗτος
242 1477 380 1528 κατὰ
419 1479 515 1528 τόν
544 1480 708 1548 μέγαν
729 1476 782 1527 ’Δ
794 1477 1037 1528 θανάσιον
1073 1480 1165 1528 καὶ
1193 1481 1287 1527 τοῦ
1310 1472 1680 1548 πρεσϐυτερίου

95 1566 388 1638 καθαιρεθεὶς
417 1566 524 1618 ύπό
547 1573 639 1617 τοῦ
661 1569 921 1639 μακαρίου
952 1560 1292 1637 Ἀλεξάνδρου
1320 1560 1392 1617 δι’
1426 1562 1677 1620 ἀσωτίαν.

100 1659 177 1707 Καὶ
199 1662 357 1708 ταῦτα
377 1657 475 1728 μὲν
500 1662 741 1708 τοιοῦτον
769 1656 898 1727 ἔσχε
926 1657 1012 1707 τὸν
1032 1658 1242 1729 τρόπον.

154 1923 217 1977 ιε’.
268 1924 334 1975 Οἱ
373 1919 437 1975 δέ
464 1926 588 1997 περὶ
626 1921 938 1975 Ἀθανάσιον
989 1921 1144 1975 πάλιν
1182 1926 1276 1982 τὴν
1311 1921 1513 1996 Ῥώμην
1550 1941 1682 1976 κατ·-

98 2016 231 2084 έσχον
258 2026 274 2046 δ
329 2016 424 2065 καὶ
482 2014 510 2064 6
552 2020 655 2063 τῶν
712 2012 961 2086 ἑσπερίων
1004 2011 1254 2085 βασιλεὺς
1309 2017 1576 2079 Κώνστας,
1616 2015 1684 2065 τὰ

100 2100 135 2153 ἐν
184 2098 408 2175 Σαρδικῇ
489 2106 740 2175 γενόμενα
813 2103 1011 2175 μαθὼν,
1075 2101 1272 2175 ἔγραψε
1334 2110 1405 2173 τῷ
1471 2100 1686 2175 βασιλεῖ

101 2196 412 2263 [ma-tavris:
489 2199 598 2253 τοῖς
668 2197 788 2266 περὶ
842 2193 1150 2245 Ἀθανάσιον
1223 2188 1514 2245 ἀποδοῦναι
1587 2197 1684 2260 τὰς

98 2276 219 2341 ἰδίας
256 2279 564 2343 ἐκκλησίας.
620 2280 710 2343 Ὠς
767 2278 819 2334 δ’
874 2280 1192 2348 ἀνεϐάλλετο,
1246 2282 1399 2334 πάλιν
1457 2283 1680 2358 ἔγραψεν

98 2369 123 2423 ἑ
167 2365 417 2440 δέχεσθαι
468 2372 712 2437 τούτους,
743 2371 776 2429 ἦ
821 2373 950 2443 πρὸς
998 2369 1218 2443 πόλεμον
1266 2375 1679 2445 παρασκευάσα-

101 2459 214 2510 σθαι.
277 2464 399 2521 Τοῖς
456 2456 559 2511 ἆνά
605 2464 702 2519 τήν
775 2460 840 2511 ἔω
905 2463 1076 2512 τοίνυν
1140 2458 1452 2522 ίπισκόποις
1524 2468 1677 2515 τοῦτο

99 2551 422 2611 Κωνστάντιος
485 2550 888 2621 κοινωσάμενος,
943 2554 1035 2601 καὶ
1095 2554 1318 2621 νομίσας
1367 2551 1549 2613 εὔηθες
1606 2548 1679 2605 εἷ-

98 2655 163 2687 ναι
207 2633 297 2691 διὰ
357 2641 562 2697 ταύτην
621 2638 795 2691 αἰτίαν
850 2638 1093 2711 ἐμφύλιον
1150 2640 1417 2713 αἱρεῖσθαι
1467 2641 1675 2713 μάχην,

98 2732 215 2797 τρισὶ
252 2731 570 2803 γράμμασιν
625 2727 936 2782 Ἀθανάσιον
993 2728 1369 2801 μετεκαλέσατο
1424 2734 1513 2782 καὶ
1556 2733 1679 2793 τοὺς

99 2818 176 2867 οὑν
225 2818 358 2888 αὐτῷ
401 2837 415 2849 -
499 2816 781 2871 κατέλαϐον
855 2815 943 2871 οὖν
1008 2821 1127 2880 τούς
1199 2817 1392 2871 ἑαυτῶν
1466 2821 1680 2894 θρόνους

101 2906 263 2967 Παῦλος
319 2909 347 2959 6
429 2907 1043 2979 Κωνσταντινουπόλεως,
1110 2908 1403 2984 Μάρκελλος
1476 2910 1502 2960 6
1560 2909 1679 2982 Ἀγ-

96 2998 247 3067 κύρας,
307 2996 614 3058 Ἀσκληπᾶς
661 2999 688 3050 ὁ
728 2998 918 3065 Γάζης,
968 3002 1059 3050 καὶ
1107 3000 1329 3061 Λούκιος
1375 2999 1403 3051 ό
1454 2994 1676 3074 Ἀδρια-

98 3089 342 3151 samisso;
368 3108 383 3121 °
422 3091 744 3154 ’Δθανάσιος
770 3088 821 3143 δ’
848 3090 923 3153 εἰς
960 3091 1289 3164 Ἀντιόχειαν
1345 3098 1440 3165 τῇν
1487 3096 1678 3167 Συρίας

1790 570 2034 629 cellam.
2066 577 2421 633 Innocentes
2442 574 2647 633 autem
2666 571 3049 631 declaravere
3074 573 3460 633 Sardicenses

1795 660 2059 734 episcOpi
2104 662 2448 737 Asclepium
2500 666 2690 735 Gaza,
2725 666 2794 720 ut
2842 661 2924 720 ab
2976 662 3234 721 Eusebio
3288 666 3459 725 Pam-

1794 746 1941 824 phili
1961 751 2288 827 multisque
2299 755 2431 812 aliis
2444 753 2786 813 testimonia
2798 752 3149 812 efferentem
3164 769 3300 828 qua
3314 769 3458 813 eum

1793 839 2235 913 defendebant;
2284 844 2484 901 adhuc
2513 848 2572 901 et
2618 844 2865 901 Lucium
2887 842 3329 918 Adrianopolis,
3356 859 3459 902 cu-

1789 931 1892 1003 jus
1943 936 2326 992 accusatores
2358 934 2757 1006 aufugerant;
2790 932 3204 1008 deposuerunt
3253 937 3458 992 autem

1795 1023 2078 1094 Gorgiam
2107 1024 2502 1094 Alexandria,
2559 1024 2848 1082 Basilium
2896 1030 3171 1098 Ancyra,
3202 1023 3457 1083 Marcelli

1793 1111 2226 1183 adversarium,
2259 1114 2614 1171 Centianum
2644 1115 2813 1172 Gaza
2849 1114 2958 1189 qui
2984 1113 3325 1188 Asclepium
3353 1130 3456 1172 ur-

1793 1202 1993 1274 gebat,
2060 1203 2440 1261 Theodorum
2487 1204 2814 1272 Heraclea,
2854 1203 3199 1261 Narcissum
3258 1204 3460 1262 Irena-

1791 1292 1971 1365 polis,
1994 1293 2281 1351 Acacium
2314 1296 2599 1352 Casarea
2630 1293 2695 1350 in
2716 1292 3057 1362 Palastina,
3087 1292 3455 1367 Menophan-

1793 1385 1922 1438 tum
1953 1382 2192 1455 Ephesi,
2234 1383 2544 1441 Ursacium
2577 1382 2944 1455 Singidonis,
2967 1381 3275 1440 Valentem
3300 1384 3454 1441 Mur-

1792 1487 1895 1538 sa,
1928 1472 2249 1542 Georgium
2295 1471 2626 1542 Laodicea,
2656 1486 3016 1547 quanquam
3045 1472 3174 1546 ipse
3207 1470 3288 1529 ab
3337 1470 3456 1529 hac

1791 1561 2029 1635 synodo
2058 1561 2303 1634 aberat;
2327 1566 2387 1620 et
2412 1563 2485 1633 is,
2502 1562 2678 1634 juxta
2716 1576 3013 1633 magnum
3031 1560 3451 1634 Athanasium,

1792 1666 1866 1708 ex
1887 1652 2229 1709 sacerdotio
2246 1656 2493 1726 propter
2521 1651 2824 1710 luxuriam
2853 1666 2893 1709 a
2912 1651 3092 1711 beato
3113 1650 3453 1710 Alexandro

1790 1740 2104 1813 depositus
2132 1740 2346 1800 fuerat.
2373 1744 2438 1799 Et
2477 1741 2608 1799 hac
2634 1739 2882 1816 quidem
2903 1740 3022 1799 hoc
3048 1736 3237 1798 modo
3264 1756 3328 1799 se
3345 1738 3453 1799 ha-

1711 1839 1758 1895 B
1790 1830 1998 1889 buere.

1870 1925 1952 1978 I5.
1991 1919 2305 1979 Athanasii
2334 1924 2538 1979 autem
2566 1919 2832 1978 fautores
2858 1922 3065 1978 Roma
3094 1918 3366 1991 aderant,
3393 1921 3454 1979 et

1792 2010 2128 2068 Occidentis
2156 2010 2487 2085 imperator
2517 2013 2834 2078 Constans,
2875 2026 3015 2068 cum
3043 2025 3118 2067 ea
3142 2024 3282 2084 qua
3310 2011 3452 2068 Sar-

1791 2100 1940 2157 dica
1959 2100 2118 2158 facta
2140 2100 2377 2157 fuerant
2396 2100 2721 2172 didicisset,
2748 2100 2829 2158 ad
2846 2100 3275 2173 imperatorem
3294 2100 3449 2158 Con-

1789 2190 2077 2248 stantium
2137 2190 2375 2263 scripsit
2422 2193 2488 2247 ut
2540 2188 2852 2247 Athanasii
2911 2187 3252 2246 fautoribus
3305 2204 3451 2246 suas

1788 2279 2070 2337 ecclesias
2092 2279 2389 2337 redderet.
2413 2280 2561 2336 Cum
2589 2282 2795 2336 autem
2822 2278 2921 2336 hic
2956 2277 3447 2353 procrastinaret,

1782 2384 2029 2427 rursum
2048 2369 2104 2426 ei
2132 2368 2367 2441 scripsit
2392 2373 2458 2425 ut
2476 2372 2580 2426 aut
2604 2367 2740 2427 illos
2760 2367 3205 2425 restitueretant
3220 2365 3303 2425 ad
3325 2364 3452 2425 bel-

1783 2459 1913 2516 lum
1965 2474 2032 2515 se
2082 2462 2422 2531 appararet.
2477 2456 2654 2526 Quod
2704 2455 3100 2515 orientalibus
3150 2455 3452 2530 episcopis

1786 2552 1999 2605 notum
2048 2546 2276 2605 faciens
2341 2547 2726 2605 Constantius
2767 2544 3144 2619 credensque
3194 2543 3449 2603 stultum

1785 2652 1921 2694 esse
1971 2636 2055 2695 ob
2103 2637 2263 2694 hanc
2319 2652 2572 2694 causam
2619 2635 2953 2695 fraternum
2993 2634 3223 2694 bellum
3260 2634 3452 2692 susci-

1787 2729 1933 2797 tare,
1971 2726 2164 2783 tribns
2213 2725 2423 2783 litteris
2480 2725 2879 2783 Athanasium
2919 2724 3174 2798 ejusque
3217 2723 3450 2782 amicos

1785 2816 2111 2874 revocavit.
2163 2817 2537 2890 Receperunt
2577 2815 2760 2887 igitur
2810 2829 2959 2872 snas
3008 2812 3185 2873 sedes
3227 2811 3454 2872 Paulus

1787 2904 2362 2978 Constantinopolis,
2382 2904 2694 2963 Marcellus
2718 2908 2997 2977 Ancyra,
3025 2902 3315 2977 Asclepas
3342 2903 3454 2963 Ga-

1786 3012 1889 3065 za,
1902 2999 1961 3052 et
1983 2994 2196 3051 Lucius
2215 2994 2657 3068 Adrianopolis.
2692 2995 2840 3052 Cum
2859 2997 3066 3052 autem
3084 2992 3451 3052 Athanasius

1786 3084 2167 3143 Antiochiam
2217 3085 2402 3158 Syria
2439 3083 2716 3142 rediisset
2756 3082 2865 3141 ubi
2912 3082 3272 3142 venabatur
3300 3082 3453 3140 Con-

101 3175 380 3252 ὰοικόμενος,
443 3181 570 3232 ἔνθα
617 3176 845 3254 διέτριϐε
900 3182 1281 3243 Κωνστάντιος,
1329 3183 1474 3233 εὔνου
1519 3177 1677 3239 δῆθεν

1789 3174 2063 3243 stantius,
2104 3173 2470 3232 benevolum
2519 3189 2663 3231 eum
2704 3174 2987 3247 expertus
3014 3174 3146 3229 est:
3173 3186 3250 3229 ex
3285 3171 3454 3230 Aria-

100 3267 225 3320 ι-Ξτοῦ
259 3268 510 3342 ἐπειράθη
540 3285 555 3301 ·
615 3276 716 3320 τῶν
749 3269 1024 3343 Ἀρειανῶν
1079 3266 1138 3322 δί
1190 3270 1536 3343 ὑποθεμένων,
1582 3271 1675 3343 ἔφη

94 3360 193 3428 πρὸς
232 3357 385 3410 αὑτὸν
432 3359 463 3409 ὁ
526 3362 884 3421 Κωνστάντιος
915 3375 929 3389 ⁶
995 3358 1150 3423 Ἀξιῶ
1214 3357 1270 3411 ἐκ
1316 3359 1514 3412 πολλῶν
1570 3368 1672 3412 τῶν

97 3445 171 3495 ὑπὸ
219 3448 272 3499 σε
300 3446 632 3505 Ἐκκλησιῶν
685 3452 811 3520 μίαν
858 3449 1001 3519 ἔχειν
1057 3446 1109 3500 ἐν
1137 3444 1505 3523 ’Δλεξανδρείᾳ
1555 3467 1675 3511 τους

96 3542 309 3587 κοινωνεῖν
385 3555 477 3589 σοι
551 3540 1021 3612 παραιτουμένους.
1085 3535 1144 3589 Ὁ
1220 3533 1298 3602 δε,
1375 3535 1671 3609 ὑπολαϐὼν,

96 3625 459 3696 “agmina-ias,
548 3627 667 3698 ἔφη,
743 3628 907 3701 χάριν
980 3625 1111 3679 αἰτῶ
1182 3624 1352 3699 κάγὼ,
1426 3625 1671 3700 βασιλεῦ,

97 3714 197 3765 an
244 3720 364 3787 μίαν
426 3716 577 3788 ἔχειν
629 3715 912 3774 ἐκκλησίαν
968 3714 1018 3767 ἐν
1071 3714 1369 3789 Ἀντιοχείᾳ
1407 3719 1530 3779 τοὺς
1575 3725 1676 3769 τῶν

97 3794 487 3875 έτιροδοξούντων
580 3809 675 3863 τὴν
770 3808 1038 3856 κοινωνίαν
1127 3806 1408 3876 φεύγοντας
1448 3818 1464 3835 ⁸
1551 3807 1673 3881 ὅπερ

98 3887 365 3957 ἀκούσαντες
435 3898 487 3947 οἱ
547 3895 810 3969 Ἀριιανοὶ
863 3894 1011 3968 παρὰ
1054 3901 1148 3946 τοῦ
1212 3892 1494 3967 βασιλεως,
1550 3893 1675 3955 ἱζή-

98 3997 226 4036 τῑσαν
280 3983 431 4038 πλέον
481 3980 662 4040 οὐδέν.
724 3983 943 4038 Ἐκεῖθεν
1014 3988 1183 4037 τοίνυν
1232 3984 1546 4046 Ἀθανάσιος
1594 3982 1675 4047 ἰξ-

97 4077 311 4141 ερειέσας,
368 4077 438 4127 τὰ
491 4074 836 4149 Ἰεροσόλυμα
884 4072 1162 4127 κατέλαϐεν
1196 4090 1209 4103 ’
1265 4074 1333 4125 ὧν
1385 4073 1413 4125 ό
1457 4072 1676 4127 ἐπίσκο-

100 4176 168 4219 ﬂ;
204 4162 454 4235 Μάξιμος,
512 4159 739 4216 σύνοδον
802 4167 1025 4221 τοπικὴν
1090 4160 1410 4229 ὄπιτελεσας,
1469 4162 1673 4216 ἕκοινώ-

98 4266 210 4331 gum
234 4252 364 4322 αὐτῷ
393 4267 411 4283 ⁸
455 4256 554 4304 καὶ
606 4252 772 4315 οὕτως
815 4251 886 4314 εἰς
916 4248 1314 4324 Ἀλεξάνδρειαν
1370 4250 1677 4325 ἀφικόμενος

115 4341 381 4412 tissime;
412 4346 539 4404 τοὺς
584 4344 656 4395 τὰ
683 4344 889 4417 Ἀρείου
942 4350 1251 4417 φρονοῦντας
1302 4342 1537 4406 ἅπαντας
1577 4362 1673 4396 κα-

104 4427 239 4484 iiiis».

155 4537 216 4582 ις.
263 4520 340 4576 Ἐν
386 4525 567 4593 τούτῷ
610 4518 670 4575 δὲ
722 4526 968 4585 Κώνστας
1016 4522 1043 4574 ὁ
1087 4529 1184 4583 τῆς
1214 4520 1475 4598 Ἐσπέρας
1518 4521 1678 4597 βασι·
1708 4550 1752 4610 D

104 4603 219 4659 ὶεύων
258 4612 354 4663 ὑπὸ
406 4614 743 4683 Μαγνεντίου
800 4613 938 4663 κατά
978 4616 1242 4669 ωσκευήν
1287 4609 1533 4687 ἀνῃρέθη,
1586 4617 1678 4666 καὶ

107 4699 415 4763 Κωνστάντιος
488 4701 830 4775 αὐτοκράτωρ
901 4704 1074 4772 γέγονε
1146 4708 1236 4761 τῆς
1302 4699 1479 4774 ἀρχῆς
1545 4701 1677 4755 ἁπά-

109 4801 212 4845 της“
267 4790 312 4851 ὃς
365 4797 481 4863 καὶ,
556 4798 667 4851 τοῖς
715 4789 1002 4865 Ἀρειανοῑς
1050 4792 1371 4863 πειθόμενος,
1431 4793 1498 4843 τὰ
1551 4810 1681 4866 προ-

106 4868 349 4950 δεδειγμένα
437 4882 620 4933 πάντα
709 4879 1049 4953 μετ-ἔστρεψεν
1132 4880 1204 4944 εἰς
1293 4884 1354 4933 τὸ
1430 4882 1677 4934 ἐναντίον-

109 4966 260 5030 Παῦλος
307 4976 480 5023 τοίνυν
537 4971 565 5022 6
618 4968 1207 5032 Κωνσταντινουπόλεως
1260 4969 1327 5033 εἰς
1377 4973 1678 5025 Κουκουσὸν

107 5060 173 5115 τῆς
211 5056 461 5133 ’Δρμενίας
508 5059 796 5134 ἑξορισθεὶς
851 5057 1073 5135 ἀνῃρέθη
1124 5058 1333 5134 βρόχῳ,
1388 5065 1478 5113 καὶ
1522 5060 1677 5114 πάλιν

110 5146 179 5199 τὶν
237 5146 509 5206 ἐκκλησίαν
588 5151 825 5220 κατέσχε
913 5145 1240 5213 Μακεδόνιος
1279 5166 1293 5180 '
1371 5150 1675 5223 Μαρκέλλου

112 5226 147 5279 δ’
198 5236 533 5310 ἐκϐληθέντος,
616 5236 870 5311 ἐγκρατὴς
938 5234 1086 5299 αὖθις
1150 5237 1347 5311 ἐγένετο
1402 5248 1500 5302 τῆς
1563 5239 1676 5293 ἑπι-

116 5334 268 5388 um;
292 5334 565 5391 Βασίλειος
595 5343 611 5358 ⁸
648 5328 876 5388 Λούκιος
925 5324 984 5380 δὲ
1018 5324 1224 5401 σιδήρῳ
1274 5324 1489 5402 δέσμιος
1530 5327 1580 5382 ἄν
1608 5337 1671 5403 τῇ

115 5411 245 5485 Eiet;
296 5414 555 5494 διεφθάρη
593 5440 606 5452 -
667 5416 979 5478 Ἀθανάσιος
1029 5413 1089 5469 δὲ
1133 5416 1427 5480 κελευσθεὶς
1474 5417 1673 5495 ἀναιρε-

118 5498 248 5569 θῆναι,
307 5507 453 5579 μόλις
498 5505 788 5580 διέφυγεν.
852 5506 1266 5581 Ἐκστρατεύσας
1335 5504 1393 5561 δε
1443 5506 1527 5560 ἐπὶ
1581 5513 1677 5568 τὴν

119 5584 328 5664 Ἰλλυρίδα
403 5598 770 5657 Κωνστάντιος
839 5599 977 5650 κατὰ
1053 5600 1425 5671 Βρεττανίωνος
1491 5617 1680 5670 τυραν-

122 5680 339 5758 νήσαντος,
382 5688 508 5745 ἧκεν
569 5686 645 5749 εὶς
688 5689 748 5738 τὸ
805 5691 1039 5761 Σίρμιονρ
1096 5688 1217 5739 ἔνθα
1272 5682 1340 5745 δή
1400 5696 1495 5749 τῆς
1545 5690 1682 5741 κατὰ

1784 3279 2006 3321 norum
2051 3268 2255 3321 autem
2281 3262 2553 3335 consilio,
2593 3262 2677 3321 illi
2719 3260 2975 3335 subjecit
3011 3260 3399 3320 Constantius
3429 3278 3447 3321 :

1784 3357 2020 3412 Iustum
2056 3367 2274 3410 censeo
2319 3367 2392 3409 ex
2434 3352 2638 3410 multis
2666 3368 2803 3428 qua
2832 3350 2948 3409 sub
2986 3354 3044 3410 te
3074 3354 3218 3409 sunt
3267 3349 3453 3410 eccle-

1784 3444 1888 3501 siis
1914 3448 1978 3500 ut
2015 3458 2203 3501 unam
2240 3442 2509 3501 habeant
2535 3441 2915 3501 Alexandria
2942 3440 3051 3516 qui
3069 3444 3269 3499 tecum
3287 3456 3453 3499 com-

1784 3534 2095 3591 municare
2119 3532 2402 3590 nolunt.E
2418 3536 2630 3591 contra
2655 3537 2856 3591 autem
2879 3530 2978 3590 ille
3000 3547 3016 3587 :
3050 3529 3339 3602 Similem,
3362 3530 3452 3588 in-

1783 3624 1934 3698 quit,
1964 3639 2002 3681 a
2029 3627 2109 3687 te,
2139 3623 2490 3697 imperator,
2516 3622 2782 3696 efﬂagito
2812 3622 3092 3695 gratiam,
3132 3635 3356 3696 nempe
3383 3623 3452 3682 ut

1783 3728 1973 3771 unam
2019 3712 2348 3770 Antiochia
2404 3712 2674 3771 habeant
2728 3711 3052 3772 ecclesiam
3079 3711 3186 3785 qui
3214 3711 3451 3770 heteroo

1782 3802 2084 3860 doxorum
2116 3803 2613 3860 communionem
2640 3802 2901 3876 fugiunt.
2928 3800 3104 3870 Quod
3136 3800 3450 3860 audientes

1783 3894 2005 3963 Ariani,
2043 3893 2191 3950 nihil
2220 3894 2486 3967 amplius
2515 3894 2904 3967 quasiet-unt.
2936 3891 3081 3951 Inde
3104 3890 3284 3963 igitur
3309 3903 3451 3963 pro-

1782 3983 1972 4041 fectus
2001 3984 2366 4042 Athanasius
2391 3984 2876 4059 Hierolosymam
2919 3980 3229 4056 pervenit;
3273 3978 3449 4051 cujus

1782 4073 1948 4131 urbis
1976 4074 2301 4149 episcopus
2314 4072 2809 4146 Maximus,locali
2833 4070 3072 4146 synodo
3089 4070 3446 4137 convocata,

1783 4178 1925 4220 cum
1973 4164 2075 4221 illo
2129 4163 2625 4221 communicavit.
2656 4164 2853 4237 Atque
2883 4160 2971 4220 ita
3016 4174 3161 4218 cum
3191 4157 3447 4218 Alexan-

1782 4251 1978 4310 driam
2007 4253 2281 4311 rediisset
2312 4251 2695 4325 Athanasius,
2729 4265 2947 4309 omnes
2967 4265 3075 4310 eos
3092 4249 3200 4325 qui
3219 4249 3444 4312 Artena

1783 4342 2075 4415 dogmata
2104 4342 2560 4416 proﬁtebantur,
2584 4340 2892 4417 deposuit.

1858 4525 1944 4581 16.
1987 4524 2216 4579 Interea
2245 4536 2390 4580 vero
2418 4522 2714 4579 Constans
2742 4519 2851 4596 qui
2888 4519 2951 4578 in
2993 4518 3313 4579 Occidente
3348 4532 3440 4579 re-

1787 4612 2034 4684 gnabat,
2074 4627 2113 4668 a
2153 4611 2493 4683 Magnentio
2526 4626 2635 4685 per
2670 4609 2921 4668 insidias
2945 4609 3289 4671 interfectus
3326 4612 3438 4682 est,

1768 4686 1845 4759 fet
1872 4705 2065 4759 factus
2099 4705 2190 4757 est
2218 4700 2604 4759 Constantius
2622 4700 2787 4758 orbis
2807 4699 3066 4758 universi
3090 4700 3437 4774 imperator.

1788 4791 1901 4858 Qui
1937 4791 2017 4848 ab
2041 4790 2275 4848 Arianis
2298 4791 2583 4848 seductus
2609 4802 3012 4864 quacumque
3039 4791 3180 4847 ante
3197 4787 3439 4848 decreta

1787 4885 1959 4938 erant
1985 4880 2046 4938 in
2076 4880 2444 4939 contrarium
2491 4878 2765 4938 mutavit.
2819 4878 3039 4937 Paulus
3066 4878 3247 4951 igitur
3286 4878 3437 4936 Con-

1787 4969 2209 5043 stantinopolis
2256 4970 2320 5027 in
2350 4970 2566 5028 urbem
2608 4969 2905 5028 Armenia
2934 4969 3236 5026 Cucusum
3264 4982 3439 5025 exsu-

1785 5059 1943 5117 latus
1966 5059 2188 5133 laqueo
2228 5060 2574 5117 interfectus
2602 5063 2712 5129 est,
2754 5063 2812 5117 et
2829 5074 3038 5117 rursus
3064 5058 3225 5117 hanc
3253 5056 3440 5115 eccleo

1786 5150 1938 5207 siam
1966 5149 2182 5207 habuit
2207 5149 2609 5223 Macedonius,
2636 5148 2909 5208 Marcello
2928 5150 3135 5206 autem
3157 5145 3433 5222 expulso,

1786 5239 2141 5313 episcopatu
2196 5255 2439 5297 rursum
2493 5239 2696 5315 potius
2749 5242 2842 5297 est
2897 5236 3171 5296 Basilius.
3225 5238 3441 5297 Lucius

1787 5329 1941 5387 ferro
1969 5330 2207 5386 vinctus
2234 5329 2296 5387 in
2325 5345 2562 5387 carcere
2588 5329 2782 5403 periit.
2821 5327 3185 5387 Athanasius
3211 5331 3438 5398 autem,

1787 5433 1969 5491 quem
1989 5418 2240 5475 interﬁci
2264 5419 2544 5492 jusserat,
2557 5419 2659 5477 vix
2689 5417 2941 5491 aufugit.
2963 5417 3268 5476 Profectus
3294 5431 3441 5476 vero

1775 5507 1850 5565 'in
1901 5507 2161 5581 Illyrium
2194 5509 2576 5567 Constantius
2606 5512 2818 5566 contra
2867 5508 3309 5567 Brettanionem
3351 5524 3441 5568 re-

1790 5613 1981 5669 gnum
2011 5596 2413 5668 aﬂ‘ectautem,
2449 5597 2732 5657 Sirmium
2759 5597 2925 5656 venit
2960 5597 3066 5654 ubi
3115 5597 3327 5657 habita
3353 5600 3446 5657 est

1792 5692 2002 5746 contra
2032 5688 2349 5747 Photinum
2400 5687 2695 5763 synodus.
2747 5688 2978 5747 Interea
3005 5703 3043 5745 a
3080 5687 3203 5745 suis
3229 5686 3443 5761 legatis
