4040 6318
624 328 692 382 23
1958 315 2229 377 NICETE
2267 311 2636 378 CHONIATAZ
3927 345 3995 400 2,

626 449 971 508 interfectus
993 451 1085 506 est
1108 449 1211 524 qui
1229 452 1432 508 Romae
1459 447 1865 521 imperaverat
1887 441 2255 540 Magnentius

2392 447 2644 540 Φωτεινοῦ
2683 446 2910 540 συνόδου
2961 455 3254 524 γεγονυίας,
3287 453 3337 506 ἓν
3365 460 3438 525 τῷ
3481 459 3675 529 μεταξύ
3728 465 3989 540 καθῃρέθη

628 545 685 598 et
729 543 1024 613 tyrannus
1049 540 1216 608 alter,
1260 539 1533 596 Silvanus
1568 539 1835 597 nomine.
1862 541 2076 608 Magna
2101 535 2260 605 igitui

2389 536 2534 604 παρὰ
2560 544 2660 587 τῶν
2685 538 2848 592 αὐτοῦ
2884 549 3192 614 στρατηγῶν
3214 543 3240 594 ό
3271 550 3599 617 τυραννήσας
3629 549 3798 624 Ῥώμη
3811 535 3993 627 sitim/-

629 630 940 688 securitate
970 631 1031 686 in
1059 634 1322 686 veterem
1352 631 1607 685 Romam
1654 629 1957 701 profectus
2007 629 2092 683 est
2130 628 2260 683 Con

2387 626 2594 697 νέντεος,
2625 633 2715 680 καὶ
2747 630 2918 704 ἔτερος
2967 635 3211 708 τύραννος
3337 633 3576 699 Σιλϐανός
3618 643 3778 713 ὄνομα
3802 660 3816 673 '
3857 626 3990 699 κατὰ

629 720 886 778 stantius
909 719 1207 792 jussitquc
1229 717 1535 791 synodum
1562 717 1874 776 Mediolani
1898 715 2046 774 ﬁeri.

2387 713 2579 773 πολλὴν
2627 723 2800 770 τοίνυν
2829 717 3011 773 ἄδειαν
3043 720 3126 774 ἐπὶ
3173 727 3270 781 τὴν
3317 725 3676 801 πρεσϐυτέραν
3711 730 3920 806 ’Ῥώμην
3964 737 3988 787 ό

2389 807 2745 869 Κωνστάντιος
2769 810 2902 885 ὁρμή
2915 830 3027 883 σας,
3054 810 3312 866 ἐκέλευσεν
3342 812 3390 866 ἐν
3420 814 3726 892 Μεδιολάνῳ
3751 827 3987 895 γενέσθαι

2389 891 2629 952 σύνοδον.

2459 983 2547 1044 ιζ’.
2602 986 2682 1040 Ἐν
2738 992 2927 1062 τούτῳ,
2985 993 3122 1045 καθά
3173 1011 3333 1064 φησιν
3386 996 3699 1070 Σωζόμενος,
3759 1001 3830 1064 εἰς
3873 1004 3983 1057 Ἀν-

2384 1077 2619 1144 τιόχειαν
2687 1078 3010 1142 συνελθόντες
3081 1084 3384 1156 Νάρκισσος
3453 1087 3479 1138 ὁ
3542 1087 3974 1165 Εἰρηνουπόλεως,

2384 1168 2474 1215 καὶ
2528 1163 2801 1254 Θεόδωρος
2851 1169 3181 1244 Ἡρακλείας,
3240 1178 3329 1226 καὶ
3368 1174 3606 1246 Εὐγένιος
3652 1179 3679 1230 ὁ
3719 1163 3984 1254 διάδοχος

2386 1251 2668 1324 Θεόγνιδος
2731 1265 2823 1310 τοῦ
2887 1264 3131 1328 Νικαίας,
3187 1266 3276 1315 καὶ
3340 1265 3660 1338 Πατρόφιλος
3729 1251 3988 1325 Σκυθοπό-

2384 1339 2527 1412 λεως,
2581 1350 2672 1398 καὶ
2727 1352 3064 1421 Μηνόφαντος
3119 1351 3144 1402 ὁ
3215 1351 3450 1425 Ἐφέσου,
3505 1360 3593 1408 καὶ
3644 1355 3792 1410 ἄλλοι
3854 1358 3986 1433 ἀμφὶ

2385 1433 2683 1506 τριάκοντα,
2738 1437 2968 1509 ἔγραψαν
3014 1446 3120 1501 τοίς
3166 1451 3445 1514 πανταχοῦ
3501 1442 3804 1509 ἐπισκόποις
3855 1452 3989 1502 κατὰ

2387 1516 2700 1612 Ἀθανασίου
2734 1543 2746 1554 ·
2815 1527 3068 1587 συνῆλθον
3119 1525 3178 1582 δὲ
3221 1530 3288 1592 εἰς
3338 1535 3396 1584 τὸ
3444 1531 3763 1590 Μεδιόλανον
3819 1539 3986 1612 ὀλίγοι

702 998 787 1050 l7.
842 994 1090 1063 Interea,
1121 995 1188 1047 ut
1215 993 1424 1048 narrat
1472 990 1857 1057 Sozomenus,
1890 1004 2029 1045 cum
2077 987 2274 1044 Antio-

625 1083 825 1140 chiam
855 1082 1278 1138 convenissent
1303 1079 1612 1136 Narcissus
1639 1079 1986 1150 lrenopolis,
2015 1082 2073 1134 et
2097 1078 2278 1133 Theo-

623 1173 808 1229 dorus
829 1169 1519 1240 Heracleae,etEugenius
1551 1169 1656 1241 qui
1680 1167 2007 1238 Theognidi
2037 1167 2275 1224 Nicaano

622 1266 995 1320 successerat
1039 1264 1096 1317 et
1138 1260 1507 1333 Petrophilus
1552 1259 1952 1332 Scythopolis,
2002 1263 2059 1314 et
2087 1261 2278 1315 Meno-

623 1355 889 1426 phantus
939 1350 1157 1424 Ephesi
1205 1353 1262 1406 et
1313 1349 1412 1406 alii
1450 1365 1639 1421 prope
1689 1349 1949 1418 triginta,
1985 1348 2276 1404 universis

624 1441 921 1516 episcopis
977 1445 1188 1498 contra
1238 1439 1636 1496 Athanasium
1684 1439 1996 1510 scripsere.
2047 1441 2277 1495 Conve-

623 1534 844 1588 nerunt
914 1536 1116 1587 autem
1180 1529 1581 1586 Mediolanum
1654 1528 1832 1601 pauci
1888 1528 2137 1600 quidem
2203 1544 2276 1585 ex

625 1622 879 1688 Oriente,
941 1620 1071 1677 aliis
1132 1619 1620 1694 praetexentibus,
1674 1622 1741 1674 ut
1794 1618 2113 1674 verisimile
2161 1623 2260 1685 est,

2383 1611 2473 1680 μὲν
2513 1608 2567 1660 ἐκ
2621 1621 2715 1674 τῆς
2771 1613 2894 1685 Ἕω,
2941 1624 3042 1669 τῶν
3092 1617 3277 1686 mm,
3329 1621 3398 1682 ὡς
3447 1620 3603 1690 εἰκός,
3653 1643 3986 1698 προφασισα-

623 1714 987 1768 senectutem
1017 1714 1120 1767 aut
1148 1709 1428 1766 morbum
1452 1712 1556 1765 aut
1573 1708 1796 1765 itineris
1820 1707 2260 1765 difﬁcultatem:

2382 1700 2543 1768 μένων
2595 1709 2760 1776 γῆρας
2807 1704 2834 1762 ᾖ
2895 1709 3045 1758 νόσον
3086 1707 3115 1764 ἦ
3167 1703 3473 1784 ὁδοιπορίαν
3515 1716 3720 1788 μακράν
3750 1731 3762 1744 ·
3821 1717 3879 1768 ἑκ
3929 1714 3986 1769 δε

622 1817 696 1858 ex
739 1799 1055 1858 Occidente
1085 1803 1288 1856 autem
1317 1798 1661 1870 congregati
1700 1802 1841 1854 sunt
1870 1797 2027 1854 ultra
2049 1802 2260 1854 trecen-

2380 1797 2478 1840 τῶν
2542 1789 2822 1863 Ἐσπερίων
2887 1794 3013 1867 ὑπὲρ
3075 1799 3196 1858 τοὺς
3255 1805 3606 1869 τριακοσίους.
3681 1802 3984 1866 Ἀξιούντων

619 1896 733 1948 tos.
789 1889 1187 1947 Orientalibus
1246 1888 1426 1959 igitur
1476 1888 1731 1958 dignum
1787 1888 2270 1945 existimantibus

620 1995 1006 2036 communem
1056 1979 1194 2034 ferri
1221 1982 1429 2035 contra
1462 1977 1855 2033 Athanasium
1887 1978 2266 2048 sententiam,

614 2069 955 2125 restiterunt
981 2067 1230 2140 quidam
1263 2082 1336 2123 ex
1364 2065 1837 2124 occidentalibus
1867 2067 1973 2138 qui
2004 2067 2139 2123 etin
2171 2084 2269 2124 ex-

615 2158 812 2214 silium
864 2157 1035 2214 missi
1082 2161 1242 2226 sunt,
1289 2160 1354 2214 ut
1398 2155 1664 2213 Liberius
1719 2158 1940 2223 Romae,
1982 2157 2268 2214 Paulinus

612 2247 877 2304 Treveris
909 2247 971 2302 in
1019 2247 1240 2314 Galliis,
1274 2246 1596 2318 Dionysius
1645 2245 1812 2301 Albae
1842 2246 1906 2302 in
1935 2246 2120 2315 Italia,
2157 2251 2264 2303 Eu-

598 2337 816 2394 sebius
837 2335 1222 2392 Vercellensis
1250 2335 1312 2390 in
1353 2337 1609 2406 Liguria,
1642 2336 1873 2393 Lucifer
1893 2337 2264 2394 Carallarum

611 2427 674 2484 in
731 2426 1027 2496 Sardinia,
1066 2430 1124 2484 et
1170 2425 1424 2483 Hilarius
1482 2427 1871 2484 Pictaviensis
1903 2427 1966 2483 in
1997 2427 2265 2485 secunda

610 2516 952 2590 Aquitania.

679 2607 767 2662 18.
819 2605 1025 2661 Soluta
1070 2608 1274 2661 autem
1318 2604 1539 2663 inlecta
1566 2621 1629 2662 re
1660 2605 1914 2679 synodo,
1959 2606 2262 2664 Eudoxius

607 2694 996 2751 Germanicite
1026 2709 1166 2750 cum
1205 2693 1509 2751 didicisset
1561 2699 1869 2752 mortuum
1907 2711 2040 2751 esse
2081 2699 2262 2752 Leon-

604 2783 754 2840 tium
786 2783 1111 2840 Antiochia
1136 2783 1197 2840 in
1229 2784 1419 2857 Syria,
1443 2785 1773 2857 postulavit
1797 2786 1875 2842 ab
1900 2787 2260 2858 imperatore

2379 1879 2467 1931 οὖν
2492 1887 2593 1930 τῶν
2625 1879 2939 1935 ἀνατολικῶν
2971 1890 3145 1943 κοινὴν
3176 1884 3481 1961 ἐκφέρεσθαι
3508 1893 3640 1943 κατὰ
3664 1892 3982 1948 Ἀθανασίου

2377 1967 2571 2040 ψῆφον,
2626 1968 2949 2030 ἀντέστησαν
2999 1993 3127 2035 τινες
3182 1984 3284 2027 τῶν
3324 1975 3575 2052 ἑσπερίων
3624 1984 3673 2034 οῖ
3717 1987 3807 2034 καὶ
3853 1989 3983 2059 πρὸς

2378 2059 2654 2134 ὑπερορίαν
2683 2061 3041 2134 ἐπέμφθησαν,
3094 2064 3200 2117 οἶον
3247 2065 3488 2142 Λιϐέριος
3527 2067 3796 2143 όῬώμης,
3841 2081 3982 2126 Παυ-

2376 2149 2506 2211 λῖνος
2537 2151 2562 2202 ό
2605 2149 2888 2226 Τριϐέρεως
2920 2162 3016 2215 τῆς
3043 2152 3092 2206 έν
3136 2155 3396 2220 Γαλλίαις,
3429 2163 3694 2223 Διονύσιος
3724 2164 3750 2213 ό
3779 2162 3978 2226 Ἀλϐης

2375 2247 2470 2300 τῆς
2508 2242 2555 2291 ἐν
2589 2239 2802 2312 Ἰταλίᾳ,
2845 2242 3088 2305 Εὐσέϐιος
3117 2246 3142 2297 ὁ
3183 2246 3464 2321 Βερκέλλων
3517 2257 3613 2312 τῆς
3665 2256 3977 2326 Λιγουρίας,

2373 2332 2636 2402 Λουκίφερ
2684 2329 2709 2379 ὁ
2767 2330 3043 2403 Καράλλων
3094 2341 3185 2394 τῆς
3216 2331 3530 2408 Σαρδανίας,
3565 2343 3654 2392 καὶ
3691 2338 3909 2415 Ἱλάριος
3956 2345 3981 2396 ὁ

2375 2416 2645 2470 Πικτάϐων
2676 2420 2706 2478 ἣ
2735 2423 2988 2492 Ποτάμων
3018 2431 3113 2485 τῆς
3144 2420 3391 2498 δευτέρας
3414 2426 3758 2492 Ἀκυίτανίας.

2445 2594 2531 2654 ιη’.
2566 2596 2862 2671 Ἀπράκτου
2924 2597 2984 2654 δὲ
3038 2609 3131 2663 τῆς
3191 2601 3419 2658 συνόδου
3470 2609 3665 2670 ταύτης
3713 2605 3984 2664 διαλυθεί-

2373 2703 2488 2752 σης,
2559 2683 2814 2751 Εύδόξιος
2887 2689 2913 2741 ό
2989 2696 3355 2764 Γερμανικείας
3428 2695 3735 2757 τελευτῆσαι
3799 2703 3984 2771 μαθὼν

2370 2777 2610 2827 Λεόντιον
2659 2780 2747 2828 τόν
2798 2778 3126 2850 Ἀντιοχείας
3177 2791 3267 2842 τῆς
3315 2786 3454 2836 κατὰ
3510 2789 3717 2861 Συρίαν,
3779 2785 3979 2848 ἐδεήθη

2368 2870 2460 2915 τοῦ
2531 2862 2792 2936 βασιλέως
2867 2865 3154 2922 ἐπανελθεῖν
3222 2868 3323 2923 ἀπὸ
3387 2871 3588 2946 Ῥώμης
3641 2875 3708 2936 εἰς
3774 2882 3984 2951 Γερμα-

2366 2957 2580 3021 νικείαν,
2623 2956 2687 3014 ὡς
2739 2959 3054 3028 χρηζούσης
3098 2958 3257 3011 αὐτοῦ
3302 2969 3398 3022 τῆς
3436 2967 3682 3027 τοιαύτης
3736 2965 3938 3029 πόλεως
3967 2985 3980 2999 ·

2366 3039 2664 3118 ἐπιτραπεὶς
2737 3041 2824 3097 οὗν
2899 3053 3074 3114 τοῦτο,
3144 3049 3404 3122 κατέλαχε
3477 3057 3572 3111 τὴν
3623 3052 3979 3129 Ἀντιόχειαν,

601 2878 668 2930 ut
703 2872 896 2930 redire
943 2878 1151 2946 posset
1181 2875 1370 2930 Roma
1417 2875 1874 2941 Germaniciam,
1907 2891 2040 2947 quae
2070 2876 2260 2949 ipsius

600 2962 861 3019 reditum
891 2962 1192 3036 cupiebat.
1223 2963 1397 3029 Quod
1427 2980 1565 3020 cum
1611 2963 1989 3028 obtinuisset,
2018 2965 2258 3022 sortitus

601 3055 692 3109 est
736 3051 1133 3120 Antiochiam,
1167 3057 1224 3108 et
1248 3052 1610 3109 Arianorum
1652 3053 1872 3125 favore,
1923 3055 2256 3127 praesertim

597 3157 738 3198 vero
763 3141 1070 3212 regiorum
1101 3141 1540 3207 cunuchorum,
1577 3142 1691 3199 sibi
1721 3143 1902 3216 hujus
1939 3144 2107 3201 urbis
2137 3145 2256 3218 epi-

2378 3135 2456 3184 εαὶ
2501 3128 2709 3206 σπουδῇ
2763 3142 2860 3187 τῶν
2893 3135 3186 3208 ’Λρειανῶν,
3240 3139 3474 3211 μάλιστα
3507 3138 3566 3194 δὲ
3619 3150 3716 3194 τῶν
3769 3128 3983 3198 ϐασιλι-

598 3234 917 3301 scopatum
965 3234 1276 3286 assecutus
1309 3233 1418 3288 est.
1464 3234 1754 3288 Caeterum
1790 3231 1964 3289 rediit
1991 3233 2071 3290 ad
2108 3233 2256 3290 Aetii

2378 3229 2466 3274 ιῶν
2524 3221 2808 3296 εὐνούχων,
2847 3232 3212 3301 περιεποίησεν
3273 3229 3434 3302 ἐαυτῷ
3489 3236 3584 3291 τὴν
3640 3231 3824 3288 ἐνθάδε
3867 3235 3982 3289 ἐπι-

597 3317 936 3374 doctrinam
997 3318 1350 3375 dissimilem
1411 3320 1564 3376 Patri
1626 3321 1838 3376 Filium
1913 3320 2251 3391 docentem,

2378 3316 2570 3372 non-73v
2603 3334 2614 3346 ·
2679 3319 2769 3367 καὶ
2821 3314 2998 3368 λοιπὸν
3047 3315 3257 3391 ἐπανῄει
3300 3322 3358 3372 τὸ
3408 3319 3608 3374 Ἀετίου
3651 3319 3831 3395 δόγμα
3887 3330 3981 3378 τὸν

594 3421 723 3463 una
753 3422 892 3463 cum
923 3406 1121 3462 Acacii
1171 3410 1479 3479 Caesareae,
1513 3411 1571 3464 et
1599 3409 1797 3465 Uranii
1829 3410 1965 3481 Cyri
1989 3411 2256 3485 episcopi

2378 3403 2483 3472 l'i0v
2516 3399 2754 3476 ἀνόμοιον
2786 3411 2858 3474 τῷ
2889 3411 3061 3479 Πατρὶ
3094 3403 3336 3481 δοξάζον,
3368 3409 3480 3482 ἅμα
3536 3417 3646 3474 τοῖς
3685 3414 3980 3487 όμόφροσιν

595 3496 955 3553 fautoribus.
1005 3497 1290 3566 Georgius
1316 3501 1520 3553 autem
1552 3498 1859 3554 Laodiceae
1889 3499 1965 3554 de
1989 3499 2105 3556 hac
2145 3502 2253 3556 Eu-

2381 3495 2591 3563 Ακακίῳ
2657 3500 2730 3563 τῷ
2800 3499 3115 3568 Καισαρείας
3188 3502 3278 3550 καὶ
3343 3498 3581 3573 Ούρανίῳ
3643 3509 3714 3572 τῷ
3775 3506 3980 3576 Τύρου,

595 3585 759 3642 doxii
809 3585 1199 3642 innovatione
1230 3586 1466 3643 monuit
1503 3585 1786 3644 Basilium
1830 3588 2098 3661 Ancyrae,
2143 3593 2256 3648 Ma-

2378 3584 2616 3653 Γεώργιος
2691 3579 2750 3634 δὲ
2826 3584 2851 3634 ὁ
2927 3581 3244 3647 Λαοδικείας
3335 3587 3596 3642 ἐπέστειλε
3683 3596 3803 3664 περὶ
3880 3603 3983 3658 τῆς

594 3676 918 3734 cedonium
945 3676 1333 3748 Mopsuestiae,
1357 3681 1414 3732 et
1442 3679 1838 3750 Necropceum
1862 3677 2250 3750 Nicomediae;

2378 3671 2612 3732 τοιαύτης
2707 3667 2967 3734 Εύδοξίου
3063 3681 3454 3751 νεωτεροποιίας
3553 3678 3802 3751 Βασιλείῳ
3904 3693 3982 3754 τῷ

594 3765 720 3840 qui,
766 3765 1072 3822 Eustathio
1127 3765 1410 3835 Sebastae,
1463 3769 1521 3822 et
1568 3765 1800 3823 Eleusio
1832 3767 2019 3840 Cyzici
2060 3768 2253 3839 juncti

2381 3758 2645 3831 Αγκύρας,
2715 3764 2805 3812 καὶ
2881 3763 3192 3835 Μακεδονίῳ
3267 3772 3339 3835 τῷ
3412 3765 3805 3837 Μοψουεστίας,
3883 3777 3982 3824 καὶ

591 3853 944 3927 imperatori
996 3853 1161 3926 quod
1195 3852 1518 3910 accidisset
1559 3853 1936 3924 indicavere;
1968 3861 2248 3926 rogantes

2378 3851 2660 3920 Ἷεκροποίῳ
2714 3856 2786 3918 τῷ
2831 3847 3194 3922 Νικομηδείας
3234 3869 3246 3883 ·
3295 3854 3366 3921 οἳ,
3423 3854 3800 3928 προσλαϐόντες
3860 3861 3980 3912 Εὑ-

591 3947 755 4002 utea
782 3944 934 4000 ﬁdes
962 3942 1315 4017 praevaleret
1365 3957 1502 4016 quae
1533 3943 1674 4001 dicit
1706 3943 1915 4000 Filium
1948 3961 2074 4001 non
2110 3961 2250 4003 con-

2378 3936 2576 3987 ττάθιον
2615 3939 2701 3988 τὸν
2759 3937 3070 4001 Σεϐαστείας
3107 3946 3196 3994 καὶ
3257 3943 3520 3996 Ἐλεύσιον
3563 3948 3650 3997 τὸν
3711 3947 3975 4020 Κυζίκου,

596 4033 1077 4104 substantialem,
1103 4031 1209 4088 sed
1235 4032 1488 4090 similem
1513 4036 1731 4090 natura
1761 4034 1932 4105 Patri,
1971 4035 2097 4092 sive
2125 4051 2251 4092 non

2378 4032 2432 4095 τῷ
2487 4023 2699 4097 βασιλεῖ
2740 4030 2798 4078 τὸ
2857 4033 3068 4100 γεγονὸς
3120 4027 3412 4098 ἐδήλωσαν,
3474 4032 3736 4096 αἰτοῦντες
3773 4032 3980 4096 ἐκείνην

595 4121 1193 4184 consubstantialem;
1217 4127 1276 4178 et
1297 4125 1360 4177 ut
1383 4121 1424 4177 ii
1440 4122 1544 4194 qui
1566 4121 2138 4180 consubstantialem
2163 4124 2251 4180 di-

2378 4122 2564 4188 ιρατεῐν
2611 4119 2704 4175 τὴν
2755 4121 2934 4170 πίστιν
2987 4120 3016 4178 ἡ
3059 4119 3193 4191 λέγει
3223 4124 3308 4172 τὸν
3340 4123 3458 4174 Υίόν
3512 4122 3625 4195 ούχ,
3666 4125 3976 4196 ὁμοούσιον,

597 4215 817 4279 cerent,
841 4210 1306 4283 deponerentur.
1334 4211 1430 4268 His
1457 4211 1738 4284 precibus
1761 4228 2037 4269 annuens
2065 4213 2251 4286 impe-

2378 4203 2471 4256 ὶλλ’
2528 4206 2702 4278 ὅμοιον
2733 4215 2804 4278 τῷ
2832 4212 3001 4282 Πατρὶ
3035 4209 3152 4261 κατ’
3191 4209 3374 4264 ούσίαν
3421 4215 3522 4265 εἶτε
3561 4211 3933 4287 ἁνομοιούσιον
3961 4232 3976 4247 ³

594 4303 776 4364 rator,
811 4314 965 4371 quas
1010 4299 1332 4371 caeteroqui
1362 4299 1440 4355 ab
1489 4299 1618 4355 aliis
1649 4300 1947 4374 episcopis
1976 4301 2259 4376 laudatas

2378 4296 2478 4354 τοὺς
2525 4291 2583 4346 δε
2633 4295 2875 4368 λέγοντας
2924 4299 3202 4370 ὁμοούσιον
3254 4302 3645 4371 καθαιρεῖσθαι.
3691 4302 3980 4376 Δεξάμενος

596 4387 950 4461 reperiebat,
981 4403 1202 4459 nempe
1234 4404 1270 4444 a
1301 4388 1539 4444 Valente
1569 4391 1796 4458 Mursae,
1840 4391 2080 4446 Ursacio
2111 4392 2252 4461 Sigi-

2378 4377 2424 4434 δὲ
2473 4387 2568 4440 τήν
2608 4387 2815 4442 αἴτησιν
2855 4390 3050 4438 τούτων
3091 4388 3115 4439 ό
3149 4386 3416 4460 βασιλεὺς,
3457 4395 3548 4442 καὶ
3587 4392 3743 4463 εὑρὼν
3771 4396 3980 4454 ταύτην

597 4477 792 4547 donis,
823 4477 1123 4532 Germano
1169 4477 1385 4544 Sirmii,
1417 4478 1716 4533 Auxentio
1762 4476 2093 4544 Mediolani,
2146 4483 2253 4536 De-

2378 4477 2834 4546 τυνεπαινουμένην
2903 4478 2990 4528 καὶ
3057 4476 3179 4548 παρ’
3249 4477 3430 4553 ἐτέρων
3493 4477 3805 4551 ἐπισκόπων,
3863 4481 3981 4537 οἷον

595 4565 867 4639 mophilo
901 4569 1150 4622 Berroeae
1168 4565 1228 4620 in
1253 4565 1521 4629 Thracia,
1540 4565 1801 4622 decrevit
1830 4566 2255 4626 celebrandam

2378 4561 2650 4624 ῡύάλεντος
2705 4565 2978 4637 Μούρσης,
3047 4565 3348 4631 Ούρσακίου
3419 4565 3716 4640 Σιγηδόνος,
3777 4575 3980 4644 Γερμι-

595 4671 729 4714 esse
759 4655 969 4711 Nicaeae
999 4654 1326 4727 synodum.
1350 4655 1784 4712 Hecusantibus
1815 4660 2018 4712 autem
2049 4657 2120 4714 iis
2149 4646 2256 4732 qui

2378 4654 2474 4702 ρίου
2528 4656 2757 4725 Σιρμίου,
2810 4653 3084 4716 Αύξεντίου
3124 4652 3478 4727 Μεδιολάνων,
3521 4657 3818 4731 Δημοφίλου
3853 4663 3979 4737 Βερ-

594 4746 1022 4820 imperatorem
1043 4743 1602 4813 circumdabant,eo
1617 4744 1781 4818 quod
1798 4745 1941 4801 olim
1958 4745 2018 4802 in
2035 4747 2252 4806 eadem

2378 4738 2502 4801 Ξοίας
2531 4747 2626 4802 τῆς
2675 4743 2911 4813 Θρᾴκης,
2961 4744 3151 4818 ἔκρινεν
3191 4742 3483 4797 ἐπιτελέσαι
3524 4742 3744 4798 σύνοδον
3782 4744 3832 4799 ἐν
3869 4755 3981 4803 Νι-

594 4835 745 4892 urbe
806 4834 880 4891 de
942 4833 1218 4890 doctrina
1275 4833 1633 4905 quaestiones
1682 4834 1917 4905 agitatae
1974 4836 2247 4906 fuissent,

2378 4833 2504 4900 ιαίᾳ.
2561 4835 3038 4903 Παραιτησαμένων
3079 4829 3138 4884 δὲ
3171 4842 3270 4884 τῶν
3317 4832 3449 4907 ἀμφὶ
3502 4833 3843 4907 τὸνβασιλέα
3873 4835 3984 4894 διὰ

593 4923 822 4998 placuit
864 4922 1030 4979 illam
1074 4920 1434 4978 Nicomediae
1483 4920 1633 4978 ﬁeri.
1666 4925 1812 4980 Cum
1845 4927 2049 4981 autem
2078 4929 2246 4983 terra:

595 5019 796 5073 motus
825 5029 961 5070 eam
1005 5011 1380 5078 vastavisset,
1430 5028 1672 5070 rursum
1711 5012 2016 5071 decretum
2047 5021 2134 5072 est
2182 5020 2248 5074 ut

592 5106 799 5162 Nicaeae
827 5106 996 5161 ﬁeret
1019 5105 1311 5176 synodus.
1361 5107 1689 5177 Imperator
1737 5109 1940 5164 autem
1988 5108 2246 5166 mutavit

593 5195 969 5266 sententiam,
1029 5201 1086 5254 et
1140 5195 1418 5254 Seleuciae
1473 5196 1535 5252 in
1593 5197 1819 5256 Isauria
1867 5213 2002 5254 eam
2055 5198 2244 5256 voluit

589 5287 962 5359 congregari.

658 5452 744 5506 19.
759 5448 1217 5507 Considerantes
1236 5452 1437 5508 autem
1458 5449 1498 5507 ii
1519 5450 1624 5525 qui
1651 5443 1904 5508 Eudoxii
1933 5453 2134 5524 partes
2156 5454 2238 5508 te-

579 5539 946 5598 nebantfore
975 5544 1041 5596 ut
1067 5556 1188 5598 non
1213 5545 1460 5615 possent
1488 5540 1773 5598 omnibus
1793 5541 2090 5613 episcopis
2110 5556 2234 5599 una

577 5631 952 5704 congregatis
971 5632 1336 5706 persuadere
1366 5635 1432 5688 ut
1450 5629 1742 5688 dissimile
1763 5632 2118 5704 acciperent,
2136 5648 2231 5704 sy-

2356 4921 2415 4970 τὸ
2450 4923 2540 4971 καὶ
2569 4919 2729 4971 πάλαι
2772 4918 2954 4974 ἐνθάδε
2983 4926 3076 4980 τὴν
3110 4927 3229 4994 περὶ
3270 4931 3359 4975 τοῦ
3401 4920 3666 4997 δόγματος
3696 4925 3979 4998 σύμϐῆνοιι

2357 5008 2602 5074 ζήτησιν,
2633 5005 2777 5072 ἔδοξε
2807 5013 3001 5069 ταύτην
3041 5014 3089 5063 ἐν
3139 5010 3476 5086 Νικομηδείᾳ
3521 5016 3762 5085 γενέσθαι
3786 5032 3798 5044 ·
3855 5035 3978 5071 σει-

2357 5105 2492 5170 σμοῦ
2551 5094 2610 5151 δὲ
2667 5099 2796 5172 αὐτῇ
2860 5098 3232 5171 ἐνσκήψαντος,
3275 5102 3427 5154 πάλιν
3485 5102 3664 5176 ἐκρίθη
3713 5108 3972 5176 ’γενέσθαι

2353 5191 2449 5245 τὴν
2481 5183 2699 5239 σύνοδον
2731 5187 2778 5240 ἐν
2804 5193 3001 5261 Νικαίᾳ
3023 5205 3036 5219 ⁸
3072 5189 3613 5264 μεταϐουλευσάμενος
3663 5189 3714 5244 δ’
3745 5193 3770 5244 ὁ
3803 5192 3982 5267 βασι-

2351 5274 2482 5347 λεὺς,
2511 5274 2560 5327 ἐν
2592 5275 2855 5350 Σελευκείᾳ
2879 5285 2976 5340 τῆς
3008 5278 3268 5354 Ἰσαυρίας
3302 5280 3464 5339 αὐτὴν
3497 5281 3746 5340 ἠθέλησεν
3787 5281 3980 5360 ἀθροι-

2351 5367 2567 5425 σθῆναι.

2419 5453 2504 5510 ιθ’.
2540 5457 2889 5528 Λογισάμενοι
2923 5453 2982 5511 δὲ
3029 5460 3078 5511 οἱ
3126 5462 3242 5531 περὶ
3298 5455 3551 5524 Εύδόξιον
3592 5461 3678 5527 ὡς,
3721 5461 3977 5520 ἁπάντων

2344 5543 2474 5614 ὁμοῦ
2539 5552 2638 5596 τῶν
2704 5543 3000 5600 ἐπισκόπων
3055 5545 3464 5622 ἀθροιζομένων,
3512 5549 3606 5601 ούκ
3655 5549 3714 5601 ἂν
3772 5552 3978 5620 αύτούς

2343 5628 2611 5691 δυνηθεῖεν
2661 5641 2841 5690 πεῖσαι
2898 5639 2956 5688 τὸ
3023 5635 3265 5710 ἁνόμοίον
3321 5635 3748 5716 παραδέξασθαι,
3815 5663 3976 5717 μερι-
