4040 6318
165 332 222 386 25
1469 323 1821 383 THESAURI
1858 325 1988 382 LIB.
2029 328 2120 383 VI.
3449 331 3518 386 26

165 457 362 517 σθείσης
394 449 460 507 6“;
507 460 599 516 τῆς
646 447 874 506 συνόδου
1070 457 1316 507 πείσουσι
1377 456 1500 515 τοὺς
1525 450 1752 521 ὀλίγους,

1869 451 2033 507 nodo
2061 457 2261 510 autem
2287 453 2611 512 dissociata
2640 453 2871 510 facilius
2898 454 3022 510 fore
3051 457 3116 510 ut
3138 455 3350 527 paucis
3377 469 3519 526 per-

164 547 570 618 παρεσκεύασαν,
605 547 1047 618 συμπραττόντων
1096 543 1277 606 αύτοίς
1327 551 1423 596 τῶν
1472 541 1754 612 εὐνούχων,

165 629 248 685 δύο
266 634 515 704 γενέσθαι
547 635 645 694 τὰς
683 628 960 701 συνόδους,
991 639 1089 683 τῶν
1254 630 1503 702 ἑσπερίων
1550 631 1759 682 ἐπισκό-

167 743 256 774 rm
293 722 344 775 ἐν
385 722 646 794 ’Δριμίνῳ
685 730 784 784 τῆς
826 721 1071 790 Ἰταλίας,
1102 729 1204 774 τῶν
1234 718 1295 774 δὲ
1326 720 1458 792 ἑῴων
1498 719 1547 772 ἐν
1576 717 1756 771 Σελευ-

165 817 262 883 κείᾳ
288 820 385 873 τῆς
417 811 697 884 Ἰσαυρίας
719 833 734 846 ο
781 815 872 864 καὶ
917 812 1000 863 ἵνα
1039 815 1106 864 τὰ
1141 811 1305 864 πολλὰ
1349 812 1634 882 συντέμνω,
1663 814 1756 860 τοῦ

167 910 245 964 τῆς
261 907 535 976 μακαρίας
561 901 758 965 λήξεως
785 900 990 954 Παύλου
1016 904 1103 954 τόν
1132 909 1224 962 τῆς
1262 899 1535 974 ὁμολογίας
1565 902 1754 970 στέφα-

165 1011 234 1042 νον
270 990 558 1063 εἰληφότος,
630 989 992 1061 ἰιντεισάγεται
1040 986 1387 1056 Μακεδόνιος,
1427 992 1492 1049 ὡς
1554 989 1616 1039 οἷν
1675 1006 1757 1049 τις

168 1083 264 1152 cirri
292 1085 482 1142 σκότος
517 1083 719 1154 ἡμέρας
766 1076 1049 1152 διάδοχον·
1091 1079 1187 1132 Ἦν
1237 1076 1296 1132 δὲ
1333 1081 1400 1131 τὰ
1445 1080 1536 1151 μὲν
1574 1085 1757 1152 πρῶτα

169 1174 536 1243 συμφερόμενος
566 1177 676 1232 τοῖς
723 1174 841 1244 περὶ
874 1169 1116 1223 Ἀκάκιον
1165 1172 1251 1221 τὸν
1310 1172 1624 1241 Καισαρείας
1659 1176 1756 1228 τῆς

170 1258 532 1321 Παλαιστίνης,
562 1263 654 1311 καὶ
683 1263 802 1311 οὔτε
850 1260 1150 1330 ὁμοιούσιον
1189 1267 1263 1330 τῷ
1291 1262 1458 1332 Πατρὶ
1505 1257 1642 1328 ἔλεγε
1667 1259 1754 1308 τόν

169 1351 287 1417 Υἱὸν,
354 1347 466 1400 ἀλλ’
499 1349 714 1420 ὅμοιον·
775 1351 904 1421 μετὰ
965 1345 1024 1401 δί
1083 1352 1141 1400 τό
1204 1349 1579 1422 καθαιρεθῆναι
1625 1349 1753 1420 πρὸς

167 1436 347 1488 ἀείνων
371 1436 840 1510 ἀποχρησαμένων
866 1445 928 1510 τῇ
959 1438 1076 1490 κατ’
1110 1437 1270 1489 αὐτοῦ
1302 1437 1430 1510 ὀργῇ
1464 1444 1555 1488 τού
1585 1433 1752 1508 βασι-

169 1527 272 1588 λέως
315 1533 707 1594 Κωνσταντίου,
755 1528 827 1588 οἷς
874 1532 962 1580 τὸν
1008 1531 1183 1601 νεκρόν
1226 1534 1318 1580 τοῦ
1369 1529 1562 1602 πατρὸς
1592 1526 1753 1578 αὐτοῦ

172 1622 545 1670 Κωνσταντίνου
611 1625 702 1670 τοῦ
767 1618 1006 1688 Μεγάλου
1080 1621 1393 1692 παρεκίνησε
1426 1658 1440 1683 ,
1499 1620 1588 1668 καὶ
1652 1623 1752 1668 τῶν

171 1705 370 1758 ἐντεῦθεν
410 1715 628 1778 σφαγῶν
655 1706 875 1779 ἀνεφάνη
917 1710 1098 1777 αἰτιος,
1129 1711 1247 1779 περὶ
1283 1702 1342 1760 δὲ
1369 1708 1562 1758 τούτων
1592 1705 1750 1758 εἰπεῖν

1870 541 2214 611 suaderent,
2241 548 2604 600 curaverunt
2630 559 2700 600 ex
2728 545 3144 600 cunuchorum
3167 543 3518 600 auctoritate

1867 633 1932 684 ut
1959 629 2095 687 duae
2126 633 2341 704 synodi
2359 633 2586 703 ﬁerent,
2606 633 3070 690 occidentalium
3087 633 3516 706 episcoporum

1865 718 2134 777 Ariminii
2163 722 2222 778 in
2251 723 2436 791 Italia,
2466 723 2845 781 orientalium
2886 729 3090 780 autem
3143 723 3424 781 Seleuciae
3454 723 3514 780 in

1866 811 2110 867 Isauria.
2141 816 2333 885 Atque
2371 819 2437 869 ut
2464 813 2816 870 brevissime
2839 814 3055 879 dicam,
3088 812 3279 870 beatae
3310 811 3516 869 condi-

1865 899 2042 956 tionis
2075 901 2259 958 Paulo
2287 903 2686 960 confessionis
2730 919 3018 960 coronam
3048 903 3268 975 adepto
3301 901 3517 958 sufﬁci-

1864 993 1962 1044 tur
1992 991 2396 1060 Macedonius,
2424 998 2490 1048 ut
2534 993 2615 1048 ita
2663 992 2880 1059 dicam,
2922 993 3096 1065 quasi
3135 996 3271 1064 post
3316 992 3516 1048 lucem

1865 1077 2140 1134 tenebrae.
2177 1081 2311 1136 Erat
2341 1085 2542 1136 autem
2593 1081 2856 1154 primum
2908 1080 3107 1137 Acacii
3144 1081 3425 1137 Caesareae
3453 1080 3515 1136 in

1863 1167 2186 1224 Palaestina
2213 1169 2457 1225 asseclis
2488 1170 2864 1225 consentiens
2889 1185 3086 1242 neque
3124 1170 3332 1225 Filium
3362 1167 3517 1225 Patri

1862 1256 1924 1312 in
1955 1257 2290 1314 substantia
2321 1257 2577 1315 similem
2609 1275 2745 1315 esse
2774 1258 3031 1325 diccbat,
3056 1259 3161 1314 sed
3185 1262 3418 1315 tantum
3441 1257 3515 1313 si-

1862 1346 2102 1414 milem;
2147 1352 2473 1421 postquam
2518 1353 2720 1404 autem
2755 1347 3063 1420 depositus
3083 1353 3173 1402 est
3201 1347 3279 1403 ab
3308 1347 3380 1402 iis
3410 1346 3517 1418 qui

1864 1437 2204 1493 Constantis
2256 1437 2634 1510 imperatoris
2689 1439 2779 1493 ira
2831 1437 3236 1492 ahi'tohantur
3283 1436 3342 1491 in
3375 1450 3516 1491 eum

1862 1525 2232 1595 indignantis
2280 1543 2352 1582 eo
2401 1527 2568 1600 quod
2614 1527 2980 1582 Constantini
3036 1526 3219 1598 patris
3259 1525 3516 1581 cadaver

1860 1613 1994 1670 loco
2023 1622 2294 1672 moverat
2319 1623 2375 1673 et
2394 1617 2647 1672 recentis
2679 1616 2860 1673 caedis
2876 1632 3063 1674 causa
3091 1616 3284 1671 fuerat
3302 1614 3398 1686 (de
3423 1613 3514 1669 his

1861 1703 2125 1761 diximus
2153 1711 2368 1776 antea),
2399 1706 2752 1779 aliquandiu
2786 1721 2970 1778 prope
3015 1704 3194 1778 Pylas
3219 1703 3515 1773 Bithynia:

172 1797 388 1866 ἓῃθημεν,
423 1792 656 1869 διέτριϐε
685 1798 775 1868 μὲν
816 1800 888 1857 ε’ίς
921 1816 972 1848 τι
1003 1801 1121 1868 περὶ
1166 1795 1339 1856 Πύλας
1380 1803 1476 1857 τῆς
1517 1796 1751 1855 Βιθυνίας

1864 1793 2062 1851 locum
2105 1801 2516 1851 commoratus
2571 1800 2684 1865 est,
2736 1795 2838 1851 ubi
2871 1799 2928 1851 et
2971 1799 3248 1850 mortuus
3275 1796 3382 1848 est.
3422 1791 3515 1848 Ad

174 1890 366 1958 χωρίον,
398 1887 522 1937 ἔνθα
546 1890 637 1937 καὶ
676 1883 1001 1943 ἐτελεύτησε·
1032 1888 1160 1957 πρὸς
1199 1880 1257 1937 δι
1295 1889 1417 1946 τοὺς
1446 1892 1538 1937 τοῦ
1579 1884 1749 1958 ἑτέρου

174 1976 333 2044 μέρους
384 1977 506 2032 ἤτοι
563 1977 682 2034 τοὺς
741 1972 1087 2048 Ἡμιαρείους,
1147 1979 1281 2046 φημὶ
1349 1970 1408 2026 δι
1460 1977 1580 2036 τοὺς
1619 1973 1751 2046 ἀμφὶ

178 2069 400 2138 Γεὼργιον
447 2067 537 2115 τὸν
590 2060 908 2126 Λαοδικείας
964 2068 1054 2116 καὶ
1107 2063 1368 2116 Βασίλειον
1424 2067 1509 2115 τόν
1568 2063 1752 2134 Ἀγκύ-

175 2171 272 2222 ρας,
311 2152 565 2216 ἀπέκλινε,
615 2157 707 2205 καὶ
752 2157 842 2206 τὸν
875 2157 992 2206 Υἰόν
1030 2153 1142 2206 κατ’
1173 2153 1361 2215 αύτούς
1409 2149 1752 2225 ἐδογμάτιζεν

177 2243 472 2313 ὁμοιούσιον.

233 2435 290 2496 κ’,
321 2439 684 2513 Αἱρεσιάρχης
725 2434 784 2491 δέ
824 2437 1174 2510 φιλοτιμηθεὶς
1219 2437 1592 2514 ἀναρρηθῆναι,
1639 2457 1752 2490 και-

175 2532 348 2600 νοτιρόν
388 2548 438 2580 τι
483 2531 894 2602 προσεπενόησε,
955 2533 1045 2580 καὶ
1100 2525 1447 2603 σφοδρότερον
1505 2527 1752 2586 ἐλύττησε

178 2621 286 2670 κατὰ
335 2624 425 2670 τοῦ
493 2617 648 2690 ἁγίου
708 2619 1036 2690 Πνεύματος·
1100 2625 1253 2671 τοῦτο
1303 2621 1403 2693 γὰρ
1453 2623 1542 2671 καὶ
1597 2619 1645 2670 οἱ
1691 2622 1750 2670 τό

177 2708 446 2777 ὁμοιούσιον
475 2707 788 2779 εἰσάγοντες,
832 2711 924 2759 καὶ
967 2708 1016 2759 οἰ
1054 2710 1112 2759 τό
1144 2710 1318 2780 ὅμοιον
1355 2707 1624 2783 ληροῦντες
1661 2716 1750 2769 τῆς

179 2794 329 2856 οὐσίας
380 2801 582 2869 χωρὶς,
631 2801 722 2848 καὶ
776 2795 946 2857 ἁπλῶς
991 2798 1040 2849 οὶ
1087 2795 1188 2848 ἀπὸ
1234 2796 1508 2872 Ἀρειανῶν
1570 2800 1751 2859 πάντες

177 2889 351 2956 κτίσμα
385 2890 476 2957 μὲν
505 2885 680 2957 ἴλεγον
716 2890 924 2938 καὶτοῦ
955 2888 1078 2938 Υἱοῡ
1124 2882 1550 2960 καταδεέστερον,
1587 2888 1746 2958 ὅμως,

179 2967 218 3024 δ’
245 2970 322 3025 οὖν
350 2983 409 3046 τῇ
438 2975 572 3048 ἁγίᾳ
599 2971 797 3050 Τριάδι
836 2977 1218 3049 συνηρίθμουνο
1268 2976 1417 3037 οὗτος
1447 2972 1506 3028 δὲ
1535 2977 1561 3027 ό
1590 2978 1750 3028 κατά-

177 3081 310 3135 ρατος
336 3064 404 3126 εἰς
427 3069 521 3122 τὴν
559 3061 793 3138 Τριάδος
822 3064 949 3117 αὐτὸ
982 3064 1243 3137 θεολογίαν
1276 3064 1747 3138 συναναλαμϐάνειν

1860 1899 1963 1939 eos
1994 1901 2130 1939 vero
2153 1885 2255 1956 qui
2273 1885 2519 1940 alteram
2545 1889 2775 1956 partem
2797 1883 3261 1948 constituebant,
3287 1881 3517 1937 Semia'

1860 1974 2062 2030 rianos
2093 1989 2332 2046 nempe,
2379 1973 2619 2042 Georgii
2680 1973 3009 2042 Laodiceae,
3038 1971 3234 2027 Basilii
3264 1972 3514 2041 Ancyrae

1861 2063 2122 2119 fautores
2146 2063 2484 2131 declinavit,
2518 2068 2571 2118 et
2607 2063 2838 2129 Filium,
2870 2063 3023 2118 sicut
3045 2067 3100 2117 et
3124 2059 3260 2134 ipsi,
3284 2061 3344 2116 in
3375 2059 3515 2116 sub-

1863 2153 2082 2210 stantia
2108 2151 2262 2208 Patri
2288 2151 2543 2207 similem
2571 2167 2703 2206 esse
2727 2151 2956 2210 docuit.

1931 2440 2024 2493 20.
2084 2437 2487 2494 Haeresiarcha
2543 2441 2744 2495 autem
2800 2437 3128 2494 renuntiari
3186 2438 3514 2509 peroptans

1860 2541 2086 2583 novum
2109 2527 2336 2600 aliquid
2364 2528 2740 2599 excogitavit,
2766 2532 2821 2583 et
2849 2527 2910 2583 in
2931 2525 3261 2600 quamdam
3293 2523 3514 2581 violen-

1859 2616 2070 2673 tiorem
2101 2617 2332 2673 rabiem
2364 2623 2575 2674 contra
2631 2617 2916 2690 Spiritum
2966 2621 3242 2672 sanctum
3283 2613 3509 2670 incidit.

1859 2705 2031 2760 Illum
2058 2706 2218 2762 enim
2249 2711 2305 2762 et
2333 2707 2437 2780 qui
2463 2706 2669 2763 Filium
2693 2705 3031 2762 substantia
3053 2704 3308 2760 similem
3327 2703 3512 2759 ﬁnxe-

1856 2799 1995 2852 rant
2032 2800 2088 2852 et
2141 2797 2246 2869 qui
2303 2798 2557 2853 similem
2600 2813 2730 2854 esse
2785 2797 3044 2853 dicendo
3093 2795 3511 2864 deliraverant,

1858 2890 2100 2958 excepta
2127 2887 2485 2955 substantia,
2521 2893 2706 2960 utque
2735 2902 2858 2943 uno
2887 2886 3072 2942 verbo
3094 2885 3315 2949 dicam,
3338 2887 3512 2957 quot-

1857 2983 2005 3049 quot
2032 2977 2284 3034 Arianas
2301 2983 2501 3050 partes
2531 2977 2836 3045 tenebant,
2863 2983 3199 3034 creaturam
3223 2975 3511 3047 Spiritum

1859 3065 2158 3135 dicebant,
2229 3066 2490 3139 Filioque
2553 3067 2888 3132 minorem,
2955 3066 3124 3121 illum
3183 3069 3384 3120 tamen
3448 3062 3511 3118 in

179 3148 411 3220 ἐξέκλινεν,
443 3155 661 3226 οῖμοιρον
689 3151 817 3206 εἶναι
846 3153 1004 3225 λέγων
1035 3162 1134 3206 τῶν
1160 3157 1404 3207 τοιούτων
1436 3153 1746 3228 πρεσϐείων,

1864 3164 2070 3211 sancta
2097 3155 2374 3220 Trinitatc
2428 3155 2971 3221 connumerabant,
3004 3154 3098 3210 ille
3147 3157 3349 3209 autem
3388 3166 3511 3208 sce-

184 3235 394 3293 ὃιάκονόν
422 3262 476 3294 τε
495 3248 588 3296 καὶ
615 3244 882 3316 ὑπηρέτην
901 3237 1088 3312 καλῶν,
1117 3249 1208 3296 καὶ
1249 3245 1350 3296 ὅσα
1377 3248 1495 3319 περὶ
1525 3241 1748 3315 ἀγγέλων

182 3329 409 3402 τιςλέγων
439 3332 533 3384 ούκ
573 3331 634 3383 ἂν
663 3332 891 3407 ἁμάρτοι
915 3354 927 3365 ·
958 3333 1069 3384 ὅθεν
1105 3333 1261 3395 αύτός
1307 3351 1362 3384 τε
1390 3337 1480 3384 καὶ
1524 3334 1554 3391 ἡ
1588 3333 1750 3386 αὐτοῦ

185 3424 418 3494 συμμορία
467 3423 911 3493 πνευματομάχοι
948 3424 1092 3496 παρὰ
1130 3431 1230 3474 τῶν
1271 3419 1564 3496 ὄρθοδόξων
1602 3422 1751 3480 ἐκλὴ-

185 3507 344 3563 θησαν.
409 3509 658 3573 Ηύξησαν
721 3507 781 3563 δὲ
846 3510 1078 3583 μάλιστα
1140 3516 1234 3570 τὴν
1298 3513 1497 3583 αἰρεσιν
1557 3515 1750 3570 ταύτην

183 3600 483 3671 Μαραθώνιος
531 3600 557 3651 ό
615 3595 1000 3672 Νικομηὸείας,
1056 3598 1140 3672 ἀφ’
1190 3600 1279 3652 οὗν
1335 3605 1424 3652 καὶ
1484 3603 1750 3675 Μαραθω-

184 3691 318 3739 νιανοὶ
345 3691 468 3762 πρός
494 3708 649 3741 τινων
701 3691 750 3740 οἱ
806 3685 1188 3742 Μακεδονιανοὶ
1226 3690 1628 3761 ὠνομάσθησαν,
1661 3695 1752 3744 καὶ

187 3772 411 3837 Ἐλεύσιος
454 3778 479 3831 6
523 3778 784 3838 Κυζίκου.
842 3777 1126 3830 Ἰουλιανοῦ
1195 3774 1254 3831 δι
1319 3777 1748 3852 βασιλεύσαντος,

189 3860 337 3928 ἀδείας
372 3875 432 3940 τῇ
490 3872 857 3922 Κωνσταντίου
910 3867 1118 3942 τελευτῇ
1178 3868 1452 3942 λαϐόμενοι
1507 3873 1555 3922 οἱ
1593 3891 1750 3923 πνευ-

191 3957 457 4028 ματομάχοι
490 4001 504 4028 ,
564 3959 634 4008 ὧν
693 3955 754 4016 ἦν
805 3958 1070 4021 Βασίλειος
1117 3960 1143 4010 6
1189 3957 1462 4034 Ἀγκύρας,
1515 3959 1753 4021 Σιλϐανός

192 4042 482 4117 ὁΤαρσοῦ,
542 4047 839 4109 Εύστάθιος
903 4049 928 4098 6
995 4047 1341 4114 Σεϐαστείας,
1406 4048 1666 4109 Ἐλεύσιος
1726 4051 1751 4101 ό

193 4132 412 4202 Κυζίκου,
470 4141 794 4197 Παυσίνικος
845 4137 870 4188 6
925 4137 1124 4204 Ζὴλων,
1194 4143 1435 4200 Λεόντιος
1479 4140 1504 4190 6
1557 4140 1752 4211 Κωμά-

192 4240 282 4286 νων,
309 4223 689 4299 Καλλίστρατος
721 4227 747 4278 6
794 4225 1234 4294 Καλλιουπόλεως,
1266 4227 1512 4300 Θεόφιλος
1551 4229 1576 4279 ὁ
1615 4234 1753 4281 Κασ-

191 4309 403 4380 ταϐάλων,
463 4320 752 4391 Σωφρόνιος
789 4317 814 4368 6
870 4317 1362 4389 Πομπηϊουπόλεως,
1404 4323 1493 4370 καὶ
1532 4320 1581 4370 οἱ
1627 4321 1752 4370 τού-

193 4417 266 4450 των
307 4403 591 4478 ὁμόφρονες,
640 4405 712 4468 εἰς
754 4402 890 4458 ἴδιον
939 4409 1191 4477 σύστημα
1240 4403 1606 4481 διεκρίθησαν,
1662 4413 1753 4459 καὶ

195 4487 530 4546 Μακεδονιανοὶ
618 4494 894 4547 καλεῖσθαι
971 4505 1194 4570 φανερῶς
1280 4496 1499 4571 ἤρξαντο
1534 4541 1547 4564 ,

198 4575 321 4643 ὁδους
368 4589 420 4636 τί
479 4605 624 4645 τινας
683 4587 1055 4658 ποιησάμενοι,
1115 4590 1238 4648 τοὺς
1314 4585 1445 4658 ἀμφὶ
1512 4585 1755 4640 Ἀκάκιον

200 4665 501 4746 ἁπεκήρυξαν.

252 4847 333 4903 ια’.
376 4850 628 4904 Ἰοϐιανού
697 4849 757 4904 6's
821 4859 912 4913 τῆς
972 4850 1248 4925 βασιλείας
1299 4851 1752 4923 ἕπιϐατεύσαντος,

205 4930 365 5001 βιϐλίον
400 4941 533 5012 αύτῷ
584 4937 812 5002 δεήσεως
859 4937 1081 5010 ἔδωκαν,
1139 4940 1392 5004 ἀξιοῦντες
1447 4941 1755 5004 ἐξωθεῖσθαι

203 5031 277 5072 τῶν
325 5025 600 5088 ἐκκλησιῶν
660 5035 783 5093 τοὺς
846 5034 904 5082 τὸ
973 5029 1212 5103 ἀνόμοιον
1288 5028 1703 5103 δογματίζοντας
1737 5077 1752 5102 ,

205 5108 549 5189 ἐπεισάγεσθαι
611 5117 671 5173 δὲ
727 5121 942 5182 ἑαυτούς
983 5124 1046 5182 ὡς
1095 5125 1153 5174 τό
1219 5123 1498 5194 όμοούσιον
1563 5125 1755 5197 κηρύτ-

204 5217 358 5266 mm.
409 5208 464 5261 Ὀ
527 5206 588 5262 δὲ
658 5207 905 5282 βασιλεὺς
970 5208 1348 5285 ἂναποκρίτονς
1409 5213 1592 5272 αύτούς
1659 5210 1753 5264 ἀπ-

206 5291 358 5364 έπεμψε
387 5337 400 5360 ,
453 5304 606 5371 μόνον
671 5306 826 5352 τοῦτο
885 5297 1312 5373 ἐπιφθεγξάμενος
1353 5344 1366 5370 ,
1425 5307 1598 5372 μισεῖν
1662 5303 1753 5372 μὲν

204 5377 480 5456 σιλονιικίαν,
821 5384 881 5442 δὲ
945 5393 1064 5450 τοὺς
1109 5397 1172 5461 τῇ
1233 5390 1446 5462 ὁμονοίᾳ
1501 5394 1752 5464 προστρέ-

207 5485 374 5536 χοντας.
409 5482 705 5535 Τηνικαῦτα
752 5474 812 5530 δὲ
858 5479 885 5530 ὁ
933 5477 1210 5550 φιλόνεικος
1259 5482 1449 5552 τρόπος
1494 5487 1595 5531 τῶν
1635 5483 1752 5552 περὶ

207 5553 400 5615 ’Διάκιον
445 5565 774 5639 ἐξηλέγχετο,
816 5572 906 5620 καὶ
953 5569 1018 5629 ὡς
1086 5570 1266 5626 εἴησαν
1325 5569 1404 5621 ἀεὶ
1449 5571 1579 5642 πρὸς
1634 5572 1751 5630 τοὺς

209 5659 464 5719 κρατοῦντας
521 5655 901 5720 ἀποκλίνοντες.
968 5656 1291 5721 Συνελθόντες
1355 5661 1457 5734 γὰρ
1525 5656 1573 5710 ἒν
1637 5657 1749 5712 Ἀν-

1858 3244 2042 3300 lcstus
2090 3243 2150 3298 in
2181 3243 2409 3300 Triadis
2453 3244 2752 3316 theologia
2802 3259 2942 3299 eum
3001 3240 3512 3314 comprehendere

1858 3333 2073 3394 renuit.
2110 3333 2238 3388 talis
2266 3332 2573 3403 dignitatis
2600 3349 2723 3390 non
2745 3333 3098 3406 participem
3120 3346 3251 3387 esse
3281 3330 3508 3400 dicens,

1859 3421 2326 3494 ministrumquc
2351 3427 2409 3478 ct
2429 3438 2670 3478 servum
2695 3438 2834 3478 eum
2858 3437 3106 3489 vocans,
3128 3421 3320 3492 iisque
3340 3423 3512 3474 utens

1858 3511 2209 3566 nominibus
2230 3511 2452 3583 quibus
2480 3527 2555 3567 nc
2586 3511 2783 3582 angeli
2813 3510 3060 3585 quidem
3089 3522 3515 3579 nuncuparen-

1860 3604 1970 3657 tur.
1990 3599 2156 3656 Unde
2172 3600 2298 3672 ipse
2324 3607 2381 3656 et
2403 3601 2532 3671 ejus
2552 3601 2817 3658 consocii
2831 3600 3080 3673 Spiritus
3094 3599 3285 3655 sancti
3305 3597 3511 3653 adver—

1862 3689 2004 3746 sarii
2023 3688 2100 3745 ab
2121 3689 2472 3745 orthodoxis
2501 3690 2786 3762 appellati
2806 3694 2961 3745 sunt.
2989 3691 3286 3744 Auxerunt
3311 3690 3515 3743 autem

1859 3777 2017 3834 hanc
2060 3777 2337 3834 htercsim
2387 3779 2793 3834 Marathonius
2833 3778 3211 3847 Nicomediae,
3243 3792 3278 3832 a
3308 3791 3432 3848 quo
3458 3778 3516 3831 et

1861 3867 2288 3924 Marathoniani
2322 3883 2358 3924 a
2409 3868 2716 3925 nonnullis
2757 3867 3164 3926 Macedoniani
3221 3863 3518 3922 nominati

1862 3962 2092 4025 sunt,et
2116 3957 2383 4014 Eleusius
2429 3959 2640 4030 Cyzici.
2671 3958 2908 4013 Juliano
2931 3963 3133 4012 autem
3159 3957 3515 4027 imperante,

1862 4046 2238 4102 securitatem
2270 4062 2341 4101 ex
2372 4047 2699 4102 Constantii
2720 4051 2912 4101 morte
2937 4046 3138 4117 adepti
3160 4048 3514 4115 pneumato-

1861 4134 2081 4205 machi,
2108 4150 2177 4189 ex
2202 4150 2465 4206 quorum
2487 4150 2740 4190 numero
2762 4139 2934 4190 erant
2963 4133 3215 4190 Basilius
3241 4137 3514 4204 Ancyra,

1865 4224 2140 4280 Silvanus
2167 4225 2351 4293 Tarsi,
2384 4224 2727 4280 Eustathius
2757 4223 3060 4290 Sebastiee,
3111 4221 3379 4278 Eleusius
3408 4223 3520 4294 Cy-

1863 4313 1992 4381 zici,
2036 4313 2386 4368 Pausinicus
2418 4312 2710 4379 Zelarum,
2748 4313 3023 4369 Leontius
3053 4314 3354 4377 Comance,
3388 4310 3517 4367 Cal-

1862 4401 2130 4457 listratus
2183 4401 2548 4474 Calliopolis,
2606 4403 2967 4475 Theophilus
3031 4401 3350 4467 Castabali,
3413 4403 3516 4458 So-

1634 4516 1752 4548 συν·
1787 4511 1832 4566 D
1865 4491 2156 4563 phronius
2222 4491 2682 4565 Pompeiopolis,
2740 4507 3072 4564 eorumque
3139 4489 3401 4560 asseclaa,
3456 4490 3518 4546 in

1863 4580 2177 4652 quoddam
2210 4581 2522 4654 proprium
2547 4581 2866 4652 collegium
2886 4580 3125 4636 discreti
3152 4583 3308 4649 sunt,
3329 4585 3386 4635 et
3405 4581 3520 4636 Ma-

1864 4669 2183 4726 cedoniani
2208 4671 2409 4726 vocari
2440 4671 2758 4727 manifeste
2780 4675 3108 4743 coeperunt,
3132 4669 3521 4742 synodosque

1863 4759 2168 4827 facientes,
2197 4759 2394 4816 Acacii
2421 4759 2682 4817 fautores
2713 4760 3330 4816 excommunicaverc.

1933 4853 2019 4904 21.
2044 4849 2299 4906 Joviano
2327 4849 2406 4906 ad
2430 4851 2657 4922 regiam
2680 4851 3032 4921 dignitatem
3054 4854 3279 4920 evecto,
3297 4848 3520 4904 librum

1863 4938 1941 4995 illi
1971 4939 2342 5010 rogatorium
2373 4939 2687 5006 dederunt,
2721 4940 3099 5014 postulantes
3131 4945 3195 4994 ut
3223 4938 3301 4994 ab
3339 4936 3522 4993 eccle-

1865 5029 1965 5084 siis
2005 5034 2352 5085 arcerentur
2381 5031 2486 5102 qui
2512 5030 2722 5087 Filium
2749 5046 2872 5086 non
2896 5030 3151 5086 similem
3191 5044 3320 5084 esse
3346 5026 3522 5084 doce-

1865 5118 2032 5190 bant,
2066 5118 2180 5190 ipsi
2210 5133 2354 5176 vero
2384 5119 2926 5186 introducerentur,
2952 5123 3016 5174 ut
3036 5116 3519 5175 consubstantia-

1859 5207 1980 5264 lem
2008 5207 2473 5280 proclamantes.
2507 5212 2840 5281 Imperator
2887 5211 3088 5264 autem
3127 5205 3260 5262 illos
3288 5207 3522 5279 absque

1863 5298 2156 5353 sententia
2195 5297 2444 5367 dimisit,
2499 5297 2650 5354 illud
2697 5303 2935 5353 tantum
2968 5296 3222 5364 addens,
3276 5313 3338 5353 se
3366 5296 3525 5353 rixa-

1860 5401 1996 5441 rum
2020 5385 2274 5458 cupidos
2305 5386 2528 5454 odisse,
2561 5387 2805 5458 diligere
2829 5401 2970 5442 vero
2992 5402 3094 5444 eos
3125 5387 3230 5459 qui
3267 5385 3347 5443 ad
3385 5402 3523 5444 con-

1861 5474 2129 5531 cordiam
2162 5481 2572 5549 properarent.
2594 5478 2743 5532 Tum
2765 5474 3034 5534 rixarum
3061 5476 3330 5534 studium
3352 5476 3520 5551 apud

1860 5564 2064 5622 Acacii
2113 5565 2374 5622 fautores
2430 5565 3004 5638 reprehendebatur,
3073 5566 3376 5640 simulque
3434 5567 3519 5623 cis

1857 5651 2301 5727 objurgabatur
2329 5655 2497 5730 quod
2519 5670 2758 5730 semper
2779 5656 2857 5716 ad
2876 5657 3241 5731 potentiores
3263 5655 3522 5714 declina-
