4040 6318
474 269 546 325 27
1783 266 2052 326 NICE'M'J
2091 265 2131 322 C

2246 266 2462 323 ἪΑΤΔΕ

3768 270 3861 326 28

476 396 629 452 rent.
657 394 1090 455 Convenientes
1112 394 1272 452 enim
1302 394 1661 452 Antochiam
1683 394 1890 467 Syriae,
1916 394 1978 450 in
2007 391 2125 451 col-

2246 396 2445 464 τιοχείᾳ
2500 398 2597 453 τῆς
2651 395 2873 465 Συρίας,
2924 390 2997 453 εἰς
3046 389 3247 463 ¹λόγους
3312 393 3557 467 ἔρχονται
3607 392 3860 467 Μελετίῳ

476 481 752 556 quuium
783 500 921 541 cum
946 484 1172 542 Meletio
1200 500 1438 552 venere,
1473 486 1578 558 qui
1596 524 1597 527 η
1616 483 2127 541 consubstantiale

479 573 758 631 docebat.
782 579 982 647 Atque
1010 574 1091 632 ita
1129 580 1398 645 egerunt,
1426 579 1752 648 postquam
1778 590 1918 631 eum
1940 574 2129 630 hono-

476 666 678 720 ratum
700 664 902 721 videre
925 663 1005 719 ab
1030 664 1390 735 imperatore
1432 664 1515 721 ibi
1546 670 1688 721 tunc
1714 664 1998 737 temporis
2028 663 2129 720 de-

425 760 429 764 '
479 755 676 822 gente.
708 750 1215 823 Communiigitur
1236 755 1528 811 sententia
1553 754 1876 811 concilium
1898 757 2129 826 septem

479 844 538 897 et
577 841 787 911 viginti
836 840 1259 914 episcoporum
1321 858 1748 912 convocavere,
1808 843 2129 915 libelloque

478 930 835 1003 composito,
881 930 1395 989 consubstantiale
1432 932 1690 989 confessi
1720 938 1895 999 sunt;
1940 936 1999 988 et
2034 932 2130 989 Ni-

477 1035 710 1077 caanam
734 1019 919 1075 ﬁdem
946 1021 1377 1079 conﬁrmantes
1415 1021 1584 1078 illum
1622 1022 1967 1095 imperatori
2005 1027 2129 1078 tra—

477 1109 700 1165 didere.
734 1112 1031 1166 Praaerant
1051 1110 1192 1167 huic
1232 1111 1467 1183 synodo
1497 1111 1757 1169 Meletius
1783 1111 2127 1179 Antiochiae,

478 1199 766 1254 Eusebius
799 1200 1150 1270 Samosata,
1203 1200 1455 1256 Aeacius
1515 1203 1817 1268 Caesareae,
1856 1200 2131 1273 Pelagius

479 1289 787 1346 Laodiceae
807 1290 871 1345 in
899 1290 1083 1363 Syria,
1117 1290 1481 1346 Athanasius
1507 1293 1787 1363 Ancyrae.

548 1382 638 1434 22.
674 1378 783 1434 Ubi
813 1383 1017 1435 autem
1050 1378 1494 1436 Valentinianus
1518 1385 1576 1436 et
1604 1381 1815 1437 Valens
1834 1381 2133 1453 imperare

479 1472 811 1539 coeperunt,
844 1483 1057 1532 omnes
1081 1469 1490 1526 Macedoniani
1514 1470 1883 1542 deputarunt
1911 1486 2022 1543 pro
2067 1486 2131 1526 se

474 1556 744 1626 legatum
771 1556 851 1612 ad
888 1556 1371 1614 Valentinianum
1396 1562 1698 1631 Hypatam
1735 1560 1993 1616 Perinthi
2014 1560 2132 1632 epi-

480 1660 759 1719 scopum,
809 1651 1094 1717 rogantes
1147 1651 1214 1703 ut
1270 1648 1384 1704 sibi
1434 1648 1635 1706 liceret
1701 1649 2017 1705 convenire
2054 1648 2134 1706 ad

2236 480 2573 556 πρεσϐεύοντι
2598 485 2657 534 τὸ
2689 483 2999 555 όμοούσιον·
3042 488 3197 533 τοῦτο
3248 477 3308 534 δὲ
3348 480 3618 553 ἐποίησαν,
3653 479 3853 541 ἐπειδὴ

2236 574 2522 643 τιμώμενον
2570 572 2670 624 ὑπὸ
2727 578 2819 641 τοῦ
2864 569 3124 644 βασιλέως
3173 571 3340 643 ἑώρων
3388 570 3495 625 ἐκεῖ
3544 576 3660 625 τότε
3721 570 3860 626 διοί-

2235 678 2415 730 γοντος
2439 680 2451 693 ·
2484 669 2628 735 κοινῇ
2662 657 2749 715 οὖν
2779 667 2958 734 γνώμη
2995 657 3215 714 σύνοδον
3245 660 3580 735 ἀθροίσαντες
3628 661 3858 717 ἐπισκό-

2236 768 2344 801 πων
2375 748 2506 805 έπτὰ
2532 754 2621 803 καὶ
2669 754 2856 818 εἴκοσι,
2898 748 3103 823 βιϐλίον
3152 752 3522 819 συντάττουσι,
3553 750 3858 825 καθομολο-

2236 846 2396 909 γοῡσι
2423 858 2479 892 τε
2499 843 2556 892 τὸ
2587 841 2866 913 ὀμοούσιον
2888 861 2900 874 ·
2942 845 3033 893 καὶ
3067 846 3156 899 τὴν
3195 840 3243 893 ἐν
3280 846 3476 914 Νικαίᾳ
3511 860 3856 914 κυρωσαντες

2236 932 2437 995 πίστιν,
2480 937 2552 1000 τῷ
2595 928 2808 1003 βασιλεῖ
2846 939 3000 984 τοῦτο
3050 927 3352 985 δεδώκασι·
3390 934 3612 1003 ἡγοῦντο
3652 928 3711 984 δι
3740 939 3856 993 τῆς

2241 1015 2467 1071 συνόδου
2506 1023 2698 1082 τούτης
2726 1020 2971 1082 Μελέτιος
3008 1022 3355 1093 Ἀντιοχείας,
3389 1020 3637 1084 Εὐσέϐιος
3667 1028 3853 1094 Σαμο-

2241 1109 2433 1173 σάτων,
2459 1108 2701 1171 Ἀκάκιος
2745 1114 3086 1183 Καισαρείας,
3124 1110 3375 1183 Πελάγιος
3405 1107 3725 1174 Λαοδικείας
3743 1118 3855 1172 τῆς

2238 1200 2375 1251 κατὰ
2404 1203 2611 1273 Συρίαν,
2646 1198 2951 1261 Ἀθανάσιος
2972 1201 3251 1273 Ἀγκύρας.

2310 1376 2419 1450 κβ“.
2467 1376 2610 1451 ’Ἅμα
2668 1375 2727 1431 δὲ
2794 1387 2866 1450 τῷ
2932 1377 3250 1451 βασιλεῦσαι
3315 1377 3686 1432 Οὐαλεντιανὸν
3750 1382 3858 1433 καὶ

2242 1466 2520 1535 Οὐάλεντα,
2566 1471 2750 1529 πάντες
2805 1471 2855 1521 οἱ
2912 1464 3293 1521 Μακεδονιανοὶ
3322 1466 3663 1542 προεϐάλοντο
3714 1470 3857 1544 ὑπὲρ

2242 1556 2436 1609 ἑαυτῶν
2465 1556 2693 1632 πρέσϐυν
2746 1561 2872 1631 πρὸς
2916 1557 3286 1611 Οὐαλεντιανόν
3316 1560 3555 1611 Ύπάτιον
3596 1561 3681 1610 τὸν
3727 1564 3861 1611 Πει-

2241 1648 2419 1720 ρίνθου
2451 1644 2752 1716 ἐπίσκοπον,
2783 1646 3045 1709 ἀξιοῦντες
3083 1646 3432 1720 ἐπιτραπῆναι
3479 1646 3736 1700 συνελθεῖν
3758 1645 3857 1700 ἐπὶ

478 1735 896 1806 corrigendam
929 1736 1287 1794 doctrinam.
1341 1740 1668 1811 Respondit
1694 1746 1895 1796 autem
1925 1740 2134 1797 Valen-

2246 1733 2526 1811 διορθώσει
2575 1744 2667 1788 τοῦ
2724 1732 3007 1808 δόγματος.
3056 1734 3114 1788 Ὀ
3164 1733 3224 1789 δὲ
3281 1736 3655 1798 Οὐαλεντιανὸς
3703 1738 3800 1809 ἔφη
3834 1755 3851 1770 ·

476 1825 742 1881 tinianus
775 1846 804 1876 «
835 1825 970 1883 Mihi
994 1842 1118 1883 non
1149 1826 1284 1884 licet
1335 1828 1399 1885 in
1449 1830 1658 1902 populi
1701 1830 1911 1885 ordine
1936 1830 2134 1902 posito

478 1913 620 1971 talia
640 1915 865 1985 agitare
889 1932 903 1982 ;
942 1916 1281 1972 sacerdotes
1314 1934 1452 1974 vero
1479 1918 1700 1990 quibus
1729 1919 1804 1975 de
1832 1918 1927 1975 his
1948 1923 2132 1976 rebus

476 2018 624 2059 cura
647 2008 757 2070 est,
790 2019 897 2075 per
927 2006 1160 2077 seipsos
1187 2021 1555 2080 quocunque
1576 2007 1894 2077 voluerint,
1923 2024 2135 2064 conve-

476 2092 667 2148 niant.
710 2093 917 2149 Statim
956 2093 1136 2164 igitur
1187 2095 1269 2151 illi
1325 2098 1725 2169 Lampsacum
1774 2113 2132 2170 convenere,

477 2181 754 2254 duosque
803 2199 1047 2239 menses
1086 2183 1577 2241 deliberationem
1630 2186 1918 2248 habuere.
1951 2191 2008 2242 et
2035 2187 2136 2243 de-

477 2275 793 2327 creverunt
823 2271 986 2327 irrita
1016 2288 1149 2327 esse
1178 2289 1315 2344 quae
1342 2275 1667 2330 Antiochiae
1695 2275 1773 2330 ab
1799 2275 1946 2347 ipsis
1976 2275 2135 2331 facta

477 2360 716 2417 fuerant
745 2365 801 2416 et
831 2360 1046 2417 melius
1097 2378 1225 2417 esse
1261 2362 1468 2443 Filium
1501 2364 1655 2420 Patri
1696 2365 2034 2422 substantia
2060 2365 2136 2421 si-

477 2449 682 2506 milem
727 2465 855 2522 esse
912 2451 1166 2523 opinari.
1228 2452 1326 2507 His
1382 2453 1665 2520 deﬁnitis,
1732 2453 2007 2510 redeunti
2062 2470 2135 2511 ex

476 2536 726 2596 Thracia
771 2538 997 2595 Valenti
1048 2540 1211 2610 (cum
1267 2540 1446 2597 fratre
1499 2542 1662 2597 enim
1705 2545 1959 2599 Romam
2001 2558 2135 2615 pro-

474 2626 777 2684 ﬁciscente
823 2627 1202 2699 aliquantum
1249 2628 1477 2685 itineris
1522 2630 1783 2702 fecerat),
1835 2632 2134 2688 Heracleae

476 2719 890 2773 occurrerunt.
932 2716 1042 2782 Qui
1068 2717 1317 2790 quidem
1347 2718 1417 2774 iis
1447 2718 1635 2776 suasit
1655 2734 1731 2775 ne
1758 2719 1835 2776 ab
1865 2720 2132 2778 Eudoxio

477 2804 883 2863 dissentirent.
937 2805 1037 2862 Hic
1083 2810 1286 2863 autem
1340 2807 1685 2864 Macedonio
1738 2812 2149 2885 successerat,

476 2895 891 2970 Eunomioque
923 2899 981 2951 et
1004 2895 1133 2967 ejus
1164 2895 1499 2953 fautoribus
1528 2899 1963 2955 consentiebat.
1986 2901 2133 2956 Cum

476 2986 678 3041 autem
701 2985 1061 3052 renuissent,
1086 3000 1189 3041 eos
1222 2986 1284 3041 in
1306 2986 1582 3043 exsilium
1606 2987 1690 3043 ire
1712 2988 1901 3057 jussit.
1926 2991 2135 3046 Postea

2246 1827 2391 1899 Ἐμοὶ
2416 1826 2474 1878 οὐ
2509 1828 2655 1899 θέμις
2692 1829 2823 1899 μετὰ
2852 1826 2977 1879 λαοῦ
3000 1831 3295 1899 τεταγμένῳ
3339 1830 3406 1879 τὰ
3434 1834 3658 1879 τοιαῦτα
3684 1826 3851 1879 πολυ-

2241 1924 2556 1992 πραγμονεῖν
2578 1939 2588 1949 -
2619 1919 2667 1969 οἱ
2702 1913 2736 1969 δ
2740 1920 2761 1969 ὲ
2793 1919 2937 1992 ἱερεῖς
2966 1918 3043 1979 οἷς
3070 1919 3263 1969 τούτων
3284 1915 3443 1988 μέλει,
3477 1918 3598 1982 καθ,
3626 1916 3854 1979 ἑαυτοὺς

2243 2007 2341 2065 ὅπη
2378 2004 2667 2079 βούλονται
2687 2012 3000 2060 συνίτωσαν.
3031 2005 3196 2067 Εὐθὺς
3224 2002 3312 2058 οὖν
3359 2005 3541 2059 ἐκεῖνοι
3587 2005 3848 2065 συνῆλθον

2242 2096 2315 2157 εἰς
2345 2095 2658 2169 Λαμψακόν,
2690 2100 2780 2148 κκὶ
2825 2092 2921 2148 δύο
2975 2094 3380 2169 βουλευσάμενοι
3429 2104 3617 2168 μῆνας,
3654 2094 3852 2169 ἐψηφί-

2243 2205 2400 2238 σαντο
2435 2187 2606 2259 οἷκυρα
2632 2183 2760 2238 εἶναι
2785 2189 2849 2239 τὰ
2870 2185 2920 2238 ἐν
2948 2186 3247 2259 Ἀντιοχείᾳ
3265 2206 3393 2261 παρ,
3417 2186 3587 2239 αὐτῶν
3609 2205 3850 2260 πεπραγ-

2243 2280 2389 2348 μένα,
2417 2281 2507 2328 καὶ
2526 2283 2729 2351 κρατεῖν
2757 2278 2817 2328 τὸ
2845 2280 3020 2348 ὅμοιον
3048 2272 3288 2338 δοξάζειν
3317 2285 3389 2347 τῷ
3416 2281 3585 2352 Ιιατρὶ
3613 2279 3699 2328 τὸν
3720 2279 3850 2329 Υἰόν

2242 2367 2357 2418 κατ’
2379 2364 2561 2418 οὐσίαν
2590 2387 2601 2399 ·
2644 2373 2809 2418 ταῦτα
2830 2367 3100 2439 ὁρίσαντες
3130 2365 3385 2418 ἐπανιόντι
3416 2374 3489 2438 τῷ
3512 2365 3765 2419 Οὐάλεντι
3788 2366 3847 2419 ἐκ

2241 2463 2337 2516 τῆς
2390 2458 2601 2530 Θρᾴκης
2663 2451 2746 2526 (ἦν
2788 2457 2889 2528 γὰρ
2950 2451 3315 2528 ἁποδημοῦντι
3367 2464 3440 2527 τῷ
3498 2452 3703 2528 ἀδελφῷ
3773 2456 3850 2519 εἰς

2239 2544 2438 2617 Ῥώμην
2468 2549 2634 2618 μέχρι
2662 2547 2800 2606 τινὸς
2852 2544 3232 2615 συναπελθὼν),
3260 2544 3309 2599 ἐν
3337 2544 3613 2619 Ἡρακλείᾳ
3666 2549 3854 2620 περιέ-

2240 2653 2425 2706 τυχον.
2456 2633 2515 2686 Ὁ
2574 2630 2633 2686 δὲ
2675 2633 2945 2708 ἐπέτρεψεν
2990 2634 3168 2696 αὐτοῖς
3207 2638 3277 2694 μὴ
3330 2630 3674 2708 διαφέρεσθαι
3715 2636 3853 2709 πρὸς

2240 2720 2520 2786 Εὐδόξιον·
2580 2719 2641 2780 ἦν
2686 2720 2746 2775 δὲ
2796 2724 2941 2783 οὗτος
2985 2719 3358 2796 διαδεξάμενος
3394 2720 3713 2777 Μακεδόνιον
3753 2728 3853 2776 καὶ

2245 2816 2491 2885 σύμφρων
2514 2813 2748 2886 Εὐνομίῳ
2774 2816 2864 2865 καὶ
2893 2819 3003 2875 τοῖς
3026 2815 3163 2865 κατὰ
3190 2820 3390 2867 τοῦτον.
3417 2812 3557 2867 Ἐπεὶ
3583 2809 3643 2867 δὲ
3670 2811 3848 2865 ἀντει-

2239 2923 2355 2969 πον,
2397 2902 2653 2956 ἐκελενσεν
2711 2903 2896 2963 αὐτοὺς
2951 2904 3393 2978 ὑπερορισθῆναι·
3452 2908 3723 2976 μετέπειτα
3785 2899 3850 2956 δὲ

2243 2992 2453 3064 ἀγαγὼν
2504 2992 2763 3046 Ἐλεύσιον
2836 2991 3071 3053 ἐϐιάζετο
3131 2998 3387 3045 κοινωνεῖν
3454 2989 3691 3064 Εὐδοξίῳ
3746 3000 3847 3054 τῆς

468 3082 618 3130 vero
650 3073 957 3133 Eleusium
982 3073 1239 3145 reduxit,
1266 3075 1582 3148 coegitque
1608 3080 1672 3132 ut
1692 3093 1831 3132 eum
1866 3077 2131 3133 Eudoxio

2246 3088 2488 3144 πίστεως.
2517 3081 2574 3134 Ὁ
2622 3078 2680 3134 δὲ
2722 3085 2779 3134 τό
2827 3086 2917 3154 μέν
2958 3090 3159 3155 πρῶτον
3190 3084 3492 3136 άντέτεινεν·
3523 3079 3633 3141 εἶτα
3662 3083 3850 3156 ὑπερο-

474 3162 539 3218 in
594 3161 714 3219 ﬁde
779 3163 1160 3220 consentiret.
1224 3168 1304 3219 Ac
1357 3165 1653 3238 principio
1721 3166 1817 3221 ille
1879 3166 2131 3235 restitit;

476 3250 694 3307 deinde
715 3267 858 3307 vero
883 3251 1160 3307 exsilium
1183 3256 1240 3307 et
1265 3252 1684 3325 expulsionem
1710 3253 2132 3325 reformidans,

438 3340 644 3412 'quod
664 3341 874 3412 jussus
904 3346 1047 3413 erat,
1080 3341 1252 3408 fecit;
1293 3348 1353 3399 at
1393 3343 1592 3399 statim
1648 3360 1787 3400 eum
1834 3345 2131 3417 pcenituit.

477 3429 756 3502 Cyzicum
782 3430 942 3486 enim
966 3431 1206 3498 rediens
1237 3436 1552 3504 peccatum
1580 3449 1758 3488 suum
1789 3434 1849 3489 in
1879 3434 2136 3490 ecclesia

477 3519 787 3577 confessus
817 3524 926 3589 est,
960 3536 1222 3594 suosque
1270 3521 1541 3578 hortatus
1571 3525 1663 3578 est
1710 3528 1776 3578 ut
1807 3523 1919 3579 sibi
1949 3524 2134 3579 alium

477 3608 831 3682 episcopum
870 3610 1174 3682 eligerent,
1231 3627 1303 3667 eo
1356 3612 1522 3684 quod
1580 3613 1710 3684 ipse
1776 3614 2134 3671 necessitate

477 3699 827 3770 compulsus
876 3700 1182 3773 propriam
1213 3701 1552 3758 doctrinam
1610 3702 1940 3760 abnuisset.
1970 3702 2132 3775 Cyzi-

476 3788 607 3844 ceni
642 3792 846 3845 autem
876 3805 986 3845 suo
1016 3805 1162 3861 erga
1191 3806 1331 3846 eum
1364 3806 1569 3847 amore
1602 3791 1741 3846 victi
1772 3790 1928 3847 illius
1956 3792 2136 3848 haere-

477 3877 590 3934 sim
617 3893 743 3935 non
772 3878 1090 3948 admisere,
1123 3894 1405 3937 mansere
1435 3896 1579 3935 vero
1606 3884 1818 3951 postea
1844 3880 1958 3937 sub
1980 3880 2135 3936 illius

476 3967 951 4038 gubernatione;
982 3985 1108 4042 quo
1154 3969 1384 4038 audito,
1423 3968 1730 4024 Eudoxius
1770 3970 2135 4026 Eunomium

475 4056 537 4112 in
561 4058 750 4131 Cyzici
781 4059 1200 4131 episcopatum
1227 4058 1544 4131 proposuit

546 4152 635 4204 23.
664 4148 908 4219 Expulsi
965 4153 1106 4204 sunt
1152 4147 1230 4204 ab
1263 4147 1535 4204 Eudoxio
1587 4146 2136 4219 Constantinopolis

475 4234 760 4308 episcopo
786 4239 844 4291 et
871 4234 1114 4291 Valente
1136 4235 1504 4308 imperatore
1530 4250 1655 4291 non
1676 4234 1863 4291 modo
1875 4236 1982 4308 qui
2000 4251 2139 4292 con-

477 4323 938 4397 substantialem
989 4324 1196 4380 Filium
1245 4324 1706 4396 proﬁtebantur,
1750 4324 1856 4380 sed
1909 4325 2038 4395 jam
2081 4327 2138 4381 et

476 4414 599 4488 ipsi
619 4412 1066 4480 Macedoniani;
1099 4414 1203 4486 qui
1232 4413 1517 4484 injuriam
1559 4429 1683 4469 non
1718 4412 1996 4480 ferentes,
2025 4418 2138 4471 sta—

470 4509 716 4563 tuerunt
745 4503 824 4560 ad
853 4503 1235 4576 imperatoris
1262 4504 1505 4560 fratrem
1530 4508 1588 4559 et
1610 4503 1690 4559 ad
1712 4502 2013 4575 Liberium
2028 4507 2138 4560 Ro-

475 4608 591 4650 nite
612 4591 966 4663 episcopum
1006 4590 1354 4661 confugere,
1387 4607 1599 4647 eorum
1641 4590 1825 4647 ﬁdem
1856 4591 2138 4664 amplecti

475 4697 661 4755 quam
676 4697 814 4737 cum
826 4678 1097 4738 Eudoxio
1113 4680 1565 4737 communicare
1587 4679 1993 4753 praeferentes.
2017 4681 2136 4738 Mit-

476 4770 1179 4842 tuntigiturEustathium
1198 4769 1550 4827 Sebastimet
1562 4769 1872 4827 Silvanum
1884 4770 2062 4843 Tarsi,
2082 4774 2139 4827 et

472 4859 868 4934 Theophilum
890 4858 1193 4915 Castabali
1223 4860 1284 4915 in
1307 4857 1536 4927 Cilicia;
1571 4858 1678 4932 qui
1698 4862 2025 4932 postquam
2050 4860 2134 4916 Li-

473 4949 708 5007 berium
730 4947 952 5020 adiere,
981 4947 1193 5015 Arium
1226 4935 2004 5004 condemnantet’similiter
2032 4965 2137 5019 eos

444 5039 581 5112 ’ίΙυοί
613 5038 746 5117 Arip
778 5036 1235 5094 consentiebant
1277 5037 1527 5110 ejusque
1571 5037 1911 5093 doctrinam
1956 5038 2137 5094 doce-

472 5129 642 5195 bant,
669 5127 946 5198 rejiciunt
973 5130 1176 5183 autem
1205 5142 1453 5182 omnem
1491 5126 1753 5183 haeresim
1793 5126 1932 5183 ﬁdei
1963 5128 2139 5184 Nicae-

406 5222 409 5225 λ
474 5233 569 5274 nae
624 5217 1031 5285 contrariam;
1074 5220 1132 5272 et
1178 5215 1693 5272 consubstantiale
1753 5215 2141 5272 solummodo

472 5304 795 5378 recipiunt,
829 5304 889 5361 in
922 5320 993 5361 eo
1040 5321 1225 5361 sensu
1254 5303 1421 5378 quod
1472 5304 1604 5360 hzec
1649 5321 1765 5360 vox
1799 5304 2142 5361 substantia

477 5395 735 5452 similem
775 5394 1161 5466 signiﬁcaret.
1213 5395 1380 5451 Hanc
1435 5410 1647 5452 eorum
1696 5393 2141 5451 confessionem

476 5484 760 5556 scriptam
820 5484 1118 5557 accipiens
1172 5484 1489 5551 Liberius,
1540 5500 1683 5540 cum
1735 5482 1848 5540 illis
1889 5500 2137 5542 causam

476 5574 596 5650 egit
605 5593 627 5647 ,ν
645 5573 973 5648 litterisque
1009 5574 1087 5632 ab
1121 5572 1223 5632 illo
1257 5574 1549 5648 acceptis,
1588 5574 1652 5630 in
1686 5572 1946 5631 Siciliam
1976 5574 2142 5631 navi-

2243 3177 2361 3247 ρίας
2400 3175 2563 3244 φυγὴν
2610 3177 2700 3224 καὶ
2740 3168 2999 3245 δήμευσιν
3050 3167 3336 3241 δειλιάσας,
3391 3174 3448 3224 τὸ
3505 3173 3850 3248 προσταχθὲν

2244 3260 2423 3314 ἐποίει·
2452 3266 2542 3313 καὶ
2568 3260 2714 3321 εὐθὺς
2730 3260 3050 3334 μετεμέλετο,
3077 3258 3359 3314 ἐπανελθὼν
3377 3264 3478 3335 γὰρ
3501 3261 3573 3323 εἰς
3596 3261 3849 3335 Κύζικον³

2244 3356 2336 3409 τὴν
2383 3350 2637 3423 ἁμαρτίαν
2670 3349 2749 3403 ἐπὶ
2787 3357 2878 3411 τῆς
2925 3348 3206 3412 ἐκκλησίας
3244 3350 3526 3422 ἐξήγγειλε,
3555 3355 3645 3404 καὶ
3676 3354 3854 3413 ζητεῖν

2246 3440 2445 3502 ἑαυτοῖς
2470 3442 2639 3514 ἕτερον
2665 3442 2947 3493 ἐπίσκοπον
2979 3442 3240 3514 ἐπέτρεπε,
3274 3436 3415 3493 διότι
3444 3440 3601 3502 αὐτὸς
3643 3438 3849 3514 ἀνάγκη

2244 3533 2302 3582 τὸ
2334 3530 2520 3583 οἰκεῖον
2565 3531 2831 3604 ἠρνήσατο
2891 3526 3087 3602 δόγμα.
3145 3529 3432 3591 Κυζικηνοὶ
3475 3527 3554 3596 δὲ,
3612 3537 3675 3602 τῇ
3727 3535 3855 3605 περὶ

2244 3627 2425 3672 τοῦτον
2484 3619 2827 3694 φιλοστοργίᾳ
2892 3622 3273 3692 κρατούμενοι,
3340 3628 3437 3681 τῆς
3506 3621 3596 3692 μὲν
3652 3619 3853 3681 οἰκείας

2247 3712 2494 3783 αἱρέσεως
2544 3708 2602 3761 οὐ
2661 3711 3000 3781 μετετίθεντο,
3059 3712 3230 3781 ἔμενον
3280 3707 3340 3762 δὲ
3386 3710 3526 3781 ὅμως
3586 3707 3671 3761 ὑπ’
3704 3708 3852 3780 αὐτῷ

2244 3802 2547 3871 ταττόμενοι
2568 3819 2579 3831 ·
2613 3800 2734 3874 ὅπερ
2766 3800 2944 3871 μαθὼν
2975 3796 3230 3862 Εὐδόξιος
3266 3797 3572 3873 προεϐάλετο
3597 3798 3853 3870 Εὐνόμιον

2245 3887 2313 3950 εἰς
2348 3893 2440 3947 τὴν
2475 3888 2705 3949 Κυζίκου
2737 3887 3051 3947 ἐπισκοπὴν.

2317 4137 2417 4211 κγ’.
2450 4136 2756 4190 Ἠλαύνοντο
2810 4134 2869 4192 δὲ
2907 4140 3049 4213 παρὰ
3115 4132 3371 4201 Εὐδοξίου
3428 4145 3520 4192 τοῦ
3575 4145 3855 4192 Κωνσταν-

2246 4248 2386 4282 τινου
2426 4227 2615 4290 πόλεως
2646 4227 2933 4282 ἐπισκόπου
2980 4234 3068 4281 καὶ
3119 4228 3403 4290 Οὐάλεντος
3456 4236 3545 4282 τοῦ
3592 4226 3860 4303 βασιλέως

2248 4318 2352 4389 οὐχ
2396 4320 2444 4369 οἱ
2494 4321 2580 4371 τὸν
2625 4319 2900 4390 ὁμοούσιον
2944 4316 3304 4393 πρεσϐεύοντες
3355 4320 3531 4391 μόνον,
3593 4317 3700 4370 ἀλλ’
3738 4313 3853 4378 ἤδη

2246 4412 2336 4459 καὶ
2367 4410 2516 4460 αὐτοὶ
2570 4410 2619 4460 οἱ
2669 4404 3084 4462 Μακεδονιανοί·
3122 4407 3169 4461 οἳ
3216 4413 3326 4477 καὶ,
3359 4412 3431 4481 μη
3483 4412 3716 4482 φέροντες
3756 4413 3856 4466 τὴν

2247 4495 2511 4571 ἐπήρειαν,
2546 4494 2653 4549 δεῖν
2693 4500 2921 4569 ἔγνωσαν
2977 4504 3294 4570 καταφυγεῖν
3326 4495 3409 4565 ἐπὶ.
3460 4501 3546 4550 τόν
3595 4506 3686 4549 τοῦ
3746 4495 3855 4571 βα-

2249 4585 2428 4648 σιλέως
2486 4582 2723 4659 ἀδελφὸν,
2783 4591 2872 4639 καὶ
2927 4585 3010 4639 ἐπὶ
3070 4586 3308 4661 Λιϐέριον
3365 4591 3451 4639 τὸν
3482 4584 3682 4659 Ῥώμης
3736 4584 3824 4639 ἐπί

2254 4695 2468 4744 σκοπόν,
2529 4674 2864 4739 ἀσπάζεσθαι
2933 4675 3123 4749 μᾶλλον
3193 4675 3419 4749 ἕλόμενοι
3483 4681 3574 4735 τὴν
3647 4675 3855 4728 ἐκείνων

2248 4772 2425 4820 πίστιν
2479 4764 2508 4824 ἦ
2569 4773 2825 4817 κοινωνεῖν
2873 4772 2984 4827 τοῖς
3047 4769 3165 4841 περὶ
3217 4761 3502 4828 Εὐδόξιον·
3552 4769 3852 4838 πέμπουσιν

2247 4857 2334 4909 οὖν
2401 4855 2691 4909 Εὐστάθιον
2747 4859 2833 4907 τόν
2889 4853 3230 4919 Σεϐαστείας,
3291 4859 3381 4907 καὶ
3452 4853 3693 4908 Σιλϐανόν
3759 4859 3851 4907 τόν

2247 4949 2479 5020 Ταρσοῦ,
2516 4950 2605 4997 καὶ
2637 4943 2884 5016 Θεόφιλον
2914 4948 3000 4996 τὸν
3051 4942 3402 4997 Κασταϐάλων
3450 4952 3545 5007 τῆς
3579 4944 3813 5007 Κιλικίας
3838 4968 3853 4980 ·

2248 5034 2297 5088 οἱ
2354 5039 2442 5087 καὶ
2478 5076 2491 5100 ,
2548 5036 2679 5108 πρὸς
2740 5032 2973 5107 Διϐέριον
3039 5039 3490 5110 παραγεγονότες,
3556 5038 3850 5105 καταγινώ-

2252 5143 2445 5177 σκουσι
2501 5126 2590 5196 μὲν
2637 5124 2837 5197 Ἀρείου
2888 5127 2978 5175 καὶ
3016 5132 3115 5175 τῶν
3166 5125 3352 5196 ὁμοίως
3411 5122 3549 5194 αὐτῷ
3607 5125 3859 5197 φρονούν-

2248 5234 2348 5266 των
2423 5218 2513 5266 καὶ
2582 5208 2980 5278 διδασκόντων·
3052 5210 3480 5287 ἀποκηρύττουσι
3547 5208 3606 5264 δε
3678 5217 3857 5265 πᾶσαν

2249 5304 2451 5377 αἵρεσιν
2527 5302 2914 5374 ἐναντιουμένην
2989 5310 3050 5375 τῇ
3120 5306 3295 5354 πίστει
3364 5310 3460 5363 τῆς
3526 5300 3574 5353 ἐν
3658 5305 3859 5375 Νικαίᾳ

2254 5389 2514 5446 συνόδου·
2569 5396 2658 5444 καὶ
2697 5396 2754 5443 τό
2797 5390 3075 5465 όμοούσιον
3130 5395 3283 5463 μόνον
3343 5387 3614 5464 δέχονται,
3661 5392 3731 5452 ὡς
3782 5401 3858 5463 τῷ

2252 5484 2413 5553 ὁμοίῳ
2460 5481 2573 5543 κατ’
2614 5478 2797 5533 οὐσίαν
2842 5484 3030 5533 ταυτὸν
3098 5487 3374 5552 σημαῖνον.
3432 5483 3638 5539 Ταύτην
3687 5480 3857 5533 αὐτῶν

2251 5576 2345 5630 τὴν
2413 5569 2686 5645 ὁμολογίαν
2751 5573 3004 5644 ἔγγραφον
3060 5568 3226 5622 λαϐὼν
3290 5571 3316 5622 ὁ
3382 5568 3618 5643 Λιϐέριος
3651 5613 3667 5638 ,
3713 5567 3856 5622 ἐκοι-
