4040 6318
170 325 231 401 39
1504 325 1849 385 THESAURI
1900 327 2029 382 LIB.
2069 324 2160 382 VI.
3445 322 3514 376 39

175 453 378 505 νὼνησεν
427 446 624 512 αύτοῖςο
684 453 777 503 καὶ
830 451 1116 526 γράμματα
1150 453 1277 527 παρ’
1301 453 1464 507 αὐτοῦ
1492 450 1754 519 λαϐόντες,

1872 452 2196 520 gaverunt;
2223 449 2584 521 synodoque
2623 446 2709 504 ibi
2744 448 3134 516 congregata,
3164 442 3514 502 eadem‘de-

173 535 403 588 ἔπλευσαν
453 537 525 600 εἰς
561 537 815 592 Σικελίαν*
875 537 1101 597 συνόδου
1159 539 1219 595 δὲ
1268 542 1418 597 κάκεῖ
1466 542 1755 613 συναχθεί-

176 644 276 721 σης,
320 630 409 678 καὶ
458 631 523 679 τὰ
576 627 713 683 αὐτὰ
757 628 1131 704 ψηφισαμένων
1156 639 1257 686 τῶν
1281 629 1410 707 τῇδε
1434 631 1754 701 ἐπισκόπων,

175 714 461 774 ἐπανῆλθον.

231 818 333 878 κδ’.
359 822 491 877 Κατ’
519 823 678 877 ἐκεῖνο
718 822 753 878 δ
756 827 779 878 ‘t
805 834 991 900 καιροῦ
1032 825 1251 881 σύνοδον
1282 827 1510 901 ἀγόντων
1536 827 1584 880 ἐν
1612 829 1756 881 Τυά-

170 929 263 971 νοις
283 911 538 966 Εύσεϐἱου
559 921 652 966 τοῦ
678 921 990 990 Καισαρείας
1012 914 1415 985 Καππαδοκίας,
1443 919 1758 971 Ἀθανασίου

175 1001 438 1073 Ἀγκύρας,
482 1002 741 1075 Πελαγίαν
780 1002 1100 1069 Λαοδικείας
1140 1016 1237 1070 τῆς
1283 1012 1492 1082 Συρίας,
1523 1012 1759 1071 Ζήνωνος

172 1091 345 1162 Τύρου,
365 1091 577 1145 Παύλου
596 1093 840 1166 Ἐμέσης,
864 1096 1110 1171 Ὀτρηίου
1133 1096 1389 1156 Μελιτηνῆ
1400 1118 1441 1167 ς,
1467 1101 1756 1172 Γρηγορίου

172 1180 482 1251 Ναζιανζοῦ,
513 1187 604 1235 καὶ
646 1184 842 1237 πολλῶν
873 1185 1055 1254 ἄλλων,
1097 1186 1262 1256 οἳξκαὶ
1291 1186 1340 1239 ἐν
1371 1186 1670 1259 Ἀντιοχείᾳ
1698 1189 1758 1239 τό

172 1270 441 1341 ὀροούσιον
493 1271 821 1346 ἐψηφίσαντο
866 1274 950 1328 ἐπὶ
1008 1284 1103 1338 τῆς
1142 1276 1396 1330 Ἰοϐιανού
1459 1275 1752 1349 βασιλείας,

172 1357 456 1430 ammon
504 1364 573 1414 τὰ
602 1362 843 1438 Αιϐερίου
881 1370 971 1418 καὶ
999 1374 1099 1418 τῶν
1129 1365 1227 1419 ἀνὰ
1260 1370 1354 1426 τὴν
1396 1363 1552 1419 δύσιν
1578 1386 1757 1439 γραμ-

173 1465 312 1519 partv
345 1454 438 1502 καὶ
468 1460 781 1526 περιχαρεῖς
816 1453 903 1506 ἐπὶ
941 1457 1145 1518 τούτοις
1185 1460 1467 1529 γενόμενοι,
1525 1456 1756 1529 ἔγραψαν

172 1540 350 1600 πάσαις
379 1547 496 1602 ταῖς
523 1544 662 1594 κατά
690 1548 787 1602 τὴν
818 1544 1000 1597 Ἀσίαν
1021 1545 1361 1608 Ἐκκλησίαις
1387 1545 1615 1618 ἐντυχεῖν
1646 1553 1756 1609 τοῖς

173 1630 407 1689 τοιούτοις
453 1633 755 1703 γράμμασι,
812 1638 904 1686 καὶ
954 1636 1030 1686 ἔτι
1082 1631 1208 1710 ἦρος
1251 1641 1407 1707 ὄντος,
1452 1636 1522 1699 εἰς
1550 1639 1755 1711 Ταρσόν

178 1718 439 1777 συνελθεῖν,
512 1717 652 1779 Ἤδη
709 1718 770 1774 δὲ
823 1727 1177 1777 συνίστασθαι
1231 1725 1519 1798 μελλούσης
1564 1733 1656 1786 τῆς
1708 1724 1757 1778 ἐν

1865 544 2180 595 creverunt
2228 555 2299 596 ac
2340 539 2523 610 hujus
2570 535 2782 593 insulse
2834 534 3139 609 episcopi,
3189 537 3248 590 et
3294 531 3515 590 reversi

1865 633 2025 685 sunt.

1935 828 2028 883 24.
2072 829 2192 883 Ηοο
2218 829 2417 883 autem
2452 829 2722 899 tempore
2750 823 2936 897 Tyani
2959 822 3264 896 synodum
3291 820 3516 893 agenti-

1864 915 1979 972 bus
2012 915 2265 972 Eusebio
2296 916 2576 973 Caesareae
2622 915 2684 970 in
2729 913 3131 987 Cappadocia,
3185 910 3515 967 Athanasio

1866 1012 2140 1079 Ancyrae,
2165 1005 2400 1075 Pelagio
2434 1006 2735 1061 Laodiceae
2770 1005 2829 1059 in
2881 1005 3069 1076 Syria,
3100 1006 3335 1057 Zenone
3357 1000 3511 1071 Tyri,

1866 1096 2050 1153 Paulo
2104 1098 2351 1163 Emesae,
2394 1096 2556 1152 Otrio
2585 1094 2885 1160 Meletinee,
2917 1092 3199 1164 Gregorio
3240 1089 3517 1146 Nazianzi

1866 1191 1922 1242 et
1948 1185 2149 1241 multis
2179 1184 2332 1253 aliis,
2356 1186 2458 1258 qui
2487 1188 2544 1241 et
2580 1183 2903 1240 Antiochiae
2935 1179 3515 1238 consubstantialem

1868 1277 2075 1335 Filium
2108 1277 2516 1341 decreverant,
2535 1276 2788 1331 Joviano
2809 1275 3164 1346 imperante,
3184 1272 3353 1328 lectae
3377 1274 3519 1327 sunt

1866 1368 2077 1424 Liberii
2095 1371 2151 1422 et
2167 1365 2627 1423 occidentalium
2647 1361 3107 1429 litterae.Quibus
3124 1361 3414 1429 laetantes,
3437 1360 3515 1415 ad

1863 1472 2077 1513 omnes
2101 1456 2253 1512 Asiae
2274 1455 2567 1512 Ecclesias
2582 1454 2951 1527 scripserunt
2971 1461 3032 1507 ut
3051 1452 3140 1507 his
3158 1450 3361 1506 litteris
3379 1462 3517 1504 con-

1865 1548 2204 1613 cordarent,
2230 1554 2305 1617 et,
2340 1547 2484 1604 dum
2523 1547 2727 1603 adhuc
2756 1561 2858 1601 ver
2891 1550 3065 1609 esset,
3100 1545 3340 1598 Tarsum
3375 1554 3516 1595 con-

1864 1638 2313 1695 venirent.Cum
2348 1642 2549 1693 autem
2567 1637 2690 1708 jam
2726 1636 2785 1691 in
2813 1650 2883 1690 eo
2900 1636 3097 1689 essent
3117 1636 3180 1686 ut
3210 1628 3515 1702 synodum

1864 1728 2025 1784 Tarsi
2056 1728 2353 1784 haberent
2381 1726 2671 1800 episcopi,
2703 1729 2966 1798 quatuor
3006 1727 3063 1779 e‘t
3090 1720 3333 1791 triginta
3361 1718 3517 1774 asia-

175 1812 346 1881 Ταρσῷ
421 1806 672 1874 συνόδου,
748 1815 1026 1885 τριάκοντα
1074 1819 1163 1867 καὶ
1208 1818 1459 1890 τέσσαρες
1523 1816 1760 1869 Ἀσιανοὶ

1872 1820 1965 1876 tici
2024 1818 2294 1891 episcopi
2350 1816 2677 1873 Antiochiae
2715 1816 2777 1871 in
2818 1814 2990 1871 Caria
3038 1808 3387 1880 congregati
3436 1806 3517 1863 ad

177 1902 454 1970 ἐπίσκοποι,
528 1900 851 1963 συνελθόντες
907 1902 956 1955 ἐν
1016 1902 1317 1978 Ἀντιοχείᾳ
1380 1914 1477 1968 τῆς
1535 1911 1756 1979 Καρίας,

175 1990 256 2080 τὴν
309 1991 397 2059 μὲν
457 1989 544 2044 ἐπὶ
732 1994 946 2066 ὁμονοίᾳ
1000 2002 1100 2046 τῶν
1158 1995 1479 2054 Ἐκκλησιῶν
1517 1993 1757 2053 σπουδὴν

176 2080 393 2143 επὴνονν,
415 2088 748 2153 παρῃτοῦντο
775 2079 836 2135 δὲ
855 2086 913 2135 τό
953 2092 1046 2137 τοῦ
1067 2086 1371 2157 ὁμοουσίου·
1407 2085 1614 2148 Οὐάλης
1648 2081 1705 2138 δὲ
1731 2085 1756 2136 ὅ

179 2165 400 2229 Βασιλεύς
440 2167 703 2233 Εύδοξίου
743 2170 953 2245 σπουδῇ
980 2178 1075 2232 τὴν
1107 2173 1156 2226 ἐν
1199 2175 1412 2247 Κιλικίᾳ
1440 2172 1755 2249 προσδοκω-

176 2260 313 2328 μένην
352 2257 574 2315 σύνοδον
621 2261 819 2316 ὒυσεν·
873 2266 920 2316 οἱ
964 2261 1023 2317 δὲ
1060 2263 1444 2319 Μακεδονιανοὶ
1471 2263 1756 2340 ἀδιάφορον

175 2352 402 2412 εωςτινὸς
420 2355 622 2424 χρόνου
651 2356 746 2410 τὴν
775 2360 1044 2406 κοινωνίαν
1065 2354 1331 2408 ἐποιοῦντο
1356 2354 1451 2407 ἀνὰ
1479 2354 1756 2417 ἐκκλησίας

173 2455 251 2498 τας
276 2458 322 2490 εν
360 2443 559 2513 εκάστη
593 2442 756 2510 πόλει,
787 2442 1027 2505 ἀλλήλοις
1055 2464 1110 2497 τε
1131 2442 1519 2518 ἐπιμιγνύμενοι
1539 2450 1630 2498 καὶ
1648 2454 1754 2508 τοῖς

175 2526 221 2589 ἐξ
244 2526 409 2602 ἀρχῆς
436 2530 792 2603 πρεσϐεύουσι
818 2536 877 2585 τό
907 2536 1205 2606 όμοούσιον.

232 2636 318 2694 κε’.
362 2638 511 2690 Ἐπεὶ
564 2634 624 2692 δέ
688 2639 973 2704 Οὐάλεντος
1026 2642 1759 2716 τελευτήσαντος⁹Γρατιανός

177 2722 501 2797 ἐνομοθέτησε
563 2730 695 2800 μετὰ
747 2727 928 2794 ἁδείας
1002 2731 1250 2794 ἑκάστους
1327 2735 1630 2806 θρησκεύειν
1695 2735 1761 2794 ὡς

179 2810 438 2885 βούλονται
495 2816 587 2870 καὶ
650 2816 1033 2887 ἐκκλησιάζειν,
1100 2821 1232 2880 πλὴν
1297 2826 1610 2895 Μανιχαίων
1671 2825 1762 2873 καὶ

178 2913 262 2955 τῶν
304 2912 368 2965 τὴ
438 2913 693 2961 ⁴Ιιωτεινοῦ
749 2913 842 2962 καὶ
896 2910 1153 2983 Εύνομίου
1208 2914 1545 2986 φρονούντων,
1610 2910 1761 2963 πάλιν

180 2994 221 3045 οἱ
267 2994 463 3058 πλείους
519 2993 878 3070 ἐδογμάτισαν
926 2999 1263 3074 ἐκτρέπεσθαι
1291 3005 1386 3060 τὴν
1433 3008 1523 3053 τοῦ
1573 3001 1763 3073 ὀμοου-

180 3088 285 3136 σίου
330 3092 520 3157 φωνήν.
578 3085 641 3139 Ὁ
679 3085 740 3140 δὲ
775 3088 1024 3153 Βασιλεύς
1073 3086 1355 3151 Θεοδόσιος
1395 3091 1420 3143 ὁ
1461 3094 1635 3163 Μέγας
1673 3096 1765 3142 τοῦ
1789 3141 1819 3161 Γ

177 3174 441 3247 ὁμοουσίου
473 3175 824 3241 πουδαστής
871 3180 958 3243 ὢν,
1024 3177 1244 3233 σύνοδον
1294 3180 1590 3233 ἐπισκόπων
1638 3181 1771 3252 ὁμο-η

179 3262 323 3328 δόξων
395 3267 565 3339 ἐαυτῷ
641 3269 948 3322 συνεκάλεσε
1002 3268 1334 3343 βεϐαιώσεως
1374 3271 1519 3323 ἕνεκα
1574 3277 1674 3321 τῶν
1717 3268 1765 3320 ἐν

176 3360 353 3430 Νικαίᾳ
403 3354 687 3420 δοξάντων
738 3358 1010 3412 ὑπολαϐὼν
1065 3356 1123 3413 δε
1191 3356 1454 3413 δύνασθαι
1513 3358 1764 3422 συντάξαι

176 3451 227 3514 τῇ
262 3445 484 3498 καθόλου
534 3446 823 3516 Ἐκκλησία
886 3453 1003 3509 τοὺς
1048 3448 1394 3521 καλουμένους
1440 3444 1765 3502 Μακεδονια-

175 3536 287 3593 νούς,
366 3535 676 3590 συνεκάλεσε
749 3543 840 3591 καὶ
921 3542 1150 3600 τούτους·
1231 3537 1484 3597 συνῆλθον
1552 3532 1638 3589 οὖν
1714 3536 1762 3589 ἐν

178 3626 700 3680 Κωνσταντινουπόλει
774 3626 829 3680 ἐκ
885 3637 983 3681 τῶν
1056 3630 1335 3703 όμοούσιον
1396 3634 1489 3689 τὴν
1555 3622 1764 3701 Τρίάδα

179 3706 478 3774 δοξαζόντων
540 3716 673 3790 ἀμφὶ
713 3716 891 3771 ἑκατόν
938 3724 1027 3771 καὶ
1084 3723 1420 3785 πεντήκοντα,
1480 3716 1528 3769 ἓν
1582 3713 1654 3777 οἷς
1699 3717 1761 3776 ἦν

179 3808 444 3879 Γρηγόριος
504 3809 529 3860 ό
594 3808 871 3881 Θεολόγος,
932 3810 957 3862 ὁ
1032 3813 1251 3873 Νύσσης
1309 3811 1598 3886 Γρηγόριος
1661 3808 1757 3877 (1),

179 3890 500 3969 Ἀμφιλόχιός
550 3916 605 3950 τε
670 3903 760 3951 καὶ
813 3901 975 3975 ἕτεροι
1034 3908 1135 3951 τῶν
1191 3898 1462 3971 ἐπισήμων
1506 3902 1620 3951 τότε
1661 3904 1765 3950 Πα-

178 3987 331 4056 τέρων,
394 3985 444 4039 οἳ
513 3984 584 4045 δὴ
662 3990 851 4051 πάντες
924 3987 1126 4042 ἐδέοντο
1199 3998 1299 4041 τῶν
1364 3983 1764 4041 Μακεδονιανῶν

181 4082 430 4144 επιγνῶναι
492 4080 561 4129 τό
631 4076 931 4151 ὀμοούσιον,
1009 4077 1485 4152 ἀναμιμνήσκοντες
1577 4076 1767 4136 αὐτοῦς

179 4169 255 4224 τῆς
288 4165 566 4236 πρεσϐείας
608 4171 700 4218 καὶ
740 4167 1017 4240 ὁμολογίας
1058 4168 1118 4226 ἣν
1159 4170 1326 4220 ἔθεντο
1365 4171 1497 4239 πρὸς
1525 4164 1765 4238 Λιϐέριον

178 4255 247 4301 τὸν
287 4253 487 4328 Ῥώμης
552 4252 651 4308 διὰ
684 4255 976 4309 Εύσταθίου
1016 4262 1106 4310 καὶ
1153 4254 1399 4309 mesz
1458 4260 1548 4307 καὶ
1577 4259 1769 4327 Θεοφί-

180 4354 271 4397 ιον.
326 4346 392 4396 Οἱ
452 4341 514 4398 δὲ
552 4341 823 4417 μηδέποτε
862 4348 1139 4418 όμοούσιον
1189 4354 1260 4417 τῷ
1318 4348 1485 4419 Πατρὶ
1523 4346 1608 4395 τὸν
1647 4346 1765 4396 Υἰον

181 4432 444 4501 maremari»
515 4431 763 4498 δοξάζειν
835 4436 1071 4500 εἰπόντες,
1141 4435 1185 4488 εἰ
1244 4439 1333 4487 καὶ
1390 4433 1594 4486 ἐναντία
1656 4441 1766 4494 ταῖς

1870 1909 2268 1966 Ecclesiarum
2296 1906 2688 1963 concordiam
2729 1904 3009 1960 ardorem
3031 1900 3375 1966 laudavere,
3412 1896 3517 1952 sed

1868 2000 2123 2070 rrjecere
2147 1995 2681 2053 consubstantiale.
2716 1997 3046 2065 Imperator
3067 1994 3268 2046 autem
3300 1986 3519 2042 Valens

1867 2088 2115 2144 Eudoxii
2148 2084 2696 2142 machinationibus
2723 2081 3028 2155 synodum
3062 2094 3197 2151 quae
3227 2077 3287 2132 in
3319 2074 3518 2131 Cilicia

1864 2176 1992 2233 ﬁeri
2020 2175 2300 2242 debebat,
2341 2172 2631 2230 dissolvit.
2660 2168 3068 2229 Macedoniani
3108 2182 3250 2222 vero
3290 2163 3515 2220 indiﬂ‘e-

1864 2275 2064 2323 renter
2096 2283 2235 2321 cum
2270 2264 2400 2320 aliis
2446 2264 2506 2319 in
2548 2261 2924 2331 singularum
2957 2257 3199 2313 urbium
3253 2252 3517 2309 ecclesiis

1864 2358 2246 2429 aliquantum
2298 2353 2587 2426 temporis
2638 2347 3194 2410 communicabant,
3229 2344 3327 2401 alii
3382 2342 3514 2399 aliis

1864 2447 2111 2503 immisti
2146 2446 2339 2517 iisque
2378 2443 2485 2516 qui
2530 2441 2608 2499 ab
2637 2440 2806 2496 initio
2838 2430 3352 2495 consubstantiale
3383 2446 3518 2504 pro-

1864 2538 2010 2595 fessi
2054 2540 2243 2595 erant.

1940 2650 2029 2703 25.
2054 2645 2390 2716 Postquam
2414 2644 2637 2709 autem,
2662 2636 2902 2695 Valente
2926 2637 3187 2700 mortuo,
3205 2628 3521 2687 Gratianus

1867 2735 2065 2805 legem
2095 2733 2228 2790 tulit
2256 2748 2327 2788 ex
2354 2747 2477 2803 qua
2504 2745 2709 2785 secure
2740 2726 2997 2800 quisque
3017 2727 3081 2779 ut
3109 2720 3297 2791 vellet,
3334 2721 3521 2774 Deum

1872 2825 2089 2882 coleret
2107 2829 2164 2880 et
2186 2822 2662 2887 concionaretur,
2688 2816 2949 2890 exceptis
2971 2809 3309 2871 Manichaeis
3327 2809 3523 2881 iisque

1872 2915 1976 2989 qui
2026 2914 2272 2970 Photino
2314 2917 2370 2968 et
2410 2909 2702 2967 Eunomio
2752 2903 3231 2968 consentiebant,
3280 2911 3525 2954 rursum

1872 3004 2143 3078 plerique
2212 3002 2550 3058 docuerunt
2607 2994 3063 3070 exstirpandam
3123 3004 3255 3045 esse
3311 3001 3524 3042 vocem

1877 3075 2459 3151 Consubstantialz's.
2508 3091 2836 3160 Imperator
2893 3086 3094 3139 autem
3150 3075 3522 3134 Theodosius

1876 3187 2149 3254 Magnus,
2195 3176 2735 3239 Consubstantialis
2782 3175 2998 3242 fautor,
3035 3167 3338 3242 synodum
3369 3163 3525 3238 epis-

1875 3290 2166 3347 coporum
2200 3270 2312 3326 sibi
2343 3266 2846 3325 consentientium
2872 3258 3245 3326 convocavit,
3280 3254 3356 3310 ad
3381 3267 3520 3309 con-

1873 3341 2178 3421 ﬁrmanda
2208 3377 2279 3418 ea
2314 3375 2447 3432 quae
2489 3358 2695 3415 Nicaeae
2739 3355 2979 3410 decreta
3007 3353 3204 3415 erant;
3235 3341 3524 3418 possibile

1874 3460 2075 3513 autem
2108 3453 2231 3510 fore
2263 3456 2487 3525 putans
2512 3445 2821 3503 catholicae
2847 3441 3119 3499 Ecclesiae
3146 3432 3523 3493 Macedonia-

1871 3563 1984 3603 nos
2022 3560 2351 3618 apponere,
2384 3556 2489 3598 eos
2529 3552 2773 3612 quoque
2816 3528 3190 3609 convocavit.
3222 3530 3525 3583 Convene-

1869 3640 2011 3693 runt
2040 3636 2218 3705 igitur
2262 3623 2841 3700 Constantinopolim
2886 3638 2959 3678 ex
3010 3620 3078 3676 iis
3116 3617 3222 3691 qui
3265 3611 3523 3671 consub-

1874 3704 2213 3783 stantialem
2256 3720 2601 3778 Trinitatem
2664 3712 3106 3771 confitebantur
3153 3710 3398 3763 centum
3468 3704 3526 3757 et

1872 3812 2316 3889 quinquaginta
2354 3809 2618 3873 circiter,
2669 3807 2729 3861 in
2775 3802 2998 3876 qnibus
3042 3800 3169 3853 erat
3208 3791 3523 3863 Gregorius

1873 3877 2234 3972 'l‘heologus,
2278 3904 2338 3957 et
2385 3895 2703 3967 Gregorius
2743 3897 3067 3965 Nyssenus,
3109 3877 3523 3972 Amphilochi-

1872 4008 2064 4066 usque
2095 3998 2152 4047 et
2184 3990 2280 4047 alii
2302 4005 2375 4045 ex
2406 3965 2782 4043 celeberimis
2813 3979 2995 4050 hujus
3025 3971 3311 4047 temporis
3343 3965 3521 4025 Patri-

1874 4058 2130 4154 bus,qui
2152 4078 2399 4152 quidem
2436 4090 2647 4133 omnes
2678 4089 2713 4128 a
2748 4062 3194 4128 Macedonianis
3220 4059 3441 4134 petiere
3463 4058 3528 4114 ut

1876 4166 2388 4228 consubstantiale
2433 4164 2866 4233 agnoscerent,
2931 4158 2992 4214 in
3040 4150 3397 4211 memoriam
3450 4147 3525 4203 iis

1873 4263 2222 4317 revocantes
2272 4254 2636 4327 legationem
2679 4256 2736 4308 et
2778 4246 3221 4306 confessionem
3263 4255 3416 4313 quas
3446 4235 3526 4292 ad

1876 4349 2172 4406 Liberium
2206 4350 2407 4402 Romae
2448 4358 2554 4417 per
2598 4339 2976 4397 Eustathinm
3027 4338 3083 4392 et
3133 4331 3439 4390 Silvanum
3468 4329 3528 4383 et

1873 4436 2267 4509 Theophilum
2318 4433 2624 4489 miserant.
2694 4428 2780 4485 Illi
2826 4430 3028 4483 autem
3087 4438 3147 4478 se
3205 4431 3522 4509 nunquam

180 4522 286 4593 πρὸς
330 4524 572 4598 Λιϐἐριον
634 4524 932 4597 ὁμολογίαις
996 4524 1223 4599 ἐροῦσιν,
1266 4523 1663 4595 ἀπηλλάγησαν·
1717 4525 1761 4576 οὶ

1878 4506 2054 4584 Patri-
2082 4520 2661 4580 consubstantialem
2717 4533 2848 4574 esse
2903 4515 3110 4571 Filium
3159 4513 3362 4583 aperte
3418 4506 3523 4563 do-

183 4604 228 4661 δὲ
267 4621 350 4664 τοῦ
404 4612 582 4688 ἑτέρου
648 4618 836 4687 μέρους
910 4613 1254 4686 ἐπιμείναντες
1309 4619 1399 4666 καὶ
1455 4615 1512 4665 τό
1558 4620 1768 4685 Πνεῦμα

136 4748 141 4752 .
182 4716 228 4750 το
282 4702 443 4774 ἅγιον,
504 4706 700 4779 Κύριον
749 4707 841 4756 καὶ
892 4704 1146 4766 ζωοποιόν
1185 4708 1275 4757 καὶ
1326 4704 1384 4757 ἐκ
1426 4712 1518 4758 τού
1558 4709 1767 4779 Πατρός

183 4798 550 4866 εκπορευόμενον
614 4797 728 4863 ,καὶ
820 4800 894 4866 τῷ
969 4799 1137 4870 Πατρὶ
1206 4798 1762 4868 συμπροσκυνούμενον

184 4884 255 4930 καὶ
288 4881 733 4957 συνδοξαζόξιενον
783 4880 1218 4957 δογματίσαντες,
1285 4887 1349 4944 ὡς
1413 4889 1504 4937 καὶ
1570 4884 1617 4936 ἐν
1690 4894 1761 4956 τῷ

186 4969 280 5039 Gaia:
332 4973 576 5046 συμϐόλῳ
646 4976 892 5046 ἔγκειται,
949 4978 1039 5027 καὶ
1086 4978 1172 5026 τὸν
1224 4971 1546 5027 Μακεδόνων
1603 4977 1760 5028 καθυ-

186 5056 457 5125 ποεαλόντες
499 5061 813 5136 ἀναθέματι,
869 5065 1119 5124 ὡσαύτως
1176 5068 1265 5115 καὶ
1306 5068 1426 5125 τοὺς
1463 5067 1522 5116 τό
1554 5066 1760 5137 ὁμοιού-

188 5163 275 5198 σιον
319 5156 402 5204 καὶ
449 5153 635 5224 ὅμοιον
695 5151 778 5205 ἐπὶ
817 5160 911 5205 τοῦ
960 5157 1084 5205 Υίοῡ
1118 5148 1458 5221 δοξάζοντας,
1499 5159 1590 5205 καὶ
1627 5156 1758 5225 μετὰ

184 5240 258 5292 τὴν
314 5238 359 5291 ἐν
414 5244 617 5315 Νικαίᾳ
657 5237 902 5309 σύνοδον,
973 5240 1220 5315 δευτέραν
1296 5245 1488 5300 ταύτην
1568 5241 1751 5303 εὐσεϐῆ
1810 5292 1815 5299 ,

188 5333 567 5404 συστησάμενοι,
637 5329 768 5384 ἀλλὰ
832 5336 923 5383 καὶ
1012 5335 1231 5393 κανόνας
1303 5330 1566 5404 ἐκθέμενοι
1635 5349 1723 5384 πε(

239 5522 305 5610 tt)
339 5524 458 5610 Hac
483 5524 743 5610 fortasse
771 5525 1090 5610 occasione
1104 5528 1159 5610 S:
1183 5527 1500 5610 Gregorius
1529 5530 1751 5610 Nysse-

186 5603 277 5646 nus
303 5598 531 5672 scripsit
569 5596 707 5658 illos
738 5601 1031 5659 adversus
1055 5599 1266 5658 Arium
1302 5596 1743 5657 Macedonium-

1874 4616 2068 4673 cuisse
2099 4615 2383 4681 dicentes,
2435 4610 2541 4666 etsi
2590 4606 2957 4664 contrarium
3010 4603 3070 4658 in
3112 4617 3223 4657 sua
3252 4598 3328 4656 ad
3366 4596 3526 4654 Libe-

1873 4706 2026 4761 rium
2069 4702 2449 4758 confessione
2506 4698 2782 4762 dixerint,
2824 4693 3055 4751 dimissi
3108 4695 3268 4746 sunt.
3321 4684 3523 4744 Crateri

1870 4811 2011 4850 vero
2042 4792 2305 4865 partium
2341 4790 2596 4845 aliarum
2640 4784 3082 4849 remanserunt,
3107 4785 3164 4836 et
3197 4782 3521 4851 postquam

1870 4885 2256 4940 decreverunt
2290 4879 2572 4952 Spiritum
2598 4880 2874 4932 sanctum
2913 4870 3231 4929 Dominum
3281 4879 3412 4921 esse
3441 4862 3522 4917 vi-

1871 4972 2213 5029 viﬁcantem
2237 4974 2291 5024 et
2318 4951 2389 5024 ex
2411 4971 2580 5023 Patre
2606 4964 2931 5038 procedere
2954 4967 3010 5017 et
3035 4974 3172 5014 cum
3190 4959 3358 5011 Patre
3380 4951 3524 5008 ado-

1867 5063 1989 5117 rari
2018 5064 2075 5117 et
2105 5058 2425 5131 gloriﬁcari
2454 5061 2521 5112 ut
2557 5055 2618 5110 in
2657 5055 2861 5111 divino
2917 5045 3196 5123 symbolo
3236 5042 3525 5114 scriptum

1867 5155 1980 5219 est,
2008 5148 2546 5218 Macedoniamque
2569 5160 2794 5217 eosque
2820 5141 2923 5214 qui
2947 5139 3155 5195 Filium
3186 5131 3524 5190 substantia

1867 5240 2126 5297 similem
2167 5238 2258 5293 vel
2289 5235 2638 5308 simpliciter
2669 5231 2921 5288 similem
2950 5226 3251 5283 docebant
3280 5221 3523 5280 anathe-

1865 5335 2027 5386 mate
2064 5330 2514 5402 percusserunt,
2557 5337 2813 5395 eamque
2859 5317 3191 5374 secundam
3230 5314 3397 5387 piam
3429 5327 3526 5383 sy-

1863 5541 1982 5599 que
2025 5526 2522 5599 tractatus,‘quos
2549 5532 2776 5599 ego‘ex
2813 5514 3098 5599 vat'i'cano
3128 5511 3334 5570 codice
3360 5507 3525 5566 edidi

1861 5587 1925 5657 in
1948 5587 2325 5654 Collectionis'
2344 5587 2645 5649 Vaticana:
2672 5592 2836 5646 tomo
2863 5587 3003 5647 VIII.
