4040 6318
459 326 525 381 3t
1608 327 1616 333 ·
1790 313 2052 375 meum
2094 309 2463 370 caenum
3771 316 3865 377 32

459 448 692 507 nodum
729 463 866 506 esse
913 450 1052 520 post
1088 445 1392 503 Nicaenam
1443 444 1903 508 constituerunt,
1939 452 2121 496 cano,

2252 431 2500 512 ΐιαφόρων
2543 437 2994 499 ἓκκλησιαστικῶν
3053 437 3393 514 ζητημάτων,
3462 439 3855 496 ἐϐουλεύσαντο

459 552 692 612 nasque
707 537 782 594 de
795 535 1046 593 diversis
1067 532 1485 591 ecclesiasticis
1503 530 1941 605 quaestionibus
1957 543 2119 585 com-

2252 529 2334 577 ’ίνι
2383 523 2494 581 δέοι
2545 534 2640 588 την
2705 530 2996 590 ἐπισκοπὴν
3065 531 3670 592 Κωνσταντινουπόλεως
3732 532 3858 584 ἐπι-

460 643 740 701 posuere,
769 625 1264 683 deliberationem
1293 622 1658 689 habuerunt,
1681 637 1864 694 quem
1885 619 1948 676 in
1977 617 2120 674 sede

2252 615 2442 688 τρέψαι.
2496 617 2553 672 Ὀ
2603 616 2662 672 δὲ
2707 619 2982 693 βασιλεὺς,
3043 621 3324 692 θαυμάζων
3388 624 3477 674 τὸν
3551 627 3856 698 Γρηγόριον

463 716 1128 790 Constantinopolitana
1166 717 1512 770 statuerent.
1558 712 1888 785 Imperator
1915 714 2116 765 autem

2252 707 2320 757 τὸν
2373 706 2646 780 Θεολόσγον,
2705 717 2802 772 τῆς
2854 709 3141 772 ἐπισκοπῆς
3180 709 3322 773 ἆξιον
3379 709 3662 783 ἐψηφίζετο
3717 715 3856 764 ταύ-

463 807 571 883 qui
600 807 951 878 Gregorium
976 803 1351 874 Theologum
1369 801 1770 859 admiratione
1795 813 2120 873 proseque-

2252 815 2347 858 της·
2391 802 2643 871 συνῄνουν
2691 794 2751 852 δε
2805 804 2894 853 καὶ
2939 803 3037 862 τὴς
3065 795 3292 853 συνόδου
3341 801 3392 852 οἰ
3421 799 3671 864 πλείονες.
3701 801 3850 854 Ἀλλ’

463 899 665 961 batur,
696 897 812 953 hoc
842 895 1200 968 episcopatu
1222 909 1358 950 eum
1385 891 1643 963 dignum
1663 906 1793 947 esse
1815 886 2080 946 decrevit
2101 892 2112 942 ;

2252 884 2406 954 ιύτός,
2482 887 2786 960 αἰσθόμενός
2849 907 2994 951 τινας
3065 888 3345 962 ἀνταίρειν,
3434 894 3525 942 καὶ
3594 889 3855 961 μάλιστα

465 989 904 1043 consenserunt
942 983 1126 1054 hujus
1154 981 1374 1056 synodi
1409 981 1700 1054 plerique.
1743 983 1874 1053 lpse
1915 981 2119 1034 autem
2234 977 2354 1037 τούς

462 1074 800 1144 intelligens
824 1072 1152 1130 nonnullos
1167 1071 1459 1128 obsistere
1483 1068 2122 1144 praesertimqueEgy-

464 1163 644 1236 ptios,
701 1160 1009 1234 aliquanto
1060 1165 1201 1233 post
1247 1158 1565 1216 recusavit.
1630 1156 1885 1214 Diodoro
1939 1155 2120 1225 igitur

463 1258 627 1319 teste,
653 1250 957 1308 Nectarius
977 1248 1300 1321 Tarsensis,
1325 1247 1600 1304 nondum
1633 1246 2000 1319 baptizatus,
2021 1243 2122 1300 eli-

463 1344 619 1414 gitur
650 1346 707 1399 et
736 1342 1094 1414 baptizatur,
1119 1338 1593 1412 baptismalique
1618 1337 1818 1394 adhuc
1851 1339 2010 1390 veste
2036 1334 2123 1390 in-

461 1433 646 1490 dutus
670 1429 1370 1502 Constantinopolitanus
1400 1428 1722 1500 episcopus
1749 1425 2084 1483 ordinatur.

535 1525 625 1579 26.
666 1523 806 1577 Post
851 1520 982 1576 haec
1031 1524 1234 1576 autem
1269 1517 1696 1574 convenientes
1731 1513 2039 1572 Nectarius
2064 1515 2123 1569 et

2457 974 2544 1028 ἀπ’
2621 977 2916 1050 Αἰγύπτου,
2990 984 3335 1053 παρῃτήσατο
3416 981 3548 1052 μετὰ
3631 984 3847 1055 καιρόν·

2236 1061 2500 1138 Διοδώρου
2581 1072 2753 1120 τοίνυν
2807 1073 3073 1144 μαρτυρίᾳ
3138 1070 3421 1144 Νεκτάριος
3489 1068 3854 1141 συγκλητικὸς

2237 1154 2261 1206 ὁ
2326 1159 2559 1230 Ταρσεύς
2618 1155 2853 1230 ἀμύητος
2913 1159 2980 1210 ὢν
3009 1158 3300 1231 ψηφίζεται
3347 1161 3436 1211 καὶ
3489 1167 3719 1231 μυεῖται,
3749 1164 3856 1212 καὶ

2235 1247 2329 1303 τὴν
2383 1250 2648 1317 μυστικὴν
2701 1249 2776 1300 ἔτι
2822 1246 3022 1307 ἐσθῆτα
3068 1248 3410 1321 ἠμφιεσμένος
3462 1255 3854 1324 χειροτονεῖται

2239 1335 2829 1400 Κωνσταντινουπόλεως
2858 1337 3158 1400 ἐπίσκοπος.

2306 1423 2408 1490 κς·’.
2470 1429 2615 1479 Μετὰ
2667 1423 2726 1480 δὲ
2771 1435 2940 1480 ταῦτα
2984 1427 3312 1490 συνελθόντες
3341 1430 3630 1504 Νεκτάριος
3659 1432 3749 1482 καὶ
3792 1430 3856 1482 οἰ

2236 1513 2400 1581 ἄλλοι,
2455 1520 2547 1574 τὴν
2614 1516 2662 1568 ἐν
2723 1522 2922 1590 Νικαίᾳ
2957 1521 3136 1570 πίστιν
3190 1517 3479 1592 ἐκύρωσαν,
3521 1517 3612 1570 καί
3665 1525 3854 1571 πᾶσαν

466 1611 566 1669 alii
587 1611 893 1668 Nicaenam
921 1609 1104 1666 ﬁdem
1126 1608 1562 1666 conﬁrmarunt
1585 1611 1642 1663 et
1660 1620 1906 1662 omnem
1936 1603 2124 1660 haere-

2252 1606 2438 1680 ιίρεσιν
2492 1605 2837 1680 ἀπεκήρυξαν,
2889 1611 2980 1660 καὶ
3028 1603 3347 1660 διοικεῖσθαι
3415 1609 3506 1668 τὰς
3562 1614 3851 1680 πανταχοῦ

468 1702 580 1759 sim
603 1701 1299 1766 excommunicaverunt,
1341 1698 1855 1769 decreveruntque
1911 1708 2124 1751 omnes

2252 1689 2480 1757 irin:an
2528 1694 2836 1756 Ἐκκλησίας
2890 1697 3027 1748 κατὰ
3082 1700 3200 1757 τοὺς
3255 1695 3417 1749 πάλαι
3463 1701 3703 1762 κανόνας,
3747 1702 3849 1750 καὶ

470 1791 752 1848 ecclesias
783 1789 1302 1846 administrandas
1329 1804 1461 1844 esse
1485 1788 1659 1858 juxta
1688 1793 1914 1842 veteres
1939 1797 2118 1839 cano-

2252 1782 2356 1845 τούς
2411 1783 2730 1847 ἐπισκόπους
2787 1784 2870 1838 ἐπὶ
2933 1792 3033 1838 τῶν
3093 1781 3242 1838 ἰδίων
3285 1790 3448 1858 μένειν
3495 1785 3846 1853 Ἐκκλησιῶν,

469 1896 597 1949 nes,
627 1885 685 1936 et
710 1880 1030 1952 episcopos
1059 1879 1121 1935 in
1152 1878 1408 1951 propriis
1447 1876 1714 1934 ecclesiis
1747 1889 1990 1932 manere
2025 1872 2123 1927 de-

2252 1877 2325 1924 ιαὶ
2373 1877 2444 1945 μὴ
2514 1880 2631 1936 ταῖς
2669 1875 2960 1948 ὑπερορίοις
3005 1873 3324 1949 προϐαίνειν,
3391 1879 3524 1948 μήτε
3584 1874 3854 1937 ἀκλήτους

467 1971 647 2028 bere:
689 1985 886 2042 neque
929 1969 1006 2026 ad
1061 1973 1338 2026 externas
1391 1966 1715 2040 procedere
1759 1980 1955 2037 neque
1998 1977 2123 2019 non

2252 1967 2584 2037 (ειροτονίαις
2660 1962 2956 2036 ἀλλοτρίαις
3029 1963 3239 2026 ἑαυτοὺς
3314 1963 3621 2032 ἐπιϐάλλειν,
3705 1965 3852 2017 καθὰ

467 2064 714 2116 vocatos
753 2075 818 2115 se
861 2057 1192 2131 peregrinis
1242 2055 1728 2114 ordinationibus
1768 2053 2030 2125 injicere,
2058 2056 2124 2108 ut

2252 2055 2502 2126 τρότερον,
2559 2053 2623 2112 ὡς
2676 2054 2834 2125 ἔτυχε
2897 2051 3145 2116 πολλάκις
3209 2057 3298 2106 καὶ
3366 2053 3574 2124 συνέϐη,
3644 2050 3848 2106 διωκο-

468 2149 635 2222 prius
689 2147 894 2212 ﬁebat,
939 2153 997 2204 et
1043 2147 1264 2221 saepius
1324 2145 1658 2213 accidebat,
1706 2143 1864 2201 male
1916 2141 2124 2199 habita

2252 2143 2394 2202 ιίνης
2441 2148 2532 2201 τῆς
2581 2140 2805 2194 καθόλου
2849 2139 3177 2203 Ἐκκλησίας·
3219 2143 3286 2194 τὰ
3337 2139 3397 2196 δὲ
3441 2141 3564 2216 παρ’
3617 2141 3851 2200 ἑκάστην

467 2235 766 2296 catholica
795 2235 1061 2293 Ecclesia
1080 2253 1094 2304 ;
1113 2252 1188 2292 ea
1207 2239 1410 2292 autem
1432 2251 1566 2308 quas
1589 2233 1930 2292 acciderent
1957 2229 2124 2304 apud

2252 2227 2596 2302 τυμϐαίνοντα
2642 2233 2735 2288 τὴν
2786 2236 2878 2282 τοῦ
2917 2231 3092 2292 ἔθνους
3146 2227 3388 2300 σύνοδον,
3447 2233 3513 2293 ὡς
3551 2230 3612 2283 ἂν
3650 2232 3856 2306 ἄριστα

467 2327 949 2398 uniuscujusque
970 2326 1233 2382 nationis
1263 2324 1587 2382 concilium
1619 2320 2120 2386 administranda,

2252 2323 2441 2390 μανείη,
2481 2341 2484 2343 λ
2519 2314 2760 2370 διοικεῖνο
2845 2321 2979 2391 μετὰ
3045 2315 3104 2372 δὲ
3157 2324 3242 2372 τόν
3297 2319 3520 2393 Ῥώμης,
3567 2323 3653 2374 τὸν
3709 2327 3857 2374 Κων-

469 2421 535 2473 ut
585 2415 810 2489 optime
849 2414 981 2471 ﬁeri
1037 2419 1263 2488 posset.
1313 2416 1453 2470 Post
1492 2417 1696 2470 Romae
1744 2412 2119 2486 episcopum,

2252 2408 2710 2472 ττᾱιντινουπόλέως
2786 2408 3068 2462 ἐπισκοπον
3121 2412 3188 2463 τὰ
3242 2409 3493 2486 πρεσϐεῖα
3557 2412 3718 2484 ἔχειν,
3786 2414 3858 2473 ὡς

469 2503 916 2579 ρτωεὶἀεηιὶοω
937 2502 1162 2559 habere
1177 2502 1724 2576 Constantinopolis
1744 2501 2119 2574 episcopum,

2252 2503 2326 2552 τὸν
2374 2501 2549 2572 θρόνον
2616 2499 3029 2552 ἐπισκοπεύοντα
3092 2509 3181 2562 τῆς
3254 2505 3368 2564 νέας
3433 2499 3654 2574 Ῥώμης·
3743 2500 3856 2556 ἐϐε-

471 2593 700 2668 quippe
731 2592 835 2666 qui
856 2608 1032 2650 novae
1062 2596 1265 2649 Romae
1291 2593 1575 2648 thronum
1607 2596 1951 2664 occuparet.
1982 2588 2133 2644 Con-

2252 2588 2477 2642 ϐαίωσάν
2538 2608 2591 2642 τε
2647 2585 2795 2650 αὖθις
2847 2594 2941 2649 τὴν
3000 2589 3051 2643 ἐν
3115 2595 3315 2660 Νικαίᾳ
3353 2595 3554 2656 πίστιν,
3595 2595 3686 2643 καὶ
3743 2611 3858 2644 πα-

474 2683 987 2755 ﬁrmaveruntque
1008 2698 1254 2738 rursum
1284 2683 1584 2739 Nicaenam
1612 2681 1818 2747 ﬁdem,
1852 2684 1910 2736 et
1955 2675 2135 2752 patri-

2252 2681 2503 2755 τριάρχας
2557 2683 2889 2738 κατέστησαν
2958 2676 3352 2752 διανειμάμενοι
3418 2682 3514 2742 τὰς
3569 2680 3854 2754 ἐπαρχίας

483 2772 700 2829 archas
741 2773 1177 2828 constituerunt
1203 2772 1626 2828 distribuentes
1664 2769 2024 2845 provincias,
2055 2768 2139 2824 ita

489 2865 554 2918 ut
609 2860 928 2934 episcopos
988 2861 1144 2918 ultra
1197 2878 1372 2918 suam
1402 2861 1711 2918 dioecesim
1744 2860 1823 2916 ad
1861 2866 2138 2916 externas

491 2951 776 3008 ecclesias
806 2966 930 3007 non
959 2951 1332 3008 accederent.
1368 2952 1617 3009 Sortitur
1644 2967 1784 3007 vero
1812 2950 2140 3022 imperato-

489 3040 642 3097 riam
675 3039 888 3097 urbem
917 3046 975 3098 et
1022 3041 1336 3098 Thraciam
1382 3040 1724 3107 Nectarius;
1774 3037 2140 3113 patriarcha-

2245 2771 2376 2821 ὥστε
2431 2771 2553 2831 τοὺς
2616 2770 2742 2843 ύπὶρ
2804 2765 3069 2828 διοίκησιν
3123 2769 3437 2832 ἐπισκόπους
3500 2778 3613 2832 ταῖς
3660 2773 3856 2845 ὑπερο-

2245 2861 2378 2932 ρίοις
2445 2857 2781 2921 Ἐκκλησίαις
2845 2863 2916 2931 μὴ
2974 2857 3289 2932 προϐαίνειν.
3327 2857 3622 2935 Κληροῡται
3661 2855 3719 2913 δὲ
3755 2866 3856 2919 τὴν

2246 2950 2336 3021 μεν
2390 2943 2652 3020 βασιλίδα
2689 2946 2837 3000 πόλιν
2891 2952 2981 3000 καὶ
3031 2952 3124 3008 τὴν
3157 2950 3370 3023 Θρᾴκην
3413 2951 3717 3023 Νεκτάριος·
3755 2954 3856 3008 τὴν

2249 3033 2309 3090 δε
2364 3045 2458 3099 τῆς
2507 3043 2761 3100 Ποντικῆς
2811 3033 3121 3100 διοικήσεως
3165 3043 3527 3112 πατριαρχίαν
3582 3034 3855 3102 Ἐλλάδιος

491 3133 620 3186 tum
648 3135 855 3188 autem
874 3130 1134 3187 Pontica;
1155 3130 1482 3187 dimceseos
1508 3130 1815 3186 Helladius
1833 3130 2139 3196 Caesareae,

2252 3128 2275 3210 ό
2321 3130 2657 3202 Καισαρείας,
2708 3131 2796 3180 καὶ
2828 3131 3113 3202 Γρηγόριος
3151 3129 3177 3180 ό
3225 3130 3464 3199 Νύσσης,
3495 3131 3586 3180 καὶ
3612 3128 3856 3202 Ὀτρήῖος

491 3222 549 3275 et
575 3221 893 3289 Gregorius
913 3223 1141 3291 Nyssce,
1165 3226 1222 3276 et
1243 3219 1472 3276 Otreius
1493 3219 1793 3286 Melitenae,
1819 3217 2140 3274 Asiaticam

490 3307 821 3364 sortiuntur
844 3308 1300 3381 Amphilochius
1330 3309 1511 3366 lconii
1537 3314 1593 3365 et
1632 3309 1905 3381 Optimus
1945 3306 2142 3363 Antio-

493 3396 644 3452 chiae
696 3396 759 3452 in
799 3397 1037 3464 Pisidia,
1088 3398 1323 3471 Egypti
1363 3415 1505 3454 vero
1534 3399 1812 3468 regiones
1835 3395 2143 3453 Timotheo

493 3484 871 3542 Alexandriae
903 3486 1246 3542 commissae
1299 3491 1455 3543 sunt.
1513 3486 1902 3544 Orientalium
1943 3487 2146 3540 autem

493 3574 884 3632 ecclesiarum
943 3574 1523 3632 administrationem
1554 3575 1789 3645 Pelagio
1817 3573 2145 3639 Laodiceae,

495 3670 554 3720 et
586 3663 842 3721 Diodoro
871 3665 1034 3721 Tarsi
1083 3665 1406 3735 tradidere,
1442 3665 1609 3722 salva
1643 3665 2029 3721 Antiochense
2061 3679 2152 3718 ec-

497 3751 696 3809 clesias
733 3753 1042 3824 dignitate,
1073 3771 1261 3826 quam
1309 3755 1552 3829 Meletio,
1581 3755 1686 3828 qui
1715 3754 1942 3820 aderat,
1971 3752 2154 3809 dede.

498 3857 581 3898 re.
614 3842 891 3899 Deﬁnivit
920 3848 1121 3901 autem
1164 3847 1435 3917 synodus
1466 3844 1786 3918 provinciae
1817 3843 2074 3916 synodo,
2102 3834 2154 3893 si

499 3947 653 4004 opus
684 3937 864 4002 esset,
894 3949 967 3990 ea
1004 3949 1140 4006 qua;
1167 3951 1274 4005 per
1315 3934 1582 4006 singulas
1614 3933 1957 4006 provincias
2007 3946 2150 3987 con-

502 4021 816 4093 tingerent,
843 4023 1111 4079 curanda
1137 4040 1287 4080 esse.
1314 4025 1586 4080 Examini
1607 4039 1852 4096 quoque
1879 4021 2152 4092 subjecta

499 4115 639 4166 sunt
665 4126 803 4183 quae
834 4111 913 4168 ad
941 4113 1263 4169 Maximum
1295 4113 1669 4186 spectabant,
1691 4127 1876 4185 quem
1905 4111 2152 4167 Alexan-

499 4198 745 4255 drinum
777 4215 1016 4270 genere,
1044 4203 1449 4275 cynicumque
1486 4203 1717 4259 ratione
1749 4200 1986 4258 vivendi
2015 4200 2145 4274 phi-

499 4288 850 4361 losophum,
875 4291 1184 4348 ardentem
1206 4307 1350 4348 vero
1373 4294 1621 4350 Nicaanae
1643 4293 1931 4348 doctrinae
1955 4291 2150 4348 fauto-

501 4392 629 4432 rem
660 4377 818 4433 clam
847 4378 1104 4451 Egyptii
1142 4385 1270 4434 tum
1319 4381 1666 4450 congregati
1701 4380 2146 4446 ordinaverant,

2248 3217 2274 3267 ὁ
2336 3215 2644 3278 Μελιτηνῆς·
2700 3220 2792 3275 τὴν
2847 3215 3095 3275 Ἀσιανὴν
3136 3213 3195 3270 δὲ
3250 3215 3610 3289 λαγχάνουσιν
3665 3216 3855 3290 Ἀμφι-

2246 3305 2432 3376 λόχιος
2493 3307 2518 3356 ό
2571 3306 2811 3374 Ἰκονίου,
2867 3304 2957 3357 καῖ
3005 3305 3268 3380 Ὀπτιμος
3326 3307 3351 3358 ὀ
3391 3305 3718 3378 Ἀντιοχείας
3754 3313 3858 3370 τῆς

2247 3396 2384 3448 κατὰ
2448 3390 2720 3447 Πισιδιανο
2780 3396 2845 3448 τὰ
2910 3391 2969 3448 δε
3009 3398 3145 3448 κατὰ
3186 3399 3279 3453 τὴν
3319 3397 3581 3466 Αἴγυπτον
3621 3396 3858 3468 Γιμοθέῳ

2248 3492 2322 3555 τῷ
2372 3481 2790 3558 ’Λλεξαδδρείας,
2845 3486 3230 3558 προσενεμήθη·
3290 3491 3390 3537 τῶν
3447 3481 3506 3538 δε
3571 3487 3706 3538 κατὰ
3754 3489 3858 3544 τὴν

2250 3572 2504 3631 ἀνατολὴν
2565 3572 2888 3633 Ἐκκλησιῶν
2943 3569 3211 3632 διοίκησιν
3269 3572 3549 3648 ἐπέτρεψαν
3620 3572 3861 3646 Πελαγίῳ

2250 3669 2323 3734 τῷ
2380 3658 2719 3728 Λαοδικείας,
2779 3667 2869 3715 καὶ
2909 3659 3151 3738 Διοδώρῳ
3188 3670 3258 3735 τῷ
3307 3669 3539 3736 Ταρσοῦ,
3602 3661 3861 3736 φυλάξαν-

2253 3772 2334 3816 τες
2407 3755 2474 3804 τὰ
2536 3751 2787 3826 πρεσϐεῖα
2851 3761 2946 3814 τῆς
3008 3752 3316 3814 Ἐκκλησίας
3363 3760 3461 3804 τῶν
3512 3753 3860 3824 Ἀντιοχέων,

2255 3842 2384 3915 ἅπερ
2430 3839 2620 3894 ἔδοσαν
2659 3849 2731 3913 τῷ
2778 3840 3006 3914 Μελετίῳ
3048 3847 3286 3918 παρόντι.
3323 3841 3512 3918 Ὠρισε
3573 3838 3632 3894 δε
3696 3843 3860 3912 ὥστε,

2256 3931 2301 3984 εἰ
2338 3935 2498 4006 χρεία
2562 3930 2792 3998 καλέσοι,
2858 3933 2925 3984 τὰ
2978 3930 3095 3984 καθ’
3145 3931 3368 3990 ἑκάστην
3426 3931 3687 4007 ἐπαρχίαν
3757 3930 3860 3991 τὴν

2254 4029 2348 4083 τῆς
2397 4020 2660 4094 ἐπαρχίας
2713 4017 2932 4074 σύνοδον
2987 4016 3227 4076 διοικεῖν.
3271 4020 3533 4085 Ἐζητήθη
3577 4017 3634 4073 δὲ
3671 4024 3865 4074 καὶτὰ

2256 4112 2392 4163 κατὰ
2447 4109 2707 4183 Μάξιμον,
2753 4110 2806 4163 ὃν
2840 4107 3184 4185 Ἀλεξανδρέα
3229 4113 3288 4164 τὸ
3326 4115 3468 4183 γένος
3514 4111 3657 4176 ὄντα,
3703 4129 3862 4162 κυνι-

2256 4220 2346 4276 Eo»
2395 4219 2448 4253 τε
2489 4199 2765 4272 φιλόσοφον
2817 4203 2876 4252 τὸ
2927 4195 3274 4271 ἐπιτήδευμα,
3320 4195 3610 4252 σπουδαῖον
3651 4196 3710 4252 δὲ
3738 4205 3865 4276 περὶ

2255 4292 2314 4341 τὸ
2368 4284 2546 4361 δόγμα
2599 4297 2695 4350 τῆς
2751 4287 2800 4341 ἐν
2857 4293 3052 4360 Νικαίᾳ
3113 4285 3358 4355 συνόδου,
3427 4287 3700 4359 κλέψαντες
3760 4291 3865 4346 τὴν

2256 4383 2585 4452 χειροτονίαν
2660 4379 2709 4430 οἱ
2781 4382 2896 4430 τότε
2980 4377 3034 4440 ἐξ
3104 4377 3368 4449 Αἰγύπτου
3437 4375 3861 4442 συνεληλυθότες,

504 4464 978 4538 episcopumque
1056 4468 1603 4540 Constantinopolis
1673 4469 2139 4532 constituerant,

2259 4467 2540 4520 ἐπίσκοπον
2573 4466 3159 4528 Κωνσταντινουπολεως
3181 4471 3534 4535 κατέστησαν,
3557 4468 3630 4518 ἔτι
3663 4472 3864 4539 Γρηγο-

506 4553 789 4623 Gregorio
814 4555 1117 4626 Theologo
1146 4556 1304 4612 hanc
1335 4557 1542 4613 sedem
1573 4557 1772 4614 adhuc
1795 4562 2050 4614 tenente.
2085 4557 2154 4612 Et

506 4639 816 4698 decretum
855 4647 945 4700 est
980 4659 1299 4717 nunquam
1342 4645 1511 4702 illum
1550 4647 1736 4702 fuisse
1774 4647 2148 4719 episcopum,

509 4745 705 4804 neque
728 4748 857 4790 esse
879 4774 892 4798 ,
914 4748 1110 4806 neque
1143 4734 1388 4792 clericos
1417 4737 1497 4792 ab
1519 4736 1652 4809 ipso
1681 4737 2013 4805 ordinatos,
2049 4735 2155 4792 sed

507 4837 754 4879 manere
777 4822 942 4880 irrita
971 4839 1106 4897 quae
1137 4823 1212 4880 de
1238 4823 1340 4882 illo
1364 4831 1422 4882 et
1440 4826 1520 4883 ab
1549 4825 1648 4883 illo
1676 4826 1834 4884 facta
1861 4827 2116 4885 fuerant.

2257 4561 2375 4631 ρίου
2418 4564 2508 4609 τοῦ
2556 4557 2814 4628 Θεολόγου
2854 4560 2942 4609 τὸν
2984 4558 3160 4628 θρόνον
3202 4564 3384 4609 τοῦτον
3436 4552 3722 4618 διέποντος·
3766 4560 3866 4608 καὶ

2260 4648 2464 4721 ῲρίσθη
2514 4650 2646 4718 μήτε
2689 4648 2999 4718 γεγενῆσθαι
3035 4653 3216 4698 τοῦτον
3247 4651 3371 4718 μήτε
3414 4646 3543 4698 εἶναι
3573 4644 3863 4697 ἑπισκοπον

2260 4723 2393 4810 μήτε
2422 4735 2705 4810 κληρικοὺς
2731 4739 2849 4797 τοὺς
2881 4736 3005 4810 παρ’
3037 4735 3198 4788 αύτού
3220 4736 3694 4809 χειροτονηθέντας,
3726 4732 3865 4786 ἀλλὰ

2262 4831 2426 4899 μένειν
2447 4827 2619 4899 ἄκυρα
2655 4828 2720 4878 τὰ
2751 4825 2828 4879 ἐπ’
2861 4826 3000 4898 αύτῷ
3031 4828 3120 4877 καὶ
3155 4825 3277 4899 παρ’
3308 4825 3469 4878 αὑτοῦ
3498 4827 3861 4899 πεπραγμένα.
