4040 6318
158 321 208 378 33
1445 317 1532 373 ΤΗ
1541 316 1741 373 ESAUI

1855 313 1974 372 LIB.
2022 317 2160 372 VIII.
3417 324 3488 379 34

778 705 1584 858 ΝΙΟΕΤΑἘ
1733 749 1741 824 <

1855 705 2844 859 ΗΟΝΙΑΤᾸΕ

1342 1003 1529 1098 EX
1592 1000 1974 1098 LIBRO
2041 1001 2280 1096 VIII

666 1232 1388 1347 THESAURI
1518 1234 2448 1345 ORTHODOXAE
2574 1236 2960 1344 FIDEI

693 1621 818 1694 Περὶ
841 1623 1153 1695 Νεστορίου.

213 1742 267 1801 α’.
296 1749 579 1820 Νεστόριος
607 1746 823 1819 ὥρμητο
847 1747 940 1817 μὲν
983 1744 1032 1797 ἒν
1065 1748 1420 1818 Γερμανικέων
1459 1743 1732 1815 πολίχνης,

161 1832 232 1884 όῦκ
264 1831 377 1888 οἶδα
411 1841 672 1896 ποταποῖς
713 1838 772 1887 τὸ
827 1833 880 1897 ἐξ
909 1833 1082 1909 ἀρχῆς
1119 1834 1525 1908 ἐκτεθραμμένος
1555 1833 1733 1892 ἀπιτη-

162 1918 400 1995 δεύμασιν,
433 1925 600 1982 άλλην
641 1920 700 1977 δε
735 1923 788 1987 ἐξ
816 1923 977 1988 ἄλλης
1006 1923 1230 1998 ἀμείϐων
1261 1932 1464 1998 χώραν,
1496 1924 1729 1995 καθάπερ

161 2016 447 2083 Δίγυπτιακή
489 2033 580 2078 τις
627 2013 845 2086 μάστιξ,
888 2015 952 2087 τῇ
1009 2015 1208 2088 μεγάλη
1262 2023 1360 2068 τῶν
1419 2014 1730 2084 Ἀντιοχέων

162 2098 372 2173 ἐνέσκηψε
424 2102 600 2158 πόλει.
650 2103 735 2156 Ἐν
781 2105 946 2176 ταύτῃ
988 2103 1154 2176 λόγων
1185 2103 1478 2177 ἐλευθερίων
1507 2107 1730 2176 μετρίως

162 2196 478 2261 μετεσχηκώς,
542 2195 717 2263 φωνήν
772 2210 827 2244 τε
864 2193 942 2244 ὅτι
992 2191 1276 2252 καλλίστην
1328 2197 1418 2244 καὶ
1473 2195 1728 2264 μεγίστην

162 2275 384 2350 ἀσκήσας,
516 2279 810 2352 Ἐκκλησία
846 2288 939 2334 τοῦ
992 2288 1128 2334 Θεοῦ
1161 2290 1392 2356 προσιών
1423 2281 1724 2355 είσεφθάρη,

162 2372 317 2439 καὶτῷ
341 2370 612 2441 καταλόγῳ
641 2377 741 2421 τῶν
766 2369 1130 2445 πρεσϐυτέρων
1159 2370 1452 2446 ἐναρίθμιος
1480 2374 1726 2442 γεγονὼς,

161 2459 228 2507 τὸν
253 2477 301 2511 τε
338 2466 425 2511 τοῦ
453 2465 596 2512 Θεοῦ
624 2457 747 2511 λαόν
779 2454 1058 2511 διδάσκειν
1085 2462 1506 2532 πεπιστευμένος,
1538 2454 1728 2521 ἔδειξεν

164 2544 282 2606 εὐθὺς
308 2545 352 2598 ἕν
379 2551 678 2621 προοιμίοις
697 2548 801 2608 οἶος
818 2545 966 2620 παρά
983 2549 1155 2600 πάντα
1173 2550 1260 2600 τὸν
1283 2545 1400 2620 βίον
1429 2551 1546 2619 γενὴ
1559 2563 1726 2599 σεταιο

162 2632 202 2685 ού
225 2637 313 2707 γὰρ
338 2640 421 2688 τὸν
452 2636 634 2708 εὐγενῆ
680 2640 772 2689 καὶ
812 2640 1048 2708 γόνιμον,
1093 2641 1183 2689 καὶ
1211 2644 1515 2712 γεωργῆσαι
1543 2635 1728 2706 ψυχὰς

164 2719 401 2798 ἀνθρώπων
440 2721 730 2797 δυνάμενον
777 2724 1009 2785 ἐζήλωσε
1050 2733 1373 2800 χαρακτῆρα
1409 2733 1511 2777 τῶν
1539 2724 1726 2797 λόγων,

169 2809 270 2865 ἀλλὰ
291 2817 412 2888 πρὸς
440 2817 500 2867 τὸ
534 2810 573 2866 δ
576 2815 860 2889 ημοτερπες
900 2811 1199 2880 ἀποκλίνας,
1240 2820 1330 2867 καὶ
1361 2822 1462 2867 τῶν
1502 2814 1573 2876 εἰς
1604 2811 1731 2888 ἀέρα

163 2901 378 2974 λυομένων
401 2909 604 2978 κρότων
635 2906 892 2979 θηρευτὴς
921 2904 966 2957 εἰ
984 2909 1074 2958 καὶ
1097 2923 1174 2967 τις
1194 2903 1345 2966 ἄλλος
1369 2909 1648 2978 γενόμενος,
1671 2907 1730 2956 τό

166 2989 447 3064 συρφετώδες
483 2994 577 3047 καί
631 2991 969 3066 ἀστάθμητον
997 2992 1194 3056 πλῆθος
1237 2997 1364 3067 πρὸς
1412 2997 1499 3047 τὸν
1545 2993 1732 3047 οἰκεῖον

167 3079 458 3143 ἐξεκαλέσατο
525 3085 712 3151 πόθον,
787 3087 936 3156 φαιὸν
1022 3082 1448 3159 περιϐεϐλημένος
1504 3084 1732 3156 ἱμάτιον,

167 3167 452 3245 ἔστυγνακὼς
472 3169 740 3247 βαδίζων,
759 3177 882 3235 τούς
901 3172 1179 3247 ἀγοραίους
1194 3172 1437 3226 ἐκκλίνων
1461 3173 1682 3247 θορύϐου
1693 3195 1732 3245 ς,

170 3258 407 3333 ὠχρότητι
437 3268 686 3336 σώματος
722 3264 780 3314 τό
812 3259 985 3316 δοκεῖν
1023 3262 1371 3338 ἐγκρατευτης
1399 3263 1530 3315 εἶναι
1571 3264 1739 3338 θηρώ-

169 3367 308 3419 μενος,
343 3355 474 3405 οῖκοι
523 3355 593 3406 τὰ
629 3350 796 3405 πολλὰ
833 3349 1059 3424 βιϐλίοις
1087 3355 1452 3426 προσανίχων,
1492 3355 1582 3404 καὶ
1619 3353 1738 3404 καθ’

171 3438 375 3512 ἡσυχίαν
432 3441 602 3513 ἐαυτῷ
652 3445 1040 3514 συγγινόμενος,
1085 3443 1341 3504 τοιούτοις
1374 3445 1620 3514 σχήμασι
1650 3444 1740 3492 καὶ

170 3525 413 3602 πλάσμασι
486 3535 612 3593 τούς
673 3529 896 3592 πολλοὺς
977 3527 1254 3598 δελεάζων,
1330 3535 1493 3604 μέχρι
1565 3529 1742 3605 πόῥρω

171 3618 363 3688 προῆλθε
410 3628 505 3683 τῆς
557 3620 794 3690 ἡλικίας,
853 3624 911 3672 τὸ
943 3617 1115 3674 δοκεῖν
1141 3623 1456 3696 Χριστιανὸς
1481 3618 1612 3672 εἶναι
1640 3622 1741 3696 πρὸ

172 3713 242 3757 τοῦ
263 3715 383 3761 εῖναι
402 3706 632 3782 διώκων,
655 3714 744 3764 καὶ
762 3717 825 3770 τῆ
839 3731 860 3773 ς
883 3717 975 3764 τοῦ
1000 3717 1238 3786 Χριστοῦ
1260 3707 1420 3773 δόξης
1438 3713 1531 3769 τὴν
1558 3709 1743 3763 ἑαυτοῦ

173 3807 425 3870 προτιμῶν.

231 3917 289 3992 β.
314 3921 446 3976 Ἐπεὶ
493 3920 553 3977 δε
585 3925 726 3976 κατὰ
773 3925 835 3976 τὸ
889 3922 1156 3997 εἰρημένον
1197 3931 1270 3995 τῷ
1301 3926 1560 3996 Δεσπότῃ,
1593 3918 1744 3976 οὐδὲν

175 4014 363 4079 κρυπτὸν
404 4012 431 4065 ὃ
473 4012 532 4065 ού
562 4013 957 4084 γνωσθήσεται,
1004 4007 1129 4064 ούδὲ
1177 4013 1475 4088 ἀπόκρυφον
1527 4011 1553 4064 ὁ
1580 4011 1641 4064 ού
1670 4015 1743 4084 μὴ

1765 1617 1812 1670 Α

2474 1616 2556 1674 De
2581 1616 2871 1674 Nestoris.

1917 1745 1966 1795 l.
2008 1738 2315 1796 Nestorius
2354 1743 2520 1796 ortus
2558 1745 2685 1797 erat
2735 1757 2805 1796 ex
2856 1741 3188 1798 Germaniae
3240 1741 3489 1816 oppido,

1841 1829 2044 1885 nescio
2073 1829 2297 1902 quibus
2341 1829 2420 1886 ab
2476 1830 2644 1886 initio
2696 1829 3032 1902 disciplinis
3087 1831 3494 1900 eruditus;de

1837 1917 1973 1976 loco
1996 1923 2196 1975 autem
2222 1919 2280 1974 in
2306 1917 2508 1974 locum
2536 1919 2824 1988 migrans,
2861 1925 3152 1992 tanquam
3181 1921 3497 1994 quoddam

1838 2007 2256 2080 Egyptiacum
2287 2007 2618 2078 ﬂagellum,
2665 2007 2728 2063 in
2776 2024 3066 2079 magnam
3100 2010 3500 2068 Antiochena-

1837 2111 1975 2152 rum
1994 2096 2208 2152 urbem
2237 2094 2424 2152 irruit.
2448 2095 2532 2152 lbi
2561 2095 2944 2152 mediocriter
2959 2097 3262 2154 bonarum
3277 2099 3497 2156 artium

1837 2185 2141 2257 particeps
2197 2183 2464 2253 effectus,
2511 2200 2848 2258 vocemque
2897 2184 3367 2258 pulcherrimam
3423 2202 3495 2243 ac

1837 2271 2132 2346 optimam
2175 2273 2458 2329 exercitio
2501 2271 2779 2344 adeptus,
2811 2274 2873 2330 in
2915 2274 3016 2330 Dei
3065 2275 3387 2332 Ecclesiam
3418 2276 3495 2332 ir-

1833 2363 2020 2435 repsit
2055 2367 2114 2418 et
2151 2360 2430 2433 catalogo
2467 2361 2959 2435 presbyterorum
2983 2362 3345 2436 adscriptus,
3371 2364 3500 2421 Dei-

1836 2467 1956 2525 que
1983 2451 2281 2524 populum
2325 2450 2584 2508 docendi
2622 2467 2833 2508 curam
2878 2453 3156 2522 sortitus,
3202 2451 3282 2510 ab
3327 2453 3496 2511 initio

1839 2539 2111 2597 exhibuit
2157 2537 2356 2613 qualis
2401 2555 2510 2614 per
2563 2544 2751 2597 totam
2803 2541 2992 2598 vitam
3049 2541 3286 2598 futurus
3311 2546 3490 2599 esset.

1841 2628 1970 2685 Non
1997 2628 2159 2685 enim
2188 2628 2571 2698 ingeniosum
2603 2634 2658 2686 et
2687 2629 2954 2686 nobilem
2987 2635 3044 2686 et
3073 2630 3290 2687 animis
3319 2645 3490 2688 exco-

1841 2717 2034 2774 lendis
2065 2723 2278 2790 aptum
2319 2723 2580 2774 sectatus
2609 2723 2698 2774 est
2734 2719 3075 2776 orationum
3103 2725 3492 2787 caracterem,

1843 2806 1950 2864 sed
1975 2806 2056 2863 ad
2083 2807 2290 2880 populi
2311 2805 2721 2864 adulationem
2754 2807 3036 2880 proclivis
3053 2807 3502 2881 plausuumque

1766 2887 1807 2940 Β
1838 2895 1902 2951 in
1941 2911 2145 2952 aerem
2193 2895 2626 2968 dissipatorum
2673 2900 2737 2952 ut
2782 2897 2886 2969 qui
2924 2897 3191 2954 maxime
3245 2903 3502 2968 amator,

1839 2984 2017 3041 vilem
2045 2989 2104 3041 et
2124 2984 2464 3041 instabilem
2505 2983 2883 3056 plebeculam
2915 3001 3026 3042 suo
3063 2985 3361 3042 desiderio
3386 2986 3506 3043 im-

1842 3073 2090 3141 buebat,
2116 3071 2293 3129 fusco
2323 3072 2574 3129 indutus
2607 3072 2814 3146 pallio,
2839 3073 3022 3129 tristis
3052 3074 3363 3138 incedens,
3395 3074 3509 3130 fori

1846 3162 2169 3224 tumultum
2195 3163 2450 3231 evitans,
2481 3163 2752 3235 corporis
2788 3161 3022 3235 pallore
3059 3167 3404 3236 temperans
3431 3163 3512 3221 vi-

1847 3252 1976 3310 deri
2001 3251 2274 3326 cupiens,
2322 3251 2488 3308 domi
2529 3251 2889 3326 plerumque
2932 3251 3100 3310 libris
3148 3253 3510 3311 incumbens

1848 3347 1905 3400 et
1926 3357 2036 3416 per
2061 3340 2254 3398 otium
2276 3356 2482 3398 secum
2513 3356 2906 3406 conversans,
2940 3341 3040 3399 tali
3068 3342 3281 3400 habitu
3313 3348 3370 3400 et
3393 3343 3509 3400 {or-

1850 3447 1953 3489 ma
2003 3430 2455 3488 multitudinem
2503 3437 2780 3504 captans,
2833 3431 2914 3488 ad
2967 3432 3219 3490 multam
3272 3438 3511 3491 (etatem

1849 3520 2170 3593 processit,
2220 3518 2588 3576 Christianus
2644 3519 2832 3575 videri
2874 3520 3075 3593 potius
3127 3537 3313 3595 quam
3377 3537 3512 3578 esse

1850 3612 2202 3684 peroptans,
2224 3612 2283 3666 et
2307 3607 2521 3666 Christi
2547 3607 2753 3680 gloria
2784 3608 3094 3682 propriam
3121 3609 3376 3683 gloriam
3398 3625 3506 3668 an-

1854 3703 2166 3772 teponens.

1927 3933 1983 3988 2.
2023 3931 2170 3986 Cum
2202 3933 2426 3997 autem,
2469 3933 2535 3986 ut
2576 3945 2614 3987 a
2652 3929 2908 3986 Domino
2949 3929 3179 3986 dictum
3213 3933 3323 4000 est,
3360 3930 3514 3988 nihil

1857 4019 1931 4074 sit
1961 4023 2260 4074 secretum
2299 4018 2466 4091 quod
2519 4033 2643 4074 non
2701 4017 2942 4088 sciatur,
2984 4018 3133 4074 nihil
3184 4018 3511 4076 obscurum

180 4095 234 4157 εἱς
277 4105 476 4175 ρανερόν
523 4101 676 4175 ἔλθη,
715 4106 805 4154 καί
861 4103 929 4154 τὰ
989 4100 1124 4154 καλὰ
1170 4103 1297 4174 ἔργα
1338 4098 1582 4175 πρόδηλά
1612 4099 1741 4170 ἔστι,

1858 4107 2027 4182 quod
2055 4124 2179 4164 non
2211 4107 2525 4175 reveletur,
2549 4111 2607 4162 et
2629 4106 2794 4164 bona
2824 4123 3010 4181 opera
3035 4108 3358 4166 manifesta
3393 4109 3512 4166 sint

178 4191 247 4237 καὶ
303 4193 364 4242 τὰ
431 4191 593 4252 ἄλλως
661 4193 855 4263 ἔχοντα
897 4190 1155 4262 κρυϐῆναι
1207 4190 1266 4243 ού
1329 4188 1570 4256 δύναται,
1614 4192 1749 4243 κατά

179 4279 249 4332 τὴν
278 4275 666 4352 ἀνεξιχνίαστον
717 4287 819 4332 τῶν
854 4287 946 4333 τοῦ
996 4285 1122 4334 Θεοῦ
1179 4299 1444 4355 κριματων
1490 4279 1747 4352 ἄϐυσσον,

181 4370 250 4418 καὶ
294 4374 573 4445 Νεστὸριος
633 4369 795 4442 ψήφῳ
841 4377 941 4421 τῶν
983 4371 1200 4443 περὶτὰ
1243 4368 1490 4442 βασίλεια
1513 4375 1603 4423 καὶ
1630 4373 1750 4432 τοὺς

185 4455 378 4526 θράνους,
441 4466 532 4514 καὶ
599 4459 766 4512 αὐτοῦ
823 4466 1112 4518 τηνικαῦτα
1165 4466 1260 4522 τῆς
1324 4460 1624 4534 οἰκουμένης
1686 4462 1754 4513 τὰ

186 4554 389 4622 σκῆπτρα
473 4547 769 4616 διέποντος,
859 4557 951 4611 τῆς
1009 4551 1145 4602 κατὰ
1211 4548 1753 4604 Κωνσταντινούπολιν

184 4643 260 4686 τῶν
309 4635 592 4714 ὀρθοδόξων
652 4638 940 4702 καθολικῆς
1002 4638 1313 4701 Ἐκκλησίας
1368 4645 1464 4698 τὴν
1519 4658 1753 4713 προστα-

189 4729 280 4778 σίαν
326 4733 646 4798 πιστεύεται,
700 4725 856 4783 ουδεν
902 4725 961 4781 δε
1013 4729 1167 4802 ᾕττον
1197 4733 1289 4782 καὶ
1327 4737 1418 4802 τῇς
1448 4729 1752 4802 οἰκουμένης

188 4812 376 4881 ἀπάσης.
437 4819 525 4882 Ὠς
585 4817 650 4873 δὲ
708 4822 796 4872 τὸν
889 4821 1138 4891 μέγιστον
1231 4816 1418 4872 ἕκεῖνον
1506 4818 1755 4872 κατέλαϐε

191 4902 350 4977 θρόνον,
388 4911 624 4982 καθάπερ
676 4910 794 4961 τινὰ
843 4903 1131 4982 τυραννίδα
1195 4915 1288 4969 τῆς
1354 4907 1757 4982 ἀρχιερωσύνης

190 4997 262 5050 τὴν
284 5003 597 5069 προστασίαν
629 4997 898 5072 ἁρπάσας,
929 4996 1101 5050 οὐκέτι
1125 5001 1368 5070 κατέχειν
1399 4999 1448 5049 ἓν
1471 4996 1631 5069 ἐαυτῷ
1660 5000 1756 5055 τὴν

192 5077 322 5138 ὠδῖνα
342 5096 428 5150 τῆς
467 5086 722 5150 ἀσεϐείας
771 5085 879 5147 οἶός
915 5086 962 5138 τ’
997 5083 1078 5155 ἦν,
1111 5083 1220 5138 ἀλλ’
1261 5084 1361 5139 ἀπὸ
1391 5094 1488 5150 τῆς
1515 5085 1758 5150 ἔξουσίας

192 5174 450 5244 προσλαϐὼν
476 5176 660 5251 ἀμαθῆ
693 5175 1023 5251 παρρησίαν,
1055 5175 1126 5239 εἰς
1144 5178 1302 5249 μέσον
1323 5176 1440 5248 άγει
1469 5179 1559 5228 καὶ
1579 5179 1759 5252 προτί-

197 5261 314 5318 θησιν
338 5267 546 5336 ἅπασιν,
581 5268 647 5326 ἣν
684 5265 850 5319 πάλαι
889 5263 1133 5318 συνέλαϐε
1161 5267 1298 5319 κατὰ
1321 5271 1412 5319 τοῦ
1441 5271 1758 5338 Μονογενοῦς

1861 4201 1918 4253 et
1943 4197 2103 4253 mala
2148 4202 2452 4269 nequeant
2479 4196 2790 4264 occultari,
2815 4197 2989 4266 juxta
3031 4196 3515 4268 investigabilem

1855 4284 2224 4357 judiciorum
2266 4283 2369 4340 Dei
2395 4283 2708 4357 abyssum,
2736 4287 2794 4340 et
2821 4283 3126 4341 Nestorius
3155 4301 3366 4342 eorum
3393 4285 3513 4342 suf-

1859 4373 2054 4444 fragio
2077 4372 2183 4446 qui
2203 4371 2380 4444 regiis
2409 4377 2468 4430 et
2495 4371 2726 4430 thronis
2757 4371 3027 4430 assident
3067 4377 3125 4430 et
3166 4373 3356 4447 ipsius
3412 4372 3519 4446 qui

1860 4466 1990 4520 tum
2020 4461 2308 4536 temporis
2337 4461 2504 4518 orbis
2545 4461 2810 4518 universi
2851 4467 3087 4535 sceptra
3127 4461 3386 4529 tenebat,
3419 4478 3514 4519 or-

1860 4551 2266 4611 thodoxorum
2290 4551 2598 4608 catholica;
2612 4551 3289 4624 Constantinopolitanae
3318 4551 3511 4608 Eccle-

1864 4641 1970 4698 siaa
1995 4640 2335 4715 praeﬁcitur,
2365 4656 2476 4697 nec
2520 4640 2720 4696 minus
2775 4655 2964 4712 quam
3003 4640 3286 4698 universo
3334 4644 3512 4698 terra-

1862 4747 1999 4788 rum
2030 4730 2182 4788 orbi.
2227 4730 2337 4787 Ubi
2376 4732 2578 4786 autem
2616 4729 2679 4785 in
2728 4729 3065 4786 maximam
3093 4729 3260 4787 illam
3309 4731 3516 4786 sedem

1863 4820 2138 4879 ascendit
2156 4818 2477 4892 rapuitque
2503 4816 2956 4891 prmsidentiam
2985 4822 3280 4892 tanquam
3307 4823 3514 4891 tyran-

1863 4907 2070 4965 nidem
2101 4905 2436 4980 quamdam
2457 4905 2865 4980 episcopatus,
2885 4921 3010 4963 non
3025 4906 3157 4978 jam
3183 4909 3245 4962 in
3273 4921 3338 4962 se
3360 4905 3520 4962 cohi-

1863 4997 2007 5056 bere
2040 4996 2225 5054 valuit
2253 4996 2577 5070 impietatis
2598 5001 2863 5070 partum,
2891 4996 2997 5052 sed
3019 5011 3093 5052 ex
3123 5012 3235 5051 sua
3254 4995 3522 5068 potentia

1865 5085 2204 5144 inauditam
2233 5085 2582 5159 concipiens
2611 5084 2956 5153 audaciam,
2987 5085 3050 5140 in
3098 5083 3368 5141 medium
3413 5085 3521 5143 ad-

1865 5175 2033 5234 ducit
2053 5174 2409 5248 praafertque
2432 5174 2663 5231 cunctis
2685 5189 2873 5247 quam
2891 5174 3024 5245 jam
3048 5172 3282 5230 dudum
3306 5173 3522 5247 imagi-

1867 5269 2046 5323 natus
2072 5263 2312 5322 essetin
2332 5263 2709 5336 unigenitum
2726 5261 3193 5335 blasphemiam,
3211 5268 3267 5320 et
3293 5263 3523 5322 bellum

197 5347 510 5427 βλασφημίαν,
542 5361 640 5410 καὶ
664 5355 888 5429 πόλεμον
918 5355 1162 5430 ἄντικρυς
1190 5357 1327 5408 κατά
1350 5362 1451 5408 τῶν
1483 5352 1741 5409 ἀποστολι

1869 5355 2073 5429 palam
2117 5353 2409 5412 adversus
2455 5351 2786 5426 apostolica
2811 5349 3103 5422 dogmata
3133 5352 3380 5412 suscitat
3407 5373 3425 5426 ;
3467 5356 3525 5410 et

198 5446 273 5491 κῶν
304 5443 510 5520 αἱρεῖται
553 5442 869 5520 δογμάτων·
916 5447 1006 5497 καὶ
1035 5450 1136 5496 τῶν
1184 5443 1346 5518 ἁγίων
1376 5448 1638 5520 Πατίρων,
1673 5441 1759 5516 ἀφ’

201 5527 243 5579 οὗ
266 5535 536 5608 κατηγγέλη
577 5541 636 5590 τό
677 5533 995 5607 Εύαγγελιον
1023 5541 1116 5597 τῆς
1147 5542 1248 5587 τῶν
1274 5530 1568 5609 ὀρθοδὸξων
1598 5535 1761 5592 καθηι

201 5626 458 5697 Ἱισαμίνων
493 5631 742 5694 πίστεως,
794 5622 1052 5678 ἐκϐάλλειν
1096 5628 1342 5702 πειρᾶται
1383 5627 1508 5689 τοὺς
1548 5621 1758 5699 λόγους,

1869 5447 2217 5502 sanctorum
2243 5442 2511 5510 Patrum,
2533 5457 2605 5498 ex
2633 5456 2756 5514 quo
2784 5441 3208 5499 annuntiatum
3228 5447 3318 5499 est
3342 5445 3524 5500 Evan-

1869 5533 2093 5607 gelium
2114 5531 2594 5590 orthodoxorum
2609 5529 2837 5588 ducum
2865 5529 3327 5605 ﬁdei,expellere
3346 5547 3520 5588 cona-

1868 5627 1967 5684 tur
2001 5639 2198 5695 voces,
2227 5621 2478 5684 turbans
2502 5618 2753 5694 quidem
2798 5620 2980 5695 regiae
3027 5621 3285 5681 civitatis
3327 5619 3526 5678 Eccle-
