4040 6318
484 352 553 414 35
1823 338 2089 401 NICETIE
2129 339 2507 399 CHONIATIE
3772 344 3847 396 35

485 497 658 548 siam,
687 480 934 536 turbans
959 481 1016 533 et
1033 474 1243 532 orbem
1282 473 1653 530 universum.
1686 474 1886 541 Neque
1920 483 1955 522 a
1983 465 2130 522 divi-

2262 468 2509 539 ·αράττων
2565 466 2653 537 μὲν
2692 471 2787 525 τῆς
2825 459 3045 515 Βασιλίδ
3049 481 3099 523 ος
3135 461 3331 524 πόλεως
3365 466 3460 522 τὴν
3508 464 3851 535 Ἐκκλησίαν,

483 585 564 627 no
590 568 772 626 Paulo
804 568 1103 623 clamante
1125 577 1453 620 conversus
1479 580 1491 617 :
1528 561 1642 629 Qui
1672 576 1770 617 vos
1796 558 2020 619 turbat,
2040 558 2135 627 ju-

485 659 709 714 dicium
752 658 929 726 feret,
962 656 1300 726 quicunque
1320 652 1397 707 sit
1424 665 1447 723 ;
1479 649 1585 705 sed
1630 664 1811 723 super
1858 644 2135 702 candela-

484 748 666 804 brum
687 746 900 803 divinaz
928 745 1353 817 episcoporum
1384 740 1682 796 cathedrae
1725 754 1848 813 non
1874 735 2135 795 veritatis

483 838 713 900 lumen,
746 836 851 892 sed
880 833 1203 906 impietatis
1230 830 1510 888 tenebras
1541 830 1729 903 ponit.

561 1109 611 1160 3.
637 1103 722 1159 Fit
752 1106 955 1159 autem
986 1102 1065 1157 illi
1112 1101 1376 1174 primum
1403 1098 1807 1156 innovationis
1835 1100 2139 1153 tentamen

496 1208 621 1250 non
668 1194 946 1264 oportere
996 1189 1443 1246 sanctissimam
1489 1188 1789 1258 Virginem
1821 1185 1923 1241 Dei
1968 1183 2142 1241 Verbi

489 1281 829 1339 secundum
858 1294 1105 1336 carnem
1136 1284 1396 1336 matrem
1430 1278 1531 1334 Dei
1560 1280 1817 1333 matrem
1849 1273 2140 1340 conﬁteri,

490 1372 597 1427 sed
640 1375 871 1427 tantum
911 1368 1140 1439 Christi,
1184 1368 1331 1423 dum
1372 1373 1581 1423 contra
1622 1363 2007 1421 vetustissimi
2044 1366 2141 1419 Ec-

489 1459 686 1515 clesiae
715 1472 1050 1531 praecones,
1086 1457 1421 1512 secundum
1453 1454 1849 1527 apostolicam
1877 1453 2144 1508 traditio-

2243 557 2510 627 ταράττων
2543 548 2577 606 δ
2581 557 2602 606 ὲ
2632 558 2722 606 καὶ
2760 557 2855 612 τὴν
2874 552 3178 625 οἰκουμένην
3199 553 3431 605 ἅπασαν·
3457 550 3582 607 οῦδε
3617 559 3707 608 τοῦ
3730 557 3853 609 θεσ-

2243 648 2429 696 πεσίου
2510 642 2717 695 Παύλου
2787 646 3100 716 κεκραγότος
3165 644 3612 716 ἐπιστρεφόμενος.
3670 644 3727 697 Ὀ
3785 642 3854 698 δὲ

2245 734 2527 807 ταράσσων
2564 734 2725 805 λὺμᾶς
2783 730 3047 804 βαστάσει
3107 734 3166 783 τὸ
3223 739 3405 805 κρῖμα,
3466 734 3607 796 ὅστις
3663 755 3723 787 αν

2245 818 2352 872 ἀλλ’
2393 818 2478 873 ἐπὶ
2502 824 2594 879 τὴν
2618 820 2840 893 λυχνίαν
2876 828 2966 873 τοῦ
3001 822 3135 873 θείου
3167 829 3266 873 τῶν
3298 820 3581 897 ἀρχιερέων
3611 822 3856 897 βήματος

2247 907 2305 960 ού
2343 912 2430 961 τὸν
2478 908 2671 981 λύχνον
2727 918 2823 970 τῆς
2879 909 3143 978 ἀληθείας,
3178 908 3305 962 ἀλλὰ
3342 909 3497 983 ζόφον
3537 913 3721 971 τίθησι
3756 923 3858 974 τῆς

2248 995 2508 1059 ἀσεϐείας.

2318 1086 2390 1158 γ’.
2469 1093 2670 1142 Γίνεται
2746 1085 2806 1141 δὲ
2873 1089 3014 1159 αὐτῷ
3088 1096 3288 1162 πρῶτον
3362 1097 3460 1152 τῆς
3518 1096 3860 1165 καινοτομίας

2250 1174 2545 1250 ἐγχείρημα
2595 1181 2652 1230 τό
2707 1182 2779 1250 μὴ
2829 1175 2937 1231 δεῖν
2976 1182 3072 1237 τὴν
3111 1178 3265 1250 ἁγίαν
3305 1180 3563 1253 Παρθένον
3609 1186 3702 1240 τὴν
3761 1189 3862 1234 τοῦ

2252 1272 2386 1317 Θεοῦ
2426 1270 2601 1338 Λόγου
2664 1268 2800 1319 κατὰ
2860 1268 3034 1343 σάρκα
3097 1269 3298 1340 μητέρα
3348 1272 3601 1322 Θεοτόκον
3663 1269 3862 1343 ὁμολο-

2249 1362 2358 1425 γεῖν
2398 1360 2755 1430 Χριστοτόκον
2806 1353 2864 1409 δὲ
2930 1360 3103 1429 μόνον,
3145 1365 3245 1408 τῶν
3282 1355 3445 1410 πάλαι
3481 1364 3571 1411 καὶ
3608 1368 3707 1412 τῶν
3754 1380 3865 1436 προ

2252 1443 2411 1496 παλαι
2464 1452 2556 1505 τῆς
2599 1445 2907 1507 Ἐκκλησίας
2963 1448 3224 1522 κηρύκων,
3275 1450 3410 1499 κατὰ
3456 1452 3550 1507 τὴν
3626 1448 3865 1503 ἀποστο-

488 1565 654 1613 nem.
685 1547 784 1603 Dei
816 1550 1062 1604 Matrem
1093 1563 1223 1602 eam
1245 1545 1683 1602 nominandam
1706 1560 1835 1600 esse
1865 1542 2148 1599 docerent

2262 1533 2403 1590 λικὴν
2433 1531 2753 1606 παράδοσιν,
2795 1539 3048 1588 Θεοτόκον
3090 1532 3415 1598 δοξαζόντων
3460 1536 3728 1610 ὀνομάζειν
3767 1545 3868 1593 καὶ

504 1642 558 1693 et
590 1637 827 1693 Domini
866 1639 1107 1694 Matrem
1138 1635 1529 1692 credendam.
1568 1635 1691 1704 Age
1721 1648 1881 1699 vero,
1914 1637 1971 1688 et
1995 1632 2149 1688 blas—

2262 1640 2517 1675 πιστευειν
2564 1628 2656 1681 τὴν
2696 1631 2787 1675 του
2841 1628 3037 1699 Κυρίου
3092 1629 3329 1697 Μητέρα.
3376 1630 3497 1701 Φέρε
3552 1647 3642 1701 μοι
3678 1628 3865 1682 λοιπὸν

498 1727 785 1798 phcmam
818 1725 975 1781 hanc
1012 1724 1338 1781 verborum
1371 1728 1561 1779 artem
1599 1722 1825 1779 nemini
1858 1722 2024 1794 prius
2045 1738 2149 1778 no-

2262 1715 2347 1762 καὶ
2402 1716 2496 1770 τὴν
2551 1710 2863 1786 βλάσφημον
2923 1713 3261 1785 τεχνολογίαν
3316 1720 3715 1791 παρατήρησον,
3764 1719 3867 1772 οὐ·

491 1795 616 1875 tam
647 1814 928 1871 observa:
963 1836 989 1863 «
1016 1814 1229 1870 Christi
1259 1812 1600 1885 appellatio,
1633 1813 1846 1885 inquit,
1870 1812 2022 1868 duas
2044 1826 2151 1868 na~

2262 1795 2369 1852 δενὶ
2418 1805 2663 1876 πρότερον
2721 1801 3062 1875 ἐγνωσμένην.
3116 1802 3175 1857 Ἦ
3223 1811 3313 1857 τοῦ
3370 1812 3603 1880 Χριστοῦ
3657 1826 3871 1880 προση-

492 1908 658 1960 turas
706 1904 1027 1973 signiﬁcat,
1072 1904 1368 1974 Unigeniti
1406 1918 1625 1975 nempe
1672 1902 2044 1958 divinitatem
2094 1907 2152 1960 et

2262 1894 2433 1965 γορία,
2488 1895 2638 1963 φησὶ,
2688 1900 2786 1943 τῶν
2851 1887 2947 1944 δύο
3016 1895 3219 1964 φύσεων
3283 1901 3602 1968 σημαντικὴ,
3655 1905 3748 1957 τῆς
3807 1917 3871 1951 τε

493 1993 934 2050 humanitatem
961 2013 973 2063 ;
1007 1994 1122 2049 Dez’
1146 1998 1345 2049 autem
1371 1993 1642 2063 sejuncta
1666 2007 1784 2048 vox
1812 1991 2149 2064 simplicem

2262 1980 2503 2041 θεότητος
2568 1987 2659 2032 τοῦ
2729 1988 3047 2053 Μονογενοὺς
3115 1986 3205 2035 καὶ
3277 1990 3372 2045 τῆς
3439 1983 3867 2058 ἀνθρωπότητος”

494 2086 553 2140 et
586 2082 1028 2155 incorporalem
1063 2082 1165 2138 Dei
1207 2082 1383 2139 Verbi
1430 2081 1830 2138 substantiam
1879 2081 2148 2154 praebet;

2262 2069 2289 2125 ἡ
2334 2064 2394 2120 δέ
2430 2076 2520 2121 τοῦ
2579 2076 2713 2122 Θεοῦ
2767 2069 3037 2132 ἀπολύτως
3083 2070 3331 2145 λεγομένη
3395 2078 3533 2145 φωνὴ
3574 2079 3665 2133 τήν
3696 2074 3872 2135 ἁπλῆν

490 2188 613 2228 vox
643 2176 845 2229 autem
878 2172 1049 2228 homo
1082 2170 1274 2227 solam
1323 2171 1657 2228 humanam
1696 2170 1957 2227 ostendit
1975 2176 2152 2228 natu-

2262 2162 2350 2208 καὶ
2417 2156 2696 2231 ἀσώματον
2758 2167 2849 2211 τοῦ
2904 2167 3037 2213 Θεοῦ
3082 2166 3259 2233 Λόγου
3299 2167 3626 2237 παρίστησιν
3656 2165 3867 2217 οὐσίαν·

493 2276 627 2318 ram
661 2279 673 2316 :
703 2261 840 2317 ideo
871 2260 1087 2317 Christi
1130 2260 1500 2331 genitricem,
1542 2260 1759 2332 inquit,
1795 2275 1916 2316 non
1949 2264 2153 2317 autem

2262 2249 2289 2304 ἠ
2352 2242 2411 2299 δε
2459 2255 2551 2300 τοῦ
2605 2248 2873 2319 ἅνθρωπος
2928 2254 3089 2322 μόνην
3145 2255 3242 2309 τὴν
3280 2248 3602 2324 ἀνθρωπείαν
3656 2250 3876 2308 ὑποδείο

497 2350 619 2414 Dei,
662 2350 965 2420 Virginem
995 2349 1269 2406 conﬁteri
1296 2365 1543 2405 necesse
1579 2355 1687 2415 est,
1730 2365 1807 2405 ne
1855 2349 2005 2406 forte
2049 2365 2153 2406 no.

2262 2354 2415 2387 κνυσι
2472 2339 2647 2408 φύσιν·
2716 2334 2809 2391 διὰ
2860 2346 3012 2392 τοῦτο
3076 2344 3449 2412 Χριστοτόκον,
3508 2347 3689 2415 φησιν,
3759 2342 3872 2395 ἀλλ’

492 2438 587 2494 bis
616 2439 852 2496 accidat
886 2444 951 2494 ut
982 2438 1083 2494 Dei
1130 2437 1386 2494 Verbum
1425 2438 1790 2510 principium
1829 2437 2153 2495 exsistendi

2262 2423 2320 2476 οὐ
2396 2430 2648 2478 Θεοτὸκον
2699 2431 2794 2485 την
2878 2430 3135 2501 Παρθένον
3208 2428 3484 2501 ὁμολογεῖν
3563 2430 3873 2505 ἀναγκαῖον,

512 2544 585 2584 ex
609 2535 817 2585 sancta
847 2528 1081 2598 Virgine
1120 2528 1447 2601 acceperit;
1478 2532 1659 2600 atque
1683 2529 1767 2584 ita
1793 2528 1961 2602 prius
1986 2529 2151 2598 geni-

2262 2517 2464 2590 μήποτε
2515 2514 2746 2589 λάθωμεν
2803 2515 2978 2591 ἀρχην
3038 2525 3130 2570 τοῦ
3183 2517 3315 2571 εἶναι
3349 2519 3574 2590 λέγοντες
3606 2525 3695 2574 τὸν
3733 2525 3872 2575 Θεὸν

505 2621 631 2674 tam
663 2634 796 2673 esse
835 2623 1095 2674 matrem
1120 2634 1309 2691 quam
1353 2617 1449 2674 ille
1480 2617 1584 2690 qui
1627 2633 1700 2673 ex
1735 2633 1806 2675 ea
1833 2623 2012 2675 natus
2044 2606 2151 2684 est,

2263 2607 2433 2675 Λόγον
2490 2602 2545 2656 ἐκ
2592 2614 2683 2666 τῆς
2734 2604 2889 2679 ἀγίας
2949 2607 3194 2680 εἰληφότα
3222 2610 3505 2684 Παρθένου’
3574 2616 3663 2663 καὶ
3728 2612 3873 2665 οὕτω

500 2705 773 2764 conﬁteri
799 2722 1111 2777 cogamur.
1151 2730 1171 2758 ι

2262 2696 2664 2770 προγενεστέραν
2764 2701 2851 2756 τὴν
2926 2702 3128 2772 μητέρα
3200 2705 3293 2750 τοῦ
3387 2701 3713 2770 ’γεννηθέντος
3815 2699 3875 2764 ἓξ

2262 2782 2455 2853 αὐτῆς,
2559 2786 2695 2837 κατὰ
2768 2788 2826 2837 τό
2903 2784 3211 2858 ἀκόλουθον,
3291 2787 3556 2860 ὁμολογεῖν
3633 2788 3873 2862 βιασθῶ-

2261 2892 2351 2945 μεν
2360 2914 2373 2927 .

573 2977 625 3031 4.
671 2980 749 3033 Ne
782 2980 983 3033 autem
1013 2976 1328 3033 videamur
1365 2976 1539 3033 vanis
1586 2976 1822 3048 injuriis
1848 2977 1933 3033 sic
1964 2977 2153 3035 homi-

2335 2957 2401 3017 δ’.
2450 2960 2564 3016 Ἵνα
2616 2960 2675 3015 δὲ
2738 2968 2809 3036 μὴ
2876 2960 3106 3037 δόξωμεν
3160 2961 3452 3039 λοιδορίαις
3490 2973 3658 3028 κεναῖς
3701 2974 3882 3021 ταῦτα

501 3081 643 3123 nem
670 3066 971 3140 persequi.
1000 3082 1140 3123 eum
1170 3066 1368 3139 ipsum
1410 3082 1515 3138 per
1544 3083 1615 3123 ea
1644 3083 1780 3140 quae
1810 3068 1980 3140 dixit,
2020 3085 2153 3142 pro-

2262 3057 2351 3115 τοῦ
2398 3048 2589 3127 ἀνδρὸς
2638 3061 2968 3127 κατηγορεῖν,
3020 3054 3174 3106 αὐτὸν
3241 3053 3428 3107 ἐκεῖνον
3482 3056 3561 3117 οἷς
3611 3053 3719 3109 εἶπε
3774 3064 3880 3118 τῆς

497 3157 644 3229 price
671 3138 997 3229 impietatis
1022 3138 1230 3213 testem
1251 3156 1563 3213 faciemus.
1588 3138 1719 3213 Suis
1741 3158 1897 3214 enim
1929 3138 2153 3229 cog—ita-

2262 3140 2455 3203 οἰκείας
2531 3138 2839 3204 δυσσεϐείας
2894 3148 3190 3216 ποιήσομαι
3245 3146 3507 3220 μάρτυρα.
3584 3152 3693 3198 Τῶν
3771 3149 3879 3222 γὰρ

498 3227 779 3302 ᾖοηίὺιιέ
793 3261 1041 3302 omnem
1087 3245 1561 3318 apostolicarum
1589 3245 1999 3305 doctrinarum
2013 3227 2153 3304 *ηιθ-

2264 3228 2621 3283 ἀποστολικῶν
2662 3227 3008 3305 διδαγμάτων
3068 3237 3160 3285 καί
3214 3236 3406 3295 παντὸς
3454 3233 3609 3306 ἁγίου
3661 3239 3880 3307 μνήμην

497 3333 758 3390 moriam
811 3338 1223 3404 transgressus
1267 3338 1325 3390 et
1368 3333 1692 3405 cujuslibet
1725 3337 1935 3403 sancti,
1978 3337 2038 3393 in
2065 3352 2153 3395 or-

2262 3338 2359 3392 τῆς
2407 3328 2593 3382 ἑαυτοῦ
2636 3326 2874 3391 διανοίας
2930 3331 3267 3405 ύπερορίσας,
3324 3330 3374 3384 ἓν
3413 3340 3475 3405 τῇ
3509 3340 3611 3384 τῶν
3644 3330 3878 3407 ὀρθοδό-

497 3421 908 3495 thodoxorum
936 3420 1192 3478 ecclesia
1218 3422 1435 3479 multas
1450 3422 1788 3481 istiusmodi
1817 3425 2153 3497 proclama-

2264 3417 2362 3482 ξων
2454 3418 2711 3492 ἐκκλησίᾳ
2782 3419 2969 3481 πολλὰς
3042 3424 3290 3484 τοιαύτας
3368 3420 3609 3484 ἑξεϐόησε
3677 3426 3873 3495 φωνάς’

499 3511 583 3567 vit
613 3526 792 3567 voces
822 3529 838 3571 ;
866 3532 893 3562 «
919 3513 1047 3566 Non
1071 3510 1318 3583 peperit,
1364 3527 1400 3567 ο
1445 3512 1692 3583 optime,
1736 3516 1923 3570 Deum
1951 3516 2151 3584 Maria,

2266 3528 2295 3558 (ί
2350 3508 2461 3562 Ούκ
2517 3511 2702 3578 ἔτεκεν,
2749 3506 2789 3560 ὦ
2830 3508 3091 3583 βέλτιστε,
3152 3515 3334 3585 Μαρία
3372 3513 3514 3582 Θεὸν,
3568 3510 3673 3564 ἀλλ’
3705 3513 3877 3565 ἔτεκεν

501 3599 609 3655 sed
661 3598 972 3658 hominem
1026 3600 1259 3672 peperit
1301 3600 1629 3657 divinitatis
1663 3602 2153 3660 instrumentum.

2263 3598 2532 3673 ἄνθρωπον
2589 3601 2828 3659 θεότητος
2874 3603 3114 3674 ὄργανον.
3153 3618 3184 3653 ν
3227 3604 3328 3654 Καὶ
3392 3599 3444 3653 ἐν
3492 3600 3687 3673 ἑτέροις
3713 3601 3877 3655 πάλιν

499 3692 565 3745 Et
607 3690 669 3744 in
723 3688 855 3744 aliis
904 3705 1147 3745 rursum
1188 3692 1521 3759 nugatoriis
1571 3691 2153 3764 irreprehensibilem

2266 3686 2547 3759 φληνάφοις
2611 3685 2920 3759 ἀνέγκλητον
2971 3692 3174 3761 μητέρα
3235 3688 3485 3747 Ἑλλήνων
3539 3692 3670 3750 θεοῖς
3731 3689 3876 3743 ἐπειὲ

501 3781 742 3835 Matrem
790 3779 1060 3849 gentium
1091 3779 1204 3834 diis
1264 3780 1584 3838 assimilat.
1640 3782 1960 3838 Judaicam
1993 3784 2153 3839 enim

2266 3777 2461 3847 σάγων.
2547 3773 2836 3829 Ἰουδαϊκὸν
2887 3780 2988 3853 γὰρ
3060 3774 3437 3850 ἀναδεξάμενος
3491 3783 3748 3852 φρόνημα,
3811 3782 3878 3834 οὗ

504 3868 859 3925 sententiam
891 3868 1229 3941 amplexus,
1254 3884 1377 3925 non
1413 3869 1605 3925 Verbo
1639 3886 1885 3927 carnem
1930 3871 2153 3929 factum

2263 3867 2349 3915 τόν
2408 3870 2578 3938 Λόγον
2630 3885 2803 3940 σαρκα
2850 3865 3115 3942 ἀτρέπτως
3175 3868 3493 3940 γεγενῆσθαι
3532 3868 3714 3940 ἔλεγεν,
3763 3865 3883 3919 ἀλλ’

503 3973 636 4015 esse
661 3958 935 4015 absolute
965 3958 1222 4024 dicebat,
1255 3957 1362 4014 sed
1390 3958 1452 4014 in
1481 3958 1755 4031 quodam
1792 3959 2038 4016 homine
2067 3961 2153 4017 in-

2268 3956 2329 4021 εῖ,
2393 3974 2509 4007 τινα
2548 3955 2817 4029 ἄνθρωπον
2870 3955 3158 4025 ἐνοικῆσαι,
3228 3959 3292 4017 ὡς
3350 3956 3416 4017 εἰς
3455 3960 3542 4009 ἕνα
3598 3966 3696 4008 τῶν
3735 3974 3879 4029 προ-

503 4048 831 4116 habitasse,
858 4052 923 4104 ut
951 4048 1014 4103 in
1042 4048 1247 4120 aliquo
1285 4048 1721 4121 prophetarum
1754 4053 1809 4104 et
1856 4049 1969 4105 sibi
1996 4051 2158 4106 hunc

504 4139 821 4212 proprium
847 4137 1137 4208 peculiari
1167 4153 1373 4195 amore
1394 4139 1633 4207 fecisse;
1666 4144 1723 4195 et
1747 4154 1883 4195 esse
1913 4140 2159 4212 quidem

472 4276 475 4281 .
505 4227 684 4284 alium
736 4225 972 4291 Filium,
1009 4227 1193 4282 alium
1230 4242 1372 4282 vero
1402 4227 1542 4296 dici,
1567 4243 1763 4300 neque
1791 4245 1921 4284 esse
1952 4230 2158 4299 genui-

504 4332 652 4373 num
677 4314 915 4383 Filium,
962 4315 1068 4370 sed
1117 4315 1469 4388 adoptivum
1513 4318 1617 4389 qui
1660 4318 1777 4373 hoc
1806 4319 2051 4375 nomine
2076 4318 2163 4374 di-

505 4404 764 4471 cebatur,
798 4405 1005 4459 Jesum
1034 4404 1354 4460 Christum.
1401 4404 1545 4459 Inde
1571 4405 1800 4462 dictum
1844 4422 1977 4463 esse
2008 4408 2153 4463 duos

2269 4402 2513 4475 λέγεσθαι
2569 4410 2720 4461 εῖναι,
2762 4402 2914 4457 Ὀθεν
2971 4412 3063 4464 τῆς
3124 4401 3522 4479 ἀρχιερωσύνης
3575 4400 3884 4455 ἐκϐάλλεται

506 4510 639 4552 esse
670 4492 865 4563 Filios,
897 4508 1096 4566 neque
1118 4508 1309 4549 unum
1340 4496 1597 4550 tantum.
1625 4497 1830 4568 Itaque
1881 4497 2153 4569 synodali

2269 4492 2429 4566 ψηφῳ
2484 4491 2791 4567 [συνοδικῇ]
2838 4497 2927 4545 καὶ
2994 4491 3259 4566 βασιλικῷ
3324 4494 3563 4565 νεύμάτι·
3625 4496 3715 4544 καὶ
3777 4497 3883 4551 τὴν

509 4583 796 4654 suffragio
818 4586 875 4639 et
896 4582 1061 4655 regia
1093 4582 1396 4639 voluntate
1429 4583 1779 4656 episcopatu
1808 4585 2153 4657 expellitur;

2269 4581 2461 4635 Ὄασιν
2538 4579 2952 4644 καταδικασθεὶς
3033 4582 3188 4634 οἰκεῖν
3246 4591 3338 4643 τῆς
3411 4580 3700 4654 μελλούσης
3772 4589 3881 4634 τῶν

510 4678 567 4731 et
596 4673 797 4730 Oasim
818 4671 1157 4728 inhabitare
1174 4672 1398 4744 jussus,
1442 4673 1653 4729 futurae
1684 4674 2009 4747 impiorum
2038 4692 2160 4748 poe-

508 4779 603 4819 nae
621 4761 981 4836 praeludium
1010 4761 1261 4834 accepit,
1299 4777 1409 4818 sua
1447 4762 1695 4835 propria
1722 4763 2027 4820 dementia
2058 4764 2160 4822 ab-

513 4854 792 4924 stimptus
804 4855 861 4907 et
878 4850 939 4906 in
961 4867 1022 4906 se
1037 4849 1376 4922 adimplens
1390 4850 1537 4906 illud
1548 4852 1813 4925 Apostoli
1825 4853 2156 4911 oraculum:

514 4941 919 5011 Quorumdam
944 4939 1250 4997 hominum
1282 4941 1477 5010 σαίρειν
1497 4942 1806 5013 manifeste
1831 4943 2061 5000 ducunt
2081 4944 2163 5002 ad

512 5032 980 5088 damnationem.
998 5029 1313 5087 Suscitavit
1339 5030 1498 5086 enim
1524 5030 1584 5086 in
1609 5030 1780 5088 illum
1816 5034 1970 5090 Deus
1996 5034 2162 5107 spiri-

512 5126 641 5177 tum
667 5120 866 5194 Cyrilli
895 5119 1270 5177 Alexandria:
1302 5121 1656 5192 patriarchae
1682 5140 1695 5191 ;
1727 5122 1833 5195 qui
1859 5122 1937 5179 ad
1961 5123 2163 5196 ipsum

514 5211 849 5267 Nestorium
886 5209 1140 5282 scripsit,
1174 5225 1316 5265 eum
1359 5210 1420 5265 in
1463 5211 1938 5268 orthodoxorum
1976 5213 2163 5269 ﬁdem

511 5300 825 5373 impellens
848 5304 907 5356 et
931 5301 1179 5357 hortans
1207 5305 1273 5358 ut
1299 5301 1401 5358 Dei
1442 5303 1681 5359 Matrem
1716 5303 2164 5361 sanctissimam

512 5391 757 5448 Mariam
785 5391 1128 5447 nominaret
1156 5406 1225 5446 ac
1255 5391 1545 5447 crederet.
1570 5394 1714 5448 Cum
1742 5400 1943 5450 autem
1971 5396 2162 5466 preci-

512 5481 628 5536 bus
666 5494 789 5535 non
811 5478 1066 5543 cederet,
1097 5480 1347 5537 alteram
1380 5497 1587 5536 rursus
1622 5482 1781 5539 misit
1810 5483 2159 5555 epistolam;

513 5569 955 5628 conrtadicente
985 5573 1189 5628 autem
1210 5570 1333 5643 illo,
1351 5576 1717 5650 convocatur
1732 5575 1955 5646 postea
1976 5574 2163 5648 Ephe-

2269 4051 2461 4116 φητῶν,
2516 4049 2606 4097 καὶ
2656 4041 3033 4098 ἱδιοποιεῐσθαι
3080 4053 3262 4099 τοῦτον
3309 4045 3549 4120 ἐξαιρέτῳ
3583 4044 3875 4118 ἀγαπήσει⁹

2268 4137 2359 4185 καὶ
2404 4134 2532 4186 εἶναι
2576 4135 2667 4207 μὲν
2707 4133 2857 4187 ἄλλον
2915 4138 3047 4201 υἱὸν,
3095 4134 3244 4187 ἄλλον
3287 4132 3345 4188 δὲ
3382 4134 3622 4207 λέγεσθαι
3651 4137 3762 4207 μεν,
3804 4140 3881 4207 μὴ

2271 4220 2400 4275 εἶναι
2458 4219 2517 4276 δὲ
2571 4228 2811 4296 γνήσιον,
2864 4225 3006 4277 θετὸν
3057 4220 3115 4277 δὲ
3176 4225 3287 4277 υἱὸν
3326 4228 3413 4276 τὸν
3465 4224 3733 4297 λεγόμενον
3772 4223 3883 4284 Ἰη-

2274 4321 2395 4365 σουν
2475 4318 2726 4386 Χριστόν·
2800 4313 3025 4367 ἐντεῦθεν
3084 4310 3181 4369 δύο
3256 4317 3424 4385 Υίούς,
3480 4318 3571 4366 καὶ
3634 4317 3705 4387 μὴ
3765 4314 3882 4385 ἕνα,

2270 4671 2468 4725 ἀσεϐῶν
2533 4673 2794 4734 κολάσεως
2869 4668 3078 4735 ἐδέξατο
3135 4674 3201 4724 τὰ
3286 4676 3559 4747 προοίμια,
3645 4674 3885 4744 παρανά-

2266 4762 2416 4836 λωμα
2470 4771 2564 4825 τῆς
2648 4762 2842 4823 οἰκείας
2936 4758 3325 4836 φρενοϐλαϐείας
3404 4765 3693 4834 γενόμενος,
3784 4766 3886 4815 καὶ

2270 4853 2345 4925 ἐφ’
2394 4852 2560 4924 ἑαυτῷ
2620 4851 2907 4926 πληρώσας
2962 4854 3019 4903 τὸ
3064 4849 3411 4904 ἀποστολικόν
3461 4850 3620 4903 ἐκεῖνο
3676 4853 3880 4924 λόγιον,

2270 4945 2352 4996 ὅτι
2407 4950 2568 4996 Τινῶν
2619 4940 2899 5017 ἀνθρώπων
2974 4943 3030 4994 αἱ
3090 4943 3344 5015 ἁμαρτίαι
3402 4937 3663 5013 πρόδηλοί
3749 4938 3882 5008 εἰσι,

2268 5036 2604 5110 προάγουσαι
2671 5033 2742 5094 εἰς
2793 5036 2993 5107 κρίσιν.
3059 5030 3320 5105 Ἐξήγειρε
3363 5034 3463 5104 γὰρ
3509 5032 3535 5083 ό
3586 5033 3716 5092 Θεὸς
3762 5032 3887 5085 κατ’

2273 5126 2433 5179 αὑτοῦ
2488 5127 2548 5177 τό
2605 5130 2810 5195 πνεῦμα
2880 5120 3134 5198 Κυρίλλου
3210 5122 3549 5195 πατριάρχου
3637 5119 3884 5183 Ἀλεξαν-

2275 5212 2472 5289 δρείας,
2524 5216 2611 5265 καὶ
2658 5213 2845 5287 γράφει
2895 5214 3024 5285 πρὸς
3078 5210 3234 5263 αὐτὸν
3296 5212 3599 5282 Νεστόριον,
3651 5208 3720 5272 εἰς
3785 5213 3887 5269 τὴν

2274 5301 2554 5378 ὁρθόδοξον
2595 5301 2890 5375 ἐμϐιϐάζων
2927 5304 3126 5368 πίστιν,
3169 5305 3258 5352 καὶ
3316 5303 3566 5353 Θεοτόκον
3598 5304 3691 5358 την
3724 5297 3885 5371 ἁγίαν

2273 5398 2481 5467 Μαρίαν
2538 5391 2851 5465 παρακαλῶν
2911 5390 3180 5463 ὀνομάζειν
3246 5408 3299 5441 τε
3366 5394 3457 5442 καὶ
3513 5395 3729 5463 φρονεὶν.
3789 5387 3888 5454 Ὠς

2275 5480 2335 5536 δὲ
2380 5482 2473 5535 οὐκ
2541 5477 2800 5550 ἐνεδίδου,
2856 5481 3004 5556 ἕτερα
3070 5479 3242 5532 πάλιν
3288 5478 3483 5551 ἔπεμψε
3563 5482 3880 5551 γράμματα“

2272 5567 2732 5647 ἁντιλέγοντοςὶδὲ
2788 5569 2969 5641 αὐτοῦ,
3029 5573 3121 5622 καὶ
3168 5570 3300 5645 πρὸς
3350 5568 3520 5622 ταῦτά
3574 5563 3795 5631 σύνοδος
3827 5568 3880 5621 ἐν

2278 5664 2295 5694 ί
2630 5662 2639 5667 -
