4040 6318
133 294 187 347 37
1473 290 1823 348 THESAURI
1864 290 1996 349 LIB.
2042 290 2130 349 lX.
3415 296 3484 357 38
3564 336 3571 339 ν

132 420 308 489 Ἐφέσῳ
404 410 802 491 συνκροτείται,

130 511 397 580 Nam-opto;
424 507 574 578 παρὰ
613 512 707 559 τοῦ
758 500 995 579 ἐπάρχου
1024 512 1121 569 τῆς
1172 507 1362 569 πόλεως
1413 511 1504 560 καὶ
1544 507 1725 580 ἑτέρων

132 594 340 652 πολλῶν.
360 650 365 653 _

189 685 238 740 ε’.
272 680 572 746 Θεοδόσιος
622 681 684 738 δὲ
733 686 761 736 ὁ
806 689 915 747 νέος
942 688 1032 748 τὰς
1081 688 1231 748 ἡνίας
1267 690 1380 739 τότε
1430 693 1521 747 τῆς
1561 683 1726 758 βασι-

130 774 253 836 λείας
312 773 650 849 ἑνεχείριστο
691 790 707 803 ‘
778 779 869 827 καὶ
932 772 1251 850 προήδρευεν
1321 774 1370 828 ἐν
1431 779 1596 847 ταύτῃ

130 869 263 938 τρίτῃ
341 861 559 936 συνόδῳ
638 862 882 939 Κύριλλος
946 863 1356 939 Ἀλεξανδρείας,
1429 866 1728 928 Κελεστίνος

130 954 312 1026 Ῥώμης
402 953 508 1027 (1),
602 952 939 1016 ’Ῑουϐενάλιος
1026 955 1416 1031 Ἱεροσολύμων,
1491 955 1729 1018 Ἀκοίκιος

129 1042 433 1104 Μιλιτηνῆς.
517 1047 620 1096 Καὶ
701 1045 1025 1116 καθαιρεῐται
1077 1047 1167 1117 μὲν
1253 1050 1555 1118 Νεστόριος,
1631 1066 1728 1098 κυ-

128 1141 324 1207 ροῦν-ται
355 1128 422 1184 δε
468 1137 560 1185 καὶ
607 1133 663 1184 αἱ
700 1137 1095 1209 προγενέστεραι
1135 1130 1232 1186 δύο
1273 1130 1507 1205 σύνοδοι,
1542 1134 1730 1188 τέλειόν

126 1241 172 1274 τε
229 1222 391 1275 αὐτὸν
455 1225 552 1274 καὶ
615 1223 703 1274 ἕνα
754 1224 872 1275 Υἰόν
932 1222 983 1275 ἓν
1049 1225 1278 1291 Oed-mra,
1328 1228 1417 1276 καὶ
1454 1223 1641 1277 τέλειον
1682 1223 1730 1277 ἐν

128 1310 497 1384 ὣθρωπότητι
553 1310 889 1383 ὁμολογοῦσι,
938 1316 1030 1364 καὶ
1067 1313 1154 1366 ἕνα
1181 1317 1272 1365 καὶ
1300 1313 1359 1365 οὐ
1408 1308 1504 1365 δύο
1556 1316 1730 1382 Υἱοὺς,

130 1402 189 1462 ὡς
214 1397 377 1459 δηλοῖ
424 1402 453 1452 ὁ
507 1400 632 1473 παρ’
678 1400 843 1453 αὐτῶν
889 1400 1197 1474 ἓκφωνηθεὶς
1248 1404 1402 1477 ὅρος·
1453 1407 1545 1455 καὶ
1573 1403 1734 1464 οὕτως

129 1487 415 1551 ήσύνοδος
478 1488 779 1561 ἀπολύεται,
841 1489 1077 1544 Ἰωάννου
1132 1488 1193 1545 δὲ
1252 1498 1345 1544 τοῦ
1393 1501 1489 1555 τῆς
1533 1493 1732 1546 Ἀντιο-

129 1583 286 1650 χείας,
355 1584 453 1632 καὶ
542 1575 891 1653 Θεοδωρὴτου
970 1582 1141 1655 Κύρου
1210 1579 1596 1655 ἀνθισταμένων
1661 1592 1733 1654 τῷ

131 1674 367 1742 μακαρίῳ
424 1667 688 1743 Κυριλλῳ,
741 1671 877 1721 κατὰ
913 1673 1174 1743 πρόφασιν
1213 1678 1305 1724 τοῦ
1350 1668 1523 1724 δοκεῖν
1569 1677 1735 1744 χωρὶς

900 421 990 469 καὶ
1069 419 1474 492 παραπέμπεται
1564 416 1727 471 ίκεῖσε

1856 433 1975 474 tum
2004 420 2276 490 synodus
2332 423 2390 475 et
2424 418 2503 476 ad
2551 419 2918 477 veniendum
2967 421 3254 480 invitatur
3276 425 3483 481 Nesto-

1832 508 1958 563 rius
1988 508 2066 565 ab
2097 509 2353 566 civitatis
2384 509 2808 582 achiepiscopo
2852 514 2907 567 et
2936 511 3139 567 multis
3167 512 3321 569 aliis.

1908 690 1959 740 5.
1992 687 2360 743 Theodosius
2386 703 2528 744 vero
2543 688 2748 760 junior
2795 692 2936 745 tunc
2965 691 3253 762 temporis
3301 692 3489 766 impe-

1834 776 1904 831 rii
1940 775 2207 833 habenas
2237 777 2516 840 tenebat;
2569 783 2625 833 et
2653 778 2792 834 huic
2842 779 3074 851 synodo
3119 780 3491 851 praefuerunt

1838 864 2094 936 Cyrillus
2127 866 2519 937 Alexandriae,
2555 866 2904 924 Coelestinus
2934 871 3155 939 Romae,
3179 868 3487 927 Juvenalis

1837 955 2285 1028 Hierosolyma),
2310 957 2561 1013 Aeacius
2585 956 2884 1013 Melitenen.
2913 958 2979 1014 Et
3006 957 3330 1031 deponitur
3356 960 3489 1032 qui-

1837 1044 1974 1101 dem
2009 1044 2331 1115 Nestorius,
2366 1044 2802 1101 conﬁrmantur
2830 1046 2967 1102 duas
2987 1046 3217 1118 priores
3246 1049 3489 1119 synodi,

1837 1134 2291 1208 perfectumque
2318 1134 2521 1207 ipsum
2551 1138 2608 1189 et
2638 1149 2828 1189 unum
2856 1134 3063 1190 Filium
3096 1136 3157 1191 in
3186 1136 3491 1197 divinitate

1838 1229 1897 1281 et
1927 1224 2255 1298 perfectum
2276 1224 2337 1281 in
2366 1224 2740 1280 humanitate
2792 1223 3169 1296 conﬁtentur,
3204 1230 3262 1283 et
3299 1245 3491 1287 unum

1838 1322 2039 1387 neque
2064 1327 2205 1367 vero
2235 1312 2392 1368 duos
2416 1312 2588 1368 Filios
2615 1327 2771 1380 esse,
2801 1317 2866 1368 ut
2888 1314 3233 1373 manifestat
3262 1317 3494 1389 procla-

1840 1406 2007 1458 mata
2035 1400 2113 1459 ab
2143 1399 2256 1455 illis
2284 1399 2574 1458 deﬁnitio.
2595 1403 2786 1473 Atque
2811 1401 2894 1457 ita
2924 1401 3169 1460 solvitur
3198 1406 3491 1477 synodus.

1840 1494 2100 1547 Joannes
2156 1504 2302 1545 vero
2358 1489 2707 1557 Antiochiae,
2761 1494 2819 1546 et
2887 1491 3293 1550 Theodoretus
3359 1496 3497 1568 Cyri

1840 1581 2020 1636 beato
2061 1577 2275 1651 Cyrillo
2328 1578 2673 1634 resistentes
2722 1579 2835 1634 sub
2879 1596 2950 1636 eo
3003 1587 3292 1653 praetextu
3328 1584 3498 1656 quod

1844 1668 1971 1723 sine
2000 1667 2147 1740 ipsis
2188 1666 2566 1739 proclamata
2611 1672 2767 1723 esset
2794 1667 3080 1737 deﬁnitio,
3114 1671 3261 1727 dum
3292 1676 3499 1731 tamen

130 1758 289 1810 αὐτῶν
344 1756 717 1831 ἐκφωνηθῆναι
756 1761 843 1810 τὸν
890 1760 1028 1832 ὅρον,
1071 1762 1246 1812 καίτοι
1282 1780 1343 1832 γε
1380 1768 1472 1814 τοῦ
1508 1760 1731 1833 μεγάλου

1856 1772 2107 1827 magnus
2158 1755 2409 1828 Cyrillus
2448 1772 2551 1812 eos
2590 1772 2699 1828 per
2735 1757 2958 1814 multos
2998 1759 3127 1815 dies
3159 1766 3500 1833 exspectas-

135 1847 384 1923 Κυρίλλου
445 1847 535 1900 ἰπὶ
577 1846 772 1907 πολλὰς
834 1849 1032 1923 ἡμέρας
1100 1845 1441 1921 ἐκδεξαμένου
1521 1850 1729 1919 αὐτοὺς,

131 1944 186 2009 τῇ
226 1934 288 1990 δὲ
325 1936 557 2010 ἀληθείᾳ
599 1935 878 2012 ἐριστικῶς
903 1940 1031 2010 πρὸς
1084 1938 1240 1990 αὐτὸν
1291 1944 1381 1991 καὶ
1432 1938 1526 1990 οὐκ
1570 1938 1733 2011 ὀρθῶς

134 2023 498 2101 διαεεμίνων,
558 2025 859 2100 μετέϐαινον
913 2033 1004 2079 καὶ
1055 2027 1205 2080 αὐτοὶ
1251 2026 1554 2100 ἀσύμφωνοι
1604 2031 1734 2104 πρὸς

130 2120 193 2169 τὰ
230 2114 379 2185 ἴδια,
418 2116 590 2171 πολλὰ
635 2117 827 2190 μεταξύ
883 2116 1279 2193 θορυϐήσαντες·
1333 2120 1398 2179 ὡς
1453 2123 1544 2171 καὶ
1601 2126 1736 2171 Θεο-

132 2203 366 2278 δώρήτον
402 2208 545 2260 κατὰ
585 2214 687 2259 τῶν
732 2202 947 2259 δώδεκα
974 2206 1260 2279 κεφαλαίων
1309 2206 1559 2280 Κυρίλλου
1591 2208 1738 2279 ἕτερα

132 2292 337 2349 δωδεκα
387 2295 645 2359 συντάξαι
690 2296 973 2368 κεφάλαιαο
1014 2300 1104 2348 καὶ
1142 2295 1296 2349 παλιν
1345 2295 1499 2348 αὐτὸν
1552 2296 1738 2371 aspa-

131 2384 206 2439 λον
264 2391 405 2460 πρὸς
476 2392 652 2438 ταῦτα
714 2384 1172 2457 ἀπολογήσασθαι,
1230 2390 1322 2438 καὶ
1383 2381 1599 2446 δεόντως
1672 2388 1739 2438 τὰ

130 2471 238 2527 ἴδια
294 2483 581 2534 συστῆσαι
644 2474 916 2547 κεφάλαια.
995 2470 1286 2528 Θεοδοσίου
1359 2471 1419 2527 δὲ
1480 2473 1739 2547 βασιλέως

130 2572 288 2617 ταῦτα
331 2562 709 2635 ἐπεγνωκότος,
761 2567 853 2615 καὶ
913 2565 1208 2626 κινηθέντος
1260 2567 1350 2616 καὶ
1400 2562 1519 2616 καθ’
1558 2562 1739 2633 ἕκατί-

130 2672 221 2726 ρων
244 2657 365 2726 μὲν,
408 2652 648 2726 μάλιστα
702 2648 763 2705 δὲ
816 2654 953 2705 κατὰ
1000 2652 1254 2726 Κυρίλλου
1294 2661 1387 2705 τοῦ
1440 2651 1489 2705 ἐν
1546 2652 1739 2725 ἁγίοις,

131 2744 388 2815 πέμπεται
440 2738 672 2794 ἐνταῦθα
716 2740 963 2802 ’Δκοίκιος
1008 2742 1034 2792 ὀ
1100 2740 1392 2803 Μελιτηνῆς
1445 2739 1572 2815 ἀνὴρ
1629 2743 1740 2794 θεο-

135 2832 286 2894 σεϐὴς
344 2836 445 2885 καὶ
512 2829 709 2902 λόγιος,
778 2830 852 2892 εἰς
912 2831 1075 2906 ἄκρον
1131 2829 1394 2894 ἐληλακὼς
1459 2829 1739 2899 εὐλαϐείας,

132 2925 215 2973 καὶ
250 2924 321 2973 τὰ
368 2927 477 2981 τῆς
533 2915 761 2972 συνόδου
816 2917 1087 2992 ἐμφανίζει
1144 2928 1217 2990 τῷ
1248 2918 1477 2993 βασιλεῖ,
1528 2923 1742 2972 καὶτὸν

133 3012 315 3064 τούτου
376 3008 720 3062 καταστέλλει
777 3010 960 3081 θυμόν·
1009 3012 1101 3061 καὶ
1155 3011 1221 3061 τὰ
1272 3008 1626 3082 ἐκφωνηθέντα
1683 3012 1743 3062 τὸ

132 3106 283 3173 κῦρος
323 3097 670 3172 λαμϐάνουσι
707 3113 722 3128 ·
777 3102 869 3150 καὶ
902 3096 1151 3172 Κύριλλος
1177 3116 1250 3159 εις
1277 3102 1370 3156 τὴν
1404 3095 1544 3151 ἰδίαν
1582 3096 1745 3151 ἀπαί-

132 3207 202 3242 οει
226 3188 412 3243 πόλινο
442 3192 536 3241 καὶ
556 3188 743 3242 ἕνωσιν
766 3189 823 3240 οἱ·
845 3183 1121 3249 διεστῶτες
1151 3184 1421 3261 δέχονται.

197 3371 276 3443 (1)
324 3372 660 3427 Perversus
690 3367 865 3425 ordo.

1847 1851 1953 1911 set,
1985 1846 2187 1918 reipsa
2215 1861 2357 1901 vero
2400 1846 2767 1901 contentiosa
2813 1861 2926 1902 nec
2954 1853 3112 1904 recte
3141 1864 3285 1919 erga
3328 1850 3500 1910 illum

1845 1951 1911 1990 se
1939 1934 2253 2004 habentes,
2298 1933 2575 1990 abierunt
2602 1937 2661 1990 et
2715 1934 2832 2006 ipsi
2860 1935 3168 1992 discordes
3224 1938 3303 1994 ad
3362 1954 3500 2011 pro-

1844 2025 2009 2098 prios
2040 2040 2279 2089 sensus,
2313 2023 2569 2079 multum
2611 2022 2843 2080 interea
2877 2025 3203 2081 tumultum
3233 2028 3500 2084 excitan-

1844 2116 1965 2185 tes;
2014 2114 2097 2171 ita
2126 2116 2192 2170 ut
2234 2113 2639 2169 Theodoretus
2678 2118 2889 2171 contra
2931 2113 3253 2172 duodecim
3305 2117 3501 2189 Cyrilli

1846 2204 2044 2276 capita
2065 2201 2184 2258 alia
2213 2201 2539 2258 duodecim
2577 2202 2777 2275 capita
2807 2205 3233 2275 composuerit,
3267 2210 3325 2263 et
3368 2222 3501 2263 rur-

1847 2309 1951 2349 sus
1996 2292 2125 2365 ipse
2170 2291 2424 2363 Cyrillus
2453 2291 2533 2347 ad
2561 2307 2632 2348 ea
2677 2307 2742 2348 se
2776 2291 3127 2362 defenderit,
3162 2295 3506 2353 commode-

1846 2398 1965 2456 que
1994 2381 2240 2455 propria
2287 2380 2595 2438 stabilierit
2640 2381 2856 2454 capita.
2919 2382 3244 2457 Postquam
3298 2391 3504 2445 autem

1846 2472 2176 2546 imperator
2197 2472 2275 2528 de
2311 2472 2408 2528 his
2459 2473 2725 2528 monitus
2754 2475 2866 2541 est,
2896 2473 2959 2528 in
3002 2488 3129 2541 eos,
3169 2476 3504 2547 praesertim

1848 2578 1991 2620 vero
2020 2562 2082 2618 in
2113 2567 2391 2618 sanctum
2432 2561 2715 2634 Cyrillum
2761 2562 2948 2618 iratus
2978 2567 3087 2621 est.
3129 2564 3507 2639 Quapropter

1850 2651 1930 2708 ad
1954 2667 2094 2709 eum
2134 2651 2357 2707 missus
2381 2654 2487 2721 est,
2519 2651 2769 2708 Aeacius
2800 2651 3102 2719 Melitenre,
3133 2653 3226 2709 vir
3253 2655 3389 2726 pius
3432 2670 3504 2711 ac

1852 2741 2086 2811 doctus,
2130 2741 2189 2796 in
2236 2755 2542 2797 summam
2591 2745 2908 2813 provectus
2948 2741 3354 2814 prudentiam,
3402 2743 3509 2816 qui

1854 2832 1989 2886 acta
2017 2828 2235 2901 synodi
2261 2828 2387 2899 regi
2414 2827 2743 2884 declaravit
2771 2829 3023 2901 ejusque
3044 2829 3317 2886 animum
3347 2846 3512 2887 com-

1854 2917 2097 2991 posuit;
2155 2921 2214 2973 et
2263 2932 2401 2989 qua
2444 2916 2819 2988 proclamata
2862 2918 3115 2985 fuerant,
3165 2919 3287 2975 vim
3342 2935 3512 2976 acce-

1854 3023 2015 3081 pere.
2045 3007 2295 3081 Cyrillus
2324 3023 2467 3064 vero
2490 3008 2553 3063 in
2600 3008 2912 3080 propriam
2942 3008 3117 3064 rediit
3163 3009 3505 3081 civitatem;

1858 3103 1915 3154 et
1941 3097 2048 3170 qui
2075 3096 2507 3155 discordabant
2534 3097 2825 3154 unitatem
2854 3111 3151 3169 recepere.

703 3704 1605 3870 NICETXE
1719 3703 3039 3941 GHONIAT/E

1422 3961 1611 4057 EX
1667 3961 2051 4056 LIBRO
2111 3963 2259 4057 IX

558 4145 1427 4275 THESAURI
1518 4143 2619 4269 ORTHODOXZE
2704 4146 3126 4270 FIDEI

727 4505 855 4578 Περὶ
898 4500 1187 4573 Εὐτυχοῦς.

213 4615 276 4670 α’.
301 4613 391 4668 Ἐν
455 4618 532 4682 τῷ
580 4613 757 4684 χρόνῳ
828 4612 928 4671 τὴς
982 4605 1261 4680 βασιλείας
1325 4600 1617 4659 Θεοδοσίου
1669 4610 1762 4656 τοῦ

150 4706 255 4755 νέου
282 4699 348 4760 ἦν
381 4719 477 4761 τις
516 4701 655 4751 κατὰ
701 4702 796 4757 τὴν
827 4692 1089 4770 βασιλίδα
1116 4694 1269 4748 πόλιν
1308 4689 1586 4767 ἆρχιμανδ
1588 4696 1761 4768 ρίτης,

151 4792 543 4864 ὀνομαζόμενος
738 4785 1009 4857 Εὐτυχὴς,
1067 4785 1353 4857 ἡγούμενος
1408 4779 1468 4834 δὲ
1505 4800 1764 4854 μοναστη-

153 4884 281 4955 ρίου,
324 4883 351 4934 ὃ
397 4884 594 4954 πρώην
801 4876 902 4929 ὑπὸ
954 4877 1040 4926 τὸν
1095 4875 1213 4948 ὅρον
1259 4874 1351 4925 τοῦ
1401 4866 1628 4944 ἑϐδόμου
1681 4867 1766 4941 ἦν,

153 4977 235 5023 καὶ
280 4980 382 5033 τῆς
445 4963 1039 5024 Κωνσταντινουπόλεως
1081 4961 1178 5025 ἔξω
1230 4957 1265 5015 δ
1270 4964 1470 5030 ιίκειτο,
1518 4960 1633 5029 xui}
1674 4965 1766 5012 τοῦ

157 5058 267 5112 Ἰὼϐ
312 5059 613 5129 ἐπελέγετο,
660 5062 750 5107 νῦν
809 5050 868 5106 δὲ
908 5052 1050 5114 ἐντὸς
1100 5050 1262 5111 αὐτῆς
1314 5050 1520 5123 ὁρᾶται,
1553 5053 1643 5101 καὶ
1697 5054 1768 5119 τῷ

156 5156 242 5200 τοῦ
292 5150 463 5221 ἁγίου
518 5149 737 5199 Μωκίου
788 5161 885 5214 νεῳη
936 5147 1234 5214 συνομορεὶ·
1278 5142 1368 5192 καὶ
1420 5146 1673 5211 τιμῶνται
1719 5135 1769 5190 ἐν

162 5238 294 5309 αῧτῷ
360 5244 615 5297 Φαῦστος
687 5237 779 5285 καὶ
856 5230 1150 5304 Δαλμάτιος
1198 5232 1293 5282 σὺν
1363 5228 1630 5299 Ἰσαακίῳ,
1702 5229 1770 5289 ὡς

164 5322 446 5401 δεξαμένης
506 5323 557 5387 ἐς
614 5324 833 5398 ὕστερον
904 5320 1213 5393 πλατυσμὸν
1276 5326 1374 5380 τῆς
1437 5324 1770 5372 Κωνσταντι-

165 5419 447 5479 νουπόλεως
475 5417 626 5491 παρὰ
652 5420 744 5467 τοῦ
808 5411 968 5465 αὐτοῦ
1008 5406 1325 5480 Θεοδοσίου,
1350 5408 1432 5481 ὑφ’
1465 5403 1526 5461 οὗ
1572 5412 1663 5462 καὶ
1709 5409 1776 5460 τὰ

166 5517 397 5584 χερσαῖα
422 5511 587 5580 τείχη
644 5511 744 5567 τῆς
779 5501 941 5566 αὐτῆς
991 5518 1150 5577 φασιν
1198 5499 1393 5562 πόλεως
1440 5494 1516 5554 δι’
1572 5500 1775 5573 ἡμερῶν

2464 4498 2552 4555 De
2583 4498 2936 4569 Eutychete.

1943 4608 1990 4659 1.
2034 4605 2339 4674 Regnante
2376 4603 2712 4662 Theodosio
2755 4605 3012 4677 juniore,
3045 4606 3108 4664 in
3156 4608 3309 4666 urbe
3355 4610 3526 4679 regia

1867 4692 2221 4750 versabatur
2248 4692 2504 4765 quidam
2556 4694 3050 4762 archimandrita,
3081 4698 3376 4769 Eutyches
3422 4713 3529 4754 no-

1869 4781 2052 4853 mine,
2077 4781 2442 4838 monasterio
2475 4786 2675 4839 autem
2708 4783 3047 4855 praefectus,
3078 4785 3247 4857 quod
3275 4786 3522 4858 quidem

1869 4871 2037 4945 prius
2066 4871 2128 4927 in
2159 4871 2397 4942 septimi
2420 4870 2645 4928 ﬁnibus
2675 4876 2803 4928 erat
2827 4878 2884 4928 et
2913 4876 3081 4929 extra
3109 4874 3529 4931 Constantino-

1870 4961 2316 5034 polimjacebat
2335 4964 2391 5017 et
2420 4961 2495 5017 de
2521 4962 2653 5019 Jobi
2691 4962 2937 5019 nomine
2965 4961 3274 5019 dicebatur
3299 4980 3312 5018 :
3362 4977 3526 5021 nunc

1873 5054 2076 5107 autem
2103 5050 2262 5106 intra
2318 5050 2536 5107 urbem
2591 5050 2826 5108 videtur
2852 5055 2912 5108 et
2941 5052 3133 5108 sancti
3171 5052 3336 5108 Mocii
3369 5056 3526 5111 tem-

1874 5138 1977 5212 plo
2007 5138 2244 5197 conﬁne
2269 5144 2399 5206 est;
2454 5145 2512 5197 et
2554 5140 2931 5197 honorantur
2958 5140 3021 5196 in
3069 5155 3140 5197 eo
3188 5141 3442 5199 Faustus
3471 5145 3530 5199 et

1875 5228 2207 5285 Dalmatius
2264 5244 2403 5286 cum
2458 5229 2688 5286 Isaaco.
2747 5229 2987 5302 Recepit
3015 5228 3173 5285 enim
3205 5237 3417 5304 postea
3450 5233 3531 5291 ab

1875 5318 2010 5390 ipso
2057 5317 2390 5375 Theodosio
2417 5318 2829 5375 extensionem
2883 5319 3449 5394 Constantinopolis,
3494 5338 3533 5380 a

1881 5422 2026 5479 quo,
2060 5411 2127 5463 ut
2155 5407 2340 5475 aiunt,
2370 5407 2671 5463 terrestria
2697 5405 2865 5463 urbis
2911 5406 3093 5480 hujus
3123 5410 3349 5468 moenia
3377 5411 3533 5469 intra

1883 5495 2011 5553 dies
2041 5495 2357 5568 sexaginta
2379 5499 2577 5554 erecta
2605 5498 2762 5553 sunt.
2795 5499 2886 5553 An
2926 5511 3073 5555 vera
3098 5497 3174 5555 sit
3207 5499 3338 5556 haec
3366 5499 3534 5558 fama
