4040 6318
535 331 603 386 39
1863 320 2134 376 NICETAEI

2285 315 2556 372 DNIATxE
3827 321 3902 374 40

533 469 659 511 non
685 455 962 510 accurate
987 449 1130 506 scio.
1155 446 1472 520 Improbus
1501 446 1680 518 igitur
1709 445 2005 518 Eutyches
2029 440 2173 499 blas-

2300 437 2636 514 ἀνεγερθῆναι
2693 438 2962 503 ἐξήκονταο
3021 440 3066 492 εἰ
3141 436 3200 492 δὲ
3256 443 3347 491 καὶ
3399 437 3600 501 ἀληθὴς
3656 441 3682 492 ὁ
3755 440 3906 512 λόγος

533 543 833 615 phemans
881 540 1119 597 dicebat
1165 554 1230 594 se
1256 537 1404 593 scire
1436 537 1759 594 Dominum
1787 538 2064 591 nostrum
2095 535 2185 590 Je-

535 648 673 690 sum
714 633 1008 688 Christum
1039 646 1108 686 ex
1140 629 1383 684 duabus
1410 627 1747 684 constitisse
1791 626 2021 683 naturis
2050 628 2188 681 ante

533 723 846 790 unionem,
878 737 950 777 ex
983 719 1160 776 unica
1207 733 1351 774 vero
1388 721 1525 790 post
1553 718 1874 785 unionem;
1920 720 1978 771 et
2015 729 2188 770 sanc-

534 812 833 868 tissimam
862 809 1112 882 quidem
1135 802 1435 878 Virginem
1480 805 2052 864 consubstantialem
2077 819 2186 860 no-

531 901 624 958 bis
645 916 806 968 esse;
829 899 934 972 qui
960 900 1162 954 autem
1185 912 1259 953 ex
1279 911 1352 953 ea
1381 911 1626 953 carnem
1652 898 1979 968 receperat,
2001 897 2188 950 Deum

531 988 800 1045 Verbum
822 1001 946 1043 non
974 985 1151 1042 nobis
1171 1000 1304 1041 esse
1339 983 1934 1042 consubstantialem.
1961 982 2190 1055 Corpus

532 1077 714 1144 enim,
769 1077 984 1149 inquit,
1035 1073 1248 1132 Christi
1304 1090 1525 1147 corpus
1573 1073 1730 1141 dico,
1761 1088 1884 1130 non
1930 1073 2061 1144 jam
2099 1075 2190 1128 est

528 1183 752 1240 corpus
791 1165 1080 1222 hominis.
1107 1164 1270 1220 Illius
1318 1165 1549 1221 amicus
1579 1169 1637 1220 et
1661 1163 1976 1220 familiaris
2006 1165 2187 1217 Euse-

525 1256 666 1314 bius
698 1255 968 1327 Dorylea
996 1255 1314 1327 episcopus
1356 1253 1579 1326 sapius
1605 1252 1777 1309 illum
1800 1253 2075 1308 hortatus
2100 1255 2190 1307 est

527 1350 596 1403 ut
622 1345 767 1406 talia
785 1345 1075 1415 dogmata
1094 1347 1270 1400 recta
1293 1342 1436 1399 ﬁdei
1457 1342 1760 1400 contraria
1783 1357 1908 1398 non
1931 1341 2185 1398 diceret;

527 1451 668 1493 cum
721 1438 923 1491 autem
980 1432 1150 1489 illum
1202 1430 1646 1488 immutabilem
1708 1433 1997 1496 cerneret,
2063 1429 2189 1486 Fla-

525 1525 710 1582 viano
765 1526 910 1580 tunc
938 1521 1226 1595 temporis
1258 1519 1809 1593 Constantinopolis
1831 1519 2186 1593 patriarcha

527 1611 925 1670 denuntiavit.

597 1707 652 1758 2.
683 1702 790 1768 Qui
822 1717 960 1757 cum
982 1699 1289 1773 Eutychen
1319 1699 1398 1755 ad
1420 1715 1482 1754 se
1510 1702 1806 1768 vocasset,
1830 1702 2031 1756 etrem
2062 1714 2185 1756 una

2297 528 2469 599 οὗτος,
2528 526 2754 603 ἀκριϐῶς
2811 529 2903 581 οὐκ
2959 531 3138 602 ἶσημι.
3201 527 3364 589 Οὗτος
3429 524 3516 581 οὖν
3581 531 3608 581 ὁ
3678 525 3909 593 δείλαιος

2298 617 2545 690 Εύτυχὴς
2621 617 2949 691 βλασφημῶν
3035 618 3201 691 ἔλεγεν
3282 614 3472 672 εἰδέναι
3551 621 3637 672 τὸν
3714 622 3908 695 Κύριον

2297 707 2444 779 ἡμῶν
2475 706 2682 767 Ἰησοῦν
2727 712 2960 783 Χριστὸν
3007 706 3062 760 ἐκ
3113 703 3211 760 δύο
3247 710 3339 780 μὲν
3397 710 3596 780 φύσεων
3656 711 3756 781 πρὸ
3805 718 3906 770 τῆς

2298 795 2544 865 ἐνώσεως,
2602 803 2729 869 μιᾶς
2791 795 2851 851 δὲ
2915 817 3048 870 μετα
3103 801 3198 856 τήν
3264 799 3465 850 ἕνωσιν·
3515 801 3606 850 καὶ
3657 801 3751 856 τὴν
3810 801 3905 871 μὲν

2298 883 2454 956 ἁγίαν
2509 890 2761 940 Θεοτόκον
2817 888 3093 960 όμοούσιον
3137 888 3262 960 ἡμῖν
3311 887 3683 962 ὑπάρχουσαν,
3713 889 3799 940 τὸν
3845 883 3906 939 δὲ

2298 973 2354 1037 ἐξ
2410 976 2575 1038 αὐτῆς
2633 979 2968 1050 σαρκωθέντα
3024 978 3153 1030 Θεὸν
3216 980 3386 1048 Λόγον
3455 976 3560 1049 οὐχ
3621 977 3904 1048 ὁμοούσιον

2298 1066 2444 1138 ἡμῖν,
2493 1074 2646 1139 Σῶμα
2683 1069 2805 1141 γὰρ,
2857 1072 3010 1139 φησὶ,
3040 1066 3172 1139 λέγω
3209 1070 3268 1119 τὸ
3299 1074 3392 1120 τοῦ
3438 1073 3674 1140 Χριστοῦ
3724 1075 3903 1141 σῶμα,

2299 1155 2473 1208 ούκέτι
2512 1152 2572 1208 δὲ
2623 1160 2713 1208 καὶ
2791 1165 2944 1229 σῶμα
3012 1154 3307 1230 ἀνθρώπου.
3356 1156 3530 1228 Τούτῳ
3590 1155 3734 1228 φίλος
3807 1162 3905 1210 καὶ

2297 1251 2557 1319 γνώριμος
2614 1248 2681 1298 ὧν
2712 1245 2960 1308 Εὐσέϐιος
3017 1248 3042 1299 ὁ
3087 1245 3370 1322 Δορυλαίου
3428 1244 3726 1314 ἐπίσκοπος,
3766 1247 3905 1300 πολ-

2296 1335 2444 1401 λάκις
2510 1341 2770 1410 παρῄνεσε
2829 1341 2902 1410 μὴ
2981 1343 3202 1390 τοιαῦτα
3276 1335 3436 1410 λέγειν
3498 1333 3741 1410 ἀλλότρια
3802 1346 3907 1400 τῆς

2297 1426 2458 1498 ὀρθῆς
2485 1422 2732 1500 δόγματα
2758 1431 3004 1488 πίστεως·
3039 1427 3172 1502 ὁρῶν
3215 1422 3274 1479 δὲ
3311 1424 3638 1499 ἀμεταθέτως
3681 1429 3905 1498 ἔχοντα,

2297 1514 2564 1587 Φλαϐιανῷ
2654 1515 3004 1589 προσήγγειλε
3097 1519 3155 1569 τὸ
3219 1523 3512 1574 τηνικαῦτα
3587 1519 3902 1593 πατριάρχῃ

2297 1611 2412 1658 Κων
2419 1605 2860 1660 σταντινουπόλεω
2869 1627 2890 1668 ς
2903 1649 2914 1660 .

2367 1693 2438 1766 β’.
2493 1694 2570 1746 Οὔ
2621 1695 3106 1768 μετακαλεσαμένου
3157 1698 3245 1747 τὸν
3298 1694 3561 1766 Εύτυχέα,
3623 1699 3715 1747 καὶ
3765 1698 3906 1767 μετὰ

528 1807 668 1850 cum
699 1791 780 1848 ibi
806 1793 1082 1846 versante
1109 1790 1532 1862 episcoporum
1564 1789 1801 1861 synodo
1845 1789 2173 1845 examinas-

2295 1792 2391 1844 τῆς
2441 1781 2772 1857 ἐνδημούσης
2824 1792 2924 1836 τῶν
2966 1783 3262 1837 ἐπισκόπων
3296 1780 3522 1837 συνόδου
3573 1787 3631 1837 τὸ
3676 1790 3903 1858 πρᾶγμα

527 1884 638 1948 set,
692 1877 986 1950 Eutyches
1039 1893 1100 1932 se
1158 1876 1630 1933 condemnatum
1681 1876 1914 1946 videns,
1940 1877 2182 1933 cuidam

524 1972 716 2026 Nomo
736 1967 1003 2036 nomine,
1022 1971 1079 2022 et
1099 1970 1242 2023 tunc
1271 1965 1559 2037 temporis
1585 1966 1818 2022 consuli
1843 1971 1902 2023 et
1929 1967 2182 2039 Chrysa-

525 2059 648 2131 pbo
681 2055 1048 2114 cubiculario
1078 2059 1482 2125 cognomento
1510 2056 1750 2128 Zymba
1780 2055 1894 2128 ipsi
1918 2072 2180 2113 consen-

525 2146 809 2206 tientibus
838 2146 1139 2220 persuasit
1167 2150 1232 2202 ut
1261 2146 1688 2219 imperatorem
1720 2146 1795 2202 de
1823 2146 1894 2202 iis
1935 2162 2072 2219 qua
2103 2145 2183 2203 ad

521 2238 724 2310 ipsum
779 2236 1155 2308 spectabant,
1189 2235 1502 2291 certiorem
1543 2235 1825 2303 facerent,
1872 2251 1908 2291 a
1938 2236 2184 2308 patriar-

524 2327 638 2382 cha
661 2324 822 2381 male
844 2324 1055 2381 haberi
1083 2324 1283 2380 virum
1305 2324 1474 2396 pium
1505 2328 1562 2380 et
1571 2324 1827 2395 justum.
1846 2325 1976 2389 Quo
2004 2325 2180 2398 facto,

523 2413 853 2471 Florentius
873 2412 1158 2486 patricius
1187 2427 1224 2468 a
1252 2411 1606 2468 consulibus
1637 2416 1693 2468 et
1717 2412 2182 2485 proconsulibus

520 2503 741 2560 missus
770 2505 859 2558 est
878 2516 1150 2558 sessurus
1182 2500 1244 2556 in
1278 2499 1538 2557 Flaviani
1566 2501 1801 2574 synodo
1828 2502 2181 2574 Eutychem-

519 2607 640 2666 que
689 2589 912 2662 injuria
967 2591 1173 2646 vexari
1229 2604 1355 2645 non
1415 2590 1842 2662 permissurus.
1905 2591 2180 2649 Secundo

518 2681 700 2753 igitur
723 2683 947 2736 statuto
976 2678 1276 2748 examine,
1308 2680 1506 2748 magis
1556 2680 1736 2736 etiam
1785 2695 1972 2752 quam
2012 2682 2179 2754 prius

519 2769 696 2828 mala
725 2768 1013 2825 doctrina
1044 2769 1356 2824 convictus
1406 2772 1493 2824 est
1532 2769 1829 2841 Eutyches
1877 2774 1934 2826 et
1982 2786 2177 2828 sacer-

519 2858 684 2916 dotio
723 2858 1039 2931 depositus
1063 2861 1171 2914 est.
1235 2857 1352 2914 Sed
1393 2860 1619 2913 Nomus
1644 2863 1700 2914 et
1743 2858 2172 2932 Chrysaphius,

517 2948 634 3005 levi
665 2946 1046 3020 imperatoris
1077 2945 1284 3002 animo
1329 2946 1554 3013 abusis,
1595 2963 1734 3003 eum
1777 2936 2082 3004 adduxere
2111 2955 2178 3006 ut

516 3036 824 3110 synodum
847 3034 1088 3106 juberet
1115 3033 1242 3091 fieri
1288 3034 1500 3107 Ephesi
1535 3039 1591 3090 et
1627 3035 1888 3106 judicari
1928 3038 2174 3094 sanctis-

2296 1873 2636 1941 ζητήσαντος,
2693 1871 2820 1927 ἰδὼν
2893 1873 3139 1946 Εύτυχὴς
3191 1877 3624 1948 κατακρινόμενον
3689 1873 3898 1940 ἑαυτὸν,

2293 1966 2465 2034 Νόμον
2517 1965 2634 2015 τινὰ
2684 1961 2995 2034 καλούμενον
3043 1967 3132 2014 καὶ
3186 1963 3381 2015 ὕπατον
3425 1966 3548 2014 ὄντα
3589 1961 3699 2014 κατ’
3733 1960 3899 2016 ἐκεῖνο

2293 2059 2500 2124 καιροῦ,
2531 2055 2662 2124 πρὸς
2720 2048 2780 2105 δὲ
2833 2056 2923 2104 καὶ
2982 2053 3288 2126 Χρυσάφιον
3341 2050 3768 2126 κουϐικουλάριον
3805 2057 3901 2105 τόν

2294 2138 2504 2199 ἐπίκλην
2543 2139 2820 2214 Τζούμϐαν
2859 2142 2924 2201 ὡς
2983 2141 3288 2215 ὁμόφρονας,
3321 2142 3491 2193 ἔπεισε
3552 2147 3624 2211 τῷ
3684 2140 3904 2214 βασιλεῖ

2291 2235 2550 2304 γνωρίσαι
2595 2234 2658 2284 τὰ
2708 2231 2822 2284 κατ’
2879 2231 3060 2302 αὐτὸν,
3103 2227 3407 2284 ἀδικεῖσθαι
3458 2233 3603 2304 παρὰ
3651 2239 3743 2284 τοῦ
3786 2252 3902 2284 πα-

2291 2323 2553 2396 τριάρχου
2601 2321 2843 2394 λέγοντας
2895 2317 3066 2396 ἄνδρα
3111 2320 3321 2381 θεοσεϐῆ
3383 2326 3474 2374 καὶ
3531 2318 3770 2374 δίκαιον·
3835 2323 3901 2375 οὔ

2289 2416 2580 2483 γεγονότος,
2679 2410 2940 2484 ἐπετράπη
3037 2410 3345 2485 ψλωρέντιος
3440 2415 3714 2487 πατρίκιος
3790 2409 3901 2464 ἀπὸ

2291 2502 2496 2553 ὑπάτων
2554 2519 2608 2553 τε
2659 2505 2749 2554 καὶ
2807 2499 3052 2575 ἐπᾶρχων
3109 2495 3456 2576 συνεδρεῦσαι
3501 2508 3562 2559 τῆ
3600 2503 3736 2553 κατὰ
3765 2501 3903 2555 Φλαο

2291 2589 2464 2643 ϐιανὸν
2506 2586 2734 2662 συνόδῳ,
2783 2593 2874 2642 καὶ
2927 2595 2998 2662 μὴ
3054 2585 3309 2663 περιιδεῖν
3350 2586 3691 2664 ἀδικούμενον
3731 2593 3902 2642 Εὐτυ-

2286 2684 2412 2752 χέα.
2462 2683 2742 2741 Ζητήσεως
2800 2686 3076 2754 τοιγαροῦν
3123 2677 3396 2752 προϐάσης
3446 2675 3712 2755 δευτέρας,
3752 2679 3899 2752 μᾶλ-

2285 2768 2369 2821 λον
2424 2770 2453 2827 ἢ
2510 2773 2756 2845 πρότερον
2818 2767 3062 2839 Εύτυχὴς
3124 2767 3361 2840 ἠλέγχθη
3415 2765 3735 2837 κακοδοξῶν,
3795 2774 3894 2823 καὶ

2287 2858 2441 2911 αὐτὸν
2527 2858 2835 2933 Φλωρέντιον
2912 2856 3159 2928 ἐσχηκὼς
3223 2857 3732 2930 καταψηφιζόμενον,
3801 2856 3892 2922 ἒξ-

2285 2951 2433 3001 έπεσε
2479 2955 2574 3009 τῆς
2623 2951 2925 3020 ἱερωσύνης.
2979 2946 3110 2998 Ἀλλ’
3169 2948 3217 2999 οἱ
3261 2951 3382 3020 περὶ
3419 2950 3505 2998 τόν
3565 2951 3732 3020 Νόμου
3793 2953 3892 3001 καὶ

2283 3040 2370 3090 τόν
2452 3040 2778 3111 Χρυσάφιον,
2840 3035 3274 3109 ἀποχρησάμενοι
3339 3044 3401 3108 τῇ
3471 3043 3563 3089 τοῦ
3626 3036 3893 3109 βασιλέως

516 3127 737 3182 simum
788 3125 1136 3182 Flavianum
1195 3140 1332 3180 cum
1387 3124 1654 3197 Eutyche
1690 3125 2173 3198 deposito,judi-

2285 3131 2588 3200 κουφότητι,
2628 3126 2869 3179 κελεῦσαι
2914 3128 3312 3200 παρεσκεύασαν
3351 3125 3506 3178 αὐτὸν
3583 3124 3630 3178 έν
3683 3125 3890 3199 Ἐφέσῳ

515 3220 689 3272 caute
720 3213 1004 3271 Dioscoro
1040 3213 1412 3270 Alexandria
1443 3230 1583 3270 cum
1628 3213 1892 3287 Eutyche
1925 3231 2174 3274 consen-

514 3304 712 3370 tiente,
743 3306 1037 3375 prasente
1076 3306 1133 3358 et
1183 3305 1470 3358 Barsumo
1511 3302 1868 3376 presbytero
1897 3309 1955 3362 et
1983 3306 2173 3362 archi-

515 3391 822 3449 mandrita
855 3390 1175 3462 cujusdam
1206 3391 1264 3446 in
1299 3391 1534 3448 Oriente
1578 3394 1944 3463 monasterii,
1967 3396 2070 3468 qui
2109 3400 2175 3454 ut

513 3480 884 3540 orthodoxus
939 3479 1278 3536 habebatur
1317 3481 1554 3553 vitaque
1612 3482 2171 3556 irreprehensibilis,

517 3586 655 3627 cum
683 3574 885 3626 tamen
915 3567 1070 3626 alius
1096 3573 1250 3625 esset
1280 3569 1572 3640 Eutyches
1618 3571 1823 3642 quoad
1847 3572 2121 3630 haresim
2155 3592 2168 3644 ;

510 3675 779 3734 praesse
804 3663 1006 3716 autem
1030 3657 1266 3730 synodo
1290 3659 1642 3715 Dioscorum
1670 3659 2170 3731 Alexandria,Ju-

509 3748 784 3806 venalem
811 3747 1256 3819 Hierosolyma,
1288 3747 1666 3804 Thalassium
1694 3751 1961 3822 Casara,
1988 3755 2168 3810 Euse-

507 3839 680 3897 bium
737 3841 988 3910 Ancyra
1040 3837 1102 3892 in
1159 3836 1406 3907 Galatia,
1460 3836 1747 3894 Basilium
1797 3839 2076 3899 Seleucia
2106 3845 2169 3901 in

510 3927 761 3990 Isauria,
797 3925 1171 3984 Eustathium
1203 3925 1393 3998 Beryti
1423 3944 1436 3982 :
1488 3943 1858 4001 omnemque
1909 3933 2168 3989 auctori-

506 4021 692 4075 tatem
715 4021 772 4072 et
791 4015 1268 4073 dominationem
1291 4015 1642 4072 Dioscorum
1676 4017 1928 4089 habere;
1952 4023 2166 4079 adesse

506 4110 565 4162 et
603 4105 956 4162 Flavianum
1004 4105 1570 4179 Constantinopolis,
1603 4110 1658 4162 et
1684 4109 2008 4166 Eusebium
2057 4113 2165 4169 Do-

505 4194 709 4266 rylea,
742 4193 893 4249 nihil
935 4209 1038 4248 eos
1086 4208 1264 4264 agere
1309 4199 1514 4251 tamen
1546 4200 1650 4252 aut
1697 4195 1914 4267 dicere,
1947 4203 2012 4256 ut
2038 4216 2163 4258 non

503 4284 798 4342 habentes
834 4282 1242 4354 judicantium
1287 4284 1563 4342 ordinem
1604 4287 1710 4344 sed
1747 4287 2005 4346 aliorum
2035 4308 2164 4348 exs-

501 4377 810 4448 pectantes
849 4371 1155 4443 suffragia.
1198 4373 1510 4446 quoniam,
1533 4375 1766 4448 inquit,
1807 4394 1880 4435 ea
1915 4396 2052 4452 qua
2081 4381 2161 4438 ab

502 4465 576 4520 iis
605 4461 813 4518 decisa
841 4465 1001 4529 sunt,
1033 4477 1194 4517 nunc
1218 4461 1587 4533 judicantur.

2280 3219 2518 3289 γενέσθαι
2568 3212 2806 3280 σύνοδον,
2855 3220 2946 3268 καὶ
2975 3217 3357 3289 κριθῇναιγτὸν
3410 3214 3698 3286 ἁγιώτατον
3754 3215 3892 3268 Φλα-

2283 3305 2455 3358 ϐιανόν
2501 3307 2610 3378 μετ’
2668 3304 2943 3377 Εύτυχοῦς
2998 3311 3088 3357 τοῦ
3134 3307 3522 3379 καθῃρημένου,
3575 3301 3890 3367 δικάζοντος

2283 3400 2567 3471 Διοσκόρου
2615 3402 2706 3447 τοῦ
2755 3391 3144 3470 Ἀλεξανδρείας
3209 3389 3468 3467 ὁμοδόξου
3516 3402 3587 3466 τῷ
3628 3393 3887 3466 Εύτυχεῐ,

2280 3490 2531 3561 παρόντος
2589 3481 2648 3538 δὲ
2697 3489 2787 3536 καὶ
2831 3489 3115 3558 Βαρσουμᾶ
3168 3481 3522 3556 πρεσϐυτέρου
3576 3487 3665 3536 καὶ
3711 3481 3889 3556 ἁρχι-

2279 3571 2570 3650 μανδρίτου
2620 3579 2760 3636 τινὸς
2821 3581 2921 3625 τῶν
2979 3575 3115 3625 κατὰ
3168 3578 3257 3630 την
3326 3571 3428 3626 Ἐω
3498 3578 3885 3646 μοναστηρίου,

2281 3661 2563 3738 ὀρθοδόξου
2620 3665 2710 3737 μὲν
2777 3665 3153 3735 ύπονοουμένου
3229 3666 3318 3714 καὶ
3379 3660 3721 3720 ἀνεπίληπτον
3792 3665 3888 3714 τὸν

2280 3754 2420 3828 βίον,
2469 3753 2625 3806 ἄλλον
2681 3750 2870 3811 δὲτὴν
2928 3754 3129 3826 αἰρεσιν
3195 3751 3465 3822 Εύτυχοῦς
3521 3752 3882 3824 ὑπάρχοντος·

2275 3841 2680 3919 προεδρεύοντας
2710 3845 2800 3914 μεν
2830 3840 2960 3894 εἶναι
3010 3850 3104 3904 τῆς
3167 3836 3392 3893 συνόδου
3459 3844 3740 3913 Διόσκορον
3788 3860 3886 3894 τον

2277 3927 2685 4006 Ἀλεξανδρείας,
2743 3928 3079 3983 Ίουϐενάλιον
3153 3931 3240 3981 τὸν
3317 3926 3704 4001 Ἱεροσολύμων,
3767 3935 3884 3981 Θα-

2274 4021 2491 4075 λάσσιον
2533 4023 2621 4072 τὸν
2677 4023 3010 4092 Καισαρείας,
3057 4016 3306 4070 Εύσέϐιον
3361 4020 3448 4070 τὸν
3483 4017 3735 4093 Ἀγκύρας
3779 4026 3886 4082 τῆς

2275 4110 2548 4181 Γαλατίας,
2603 4108 2867 4161 Βασίλειον
2923 4111 3008 4160 τὸν
3067 4106 3363 4169 Σελευκείας
3409 4115 3506 4168 τῆς
3587 4105 3881 4179 Ἰσαυρίας,

2272 4201 2562 4256 Εὐστάθιον
2622 4202 2710 4252 τὸν
2759 4203 3035 4270 Βηρυτοῦ·
3104 4201 3199 4255 τήν
3259 4193 3318 4249 δὲ
3370 4201 3546 4249 πᾶσαν
3602 4195 3882 4249 αύθεντίαν

2271 4295 2361 4344 καὶ
2414 4294 2702 4365 κυριότητα
2744 4290 2831 4340 τόν
2869 4291 3150 4360 Διόσκορον
3190 4287 3350 4358 ἔχειν·
3404 4292 3644 4358 παρεῖναι
3688 4280 3748 4338 δὲ
3782 4292 3884 4339 καὶ

2270 4379 2553 4434 Φλαϐίανὸν
2636 4380 2723 4430 τὸν
2800 4374 3408 4440 Κωνσταντινουπόλεως,
3463 4379 3552 4427 καὶ
3622 4372 3883 4429 Εύσέϐιον

2189 4474 2234 4527 D
2268 4476 2356 4526 τὸν
2410 4469 2712 4543 Δορυλαίου,
2769 4467 3069 4540 ἡσυχάζειν
3124 4469 3299 4539 μέντοι
3346 4469 3436 4517 καὶ
3475 4463 3636 4535 λέγειν
3679 4461 3880 4536 μηδὲν,

502 4554 566 4612 ὡς
617 4555 688 4625 μὴ
744 4547 1010 4604 δικαστῶν
1064 4549 1344 4621 ἐπέχοντας
1390 4551 1559 4621 τάξιν,
1603 4550 1729 4606 ἀλλὰ
1773 4558 1865 4613 τήν
1909 4565 2008 4609 τῶν
2066 4561 2228 4616 ἀλλῶν
2277 4559 2656 4634 ἐκδεχομένους
2711 4557 2905 4630 ψῆφον,
2955 4551 3135 4613 ἐπειδὴ
3204 4557 3270 4607 τὰ
3322 4551 3442 4628 παρ’
3495 4552 3664 4606 αὐτῶν
3714 4572 3882 4624 φησι,

500 4643 776 4716 κεκριμένα
801 4648 890 4692 νῦν
921 4636 1286 4712 δοκιμάζεται.

573 4735 624 4786 3.
673 4728 918 4802 Synodo
939 4729 1120 4799 igitur
1143 4732 1532 4800 congregata,
1573 4730 1878 4802 ingressus
1905 4740 1997 4794 est
2032 4737 2156 4797 Fla-

499 4819 716 4877 vianus
779 4822 1070 4890 tanquam
1130 4833 1289 4890 reus,
1323 4823 1380 4874 et
1429 4819 1580 4876 sedit
1620 4819 1908 4894 quintus;
1952 4827 2159 4886 vicarii

500 4913 706 4967 autem
744 4908 977 4965 Leonits
1044 4908 1412 4964 sanctissimi
1459 4911 1661 4966 Roma
1733 4911 1931 4985 Papa,
1965 4917 2157 4974 Julius

499 4999 824 5072 episcopus
865 5001 922 5054 et
975 4996 1232 5053 Hilarius
1283 4997 1596 5066 diaconus,
1652 5001 1970 5073 epistolam
2023 5007 2154 5079 ejus

499 5087 909 5158 dogmaticam
939 5085 1017 5142 ad
1039 5085 1346 5157 synodum
1367 5086 1658 5144 directam
1681 5090 2068 5165 proferentes,
2093 5101 2158 5154 ut

499 5192 569 5234 ea
583 5177 879 5246 legeretur
898 5174 1140 5246 petiere;
1163 5174 1481 5232 Dioscorus
1501 5175 1562 5232 id
1585 5177 1777 5236 noluit
1805 5185 2153 5242 concedere.

499 5265 759 5337 Eutyche
789 5279 970 5336 porro
997 5263 1359 5334 introducto,
1387 5281 1527 5322 eum
1559 5267 1876 5327 Dioscorus
1904 5273 2155 5332 interro-

497 5354 660 5425 gavit
703 5369 853 5409 num
898 5352 1134 5425 synodo
1165 5353 1418 5410 Nicana
1459 5359 1516 5411 et
1551 5357 1789 5430 synodo
1841 5363 2152 5434 Ephesina

496 5443 868 5510 adhareret;
901 5442 1004 5514 qui
1035 5441 1140 5498 ubi
1185 5443 1499 5515 respondit
1537 5460 1600 5502 se
1645 5449 1972 5521 adhaerere,
2003 5453 2152 5510 nihil

497 5531 759 5605 amplius
790 5530 909 5601 egit
931 5529 1007 5586 de
1040 5531 1273 5599 haresi,
1304 5533 1405 5588 sed
1436 5533 1519 5590 ita
1548 5533 1784 5593 locutus
1833 5544 1958 5596 est:
1992 5544 2150 5608 Quo-

494 5621 662 5682 niam
681 5620 978 5694 Eutychos
1001 5619 1144 5679 dicit
1163 5636 1226 5679 se
1246 5620 1497 5680 Nicana
1513 5624 1891 5698 etEphesina
1909 5630 2148 5704 synodo

2333 4738 2401 4812 γ’,
2467 4744 2571 4799 Τῆς
2656 4731 2882 4790 συνόδου
2957 4736 3129 4786 τοίνυν
3192 4731 3588 4808 ἀθροισθείσης,
3663 4729 3885 4790 εἰσῆλθε

2267 4828 2552 4888 Φλαϐιανὸς
2612 4829 2682 4890 ὡς
2737 4827 3074 4898 κατάκριτος,
3139 4827 3230 4875 καὶ
3301 4820 3556 4879 ἓκαθέσθη
3614 4823 3878 4892 πέμπτος.

2265 4920 2333 4972 Οἱ
2382 4915 2440 4971 δὲ
2469 4919 2824 4991 τοποτηρηταὶ
2869 4918 3082 4974 Λέοντος
3111 4918 3204 4964 τοῦ
3248 4911 3543 4983 ἁγιωτάτου
3575 4912 3725 4963 πάπα
3754 4915 3880 4964 Poli-

2263 5027 2390 5081 μης,
2438 5006 2652 5067 Ἰούλιος
2711 5003 2997 5065 ἐπίσκοπος
3039 5005 3129 5054 καὶ
3175 4999 3391 5075 Ἱλάριος
3442 4997 3698 5069 διάκονος,
3756 4998 3882 5052 ἔπι-

2267 5096 2451 5156 στολὴν
2525 5094 2686 5148 αὐτοῦ
2740 5090 3072 5166 δογματικὴν
3146 5097 3208 5163 τῇ
3268 5084 3474 5162 συνόδῳ
3544 5090 3880 5162 πεμφθεῖσαν

2264 5190 2623 5262 προφέροντες,
2670 5183 2853 5247 ἠξίουν
2913 5181 3312 5254 ἀναγνωσθῆναι
3355 5182 3552 5237 ταύτην
3581 5195 3593 5209 ·
3654 5176 3765 5230 ἀλλ’
3817 5182 3883 5233 οἱ

2263 5283 2380 5352 περὶ
2427 5280 2707 5348 Διόσκορον
2758 5273 2817 5326 ού
2873 5277 3273 5346 συνεχώρησαν.
3315 5268 3593 5341 Εύτυχοῦς
3631 5263 3685 5319 δ’
3729 5267 3887 5321 εἱσα-

2260 5367 2500 5438 χθέντος,
2550 5364 2576 5416 ό
2641 5367 2923 5438 Διόσκορος
2987 5364 3141 5433 ἤρετο
3206 5365 3389 5411 τοῦτον
3455 5357 3498 5410 εἰ
3569 5358 3882 5411 συντίθεται

2259 5463 2322 5528 τῇ
2370 5453 2420 5506 ἓν
2447 5458 2646 5526 Νικαίᾳ
2686 5448 2892 5523 συνόδῳ
2930 5455 3021 5502 καὶ
3055 5457 3116 5521 τῇ
3169 5447 3217 5500 ἐν
3273 5448 3468 5520 Ἐφέσῳ
3519 5450 3611 5499 σὺν
3659 5448 3868 5519 ταύτῃ,

2257 5551 2360 5598 Τοῦ
2423 5539 2483 5597 δὲ
2540 5542 2772 5605 εἰπόντος
2847 5539 3389 5610 συντίθεσθαι,-περὶ
3453 5543 3549 5598 τῆς
3618 5537 3879 5609 αἱρέσεως

2257 5629 2408 5688 οὐδὲν
2483 5632 2983 5709 ἓπολυπραγμὸνησε
3077 5625 3249 5696 πλέον,
3357 5624 3484 5679 ἀλλὰ
3581 5621 3617 5679 δ
3623 5623 3877 5685 ιελὰλησε
