4040 6318
133 314 181 372 ii
1456 304 1804 370 THESAURI
1843 309 1969 368 LIB.
2012 313 2102 370 IX.
3400 320 3473 381 42

131 459 263 501 ουτως
271 460 282 472 ·

131 535 298 600 Naxia;
348 533 442 582 καὶ
473 537 534 602 τῇ
591 526 639 579 ἐν
692 525 887 599 Ἐφέσῳ
945 524 1172 600 συνόδῳ,
1214 525 1494 602 ὀρθόδοξον
1549 528 1705 581 αὑτὸν

132 620 389 691 ἡγούμεθα,
447 623 664 678 καὶτῆς
717 619 998 686 ἱερωσύνης
1045 617 1190 680 ἄξιον
1241 623 1332 671 καὶ
1387 628 1479 680 τῆς
1529 616 1706 690 ἀρχῆς

129 708 200 760 καί
237 716 326 761 τοῦ
377 705 522 761 ἰδίου
566 712 943 783 μοναστηρίου.
987 714 1166 760 Ταῦτα
1204 704 1527 769 διαλαλήσας
1563 727 1704 782 παρ-

129 801 380 850 εσκτὶασεν
433 796 743 870 ὑπογράψαι
794 805 854 870 τῇ
901 795 1176 870 Εὖτυχοῦς
1223 800 1461 851 άθωώσει
1507 799 1706 858 πάντας

126 893 198 940 καὶ
267 887 427 940 αὐτόν

127 974 312 1036 Ἐπειδή
381 981 414 1036 ᾖ
469 996 521 1030 τε
593 975 642 1028 ἐν
715 981 912 1049 Nimia;
969 973 1190 1038 σύνοδος
1244 981 1334 1030 καὶ
1393 978 1423 1036 ἡ
1481 976 1705 1030 ἐνταῦθα

522 893 853 960 Βαρσουμοῖν·
940 888 1051 940 εἶτα
1129 886 1281 939 πάλιν
1371 886 1700 959 ἐξεφώνησεν·

125 1074 275 1140 πρώτη
332 1066 610 1119 ἐτύπωσαν
661 1062 852 1139 μηδενὶ
890 1066 1076 1130 ἐξεῖναι
1123 1071 1304 1119 πίστιν
1357 1064 1530 1139 ἑτέραν
1573 1065 1700 1119 ἐκτι-

125 1159 300 1225 ῦεσθαι,
355 1159 385 1216 ᾖ
447 1157 642 1225 ζητεῖν,
698 1156 728 1214 η
771 1164 1092 1230 καινουργεῖν
1131 1175 1200 1226 τι,
1247 1157 1275 1216 ἦ
1347 1156 1470 1218 ὅλως
1526 1154 1702 1208 ἀνακι-

122 1255 201 1299 νεῖν
255 1252 374 1321 περὶ
444 1254 538 1308 τῆς
594 1247 810 1318 εὖαγοῦς
865 1248 1010 1318 ἡμῶν
1065 1249 1370 1317 θρησκείας,
1436 1250 1701 1319 φαίνονται

123 1335 168 1388 ςἲὲ
220 1336 506 1398 Φλαειανός
561 1337 586 1388 6
655 1336 1259 1409 Κωνσταντινουπόλεως,
1315 1342 1406 1390 καὶ
1457 1336 1701 1399 Εὐσέϐιος

122 1428 141 1476 6
203 1426 485 1500 Δορυλαίου
561 1422 858 1479 σκανδάλου
933 1432 1022 1478 καὶ
1086 1433 1354 1500 ταραχῆς,
1431 1431 1700 1499 γηονότος

122 1520 355 1588 πρόρασις
450 1511 564 1577 ταῖς
655 1514 1025 1583 Ἐκκλησίαις,
1123 1514 1420 1589 ἀλλοτρίους
1511 1516 1703 1577 αὐτοὺς

123 1611 282 1667 παντὸς
335 1606 602 1681 ἱερατικοῦ
648 1610 738 1657 καὶ
777 1604 1121 1658 ἐπισκοπικοῦ
1177 1606 1472 1679 ἀξιώματος
1526 1625 1702 1681 κεκρι-

123 1715 255 1768 amara
335 1693 495 1752 εἶναι,
579 1702 758 1748 Ταῦτα
832 1693 1153 1767 ἐκφωνήσας,
1236 1697 1502 1766 ἠνάγκασε
1585 1699 1705 1758 τοὺς

125 1784 383 1839 ἐπισκόπου
394 1807 415 1848 ς
481 1785 553 1846 εἰς

123 1876 312 1951 ὕστερον
379 1876 494 1928 οἷαν
573 1873 808 1927 ἐϐούλετο
891 1876 1196 1950 καθαίρεσιν
1266 1874 1551 1929 Φλαϐιανοῦ
1618 1878 1707 1928 καὶ

125 1965 350 2018 Eia-5366':
399 1965 628 2038 γράψας,
675 1963 972 2039 ὑπέγραψεν
1017 1964 1179 2022 αὐτην
1226 1985 1280 2018 τε
1329 1970 1418 2018 καὶ
1477 1974 1706 2039 Βαρσου-

120 2062 222 2127 μᾶς·
287 2054 576 2108 Φλαξιανοῦ
644 2050 702 2106 δὲ
765 2053 994 2114 εἰπόντος

1075 2057 1175 2128 πρὸ
1187 2075 1206 2114 ς
1281 2059 1559 2129 Διόσκορον
1627 2057 1706 2108 ὅτι

123 2147 472 2218 Παραιτοῦμαί
544 2161 622 2211 σε,
679 2141 777 2204 λάξ
832 2141 1018 2204 ἐκεῖνος
1073 2145 1276 2196 ἐνέτεινε
1341 2145 1454 2196 κατ’
1521 2144 1702 2215 αὑτοῦ,

122 2239 306 2309 καιρίαν
356 2252 410 2285 τε
460 2237 676 2294 παίσας,
733 2230 907 2304 ἀρχὴν
959 2251 1030 2302 τῳ
1091 2233 1294 2303 θανάτῳ
1346 2237 1702 2307 παρέσχηκεν.

120 2321 298 2395 Ἐτεροι
343 2317 403 2373 δέ
450 2338 608 2391 φασιν
656 2321 737 2371 ὅτι
793 2325 1122 2393 Βαρσουμας,
1177 2320 1329 2372 αυτόν
1375 2319 1705 2395 παρειληφὼς

121 2409 187 2462 ἐπὶ
239 2419 305 2480 τῷ
362 2413 676 2483 ὑπερορίσαι
729 2412 858 2480 πρὸς
917 2411 982 2460 τὰ
1036 2418 1130 2470 τῆς
1191 2408 1292 2462 Ἒω
1359 2414 1510 2484 μέρη,
1571 2412 1707 2462 κατὰ

121 2506 195 2556 την
259 2497 381 2552 ὀδόν
463 2496 832 2570 ἀποσφαγῆναι
903 2500 1284 2572 παρεσκεύασε.
1358 2499 1571 2552 Καοείλε
1647 2495 1705 2552 6":

120 2592 373 2652 Διόσκοοος
441 2594 532 2640 καὶ
589 2584 945 2662 θεωδώρητον
1007 2590 1201 2662 Κύρου,
1258 2588 1348 2639 καί
1408 2587 1552 2642 Ἱϐαι
1610 2595 1706 2651 τῆς

120 2676 372 2745 Ἐδέσσης,
425 2683 516 2730 καὶ
558 2681 748 2750 Δόμνον
817 2684 909 2738 τῆς
965 2675 1312 2749 Ἀντιοχείας,
1364 2681 1452 2730 καὶ
1501 2677 1703 2751 ἐτέρους

354 433 568 497 Ἐπειδὴ
637 437 890 510 Εὐτυχὴς
950 436 1245 492 ἀκολουθεῖν
1309 458 1440 512 φησι
1495 446 1605 502 τοῖς
1657 437 1703 491 ἕν

1815 437 2094 512 obsequi,
2122 439 2532 499 orthodoxum
2553 457 2692 500 eum
2732 440 3029 501 habemus
3057 447 3115 503 et
3139 445 3475 505 sacerdotio

1813 527 2163 600 propriique
2196 531 2547 588 monasterii
2591 532 3030 603 gubernatione
3057 535 3310 608 dignum
3341 551 3471 594 esse

1813 631 2147 673 censemus.
2185 621 2317 677 Haec
2362 620 2599 678 locutus
2645 622 2873 679 curavit
2911 627 2977 680 ut
3006 639 3217 680 omnes
3255 629 3314 682 et
3337 625 3470 698 ipse

1815 708 2134 764 Barsumas
2176 709 2307 780 ejus
2346 710 2705 768 innocentia:
2746 711 3210 771 subscriberent.
3246 715 3470 775 Deinde

1811 811 2020 853 rursus
2036 798 2289 856 verbum
2319 799 2488 859 fecit:
2523 802 2821 868 Quoniam
2851 803 3090 861 Nicaana
3114 805 3389 877 synodus
3412 812 3472 865 et

1812 901 1949 959 qua:
1979 887 2145 958 prius
2187 889 2399 962 Ephesi
2433 889 2640 949 habita
2670 897 2795 948 erat
2838 891 3199 952 deﬁnierunt
3239 896 3469 953 nemini

1810 975 1985 1032 licere
2013 977 2193 1034 aliam
2232 979 2415 1036 ﬁdem
2448 996 2750 1054 exponere
2790 988 2895 1039 aut
2922 999 3189 1056 quaarere
3214 989 3271 1042 et
3297 985 3468 1043 inno-

1810 1080 1950 1121 vare
1992 1067 2330 1140 quidquam
2375 1069 2560 1136 aliud,
2609 1076 2714 1128 aut
2756 1072 3008 1128 omnino
3054 1074 3346 1132 suscitare
3391 1075 3467 1133 de

1809 1160 2019 1212 nostra
2049 1162 2256 1214 sancta
2285 1157 2601 1229 religione;
2631 1159 2910 1217 videntur
2930 1166 3129 1219 autem
3153 1163 3469 1222 Flavianus

1811 1245 2354 1320 Constantinopolis
2375 1251 2431 1305 et
2461 1248 2750 1305 Eusebius
2773 1249 3040 1322 Doryleee
3063 1252 3328 1310 scandali
3353 1258 3468 1311 tur-

1809 1331 2150 1408 barumque
2179 1336 2447 1392 ecclesiis
2477 1353 2663 1394 causa
2691 1336 2893 1401 fuisse,
2927 1355 3030 1396 eos
3079 1340 3244 1398 omni
3273 1357 3470 1401 sacer-

1809 1421 1994 1479 dotali
2025 1429 2081 1480 et
2101 1425 2427 1498 episcopali
2456 1426 2745 1498 dignitate
2789 1427 3053 1498 dejectos
3076 1445 3205 1486 esse
3234 1431 3470 1502 judicas

1811 1528 1968 1570 mus.
1998 1515 2322 1588 Postquam
2349 1514 2432 1571 sic
2460 1515 2700 1572 locutus
2724 1520 2818 1573 est
2837 1517 3034 1588 coegit
3063 1518 3379 1594 episcopos
3406 1521 3470 1579 in

1810 1616 1933 1658 non
1967 1603 2190 1675 scripta
2213 1603 2421 1660 charta
2446 1603 2858 1676 subscribere;
2891 1622 2962 1663 ac
2988 1606 3204 1664 deinde
3225 1608 3472 1682 qualem

1812 1691 1999 1747 voluit
2041 1691 2300 1748 Flaviani
2333 1700 2390 1748 et
2441 1692 2674 1750 Eusebii
2722 1695 3160 1768 depositionem
3211 1699 3467 1772 scripsit.

625 1786 856 1857 άγραιρον
921 1784 1226 1858 ὑπογράψαι
1290 1787 1538 1858 χάρτην·
1615 1801 1703 1849 καὶ

1815 1779 1910 1834 cui
1935 1783 1992 1834 et
2014 1779 2371 1853 subscripsit
2388 1783 2730 1838 Barsumas.
2755 1783 2900 1838 Cum
2928 1789 3127 1840 autem
3153 1785 3472 1844 Flavianus

1815 1867 2062 1924 dixisset
2093 1870 2392 1938 Dioscoro,
2436 1873 2667 1928 Recuso
2703 1877 2779 1941 te,
2805 1872 2966 1929 calce
2994 1890 3132 1930 eum
3164 1875 3259 1932 ille
3298 1876 3470 1948 feriit,

1815 1973 1938 2031 quo
1958 1957 2154 2014 lethali
2180 1960 2423 2018 vulnere
2443 1961 2807 2034 principium
2827 1963 2956 2034 ejus
2975 1963 3150 2022 morti
3167 1966 3469 2037 praestitit;

1817 2047 1915 2104 alii
1936 2064 2076 2104 vero
2098 2049 2307 2106 dicunt
2329 2053 2702 2117 Barsumam,
2727 2068 2865 2108 cum
2889 2069 3025 2108 eum
3049 2055 3475 2128 assumpsisset

1814 2137 1874 2194 in
1901 2137 2172 2193 exsilium
2202 2137 2280 2194 ad
2314 2140 2632 2196 orientales
2679 2140 2952 2213 regiones
2978 2142 3373 2209 abducturus,
3410 2145 3474 2202 in

1814 2227 2019 2284 itinere
2067 2245 2205 2284 eum
2252 2229 2535 2286 trucidari
2572 2231 2857 2302 jussisse.
2899 2233 3186 2305 Deposuit
3225 2250 3472 2308 quoque

1818 2317 2136 2374 Dioscorus
2181 2317 2622 2375 Theodoretum
2668 2319 2802 2392 Cyri
2843 2326 2900 2376 et
2936 2321 3104 2378 Ibam
3147 2322 3386 2380 Edessas
3417 2328 3474 2381 et

1817 2409 2116 2463 Domuum
2147 2407 2473 2464 Antiochiae
2505 2413 2560 2465 et
2592 2408 2740 2465 alios
2767 2409 3087 2466 orientales
3127 2412 3231 2484 qui
3259 2429 3474 2470 omnes

1815 2497 2088 2553 aberant.
2133 2496 2438 2553 Ordinavit
2467 2502 2669 2554 autem
2707 2513 2817 2571 pro
2848 2501 3084 2556 Domno
3112 2500 3463 2558 Maximum.

1815 2586 2104 2642 Eusebius
2137 2591 2338 2642 autem
2370 2586 2660 2660 Dorylae,
2689 2586 2829 2644 inde
2855 2588 3093 2660 fugiens
3115 2592 3348 2647 Roman
3377 2607 3476 2650 ve-

1815 2677 1898 2732 nit
1926 2675 2005 2732 ad
2038 2678 2294 2732 Leonem
2326 2675 2386 2731 in
2411 2675 2628 2732 Italicis
2654 2677 3001 2749 regionibus
3032 2679 3391 2737 maximum.

119 2779 196 2818 τῶν
234 2767 570 2835 ἀνατολικῶν,
615 2770 811 2828 πάντας
862 2765 1106 2828 ἀπόντας·
1157 2767 1522 2841 ἐχειροτόνησε
1561 2763 1620 2819 δε
1664 2765 1777 2820 ἀντὶ
1810 2768 2014 2839 Λὸδανου
2056 2765 2312 2838 Μάξιμον.
2369 2765 2615 2828 Εὐσέϐιος
2661 2762 2720 2820 δε
2785 2771 2811 2820 ό
2855 2768 3157 2843 Δορυλαίου,
3202 2766 3473 2844 διαρυγὼν

122 2855 300 2924 ἐκεῖθεν,
343 2863 414 2918 εἱς
444 2857 647 2931 Ῥὡριην
672 2857 766 2914 ἧκε
802 2859 928 2931 πρὸς
957 2861 1150 2910 Λέοντα
1178 2860 1262 2909 τὸν
1317 2861 1492 2929 Μέγαν
1531 2855 1580 2909 ἔν
1619 2864 1727 2920 τοῖς
1757 2860 1937 2931 μέρεσι
1964 2864 2058 2917 τῆς
2091 2854 2330 2916 Ἰταλίας.

178 2944 240 3003 δ’.
277 2947 415 2999 Ἀλλ’
455 2950 505 3000 ὲν
552 2949 787 3018 τοσουτῴ
834 2946 1068 3007 λιπόντος
1099 2942 1391 3000 Θεοδοσίου
1431 2950 1518 3000 τὸν
1559 2945 1699 3020 βίον,

121 3042 393 3110 Μαρκιανος
443 3055 499 3089 τε
539 3041 629 3088 καὶ
674 3035 975 3109 Πουλχερία
1012 3040 1137 3110 πρὸς
1180 3040 1374 3091 Λέοντα
1418 3039 1504 3090 τόν
1551 3037 1701 3112 ἱερώ-

1882 2948 1934 3002 4.
1985 2948 2102 3002 Hoc
2130 2948 2332 3002 autem
2379 2948 2648 3018 tempore
2695 2962 2834 3003 cum
2864 2945 3231 3006 Theodosius
3257 2964 3331 3006 ex
3358 2949 3474 3008 hac

1811 3036 1934 3092 vita
1966 3036 2302 3105 migrasset,
2329 3035 2664 3092 Marcianus
2695 3041 2752 3093 et
2782 3036 3092 3094 Pulcheria
3122 3037 3198 3094 ad
3223 3038 3474 3096 sanctis-

121 3142 250 3178 τατον
286 3124 544 3200 ἔγραψαν·
587 3131 677 3179 καὶ
726 3128 910 3199 ἤρεσεν
950 3124 1298 3202 ἀθροισθῆναι
1351 3132 1446 3186 τὴν
1480 3124 1701 3181 σύνοδον

1815 3123 2036 3179 simum
2072 3122 2322 3178 Leonem
2361 3122 2687 3194 scripsere;
2715 3127 2772 3179 et
2798 3122 2974 3196 jussit
3001 3124 3305 3198 synodum
3327 3127 3474 3184 Con-

121 3213 158 3266 ἐν
216 3215 772 3270 Κωνσταντινουπόλει.
841 3220 1023 3269 Τοίνυν
1089 3220 1180 3268 καί
1247 3216 1498 3276 συνῆλθον
1557 3216 1604 3270 ἐν
1630 3228 1702 3292 τῷ

121 3308 234 3356 κατα
275 3309 368 3364 την
426 3301 747 3364 Χαλκηδόνα
805 3313 974 3376 σεπτῷ
1021 3313 1124 3375 ναῷ
1165 3314 1259 3368 τῆς
1311 3305 1461 3379 ἁγίας
1507 3309 1704 3382 ριάρτυ-

119 3410 191 3461 ρος
243 3394 515 3469 Εὖρημίας
579 3392 634 3446 ἐκ
694 3398 784 3466 μὲν
851 3404 948 3446 τῶν
1011 3391 1356 3457 ἐνδοξοτάτων
1430 3395 1702 3472 ἀρχόντων

1686 3533 1699 3558 9

121 3571 384 3635 Παλλάδιος
444 3577 677 3649 ἔπαρχος
735 3579 1086 3650 πραιτωρίων,
1156 3579 1402 3638 Τατιανός
1467 3580 1704 3655 ἔπαρχος

123 3480 392 3548 Ἀνατόλιος
447 3489 718 3560 πατρίκιος
771 3481 871 3538 ἀπὸ
928 3483 1136 3537 ὑπάτων
1187 3490 1276 3538 καὶ
1323 3489 1680 3562 στρατηλάτης

122 3662 298 3733 πόλεως,
383 3663 735 3735 Βιγκόριαλλος
809 3665 1103 3741 μάγιστρος
1168 3674 1267 3717 τῶν
1333 3667 1479 3720 θείων
1557 3668 1701 3742 632p;-

120 3756 241 3822 κίων,
297 3753 624 3828 Μαρτιάλιος
672 3755 981 3828 μαγιστρος,
1038 3751 1328 3830 Σποράδιος
1383 3762 1547 3830 κόμης
1603 3769 1701 3812 τῶν

123 3835 446 3912 δομεστίκων,
503 3848 591 3895 καὶ
641 3842 896 3906 Γενέθλιος
964 3847 1128 3916 κόμης
1196 3845 1486 3918 πριϐάτων·
1534 3847 1587 3900 ἐκ
1643 3845 1702 3903 δί

122 3938 201 3980 τὼν
279 3928 504 3995 ἐνδόξων
592 3931 953 4004 συγκλητικῶν
1039 3933 1345 4008 ψλωρέντιος
1427 3957 1701 4011 πατρικιος

123 4018 204 4072 απὸ
229 4021 496 4097 ἐπάρχω),
529 4028 618 4076 καὶ
661 4025 890 4092 ὑπάτών,
935 4028 1160 4097 σενάτωρ
1213 4024 1314 4079 ἀπὸ
1368 4030 1574 4081 ὑπάτων
1613 4037 1702 4084 καὶ

121 4117 406 4182 πατρικίων,
512 4119 842 4186 Πρωτογένης
942 4111 1041 4166 ἀπὸ
1146 4118 1391 4189 ἐπάρχων
1484 4119 1697 4192 πόλεως,

123 4196 432 4262 Ἀπολλωνιος
498 4197 599 4252 ἀπὸ
665 4199 933 4276 ἐπάρχων,
997 4200 1247 4274 Ῥοιμανός
1313 4208 1414 4258 άπὸ
1480 4225 1701 4280 πραιποο

124 4292 272 4358 σίτων,
344 4290 438 4342 καί
535 4289 773 4362 Ὠλυγιος
862 4290 962 4342 ἀπὸ
1057 4291 1300 4366 ἐπάρχων
1391 4294 1698 4371 Ἰλλυρικοῦ,

125 4379 300 4431 Τούτων
365 4375 457 4431 οὖν
522 4387 620 4431 τῶν
688 4377 960 4453 ἀρχόντων
1021 4386 1110 4434 καὶ
1170 4391 1269 4434 τῶν
1339 4385 1700 4457 συγκλητικῶν

1751 3213 1756 3226 "
1812 3211 2262 3285 stantinopolim
2287 3212 2627 3268 convocari.
2653 3214 2814 3269 Tunc
2832 3212 3013 3284 igitur
3031 3213 3471 3273 Chalcedonem

1811 3301 1872 3358 in
1906 3301 2315 3358 venerandum
2349 3304 2574 3357 sancta:
2617 3301 2899 3375 martyris
2931 3303 3275 3376 Euphemite
3315 3310 3470 3363 tem-

1811 3391 1979 3464 plum
2007 3406 2339 3448 convenere
2365 3406 2437 3447 ex
2461 3389 2882 3448 illustrissimis
2905 3391 3152 3466 quidem
3172 3392 3468 3467 praefectis

1811 3477 2119 3537 Anatolius
2153 3480 2440 3553 patricius
2464 3495 2495 3536 e
2526 3479 2876 3537 consulibus
2904 3487 2960 3538 et
2989 3482 3281 3540 exercitus
3319 3483 3466 3555 dux,

1812 3569 2107 3626 Palladius
2133 3569 2394 3642 praetorii
2423 3569 2761 3643 praefectus,
2795 3571 3077 3627 Tatianus
3106 3571 3273 3629 urbis
3315 3589 3467 3647 pra:-

1810 3657 2020 3726 fectus,
2041 3658 2400 3716 Vicomatlus
2427 3658 2773 3716 divinorum
2793 3659 3133 3718 ofﬁciorum
3157 3663 3464 3734 magister,

1809 3748 2088 3806 Martialis
2109 3749 2744 3821 magister,Sporadius
2759 3748 3226 3808 domesticorum
3241 3767 3464 3825 comes,

1811 3841 1867 3891 et
1895 3835 2234 3892 Genethlius
2263 3836 2634 3909 privatorum
2659 3851 2889 3904 comes;
2915 3853 2986 3894 ex
3012 3836 3341 3896 illustribus
3363 3857 3470 3898 au-

1810 3930 1930 3982 tem
1971 3924 2348 3981 senatoribus
2383 3924 2713 3981 Florentius
2746 3926 3034 3997 patricius
3075 3943 3148 3984 ex
3177 3929 3468 4000 praefectis

1812 4019 1867 4070 et
1899 4014 2270 4081 consulibus,
2314 4018 2556 4070 senator
2589 4029 2662 4069 ex
2701 4014 3053 4071 consulibus
3096 4020 3154 4072 et
3182 4017 3466 4088 patriciis,

1811 4107 2172 4175 Protogenes
2205 4119 2276 4159 ex
2306 4103 2475 4159 urbis
2508 4102 2829 4175 praefectis,
2871 4103 3222 4177 Apollonius
3253 4123 3284 4164 e
3314 4123 3468 4181 prte-

1810 4191 1994 4258 fectis,
2029 4193 2336 4248 Romanus
2359 4207 2389 4247 e
2415 4190 2773 4265 praepositis,
2793 4195 2850 4247 et
2869 4192 2932 4249 Ol
2939 4193 3118 4265 ygius
3156 4209 3229 4250 ex
3252 4193 3470 4268 Illyrici

1806 4280 2127 4354 praefectis.
2173 4280 2271 4336 llis
2303 4279 2484 4351 igitur
2529 4280 2824 4352 praefectis
2869 4287 2926 4337 et
2974 4282 3358 4341 senatoribus
3405 4285 3470 4342 in

1811 4370 2012 4427 medio
2030 4375 2167 4426 ante
2187 4370 2338 4426 sacri
2355 4369 2559 4427 altaris
2575 4369 2893 4438 cancellos,
2908 4386 2943 4428 a
2961 4370 3210 4429 sinistris
3221 4373 3470 4447 quidem

124 4465 444 4520 καθεσθέντων
507 4464 555 4518 ἐν
606 4476 679 4539 τῷ
735 4471 879 4540 μέσῳ
944 4472 1042 4543 πρὸ
1096 4477 1194 4521 τῶν
1256 4473 1545 4544 καγκέλλων
1609 4483 1699 4528 τοῦ

1814 4460 2096 4517 sederunt
2123 4459 2376 4516 Romani
2402 4475 2579 4533 papze
2618 4458 2846 4529 vicarii,
2885 4467 2941 4516 et
2974 4461 3285 4519 Anatolius
3326 4465 3472 4519 Con-

128 4548 249 4622 ἁγίου
310 4558 698 4632 Θυσιαστηρίου
759 4555 813 4609 ἐκ
878 4561 967 4630 μὲν
1035 4567 1126 4612 τοῦ
1193 4561 1454 4636 εὐωνύμου
1512 4568 1702 4639 μέρους

127 4641 342 4698 ἐκάθισαν
391 4649 442 4700 οἰ
492 4651 852 4720 τοποτηρηταὶ
910 4656 998 4701 τοῦ
1059 4648 1295 4723 Ῥώμης,
1347 4657 1437 4706 καὶ
1486 4653 1702 4708 ’Λνατό-

127 4727 211 4795 λιος
257 4736 282 4786 6
333 4735 948 4808 Κωνσταντινουπόλεως,
997 4743 1087 4791 καὶ
1135 4740 1372 4814 Μάξιμος
1425 4744 1450 4794 6
1506 4744 1704 4798 Ἀντιο-

129 4826 267 4889 χείας,
323 4832 411 4879 καὶ
478 4824 787 4887 Θαλάσσιος
854 4827 881 4878 6
932 4833 1267 4902 Καισαρείας,
1315 4837 1403 4885 καὶ
1456 4836 1705 4907 Στέφανος

128 4907 407 4986 δἘῳέο-ου,
463 4920 560 4967 καὶ
607 4917 656 4968 οἱ
693 4913 864 4969 λοιποὶ
920 4925 1014 4980 τῆς
1067 4918 1378 4984 ἀνατολικῆς
1429 4928 1518 4975 καὶ
1575 4923 1703 4978 Πον-

131 5008 252 5063 τικῆς
300 5008 385 5056 καὶ
441 5006 692 5066 Ἀσιανῆς
749 5010 839 5058 καὶ
896 5013 1168 5082 Θρᾳκικῆς
1230 5005 1544 5075 διοικήσεως
1587 5013 1704 5067 ἄνευ

129 5094 210 5138 τῶν
259 5092 640 5147 Παλαιστινων·
709 5096 765 5146 ἐκ
824 5090 884 5148 δὲ
936 5104 1035 5148 τῶν
1096 5092 1280 5160 δεξιῶν
1342 5105 1617 5176 Διόσκορος
1681 5103 1707 5154 6

131 5173 517 5258 Ἀγεξανδρείας,
564 5187 657 5236 καὶ
699 5181 1028 5247 Ἰουϐενάλιος
1071 5186 1096 5239 6
1134 5185 1518 5264 Ἰεροσολύμων,
1574 5191 1708 5246 Κῦν-

133 5265 279 5331 Tullo;
342 5273 366 5325 6
429 5281 741 5346 τοποτηρῶν
801 5268 1128 5347 Ἀναστασίῳ
1184 5295 1257 5349 τῳ
1319 5279 1709 5344 Θεσσαλονίκης

138 5352 290 5428 Πέτρος
337 5363 363 5412 6
410 5363 694 5435 Κορίνθου,
747 5366 838 5415 καὶ
890 5365 939 5415 οἱ
979 5362 1150 5417 λοιποὶ
1207 5369 1298 5428 τῆς
1349 5369 1709 5441 Αἰγυπτιακῆς

134 5439 204 5485 καὶ
246 5448 328 5491 τοῦ
382 5442 676 5517 Ἰλλυρικοῦ
730 5447 822 5494 καὶ
865 5450 962 5505 τῆς
999 5443 1378 5510 Παλαιστίνης.
1422 5439 1599 5503 θησαν
1651 5447 1710 5505 δὲ

139 5522 457 5592 τοποτηρηταὶ
503 5529 596 5575 τοῦ
625 5522 829 5596 Ῥώμης
874 5528 1220 5598 Πασχασῐνος
1265 5527 1355 5582 καὶ
1396 5535 1710 5595 Λουκινσιος

141 5597 400 5684 ἐπίσκοποι,
431 5617 526 5666 καὶ
552 5613 860 5685 Βονιφάτιος
886 5611 1257 5692 πρεσϐύτερος.
1314 5616 1492 5697 Παρῆν
1525 5618 1584 5678 δὲ
1621 5620 1712 5678 καὶ

494 5721 741 5781 Pauor.
782 5721 886 5781 Gn.
913 5723 1062 5784 CXL.

1813 4549 2231 4622 stantinopolis
2263 4551 2320 4606 et
2350 4551 2642 4606 Maximus
2672 4549 3002 4607 Antiochiae
3038 4555 3094 4608 et
3129 4551 3472 4611 Thalassius

1814 4643 2097 4697 ϐαθείῃ-ραι
2121 4643 2177 4696 et
2207 4638 2547 4712 Stephanus
2565 4637 2800 4711 Ephesi,
2826 4640 3144 4712 ceterique
3169 4641 3473 4700 orientalis

1814 4735 1868 4788 et
1887 4729 2140 4786 Ponticae
2154 4734 2211 4785 et
2231 4729 2502 4785 Asiatica:
2525 4733 2579 4785 et
2599 4727 2897 4786 Thracicae
2917 4729 3218 4799 dioecesis,
3238 4731 3474 4806 absque

1814 4818 2180 4876 Palaestinis:
2213 4834 2248 4874 a
2276 4817 2497 4874 dextris
2535 4833 2676 4874 vero
2722 4818 3042 4875 Dioscorus
3081 4819 3474 4889 Alexandria),

1814 4905 2120 4964 Juvenalis
2136 4906 2585 4978 Hierosolyma,
2613 4905 2901 4979 Cyntillus
2915 4907 3477 4965 AnastasiiThessa‘

1814 4997 2026 5054 Ionicae
2057 4996 2337 5064 vicarius,
2354 4998 2556 5052 Petrus
2581 4995 2846 5052 Corinthi
2868 4997 3186 5069 ceeterique
3208 5012 3278 5052 ex
3300 4997 3481 5070 Egy-

1817 5091 1919 5160 pto
1948 5090 2004 5142 et
2033 5085 2265 5158 Illyrico
2295 5089 2352 5141 et
2373 5084 2704 5142 Palaestina.
2737 5085 2948 5142 Vicarii
2993 5090 3196 5142 autem
3226 5087 3482 5145 Romani

1817 5189 1993 5249 papae
2025 5179 2199 5232 erant
2232 5174 2632 5231 Paschasinus
2680 5178 2736 5230 et
2784 5173 3065 5230 Lucinius
3109 5175 3398 5250 episcopi,
3427 5182 3485 5234 et

1821 5265 2160 5323 Bonifacius
2186 5262 2525 5336 presbyter.
2557 5263 2774 5320 Aderat
2801 5267 2857 5320 et
2888 5263 3296 5321 Theodoretus
3325 5266 3481 5340 Cyri.

1820 5355 1920 5411 llic
1950 5353 2109 5410 enim
2152 5358 2216 5409 ut
2263 5352 2647 5409 Nestorianus
2686 5351 2927 5408 habitus
2967 5368 3038 5410 eo
3078 5353 3244 5428 quod
3276 5362 3486 5414 contra

1820 5443 2140 5501 duodecim
2189 5440 2351 5498 beati
2402 5439 2598 5515 Cyrilli
2645 5441 2844 5514 capita
2884 5443 3235 5516 scripsisset,
3278 5461 3314 5502 a
3356 5444 3489 5502 Dio-

1821 5549 1995 5592 scoro
2035 5531 2344 5607 depositus
2382 5537 2510 5597 est;
2560 5545 2699 5587 cum
2740 5536 2941 5590 autem
2975 5533 3230 5592 Leonem
3281 5537 3486 5592 Romae

1824 5635 2052 5701 papam
2078 5621 2328 5684 adiisset
2353 5625 2411 5680 et
2436 5619 2750 5696 propriam
2778 5621 2966 5683 ﬁdem
2990 5625 3376 5695 enuntiasset,
3398 5638 3491 5684 or-

3135 5737 3172 5793 2
