4040 6318
565 303 634 358 43
1907 290 1950 344 Ν
1958 288 2019 342 lC
2029 286 2175 342 ΕΤΑΞ
2213 307 2215 318 λ

2330 285 2588 356 )MATE
3863 297 3944 356 44

563 423 868 481 thodoxus
887 417 1128 489 agnitus
1147 419 1261 483 est;
1287 429 1547 486 cumque
1568 414 1646 470 ab
1663 429 1734 470 eo
1753 412 1979 468 litteras
1999 408 2077 466 ad
2100 409 2211 464 im-

2330 408 2666 483 Θεοδώρητος
2719 417 2744 466 6
2802 419 3008 489 Κύρου·
3071 415 3220 478 οὗτος
3275 416 3398 489 γάρ,
3459 419 3528 479 ὡς
3583 424 3942 492 Νεστοριανός

563 516 904 586 peratorem
954 504 1358 562 Theodosium
1422 503 1740 565 retulisset,
1802 501 2219 586 episcopatum

563 583 824 671 recepit;
868 595 1076 667 jussus
1114 597 1202 648 est
1231 596 1434 649 autem
1481 590 1622 646 huic
1653 589 1763 646 soli
1811 603 2052 644 vacare.
2096 583 2218 641 Sub

563 687 862 746 Marciono
903 698 1046 739 vero
1093 696 1300 754 preces
1351 679 1567 736 obtulit
1609 694 1711 735 eos
1756 692 2054 734 accusans
2113 673 2219 745 qui

564 792 689 836 non
716 779 874 831 recte
902 788 1042 828 eum
1080 776 1147 827 ut
1186 767 1620 826 heteredoxum
1651 764 2214 823 excommunicave-

564 870 720 926 rant.

2327 498 2656 574 λογιζόμενος
2723 501 2817 557 διὰ
2879 509 2936 557 τὸ
2993 505 3198 578 γράψαι
3250 509 3388 558 κατά
3451 515 3550 558 τῶν
3620 511 3712 560 τοῦ
3778 509 3942 581 ἁγίου

2331 589 2583 661 Κυρίλλου
2635 592 2706 665 ιβ’
2762 593 3067 666 κεφαλαίων,
3117 597 3380 668 καθῃρέθη
3427 599 3572 670 παρά
3623 603 3940 671 Διοσκόρου-

2327 679 2623 750 προσελθὼν
2673 679 2734 734 δὲ
2788 688 2967 736 Λέοντι
2998 693 3068 755 τῷ
3099 687 3249 756 πάπᾳ
3271 683 3491 756 Ῥώμης,
3535 690 3624 738 καὶ
3655 693 3747 744 την
3788 684 3943 739 ἰδίαν

2329 763 2645 838 ἀπαγγείλας
2692 777 2894 841 πίστιν,
2944 772 3241 844 ἐπεγνωσθη
3291 770 3592 846 ὀρθόδοξος·
3639 781 3727 828 καὶ
3755 779 3942 849 γράμ-

2328 874 2472 924 ματα
2500 862 2846 932 κομισάμενος
2875 860 3068 913 ἐκείνου
3102 865 3231 935 πρὸς
3254 865 3338 913 τὸν
3367 862 3589 915 Βασιλέα
3616 861 3937 934 Θεοδόσιον,

565 955 790 1030 βασιλέα
834 947 1140 1020 Θεοδόσιον,
1193 947 1414 1002 ἀπέλαϐε
1452 951 1547 1006 τὴν
1590 946 1883 1004 ἐτισκοπήν·
1949 942 2212 996 ἐκελεύσθε
2257 936 2316 993 δε
2369 946 2500 1018 μόνη
2565 951 2730 1022 ταύτῃ
2779 950 3082 1022 σχολάζειν.
3143 949 3226 1003 ἐπὶ
3277 947 3334 1003 δὲ
3378 958 3681 1024 Μαρκιανοῠ
3723 950 3941 1014 δεήσεις

565 1029 852 1099 έπιδέδωκε
879 1047 1185 1115 κατηγορῶν
1215 1047 1314 1090 τῶν
1338 1038 1431 1090 οὐκ
1461 1036 1682 1108 εὐλόγως
1716 1035 1869 1088 αὐτὸν
1897 1029 2337 1104 ἀποκηρυξάντων
2367 1035 2432 1094 ὡς
2463 1033 2781 1110 ἐτερόδοξον.

636 1140 690 1190 5.
721 1130 1016 1190 Omnibus
1057 1129 1254 1197 igitur,
1300 1132 1365 1182 ut
1405 1127 1630 1182 dictum
1665 1128 1773 1194 est,
1816 1120 2210 1193 congregatis,

563 1220 821 1281 Romani
868 1233 1042 1292 papae
1088 1216 1316 1285 vicarii,
1351 1214 1814 1288 praeloquentes,
1853 1211 2218 1267 censuerunt

564 1310 802 1386 synodo
853 1322 976 1363 non
1025 1304 1334 1360 considere
1378 1303 1598 1359 debere
1647 1302 2020 1358 Dioscorum.
2068 1300 2217 1354 Cum

563 1407 768 1460 autem
798 1395 1057 1470 praefecti
1087 1393 1374 1449 dixissent
1398 1409 1520 1448 non
1547 1397 1821 1463 oportere
1842 1389 2035 1457 illum,
2057 1393 2219 1443 ante-

563 1505 750 1564 quam
777 1484 1302 1550 condemnaretur,
1325 1498 1362 1538 a
1384 1482 1648 1538 sessione
1669 1478 1904 1552 expelli,
1927 1477 2220 1534 Eusebius

567 1576 830 1650 Doryleae
855 1573 1026 1629 illum
1053 1576 1444 1628 accusaturus
1464 1570 1750 1639 assurgit;
1770 1573 1949 1638 atque
1971 1567 2051 1621 ita
2071 1581 2220 1637 prte-

563 1661 1114 1736 fectisjubentibus,
1126 1661 1186 1716 in
1199 1659 1400 1714 medio
1414 1658 1766 1715 constitutus
1779 1662 1865 1712 est
1880 1657 2214 1710 Dioscorus.

567 1761 636 1814 Et
679 1754 986 1824 ﬂagitante
1034 1748 1292 1805 Eusebio
1339 1753 1405 1804 ut
1453 1763 1563 1804 sua
1608 1750 1817 1802 contra
1868 1744 2218 1799 Dioscorum

2397 1122 2455 1180 ε’.
2509 1128 2718 1178 Πάντων
2764 1124 2874 1192 οὖν,
2925 1130 2991 1189 ὡς
3043 1129 3268 1203 εἴρηται,
3327 1131 3824 1204 συναθροισθέντων,
3885 1136 3945 1185 οὶ

2326 1221 2683 1288 τοποτηρηταὶ
2718 1215 2939 1289 Ῥώμης,
2986 1217 3409 1292 προλογίσαντες,
3457 1220 3634 1282 ἠξίουν
3681 1226 3752 1294 μὴ
3787 1241 3944 1275 συνεο

2329 1298 2552 1376 δριάσαι
2616 1312 2676 1376 τῇ
2741 1302 2947 1378 συνόδῳ
3010 1312 3308 1382 Διόσκορον.
3367 1315 3477 1360 Τῶν
3540 1305 3599 1361 δὲ
3660 1308 3944 1383 ἀρχόντων

2329 1390 2571 1443 εἰπόντων
2617 1395 2681 1452 ὡς
2713 1393 2771 1445 οὗ
2822 1390 2906 1446 δεῖ
2946 1395 3098 1447 αὐτόν
3139 1399 3237 1470 πρὸ
3286 1393 3583 1458 καταδὶκης
3628 1396 3946 1460 ἐξωθεῖσθαι

2328 1486 2420 1530 τοῦ
2479 1477 2778 1556 συνεδρίου,
2831 1483 3076 1544 Εὐσέϐιος
3128 1485 3153 1535 6
3212 1485 3495 1558 Δορυλαίου
3554 1493 3945 1561 κατηγορήσων

2330 1568 2490 1620 αὐτοῦ
2551 1568 2760 1628 ἀνέστη’
2828 1577 2918 1624 καὶ
2976 1573 3109 1626 οὕτω
3173 1574 3520 1626 κελευσάντων
3576 1583 3674 1626 τῶν
3738 1574 3944 1650 ἀρχόν-

2333 1676 2448 1725 των,
2502 1657 2756 1716 ἐκαθέσθη
2804 1667 3080 1737 Διόσκορος
3235 1673 3306 1735 τῷ
3356 1669 3519 1735 μέσῳ.
3553 1669 3642 1716 καὶ
3689 1673 3780 1716 τοὺ
3834 1665 3943 1718 Εὐ-

2332 1745 2506 1798 σεϐίου
2582 1747 2892 1812 αἰτήσαντος
2959 1749 3357 1824 ὼαγνωσθῇναι
3430 1758 3524 1811 τὴν
3585 1753 3708 1826 παρ’
3771 1753 3946 1806 αὐτοῦ

563 1846 768 1922 petitio
790 1842 913 1913 regi
935 1840 1150 1897 tradita
1169 1838 1483 1910 legeretur,
1503 1835 2144 1911 praefecticensuerunt
2159 1833 2215 1888 il-

2331 1831 2574 1888 δοθεῖσαν
2621 1847 2692 1909 τῷ
2733 1837 2947 1911 βασιλεῖ
2998 1844 3133 1893 κατά
3162 1847 3446 1916 Διοσκόρου
3493 1838 3697 1910 δέησιν,
3740 1844 3788 1894 οἱ
3841 1845 3948 1916 ἄρ-

564 1938 694 1994 lum
731 1934 793 1989 in
831 1929 1031 1987 medio
1068 1926 1478 1994 statuendum,
1511 1925 1980 1998 petitionemque
2017 1922 2220 1992 legen-

563 2025 745 2090 dam;
777 2036 914 2093 quae
936 2016 1277 2090 exponebat
1304 2014 1612 2089 quomodo
1650 2029 1774 2070 non
1805 2012 2094 2068 canonice
2119 2013 2219 2066 de-

562 2112 866 2188 posuisset
896 2107 1246 2164 Flavianum
1290 2104 1611 2160 Dioscorus
1648 2108 1706 2158 et
1734 2107 1984 2158 caeteros
2013 2100 2218 2157 ortho-

563 2202 776 2265 doxos,
802 2197 1182 2252 innocentem
1201 2197 1405 2250 autem
1426 2191 1852 2248 declaravisset
1873 2188 2219 2246 haereticum

566 2287 914 2360 Eutychem.
933 2281 1154 2340 Deinde
1171 2283 1432 2337 recitatae
1445 2287 1584 2336 sunt
1602 2295 1740 2353 quae
1763 2278 1841 2334 ab
1858 2279 2219 2350 imperatore

565 2373 899 2436 Theodosio
925 2371 1005 2427 ad
1048 2370 1404 2426 Dioscorum
1447 2369 1647 2424 missae
1690 2368 1946 2435 fuerant,
1990 2365 2214 2421 litterae.

566 2469 634 2522 Et
663 2479 802 2520 cum
834 2459 1201 2516 mentionem
1240 2458 1522 2527 facerent,
1563 2457 1638 2512 de
1681 2455 2072 2522 Theodorcto,
2106 2460 2220 2509 sta-

567 2556 802 2612 tuentes
831 2548 944 2621 ipsi
966 2563 1088 2604 non
1120 2546 1200 2602 ad
1231 2548 1565 2602 secundam
1593 2544 1810 2616 Ephesi
1833 2543 2101 2599 habitam
2125 2558 2218 2613 sy-

568 2641 799 2698 nodum
826 2635 1094 2692 eundum
1115 2650 1268 2699 esse,
1283 2634 1398 2689 nisi
1419 2633 1702 2689 omnibus
1723 2631 2219 2687 convenientibus

567 2728 863 2804 episcopis
898 2724 998 2798 pla
1013 2729 1172 2792 ,eret,
1200 2724 1479 2778 dixerunt
1505 2721 1802 2794 praefecti:
1846 2720 2221 2790 Ingrediatur

569 2825 626 2876 et
649 2815 1054 2874 Theodoretus
1074 2829 1465 2868 consessurus
1486 2828 1626 2868 cum
1649 2813 1904 2883 synodo,
1925 2810 2220 2881 quoniam

570 2905 824 2965 restituit
851 2903 930 2959 illi
954 2903 1373 2974 episcopatum
1403 2900 1815 2956 sanctissimus
1851 2902 1981 2954 Leo.

645 3091 698 3142 6.
731 3081 1228 3156 Repugnantibus
1273 3083 1472 3134 autem
1510 3080 1789 3134 Dioscoro
1837 3083 1893 3133 et
1940 3079 2068 3148 ejus
2099 3077 2222 3132 fau-

2328 1943 2513 1995 χοντες
2554 1927 2876 1999 προσέταξαν
2919 1930 3086 1982 αὑτὸν
3129 1933 3218 2002 μὲν
3259 1930 3308 1983 ἐν
3349 1939 3420 2002 τῷ
3466 1935 3609 2003 μέσῳ
3667 1933 3943 2004 καθεσθῇ-

2327 2034 2433 2083 ναι,
2477 2019 2568 2073 τὴν
2614 2012 2798 2074 δεησιν
2848 2013 2906 2070 δὲ
2957 2017 3374 2092 ἀναγνωσθῇναι·
3425 2021 3488 2080 ἧς
3542 2017 3942 2092 διαλαμϐανού-

2331 2122 2428 2165 σης
2490 2107 2557 2164 ὡς
2609 2106 2670 2157 οὐ
2723 2116 3005 2169 κανονικῶς
3057 2109 3258 2162 καθεῖλε
3310 2114 3592 2181 Διόσκορος
3648 2109 3940 2163 Φλαϐιανόν

2328 2198 2417 2246 καὶ
2464 2197 2584 2254 τούς
2621 2194 2829 2256 λοιποὺς
2871 2193 3206 2269 ὁρθοδόξους,
3256 2199 3472 2256 ἠθῶωσε
3513 2195 3571 2251 δὲ
3615 2203 3700 2250 τὸν
3731 2200 3938 2272 αἱρετι-

2327 2285 2416 2334 κὸν
2472 2283 2734 2355 Εὐτυχέα,
2794 2285 3011 2348 καθεξὴς
3063 2286 3360 2358 ἀνεγνώσθη
3407 2293 3495 2339 καὶ
3548 2292 3603 2339 τό
3642 2292 3782 2361 παρά
3833 2296 3936 2340 τοῦ

2329 2369 2586 2443 βασιλέως
2619 2369 2908 2426 Θεοδόσιον
2940 2378 3162 2448 πεμφθὲν
3194 2379 3324 2450 πρὸς
3353 2381 3631 2450 Διόσκορον
3669 2380 3922 2451 γράμμα·

2327 2464 2416 2511 καὶ
2456 2460 2564 2513 ἐπεὶ
2594 2466 2719 2537 πρὸς
2767 2471 2872 2523 τοῖς
2901 2463 3071 2524 οἶλλοις
3116 2463 3369 2537 ἐμέμνητο
3412 2471 3498 2517 καὶ
3556 2463 3932 2541 Θεοδωρητου,

2330 2544 2364 2599 δ
2370 2547 2682 2620 ιαλᾳμϐάνον
2711 2555 2784 2623 μὴ
2831 2551 2990 2604 ἐλθεῖν
3031 2552 3184 2603 αὐτόν
3216 2553 3287 2613 εἰς
3315 2558 3405 2612 τήν
3448 2553 3494 2604 ἐν
3527 2555 3721 2626 Ἐφέσω
3752 2550 3934 2607 δευτέ-

2327 2657 2421 2710 ραν
2455 2635 2694 2707 σύνοδον,
2743 2638 2826 2691 ἐάν
2856 2646 2928 2712 μη
2981 2647 3115 2692 πᾶσι
3147 2639 3273 2714 δοξη
3323 2651 3430 2703 τοῖς
3470 2643 3824 2709 συνελθοῦσιν,
3883 2647 3941 2697 οἱ

2330 2729 2584 2800 ἄρχοντες
2612 2724 2773 2795 εἶπον,
2806 2729 2998 2781 Εἰσίτω
3026 2735 3114 2782 καὶ
3137 2729 3477 2805 Θεοδωρητος
3507 2739 3835 2790 κοινωνήσων
3868 2742 3933 2806 τῇ

2334 2812 2558 2886 συνόδῳ,
2613 2814 2718 2868 ἐπεὶ
2758 2821 2840 2868 καὶ
2883 2816 3305 2876 ἀποκατέστησεν
3336 2820 3474 2870 αὐτῶ
3507 2825 3595 2877 τὴν
3641 2819 3940 2879 ἐπισκοπὴν

2332 2907 2356 2955 6
2388 2903 2676 2974 ἁγιωτατος
2718 2911 2878 2957 Λέων
2929 2912 3017 2958 καὶ
3056 2909 3080 2958 6
3135 2909 3387 2970 θειότατος
3419 2907 3670 2981 βασιλεὺς
3695 2918 3942 2983 παρεῖναι

2331 3002 2509 3045 τοῦτον
2541 2993 2645 3046 ἐκέ)
2655 3013 2820 3052 ευσεν.

2411 3081 2473 3144 ς’.
2510 3083 2875 3156 Ἐνισταμένου
2931 3082 2988 3138 δὲ
3039 3091 3320 3158 Διοσκόρου
3368 3092 3456 3139 καὶ
3493 3096 3592 3138 τῶν
3636 3090 3728 3138 σὺν
3770 3087 3938 3158 αὐτῷ,

575 3176 827 3241 toribus,
860 3171 1144 3245 praesides
1176 3170 1328 3224 inter
1359 3185 1419 3223 se
1450 3169 1724 3224 collocuti
1766 3173 1904 3224 sunt
1947 3168 2223 3240 permise-
2253 3170 2290 3232 0

571 3269 832 3336 runtquc
882 3265 946 3318 ut
991 3259 1404 3330 ingrederetur
1441 3263 1674 3314 tantum
1709 3263 1771 3314 ut
1817 3262 2133 3314 accusator
2173 3262 2228 3312 et

574 3357 933 3410 statueretur
959 3351 1020 3405 in
1050 3349 1272 3407 medio.
1317 3355 1642 3404 Accusatus
1670 3348 1846 3418 igitur
1869 3354 1960 3402 est
1989 3347 2226 3402 Diosco-

572 3459 676 3501 rus
706 3458 742 3498 a
769 3441 1020 3497 Romani
1066 3454 1241 3511 papae
1274 3439 1531 3506 vicariis,
1563 3443 1620 3493 et
1659 3438 1912 3492 Eusebio
1959 3437 2225 3508 Doryleae

2337 3174 2385 3223 οἰ
2416 3173 2669 3244 ἄρχοντες
2709 3170 3021 3231 διελάλησαν
3062 3175 3303 3227 εἰσελθεῖν
3333 3180 3455 3236 τέως
3498 3176 3651 3228 αὐτόν
3695 3175 3741 3226 ἐν
3790 3177 3939 3238 τάξει

2337 3267 2652 3334 κατηγόρου,
2688 3268 2778 3313 καὶ
2821 3265 3140 3321 καθεσθῆναι
3182 3264 3251 3326 εἰς
3282 3268 3338 3316 τό
3370 3269 3546 3336 μέσον.
3583 3270 3939 3334 Κατηγορεῖτο

2337 3357 2507 3401 τοίνυν
2533 3354 2558 3402 ὁ
2590 3357 2870 3424 Διόσκορος
2904 3356 3047 3425 παρά
3081 3372 3135 3404 τε
3160 3363 3257 3404 των
3288 3362 3379 3405 τοῦ
3408 3353 3608 3425 Ῥώμης
3637 3373 3936 3427 τοποτηρη-

2335 3450 2452 3510 τῶν,
2487 3447 2576 3492 καὶ
2602 3440 2847 3492 Εὐσεϐίου
2874 3450 2965 3492 τοῦ
3005 3441 3292 3494 ἐπισκόπου
3337 3442 3641 3517 Δορυλαίου,
3687 3444 3787 3508 ὅτι,
3839 3450 3936 3501 τὴν

572 3527 1067 3605 episcopo,quod
1095 3526 1459 3582 sanctissimi
1481 3542 1653 3599 papae
1683 3527 1888 3583 Leonis
1909 3526 2223 3597 epistolam

573 3635 697 3678 non
715 3618 1132 3690 legisset,cum
1159 3615 1374 3688 septies
1395 3632 1528 3671 eam
1549 3632 1609 3671 se
1624 3617 1913 3672 lecturum
1933 3617 2222 3685 jurasset.

573 3711 639 3765 Et
668 3706 808 3763 inde
839 3706 1184 3773 damnatur,
1217 3709 1282 3760 ut
1309 3705 1586 3777 perjurus
1613 3722 1624 3770 ;
1667 3709 1722 3760 et
1749 3705 1913 3778 quod
1947 3710 2222 3760 sanctum

572 3796 927 3853 Flavianum
954 3794 1153 3849 statim
1187 3797 1246 3849 ut
1275 3793 1634 3850 damnatum
1673 3794 1986 3862 retulisset,
2027 3807 2224 3864 neque

571 3892 638 3944 ut
665 3902 729 3942 se
771 3883 1118 3940 defenderet
1146 3883 1531 3955 permisisset,
1565 3883 1668 3939 sed
1703 3900 1822 3940 non
1852 3884 2012 3939 dicta
2041 3896 2227 3938 causa

571 3993 713 4033 eum
733 3972 1136 4047 deposuisset.
1163 3973 1480 4031 Dioscorus
1502 3989 1642 4028 vero
1664 3973 1739 4028 de
1760 3973 1853 4028 his
1877 3971 2224 4044 apologiam

568 4070 880 4136 praestans,
903 4062 1082 4118 dixit:
1112 4064 1240 4118 Non
1263 4061 1410 4117 mihi
1428 4061 1535 4118 soli
1550 4061 1845 4133 judicium
1867 4061 2100 4134 reliquit
2117 4063 2225 4116 im-

568 4158 828 4225 perator,
881 4150 986 4206 sed
1024 4155 1082 4207 et
1121 4150 1386 4206 Juvenali
1417 4157 1474 4206 et
1518 4151 1824 4207 Thalassio
1875 4156 1931 4208 et
1973 4153 2219 4220 caeteris,

568 4246 909 4312 nostraeque
939 4239 1241 4294 sententiae
1268 4241 1548 4296 universa
1586 4241 1856 4313 synodus
1883 4243 2212 4299 consensit.

568 4326 897 4386 Orientales
927 4342 1069 4384 vero
1097 4329 1362 4402 episcopi
1385 4328 1800 4386 exclamavere
1828 4347 1839 4384 :
1866 4333 2049 4388 Nemo
2079 4347 2220 4387 con-

567 4419 772 4488 sensit,
804 4417 896 4472 vis
923 4416 1194 4472 adhibita
1214 4421 1322 4487 est,
1347 4416 1786 4489 depositionem
1813 4419 1987 4474 nobis
2009 4420 2218 4475 minati

2335 3529 2612 3588 ἐπιστολήν
2657 3538 2748 3582 τοῦ
2795 3531 3083 3601 ἀγιωτάτου
3126 3534 3276 3583 πάπα
3325 3537 3542 3594 Λέοντος
3582 3531 3792 3592 ἑπτάκις
3850 3532 3936 3584 ἐπί

2333 3621 2536 3671 πάντων
2587 3621 2786 3692 ὀμόσας
2811 3619 3200 3690 ἀναγινώσκειν,
3241 3621 3334 3672 οὐκ
3365 3619 3554 3692 ἀνέγνω
3574 3642 3587 3654 ο
3639 3626 3728 3673 καὶ
3756 3626 3937 3674 ἐντευ-

2335 3711 2414 3760 θεν
2447 3715 2668 3781 κρίνεται
2691 3711 2760 3770 ὡς
2789 3708 3043 3782 ἐπιορκοςο
3076 3715 3165 3761 καὶ
3190 3713 3271 3761 ὅτι
3301 3716 3386 3762 τὸν
3419 3710 3466 3761 ἐν
3494 3709 3658 3781 ἁγίοις
3699 3710 3935 3764 Φλαεια-

2332 3801 2437 3863 νόν,
2488 3801 2556 3856 ὡς
2599 3801 2910 3870 κατάκριτον
2952 3801 3104 3860 εὐθὺς
3147 3799 3418 3869 εἰσήγαγε,
3458 3806 3545 3851 καὶ
3585 3796 3702 3852 οὐδ’
3740 3799 3936 3852 ἀπολο-

2331 3891 2455 3956 γίας
2508 3887 2727 3948 ἠξίωσεν
2777 3888 2882 3938 ἀλλ’
2934 3887 3147 3962 ἀκρίτως
3194 3891 3328 3940 οὕτω
3367 3889 3595 3940 καθεῖλεν
3637 3888 3811 3945 αὐτόν.
3873 3891 3935 3942 Ὀ

2335 3971 2393 4026 δὲ
2433 3980 2714 4050 Δίόσκορος
2762 3975 3172 4048 ἀπόλογονμενος
3211 3976 3293 4029 ἐπὶ
3331 3980 3535 4038 τούτοις
3579 3977 3760 4050 ἔλεγεν·
3821 3979 3941 4032 Οὐκ

2333 4064 2445 4136 ἐμοὶ
2475 4072 2613 4139 μόνῳ
2644 4071 2735 4126 τὴν
2780 4074 2952 4142 κρίσιν
2997 4073 3021 4120 ό
3063 4067 3307 4141 βασιλεὺς
3352 4067 3642 4142 ἐπέτρεψεν,
3684 4067 3814 4121 ἀλλὰ
3843 4078 3942 4124 καὶ

2332 4153 2652 4228 Ἰουϐεναλίῳ
2690 4162 2781 4208 καὶ
2833 4156 3121 4228 Θαλασσιῳ
3167 4162 3257 4208 καὶ
3303 4165 3413 4218 τοῖς
3456 4157 3677 4220 λοιποῖς,
3717 4162 3808 4210 καὶ
3849 4159 3944 4212 ἐπὶ

2329 4251 2434 4302 τοῖς
2464 4249 2784 4320 κεκριμένοις
2812 4252 2958 4297 πᾶσα
2991 4250 3264 4318 συνῄνεσεν
3294 4247 3324 4303 ἡ
3361 4241 3603 4306 συνοδος·
3639 4249 3688 4298 οἰ
3718 4243 3777 4299 δε
3811 4245 3942 4300 ἀνα-

2327 4332 2520 4384 τολικοὶ
2568 4333 2845 4386 ἐπισκοποι
2894 4333 3191 4398 ἐξϐόεησαν·
3247 4335 3322 4386 Οὐ
3375 4340 3457 4395 τις
3510 4343 3779 4408 συνῇνεσε,
3832 4335 3945 4409 βια

2327 4421 2535 4491 ἐγένετο,
2589 4422 2892 4496 καθάίρεσις
2940 4426 3062 4496 ημῖν
3109 4422 3389 4490 ἠπειλὴθη,
3433 4432 3747 4498 στρατιῶται
3795 4432 3943 4497 μετά

564 4510 724 4569 sunt,
757 4505 934 4562 nobis
958 4504 1266 4561 instabant
1293 4522 1434 4562 cum
1479 4505 1709 4561 baculis
1738 4512 1795 4562 et
1825 4507 2039 4578 gladiis
2068 4511 2215 4567 mili-

2330 4511 2533 4584 βάκλων
2587 4516 2676 4564 καὶ
2737 4515 2891 4584 ξιφῶν
2939 4511 3229 4583 ἐφίσταντο,
3289 4514 3544 4582 καὶμετά
3589 4511 3799 4583 πληγῶν
3859 4519 3939 4576 εἰς

561 4597 670 4664 tes,
711 4598 768 4650 et
795 4593 1014 4649 ictibus
1059 4593 1249 4664 pressi
1290 4593 1354 4649 in
1387 4593 1595 4650 charta
1642 4609 1766 4649 non
1807 4595 2031 4668 scripta
2077 4599 2217 4654 sub-

562 4683 936 4756 scripsimus.

627 4772 685 4827 7.
705 4771 852 4828 Cum
877 4769 1123 4828 Basilius
1147 4769 1424 4827 Seleuciae
1436 4770 1848 4828 vehementius
1865 4774 2210 4834 Dioscorum
2399 4778 2455 4840 ς’.

2323 4603 2553 4674 ἄγραφον
2598 4604 2805 4675 χάρτην
2848 4601 3242 4675 ὑπεγράψαμεν,

2520 4778 2788 4831 Βασίλείου
2822 4775 2881 4831 δὲ
2931 4785 3022 4830 τοῦ
3063 4777 3354 4839 Σελευκειας
3387 4776 3733 4854 σφοδρότερον
3773 4779 3934 4853 ἐλέγ-

555 4861 1042 4936 reprehenderet,
1073 4866 1130 4917 et
1158 4864 1314 4917 recte
1340 4865 1550 4918 contra
1579 4863 1907 4934 Eutychein
1937 4866 2210 4937 opinare-

551 4957 665 5022 tur,
699 4951 870 5007 illum
907 4950 1433 5019 interrogaverunt
1461 4951 1782 5022 praesides:
1815 4969 2006 5025 quare
2045 4972 2207 5012 nunc

2318 4889 2504 4940 χοντος
2551 4873 2850 4942 Διόσκορον,
2897 4873 2987 4920 καὶ
3034 4867 3195 4941 ὀρθῶς
3237 4871 3370 4920 κατά
3407 4869 3675 4942 Εὐτυχοῡς
3720 4866 3934 4942 δογμα-

2318 4959 2563 5030 τίζοντος,
2621 4961 2900 5034 ἠρώτησαν
2949 4957 3103 5009 αὐτόν
3153 4961 3201 5009 οὶ
3249 4959 3516 5032 ἄρχοντες·
3563 4961 3656 5011 Διά
3705 4964 3774 5028 τί,
3831 4969 3933 5012 νῦν

546 5045 706 5097 recte
734 5040 1017 5112 opinans,
1044 5039 1405 5112 depositioni
1448 5039 1708 5096 Flaviani
1752 5041 2206 5113 subscripsisti?

2330 5050 2483 5125 Ξρθῶς
2559 5045 2813 5118 δοξάζων,
2892 5047 3196 5122 ὑπέγραψας
3269 5052 3385 5100 τότε
3461 5055 3522 5120 τῇ
3603 5051 3933 5123 καθαιρέσάι

545 5128 644 5185 llle
674 5135 878 5186 autem
913 5129 1038 5185 vim
1081 5145 1116 5184 a
1163 5129 1442 5186 Dioscoro
1483 5129 1816 5187 adhibitam
1860 5133 2198 5203 praetendit.

544 5219 692 5274 Cum
724 5221 927 5273 autem
942 5217 1039 5273 hic
1055 5217 1329 5273 dixisset:
1358 5219 1484 5274 Non
1506 5219 1826 5290 oportebat
1846 5226 1902 5277 te
1919 5221 2197 5280 homines

538 5304 930 5362 reformidare
977 5305 1060 5362 ita
1101 5310 1168 5362 ut
1205 5306 1736 5378 reprehensionem
1766 5307 2101 5367 incurreres
2139 5316 2196 5370 et

535 5394 822 5462 caderes;
873 5395 1222 5467 respondit:
1276 5395 1333 5452 Si
1380 5400 1518 5452 ante
1558 5397 1844 5467 praesides
1871 5400 2185 5470 stetissem,

529 5488 895 5556 protestatus
925 5499 1120 5540 essem
1146 5501 1159 5552 ;
1191 5501 1228 5542 a
1254 5488 1307 5541 te
1339 5489 1540 5541 autem
1561 5486 1886 5558 judicatus,
1919 5495 1984 5546 ut
2011 5507 2047 5547 a
2076 5506 2184 5563 pa-

523 5577 610 5630 tre
623 5574 940 5646 justo,non
969 5589 1161 5630 ausus
1193 5591 1349 5644 sum,
1374 5575 1568 5633 Filius
1585 5578 1762 5640 enim,
1785 5577 2000 5650 inquit,
2022 5597 2060 5637 a
2074 5597 2182 5650 pa-

2313 5139 2650 5206 Φλαϐιανοῡ;
2721 5137 2778 5190 Ὀ
2837 5133 2896 5189 δὲ
2962 5141 3055 5195 τὴν
3123 5135 3178 5188 ἐκ
3253 5143 3540 5211 Διοσκόρου
3606 5137 3930 5207 προεϐάλετο

2312 5230 2454 5304 βίαν.
2515 5229 2736 5282 Ἐκείνου
2787 5223 2846 5278 δε
2889 5224 3140 5293 εἰπόντος,
3195 5225 3306 5277 Οὐκ
3355 5222 3462 5280 ἔδει
3511 5246 3568 5278 σε
3615 5226 3930 5300 ἀνθρώπους

2307 5310 2622 5386 ἐντραπῆναι
2688 5307 2758 5370 εἰς
2831 5308 3160 5376 κατάγνωσιν
3223 5311 3312 5359 καὶ
3389 5307 3458 5369 εἰς
3525 5313 3724 5360 πτῶσίν
3793 5328 3923 5380 σου,

2305 5399 2626 5476 ἀπεκρίνετο·
2693 5396 2755 5448 Εἰ
2817 5399 2947 5470 πρὸς
3003 5396 3268 5467 ἄρχοντας
3344 5397 3512 5466 εἶχον,
3569 5400 3928 5473 ἐμαρτύρησα

2301 5493 2383 5545 ἄν.
2444 5491 2589 5564 παρά
2647 5495 2741 5539 σοῦ
2790 5483 2868 5551 δε,
2910 5505 3225 5560 κρινόμενος,
3276 5488 3336 5553 ὡ,
3382 5489 3526 5560 παρὰ
3573 5491 3771 5562 πατρὸς
3821 5486 3924 5541 δι,

2298 5584 2474 5646 καίου,
2525 5577 2619 5630 οὐκ
2649 5578 2917 5648 ἐχρώμην*
2961 5581 3094 5637 Παῖς
3133 5594 3257 5648 γαρ,
3305 5579 3457 5648 φησί,
3515 5581 3679 5650 πατρὶ
3726 5573 3925 5636 δικαια
