4040 6318
102 284 157 336 ιδ
1436 276 1792 349 THESAUBI
1837 280 1967 339 LIB.
2017 279 2108 341 Ix.

3382 281 3456 338 46

97 404 241 476 tam
294 405 549 460 τεθνάτω.
620 401 873 458 Εύσεϐίου
940 400 1000 458 δι
1059 410 1153 461 τοῦ
1203 405 1487 482 Δορυλαίον
1525 405 1693 479 λέγονο

1815 407 2081 475 trejusta
2112 405 2455 475 'reposcens,
2486 402 2804 462 moriatur.
2845 402 3138 461 Eusebius
3164 420 3310 481 vero
3339 408 3456 462 Do-

96 515 171 554 τος
197 496 301 554 ὅτι,
363 492 653 547 Φλαϐιανού
705 501 799 545 τοῦ
856 492 1157 556 καθελόντος
1200 495 1413 567 Εὐτυχῆ
1456 496 1691 569 κρινομέ-

95 605 190 645 νου,
244 582 352 653 ἐγὼ
406 584 434 633 ὁ
490 592 797 655 κατηγορῶν
844 584 1107 655 Εὗτνχούς
1156 584 1397 636 εἰσελθεῖν
1460 584 1518 636 ού
1575 603 1695 635 συν-

96 674 370 744 ελωρήθην
419 680 513 723 καὶ
569 681 668 724 των
730 670 998 745 ἀρχόντων
1049 672 1362 745 αἰτιωμένων
1416 678 1694 744 Διόσκορον

93 766 153 822 ως
202 771 305 812 τῶν
374 781 600 812 κανόνων
656 760 987 835 παραϐάτην,
1037 762 1188 823 αὑτός
1227 764 1342 834 ἔφη·
1406 767 1502 815 Καὶ
1549 763 1696 834 ὑμεῖς

92 850 455 923 παραϐαίνετε,
504 847 845 923 Θεοδώρητον
902 849 1102 922 ἀφέντες
1159 851 1402 904 εἰσελθεῖν
1466 850 1538 912 si;
1598 854 1693 908 τήν

94 937 330 992 σύνοδον.
390 940 461 991 Οἰ
526 936 586 992 δε
635 935 796 991 εἶπον·
846 945 1233 1014 Κατηγορὴσων
1290 944 1436 1011 ἦμῶν
1498 938 1695 996 εἰσελή-

90 1031 248 1081 iubar
309 1031 339 1081 ὀ
401 1026 485 1095 δέ,
544 1032 643 1080 Καὶ
697 1024 792 1079 διὰ
827 1033 898 1094 τί,
931 1031 1046 1100 ἔφη,
1079 1030 1357 1089 καθέζεται
1381 1031 1451 1089 ὡς
1489 1027 1697 1080 ἐπίσκο-

90 1138 173 1180 πος
202 1136 216 1185 ;
262 1119 335 1170 Οἱ
370 1114 431 1169 δέ
452 1119 730 1188 ἅρχοντεςς
762 1116 962 1185 Καλῶς,
995 1119 1214 1190 ἔφησαν,
1242 1120 1307 1179 ὡς
1338 1116 1578 1178 Εὐσέϐιος
1605 1122 1696 1169 καὶ

90 1204 438 1278 Θεοδώρητος
472 1204 519 1257 έν
549 1204 693 1267 τάξει
729 1210 1030 1276 κατηγόρων
1062 1207 1392 1275 καθέζονται,
1436 1204 1577 1259 διότι
1606 1210 1696 1258 καὶ

88 1300 220 1368 ὑμεῖς
246 1294 297 1346 ἐν
330 1294 483 1357 τάξει
508 1298 966 1365 κατηγορουμένων
997 1296 1133 1356 ὄντες
1161 1297 1463 1355 καθέζεσθε.

153 1385 225 1442 π’.
288 1387 513 1436 Πάντων
559 1380 620 1435 δὲ
671 1381 754 1435 ἐπὶ
810 1386 1012 1442 τούτοις
1055 1383 1485 1454 ἀναγνωσθέντων
1516 1391 1614 1435 τῶν
1643 1402 1699 1436 τε

91 1474 135 1525 ἐι
197 1470 759 1527 Κωνσταντινουπόλει
824 1475 965 1544 παρά
1034 1471 1321 1525 Φλαϐιανοῦ
1396 1476 1698 1546 πεπραγμέο

89 1586 177 1614 νων
233 1562 310 1623 εἰς
355 1566 455 1619 τήν
514 1561 785 1631 Εύτυχούς
812 1562 1136 1632 καθαίρεσιν,
1164 1567 1253 1613 καί⁵
1286 1562 1386 1613 τῶν
1416 1560 1464 1613 ἐν
1503 1561 1701 1633 Ἐφέσω

90 1658 140 1704 τό
195 1649 450 1722 δεύτερνν
514 1652 662 1723 παρὰ
738 1656 1021 1724 Διοσκόρου
1083 1653 1427 1723 πραχθέντων
1493 1648 1578 1703 ἐπὶ
1634 1657 1697 1722 τῇ

1804 494 1981 565 ryleaa
2029 495 2177 552 dixit
2217 494 2351 561 sibi,
2385 494 2531 550 dum
2566 492 2941 565 judicaretur
2984 492 3301 550 Flavianus
3347 494 3456 566 qui

1804 583 2130 654 Eutychem
2179 583 2561 654 deposuerat,
2617 597 2740 638 non
2793 581 3032 638 licuisse
3077 588 3141 638 ut
3171 580 3454 654 Eutychis

1802 671 2132 727 accusatori
2185 672 2246 727 in
2292 671 2596 743 synodum
2653 673 2895 726 intrare.
2964 673 3028 726 Et
3089 670 3456 743 praesidibus

1807 760 2156 816 Dioscorum
2191 766 2254 816 ut
2283 775 2588 816 canonum
2619 765 3126 829 transgressorem
3152 759 3454 839 arguenti-

1802 849 1961 905 bus:
2029 852 2095 906 Et
2152 866 2278 916 vos,
2324 848 2537 923 inquit,
2596 863 2864 904 canones
2924 849 3455 920 transgredimini,

1800 939 2237 995 Theodoretum
2291 941 2553 994 sinentes
2607 938 2667 993 in
2717 937 3023 1010 synodum
3070 938 3313 994 intrare.
3343 938 3457 1005 Qui

1802 1029 2027 1096 dixere,
2051 1030 2165 1083 Vos
2188 1033 2583 1083 accusaturus
2613 1025 2889 1083 introivit:
2916 1028 2979 1081 Et
3007 1032 3215 1103 quare,
3235 1027 3454 1098 inquit,

1803 1118 1970 1172 sedet
1992 1123 2053 1173 ut
2084 1116 2456 1190 episcopus?
2490 1117 2554 1170 Et
2581 1115 2911 1187 praesides:
2944 1116 3119 1180 Bene,
3153 1115 3456 1188 inquiunt,

1806 1208 2096 1264 Eusebius
2143 1212 2201 1263 et
2242 1206 2647 1263 Theodoretus
2688 1206 2747 1260 in
2793 1205 3206 1260 accusantium
3246 1205 3458 1261 ordine

1805 1297 2014 1353 sedent
2047 1312 2118 1351 eo
2138 1294 2303 1368 quod
2332 1300 2389 1350 et
2424 1310 2533 1351 vos
2562 1293 2621 1349 in
2643 1307 2883 1348 reorum
2906 1292 3115 1348 ordine
3145 1292 3384 1349 sedetis.

1879 1389 1929 1442 8.
1974 1389 2297 1457 Postquam
2335 1383 2551 1438 deinde
2585 1382 2739 1438 lecta
2775 1388 2914 1437 sunt
2950 1397 3088 1454 qua:
3129 1383 3460 1439 Constanti-

1806 1475 2013 1548 nopoli
2040 1492 2076 1531 a
2116 1475 2397 1531 Flaviano
2423 1472 2484 1529 in
2519 1472 2793 1544 Eutychis
2834 1471 3274 1544 depositionem
3303 1473 3464 1531 facta

1810 1565 2066 1631 fuerant,
2093 1570 2151 1619 et
2173 1579 2310 1636 quae
2345 1561 2556 1634 Ephesi
2584 1576 2795 1616 rursus
2830 1575 2866 1615 a
2911 1558 3196 1615 Diescoro
3225 1561 3304 1617 ad
3335 1561 3464 1618 Fla-

1810 1653 1972 1709 viani
2000 1652 2439 1724 depositionem
2471 1656 2604 1706 acta
2634 1649 2891 1716 fuerant,
2922 1664 3184 1722 cumque
3212 1655 3377 1706 recta
3405 1654 3465 1706 et

90 1736 379 1794 *λαϐιανοῦ
431 1740 761 1812 καθαιρέσει,
810 1739 1127 1810 ζητουμένης
1173 1758 1228 1791 τε
1282 1746 1374 1800 τῆς
1413 1739 1575 1813 ὀρθῆς
1611 1745 1701 1791 καὶ

1815 1757 1953 1796 vera
1981 1740 2188 1811 opinio
2230 1744 2618 1811 quaereretur,
2654 1744 2711 1793 et
2752 1736 3068 1792 Flavianus
3105 1737 3327 1795 dixisse
3363 1753 3464 1794 re-

89 1831 308 1890 ἰὼςθοΰς
374 1825 562 1892 δόξης,
626 1832 717 1879 καὶ
772 1826 1059 1879 Φλαϐιανοῦ
1275 1828 1560 1900 εὑρεθέντος
1622 1830 1704 1880 ὅτι

90 1920 136 1971 ἐι
176 1918 276 1971 δύο
332 1921 544 1989 φύσεων
592 1921 683 1968 καὶ
737 1912 835 1968 δύο
884 1921 1069 1988 φύσεις
1120 1916 1259 1987 ἔλεγε
1321 1920 1410 1968 τὸν
1450 1920 1700 1991 Χριστὸν,

91 2018 377 2082 Διοσκορου
408 2002 473 2058 δὲ
506 2008 794 2076 φάσκοντος
840 2008 921 2057 ότι
966 2009 1037 2057 Τό
1084 2004 1141 2057 έκ
1188 2001 1287 2057 δύο
1340 2002 1594 2077 δέχομαι,
1641 2008 1702 2058 τὸ

92 2096 178 2149 δύο
229 2095 293 2146 οὐ
352 2091 620 2164 δέχομαιο
662 2095 793 2163 μετά
826 2098 919 2149 τὴν
950 2094 1131 2145 ἕνωσιν
1162 2089 1259 2144 δύο
1290 2097 1471 2165 φύσεις
1500 2093 1596 2146 οὐκ
1635 2098 1705 2146 εὶ-

92 2190 186 2236 σίν·
229 2186 281 2234 οἱ
327 2184 595 2255 ἄρχοντες
645 2184 736 2232 καὶ
787 2182 817 2237 ἡ
876 2181 1163 2250 σύγκλητος
1218 2178 1381 2233 εἷπον·
1442 2186 1565 2254 Περὶ
1612 2186 1703 2253 μὶν

90 2283 175 2334 τῆς
232 2271 405 2344 ὀρθῆς
463 2275 695 2330 πίστεως
748 2268 1121 2344 ἀκριϐεστέραν
1174 2269 1408 2332 ἐξέτασιν
1451 2279 1513 2341 τῇ
1547 2273 1702 2323 ύστε-

91 2382 208 2432 ραια
266 2358 387 2413 δεῖν
443 2360 693 2429 γενέσθαι
749 2367 1065 2430 συνορῶμεν·
1133 2357 1244 2411 ἐπεὶ
1306 2356 1367 2411 δι
1423 2358 1705 2420 φλαϐιονός

91 2457 171 2503 καὶ
216 2447 490 2509 Εὐσέϐιος
538 2450 595 2498 εκ
641 2465 697 2499 τε
755 2455 851 2509 τῆς
904 2455 1006 2497 τῶν
1063 2452 1432 2521 πεπραγμένων
1480 2446 1705 2518 ἀναγνώ-

95 2558 208 2599 σεως
235 2544 471 2598 καὶτῆς
526 2544 699 2607 φωνῆς
727 2543 877 2587 τινῶν
927 2534 1164 2608 ἐξάρχων
1218 2533 1310 2596 τῆς
1357 2538 1705 2609 καθαιρέσεως

93 2630 250 2680 αὐτῶν
311 2625 620 2679 δεὼινυνται
665 2621 833 2696 μηδέν
883 2629 1000 2696 περὶ
1048 2629 1143 2682 τὴν
1188 2630 1366 2677 πίστίν
1406 2626 1701 2698 σφαλέντες,

254 2720 444 2788 μάτην
494 2715 906 2786 καθαιρεθέντες,
965 2720 1199 2785 φαίνεται
1258 2715 1383 2786 ἡμῖν
1445 2718 1583 2768 κατὰ
1643 2719 1704 2767 τὸ

93 2816 197 2876 Θεῷ
266 2806 505 2877 ἀρέσκον
570 2799 778 2854 δίκαιον
843 2799 994 2871 εἶναι,
1060 2802 1107 2855 εἰ
1160 2809 1564 2878 παρασταίημεν
1630 2811 1704 2875 τῷ

95 2899 334 2965 θειοτάτῳ
394 2896 549 2964 ἡμῶν
576 2890 789 2963 βασιλεῖ
837 2896 1116 2964 Διόσκορον
1163 2896 1252 2943 τὸν
1290 2891 1702 2967 Ἀλεξανδρείας,

97 2992 177 3036 καὶ
229 2981 589 3037 Ἰονϐεναῗιιον
641 2984 728 3031 τόν
791 2979 1178 3053 Ἰεροσολύμων,
1249 2987 1339 3033 καὶ
1400 2982 1704 3035 Θαλάσσιον

1810 1831 2100 1902 periretur
2147 1828 2448 1884 Christum
2501 1841 2574 1881 ex
2620 1825 2865 1882 duabus
2907 1825 3142 1881 naturis
3193 1831 3252 1883 et
3307 1826 3465 1884 duas

1809 1923 2059 1975 naturas
2094 1931 2249 1986 esse,
2297 1917 2615 1971 Dioscorus
2660 1929 2796 1969 vero
2838 1913 3060 1969 diceret
3096 1929 3160 1969 se
3198 1929 3272 1969 ex
3312 1916 3465 1973 dua-

1808 2008 1923 2063 bus
1958 2007 2187 2062 naturis
2238 2005 2520 2077 recipere,
2581 2019 2700 2059 non
2753 2008 2955 2058 autem
2983 2002 3140 2058 duas
3179 2009 3461 2073 naturas;

1809 2097 1962 2151 duas
1993 2101 2240 2151 naturas
2272 2099 2408 2165 post
2438 2093 2722 2148 unionem
2754 2107 2876 2147 non
2907 2106 3059 2158 esse,
3094 2091 3381 2164 praesides
3407 2096 3468 2149 et

1811 2182 2130 2239 concilium
2161 2181 2405 2237 dixere:
2456 2183 2534 2236 De
2570 2185 2733 2235 recta
2775 2178 2896 2235 ﬁde
2942 2179 3282 2234 accuratius
3327 2194 3465 2237 exa-

1810 2289 1947 2329 men
1974 2278 2217 2345 postera
2245 2271 2342 2325 die
2383 2269 2512 2324 ﬁeri
2547 2274 2822 2340 oportere
2850 2268 3277 2337 intelligimus;
3321 2283 3465 2326 cum

1810 2368 2013 2418 autem
2073 2360 2392 2417 Flavianus
2450 2363 2508 2413 et
2569 2357 2863 2413 Eusebius
2917 2372 2992 2412 ex
3046 2371 3260 2413 eorum
3322 2372 3464 2430 qua

1811 2452 1890 2508 ab
1947 2452 2020 2506 iis
2061 2456 2197 2505 acta
2241 2453 2380 2504 sunt
2427 2446 2699 2513 lectione,
2724 2452 2782 2503 et
2808 2445 3222 2518 quorumdam
3252 2461 3466 2502 eorum

1810 2540 2202 2611 depositionis
2220 2543 2536 2593 auctorum
2564 2550 2730 2604 voce,
2780 2549 2904 2591 non
2935 2535 2998 2590 in
3025 2533 3147 2590 ﬁde
3176 2535 3468 2591 erravisse

1811 2630 2229 2693 exhibeantur,
2243 2624 2349 2681 sed
2370 2628 2604 2698 absque
2628 2640 2814 2681 causa
2836 2624 3087 2697 depositi
3119 2624 3256 2691 sint,
3283 2624 3466 2681 nobis

1811 2720 2047 2775 videtur
2093 2717 2265 2790 juxta
2307 2716 2408 2771 Dei
2459 2713 2908 2786 beneplacitum
2948 2713 3183 2785 justum
3225 2728 3383 2783 esse,
3413 2711 3465 2769 si

1810 2808 2255 2864 divinissimum
2305 2805 2732 2877 imperatorem
2784 2802 3098 2859 certiorem
3148 2802 3466 2858 fecerimus

1814 2898 2164 2952 Dioscorum
2195 2892 2590 2960 Alexandrini,
2619 2891 2969 2948 iuvenalem
3010 2890 3463 2962 Hierosolyma,

1813 2983 2264 3041 etThalassium
2291 2984 2599 3050 Caesarem,
2638 2986 2697 3037 et
2728 2979 3049 3036 Eusebium
3088 2983 3358 3052 Ancyrae,
3407 2982 3468 3035 et

97 3080 172 3125 τόν
238 3075 598 3144 Καισαρείας,
673 3073 764 3120 καὶ
824 3067 1071 3121 Εύσέϐιον
1132 3072 1218 3121 τὸν
1284 3071 1556 3144 Ἀγκύρας,
1614 3077 1703 3123 καὶ

1816 3074 2180 3130 Eustathium
2221 3073 2430 3144 Beryti,
2480 3076 2539 3126 et
2604 3070 2890 3126 Basilium
2949 3069 3253 3134 Seleuciae,
3302 3067 3463 3123 illius

101 3163 389 3214 Εὑστοὶθιον
450 3164 542 3210 τόν
608 3166 851 3231 Βηριτοῡ,
910 3164 1000 3210 καὶ
1055 3158 1322 3231 βασίλειον
1377 3166 1464 3212 τόν
1531 3161 1701 3213 Σελευ-

97 3258 247 3317 κείας,
303 3253 433 3308 τούς
480 3247 800 3321 ἐξάρχοντας
838 3255 932 3310 τῆς
978 3256 1095 3300 τότε
1162 3246 1389 3301 συνόδου
1450 3257 1522 3319 τῷ
1562 3249 1704 3321 αύτῷ

98 3342 337 3413 ἐπιτιμίῳ
395 3341 699 3402 ὑποπεσεῖν,
750 3342 841 3389 καὶ
909 3345 1006 3389 τοῦ
1060 3336 1408 3392 έπισκοπικοῦ
1469 3339 1704 3412 ἀξιώμαο

98 3450 171 3490 τος
230 3429 679 3500 ἀλλοτριωθῆναυ
748 3429 1032 3498 Δέγιμονς,

100 3524 418 3593 hrpaga.
484 3519 673 3570 Ίστέον
711 3520 812 3590 γὰρ
856 3519 938 3569 ὅτι
997 3514 1275 3580 διαλαλιᾶς
1338 3521 1452 3581 οἵας
1509 3517 1708 3579 δήποτε

96 3616 366 3682 γινομένης
424 3608 528 3658 ὑπὸ
595 3614 697 3658 τῶν
744 3609 1038 3680 ἀρχόντων,
1103 3612 1193 3659 καὶ
1244 3611 1388 3681 παρὰ
1434 3618 1535 3661 τῶν
1565 3609 1705 3668 ὑπη-

102 3704 419 3770 erat;va
476 3703 758 3770 νοταρένων
815 3696 1265 3770 ἀπογραφομένης,
1325 3698 1588 3771 ύπέγραφέ
1624 3719 1707 3762 τις

100 3790 262 3839 αὐτῶν
331 3790 397 3837 τό
450 3788 737 3855 ἀνέγνωμεν
778 3788 903 3856 πρὸς
947 3787 1005 3836 τὸ
1047 3780 1176 3836 εἶναι
1216 3783 1434 3857 βεϐαίαν
1463 3792 1556 3846 τὴν
1588 3784 1624 3840 δ
1629 3807 1706 3840 ια-

98 3877 294 3945 ὶαλιόω,
336 3878 436 3926 καὶ
476 3870 744 3945 μηδεμίαν
790 3874 1062 3944 ἐμπίπτειν
1135 3874 1397 3941 ὑπόνοιαν,
1449 3877 1520 3938 ὡς
1583 3875 1704 3928 ἕκα·

98 3965 368 4037 εουργηθη
395 3981 453 4013 τι
482 3964 624 4035 παρὰ
662 3971 762 4013 τῶν
808 3963 1163 4034 ὑπογραφέων.
1214 3967 1313 4015 Καὶ
1350 3967 1416 4016 τὰ
1611 3974 1708 4027 τῆς

98 4060 307 4123 πρώτης
348 4051 593 4125 πράξεως
633 4058 864 4102 τοιοῦτον
911 4053 1041 4122 ἔσχε
1063 4054 1121 4102 τό
1150 4050 1313 4114 τέλος.

1106 3426 1369 3499 λέγιμους,
1434 3433 1705 3481 τουτέστιν

1812 3162 2028 3234 synodi
2057 3168 2333 3217 auctores
2361 3158 2558 3216 eidem
2592 3173 2783 3230 panic
2810 3158 3117 3228 subjectos
3140 3156 3327 3212 fuisse
3350 3161 3410 3211 et
3428 3169 3467 3212 ιι

1811 3252 2102 3321 dignitate
2126 3247 2454 3320 episcopali
2484 3246 2778 3303 decidisse
2812 3261 2827 3301 :
2855 3245 3154 3316 Legimus,
3184 3244 3466 3315 legimus.

1814 3340 2136 3397 Sciendum
2163 3340 2325 3393 enim
2344 3342 2437 3390 est
2463 3334 2787 3409 praesidum
2815 3332 3169 3406 quemdam,
3201 3333 3305 3388 ubi
3328 3339 3465 3389 tan-

1813 3431 1954 3485 dem
1980 3429 2269 3483 sententia
2291 3426 2370 3481 ab
2398 3425 2548 3498 ipsis
2566 3423 2954 3497 pronuntiata
2976 3426 3137 3479 esset
3154 3427 3211 3478 et
3237 3437 3274 3478 a
3290 3421 3466 3478 mini-

1814 3517 2144 3575 strantibus
2171 3515 2417 3572 notariis
2447 3511 2821 3583 transcripta,
2855 3510 3232 3568 subscribere
3261 3510 3467 3567 solitos

1814 3624 1947 3664 esse
1976 3606 2123 3662 illud
2148 3622 2162 3660 :
2197 3606 2468 3675 legimus,
2481 3607 2547 3657 ut
2567 3601 2747 3657 ﬁrma
2765 3606 2926 3656 esset
2940 3600 3466 3671 sententia,neque

1812 3696 2043 3769 quaevis
2063 3694 2325 3767 suspicio
2338 3696 2679 3761 assurgeret
2692 3689 3029 3761 quidquam
3040 3688 3121 3745 ab
3132 3702 3466 3744 amanuen-

1813 3788 1981 3841 sibus
2010 3784 2413 3840 adulteratum
2444 3781 2643 3836 fuisse.
2687 3781 2751 3835 Et
2780 3780 2961 3834 talem
3000 3777 3249 3850 quidem
3279 3777 3466 3834 ﬁnem

1812 3875 2027 3932 habuit
2054 3874 2251 3945 prima
2275 3871 2451 3928 actio.

312 4176 677 4248 Sequuntur
703 4174 766 4228 in
797 4174 995 4230 codice
1018 4175 1391 4246 reliquarum
1424 4177 1731 4236 actionum
1759 4179 1979 4252 synodi
2014 4177 2364 4243 summaria,
2406 4189 2537 4247 qua
2574 4189 2680 4230 nos
2713 4172 3252 4244 pratermittimus.

166 4302 229 4357 θλ
276 4306 462 4373 Χρεὼν
492 4296 556 4352 δὲ
592 4295 787 4351 εἰδέναι
828 4301 915 4367 ὡς,
972 4308 1071 4361 τῆς
1126 4301 1283 4370 ἁγίας
1339 4305 1529 4364 ταύτης
1586 4323 1707 4356 συν-

100 4388 225 4443 οδον
286 4391 601 4462 καθαιρέσει
665 4394 943 4461 Διόσκορον
1011 4387 1377 4452 ύποϐαλούσης
1430 4396 1515 4444 τόν
1570 4397 1709 4463 γενέ-

104 4499 246 4549 μῦον
320 4473 577 4540 ’Δλεξανδ
577 4496 606 4552 ρ
614 4481 715 4536 είας
790 4479 1096 4545 επίσκοπον,

104 4569 490 4641 λαμϐανόμενοι
572 4574 669 4627 τῆς
756 4566 1039 4629 καθολικῆς
1096 4568 1411 4632 Ἐκκλησίας
1484 4568 1710 4629 ditia-rn-

106 4678 219 4726 σω,
267 4662 365 4710 καὶ
421 4653 852 4729 διακρινομένους
888 4655 1164 4728 ὠνόμασαν
1219 4657 1431 4719 ἑαυτούς
1495 4657 1551 4711 ἔκ
1619 4666 1713 4712 τοῦ

102 4752 168 4817 μή
232 4747 589 4799 συντίθεσθαι
657 4751 768 4806 τοῖς
831 4741 1241 4817 δογματισθεῖσι
1294 4750 1438 4820 παρὰ
1501 4756 1601 4800 τῶν
1664 4746 1714 4800 ἂν

106 4831 415 4892 Χαλκηδόνι
472 4833 815 4887 συνελθόντων
884 4838 1142 4909 Πατέρων,
1210 4841 1299 4888 καὶ
1366 4836 1439 4898 εἰς
1505 4833 1719 4891 δώδεκα

105 4921 438 4997 διῃρέθησαν
489 4928 745 4995 τμήματα
772 4925 869 4991 (1),
917 4923 986 4974 ὧν
1037 4926 1088 4976 οὶ
1139 4927 1229 4996 μεν
1298 4924 1718 4997 Εύτνχιανισταὶ

102 5011 372 5085 λεγόμενοι
422 5010 666 5082 Εύτυχέα
720 5015 815 5063 καὶ
870 5016 1148 5087 Διόσκορον
1206 5008 1473 5084 δέχονται,
1531 5012 1580 5066 οἱ
1626 5017 1719 5067 καὶ

103 5100 319 5171 λέγουσι
373 5103 467 5153 τόν
530 5103 796 5159 Δεσπότην
862 5104 1093 5173 Χριστὸν
1158 5102 1436 5174 ὁμοούσιον
1492 5106 1583 5175 μὲν
1647 5110 1723 5174 τῷ

110 5195 296 5264 Πατρὶ,
339 5191 517 5242 οὐκέτι
548 5186 609 5242 δὲ
654 5192 746 5242 καὶ
793 5190 942 5261 ἡμῖν,
974 5186 1070 5243 διὰ
1122 5194 1183 5243 τὸ
1227 5195 1299 5263 μὴ
1349 5192 1726 5245 κατατίθεσθαι

184 5404 265 5471 (1)
304 5401 736 5460 Animadverte
755 5400 1080 5459 duodecim
1097 5406 1291 5460 sectas
1308 5402 1727 5461 haereticorum

122 5472 541 5531 dissidentium
565 5491 604 5531 a
626 5473 888 5530 concilio
908 5474 1407 5530 Chalcedonensi.
1424 5477 1548 5532 Fuit
1565 5478 1730 5532 enim

120 5543 265 5602 illud
292 5546 688 5605 Orientalium
719 5546 1113 5602 schismatum
1141 5544 1319 5603 fatale
1349 5552 1607 5621 tempus.
1634 5546 1727 5606 Vi-

1886 4307 1939 4360 9.
1984 4302 2143 4359 Scire
2183 4303 2441 4373 Oportet,
2492 4297 2759 4355 Dioscori
2813 4298 3094 4379 fautores,
3140 4300 3470 4370 postquam

1816 4392 1946 4449 haec
1975 4395 2184 4448 sancta
2208 4388 2480 4463 synodus
2513 4403 2652 4444 eum
2698 4386 3071 4444 Alexandria
3099 4386 3326 4443 factum
3350 4385 3472 4458 epi-

1176 4480 1225 4530 οὶ
1305 4482 1491 4533 τούτου
1565 4482 1705 4533 ἀντιμ-

1820 4495 2077 4551 scopum
2114 4478 2416 4551 deposuit,
2449 4492 2486 4532 a
2514 4474 2809 4533 catholica
2852 4474 3111 4532 Ecclesia
3148 4474 3472 4544 excessisse

1820 4574 1876 4625 et
1898 4568 2130 4641 seipsos
2160 4568 2559 4635 disceptantes
2591 4565 2997 4623 nominavisse
3018 4580 3090 4620 ex
3111 4579 3183 4621 eo
3203 4562 3369 4637 quod
3399 4562 3472 4619 iis

1822 4673 1957 4730 quae
1977 4673 2012 4713 a
2038 4656 2315 4713 Patribus
2340 4654 2711 4711 Chalcedone
2733 4653 3115 4723 congregatis
3136 4652 3476 4709 decretave-

1822 4752 1975 4813 rant,
2002 4760 2126 4802 non
2147 4745 2476 4810 adhaesere,
2509 4749 2568 4798 et
2595 4744 2655 4799 in
2683 4742 3007 4799 duodecim
3024 4748 3215 4798 sectas
3245 4741 3476 4797 divisos

1824 4852 1981 4903 esse;
2004 4850 2265 4907 quorum
2280 4832 2531 4905 quidem
2555 4832 2593 4886 ii
2622 4831 2726 4903 qui
2754 4830 3153 4902 Euthychiani
3172 4829 3474 4895 dicuntur,

1828 4924 2155 4996 Eutychem
2184 4929 2242 4979 et
2284 4924 2637 4978 Dioscorum
2676 4921 3000 4992 accipiunt,
3038 4920 3142 4992 qui
3179 4924 3238 4976 et
3282 4917 3479 4977 Domi-

1827 5029 1976 5070 num
2027 5012 2325 5069 Christum
2382 5010 2540 5067 Patri
2605 5008 3185 5066 consubstantialem
3245 5006 3475 5072 dicunt,

1829 5117 1953 5158 non
2000 5106 2201 5156 autem
2258 5099 2453 5169 nobis,
2505 5098 2650 5171 quia
2704 5114 2827 5155 non
2875 5097 3127 5153 credunt
3154 5095 3379 5152 servari
3416 5095 3480 5152 in

1832 5190 2063 5247 Christo
2082 5190 2368 5246 humanas
2390 5193 2618 5244 natura;
2639 5189 2948 5243 veritatem
2973 5201 2986 5251 ;
3017 5185 3120 5257 qui
3152 5190 3353 5241 autem
3377 5199 3482 5241 vo-

1834 5402 1994 5460 desis
2012 5402 2194 5459 etiam
2224 5400 2582 5458 Ebediesum
2601 5398 2678 5456 de
2701 5415 2824 5456 ver.
2844 5398 2940 5455 ch.
2963 5397 3068 5455 rel.
3091 5413 3130 5456 a
3154 5398 3332 5457 nobis
3359 5398 3488 5458 edi-

1837 5481 1968 5532 tum
1999 5474 2142 5533 Coll.
2174 5476 2300 5531 Vat.
2335 5481 2374 5530 t.
2403 5475 2464 5542 X,
2485 5472 2595 5542 lib,
2622 5487 2700 5541 iu,
2729 5475 2784 5528 4.
