4040 6318
629 336 700 394 47
1946 330 1992 389 Ν
1998 328 2215 388 ΙΟΕΤΕ
2264 335 2272 378 4

2385 328 2679 387 ΚΟΝΙΑΤᾸΞ
3928 331 4003 388 48

633 464 847 536 cantur
874 457 1149 534 acephali
1178 473 1304 516 non
1331 459 1687 533 receperunt
1710 456 2013 515 enoticum
2034 452 2272 512 Zenonis

2397 453 2585 517 αὐτοὺς
2644 455 2910 517 σώζεσθαι
2955 453 3005 509 s’v
3069 461 3286 531 Χριστῷ
3340 458 3435 515 τὴν
3486 454 3726 515 ἀλήθειαν
3771 464 3864 520 τῆς
3906 457 4004 509 ἆν-

634 549 1033 624 imperatoris,
1090 547 1237 623 quia
1280 547 1342 604 in
1395 546 1495 604 illo
1558 561 1684 604 non
1750 544 2290 603 anathematizatur

637 637 1138 697 Chalcedonensis
1186 636 1480 710 synodus.
1518 634 1803 710 Acephali
1847 639 2050 692 autem
2093 632 2286 691 vocati

635 732 795 793 sunt,
828 743 899 784 eo
927 725 1092 800 quod
1117 740 1241 782 non
1259 724 1555 782 haberent
1581 725 1921 798 episcopos.
1938 721 2102 781 Unde
2124 720 2290 795 apud

637 818 801 889 ipsos
852 814 1267 872 deﬁcientibus
1312 813 1631 888 episcopis,
1672 828 1797 871 non
1836 811 2065 869 faciunt
2093 810 2288 883 bapti-

640 921 775 961 sma
795 904 973 977 juxta
1014 902 1490 960 ecclesiasticum
1533 918 1852 969 canonem,
1903 899 2008 957 sed
2062 904 2286 956 sanctte

638 993 989 1069 Epiphaniae
1018 993 1165 1050 festo
1190 1009 1383 1066 aquas
1408 992 1716 1062 hauriunt,
1741 1006 1962 1065 easque
1980 1004 2286 1047 reservan-

636 1088 723 1140 tes
754 1084 815 1139 in
842 1082 913 1139 iis
930 1082 1264 1155 baptizant;
1291 1081 1395 1139 sed
1425 1097 1623 1156 neque
1642 1081 2020 1138 collationem
2039 1078 2283 1135 faciunt:

635 1173 1129 1230 communionem
1166 1187 1309 1229 vero
1338 1172 1630 1229 habentes
1660 1187 1733 1228 ex
1762 1169 2030 1243 pristinis
2059 1172 2286 1241 tempo-

631 1263 801 1319 ribus
824 1261 1204 1327 custoditam,
1224 1277 1296 1317 ex
1325 1275 1398 1318 ea
1422 1276 1529 1333 per
1552 1260 1769 1316 festum
1795 1258 2038 1315 Paschte
2070 1257 2285 1315 tenuis-

634 1353 820 1410 simas
848 1355 1047 1425 partes
1077 1348 1572 1408 convenientibus
1610 1348 1953 1423 porrigunt.

705 1636 788 1693 to.
830 1631 943 1692 Alii
986 1632 1333 1704 Julianistte,
1390 1636 1494 1691 aut
1551 1632 1795 1692 Cainitm
1845 1630 2130 1689 dicuntur
2175 1630 2282 1704 qui

628 1722 865 1781 Domini
891 1723 1104 1782 Christi
1130 1738 1354 1795 corpus
1385 1726 1652 1779 creatum
1677 1720 1926 1795 quidem
1948 1720 2158 1776 dicunt
2180 1720 2277 1775 in-

2400 545 2657 618 θρωπίνης
2714 548 2934 617 φύσεως·
2995 546 3044 598 οἱ
3098 541 3158 598 δὲ
3221 543 3527 619 καλούμενοι
3585 546 3860 620 Ἀκέφαλοι
3905 547 4005 600 οὐκ

2397 629 2639 698 ἕδέξαντο
2703 638 2761 688 τό
2829 635 3065 689 ὁωτικόν
3115 642 3206 689 τοῦ
3264 634 3525 709 βασιλέως
3578 642 3831 710 Ζήνωνος,
3907 632 4007 691 διὰ

2397 726 2456 777 τό
2495 729 2567 798 μὴ
2638 723 3117 798 ἀναθεματισθῆναι
3171 723 3221 778 ἐν
3269 726 3409 798 αὐτῷ
3448 731 3541 785 τήν
3585 725 3633 779 ἐν
3689 724 4005 787 Χαλκηδόνι

2400 809 2639 868 σύνοδον.
2691 813 2963 887 Ἀκέφαλοι
3021 811 3081 867 δὴ
3122 813 3418 873 ἐκλήθησαν
3475 813 3530 868 ἐκ
3585 815 3679 868 τοῦ
3737 821 3810 889 μὴ
3854 819 4003 889 ἔχειν

2397 900 2729 965 ἐπισκόπουςο
2776 905 2907 977 ὅθεν,
2954 902 3286 957 ἐκλειπόντων
3315 913 3414 957 τῶν
3445 903 3566 979 παρ’
3603 904 3776 967 αὐτοῖς
3822 908 4000 982 ἱερέων

2396 988 2520 1045 οὐδὲ
2585 991 2869 1066 βάπτισμα
2932 1000 3147 1047 ποιοῦσι
3210 996 3347 1047 κατὰ
3405 997 3491 1047 τόν
3557 993 3999 1054 ἐκκλησιαστικὸν

2395 1087 2603 1148 κανόνα,
2636 1081 2743 1134 ἀλλ’
2783 1081 2831 1135 ἓν
2879 1091 2941 1155 τῇ
2994 1082 3140 1157 ἑορτῇ
3170 1091 3268 1135 τῶν
3295 1084 3455 1156 ὑφίων
3487 1089 3779 1158 Θεοφανίων
3811 1084 4001 1162 ἀρύον-

2394 1191 2482 1223 ται
2543 1168 2735 1238 ὗδατα,
2790 1175 2878 1224 καὶ
2933 1179 3102 1225 ταῦτα
3155 1170 3512 1245 φυλάττοντες,
3547 1172 3908 1247 βαπτίζουσιν
3948 1174 3998 1228 ἐν

2395 1261 2591 1324 αὐτοῖς·
2635 1260 2747 1314 ἀλλ’
2802 1258 2926 1314 οὐδὲ
2966 1258 3334 1337 προσκομιδὴν
3375 1269 3636 1316 ποιοῦσιν
3694 1265 3907 1336 ἔχοντες
3940 1261 3999 1318 δὶ

2393 1357 2661 1404 κοινωνίαν
2718 1350 2773 1403 ἐκ
2830 1350 3149 1425 παλαιτέρων
3199 1354 3404 1427 χρόνων
3460 1350 3877 1425 πιφυλαγμίνην,
3944 1353 4000 1418 ἐξ

2392 1440 2558 1501 αὐτῆς
2583 1442 2715 1494 κατὰ
2760 1446 2853 1500 τήν
2897 1439 3079 1513 ἑορτὴν
3110 1447 3202 1493 τοῦ
3233 1441 3436 1513 Πάσχα
3466 1444 3821 1517 σμικροτάτας
3847 1448 3997 1517 μερί-

2393 1527 2489 1592 δας
2517 1538 2626 1593 τοίς
2650 1538 2890 1584 συνιοῦσι
2921 1526 3189 1584 διδόασιν.

2464 1637 2520 1693 ι’.
2553 1636 2733 1691 ⁸Ἀλλοι
2788 1636 3181 1707 Ἰουλιανισταὶ,
3230 1641 3390 1710 ἤγουν
3451 1642 3758 1709 Γαῐανίται,
3821 1638 3999 1712 λέγον-

2388 1744 2498 1797 ται,
2529 1727 2712 1789 οἳτινες
2742 1729 2802 1779 τό
2854 1735 3004 1799 σῶμα
3055 1733 3148 1779 τοῦ
3204 1732 3467 1780 Δεσπότου
3505 1736 3738 1803 Χριστοῦ
3776 1728 3997 1802 λέγουσι

625 1813 987 1887 eorruptible
1025 1817 1226 1871 autem
1274 1828 1347 1869 ex
1394 1811 1530 1886 ipsa
1570 1810 2004 1884 incorruptibili
2044 1825 2272 1866 assum-

2386 1819 2599 1870 κτιστόν
2646 1820 2758 1890 μὶν,
2816 1814 3076 1891 ἄφθαρτον
3151 1812 3211 1869 δε
3266 1815 3319 1880 ἐξ
3378 1816 3543 1880 αὐτῆς
3601 1826 3696 1881 τῆς
3759 1816 3994 1893 ἀφθόρου

625 1903 848 1976 ptione.
901 1902 1010 1959 Alii
1058 1906 1260 1959 autem
1309 1901 1518 1958 dicunt
1571 1917 1644 1958 ex
1700 1900 1803 1957 illa
1858 1899 2276 1972 assumptione

618 2008 743 2049 non
765 1991 950 2050 modo
997 1990 1445 2064 ineorruptibile
1489 2006 1638 2059 esse,
1672 1989 1779 2047 sed
1808 1994 1865 2046 et
1900 1989 2232 2045 increatum
2260 2006 2273 2058 ;

617 2082 857 2154 utrique
904 2080 1236 2138 Julianistte
1310 2079 1598 2155 appellati
1673 2083 1816 2136 sunt
1887 2094 1961 2135 ex
2033 2076 2275 2133 Juliano

614 2172 887 2246 quodam
940 2172 1397 2229 Halicarnasseo
1442 2171 1627 2243 hujus
1665 2168 1953 2227 doctrinm
1979 2174 2224 2227 auctore
2257 2185 2271 2237 ;

615 2262 856 2319 Cainitm
881 2277 918 2319 a
942 2261 1126 2318 Caino
1168 2276 1380 2317 eorum
1416 2275 1582 2333 papa
1609 2259 1983 2316 Alexandriae
2009 2258 2190 2327 facto,
2218 2260 2277 2314 et

610 2350 829 2407 Juliani
876 2364 1229 2407 successore
1275 2348 1530 2421 ejusque
1581 2348 1941 2418 dogmatum
1991 2347 2270 2415 fautore;

610 2455 767 2511 quos
823 2438 917 2496 sui
962 2437 1291 2495 adversarii
1329 2436 1787 2495 Phantasiastas
1832 2442 1891 2493 et
1915 2436 2272 2494 Manichteos

608 2531 848 2586 vocant.
904 2526 971 2584 Hi
1020 2542 1161 2585 vero
1218 2526 1598 2584 adversarios
1643 2542 1789 2583 suos
1843 2524 2270 2582 Phtartolatras

608 2616 1036 2691 (corruptionis
1088 2615 1371 2687 cultores)
1422 2619 1480 2674 et
1540 2614 1907 2673 Ctenolatras
1955 2612 2268 2685 (interfecti

609 2706 891 2778 cultores)
924 2705 1278 2774 nominaut;
1303 2705 1609 2764 Severiani
1633 2708 1691 2761 et
1715 2708 2022 2776 Agnoette,
2048 2703 2154 2776 qui
2183 2702 2270 2759 di-

610 2800 756 2852 cunt
794 2798 983 2853 Deum
1026 2794 1287 2852 Verbum
1318 2794 1527 2851 omnia
1552 2809 1825 2864 noscere,
1855 2794 2085 2850 unitam
2128 2809 2267 2851 vero

609 2886 724 2958 ipsi
782 2884 1179 2959 personaliter
1232 2884 1675 2941 humanitatem
1711 2883 1903 2941 multa
1944 2883 2265 2954 ignorare;

607 2975 711 3048 qui
730 2975 980 3049 quidem
1011 2990 1085 3032 ex
1115 2989 1229 3031 sua
1264 2973 1540 3031 doctrina
1563 2977 1846 3045 Agnoetae
1877 2972 1956 3030 ab
1982 2971 2265 3029 adversa-

607 3065 711 3122 riis
733 3065 1031 3123 nominati
1048 3068 1219 3133 sunt;
1247 3067 1387 3120 sunt
1405 3067 1610 3120 autem
1634 3067 1692 3119 et
1714 3062 2033 3130 Severiani,
2057 3064 2267 3120 Conto-

2387 1904 2710 1977 συλλήψεως·
2763 1908 2927 1980 ἕτεροι
2977 1909 3027 1958 οί
3092 1905 3316 1977 λέγοντες
3375 1909 3435 1960 τό
3504 1915 3657 1981 σῶμα
3693 1914 3785 1961 τοῦ
3810 1915 3992 1981 Χρισ-

2384 2002 2475 2048 τοῦ
2525 1996 2583 2048 οὗ
2636 1999 2789 2068 μόνον
2840 1996 3100 2069 ἄφθαρτον
3147 1992 3202 2058 ἐξ
3247 1994 3412 2056 αὐτῆς
3470 1994 3788 2068 συλλήψεως.
3861 1994 3994 2048 ἀλλὰ

2384 2090 2474 2138 καὶ
2527 2086 2797 2138 ἄκτιστοψ
2858 2086 3090 2158 ἔκάτιροι
3143 2079 3202 2137 δί
3263 2083 3635 2138 Ἰουλιανισταὶ
3690 2083 3990 2143 ὶκληθησαν

3144 2172 3551 2250 Ἀλικαρνασέιρις
3640 2174 3989 2248 κατάρξαντος

2382 2272 2474 2318 τοῦ
2511 2260 2778 2337 δόγματος
2806 2263 2999 2317 αὐτῶν·
3048 2269 3319 2316 Γαῖανῖται
3370 2259 3430 2317 δὲ
3473 2262 3575 2317 ἀπό
3624 2270 3845 2318 Γαῖανοῦ
3895 2274 3991 2317 τοῦ

2381 2358 2655 2428 γενομένου
2714 2355 2882 2407 αὑτῶν
2938 2355 3090 2407 πάπα
3131 2351 3180 2406 ἐν
3230 2350 3614 2428 Ἀλεξανδρείᾳ,
3655 2360 3744 2407 καὶ
3793 2351 3829 2408 δ
3835 2351 3989 2408 ιαδε-

2381 2441 2601 2514 ξαμένου
2673 2441 2970 2508 Ἰουλιανόν,
3028 2445 3119 2495 καὶ
3160 2443 3227 2494 τὰ
3283 2437 3528 2515 δόγματα
3569 2443 3746 2496 αὖτόὺ·
3802 2442 3893 2505 οὓς
3941 2446 3991 2496 οὶ

2384 2173 2486 2228 ἀπὸ
2562 2173 2846 2229 Ἰουλιανοῦ
2922 2192 3062 2236 τινος

2380 2531 2602 2584 ἕναντίοι
2656 2530 2826 2584 αὐτῶν
2883 2533 3285 2593 Φαντασιαστὰς
3348 2536 3439 2584 καὶ
3503 2535 3842 2603 Μανιχαίους
3897 2550 3990 2582 κα-

2378 2620 2549 2674 λοῦσι’
2608 2625 2699 2674 καὶ
2749 2620 2894 2674 οὗτοι
2947 2616 3007 2673 δὲ
3064 2623 3181 2682 τοὺς
3229 2619 3489 2683 ἐναντίους
3542 2618 3710 2672 αὐτῶν
3748 2620 3985 2694 φθαρτο-

2377 2709 2570 2786 λάτρας
2621 2714 2712 2763 καὶ
2770 2707 3123 2785 κτηνολάτρας
3179 2708 3521 2783 ὀνομάζουσι·
3584 2707 3862 2784 Σεϐηρῖται
3925 2704 3987 2761 δι

2377 2800 2427 2852 οἱ
2473 2804 2563 2852 καὶ
2610 2798 2912 2871 Ἀγνοῆται,
2971 2800 3021 2851 οἱ
3064 2798 3294 2871 λέγοντες
3344 2801 3435 2872 μὲν
3490 2802 3578 2852 τόν
3623 2801 3753 2852 Θεόν
3808 2802 3984 2869 Λόγον

2376 2890 2547 2942 πάντα
2598 2894 2895 2960 γινώσκειν,
2948 2891 3043 2947 τὴν
3095 2884 3156 2941 δὲ
3211 2889 3475 2961 ἡνωμένην
3514 2887 3656 2959 αὐτῷ
3693 2886 3808 2940 καθ’
3853 2889 3986 2940 ὑπό-

2378 2996 2567 3031 στασιν
2632 2979 3014 3053 ἀνθρωπότητα
3084 2976 3250 3031 πολλὰ
3333 2975 3551 3049 ἀγνοεῖνι
3629 2980 3814 3038 οἶτινες
3880 2975 3983 3029 ἀπό

2375 3074 2467 3121 τοῦ
2534 3063 2795 3141 δόγματος
2893 3067 3172 3139 ’Δγνοῆται
3256 3066 3639 3139 ὠνομάσθησαν
3714 3067 3813 3119 ὑπὸ
3882 3072 3986 3119 τῶν

606 3154 899 3223 babditte,
947 3153 1054 3227 qui
1094 3153 1304 3211 dicunt
1350 3168 1543 3210 unum
1600 3155 1787 3209 Deum
1817 3167 2072 3210 numero
2111 3167 2262 3221 esse,

2385 3155 2614 3210 ἱναντίων
2680 3156 2878 3217 αὐτοῖς’
2946 3156 3107 3230 ἕτεροι
3183 3151 3243 3209 δὲ
3302 3154 3597 3230 Σεϐηρίται,
3636 3156 3686 3209 0i
3724 3159 3813 3208 καὶ
3857 3162 3987 3209 Κον-

610 3260 734 3302 non
763 3250 969 3302 autem
987 3258 1093 3316 per
1116 3242 1324 3300 omnia
1345 3240 1524 3299 simili
1543 3240 1885 3315 tequalitate
1904 3246 1963 3299 et
1981 3241 2267 3299 eumdem

612 3334 852 3389 Patrem
878 3336 937 3388 et
968 3330 1179 3389 Filium
1222 3335 1280 3388 et
1322 3330 1614 3404 Spiritum
1653 3333 1929 3387 sanctum
1976 3331 2264 3398 dicentes,

610 3421 718 3493 qui
754 3418 1212 3477 Contobabditze
1238 3418 1536 3475 nominati
1564 3423 1707 3475 sunt
1743 3435 1781 3475 a
1810 3418 1935 3475 suis
1979 3418 2268 3477 adversa-

612 3509 739 3578 riis,
753 3508 901 3581 quia
918 3507 983 3564 in
1006 3507 1078 3563 iis
1096 3506 1643 3581 Constantinopolis
1662 3506 1937 3580 partibus
1958 3523 2097 3580 quae
2122 3511 2268 3566 Con-

613 3597 929 3655 tobabdon
969 3594 1284 3653 dicebatur
1329 3594 1756 3653 detestandum
1786 3595 2101 3670 quoddam
2132 3612 2271 3655 con-

615 3688 783 3745 clave
802 3685 1112 3743 habebant
1133 3700 1329 3758 eoque
1365 3683 1406 3741 ii
1433 3684 1539 3757 qui
1566 3683 1705 3741 talia
1733 3684 2089 3749 sentiebant.
2123 3685 2271 3743 sole-

612 3774 763 3834 bant
781 3774 1119 3833 convenire.
1144 3773 1257 3840 Qui
1276 3788 1417 3830 vero
1438 3772 1795 3830 dicebantur
1816 3774 2271 3833 Contobabditte

617 3872 673 3923 et
703 3865 807 3939 qui
846 3863 1223 3921 vocabantur
1264 3868 1567 3933 Agnoetae,
1615 3862 1789 3934 prius
1823 3863 2070 3935 quidem
2096 3879 2273 3922 voca-

616 3955 840 4011 bantur
887 3951 1288 4010 Theodosiani
1334 3955 1400 4009 ut
1446 3950 1845 4008 Theodosium
1897 3951 2272 4009 Alexandriae

618 4045 972 4118 episcopum
1000 4042 1374 4116 recipientes.
1413 4040 1811 4097 Anathemate
1840 4048 2040 4098 autem
2065 4041 2143 4098 ab
2169 4040 2270 4098 illo

617 4134 914 4208 percussi,
929 4135 1212 4203 Agnoetze
1236 4130 1482 4205 quidem
1498 4135 1741 4204 propter
1758 4131 2113 4202 ignorantiae
2132 4131 2273 4189 dor-

621 4224 861 4289 trinam,
895 4220 1472 4294 Contobabditreque
1503 4236 1572 4277 eo
1602 4220 1767 4293 quod
1793 4236 1915 4277 non
1941 4221 2276 4293 reciperett

620 4311 695 4368 de
720 4314 923 4368 sancta
965 4309 1245 4366 Trinitate
1274 4309 1611 4365 doctrinam
1642 4309 1720 4365 ab
1757 4309 1890 4382 ipso
1920 4311 2269 4383 repositam,

620 4402 904 4472 deinceps
923 4414 1047 4456 non
1070 4399 1200 4470 jam
1223 4398 1619 4456 Theodosiani
1648 4403 1943 4455 vocantur
1965 4416 2000 4456 a
2023 4399 2148 4456 suis
2169 4399 2272 4457 ad-

2376 3242 2710 3315 τοϐαϐδῑται,
2764 3248 2813 3299 οἱ
2866 3245 3095 3318 λέγοντες
3139 3246 3228 3299 ἕνα
3274 3249 3404 3300 Θιόν
3456 3242 3585 3299 εἶναι
3626 3252 3699 3317 τῷ
3750 3243 3985 3318 ἀριθμῷ,

2377 3341 2468 3390 καὶ
2513 3335 2643 3409 οὐχὶ
2697 3343 2760 3408 τῇ
2808 3332 3191 3407 ἀπαραλλάκτῳ
3246 3334 3469 3407 ἰσότητι,
3531 3339 3622 3388 καὶ
3673 3337 3759 3387 τόν
3824 3333 3987 3387 αὐτόν

2378 3429 2587 3500 Πατέρα
2632 3424 2725 3477 καὶ
2774 3426 2894 3478 Υἱόν
2941 3428 3032 3477 καὶ
3087 3423 3236 3496 ἅγιον
3295 3431 3505 3498 Πνεῦμα
3557 3427 3863 3497 φάσκοντες,
3915 3425 3988 3476 οἶ-

2378 3533 2507 3577 τινες
2570 3509 2988 3568 Κοντοϐαϐδῑται
3053 3513 3439 3586 ὠνομάσθησαν
3509 3514 3610 3567 ὑπὸ
3673 3521 3773 3567 τῶν
3834 3511 3988 3565 ἐναν-

2378 3608 2501 3657 τίων
2540 3603 2730 3673 αὗτῶν,
2773 3599 2867 3656 διὰ
2910 3605 2967 3656 τό
3008 3600 3059 3655 ἐν
3114 3610 3225 3665 τοῖς
3274 3602 3566 3677 λεγομένοις
3615 3598 3989 3656 Κοντοϐάϐδου

2380 3692 2429 3746 ἓν
2497 3692 3036 3746 Κωνσταντινουπόλει
3100 3694 3242 3764 ἰχιιν
3305 3711 3359 3745 τι
3420 3695 3657 3766 μυσαρὸν
3720 3698 3991 3751 συνακτή-

2379 3801 2512 3856 ριον,
2578 3779 2728 3833 κάκεῖ
2794 3781 3117 3853 συνάγεσθαι
3180 3783 3298 3841 τοὺς
3360 3783 3427 3833 τὰ
3472 3788 3687 3833 τοιαῦτα
3734 3789 3989 3855 φρονοῦν-

2380 3890 2491 3932 τας.
2547 3870 2709 3923 Οὗτοι
2767 3866 2826 3923 δὲ
2874 3870 2924 3923 οἰ
2976 3869 3238 3943 λεγόμενοι
3292 3866 3726 3937 Κοντοϐαϐδῖται,
3782 3871 3831 3921 οἱ
3902 3874 3990 3921 καὶ

2380 3960 2688 4032 καλούμενόι
2746 3958 3046 4031 Ἀγνοῆται,
3116 3968 3320 4034 πρῶτον
3374 3962 3466 4032 μὶν
3517 3957 3790 4011 ἕκαλοῦντο
3850 3967 3987 4013 Θεο-

2862 4045 3148 4102 Θεοδόσιον
3225 4044 3506 4120 δεχόμενοι
3568 4052 3655 4101 τόν
3714 4051 3988 4122 γενόμενον

3141 4135 3628 4210 ἂναθεματισθέντες
3712 4134 3771 4190 δὲ
3866 4152 3990 4213 παρ’

2384 4045 2623 4101 δοσιανοὶ
2648 4092 2663 4118 ,
2726 4051 2796 4110 ὡς

2382 4140 2558 4191 πάπαν
2634 4133 3043 4213 Ἀλεξανδρείας·

2383 4227 2543 4280 αὐτοῦ
2574 4227 2622 4279 οἱ
2647 4229 2735 4299 μὲν
2796 4224 3075 4298 Ἀγνοῆται
3124 4219 3218 4278 διὰ
3267 4228 3326 4278 τὸ
3354 4221 3529 4298 δόγμα
3556 4234 3647 4287 τῆς
3674 4224 3907 4298 ἀγνοίας,
3941 4228 3989 4278 οί

2384 4313 2443 4369 δὲ
2489 4312 2905 4369 Κοντοϐαϐδίται
2952 4311 3047 4368 διὰ
3100 4318 3159 4367 τό
3206 4318 3278 4387 μὴ
3328 4310 3583 4377 δέξασθαι
3629 4318 3717 4368 τόν
3745 4320 3870 4388 περὶ
3896 4320 3989 4378 τὴς

2381 4405 2535 4479 ἁγίας
2586 4402 2813 4480 Τριάδος
2862 4409 3031 4477 Λόγον
3081 4408 3170 4457 τόν
3217 4402 3305 4456 ὑπ’
3361 4403 3521 4456 αὐτόν
3554 4403 3839 4474 ἐκτεθέντα,
3882 4404 3992 4458 λοκ

605 4488 922 4558 .vcrsariis,
953 4503 1029 4544 ex
1076 4504 1200 4561 quo
1247 4502 1371 4544 non
1416 4486 1711 4559 recipiunt
1753 4488 2175 4557 Theodosium,
2208 4493 2272 4547 ut

2385 4500 2478 4549 πὸν
2529 4495 2701 4548 οὐκέτι
2745 4491 3091 4548 Θεοδοσιανοὶ
3145 4492 3424 4547 καλοῦνται
3479 4495 3580 4546 ὑπὸ
3602 4503 3701 4546 τῶν
3744 4492 3988 4548 ἐναντίων

619 4579 847 4635 dictum
878 4580 983 4632 est.
1030 4576 1144 4634 Sed
1174 4575 1271 4632 alii
1295 4591 1368 4631 ex
1397 4574 1671 4632 doctrina
1703 4591 1813 4632 sua
1842 4581 2144 4647 Agnoetaz,
2171 4577 2270 4634 alii

621 4683 691 4724 eo
719 4666 855 4724 loco
894 4663 1366 4724 Contobabditze.
1400 4667 1467 4721 Et
1503 4665 1878 4721 concordant
1922 4665 2171 4737 quidem
2210 4666 2274 4723 in

620 4756 746 4812 suis
777 4754 852 4812 de
883 4758 1049 4812 Patre
1074 4758 1132 4810 et
1160 4753 1299 4810 Filio
1320 4757 1376 4811 et
1416 4753 1635 4826 Spiritu
1665 4759 1875 4811 saneto
1901 4771 2178 4813 sermone
2211 4761 2275 4814 ut

621 4860 808 4902 unum
847 4844 1184 4901 doctrinam
1226 4848 1517 4912 tenentes,
1560 4843 1906 4916 discrepant
1957 4861 2121 4915 vero,
2164 4862 2272 4919 per

617 4935 973 5007 ignorantiae
1003 4933 1364 4990 doctrinam.
1388 4934 1797 5006 Severumque
1816 4934 2112 5006 recipiunt
2131 4936 2270 4993 utri-

616 5040 757 5097 que,
789 5023 1118 5081 Antiochiae
1140 5022 1369 5080 factum
1396 5022 1775 5096 episcopum,
1809 5029 2184 5098 quapropter
2211 5030 2269 5084 et

616 5115 889 5174 Severitw
912 5113 1209 5171 nominati
1234 5116 1394 5170 sunt.

686 5312 770 5371 tl.
810 5311 922 5371 Alii
967 5312 1262 5385 Severitze,
1303 5310 1701 5371 Theodosiani
1758 5318 1816 5373 et
1861 5315 2259 5389 Paulianistze,

608 5404 712 5478 qui
735 5403 1053 5476 praedictos
1072 5404 1353 5461 Severum
1372 5407 1431 5460 et
1453 5402 1943 5463 Theodosianum
1960 5407 2264 5479 accipiunt

610 5500 831 5551 etcum
874 5490 985 5549 illis
1023 5493 1276 5551 Paulum
1323 5491 1617 5551 Melanum
1661 5496 2023 5566 cognomine
2057 5498 2160 5571 qui
2200 5498 2260 5554 in

607 5601 720 5641 sua
756 5583 831 5640 de
872 5586 1040 5640 Patre
1085 5587 1142 5641 et
1191 5583 1331 5641 Filio
1362 5586 1421 5640 et
1468 5583 1689 5657 Spiritu
1732 5590 1940 5643 sancto
1984 5587 2258 5645 doctrina

602 5692 743 5732 cum
765 5671 1215 5733 Contobabditis
1238 5672 1665 5745 consentirent,
1689 5674 2032 5750 discrepant
2051 5680 2255 5737 autem

2383 4585 2569 4652 αὐτῶν,
2627 4580 2809 4643 ἐπειδὴ
2868 4583 2927 4636 οὐ
2974 4580 3222 4657 δέχονται
3269 4585 3345 4635 ἔτι
3393 4579 3701 4649 Θεοδόσιον,
3743 4584 3811 4645 ὡς
3834 4586 3986 4659 εἰρη-

2382 4692 2491 4746 ται,
2537 4673 2642 4726 ἀλλ’
2692 4674 2742 4727 οἰ
2796 4676 2885 4746 μὲν
2947 4672 3003 4725 ἐκ
3066 4680 3159 4726 τοῦ
3208 4669 3471 4746 δόγματος
3518 4671 3899 4745 Ἀγνοῆται,οἰ
3930 4672 3987 4728 δι

2382 4762 2437 4816 ίκ
2484 4770 2575 4816 τοῦ
2622 4768 2806 4832 τόπου,
2859 4758 3292 4816 Κοντοϐαϐδίται·
3349 4767 3440 4815 καὶ
3503 4769 3844 4835 συμφωνοῦσι
3896 4766 3985 4836 μὶν

2380 4852 2612 4922 ἀλληλοι;
2681 4854 2914 4927 ἑκάτεροι
2978 4853 3049 4914 εὶς
3100 4855 3183 4905 τόν
3236 4856 3355 4925 περὶ
3385 4855 3595 4927 Πατρός
3621 4856 3711 4905 καὶ
3736 4854 3864 4904 Υἱοῦ
3896 4858 3986 4905 καὶ

2381 4941 2533 5015 ἁγίου
2584 4946 2879 5016 Πνεῦματος
2921 4941 3093 5014 λόγον,
3136 4941 3202 5004 ὠς
3260 4939 3309 4994 ἓν
3366 4937 3542 5014 δόγμα
3584 4944 3811 5014 ἔχοντες,
3856 4939 3895 4995 δ
3900 4962 3985 4994 ια-

2377 5038 2607 5102 φωνοῦσι
2641 5027 2700 5084 δὶ
2730 5035 2801 5093 εὶς
2829 5032 2886 5083 τό
2916 5034 3035 5104 περὶ
3076 5038 3173 5091 τῆς
3204 5027 3416 5101 ἀγνοίας
3448 5025 3646 5102 δόγμαο
3676 5027 3801 5089 Σεϐἧ
3809 5049 3900 5105 ρον
3925 5026 3985 5083 δὲ

2377 5117 2627 5193 δέχονται
2714 5116 2773 5174 δε
2858 5120 3091 5193 ἑκάτεροι
3165 5122 3255 5172 τόν
3325 5122 3592 5192 γενόμενον
3656 5119 3985 5193 ’Δντιοχείας

2374 5208 2679 5264 ἐπίσκοπον
2711 5206 2747 5263 δ
2753 5212 2799 5263 ιό
2828 5214 2920 5263 καὶ
2950 5207 3224 5283 Σεϐηρίται
3253 5209 3653 5282 ἁνομάσθησαν.

2448 5319 2518 5371 ια’
2580 5317 2762 5371 ’Ἄλλοι
2816 5316 3114 5393 Σεϐηρῖται,
3190 5317 3240 5369 οἱ
3319 5319 3410 5369 καὶ
3471 5311 3816 5370 Θεοδοσιανοὶ
3892 5320 3983 5371 καὶ

2372 5407 2775 5480 Παυλιανισταὶ,
2819 5410 2868 5461 οἱ
2926 5404 3204 5480 δεχόμενοι
3258 5404 3481 5481 Σεϐῆρον
3539 5410 3629 5459 καὶ
3687 5402 3979 5459 Θεοδόσιον

2368 5501 2490 5560 τοὺς
2518 5497 2837 5571 εἰρημένους,
2891 5501 2981 5550 καὶ
3032 5500 3125 5549 σὺν
3177 5496 3351 5558 αὐτοῖς
3406 5495 3608 5549 Παῦλον
3645 5497 3730 5547 τόν
3760 5492 3978 5553 ἐπίκλην

2368 5588 2618 5659 Μελανὸν,
2688 5588 2874 5649 οἵτινες
2927 5585 2974 5638 ἐν
3025 5589 3115 5660 μὲν
3169 5594 3242 5658 τῷ
3298 5588 3416 5661 περὶ
3472 5587 3677 5660 Πατρός
3714 5589 3807 5638 καὶ
3848 5584 3975 5639 Υἰοῡ

2364 5682 2456 5733 καὶ
2530 5678 2688 5750 ἁγιου
2771 5679 3069 5750 Πνεῦματος
3149 5672 3382 5749 δόγματι
3455 5680 3799 5751 συμφωνοῦσι
3859 5682 3973 5738 τοῖς
