4040 6318
112 352 181 410 49
1492 349 1845 407 THESAUBI
1888 351 2014 406 LIB.
2057 350 2144 408 IX.
3431 358 3500 413 50

116 473 589 543 Κοντοϐαϐδίταις,
649 471 978 548 διαφωνοῦσι
1026 472 1086 529 δέ
1130 478 1255 551 πρὸς
1312 474 1529 535 ἐκείνους
1563 473 1614 526 ἐν
1661 482 1719 545 τᾷ

1845 474 1923 530 ab
1947 474 2171 547 iis.ipsi
2198 476 2443 548 quidem
2470 476 2827 549 recipientes
2852 473 3253 533 Theodosium
3271 479 3328 533 et
3354 479 3500 533 Pau-

114 573 231 629 τοῦς
251 570 346 638 μὲν
370 563 641 638 δέχεσθαι
654 562 944 619 Θεοδόσιον
965 569 1054 617 καὶ
1074 564 1276 618 Παῦλον
1298 563 1369 627 ίις
1390 564 1728 629 ἐπισκόπους,

113 664 229 719 τοῦς
260 654 323 709 δέ
349 651 786 718 Κοντοϐαϐδίτας
812 653 1128 730 ἀμφοτέρους
1146 653 1529 707 ἀποϐάλλεσθαι
1555 668 1569 685 ⁸
1586 653 1732 706 ἄλλοι

111 745 417 819 Σεϐπρῖται,
490 745 542 797 οἱ
597 749 691 797 καὶ
738 740 1085 797 Θεοδοσιανοὶ
1123 749 1214 797 καὶ
1276 743 1590 815 Ἀγγελῖται,
1640 747 1730 796 καὶ

110 840 495 907 Σαμιανισταὶ,
527 836 579 887 οἱ
605 831 889 906 δεχόμενοι
915 832 1131 909 Σεϐῆρον
1161 838 1251 886 καί
1289 829 1573 887 Θεοδόσιον
1610 836 1731 893 τοὺς

110 927 592 998 μνημονευθέντας,
614 928 705 977 καὶ
735 926 991 996 Δαμιανόν
1015 926 1107 976 σὺν
1130 923 1323 990 αὐτοῖς,
1348 924 1533 986 οἵτινες
1551 922 1729 995 λέγου-

109 1033 191 1066 σιν
217 1014 381 1066 οὖλον
413 1017 508 1086 μὶν
534 1010 666 1066 εἶναι
688 1015 776 1065 τόν
810 1015 1032 1087 Πατέρα,
1062 1017 1154 1064 καὶ
1185 1012 1335 1064 ἄλλον
1364 1016 1451 1065 τόν
1480 1015 1619 1077 Υἱόν,
1639 1016 1730 1065 καὶ

106 1104 254 1155 οὖλον
296 1108 364 1155 τὸ
416 1101 761 1177 Παρςίκλητον
802 1108 1010 1173 Πνεῦμα
1048 1107 1136 1154 καὶ
1174 1102 1343 1173 ἅγιον,
1387 1105 1457 1174 μὴ
1502 1100 1629 1154 εἶναι
1669 1098 1729 1154 6‘:

104 1197 299 1245 τοῦτων
338 1194 567 1246 ἕκαστον
606 1192 726 1243 καθ’
770 1191 987 1252 ἑαυτοὺς
1023 1193 1199 1263 φύσιν,
1241 1190 1349 1242 ἀλλ’
1390 1194 1529 1263 ἔχειν
1558 1194 1728 1243 κοινόν

105 1286 251 1348 Θεὸν,
284 1286 465 1353 ἤγουν
500 1283 721 1339 ϐιότητα
750 1279 1083 1353 ὲνῦπαρκτον,
1114 1286 1204 1332 καὶ
1242 1285 1437 1343 ταύτης
1476 1284 1726 1353 μετέχον-

102 1391 185 1432 τας
222 1371 563 1446 ἀςκερίστως,
610 1370 738 1423 εἴναι
786 1372 915 1421 Θεὸν
971 1371 1186 1421 ἕκαστον
1225 1391 1237 1403 ·
1279 1369 1497 1421 καλοῦσι
1542 1366 1600 1422 δὲ
1640 1373 1726 1422 τόν

102 1465 189 1531 μὲν
236 1462 465 1532 Πατέρα
512 1463 605 1510 καὶ
642 1462 729 1510 τὸν
775 1460 896 1508 Υἱόν
942 1463 1033 1508 καὶ
1076 1462 1135 1509 τό
1169 1458 1315 1529 ἅγιον
1358 1465 1565 1530 Πνεῦμα
1598 1462 1725 1530 μίαν

102 1551 409 1601 ὑπόστασιν
450 1551 540 1601 τόν
569 1543 629 1600 δὲ
656 1549 827 1598 κοινόν
857 1546 1024 1597 αὐτῶν
1055 1550 1177 1599 Θεὸν
1209 1546 1394 1599 οὐσίαν
1424 1552 1513 1598 καὶ
1545 1550 1719 1618 φύσιν·

102 1637 409 1709 Ἀγγελῖταε
453 1634 516 1689 δὲ
555 1635 849 1695 ἐκλήθησαν
889 1637 988 1687 ὑπὸ
1030 1644 1130 1687 τῶν
1176 1634 1411 1688 ἐναντίων
1457 1637 1621 1687 αὐτῶν
1668 1639 1725 1687 ἔκ

102 1746 235 1787 τινος
288 1731 465 1779 τόπου
507 1728 642 1778 οὕτω
687 1726 1004 1799 καλουμένου
1044 1724 1091 1777 ἐν
1150 1721 1531 1799 Ἀλεξανδρείᾳ,
1578 1723 1625 1776 ἓν

1842 562 1970 619 lum
1999 569 2062 619 ut
2105 566 2446 637 episcopos,
2480 564 2937 622 Contobabditis
2971 581 3112 620 vero
3162 571 3490 638 utrumque

1842 652 2252 723 rejicientibus
2279 670 2292 709 :
2326 653 2423 710 alii
2456 654 2751 723 Severitze,
2786 654 3186 711 Thcodosiani
3216 659 3273 709 et
3301 658 3497 724 Ange-

1841 740 1957 796 litue
1999 747 2055 798 et
2106 743 2528 812 Damianistte,
2571 743 2675 816 qui
2722 748 3092 799 memoratos
3124 744 3407 799 Severum
3439 750 3497 799 et

1841 831 2331 888 Theodosiauum
2363 832 2680 905 acoipiunt,
2711 848 2848 889 cum
2878 833 2948 888 iis
2976 833 3358 901 Damianum,
3390 821 3496 905 qui

1841 921 2051 977 dicunt
2070 921 2253 978 alium
2276 922 2522 996 quidem
2556 939 2691 978 esse
2722 925 2974 990 Patrem,
3000 928 3058 979 et
3078 923 3262 980 alium
3283 923 3493 980 Filium

1841 1015 1898 1067 et
1948 1011 2134 1067 alium
2182 1011 2553 1069 Paracletum
2598 1016 2873 1067 sanctum
2924 1012 3249 1085 Spiritum,
3295 1028 3494 1085 neque

1841 1116 1970 1157 esse
2001 1117 2499 1174 unumquemque
2543 1116 2751 1157 eorum
2800 1117 2907 1174 per
2937 1117 2999 1157 se
3044 1107 3349 1172 naturam,
3382 1101 3490 1158 sed

1839 1190 2061 1247 habere
2118 1204 2504 1245 communem
2561 1192 2769 1256 Deum,
2818 1204 3038 1262 nempe
3094 1188 3377 1247 deitatem
3428 1191 3490 1246 in

1838 1277 1984 1351 ipsis
2021 1283 2385 1343 contentam,
2430 1279 2683 1352 ejusque
2717 1293 2840 1334 non
2876 1279 3204 1350 separatim
3248 1280 3488 1351 partici-

1839 1383 1977 1441 pem
2006 1367 2091 1422 sic
2121 1383 2248 1423 esse
2275 1383 2581 1440 quemque
2616 1370 2801 1423 Deum
2831 1384 2844 1421 :
2887 1372 3107 1423 vocant
3142 1373 3343 1424 autem
3382 1370 3487 1424 l’a-

1838 1464 1989 1513 trem
2019 1462 2076 1513 et
2106 1456 2313 1513 Filium
2349 1461 2406 1513 et
2444 1457 2727 1529 Spiritum
2765 1461 3043 1513 sanctum
3090 1458 3331 1513 unicam
3358 1473 3489 1529 per-

1836 1562 2050 1602 sonam
2071 1560 2483 1611 ;communcm
2509 1550 2709 1600 autem
2723 1560 2933 1601 eorum
2955 1548 3140 1601 Deum
3161 1546 3483 1602 essentiam

1837 1641 1894 1691 et
1923 1640 2221 1691 naturam.
2244 1633 2526 1705 Angelita:
2555 1640 2757 1689 autem
2789 1635 2979 1690 vocati
3018 1639 3157 1690 sunt
3181 1650 3216 1690 a
3242 1632 3363 1689 suis
3386 1635 3487 1690 ml—

1837 1724 2112 1779 versariis
2152 1739 2221 1779 ex
2249 1723 2517 1795 quodam
2539 1722 2671 1778 loco
2696 1722 3063 1778 Alexandriae
3104 1724 3189 1779 sic
3214 1723 3390 1792 dicto,
3424 1725 3483 1778 in

102 1821 468 1890 σννακτήριον
519 1815 728 1886 ἔχοντες
768 1817 817 1867 οἱ
870 1817 934 1867 τὰ
975 1822 1157 1887 πρῶτα
1196 1812 1243 1865 ἓν
1286 1814 1462 1875 αὐτοῖς
1495 1818 1719 1888 φέροντες

1836 1829 1958 1885 quo
1988 1813 2268 1869 conclave
2297 1811 2591 1868 habentes
2612 1811 2717 1884 qui
2749 1812 2943 1884 prima
2964 1812 3299 1886 interipsos
3326 1817 3486 1869 tenu-

105 1909 457 1975 σ’ννοίγονταισ
491 1905 712 1957 καλοῦσι
752 1902 812 1957 δὲ
855 1904 1039 1964 αὐτοὺς
1078 1905 1127 1956 οἱ
1165 1902 1383 1955 ἐναντίοι
1422 1903 1590 1955 αὐτῶν
1630 1910 1724 1955 Σα·

102 1993 474 2054 ϐελλιανιστὰς
510 1999 603 2046 καὶ
631 1989 950 2068 Τετραδίτας
973 2011 984 2022 ·

1832 1902 1998 1968 bant,
2034 1902 2354 1958 convenire
2385 1901 2679 1958 solebant.

1032 1995 1081 2046 οἱ
1119 1993 1268 2045 αὐτοὶ
1301 1990 1360 2045 δε
1397 1996 1484 2044 καὶ
1532 1996 1879 2064 Δαμιανισταὶ
1927 1992 2311 2064 ὠνομάσθησαν
2351 1989 2452 2043 ἀπὸ
2492 1998 2752 2063 Δαμιανοῦ
2781 1990 3070 2044 ἐπισκόπου
3096 1991 3285 2045 αὐτῶν.
3315 1988 3480 2046 Οὗτοι

100 2090 359 2159 πρότερον
406 2088 502 2156 μὲν
542 2081 788 2155 ἐδέχοντο
818 2087 905 2136 τόν
934 2085 1350 2155 μνημονενθέντα
1379 2082 1577 2134 Παῦλον
1618 2082 1685 2143 εἰς
1715 2080 2017 2148 ἐπίσκοπον,
2047 2083 2263 2154 ὕστερον
2296 2077 2354 2133 δι
2382 2088 2560 2133 τοῦτον
2586 2079 2921 2145 ἁπεϐςίλοντο,
2958 2077 3053 2133 διὰ
3077 2083 3137 2134 τὸ
3166 2090 3379 2143 κοινωνῆ
3391 2101 3481 2136 σκι

98 2175 257 2226 αὐτόν
289 2183 360 2247 τῇ
388 2173 519 2246 ἁγίᾳ
543 2173 793 2245 καθολικῇ
835 2178 924 2225 καὶ
956 2171 1276 2244 ἀποστολικῇ
1315 2170 1624 2243 Ἐκκλησία,
1658 2176 1745 2225 καὶ
1774 2169 2028 2234 δέξασθαι
2057 2174 2151 2229 τὴν
2187 2169 2339 2242 ἁγίαν
2365 2170 2413 2223 ἐν
2444 2166 2748 2229 Χαλκηδόνι
2781 2167 3020 2223 σύνοδον.

166 2280 267 2354 ιβ’,
326 2280 518 2335 Ἀλλοι
574 2279 873 2353 Σεϐπρίται,
916 2283 1077 2350 ἤγουν
1120 2274 1490 2347 Θεοδοσιανοὶ,
1532 2282 1581 2331 οἱ
1636 2284 1726 2331 καὶ

98 2376 377 2444 Πετρῖτοει,
406 2372 459 2423 οἱ
490 2367 769 2442 δεχόμενοι
798 2373 886 2422 τόν
925 2371 1153 2440 ἔσχατον
1182 2372 1372 2441 Πέτρον
1404 2367 1476 2430 εἰς
1504 2366 1724 2421 ἐπίσκο-

98 2479 208 2530 πον,
263 2464 483 2525 οἵτινες,
533 2455 813 2532 δεχόμενοι
859 2454 1148 2511 Θεοδόσιον
1204 2461 1295 2509 καὶ
1357 2456 1578 2530 Σεϐῆρον
1634 2461 1725 2510 καὶ

98 2553 315 2625 Πέτρον,
378 2551 638 2621 Δαμιανόν
702 2548 763 2600 οῦ
836 2544 1251 2623 προσδέχονται,
1310 2542 1434 2599 οῦδε
1499 2546 1722 2617 Παῦλον,

96 2638 410 2711 αἰτιώμενοι
430 2640 500 2689 τὰ
525 2635 771 2709 δόγματα
799 2636 1050 2711 ἑκατέρων
1075 2652 1089 2667 ·
1121 2634 1438 2708 ὁμολογοῦσι
1462 2638 1564 2708 γὰρ
1593 2638 1723 2688 Θεὸν

94 2730 231 2779 κατὰ
268 2726 554 2796 ἀλήθειαν,
600 2731 691 2778 καὶ
736 2725 942 2793 οὐσίαν,
987 2729 1080 2778 καὶ
1127 2727 1302 2796 φύσιν,
1353 2725 1572 2777 ἕκαστον
1603 2724 1721 2778 καθ’

96 2816 302 2881 ἑαυτὸν,
337 2818 435 2868 τόν
464 2820 675 2887 Πατέρα
715 2819 807 2867 καὶ
836 2818 924 2868 τόν
958 2814 1078 2867 Υἰόν
1107 2818 1197 2866 καὶ
1235 2817 1292 2866 τό
1331 2813 1480 2886 ἅγιον
1514 2820 1724 2886 Πνεῦμα

93 2905 355 2976 ὶίγοντες,
390 2904 491 2957 οῦκ
517 2902 744 2980 ἀριθμῷ,
772 2902 902 2956 ἀλλὰ
1009 2902 1390 2977 ἁπαραλλοὲιτῳ
1419 2903 1717 2962 οῦσιότητι’

93 2995 177 3056 οῦς
209 2998 262 3048 οἱ
294 2994 695 3066 Ἀγγελιανῖται
733 2995 846 3064 (ita
883 2993 1050 3063 cod.)
1102 2996 1192 3045 καὶ
1238 2993 1289 3046 οἱ
1338 2992 1720 3047 Πανλιανισταὶ

90 3086 379 3157 τριοείτας
430 3083 776 3155 ὀνομζουσι·
825 3087 916 3137 καὶ
970 3078 1114 3136 οὗτοι
1160 3081 1315 3135 πάλιν
1344 3080 1569 3145 ἐκείνους
1596 3085 1719 3136 ποτε

91 3178 179 3244 μὲν
208 3172 677 3239 Σαϐελλιανιστὰς,
700 3169 914 3241 ποτέξδὶ
936 3168 1261 3248 Τιτραδίτας
1287 3188 1301 3201 ·
1333 3171 1480 3225 ἄλλοι
1510 3170 1720 3246 Σεϐηρῖ-

91 3283 196 3334 ται,
224 3266 405 3335 ξγουν
424 3258 791 3332 Θεοδοσιανοὶ,
822 3264 872 3315 οἱ
900 3267 991 3316 καὶ
1025 3268 1327 3329 Κονωνῖται,
1354 3264 1404 3315 οἱ
1438 3258 1720 3335 δεχόμενοι

1913 2281 1999 2335 12.
2039 2277 2145 2332 Alii
2166 2277 2463 2342 Severitte,
2496 2292 2715 2349 nempe
2745 2276 3144 2334 Theodosiani
3170 2277 3273 2350 qui
3303 2283 3361 2335 et
3387 2278 3488 2333 Pe-

1834 2367 2003 2433 tritaa,
2036 2366 2396 2438 accipientes
2433 2364 2711 2421 ultimum
2740 2366 2980 2422 Petrum
3009 2371 3075 2422 ut
3104 2366 3484 2439 episcopum,

1834 2458 1939 2531 qui
1967 2455 2372 2512 Theodosium
2403 2460 2462 2513 et
2499 2454 2790 2511 Severum
2838 2459 2897 2512 et
2934 2458 3168 2513 Petrum
3194 2457 3491 2530 accipien-

1835 2549 1939 2613 tes,
1994 2544 2353 2601 Damianum
2410 2559 2535 2602 non
2596 2544 2900 2614 accipiunt
2945 2560 3145 2619 neque
3188 2545 3439 2603 Paulum
3470 2589 3486 2608 .

1832 2632 2149 2706 utriusque
2174 2633 2465 2703 dogmata
2484 2632 2894 2692 criminantes.
2926 2633 3296 2692 Conﬁtentur
3323 2635 3487 2691 enim

1833 2724 2020 2778 Deum
2058 2723 2123 2779 in
2169 2724 2418 2780 veritate
2471 2727 2530 2780 et
2580 2723 2845 2781 essentia
2898 2727 2958 2780 et
2997 2728 3235 2792 natura,
3271 2740 3489 2780 unum-

1830 2825 2138 2883 quemque
2163 2826 2271 2884 per
2296 2811 2588 2883 seipsum,
2624 2812 2856 2868 Patrem
2885 2814 2944 2868 et
2974 2811 3183 2868 Filium
3212 2817 3271 2869 et
3300 2813 3486 2886 Spiri-

1830 2903 1960 2956 tum
1981 2905 2260 2957 sanctum
2281 2899 2569 2969 dicentes,
2584 2915 2706 2957 non
2722 2916 3002 2964 numero,
3024 2900 3127 2957 sed
3150 2915 3258 2974 per
3281 2904 3489 2960 omnia

1832 2989 2012 3046 simili
2037 2993 2282 3058 natura;
2297 3005 2455 3063 quos
2482 2989 2868 3061 Angelianitte
2889 2994 2945 3047 et
2970 2989 3350 3047 Paulianistae
3370 2992 3491 3048 Tri-

1830 3079 2044 3135 theites
2072 3078 2410 3147 nominant,
2443 3083 2625 3153 atque
2655 3079 2735 3135 illi
2773 3094 3018 3135 rursum
3051 3094 3158 3135 eos
3196 3094 3359 3135 nunc
3388 3082 3489 3135 Sa-

1825 3166 2218 3238 bellianistas,
2244 3181 2407 3224 nunc
2448 3167 2805 3224 Tetraditas.
2837 3166 2949 3223 Alii
2991 3167 3284 3234 Severites,
3316 3182 3486 3225 nem-

1826 3273 1903 3331 pe
1930 3257 2332 3315 Theodosiani
2359 3256 2464 3331 qui
2496 3261 2554 3313 et
2569 3258 2897 3329 Cononitaa,
2915 3257 3268 3331 recipientes
3297 3258 3485 3316 Theo-

92 3350 392 3407 Θεοδόσιον
420 3356 516 3405 καὶ
539 3349 782 3426 Σεϐἤρον,
808 3354 901 3403 καὶ
932 3354 1025 3405 σὺν
1054 3350 1234 3413 αὐτοῖς
1271 3355 1483 3405 Κόνωνα
1508 3350 1719 3405 ἐπισκο-

1831 3328 2067 3404 dosium
2095 3351 2155 3404 et
2184 3328 2464 3405 Severum
2481 3350 2538 3404 et
2556 3360 2696 3402 cum
2712 3346 2783 3403 iis
2803 3328 3108 3404 Cononem
3130 3346 3483 3422 episcopum

91 3462 181 3495 τον
208 3460 224 3474 ⁶
280 3442 478 3503 οἵτινες
526 3446 618 3494 καὶ
680 3441 832 3494 αὐτοὶ
872 3440 1190 3514 ὁμολογοῦσι
1242 3445 1371 3495 Θεὸν
1410 3441 1540 3494 εἶναι
1582 3444 1719 3495 κατὰ

94 3532 360 3603 ἀλήθειαν,
407 3535 504 3583 καὶ
550 3532 728 3602 φύσιν,
755 3534 846 3583 καὶ
875 3530 1057 3583 οὐσίαν
1092 3533 1330 3598 ἕκαστον,
1372 3534 1460 3583 τὸν
1509 3535 1718 3606 Πατέρα

90 3620 320 3693 λέγοντες
348 3625 449 3674 καὶ
486 3623 576 3672 τὸν
605 3621 724 3674 Υἱόν
766 3625 858 3673 καὶ
885 3622 943 3673 τὸ
970 3621 1120 3693 ἅγιον
1150 3627 1380 3694 Πνεῦμα,
1422 3623 1499 3674 ἔτι
1528 3640 1589 3693 γε
1611 3627 1715 3695 μήν

94 3730 215 3781 φασι
244 3714 345 3764 καὶ
378 3715 525 3784 τρεῖς
550 3710 870 3772 ὑποστάσεις
906 3713 999 3768 τὸν
1030 3708 1184 3780 ἁγίαν
1208 3705 1382 3783 Τριαδ
1386 3730 1435 3780 α,
1463 3714 1555 3763 καὶ
1595 3715 1717 3784 τρία

92 3804 379 3873 πρόσωπαο
410 3805 549 3873 τρεῖς
575 3794 638 3850 δέ
674 3817 816 3859 τινας
842 3805 916 3870 τῷ
946 3797 1152 3871 ἀριθμῷ
1194 3799 1375 3861 οὐσίας
1412 3798 1504 3851 καὶ
1533 3801 1715 3871 φύσεις

91 3892 209 3952 ἴσας
252 3886 699 3961 ἂπαραλλάκτονς
736 3889 873 3940 κατὰ
920 3891 1015 3946 τὴν
1060 3889 1281 3946 ous-mm
1327 3887 1553 3959 λέγοντες
1590 3892 1714 3962 μίαν

92 3996 140 4030 τε
174 3978 395 4045 οὐσίαν,
435 3981 604 4049 ἤγουν
633 3978 810 4050 φύσιν,
842 3981 931 4031 καὶ
959 3982 1084 4050 μίαν
1112 3979 1349 4045 emam,
1375 3982 1535 4050 ἤγουν
1557 3982 1708 4047 Θεὸν,

94 4071 183 4126 τὴν
219 4066 388 4139 ἁγίαν
421 4069 515 4118 καὶ
577 4066 861 4138 ῦμοοῦσιον
907 4062 1118 4141 Τριαδα
1167 4065 1555 4140 ὁμολογοῦντες,
1618 4066 1713 4121 οὐκ

94 4155 325 4230 ἆριθμῷ,
375 4153 515 4208 ἀλλὰ
539 4162 600 4228 τῇ
649 4152 1029 4231 ἆπαραλλοίκτῳ
1076 4158 1303 4227 θεότητι,
1342 4159 1469 4231 πρὸς
1500 4158 1647 4221 θεοὺς
1678 4156 1710 4217 ἣ

98 4248 347 4308 θεότητας
364 4245 537 4318 λέγειν
560 4252 958 4320 παραιτοῦνται.

165 4441 250 4515 ιγ’.
303 4444 416 4497 Καὶ
444 4434 597 4494 οὗτοι
635 4436 694 4494 δέ
743 4438 962 4516 Σιϐἥρον
1015 4444 1106 4494 καὶ
1148 4437 1429 4496 Θεοδόσιον
1487 4438 1711 4517 δεχόμε-

99 4550 189 4599 νοι,
242 4533 368 4586 οῦτί
408 4532 692 4603 Δαμιανόν,
733 4533 849 4584 οὔτε
895 4530 1118 4599 Παῦλον,
1161 4534 1279 4585 οὔτε
1335 4534 1423 4585 τὸν
1480 4534 1710 4605 ἔσχατον

103 4625 288 4695 Πέτρον
326 4616 620 4692 δέχονται.
675 4618 906 4673 Καλοῦσι
953 4616 1014 4674 δὲ
1055 4625 1146 4673 καὶ
1183 4622 1394 4682 τούτους
1434 4623 1484 4673 οἱ
1523 4620 1579 4674 ἰκ
1609 4628 1711 4674 Δαο

102 4718 283 4782 μιανοῦ
346 4714 444 4762 καὶ
503 4708 711 4763 Παῦλον
767 4712 1057 4785 Τριθεῖτας,
1087 4715 1179 4763 καὶ
1221 4711 1364 4764 οὗτοι
1394 4708 1454 4765 δί
1493 4710 1712 4774 ἕκείνους

104 4800 428 4873 ὀνομάζουσι
478 4802 607 4852 ποτε
664 4801 756 4872 μὶν
813 4798 1180 4863 Σαϐελλιανοὺς
1242 4805 1334 4854 καὶ
1397 4800 1710 4874 Ἀρτεμωνι-

107 4893 246 4961 στὰς,
296 4890 433 4941 ποτὶ
497 4884 560 4941 δξ
613 4884 981 4962 Τετραδίταςο
1027 4885 1332 4943 διίστανται
1376 4886 1437 4944 δὲ
1472 4895 1564 4943 καὶ
1607 4889 1709 4944 ἀπὸ

108 4984 298 5056 Πέτρον
336 4986 439 5032 τοῦ
489 4976 726 5049 ίσχάτου
767 4982 859 5030 καί
887 4987 987 5031 τῶν
1020 4981 1114 5031 σὺν
1144 4978 1285 5051 αὐτῷ
1307 4993 1323 5010 ·
1359 4975 1501 5032 διότι
1529 4977 1713 5033 ἐκεῖνοι

110 5073 193 5123 κεν
253 5069 671 5143 παραιτούμενοι
722 5074 863 5141 τρεῖς
908 5068 1071 5142 λέγειν
1129 5073 1312 5137 Θεοὺς,
1373 5069 1535 5142 ἤγουν
1603 5071 1711 5123 θεό-

108 5176 264 5221 τητις
301 5164 466 5235 τρεῖς,
519 5160 606 5209 τόν
651 5161 861 5231 Πατέρα
903 5160 1111 5211 καὶτὸν
1148 5161 1268 5212 Υἱὸν
1316 5163 1407 5212 καὶ
1453 5162 1513 5212 τὸ
1563 5160 1713 5232 ἅγιον

112 5253 333 5321 Πνεῦμα,
380 5252 765 5321 παραιτοῦνται
819 5251 909 5300 καὶ
962 5250 1021 5300 τὸ
1058 5247 1222 5320 λέγειν
1262 5253 1399 5321 τρεῖς
1452 5256 1526 5319 τῷ
1593 5247 1715 5324 ἀρι-

114 5336 218 5407 θμῷ
276 5336 463 5396 οὐσίας
512 5336 633 5396 ἴσας
664 5338 758 5387 καὶ
812 5333 1242 5411 ἀπαραλλάκτους
1287 5351 1303 5366 ’
1361 5336 1506 5389 οὗτοι
1546 5332 1605 5390 δὲ
1656 5338 1716 5388 τὸ

113 5429 196 5495 μὶν
244 5424 414 5498 λέγειν
468 5431 610 5500 τρεῖς
645 5427 828 5494 Θεοῦς,
868 5428 1031 5496 ἤγουν
1084 5426 1353 5491 θεότητας,
1394 5432 1716 5498 παραιτοῦν-

115 5532 216 5567 ται*
249 5523 389 5589 τρεῖς
425 5511 486 5567 δι
524 5522 598 5585 τῷ
637 5512 847 5589 ἀριθμῷ
883 5514 1090 5585 οὐσίας,
1139 5518 1301 5587 ἤγουν
1362 5517 1539 5588 φύσεις
1575 5516 1720 5576 τινας

117 5606 251 5671 ἴσας,
298 5603 644 5677 ὁμολογοῦσιν
672 5618 688 5635 ⁸
723 5605 775 5657 οἱ
825 5599 877 5657 δ’
918 5601 1020 5657 ἀπὸ
1080 5609 1313 5668 Κόνωνος
1347 5607 1596 5678 πρότερον
1637 5598 1720 5657 δε-

1825 3438 1933 3513 qui
1975 3442 2036 3495 et
2084 3437 2202 3511 ipsi
2250 3437 2611 3495 conﬁtentur
2653 3439 2843 3495 Deum
2886 3453 3024 3495 esse
3052 3439 3113 3495 in
3142 3439 3389 3497 veritate
3426 3445 3485 3497 et

1825 3533 2045 3586 natura
2063 3532 2123 3585 et
2138 3527 2397 3585 essentia
2417 3542 2939 3601 unumquemque,
2959 3530 3191 3586 Patrem
3215 3529 3482 3586 dicentes

1827 3621 1885 3674 et
1929 3617 2142 3675 Filium
2179 3621 2238 3675 et
2276 3616 2559 3689 Spiritum
2600 3621 2909 3685 sanctum,
2941 3616 3141 3676 adhuc
3175 3616 3385 3676 dicunt
3424 3622 3483 3675 et

1826 3711 1944 3766 tres
1969 3708 2333 3782 hypostases
2365 3711 2640 3764 sanctam
2672 3706 3018 3765 Trinitatem
3046 3712 3105 3766 et
3130 3712 3246 3765 tres
3274 3724 3479 3783 perso-

1822 3811 1955 3869 nas,
1983 3801 2104 3854 tres
2127 3812 2271 3854 vero
2300 3811 2556 3853 numero
2591 3796 2883 3853 essentias
2914 3800 2973 3854 et
3002 3801 3252 3854 naturas
3276 3814 3480 3872 aequa-

1822 3884 1909 3943 les
1938 3891 1994 3943 et
2014 3886 2347 3943 secundum
2378 3884 2753 3943 divinitatem
2779 3896 2887 3959 per
2906 3886 3113 3943 omnia
3142 3886 3367 3943 similes
3392 3886 3479 3943 di-

1823 3979 2045 4033 centes.
2071 3978 2263 4032 Unam
2299 3979 2499 4032 autem
2530 3975 2857 4031 essentiam
2904 3989 3125 4048 nempe
3162 3979 3473 4043 naturam,

1822 4070 1881 4124 et
1926 4081 2114 4123 unam
2154 4065 2551 4136 divinitatem,
2586 4079 2807 4137 nempe
2852 4063 3070 4132 Deum,
3102 4067 3373 4121 sanctam
3419 4071 3478 4122 et

1820 4153 2398 4214 consubstantialem
2445 4153 2743 4209 Trinatem
2772 4150 3146 4222 conﬁtentes,
3195 4168 3320 4210 non
3365 4169 3476 4213 nu—

1819 4260 2010 4315 mero,
2037 4244 2145 4301 sed
2170 4243 2473 4301 simillima
2504 4240 2840 4315 Divinitate,
2866 4244 2986 4299 tres
3012 4240 3160 4301 deos
3189 4247 3295 4302 aut
3319 4242 3473 4303 divi-

1818 4337 2038 4394 nitates
2066 4334 2265 4392 dicere
2285 4336 2640 4405 arguuntur.

1890 4444 1974 4500 13.
1999 4445 2189 4515 Atque
2223 4441 2261 4498 ii
2283 4442 2571 4499 Severum
2591 4443 2651 4497 et
2665 4439 3071 4499 Theodosium
3092 4441 3471 4517 recipientes,

1819 4546 2016 4605 neque
2047 4530 2411 4588 Damianum
2450 4544 2650 4603 neque
2673 4529 2947 4599 Paulum,
2970 4546 3170 4604 neque
3189 4532 3473 4591 ultimum

1820 4623 2056 4677 Petrum
2087 4619 2405 4693 recipiunt.
2440 4622 2803 4691 Nuncupant
2835 4622 3038 4676 autem
3069 4635 3173 4677 eos
3200 4622 3475 4679 Damiani

1819 4712 1876 4767 et
1904 4708 2075 4765 Pauli
2102 4708 2366 4766 fautores
2408 4706 2758 4774 Tritheitas;
2786 4712 2968 4782 atque
3003 4707 3089 4765 illi
3133 4725 3238 4766 eos
3282 4711 3476 4768 nomi-

1814 4803 1968 4857 nant
1995 4814 2158 4855 nunc
2197 4797 2448 4871 quidem
2492 4795 2864 4855 Sabellianos
2910 4801 2968 4855 et
3009 4799 3474 4870 Artemonistas,

1817 4904 1983 4945 nunc
2002 4891 2205 4945 autem
2232 4884 2583 4943 Tetraditas.
2614 4885 2682 4942 In
2712 4902 2783 4944 eo
2821 4892 3028 4945 autem
3070 4903 3108 4945 a
3140 4889 3313 4946 Petro
3340 4888 3477 4945 ulti-

1819 4994 1922 5037 mo
1965 4982 2021 5036 et
2063 4979 2197 5051 ejus
2228 4976 2566 5035 fautoribus
2612 4976 2996 5047 dissentiunt,
3028 4978 3195 5052 quod
3230 4978 3316 5035 illi
3349 4979 3483 5052 qui-

1819 5068 1960 5127 dem
1988 5071 2308 5125 renuentes
2338 5065 2536 5124 dicere
2562 5070 2681 5123 tres
2728 5066 2898 5138 deos,
2928 5082 3149 5140 nempe
3178 5070 3297 5124 tres
3335 5067 3484 5125 divi~

1819 5158 2061 5223 nitates,
2092 5158 2331 5214 Patrem
2375 5161 2432 5213 et
2484 5154 2694 5212 Filium
2739 5160 2796 5214 et
2833 5157 3116 5230 Spiritum
3163 5160 3477 5224 sanctum,

1821 5248 2105 5305 noluntet
2134 5246 2330 5302 dicere
2360 5248 2478 5301 tres
2504 5259 2759 5303 numero
2785 5246 3075 5303 essentias
3103 5246 3370 5320 aequales
3413 5264 3483 5306 ac

1822 5351 1932 5409 per
1977 5335 2187 5392 omnia
2233 5333 2498 5403 similes;
2546 5333 2585 5391 ii
2639 5340 2844 5392 autem
2885 5338 3001 5392 tres
3044 5334 3192 5393 deos
3242 5336 3481 5404 dicere;

1825 5440 2044 5498 nempe
2093 5422 2434 5480 divinitates
2490 5422 2767 5480 abnuunt
2808 5442 2822 5494 ;
2870 5428 2988 5482 tres
3039 5440 3182 5483 vero
3229 5441 3487 5482 numero

1826 5513 2140 5585 essentias,
2176 5528 2395 5586 nempe
2424 5516 2675 5570 naturas
2717 5512 3019 5587 quasdam
3049 5514 3316 5588 aequales
3352 5531 3492 5571 con-

1828 5604 2094 5663 ﬁtentur.
2123 5603 2237 5670 Qui
2284 5618 2321 5662 a
2367 5604 2609 5663 Conone
2657 5601 2803 5663 dicti
2841 5608 3004 5678 sunt,
3044 5604 3212 5679 prius
3244 5604 3493 5663 Joannis
