4040 6318
574 386 637 444 Si
1907 388 2179 443 NICETE
2227 387 2598 447 CHONIATE
3873 400 3949 452 52

572 509 960 568 Alexandrini
982 509 1359 581 grammatici
1389 526 1575 585 opera
1604 511 1978 585 recipientes,
2009 526 2231 582 cogno-

2346 517 2555 586 χόμενοι
2583 518 2647 568 τὰ
2677 518 3039 590 συγγάμματα
3076 516 3313 570 Ἰωάννου
3345 514 3718 593 Ἀλεξανδρέως
3754 540 3949 595 γραμ-

574 601 738 659 mine
761 600 1090 673 Philoponi,
1122 602 1183 657 in
1209 600 1457 670 gentiles
1488 603 1709 674 scripta
1747 618 1884 659 cum
1914 600 2043 657 aliis
2076 602 2231 674 ejus-

575 691 713 749 dem
743 691 976 763 scriptis
996 691 1323 764 ipsumque
1351 690 1597 747 demum
1630 693 1983 763 rejecerunt.
2017 697 2072 747 et
2102 692 2231 763 ejus

576 796 782 854 opera.
829 780 1155 836 Praedictus
1199 780 1361 836 enim
1401 782 1841 852 grammaticus
1882 783 2142 837 Joannes
2170 781 2232 836 in

577 870 702 925 suis
742 868 816 926 ad
847 871 1083 925 Graecos
1109 866 1277 924 libris
1307 874 1364 924 et
1384 869 1439 924 in
1475 868 1606 927 aliis
1636 869 1760 924 suis
1789 869 2233 941 seriptisdocu-

577 962 703 1017 erat
727 958 854 1013 haec
876 956 1080 1013 omnia
1107 972 1363 1030 corpora
1393 957 1702 1015 sensibilia
1731 959 2067 1013 secundum
2096 974 2232 1014 ma-

575 1045 789 1104 teriam
810 1048 866 1103 et
898 1045 1159 1101 formam
1184 1060 1257 1101 ex
1288 1044 1473 1102 nihilo
1499 1045 1578 1102 ad
1609 1046 2014 1103 exsistentiam
2048 1063 2083 1100 a
2114 1048 2234 1102 Deo

576 1134 797 1191 educta
845 1149 996 1198 esse,
1046 1133 1579 1207 corruptibiliaque
1630 1134 1760 1191 haec
1817 1151 1947 1191 esse
1994 1135 2150 1191 facta
2181 1139 2237 1191 et

574 1224 829 1282 materia
858 1227 915 1280 et
959 1223 1157 1279 forma
1194 1224 1522 1296 corrumpi,
1564 1240 1635 1280 ac
1668 1240 1778 1297 pro
1807 1224 1902 1281 his
1948 1224 2065 1281 alia
2110 1240 2235 1280 cor-

573 1328 727 1387 pora
765 1313 859 1369 his
908 1310 1247 1369 visibilibus
1282 1312 1532 1369 meliora
1569 1318 1627 1369 et
1669 1313 2144 1385 incorruptibilia
2181 1317 2240 1368 et

578 1407 802 1459 aeterna
823 1418 860 1459 a
882 1405 1001 1459 Deo
1027 1401 1290 1459 creanda
1322 1418 1453 1458 esse
1478 1421 1491 1472 ;
1524 1404 2237 1474 consummationemque

576 1492 819 1549 dicebat
865 1491 1117 1548 visibilis
1171 1492 1384 1549 mundi
1431 1493 1748 1549 transitum
1808 1509 1939 1549 esse
1991 1498 2046 1549 et
2094 1495 2239 1551 novi

578 1580 793 1637 mundi
824 1581 1304 1651 generationem;
1328 1582 1829 1653 resurrectionem
1861 1587 2062 1638 autem
2087 1597 2239 1636 mor-

575 1676 820 1725 tuorum
878 1668 1207 1726 deﬁniebat
1266 1686 1396 1726 esse
1453 1670 1839 1726 rationalium
1893 1670 2237 1726 animarum

581 1774 721 1823 cum
770 1757 1144 1832 corruptibili
1219 1775 1471 1832 corpore
1521 1760 1801 1815 unionem
1852 1758 2237 1816 indissolubi-

575 1847 716 1904 lem.

652 1975 737 2029 tt.
779 1973 991 2029 Conon
1038 1973 1217 2044 igitur
1257 1978 1314 2030 et
1363 1975 1493 2045 ejus
1523 1973 1812 2037 fautores.
1844 1978 1910 2029 ut
1947 1973 2233 2039 diximus,

575 2061 747 2133 prius
772 2061 1130 2131 accipientes
1168 2063 1387 2135 scripta
1429 2062 1492 2119 in
1541 2064 1765 2136 quibus
1805 2064 1935 2119 haec
1981 2062 2238 2119 docebat

575 2156 634 2207 et
655 2150 855 2223 ipsum
888 2151 1283 2224 Philoponum
1306 2152 1725 2224 vix-cutemque
1739 2158 1796 2208 et
1825 2159 1961 2224 post
1980 2158 2234 2208 mortem

573 2239 1011 2306 beatiﬁcantes,
1042 2241 1286 2297 tandem
1319 2241 1520 2313 ipsum
1552 2240 1720 2297 illum
1758 2247 1814 2297 et
1851 2241 1984 2310 ejus
2015 2241 2236 2313 scripta

575 2328 910 2400 rejecerunt
956 2345 971 2397 ;
1021 2345 1455 2402 sermonesque
1502 2332 1757 2402 scriptos
1805 2330 2121 2385 ediderunt
2175 2331 2235 2386 in

576 2417 801 2492 quibus
827 2418 1038 2476 dicunt
1067 2435 1326 2492 corpora
1361 2419 1493 2476 haec
1534 2420 1846 2476 sensibilia
1875 2436 1946 2475 ac
1982 2420 2238 2477 visibilia

577 2506 780 2580 quoad
823 2508 1142 2564 materiam
1184 2524 1305 2564 non
1344 2508 1678 2581 corrumpi,
1712 2509 1813 2563 sed
1861 2525 2105 2565 manere
2143 2524 2238 2564 ea-

577 2594 716 2651 dem
739 2599 800 2652 et
821 2594 1076 2653 visibilia
1105 2601 1396 2669 perpetuo
1444 2612 1640 2670 neque
1694 2604 1996 2670 corrupta,
2033 2596 2234 2670 quoad

576 2683 837 2741 formam
878 2690 1079 2742 autem
1123 2686 1322 2742 solum
1363 2688 1671 2758 corrumpi
1703 2692 1760 2741 et
1800 2703 2013 2742 rursus
2057 2687 2237 2743 refor-

576 2774 752 2840 mari,
773 2774 989 2831 eadem
1020 2777 1275 2832 materia
1303 2775 1608 2832 meliorem
1634 2776 1891 2833 formam
1917 2776 2236 2848 recipiente

572 2861 1087 2937 incorruptibilem
1103 2880 1119 2931 ;
1138 2864 1584 2934 generationem
1608 2864 1769 2921 enim
1798 2864 2048 2921 visibilis
2064 2881 2239 2920 mun-

572 2950 634 3008 dl
681 2953 888 3024 quoad
938 2954 1252 3011 materiam
1291 2957 1351 3010 et
1397 2954 1653 3010 formam
1686 2953 1978 3009 exstitisse
2007 2954 2235 3009 dicunt.

571 3038 733 3103 illius
756 3045 960 3098 autem
981 3042 1767 3114 corruptionem,transitum
1786 3042 2235 3115 nempe,quoad

573 3129 767 3186 solam
795 3130 1076 3187 formam.
1118 3131 1423 3189 Materiam
1446 3131 1629 3198 enim,
1673 3137 1737 3188 ut
1772 3131 2056 3195 diximus,
2084 3148 2236 3188 sem-

571 3233 681 3292 per
700 3234 1060 3292 permanere
1086 3219 1451 3277 conﬁtentur
1480 3221 1760 3276 eamdem
1791 3239 1805 3289 ;
1845 3221 2236 3277 resurrectio-
2265 3217 2307 3265 0

573 3322 715 3363 nem
760 3312 963 3364 autem
1018 3313 1399 3365 mortuorum
1443 3309 1738 3367 deﬁniunt
1791 3325 1922 3366 esse
1971 3310 2236 3382 corporis

573 3394 757 3465 hujus
785 3411 925 3452 eum
957 3396 1237 3454 rationali
1268 3398 1474 3454 anima
1494 3398 1818 3454 secundam
1841 3399 2128 3455 unionem
2158 3399 2238 3455 in'

575 3482 1011 3541 dissolubilcm.

650 3626 736 3683 15.
776 3626 884 3683 Alii
934 3627 1236 3690 Severitaa.
1286 3644 1507 3700 nempe
1548 3628 1987 3698 Theodosiani,
2029 3630 2131 3703 qui
2184 3635 2240 3687 et

575 3714 1011 3789 Philoponiaci,
1037 3714 1140 3788 qui
1179 3717 1540 3787 accipientes
1576 3719 1859 3774 Severum
1893 3723 1949 3773 et
1975 3716 2239 3774 Theodo-

579 3808 735 3863 sium
769 3808 832 3861 ut
863 3805 1200 3877 episcopos,
1233 3804 1537 3879 accipiunt
1564 3807 1745 3862 etiam
1784 3812 1849 3862 ut
1883 3808 2237 3875 magistrum

577 3894 982 3969 Philoponum
1051 3894 1345 3951 Joannem
1402 3900 1458 3950 et
1506 3895 1637 3966 ejus
1686 3896 1929 3967 scripta,
1978 3911 2240 3969 eumque

579 3992 917 4058 sequuntur
953 4000 1073 4041 non
1109 3984 1293 4040 modo
1351 3985 1409 4040 in
1449 3985 1638 4057 ipsius
1676 3984 1750 4039 de
1788 3985 2063 4041 Trinitate
2109 4002 2241 4040 sen-

576 4076 800 4141 tentiis,
855 4073 960 4129 sed
1019 4074 1199 4130 etia'n
1254 4075 1310 4130 in
1362 4075 1490 4145 ejus
1542 4073 1815 4129 doctrina
1861 4074 1936 4130 de
1994 4075 2241 4130 visibilis

579 4158 792 4219 mundi
828 4162 1354 4219 consummatione
1385 4168 1441 4219 et
1474 4162 1723 4219 visibilis
1750 4179 1820 4218 ac
1852 4162 2025 4219 futuri
2061 4179 2239 4234 gene-

578 4252 810 4309 ratione
842 4256 900 4306 et
928 4256 1305 4307 mortuorum
1340 4253 1793 4308 resurrectione.
1822 4253 1862 4308 li
1884 4268 2024 4308 vero
2046 4268 2240 4325 neque

579 4340 966 4403 Damianum,
994 4355 1191 4412 neque
1213 4338 1464 4396 Paulum
1489 4354 1682 4412 neque
1701 4339 1977 4396 ultimum
2000 4342 2240 4397 Petrum

2338 611 2584 674 ματικοῦ,
2613 612 2704 657 τοῦ
2724 604 2941 664 ἐπίκλην
2967 605 3270 674 Φιλοπόνου,
3293 609 3359 657 τὰ
3382 607 3500 658 καθ’
3526 607 3770 665 Ἑλλήνων
3800 610 3953 679 αυτῷ

2338 697 2673 765 γεγραμμένα
2729 696 2857 766 μετὰ
2909 700 2999 746 καὶ
3054 694 3216 746 ἄλλων
3274 695 3435 747 αὐτοῦ
3488 701 3950 770 συγγραμμάτων,

2341 780 2496 833 αὐτόν
2530 802 2584 835 τε
2614 785 2839 855 ἔσχατον
2871 783 3202 853 ἀπεϐάλοντο,
3236 788 3325 835 καὶ
3353 788 3418 836 τὰ
3446 789 3632 838 τούτου
3666 791 3953 861 συγγράμ-

2340 889 2514 941 ματα·
2567 871 2592 921 ὁ
2633 873 2734 945 γὰρ
2766 871 3029 947 εἰρημένος
3067 875 3435 945 γραμματικὸς
3480 872 3718 936 Ἰωάννης
3748 873 3796 926 ἐν
3839 884 3955 936 τοῖς

2341 961 2473 1032 πρὸς
2509 963 2632 1021 τοὺς
2672 959 2916 1021 Ἓλληνας
2956 958 3179 1033 βιϐλίοις
3220 967 3309 1013 καὶ
3341 960 3388 1012 ἐν
3426 970 3536 1025 τοῖς
3576 962 3745 1025 ἄλλοις
3777 963 3953 1016 αὑτοῦ

2344 1050 2758 1121 συγγράμμασιν
2789 1048 3019 1122 ἐπήγαγε
3046 1052 3112 1101 τὰ
3152 1055 3371 1122 σώματα
3415 1053 3478 1102 τὰ
3517 1052 3745 1109 αἰσθητὰ
3773 1063 3955 1105 ταῦτα

2342 1139 2513 1188 πάντα
2555 1142 2645 1189 καὶ
2691 1141 2755 1190 τὰ
2798 1140 3029 1211 ὁρώμενα
3060 1141 3194 1190 κατά
3232 1159 3287 1191 τε
3313 1139 3439 1196 ὕλην
3468 1146 3559 1193 καὶ
3596 1138 3732 1203 εἶδος
3763 1141 3820 1193 ἐκ
3852 1152 3954 1194 τοῦ

2344 1230 2416 1297 μὴ
2447 1226 2591 1287 ὄντος
2621 1226 2689 1289 εἰς
2721 1231 2779 1278 τὸ
2811 1223 2938 1279 εἶναι
2964 1230 3309 1300 παραχθῆναι
3332 1230 3429 1280 ὑπὸ
3456 1238 3546 1281 τοῦ
3570 1233 3956 1303 Θεοῦ,φθαρτα

2345 1333 2401 1367 τε
2420 1323 2586 1367 ταῦτα
2604 1318 2846 1386 γενέσθαι
2865 1322 2954 1367 καὶ
2980 1319 3280 1390 φθείρεσθαι
3301 1320 3436 1369 κατά
3453 1338 3508 1370 τε
3528 1318 3653 1375 ὓλην
3674 1325 3763 1371 καὶ
3784 1316 3953 1384 εἶδος,

2346 1408 2436 1455 καὶ
2496 1401 2611 1456 ἀντὶ
2656 1407 2849 1456 τούτων
2902 1405 3051 1477 ἔτερα
3100 1411 3319 1477 σώματα
3356 1412 3572 1480 κρείττω
3611 1411 3806 1459 τούτων
3848 1417 3959 1459 τῶν

2348 1492 2614 1566 ὁρωμένων
2672 1494 2913 1565 ἄφθαρτα
2953 1499 3044 1545 καὶ
3071 1494 3256 1545 αἰώνια
3284 1496 3384 1546 ὑπὸ
3411 1502 3503 1547 τοῦ
3530 1504 3661 1547 Θεοῦ
3694 1493 3963 1571 δημιουρ-

2345 1583 2556 1652 γεῐσθαι
2597 1598 2611 1611 ⁸
2664 1583 2953 1634 avaram/Iv
2996 1602 3050 1635 τε
3108 1585 3200 1654 ἔφη
3257 1591 3348 1634 τοῦ
3402 1585 3657 1657 ὁρωμένου
3719 1592 3960 1656 κόσμου,

2345 1672 2508 1740 ἤγουν
2525 1670 2829 1745 παρέλευσιν
2850 1675 2939 1723 καὶ
2964 1679 3143 1722 καινοῦ
3174 1677 3374 1743 κόσμου
3394 1676 3593 1741 γένεσιν
3614 1694 3625 1705 ο
3660 1671 3961 1726 ἀνάστασιν

2347 1754 2406 1810 δὲ
2430 1777 2618 1833 νεκρων
2652 1762 2882 1833 ὡρίσατο
2914 1759 3045 1813 εἶναι
3088 1765 3181 1819 τὴν
3216 1769 3315 1812 τῶν
3343 1759 3562 1833 λογικῶν
3600 1761 3789 1834 ψυχῶν
3822 1770 3962 1838 προς

2266 1861 2310 1915 Β
2348 1857 2500 1922 σῶμα
2531 1851 2756 1923 φθαρτὸν
2787 1850 2967 1902 ἕνωσιν
3001 1846 3304 1905 ἀδιάλυτον.

2417 1971 2510 2027 ιδ’.
2555 1980 2725 2027 Κόνων
2777 1971 2837 2027 δί
2871 1978 2960 2026 καὶ
3014 1975 3063 2027 οἱ
3112 1980 3205 2027 σὺν
3238 1976 3400 2047 αὐτῷ,
3451 1979 3520 2039 ὡς
3558 1980 3781 2049 εἴπομεν,
3808 1980 3957 2053 πρὸ-

2343 2083 2487 2135 τερον
2542 2059 2819 2134 δεχόμενοι
2867 2067 2933 2115 τὰ
2972 2066 3367 2138 συγγράμματα
3396 2064 3443 2116 ἓν
3473 2067 3550 2128 οἷς
3589 2074 3756 2119 ταῦτα
3821 2064 3957 2120 ἕδο-

2343 2154 2589 2223 γμάτισε.
2644 2157 2734 2204 καὶ
2796 2152 2951 2205 αὐτόν
3017 2156 3104 2205 τὸν
3166 2153 3442 2207 Φιλοπονον
3502 2155 3673 2214 ζῶντά
3736 2175 3790 2207 τε
3858 2163 3958 2210 καὶ

2344 2243 2474 2312 μετὰ
2536 2240 2775 2300 τελευτὴν
2840 2243 3238 2314 μακαρίζοντες,
3324 2243 3610 2296 τελευταῖον
3674 2245 3828 2297 αὐτον
3900 2266 3960 2299 τε

2345 2328 2533 2382 ἐκεῖνον
2586 2336 2676 2382 καὶ
2714 2333 2778 2381 τὰ
2835 2335 3227 2404 συγγράμματα
3264 2332 3423 2383 αὐτοῦ
3455 2330 3764 2386 ἁπεϐάλοντο
3797 2351 3809 2364 ⁸
3865 2334 3959 2386 λό-

2344 2437 2469 2490 γους
2510 2416 2796 2493 ἐγγράφους
2844 2417 3211 2481 ἑκδεδωκότες.
3268 2419 3316 2473 ἐν
3366 2418 3443 2484 οἷς
3472 2421 3715 2493 λεγουσίν
3758 2425 3842 2475 ὁτι
3889 2427 3962 2476 τοι

2349 2512 2568 2573 σώματα
2633 2511 2698 2561 τὰ
2757 2508 2988 2567 αἰσθητὰ
3042 2518 3209 2561 ταῦτα
3259 2515 3348 2562 καὶ
3398 2513 3631 2585 ὁρώμενα
3676 2515 3810 2564 κατὰ
3862 2516 3961 2584 μὲν

2344 2600 2439 2654 τὴν
2504 2596 2629 2655 ὕλην
2692 2598 2750 2649 οὐ
2800 2599 3082 2671 φθείρεται,
3123 2597 3252 2651 ἀλλά
3301 2604 3516 2671 μένουσι
3562 2604 3627 2653 τὰ
3680 2601 3809 2653 αὐτὰ
3862 2600 3963 2653 καὶ

2346 2686 2578 2758 ὁρώμενα
2617 2686 2783 2738 εἰσαεὶ
2826 2692 2917 2738 καὶ
2966 2691 3035 2759 μὴ
3081 2690 3408 2760 φθειρόμενα,
3448 2692 3582 2741 κατὰ
3621 2686 3679 2742 δὲ
3717 2694 3775 2742 τό
3806 2688 3961 2755 εἶδος

2344 2778 2497 2846 μόνον
2560 2777 2838 2849 φθείρεται,
2895 2781 2983 2827 καὶ
3020 2775 3170 2828 πάλιν
3226 2775 3632 2850 ἁναιιορφοῦται,
3698 2787 3790 2841 τῆς
3848 2780 3959 2831 αὖ-

2341 2872 2437 2926 τῆς
2462 2864 2588 2926 ὖλης
2625 2873 2857 2938 κρεῖττον
2905 2861 3046 2927 εἶδος
3086 2862 3382 2939 δεχομένης
3409 2870 3666 2942 ἄφθαρτον
3691 2886 3702 2898 ⁶
3743 2874 3959 2940 γένεσιν

2343 2956 2434 3025 μὲν
2462 2957 2563 3027 γὰρ
2606 2961 2695 3006 τοῦ
2749 2953 3005 3026 ὁρωμένου
3054 2959 3254 3027 κόσμου
3287 2955 3500 3028 λέγουσι
3545 2960 3678 3009 κατά
3717 2977 3770 3010 τε
3816 2959 3956 3018 ὕλην

2345 3046 2435 3094 καὶ
2484 3038 2641 3109 εἶδος,
2686 3044 2878 3116 φθορὰν
2924 3040 2985 3095 δε
3029 3043 3209 3104 αὐτοῦ.
3242 3049 3404 3115 ἤγουν
3441 3046 3763 3120 παρέλευσιν,
3807 3050 3958 3100 κατὰ

2344 3135 2496 3203 μόνον
2522 3134 2580 3183 τὸ
2612 3128 2752 3192 εἶδος
2790 3148 2804 3161 ⁸
2851 3135 2947 3190 τὴν
2975 3135 3076 3206 γὰρ
3108 3133 3250 3201 ὕλην,
3286 3136 3356 3194 ὡς
3386 3138 3606 3205 εἶπομεν,
3641 3133 3720 3187 ἀεὶ
3749 3132 3953 3204 διαμέ-

2343 3239 2444 3273 νειν
2505 3219 2821 3292 ὁμολογοῦσι
2872 3226 2966 3278 τὴν
3024 3221 3186 3279 αὐτὴν
3221 3239 3233 3251 ·
3295 3221 3581 3276 ἀνάστασιν
3637 3220 3696 3276 δὲ
3753 3235 3955 3295 νεκρῶν

2345 3311 2609 3382 ὁρίζονται
2647 3306 2777 3362 εἶναι
2841 3314 2934 3368 τὴν
2981 3317 3075 3362 τοῦ
3134 3318 3375 3383 σώματος
3427 3315 3611 3364 τούτου
3664 3315 3790 3387 πρὸς
3852 3320 3955 3375 τὴν

2343 3397 2558 3469 λογικὴν
2582 3397 2767 3470 ψυχὴν
2796 3394 3040 3471 δευτέραν
3073 3400 3251 3452 ἕνωσιν
3280 3397 3581 3454 ἀδιάλυτον.

2423 3628 2495 3685 ιε’.
2543 3627 2721 3682 Ἀλλοι
2782 3629 3075 3704 Σεϐηρῖται,
3134 3634 3295 3701 ἤγουν
3348 3627 3712 3696 Θεοδοσιανοὶ,
3764 3633 3812 3683 οἱ
3856 3638 3957 3686 καὶ

2347 3717 2730 3783 Φιλοπονιακοὶ,
2781 3721 2831 3771 οἱ
2876 3725 2964 3770 καὶ
3007 3715 3286 3791 δεχόμενοι
3315 3720 3400 3771 τόν
3432 3718 3650 3793 Σεϐῆρον
3690 3724 3775 3771 καὶ
3821 3729 3958 3774 Θεο-

2349 3801 2529 3858 δόσιον
2560 3805 2899 3869 ἐπισκόπους,
2941 3805 3220 3881 δεχόμενοι
3274 3804 3332 3861 δὲ
3386 3809 3451 3869 εἰς
3503 3805 3827 3861 διδάσκαλον
3860 3818 3957 3865 καὶ

2346 3898 2434 3946 τὸν
2462 3895 2733 3949 Φιλόπονον
2766 3897 3005 3954 Ἰωάννην
3062 3903 3151 3950 καὶ
3194 3900 3259 3950 τὰ
3296 3901 3481 3950 τούτου
3528 3898 3953 3972 συγγράμματα,

2348 3989 2437 4035 καὶ
2503 3982 2892 4046 ἀκολουθοῦντες
2959 3986 3098 4056 αὐτῷ
3165 3986 3222 4038 οὗ
3305 3993 3457 4058 μόνον
3532 3986 3579 4038 ἐν
3644 3994 3754 4049 τοῖς
3829 3995 3955 4062 περὶ

2348 4069 2577 4146 Τριάδος
2613 4072 2803 4144 λόγοις,
2861 4072 2987 4126 ἀλλὰ
3024 4079 3113 4126 καὶ
3152 4074 3199 4126 ἐν
3232 4083 3337 4136 τοῖς
3377 4079 3493 4149 περὶ
3527 4074 3814 4136 συντελείας
3854 4086 3954 4129 τοῦ

2349 4162 2606 4233 ὁρωμένου
2648 4167 2850 4234 κόσμου
2889 4169 2979 4215 καὶ
3026 4168 3270 4235 γενέσεως
3314 4173 3407 4216 τοῦ
3452 4183 3504 4216 τε
3557 4167 3814 4239 ὁρωμένου
3857 4171 3956 4219 καὶ

2346 4257 2437 4303 τοῦ
2510 4250 2793 4322 μέλλοντος,
2850 4257 2937 4304 καὶ
2992 4262 3179 4327 νεκρῶν
3242 4252 3596 4314 ἀναστὼσεως.
3666 4254 3829 4305 Οὗτοι
3892 4253 3958 4308 δὲ

2348 4340 2465 4391 οὗτε
2513 4344 2788 4408 Δαμιανόν,
2839 4345 2955 4393 οὔτε
3007 4341 3227 4397 Παῦλον.
3270 4345 3387 4394 οὔτε
3434 4361 3521 4395 τον
3580 4345 3811 4413 ἔσχατον
3853 4350 3957 4396 Πέ-

579 4428 900 4501 accipiunt.
943 4429 1214 4500 Cumque
1262 4427 1428 4499 prius
1485 4430 1789 4484 Cononem
1846 4429 2235 4500 accepissent.

2346 4447 2465 4502 τρον
2497 4424 2749 4499 δέχονται
2775 4446 2789 4461 ⁶
2830 4436 3075 4503 πρότερον
3113 4427 3172 4483 δὲ
3203 4426 3483 4502 δεχόμενοι
3524 4436 3751 4501 Κόνωνα,
3782 4431 3953 4484 ὔστε-

577 4517 799 4576 deinde
833 4530 973 4572 eum
1020 4516 1374 4588 rejecerunt,
1411 4532 1483 4571 eo
1533 4516 1701 4588 quod
1753 4517 1883 4588 ipse
1937 4518 2234 4574 Joannem

577 4606 978 4678 PhilopOnum
1012 4608 1069 4661 et
1106 4605 1239 4675 ejus
1284 4605 1505 4677 scripta
1545 4605 1879 4674 rejecisset;
1914 4611 1970 4660 et
2003 4606 2063 4661 in
2104 4607 2232 4663 suis

578 4696 655 4750 de
681 4695 963 4750 Trinitate
990 4693 1296 4751 sententiis
1327 4708 1462 4749 cum
1498 4693 1802 4749 Cononitis
1830 4696 2229 4761 consentiunt.

579 4789 637 4840 et
677 4783 977 4839 Tritheitae
1017 4783 1412 4838 nominantur
1441 4780 1518 4836 ab
1545 4781 1969 4851 Angelianistis
2005 4790 2061 4839 et
2093 4786 2235 4840 Pau-

581 4872 839 4929 lianistis
865 4890 877 4927 :
907 4887 1060 4939 quos
1085 4877 1142 4926 et
1173 4870 1286 4943 ipsi
1328 4869 1647 4926 nominant
1678 4886 1840 4926 nunc
1866 4872 2109 4941 quidem
2137 4875 2235 4929 Sa-

580 4961 976 5023 bellianistas,
1023 4976 1187 5015 nunc
1246 4975 1391 5015 vero
1458 4959 1803 5016 Tetraditas.
1856 4962 1936 5016 De
1990 4962 2236 5018 visibilis

579 5049 790 5106 mundi
805 5049 1328 5105 consummatione
1346 5053 1402 5103 et
1418 5053 1792 5104 mortuorum
1805 5051 2236 5107 resurrectione

578 5139 897 5195 manifeste
926 5139 997 5195 iis
1041 5142 1450 5211 opponuntur.
1493 5137 1612 5210 Ipsi
1652 5138 1900 5210 quidem
1935 5141 2235 5196 Cononitze

578 5227 1044 5300 Philoponiacos
1089 5231 1313 5282 vocant
1350 5225 1716 5283 Sadducreos
1761 5232 1818 5282 et
1847 5226 2233 5284 Simonianos

577 5323 636 5374 et
664 5320 899 5373 Graecos
927 5321 985 5372 et
1015 5316 1458 5371 Valentinianos
1506 5321 1564 5371 et
1607 5315 2004 5382 Mareionitas,
2034 5324 2090 5373 et
2120 5321 2233 5374 Ma-

575 5406 842 5462 nicbaaos
888 5410 947 5461 et
996 5405 1498 5473 Hermogenistas.
1544 5408 1610 5460 Et
1654 5406 2058 5477 Philoponiaci
2103 5407 2231 5463 hmc

570 5496 821 5551 nomina
848 5493 1154 5551 Cononitis
1175 5497 1405 5565 aptant,
1421 5508 1492 5549 eo
1511 5494 1674 5567 quod
1708 5495 1911 5549 dicant
1932 5495 2227 5550 sensibilis

570 5585 756 5656 hujus
766 5583 976 5640 mundi
994 5584 1306 5640 materiam
1322 5584 1835 5655 incorruptibilem
1849 5600 2222 5656 permanere.

570 5673 876 5733 Cononita:
912 5688 1056 5731 vero
1103 5671 1322 5730 iisdem
1365 5672 1713 5731 nominibus
1752 5673 2217 5746 Philoponiacos

2342 4537 2432 4590 ρον
2477 4518 2633 4569 αὐτὸν
2682 4516 3013 4582 ἁπεϐ-άλοντο,
3080 4517 3173 4571 διὰ
3232 4522 3291 4571 τό
3335 4517 3719 4572 ἀποϐάλλεσθαι
3756 4518 3955 4573 ἐκεῖνον

2341 4608 2582 4664 Ἰωάννην
2622 4610 2709 4658 τόν
2752 4606 3028 4660 Φιλοπονον
3079 4610 3265 4660 καὶτὰ
3303 4611 3488 4660 τούτου
3533 4611 3951 4680 συγγράμματα·

2340 4701 2430 4747 καὶ
2482 4694 2531 4747 ἐν
2584 4697 2672 4767 μὲν
2712 4703 2821 4756 τοῖς
2859 4701 2977 4769 περὶ
3015 4693 3243 4768 Τριαδος
3288 4696 3462 4767 λόγοις
3507 4694 3801 4769 συνᾴδουσι
3840 4708 3958 4761 τοῖς

2344 4789 2656 4846 Κονωνίταις
2705 4800 2720 4815 ⁶
2790 4789 2878 4836 καὶ
2938 4787 3203 4857 Τριθεῖται
3269 4785 3612 4857 ὀνομάζονται
3677 4788 3775 4837 ὑπὸ
3844 4799 3957 4839 τῶν

2343 4873 2775 4943 Ἀγγελιανιστών
2832 4874 2941 4928 tim
2997 4875 3152 4928 codﬂ
3198 4880 3285 4925 καὶ
3348 4874 3737 4927 Παυλιανιστών
3776 4891 3787 4902 ·
3834 4874 3955 4927 ὀνο-

2342 4961 2580 5033 μάζουσι
2627 4957 2686 5013 δὲ
2735 4966 2826 5013 καὶ
2872 4963 3021 5013 αὐτοὶ
3064 4963 3287 5024 ἐκείνους
3326 4966 3444 5015 ποτε
3491 4965 3579 5035 μεν
3621 4962 3954 5017 Σαϐελλιανι-

2347 5053 2493 5120 στὰς,
2537 5054 2659 5103 ποτε
2691 5046 2747 5102 δὲ
2776 5048 3092 5122 Τετραδίτας
3120 5073 3133 5085 ο
3190 5051 3238 5103 ἐν
3279 5049 3337 5104 δὲ
3379 5061 3451 5123 τῷ
3496 5056 3611 5126 περὶ
3656 5053 3956 5116 συντελείας

2342 5146 2434 5190 τοῦ
2491 5141 2749 5212 ὁρωμένου
2792 5145 2993 5211 κόσμου
3039 5145 3128 5192 καὶ
3174 5151 3362 5215 νεκρῶν
3411 5139 3747 5202 ἀναστάσεως
3795 5141 3954 5194 ἐναν-

2341 5234 2576 5280 τιοῦνται
2629 5237 2853 5301 φανερῶς
2903 5229 3101 5291 αὐτοῖς.
3154 5233 3254 5282 Καὶ
3309 5226 3449 5282 οὗτοι
3497 5232 3585 5302 μὲν
3628 5233 3678 5282 οἱ
3727 5238 3955 5285 Κονωνῖ-

2340 5335 2428 5367 ται
2490 5320 2609 5378 τοὺς
2672 5317 3070 5380 Φιλοπονιακοὺς
3138 5319 3370 5379 ἅπαντας
3433 5319 3649 5371 καλοῦσι
3706 5317 3927 5373 Σαδὸου

2339 5410 2536 5473 καίους,
2586 5410 2675 5458 καὶ
2733 5411 3096 5476 Σιμωνιανοὺς,
3130 5412 3219 5458 καὶ
3273 5406 3541 5475 Ἕλληνας⁹
3598 5414 3687 5459 καὶ
3724 5409 3954 5462 Οὐαλεν-

3138 5319 3370 5379 ἆπαντας
3433 5319 3649 5371 καλοῦσι

2336 5499 2612 5561 τινιανοὺς,
2681 5500 2770 5546 καὶ
2813 5498 3236 5568 Μαρκιωνιστας,
3289 5501 3380 5548 καὶ
3436 5502 3789 5568 Μανιχαίους.
3852 5506 3953 5553 καὶ

2331 5587 2765 5656 Ἐρμογενιαστας
2831 5583 3206 5646 ἀποκαλοῦντες
3243 5602 3254 5614 ·
3306 5591 3397 5637 καὶ
3462 5588 3510 5637 οἱ
3720 5587 3952 5643 Φιλοπο-

2328 5676 2501 5725 νιακοὶ
2536 5676 2604 5726 τὰ
2639 5671 2869 5746 ὀνόματα
2895 5681 3064 5726 ταῦτα
3100 5681 3209 5736 τοῖς
3251 5680 3563 5738 Κονωνίταις
3601 5677 3951 5753 προσάπτου-
