4040 6318
536 355 605 410 ss
1882 342 2154 403 NICETE
2190 338 2563 430 caenum
3838 339 3912 395 se

535 473 721 533 bilem
749 473 1091 547 acciperent
1115 471 1460 530 ﬁrmitatem
1503 485 1576 529 ac
1605 469 1988 529 soliditatem.
2034 470 2183 526 San-

2310 472 2592 520 σιαστικῶν
2624 461 2906 539 δογμάτων
2931 463 3133 541 διρῤαγῆ
3196 463 3457 519 λαϐόντων
3513 461 3802 537 βεϐαίωσίν
3850 480 3915 518 τε

536 567 634 622 cta
652 562 834 635 igitur
865 566 924 620 et
949 562 1324 620 meumenica
1350 560 1726 620 Chalcedone
1755 559 1966 617 habita
2008 573 2190 631 syno-

537 653 655 711 dus
675 650 934 709 breviter
952 667 1163 708 eorum
1193 650 1469 708 meminit
1496 666 1634 724 qum
1663 649 1825 707 dicta
1852 652 1993 706 sunt
2012 647 2091 704 ab
2118 647 2190 704 iis

539 742 645 816 qui
664 757 852 799 unam
872 740 933 797 in
964 740 1195 797 Christo
1215 743 1498 797 naturam
1523 739 1926 812 compositam
1947 737 2188 794 docent.

540 833 689 890 Eam
718 845 918 904 porro,
951 833 1018 887 ut
1064 845 1138 886 ex
1179 828 1388 887 multis
1423 844 1623 903 pauca
1650 828 1874 888 dicam.
1925 832 2189 883 mentem

541 918 827 977 exhibent
864 932 1000 990 quin
1051 917 1112 975 in
1162 916 1392 991 proprii
1448 916 1751 988 dogmatis
1778 914 2191 973 defensionem

2297 559 2387 608 καὶ
2412 559 2733 628 «cytorum.
2773 553 2830 608 Ἦ
2888 554 3015 628 ἁγία
3050 551 3099 607 δ’
3133 550 3222 608 οὖν
3270 558 3359 608 καὶ
3407 553 3737 611 οἰκουαενική
3784 554 3914 606 σύν-

2298 641 2421 708 οδος
2446 645 2477 705 ἡ
2511 644 2561 698 ἐν
2605 640 2910 705 Χαλκηδόνι
2950 649 3199 700 συστᾶσα
3235 639 3331 697 διὰ
3376 641 3625 716 βραχέων
3664 640 3908 713 ὶμνήσθη

2299 741 2398 786 τῶν
2426 733 2706 807 λεγομένων
2771 735 2871 787 ὑπὸ
2919 740 3017 787 τῶν
3055 738 3179 806 μίαν
3222 731 3306 786 ἰπὶ
3361 736 3599 805 Χριστοῦ
3647 727 3911 794 δοξαξόν-

2299 843 2400 876 των
2465 826 2620 897 φύσίν
2670 824 2911 878 σύνθετον
2942 839 2957 855 ”
3016 822 3120 877 εἰσὶ
3168 818 3247 890 δὲ,
3289 824 3357 885 ὡς
3412 819 3468 876 ἐκ
3513 819 3709 874 πολλῶν
3750 819 3909 893 ὀλίγοι

2304 910 2486 981 εἰπεῖν,
2540 915 2790 975 τοιαύτης
2837 911 3025 973 ἰννοίας
3072 910 3316 985 ἐχόμενα,
3366 910 3495 984 ἅπερ
3547 909 3618 971 εἰς
3669 928 3907 981 συνηγο-

2301 1004 2421 1076 ρίαν
2459 1008 2552 1055 τοῦ
2582 1001 2775 1057 οἰκείου
2805 997 3067 1075 δόγματος
3097 999 3293 1062 ἀσεϐῶς
3321 1001 3649 1076 προτιθέασι.

538 1009 723 1082 impie
746 1012 1113 1082 proponunt.

542 1150 853 1223 Expositio
878 1149 1315 1208 nonnullorum
1365 1148 1631 1219 capitum
1669 1163 1707 1206 a
1754 1145 2195 1218 Monophysilz‘s

2310 1144 2550 1209 ’Ἑκθεσις
2598 1152 2749 1199 τινῶν
2802 1144 3090 1221 κεφαλαίων
3135 1143 3559 1220 προϐαλλομένων
3606 1146 3749 1221 παρὰ
3802 1151 3912 1198 τῶν

1138 1238 1605 1309 propositorum.

619 1349 704 1403 18.
746 1348 955 1404 Utrum
1003 1361 1078 1402 ex
1124 1344 1386 1401 duarum
1437 1344 1500 1400 in
1556 1343 1786 1401 Christo
1838 1347 2198 1400 naturarum

543 1435 768 1492 unione
796 1434 1022 1491 factum
1048 1432 1383 1506 estaliquid
1413 1448 1628 1500 unum,
1656 1448 1861 1490 annon
1878 1432 1905 1488 Ἰ
1931 1432 1987 1488 Si
2016 1431 2199 1502 igitur

544 1539 670 1582 non
702 1522 779 1580 sit
801 1523 1027 1580 factum
1050 1522 1280 1595 aliquid
1312 1538 1527 1591 unum,
1555 1520 1867 1596 quomodo
1900 1525 1957 1578 et
1994 1520 2197 1577 unitas

545 1612 729 1670 fuisse
770 1626 874 1668 eas
919 1612 1234 1668 dicemus?
1265 1609 1416 1677 Quid
1470 1610 1628 1667 enim
1682 1614 1773 1667 est
1830 1609 1994 1666 aliud
2043 1608 2196 1666 uniri

2310 1611 2467 1673 αὐτας
2506 1610 2745 1687 ἐροῦμεν;
2786 1617 2850 1665 Τί
2900 1614 3001 1687 γὰρ
3060 1610 3184 1664 ἄλλο
3233 1609 3345 1665 ἐστὶ
3376 1614 3434 1665 τὸ
3480 1611 3717 1670 ἡνῶσθαι
3765 1611 3793 1669 ἡ
3847 1613 3911 1663 τὸ

545 1716 736 1775 quam
767 1716 956 1756 unum
986 1699 1165 1757 ﬁeri?
1192 1703 1322 1757 Non
1343 1699 1506 1757 enim
1534 1715 1643 1772 per
1667 1698 2195 1765 illuminationem,

2310 1700 2356 1754 ἰν
2380 1704 2679 1772 γηονέναι;
2712 1696 2837 1754 ούδέ
2877 1703 2979 1776 γὰρ
3019 1701 3134 1754 κατ’
3195 1699 3470 1774 ἔλλαμψιν,
3525 1703 3589 1761 ὡς
3642 1698 3726 1752 ἰπὶ
3777 1718 3919 1773 προ·

546 1792 613 1847 ut
642 1788 719 1847 de
760 1788 1089 1862 prophetis,
1128 1787 1415 1846 unionem
1459 1788 1838 1847 conﬁtemur.
1887 1787 1943 1845 Si
1997 1792 2196 1845 autem

2310 1796 2499 1862 φητῶν,
2542 1788 2889 1862 ὁμολογοῦμεν
2946 1793 3041 1848 τὴν
3102 1790 3315 1843 ἕνωσιν·
3353 1789 3395 1843 εἰ
3443 1785 3493 1842 δ’
3549 1788 3604 1841 ἐκ
3650 1797 3739 1850 τῆς
3788 1788 3918 1843 ἐνὼν

547 1894 622 1935 ex
635 1877 672 1934 d
683 1894 895 1935 uarum
909 1882 1263 1935 naturarum
1277 1877 1498 1935 unione
1527 1893 1718 1934 unum
1735 1876 1964 1950 aliquid
1975 1875 2196 1932 factum

2310 1897 2436 1941 σεως
2494 1886 2594 1931 τῶν
2648 1874 2745 1931 δύο
2812 1881 3012 1952 φύσεων
3067 1879 3117 1933 ἓν
3174 1898 3226 1932 τι
3275 1882 3472 1950 γέγονε,
3525 1878 3577 1931 τί
3616 1897 3741 1935 ποτε
3802 1879 3920 1951 ἄρα

549 1972 660 2037 est,
690 1965 838 2036 quid
882 1967 1061 2040 igitur
1102 1971 1192 2023 est
1236 1966 1401 2024 aliud
1427 1967 1668 2024 unum?
1718 1968 1924 2025 Utrum
1972 1980 2196 2021 nomen

2310 1971 2457 2021 τοῦτο
2515 1966 2628 2021 ἑστι
2688 1970 2746 2020 τό
2807 1967 2899 2037 ὶν;
2963 1972 3183 2044 Πότερον
3242 1972 3402 2041 ὄνομα
3458 1971 3611 2042 μόνον
3651 1966 3828 2040 ψιλὸν,
3877 1969 3911 2030 ἦ

545 2070 880 2125 vanum,an
897 2055 1032 2115 res?
1053 2057 1111 2115 Si
1134 2056 1316 2127 igitur
1333 2071 1558 2114 nomen
1576 2054 1960 2114 solummodo
1974 2070 2196 2111 vanum

2310 2063 2556 2132 πρᾶγμα;
2598 2056 2660 2111 Εἰ
2697 2059 2787 2130 μὲν
2817 2053 2904 2110 οὖν
2936 2061 3097 2131 ὄνομα
3141 2076 3294 2131 μονον
3340 2056 3492 2130 ψιλὸν
3533 2060 3609 2117 εἴη
3658 2059 3921 2133 πράγμα-

546 2150 702 2204 esset
721 2145 846 2204 sine
864 2162 949 2214 re,
962 2161 1087 2203 non
1098 2150 1300 2203 essent
1319 2146 1773 2212 unitaanaturae;
1801 2143 2196 2218 quemadmo-

2310 2166 2393 2208 τος
2426 2151 2616 2220 χωρὶς,
2646 2146 2740 2200 οὐκ
2769 2148 2831 2200 οἶν
2868 2144 2965 2201 εἶεν
3010 2149 3065 2200 αἱ
3096 2150 3277 2222 φύσεις
3324 2149 3581 2220 ἡνωμέναι
3614 2163 3627 2178 ·
3671 2149 3740 2209 ὡς
3781 2144 3922 2202 ούδὶ

546 2235 696 2295 dum
716 2240 775 2293 et
804 2235 1074 2293 sidereus
1104 2235 1275 2293 canis
1306 2239 1365 2293 et
1392 2234 1708 2303 terrestris,
1738 2249 1846 2307 per
1871 2232 2069 2290 solum
2097 2247 2196 2289 no-

2310 2239 2337 2290 ὁ
2369 2235 2600 2311 ἀστρῷος
2647 2239 2784 2290 κύων
2831 2241 2922 2290 καὶ
2960 2238 2986 2290 ὁ
3041 2244 3312 2312 χερσαῖος,
3351 2238 3489 2291 κατὰ
3551 2235 3701 2309 ψιλὸν
3750 2240 3921 2310 μόνον

546 2339 691 2384 men
713 2324 1003 2383 unitatem
1025 2323 1345 2393 habentes,
1388 2338 1514 2381 non
1544 2322 1693 2379 uniti
1724 2326 1863 2379 sunt
1891 2337 1999 2395 per
2028 2325 2196 2378 natu-

2311 2333 2541 2399 τούνορια
2578 2329 2636 2378 τὸ
2691 2325 2740 2380 ἓν
2789 2328 3014 2399 ἔχοντες,
3068 2328 3319 2400 ἡνωμένοι
3383 2328 3518 2381 κατὰ
3580 2328 3673 2389 τὰς
3726 2328 3925 2398 φύσεις

545 2429 672 2483 ras,
693 2427 891 2486 neque
920 2412 1099 2470 realis
1121 2412 1379 2471 homoet
1404 2412 1509 2487 qui
1525 2410 1848 2485 inscriptus
1877 2415 1997 2468 est:
2023 2410 2074 2467 si
2097 2409 2196 2480 igi-

2311 2417 2692 2488 τυγχάνονσιν,
2750 2412 2867 2471 οὐδ’
2916 2418 2943 2469 ὁ
3002 2414 3242 2479 ἀληθινὸς
3293 2417 3564 2490 ἄνθρωπος
3600 2420 3689 2469 καὶ
3739 2416 3765 2469 ὁ
3827 2435 3926 2489 γε·

547 2506 645 2561 tur
664 2505 897 2561 naturm
921 2502 985 2558 in
1014 2504 1314 2575 quantum
1340 2505 1481 2558 sunt
1527 2500 1835 2571 uniuntur,
1883 2505 1941 2557 et
1965 2498 2101 2556 ideo
2130 2514 2196 2555 ex

2311 2510 2603 2580 γραμμένος
2642 2522 2656 2537 ·
2690 2504 2877 2559 οὐκοῦν
2917 2505 2960 2560 εἰ
3007 2507 3063 2559 αἱ
3100 2508 3282 2579 φύσεις
3327 2507 3458 2559 καθὸ
3497 2508 3557 2559 τὸ
3587 2502 3714 2559 εἶναι
3751 2507 3925 2577 ἔχουο

549 2604 763 2649 earum
779 2590 1025 2656 unione,
1039 2605 1261 2664 nempe
1278 2588 1736 2663 compositione,
1755 2604 1948 2645 unum
1974 2586 2196 2660 aliquid

2316 2614 2398 2648 σιν
2424 2596 2721 2663 ἠνὼθησαν,
2750 2599 2842 2648 καὶ
2881 2591 2976 2649 διὰ
3028 2594 3182 2649 τοῦτο
3218 2594 3273 2649 ἐκ
3311 2602 3407 2660 τῆς
3446 2594 3672 2659 ἑνὼσεως
3712 2594 3922 2666 αὐτῶν,

544 2680 720 2742 factae
740 2683 901 2750 sunt,
918 2694 1044 2735 non
1064 2678 1127 2736 id
1151 2681 1240 2736 est
1266 2693 1497 2735 vanum
1520 2676 1882 2747 nomen,sed
1905 2677 2196 2734 res.Siau-

2312 2688 2474 2755 ἤγουν
2545 2686 2852 2752 συνθέσεως,
2923 2685 2973 2739 ἓν
3033 2704 3083 2738 τι
3145 2689 3381 2757 γέγονεν,
3433 2684 3527 2738 ούκ
3587 2686 3692 2761 ἄρα
3753 2683 3920 2756 ψιλὸν

544 2773 667 2827 tem
696 2785 813 2838 res,
838 2772 1041 2827 utrum
1064 2768 1128 2826 id
1158 2772 1375 2826 natura
1399 2771 1507 2841 est,
1537 2783 1759 2841 nempe
1786 2768 2196 2835 essentia,esse

2314 2777 2474 2846 ὄνομα
2524 2780 2678 2827 τοῦτο
2739 2772 2900 2841 ἐστιν,
2949 2771 3079 2826 ἀλλὰ
3122 2779 3379 2849 πρᾶγμα·
3442 2773 3486 2828 εἰ
3552 2770 3610 2828 δὲ
3664 2778 3920 2849 πρᾶγμα,

544 2858 778 2933 aliquid
805 2874 881 2915 ex
911 2857 1260 2915 substantiae
1303 2856 1758 2914 accidentibus?
1789 2856 1969 2928 igitur
2006 2856 2057 2913 si
2097 2870 2205 2929 per

545 2948 748 3023 ipsum
777 2962 910 3005 esse
939 2952 1171 3004 natura
1199 2947 1380 3005 unitas
1415 2950 1577 3016 sunt,
1613 2951 1671 3004 et
1712 2947 1848 3003 ideo
1880 2962 2073 3003 unum
2102 2944 2205 3002 ali-

543 3037 694 3112 quid
737 3052 811 3095 ex
855 3051 1066 3095 earum
1104 3036 1328 3095 unione
1372 3035 1696 3110 perﬁcitur,
1747 3050 1946 3110 neque
1975 3052 2205 3095 vanum

545 3141 774 3186 nomen
803 3129 913 3194 est,
944 3141 1143 3200 neque
1181 3125 1531 3184 substantia
1573 3124 1890 3199 quoddam
1922 3126 2205 3184 accidens

549 3220 606 3274 et
634 3230 1040 3289 consequens,
1068 3213 1564 3274 concludendum
1603 3219 1695 3272 est
1740 3213 1890 3271 illud
1937 3231 2068 3272 esse
2115 3232 2205 3271 es-

540 3304 802 3364 sentiam
853 3309 961 3362 aut
1004 3308 1288 3363 naturam
1336 3321 1351 3361 :
1418 3304 1827 3378 supponimus
1884 3319 2047 3362 nunc
2098 3321 2207 3378 per

543 3400 866 3468 utramque
911 3409 1125 3451 vocem
1162 3393 1327 3451 idem
1356 3393 1705 3464 signiﬁcari,
1739 3408 1847 3468 per
1875 3394 2203 3453 essentiam

543 3499 767 3558 nempe
785 3487 1159 3541 etnaturam.
1180 3483 1237 3541 Si
1256 3483 1440 3555 igitur
1465 3498 1655 3540 unum
1676 3482 1827 3540 illud
1849 3498 1922 3540 ex
1942 3483 2205 3542 duarum

543 3578 902 3641 naturarum
948 3573 1281 3646 perfectum
1332 3571 1556 3630 unione
1586 3576 1804 3629 natura
1833 3577 1942 3645 est,
1983 3574 2207 3632 scilicet

544 3664 826 3733 essentia,
873 3668 1031 3721 recte
1070 3678 1216 3734 ergo
1255 3678 1446 3720 unam
1476 3676 1613 3719 esse
1641 3666 1921 3719 naturam
1966 3663 2203 3720 Domini

544 3753 763 3811 Christi
794 3757 932 3827 post
961 3753 1252 3810 unionem
1273 3752 1656 3821 conﬁtemur,
1686 3766 2046 3825 quanquam
2075 3768 2201 3810 non

545 3841 905 3917 simplicem,
948 3842 1055 3899 sed
1084 3840 1493 3914 compositam
1542 3855 1681 3897 eam
1742 3855 1874 3897 esse
1917 3841 2198 3899 dicimus.

543 3935 774 3991 Nomen
794 3933 957 3990 enim
984 3932 1250 3989 Christus
1266 3946 1388 3987 non
1418 3933 1616 4003 potest
1639 3929 1950 4002 utriusque
1971 3936 2201 3987 naturas

542 4020 938 4079 indicativum
970 4036 1121 4078 esse.
1146 4018 1203 4078 Si
1223 4019 1385 4076 enim
1405 4033 1529 4075 non
1558 4021 1718 4074 esset
1745 4017 2200 4091 aliquidunum,

542 4109 709 4182 quod
738 4125 810 4166 ex
861 4109 1124 4189 duarum
1174 4111 1535 4165 naturarum
1592 4105 1820 4164 unione
1871 4107 2196 4180 perﬁcitur,

540 4197 919 4272 impossibile
949 4203 1105 4254 esset
1132 4197 1259 4253 sive
1291 4196 1368 4253 de
1397 4196 1604 4254 anima
1635 4200 1694 4254 et
1722 4212 1975 4270 corpore
2005 4214 2198 4257 unum

541 4286 809 4345 hominis
847 4301 1071 4343 nomen
1112 4285 1426 4359 appellari,
1458 4285 1584 4342 sive
1612 4284 1690 4341 de
1729 4286 1938 4343 Christi
1981 4287 2199 4345 divini-

541 4381 661 4436 tate
684 4379 744 4434 et
763 4376 1162 4446 humanitate,
1185 4374 1299 4433 nisi
1323 4392 1396 4432 ex
1434 4375 1507 4432 iis
1550 4389 1742 4433 unum
1772 4375 1923 4450 quid
1969 4376 2199 4436 factum

543 4466 642 4539 sit,
671 4466 886 4525 Christi
913 4481 1139 4525 nomen
1158 4464 1398 4540 utrique
1422 4463 1577 4522 dari.

2904 1243 3296 1309 Μονοφυσιτῶν.

2379 1342 2468 1403 ιη’.
2518 1348 2740 1418 Πότερον
2797 1343 2852 1397 ἐκ
2888 1353 2977 1407 τῆς
3028 1352 3127 1398 τῶν
3189 1342 3273 1397 ἐπὶ
3327 1351 3563 1418 Χριστοῦ
3619 1341 3914 1416 λεγομένων

2308 1429 2406 1486 δύο
2438 1436 2638 1506 φύσεων
2679 1433 2901 1495 ἐνώσεως
2933 1437 3110 1505 γέγονέ
3145 1453 3199 1486 τι
3237 1432 3308 1503 ἓν,
3354 1434 3382 1492 ᾖ
3436 1436 3534 1498 οῦ;
3577 1432 3635 1486 Εἰ
3674 1437 3763 1505 μεν
3814 1433 3915 1485 οὖν

2307 1526 2379 1595 μὴ
2429 1523 2609 1594 γέγονέ
2661 1542 2715 1575 τι
2765 1521 2821 1587 ἐξ
2874 1524 3039 1575 αύτῶν
3093 1522 3164 1592 ἓν,
3215 1530 3326 1584 πῶς
3368 1526 3459 1575 καὶ
3501 1523 3736 1581 ἡνῶσθαι
3774 1520 3913 1584 ὅλως

2316 2868 2525 2941 πότερον
2556 2867 2714 2937 φύσις
2743 2866 2856 2918 ἑστὶ
2911 2872 3087 2932 τοῦτο,
3137 2869 3297 2937 ἤγουν
3335 2864 3513 2931 οὐσία,
3573 2865 3603 2926 ἣ
3653 2872 3752 2919 τῶν
3788 2870 3925 2940 περὶ

2312 2958 2405 3012 τήν
2458 2953 2642 3006 οὐσίαν
2681 2972 2734 3006 τι
2783 2952 3228 3027 συμϐεϐηκότων;
3289 2953 3491 3008 Ούκούν
3532 2954 3575 3007 εἰ
3616 2952 3728 3007 κατ’
3782 2953 3921 3010 αὐτὸ

2313 3046 2373 3097 τὸ
2400 3038 2527 3096 εἶναι
2566 3045 2747 3115 φύσεις
2796 3044 3095 3111 ἠνώθησαν,
3124 3048 3215 3096 καὶ
3264 3039 3359 3098 διὰ
3399 3051 3553 3098 τοῦτο
3582 3046 3640 3096 τὸ
3689 3042 3738 3097 ἓν
3765 3046 3825 3096 τὸ
3860 3043 3924 3098 ἐκ

2313 3139 2407 3195 τῆς
2467 3131 2695 3195 ἕνὼσεως
2758 3130 2928 3186 αὐτῶν
2979 3130 3312 3187 ἁποτελεσθὶν
3379 3136 3497 3186 οῦτε
3561 3131 3713 3205 ψιλόν
3768 3131 3923 3188 ἐστιν

2316 3224 2495 3294 ὄνομα,
2529 3225 2644 3276 οὔτε
2685 3220 3015 3295 συμϐεϐηκός
3070 3241 3122 3274 τι
3168 3226 3256 3276 καὶ
3307 3221 3759 3298 παρακολούθημα
3803 3226 3919 3295 φύ-

2317 3329 2462 3379 σεως,
2517 3310 2749 3365 λείπεται
2802 3309 2856 3375 ἐξ
2921 3309 3170 3383 ἀνάγκης,
3229 3310 3416 3365 οὐσίαν
3461 3308 3591 3365 εἶναι
3631 3317 3803 3382 τοῦτο,
3880 3313 3916 3373 ἡ

2316 3402 2471 3473 φύσιν
2532 3421 2544 3435 ο
2612 3402 2808 3455 κείσθω
2841 3401 2944 3473 γάρ
2994 3420 3083 3453 νυν
3130 3396 3187 3453 δί
3214 3400 3455 3475 ἐκατέρου
3485 3404 3673 3454 ταυτὸν
3710 3406 3920 3473 σημαί-

2313 3490 2515 3558 νεσθαι,
2557 3485 2653 3543 διὰ
2692 3497 2789 3553 τῆς
2819 3489 3025 3559 οὐσίας,
3066 3494 3220 3563 φημὶ,
3260 3494 3476 3552 καὶτῆς
3501 3491 3733 3563 φύσεως·
3765 3488 3809 3542 εἰ
3852 3486 3919 3546 δὲ

2313 3580 2371 3629 τὸ
2430 3577 2478 3631 ἓν
2525 3580 2584 3631 τὸ
2632 3578 2684 3632 ἐκ
2742 3586 2838 3642 τῆς
2880 3578 3109 3641 ἑνώσεως
3153 3586 3253 3631 τῶν
3299 3575 3397 3632 δύο
3444 3581 3641 3652 φύσεων
3672 3577 3921 3633 ἀποτετε-

2312 3665 2551 3740 λεσμένον
2591 3671 2745 3741 φύσις
2801 3670 2963 3735 ἐστὶν,
3002 3671 3165 3739 ἤγουν
3210 3667 3387 3738 οὐσία,
3429 3674 3597 3731 καλῶς
3641 3668 3746 3741 ἄρα
3782 3672 3918 3741 μίαν

2313 3752 2443 3808 εἶναι
2497 3761 2591 3815 τὴν
2653 3760 2809 3829 φύσιν
2871 3763 2962 3810 τοῦ
3020 3761 3280 3810 Δεσπότου
3337 3763 3572 3830 Χριστοῦ
3629 3757 3761 3829 μετὰ
3814 3761 3919 3815 τὴν

2312 3845 2497 3898 ἕνωσιν
2547 3845 2915 3919 ὁμολογοῦμεν,
2949 3845 2994 3898 εἰ
3030 3851 3121 3899 καὶ
3179 3850 3251 3919 μὴ
3302 3846 3489 3916 ἁπλῆν,
3557 3844 3685 3898 ἁ).λὰ
3724 3847 3917 3900 σύνθε-

2309 3952 2396 3987 τον
2428 3933 2556 3988 εἶναι
2584 3938 2779 3994 ταύτην
2837 3939 2998 4009 φαμέν
3040 3954 3054 3967 '
3086 3939 3143 3988 τὸ
3201 3938 3303 4010 γὰρ
3347 3939 3576 4009 Χριστὸς
3618 3938 3781 4007 ὄνομα
3808 3942 3917 3988 τῶν

2311 4026 2510 4096 φύσεων
2568 4024 2868 4101 ἀμφοτέρων
2918 4021 3046 4077 εἶναι
3088 4021 3377 4082 ὃηλωτικον
3426 4024 3485 4078 ού
3544 4020 3767 4077 δύναται
3796 4040 3810 4054 ’
3870 4024 3918 4077 εἰ

2309 4132 2408 4186 γαρ
2456 4118 2529 4187 μὴ
2564 4116 2641 4173 εἴη
2686 4135 2738 4168 τι
2784 4114 2831 4169 ἓν
2861 4118 2917 4167 τὸ
2962 4112 3016 4167 ἐκ
3061 4121 3154 4175 τῆς
3192 4112 3415 4175 ἑνώσεως
3445 4122 3545 4166 τῶν
3578 4109 3676 4166 δύο
3708 4115 3916 4186 φύσεων

2312 4202 2786 4277 ἀποτετελεσμένον,
2852 4200 3110 4257 ἀδύνατον
3158 4203 3187 4262 ἦ
3231 4202 3313 4256 ἐπὶ
3374 4202 3558 4275 ψυχῆς
3609 4207 3699 4255 καὶ
3730 4208 3915 4275 σώμα-

2308 4311 2396 4355 τος
2444 4292 2492 4346 ἓν
2537 4295 2591 4346 τὸ
2621 4300 2712 4346 τοῦ
2754 4291 3029 4366 ἀνθρώπου
3083 4292 3495 4367 κατηγορεῖσθαι
3533 4295 3713 4364 ὄνομα,
3748 4289 3779 4350 ἢ
3829 4291 3919 4345 ἐπὶ

2307 4390 2406 4443 τῆς
2470 4389 2562 4435 τοῦ
2622 4389 2856 4455 Χριστοῦ
2933 4383 3176 4443 θεότητος
3237 4400 3292 4434 τι
3337 4384 3430 4433 καὶ
3485 4379 3910 4453 ἀνθρωπότητος,

2308 4468 2529 4544 μηδενὸς
2557 4471 2610 4535 ἐξ
2635 4471 2802 4524 αὐτῶν
2832 4472 2940 4533 ἔνὸς
2958 4474 3251 4543 γενομένου,
3282 4473 3374 4528 r'r'.»
3404 4476 3640 4543 Χριστοῦ
3666 4468 3917 4542 λέγεσθαι

2307 4565 2666 4636 προσηγορίαν
2694 4560 2773 4613 ἐπ’
2800 4558 3013 4633 ἀμφοῖν.

806 4662 952 4722 Alia
979 4662 1549 4735 Monophysitarum
1577 4664 1926 4734 propositio.

614 4771 701 4827 19.
734 4770 793 4829 Si
816 4770 1031 4829 Christi
1055 4775 1284 4829 naturae
1307 4770 1491 4828 unitas
1521 4768 1659 4827 duae
1707 4774 1851 4827 sunt
1877 4770 1993 4840 vel,
2028 4772 2197 4845 quod

539 4860 703 4918 idem
729 4861 1218 4932 sonat,essentiae
1237 4860 1535 4934 (assentire
1562 4859 1723 4916 enim
1743 4865 1883 4916 sunt
1903 4861 2110 4919 divina
2140 4866 2196 4919 et

538 4950 812 5007 humana
824 4950 1031 5023 procul
1047 4949 1331 5018 duliio,ex
1346 4949 1567 5023 quibus
1581 4954 1933 5006 naturarum
1946 4950 2196 5023 duplicis

2578 4667 2783 4743 Ἕτερον
2813 4666 3093 4742 πρόϐλημα
3111 4673 3209 4719 τῶν
3231 4672 3627 4738 Μονοφνσιτῶν.

2380 4775 2465 4833 ιϐ’.
2502 4779 2658 4849 Εἴπερ
2710 4777 2765 4828 αἱ
2814 4781 2905 4828 τοῦ
2959 4781 3196 4848 Χριστοῦ
3241 4776 3421 4846 φύσεις
3475 4773 3748 4826 ἑνωθείσαι
3807 4769 3914 4828 δύο

2303 4867 2655 4937 τυθχοίνονσι,
2718 4867 2902 4917 ταυτὸν
2960 4861 3019 4916 δὲ
3074 4863 3232 4916 εἰπεῖν
3298 4864 3496 4930 ούσίαι,
3550 4862 3733 4916 ούσίαι
3802 4865 3913 4937 γὰρ
3998 4872 4003 4873 ⁷

2304 4952 2565 5013 δήπουθεν
2606 4957 2633 5013 ἦ
2686 4973 2739 5007 τε
2785 4955 2937 5007 θεία·
2984 4957 3073 5005 καὶ
3130 4954 3160 5010 ἡ
3227 4950 3564 5025 ἀνθρώπειος,
3620 4952 3695 5024 ἐφ’
3735 4952 3805 5003 ὧν
3847 4958 3912 5007 τὸ

537 5040 911 5097 tatisnomen
927 5038 1443 5111 inferunt),utrum
1460 5038 1806 5111 alterquam
1820 5039 1949 5109 ejus
1966 5047 2191 5096 naturae

538 5129 928 5201 Christusest,
948 5146 1024 5187 an
1046 5131 1204 5187 idem
1228 5146 1296 5187 ac
1318 5130 1447 5201 ejus
1475 5130 1743 5187 naturae?
1764 5130 1819 5185 Si
1843 5129 2023 5202 igitur
2044 5124 2217 5188 alter‘

536 5221 626 5275 est
652 5234 722 5275 ac
747 5219 878 5291 ejus
912 5226 1141 5276 naturae
1174 5218 1459 5282 Christus.
1496 5218 1630 5291 quis
1664 5222 1775 5283 est,
1807 5222 1871 5274 ut
1894 5218 2041 5274 alter
2062 5236 2190 5275 esse

532 5308 769 5380 pessit?
797 5308 912 5365 Sed
961 5309 1107 5365 nihil
1147 5309 1399 5365 alterum
1434 5312 1522 5364 est
1552 5323 1624 5363 ac
1654 5310 1786 5377 ejus
1821 5311 2034 5364 natura
2087 5314 2190 5365 aut

532 5397 812 5453 essentia.
850 5398 905 5455 Si
928 5400 1077 5453 enim
1107 5398 1371 5453 hominis
1402 5401 1645 5461 natura,
1670 5396 1994 5451 essentiam
2028 5397 2186 5466 dico,

527 5485 589 5541 in
619 5501 691 5541 eo
722 5488 992 5542 consistit
1026 5486 1192 5559 quod
1216 5492 1302 5543 est
1330 5484 1556 5541 animal
1598 5484 1893 5540 rationale
1934 5486 2184 5543 mortale

524 5574 927 5657 (deﬁnitiones
940 5577 1099 5631 enim
1115 5592 1314 5631 rerum
1331 5591 1539 5631 carum
1560 5589 1732 5629 essen
1746 5574 1853 5629 tias
1872 5574 2181 5645 indicunt),

523 5664 574 5719 si
603 5664 789 5723 homo
813 5665 962 5738 quid
984 5665 1291 5721 diversum
1305 5664 1379 5721 sit
1409 5679 1447 5720 a
1470 5679 1579 5720 sua
1594 5664 1878 5732 essentia,
1902 5679 2020 5720 non
2044 5680 2180 5736 pro-

2301 5053 2397 5108 τῆς
2463 5040 2663 5106 δυάδος
2717 5051 2816 5096 τῶν
2879 5045 3081 5115 φύσεων
3144 5045 3387 5114 φέρουσιν
3435 5042 3618 5114 ὄνομα,
3688 5044 3913 5115 πότερον

2301 5135 2468 5209 ἔτερος
2525 5135 2780 5205 τυγχάνει
2832 5140 2930 5185 τῶν
2992 5131 3174 5185 ἑαυτοῦ
3234 5133 3435 5203 φύσεων
3501 5132 3527 5183 ὁ
3577 5134 3829 5204 Χριστὸς,
3878 5132 3912 5192 ἢ

2298 5227 2485 5275 ταντόν
2536 5222 2647 5276 ἐστι
2684 5229 2793 5283 ταῖς
2832 5219 2991 5274 αὐτοῦ
3036 5223 3293 5293 φύσεσιν;
3332 5219 3390 5273 Εἰ
3439 5221 3532 5292 μὶν
3595 5216 3681 5272 οὖν
3735 5220 3914 5295 ἕτερός

2299 5310 2411 5363 ἔστι
2469 5320 2567 5363 τῶν
2620 5308 2780 5363 αὐτοῦ
2830 5312 3028 5383 φύσεων
3095 5311 3120 5362 ὁ
3160 5312 3419 5383 Χριστὸς,
3460 5313 3538 5371 τίς
3599 5307 3688 5377 ὢν,
3731 5307 3913 5381 ἕτερος

2298 5400 2465 5451 αὖτών
2527 5402 2819 5471 τυγχάνεη
2869 5397 3003 5452 Ἀλλ’
3051 5394 3202 5451 οὐδὲν
3253 5406 3354 5451 τῶν
3410 5399 3565 5450 ὄντων
3606 5404 3704 5459 τῆς
3740 5397 3912 5452 αύτού

2297 5491 2494 5561 φύσεως
2550 5489 2578 5547 ἣ
2648 5488 2828 5549 ούσίας
2875 5489 3042 5560 ἕτερον
3095 5486 3234 5538 ἐστιν
3271 5507 3283 5520 ·
3333 5486 3375 5540 εἰ
3424 5487 3526 5559 γὰρ
3580 5487 3610 5544 ἠ
3661 5493 3751 5538 τοῦ
3821 5486 3915 5540 ἀν.

2298 5580 2506 5652 θρώπον
2569 5580 2744 5650 φύσις,
2804 5581 2921 5636 ἤτοι
2959 5577 3137 5640 οὐσία,
3196 5579 3254 5628 τὸ
3294 5575 3427 5636 ζῶον
3466 5574 3672 5647 λογικὸν
3715 5576 3907 5634 θνητόν

2296 5666 2454 5739 ἐστιν,
2506 5669 2555 5719 οἱ
2600 5664 2702 5742 γὰρ
2751 5667 2966 5741 ὀρισμοὶ
3022 5673 3124 5719 τῶν
3184 5667 3510 5742 πραγμάτων
3564 5672 3659 5726 τῆς
3707 5666 3906 5731 οὐσίας
