  <div class='ocr_page' id='page_1' title='image "/cluster/home/n/w/nwhite01/storage/ocr_20150623/140/pst.000005714568/048.png"; bbox 0 0 4040 6318; ppageno 0'>
   <div class='ocr_carea' id='block_1_1' title="bbox 137 280 3535 373">
    <p class='ocr_par' dir='ltr' id='par_1_1' title="bbox 137 280 3535 373">
     <span class='ocr_line' id='line_1_1' title="bbox 137 280 3535 373; baseline 0.005 -18"><span class='ocrx_word' id='word_1_1' title='bbox 137 303 217 356; x_wconf 72' lang='lat'>57</span> <span class='ocrx_word' id='word_1_2' title='bbox 1527 303 1882 365; x_wconf 65' lang='lat' dir='ltr'>russam!</span> <span class='ocrx_word' id='word_1_3' title='bbox 1922 306 2053 367; x_wconf 82' lang='lat' dir='ltr'>Lm.</span> <span class='ocrx_word' id='word_1_4' title='bbox 2094 309 2186 366; x_wconf 84' lang='lat' dir='ltr'>1x.</span> <span class='ocrx_word' id='word_1_5' title='bbox 3013 280 3017 286; x_wconf 71' lang='grc'><em>’</em></span> <span class='ocrx_word' id='word_1_6' title='bbox 3469 317 3535 373; x_wconf 82' lang='grc'>58</span> 
     </span>
    </p>
   </div>
   <div class='ocr_carea' id='block_1_2' title="bbox 131 421 1760 507">
    <p class='ocr_par' dir='ltr' id='par_1_2' title="bbox 131 421 1760 507">
     <span class='ocr_line' id='line_1_2' title="bbox 131 421 1760 507; baseline 0.006 -31"><span class='ocrx_word' id='word_1_7' title='bbox 131 424 315 477; x_wconf 66' lang='grc' dir='ltr'>αὐτῶν</span> <span class='ocrx_word' id='word_1_8' title='bbox 368 422 478 478; x_wconf 72' lang='grc' dir='ltr'>εἰσι</span> <span class='ocrx_word' id='word_1_9' title='bbox 520 421 829 498; x_wconf 75' lang='grc' dir='ltr'>δηλωτικοὶ,</span> <span class='ocrx_word' id='word_1_10' title='bbox 872 426 1040 504; x_wconf 77' lang='grc' dir='ltr'>ἕτερον</span> <span class='ocrx_word' id='word_1_11' title='bbox 1088 425 1149 485; x_wconf 67' lang='grc' dir='ltr'>δὶ</span> <span class='ocrx_word' id='word_1_12' title='bbox 1200 433 1278 490; x_wconf 83' lang='grc' dir='ltr'>ιῖη</span> <span class='ocrx_word' id='word_1_13' title='bbox 1310 431 1337 484; x_wconf 92' lang='lat'><strong><em>6</em></strong></span> <span class='ocrx_word' id='word_1_14' title='bbox 1369 432 1638 507; x_wconf 79' lang='grc' dir='ltr'>ἅνθρωπος</span> <span class='ocrx_word' id='word_1_15' title='bbox 1675 440 1760 496; x_wconf 76' lang='grc' dir='ltr'>τῆς</span> 
     </span>
    </p>
   </div>
   <div class='ocr_carea' id='block_1_3' title="bbox 1873 421 3536 507">
    <p class='ocr_par' dir='ltr' id='par_1_3' title="bbox 1880 432 3536 497">
     <span class='ocr_line' id='line_1_3' title="bbox 1880 432 3536 497; baseline 0.004 -9"><span class='ocrx_word' id='word_1_16' title='bbox 1880 432 2021 489; x_wconf 92' lang='lat' dir='ltr'>inde</span> <span class='ocrx_word' id='word_1_17' title='bbox 2050 437 2210 491; x_wconf 81' lang='lat' dir='ltr'><strong>esset</strong></span> <span class='ocrx_word' id='word_1_18' title='bbox 2238 433 2464 491; x_wconf 81' lang='lat' dir='ltr'>animal</span> <span class='ocrx_word' id='word_1_19' title='bbox 2499 434 2797 493; x_wconf 88' lang='lat' dir='ltr'>rationale</span> <span class='ocrx_word' id='word_1_20' title='bbox 2839 435 3110 494; x_wconf 89' lang='lat' dir='ltr'>mortale.</span> <span class='ocrx_word' id='word_1_21' title='bbox 3152 437 3346 496; x_wconf 85' lang='lat' dir='ltr'>Homo</span> <span class='ocrx_word' id='word_1_22' title='bbox 3386 437 3536 497; x_wconf 86' lang='lat' dir='ltr'>nihil</span> 
     </span>
    </p>
   </div>
   <div class='ocr_carea' id='block_1_4' title="bbox 131 514 1770 593">
    <p class='ocr_par' dir='ltr' id='par_1_4' title="bbox 131 514 1770 593">
     <span class='ocr_line' id='line_1_4' title="bbox 131 514 1770 593; baseline 0.005 -27"><span class='ocrx_word' id='word_1_23' title='bbox 131 514 337 576; x_wconf 61' lang='grc' dir='ltr'>οὐσίας</span> <span class='ocrx_word' id='word_1_24' title='bbox 372 514 562 586; x_wconf 77' lang='grc' dir='ltr'>αὐτοῦ,</span> <span class='ocrx_word' id='word_1_25' title='bbox 597 516 766 591; x_wconf 76' lang='grc' dir='ltr'>ἔτερος</span> <span class='ocrx_word' id='word_1_26' title='bbox 803 518 865 570; x_wconf 80' lang='grc' dir='ltr'>ἄν</span> <span class='ocrx_word' id='word_1_27' title='bbox 897 520 973 577; x_wconf 74' lang='grc' dir='ltr'>εἴη</span> <span class='ocrx_word' id='word_1_28' title='bbox 1014 526 1108 573; x_wconf 86' lang='grc' dir='ltr'>τοῦ</span> <span class='ocrx_word' id='word_1_29' title='bbox 1138 520 1276 582; x_wconf 81' lang='grc' dir='ltr'>ζώου</span> <span class='ocrx_word' id='word_1_30' title='bbox 1305 520 1518 593; x_wconf 80' lang='grc' dir='ltr'>λογικοῦ</span> <span class='ocrx_word' id='word_1_31' title='bbox 1559 524 1770 582; x_wconf 77' lang='grc' dir='ltr'>Θνητοῦ.</span> 
     </span>
    </p>
   </div>
   <div class='ocr_carea' id='block_1_5' title="bbox 128 602 1768 684">
    <p class='ocr_par' dir='ltr' id='par_1_5' title="bbox 128 602 1768 684">
     <span class='ocr_line' id='line_1_5' title="bbox 128 602 1768 684; baseline 0.005 -27"><span class='ocrx_word' id='word_1_32' title='bbox 128 612 197 657; x_wconf 87' lang='grc' dir='ltr'>Ὁ</span> <span class='ocrx_word' id='word_1_33' title='bbox 217 606 514 679; x_wconf 64' lang='grc' dir='ltr'>ἅνθρωπος</span> <span class='ocrx_word' id='word_1_34' title='bbox 554 602 707 659; x_wconf 69' lang='grc' dir='ltr'>οὐδὲν</span> <span class='ocrx_word' id='word_1_35' title='bbox 737 605 863 660; x_wconf 71' lang='grc' dir='ltr'>ἄλλο</span> <span class='ocrx_word' id='word_1_36' title='bbox 893 607 1034 662; x_wconf 75' lang='grc' dir='ltr'>ἔστὶν</span> <span class='ocrx_word' id='word_1_37' title='bbox 1081 611 1111 670; x_wconf 73' lang='grc' dir='ltr'><strong><em>ἦ</em></strong></span> <span class='ocrx_word' id='word_1_38' title='bbox 1161 611 1291 672; x_wconf 78' lang='grc' dir='ltr'>ζῶον</span> <span class='ocrx_word' id='word_1_39' title='bbox 1328 610 1533 684; x_wconf 78' lang='grc' dir='ltr'>λογικὸν</span> <span class='ocrx_word' id='word_1_40' title='bbox 1566 613 1768 673; x_wconf 71' lang='grc' dir='ltr'>Θνητόιν</span> 
     </span>
    </p>
   </div>
   <div class='ocr_carea' id='block_1_6' title="bbox 134 694 1771 775">
    <p class='ocr_par' dir='ltr' id='par_1_6' title="bbox 134 694 1771 775">
     <span class='ocr_line' id='line_1_6' title="bbox 134 694 1771 775; baseline 0.004 -29"><span class='ocrx_word' id='word_1_41' title='bbox 134 695 336 747; x_wconf 63' lang='grc' dir='ltr'>οὐκοῦν</span> <span class='ocrx_word' id='word_1_42' title='bbox 393 694 440 747; x_wconf 69' lang='grc' dir='ltr'>εἰ</span> <span class='ocrx_word' id='word_1_43' title='bbox 477 700 570 748; x_wconf 76' lang='grc' dir='ltr'>καὶ</span> <span class='ocrx_word' id='word_1_44' title='bbox 626 697 653 747; x_wconf 96' lang='lat'><strong><em>6</em></strong></span> <span class='ocrx_word' id='word_1_45' title='bbox 713 700 944 772; x_wconf 76' lang='grc' dir='ltr'>Χριστὸς</span> <span class='ocrx_word' id='word_1_46' title='bbox 988 706 1087 750; x_wconf 83' lang='grc' dir='ltr'>τῶν</span> <span class='ocrx_word' id='word_1_47' title='bbox 1129 695 1292 753; x_wconf 75' lang='grc' dir='ltr'>αὖτοῦ</span> <span class='ocrx_word' id='word_1_48' title='bbox 1344 702 1563 773; x_wconf 75' lang='grc' dir='ltr'>φύσεων,</span> <span class='ocrx_word' id='word_1_49' title='bbox 1611 705 1771 775; x_wconf 87' lang='grc' dir='ltr'>ἤγουν</span> 
     </span>
    </p>
   </div>
   <div class='ocr_carea' id='block_1_7' title="bbox 134 783 1770 862">
    <p class='ocr_par' dir='ltr' id='par_1_7' title="bbox 134 783 1770 862">
     <span class='ocr_line' id='line_1_7' title="bbox 134 783 1770 862; baseline 0.003 -26"><span class='ocrx_word' id='word_1_50' title='bbox 134 783 375 849; x_wconf 64' lang='grc' dir='ltr'>οὐσιῶν,</span> <span class='ocrx_word' id='word_1_51' title='bbox 415 783 655 857; x_wconf 71' lang='grc' dir='ltr'>ὑπάρχει</span> <span class='ocrx_word' id='word_1_52' title='bbox 694 786 889 862; x_wconf 79' lang='grc' dir='ltr'>ἔτερος,</span> <span class='ocrx_word' id='word_1_53' title='bbox 928 791 984 840; x_wconf 82' lang='grc' dir='ltr'>τὸ</span> <span class='ocrx_word' id='word_1_54' title='bbox 1018 784 1077 841; x_wconf 65' lang='grc' dir='ltr'>δὲ</span> <span class='ocrx_word' id='word_1_55' title='bbox 1123 785 1252 842; x_wconf 76' lang='grc' dir='ltr'>εἶναι</span> <span class='ocrx_word' id='word_1_56' title='bbox 1280 788 1483 862; x_wconf 78' lang='grc' dir='ltr'>ἑκάστῳ</span> <span class='ocrx_word' id='word_1_57' title='bbox 1521 793 1654 843; x_wconf 83' lang='grc' dir='ltr'>κατὰ</span> <span class='ocrx_word' id='word_1_58' title='bbox 1682 795 1770 849; x_wconf 69' lang='grc' dir='ltr'>τὴν</span> 
     </span>
    </p>
   </div>
   <div class='ocr_carea' id='block_1_8' title="bbox 136 874 1770 952">
    <p class='ocr_par' dir='ltr' id='par_1_8' title="bbox 136 874 1770 952">
     <span class='ocr_line' id='line_1_8' title="bbox 136 874 1770 952; baseline 0.007 -29"><span class='ocrx_word' id='word_1_59' title='bbox 136 877 304 945; x_wconf 64' lang='grc' dir='ltr'>φῦσα</span> <span class='ocrx_word' id='word_1_60' title='bbox 348 876 482 933; x_wconf 73' lang='grc' dir='ltr'>ἦτοι</span> <span class='ocrx_word' id='word_1_61' title='bbox 526 874 711 927; x_wconf 80' lang='grc' dir='ltr'>οῦσὶαν</span> <span class='ocrx_word' id='word_1_62' title='bbox 759 875 925 929; x_wconf 70' lang='grc' dir='ltr'>αὐτοῦ</span> <span class='ocrx_word' id='word_1_63' title='bbox 967 875 1129 949; x_wconf 73' lang='grc' dir='ltr'>ἔστιν,</span> <span class='ocrx_word' id='word_1_64' title='bbox 1169 881 1239 941; x_wconf 84' lang='grc' dir='ltr'>ὡς</span> <span class='ocrx_word' id='word_1_65' title='bbox 1287 875 1574 952; x_wconf 74' lang='grc' dir='ltr'>ἒδιίξαμςν,</span> <span class='ocrx_word' id='word_1_66' title='bbox 1620 884 1770 943; x_wconf 82' lang='grc' dir='ltr'>αὸτός</span> 
     </span>
    </p>
   </div>
   <div class='ocr_carea' id='block_1_9' title="bbox 134 962 1768 1044">
    <p class='ocr_par' dir='ltr' id='par_1_9' title="bbox 134 962 1768 1044">
     <span class='ocr_line' id='line_1_9' title="bbox 134 962 1768 1044; baseline 0.006 -30"><span class='ocrx_word' id='word_1_67' title='bbox 134 965 246 1037; x_wconf 68' lang='grc' dir='ltr'>ἄρα</span> <span class='ocrx_word' id='word_1_68' title='bbox 271 962 477 1016; x_wconf 72' lang='grc' dir='ltr'>ἑαυτοῦ</span> <span class='ocrx_word' id='word_1_69' title='bbox 505 965 531 1016; x_wconf 87' lang='lat'><strong><em>6</em></strong></span> <span class='ocrx_word' id='word_1_70' title='bbox 556 968 788 1039; x_wconf 78' lang='grc' dir='ltr'>Χριστὸς</span> <span class='ocrx_word' id='word_1_71' title='bbox 807 966 972 1042; x_wconf 77' lang='grc' dir='ltr'>ἔτερος</span> <span class='ocrx_word' id='word_1_72' title='bbox 993 969 1161 1040; x_wconf 76' lang='grc' dir='ltr'>ἔσται,</span> <span class='ocrx_word' id='word_1_73' title='bbox 1186 972 1309 1042; x_wconf 76' lang='grc' dir='ltr'>ὅπερ</span> <span class='ocrx_word' id='word_1_74' title='bbox 1339 972 1467 1044; x_wconf 81' lang='grc' dir='ltr'>πρὸς</span> <span class='ocrx_word' id='word_1_75' title='bbox 1494 978 1564 1041; x_wconf 80' lang='grc' dir='ltr'>τῷ</span> <span class='ocrx_word' id='word_1_76' title='bbox 1586 969 1768 1043; x_wconf 80' lang='grc' dir='ltr'>ἁταπῳ</span> 
     </span>
    </p>
   </div>
   <div class='ocr_carea' id='block_1_10' title="bbox 132 1053 1769 1133">
    <p class='ocr_par' dir='ltr' id='par_1_10' title="bbox 132 1053 1769 1133">
     <span class='ocr_line' id='line_1_10' title="bbox 132 1053 1769 1133; baseline 0.005 -28"><span class='ocrx_word' id='word_1_77' title='bbox 132 1057 231 1105; x_wconf 72' lang='grc' dir='ltr'>καὶ</span> <span class='ocrx_word' id='word_1_78' title='bbox 273 1055 340 1106; x_wconf 78' lang='grc' dir='ltr'>τὸ</span> <span class='ocrx_word' id='word_1_79' title='bbox 392 1053 596 1124; x_wconf 66' lang='grc' dir='ltr'>γελοῖον</span> <span class='ocrx_word' id='word_1_80' title='bbox 639 1057 773 1126; x_wconf 73' lang='grc' dir='ltr'>ἔχει’</span> <span class='ocrx_word' id='word_1_81' title='bbox 814 1055 908 1108; x_wconf 80' lang='grc' dir='ltr'>οῦκ</span> <span class='ocrx_word' id='word_1_82' title='bbox 952 1058 1056 1131; x_wconf 80' lang='grc' dir='ltr'>ἄρα</span> <span class='ocrx_word' id='word_1_83' title='bbox 1088 1057 1260 1133; x_wconf 72' lang='grc' dir='ltr'>ἕτερός</span> <span class='ocrx_word' id='word_1_84' title='bbox 1304 1056 1445 1111; x_wconf 75' lang='grc' dir='ltr'>ἐστιν</span> <span class='ocrx_word' id='word_1_85' title='bbox 1474 1060 1501 1111; x_wconf 89' lang='lat'><strong><em>6</em></strong></span> <span class='ocrx_word' id='word_1_86' title='bbox 1540 1063 1769 1133; x_wconf 81' lang='grc' dir='ltr'>Χριστὸς</span> 
     </span>
    </p>
   </div>
   <div class='ocr_carea' id='block_1_11' title="bbox 134 1141 1767 1224">
    <p class='ocr_par' dir='ltr' id='par_1_11' title="bbox 134 1141 1767 1224">
     <span class='ocr_line' id='line_1_11' title="bbox 134 1141 1767 1224; baseline 0.006 -31"><span class='ocrx_word' id='word_1_87' title='bbox 134 1149 240 1193; x_wconf 69' lang='grc' dir='ltr'>τῶν</span> <span class='ocrx_word' id='word_1_88' title='bbox 303 1141 509 1196; x_wconf 75' lang='grc' dir='ltr'>ἑαυτοῦ</span> <span class='ocrx_word' id='word_1_89' title='bbox 566 1146 786 1216; x_wconf 72' lang='grc' dir='ltr'>φύσεων*</span> <span class='ocrx_word' id='word_1_90' title='bbox 843 1145 887 1198; x_wconf 73' lang='grc' dir='ltr'><strong>εἰ</strong></span> <span class='ocrx_word' id='word_1_91' title='bbox 943 1142 1005 1199; x_wconf 64' lang='grc' dir='ltr'><strong>δί</strong></span> <span class='ocrx_word' id='word_1_92' title='bbox 1056 1151 1127 1219; x_wconf 80' lang='grc' dir='ltr'>μὴ</span> <span class='ocrx_word' id='word_1_93' title='bbox 1174 1148 1363 1223; x_wconf 74' lang='grc' dir='ltr'>ἔτερος,</span> <span class='ocrx_word' id='word_1_94' title='bbox 1420 1152 1607 1201; x_wconf 85' lang='grc' dir='ltr'>ταυτὸν</span> <span class='ocrx_word' id='word_1_95' title='bbox 1662 1150 1767 1224; x_wconf 78' lang='grc' dir='ltr'>ἄρα</span> 
     </span>
    </p>
   </div>
   <div class='ocr_carea' id='block_1_12' title="bbox 135 1232 1766 1309">
    <p class='ocr_par' dir='ltr' id='par_1_12' title="bbox 135 1232 1766 1309">
     <span class='ocr_line' id='line_1_12' title="bbox 135 1232 1766 1309; baseline 0.004 -25"><span class='ocrx_word' id='word_1_96' title='bbox 135 1234 394 1303; x_wconf 72' lang='grc' dir='ltr'>Χριστὸν</span> <span class='ocrx_word' id='word_1_97' title='bbox 451 1250 511 1286; x_wconf 86' lang='grc' dir='ltr'>τε</span> <span class='ocrx_word' id='word_1_98' title='bbox 557 1232 715 1285; x_wconf 77' lang='grc' dir='ltr'>εἰπεῖν</span> <span class='ocrx_word' id='word_1_99' title='bbox 764 1239 856 1286; x_wconf 82' lang='grc' dir='ltr'>καὶ</span> <span class='ocrx_word' id='word_1_100' title='bbox 895 1236 989 1298; x_wconf 80' lang='grc' dir='ltr'>τὰς</span> <span class='ocrx_word' id='word_1_101' title='bbox 1035 1235 1195 1288; x_wconf 70' lang='grc' dir='ltr'>αὐτοῦ</span> <span class='ocrx_word' id='word_1_102' title='bbox 1232 1239 1427 1309; x_wconf 68' lang='grc' dir='ltr'>φύσεις·</span> <span class='ocrx_word' id='word_1_103' title='bbox 1457 1235 1561 1290; x_wconf 73' lang='grc' dir='ltr'>ἐπεὶ</span> <span class='ocrx_word' id='word_1_104' title='bbox 1601 1242 1691 1290; x_wconf 86' lang='grc' dir='ltr'>καὶ</span> <span class='ocrx_word' id='word_1_105' title='bbox 1716 1240 1766 1290; x_wconf 81' lang='grc' dir='ltr'>οἱ</span> 
     </span>
    </p>
   </div>
   <div class='ocr_carea' id='block_1_13' title="bbox 136 1323 1765 1400">
    <p class='ocr_par' dir='ltr' id='par_1_13' title="bbox 136 1323 1765 1400">
     <span class='ocr_line' id='line_1_13' title="bbox 136 1323 1765 1400; baseline 0.005 -27"><span class='ocrx_word' id='word_1_106' title='bbox 136 1324 411 1381; x_wconf 71' lang='grc' dir='ltr'>τάναντία</span> <span class='ocrx_word' id='word_1_107' title='bbox 438 1323 585 1396; x_wconf 76' lang='grc' dir='ltr'>ὑμεῖς</span> <span class='ocrx_word' id='word_1_108' title='bbox 614 1323 841 1396; x_wconf 72' lang='grc' dir='ltr'>λέγοντες</span> <span class='ocrx_word' id='word_1_109' title='bbox 860 1333 960 1378; x_wconf 82' lang='grc' dir='ltr'>τῶν</span> <span class='ocrx_word' id='word_1_110' title='bbox 985 1323 1081 1379; x_wconf 69' lang='grc' dir='ltr'>δύο</span> <span class='ocrx_word' id='word_1_111' title='bbox 1103 1329 1302 1400; x_wconf 69' lang='grc' dir='ltr'>φύσεων</span> <span class='ocrx_word' id='word_1_112' title='bbox 1324 1325 1614 1385; x_wconf 77' lang='grc' dir='ltr'>δηλωτικὸν</span> <span class='ocrx_word' id='word_1_113' title='bbox 1636 1325 1765 1382; x_wconf 86' lang='grc' dir='ltr'>εἶναί</span> 
     </span>
    </p>
   </div>
   <div class='ocr_carea' id='block_1_14' title="bbox 138 1412 1766 1493">
    <p class='ocr_par' dir='ltr' id='par_1_14' title="bbox 138 1412 1766 1493">
     <span class='ocr_line' id='line_1_14' title="bbox 138 1412 1766 1493; baseline 0.004 -29"><span class='ocrx_word' id='word_1_114' title='bbox 138 1430 272 1482; x_wconf 49' lang='lat' dir='ltr'>aut:</span> <span class='ocrx_word' id='word_1_115' title='bbox 317 1414 386 1464; x_wconf 76' lang='grc' dir='ltr'>τὸ</span> <span class='ocrx_word' id='word_1_116' title='bbox 437 1416 671 1485; x_wconf 80' lang='grc' dir='ltr'>Χριστὸς</span> <span class='ocrx_word' id='word_1_117' title='bbox 718 1417 880 1487; x_wconf 78' lang='grc' dir='ltr'>ὄνομα</span> <span class='ocrx_word' id='word_1_118' title='bbox 921 1414 963 1468; x_wconf 77' lang='grc' dir='ltr'>εἰ</span> <span class='ocrx_word' id='word_1_119' title='bbox 1003 1412 1061 1468; x_wconf 79' lang='grc' dir='ltr'>δέ</span> <span class='ocrx_word' id='word_1_120' title='bbox 1100 1420 1289 1470; x_wconf 80' lang='grc' dir='ltr'>ταυτὸν</span> <span class='ocrx_word' id='word_1_121' title='bbox 1316 1418 1341 1468; x_wconf 91' lang='lat'><strong><em>6</em></strong></span> <span class='ocrx_word' id='word_1_122' title='bbox 1384 1421 1614 1493; x_wconf 76' lang='grc' dir='ltr'>Χριστὸς</span> <span class='ocrx_word' id='word_1_123' title='bbox 1654 1426 1766 1479; x_wconf 86' lang='grc' dir='ltr'>ταῖς</span> 
     </span>
    </p>
   </div>
   <div class='ocr_carea' id='block_1_15' title="bbox 140 1500 1764 1580">
    <p class='ocr_par' dir='ltr' id='par_1_15' title="bbox 140 1500 1764 1580">
     <span class='ocr_line' id='line_1_15' title="bbox 140 1500 1764 1580; baseline 0.005 -29"><span class='ocrx_word' id='word_1_124' title='bbox 140 1500 307 1552; x_wconf 66' lang='grc' dir='ltr'>αὐτοῦ</span> <span class='ocrx_word' id='word_1_125' title='bbox 343 1503 594 1573; x_wconf 56' lang='grc' dir='ltr'>φύσεσιν,</span> <span class='ocrx_word' id='word_1_126' title='bbox 614 1505 683 1564; x_wconf 76' lang='grc' dir='ltr'>ὡς</span> <span class='ocrx_word' id='word_1_127' title='bbox 703 1504 970 1579; x_wconf 74' lang='grc' dir='ltr'>ἄνθρωπος</span> <span class='ocrx_word' id='word_1_128' title='bbox 998 1512 1057 1576; x_wconf 69' lang='grc' dir='ltr'>τῇ</span> <span class='ocrx_word' id='word_1_129' title='bbox 1084 1503 1355 1580; x_wconf 71' lang='grc' dir='ltr'>ἀνθρώπου</span> <span class='ocrx_word' id='word_1_130' title='bbox 1380 1508 1532 1579; x_wconf 69' lang='grc' dir='ltr'>φύσει</span> <span class='ocrx_word' id='word_1_131' title='bbox 1553 1511 1764 1576; x_wconf 79' lang='grc' dir='ltr'>ταυτὸν,</span> 
     </span>
    </p>
   </div>
   <div class='ocr_carea' id='block_1_16' title="bbox 137 1591 1766 1668">
    <p class='ocr_par' dir='ltr' id='par_1_16' title="bbox 137 1591 1766 1668">
     <span class='ocr_line' id='line_1_16' title="bbox 137 1591 1766 1668; baseline 0.004 -26"><span class='ocrx_word' id='word_1_132' title='bbox 137 1593 404 1643; x_wconf 74' lang='grc' dir='ltr'>τουτέστι</span> <span class='ocrx_word' id='word_1_133' title='bbox 444 1599 521 1663; x_wconf 79' lang='grc' dir='ltr'>τῷ</span> <span class='ocrx_word' id='word_1_134' title='bbox 568 1592 686 1665; x_wconf 80' lang='grc' dir='ltr'><strong><em>ζὼῳ</em></strong></span> <span class='ocrx_word' id='word_1_135' title='bbox 730 1591 924 1665; x_wconf 73' lang='grc' dir='ltr'>λογικῷ</span> <span class='ocrx_word' id='word_1_136' title='bbox 956 1596 1144 1666; x_wconf 79' lang='grc' dir='ltr'>θνητῷ,</span> <span class='ocrx_word' id='word_1_137' title='bbox 1188 1591 1285 1649; x_wconf 73' lang='grc' dir='ltr'>δύο</span> <span class='ocrx_word' id='word_1_138' title='bbox 1317 1593 1377 1649; x_wconf 70' lang='grc' dir='ltr'>δὲ</span> <span class='ocrx_word' id='word_1_139' title='bbox 1404 1599 1766 1668; x_wconf 70' lang='grc' dir='ltr'>τυγχάνουσιν</span> 
     </span>
    </p>
   </div>
   <div class='ocr_carea' id='block_1_17' title="bbox 139 1680 1767 1760">
    <p class='ocr_par' dir='ltr' id='par_1_17' title="bbox 139 1680 1767 1760">
     <span class='ocr_line' id='line_1_17' title="bbox 139 1680 1767 1760; baseline 0.005 -29"><span class='ocrx_word' id='word_1_140' title='bbox 139 1680 198 1732; x_wconf 78' lang='grc' dir='ltr'>αἱ</span> <span class='ocrx_word' id='word_1_141' title='bbox 242 1687 345 1731; x_wconf 84' lang='grc' dir='ltr'>τοῦ</span> <span class='ocrx_word' id='word_1_142' title='bbox 392 1687 633 1753; x_wconf 82' lang='grc' dir='ltr'>Χριστοῦ</span> <span class='ocrx_word' id='word_1_143' title='bbox 676 1684 855 1755; x_wconf 69' lang='grc' dir='ltr'>φύσεις</span> <span class='ocrx_word' id='word_1_144' title='bbox 904 1686 995 1735; x_wconf 76' lang='grc' dir='ltr'>καὶ</span> <span class='ocrx_word' id='word_1_145' title='bbox 1043 1683 1103 1735; x_wconf 65' lang='grc' dir='ltr'>οὗ</span> <span class='ocrx_word' id='word_1_146' title='bbox 1146 1687 1263 1756; x_wconf 81' lang='grc' dir='ltr'>μία,</span> <span class='ocrx_word' id='word_1_147' title='bbox 1313 1680 1410 1738; x_wconf 81' lang='grc' dir='ltr'>δύο</span> <span class='ocrx_word' id='word_1_148' title='bbox 1450 1687 1555 1760; x_wconf 74' lang='grc' dir='ltr'>ἄρα</span> <span class='ocrx_word' id='word_1_149' title='bbox 1592 1689 1680 1738; x_wconf 82' lang='grc' dir='ltr'>καὶ</span> <span class='ocrx_word' id='word_1_150' title='bbox 1717 1688 1767 1738; x_wconf 83' lang='grc' dir='ltr'>οὶ</span> 
     </span>
    </p>
   </div>
   <div class='ocr_carea' id='block_1_18' title="bbox 1882 520 3537 598">
    <p class='ocr_par' dir='ltr' id='par_1_18' title="bbox 1882 520 3537 598">
     <span class='ocr_line' id='line_1_18' title="bbox 1882 520 3537 598; baseline 0.004 -21"><span class='ocrx_word' id='word_1_151' title='bbox 1882 520 2048 577; x_wconf 86' lang='lat' dir='ltr'>aliud</span> <span class='ocrx_word' id='word_1_152' title='bbox 2077 526 2376 595; x_wconf 89' lang='lat' dir='ltr'>estquam</span> <span class='ocrx_word' id='word_1_153' title='bbox 2407 523 2634 579; x_wconf 85' lang='lat' dir='ltr'>animal</span> <span class='ocrx_word' id='word_1_154' title='bbox 2655 523 2942 581; x_wconf 89' lang='lat' dir='ltr'>rationale</span> <span class='ocrx_word' id='word_1_155' title='bbox 2973 524 3224 582; x_wconf 77' lang='lat' dir='ltr'>mortale</span> <span class='ocrx_word' id='word_1_156' title='bbox 3250 526 3331 593; x_wconf 90' lang='lat' dir='ltr'>;si</span> <span class='ocrx_word' id='word_1_157' title='bbox 3356 525 3537 598; x_wconf 76' lang='lat' dir='ltr'>igitur</span> 
     </span>
    </p>
   </div>
   <div class='ocr_carea' id='block_1_19' title="bbox 1881 609 3531 684">
    <p class='ocr_par' dir='ltr' id='par_1_19' title="bbox 1881 609 3531 684">
     <span class='ocr_line' id='line_1_19' title="bbox 1881 609 3531 684; baseline 0.004 -19"><span class='ocrx_word' id='word_1_158' title='bbox 1881 609 2149 667; x_wconf 77' lang='lat' dir='ltr'>Christus</span> <span class='ocrx_word' id='word_1_159' title='bbox 2175 612 2325 668; x_wconf 80' lang='lat' dir='ltr'>alter</span> <span class='ocrx_word' id='word_1_160' title='bbox 2367 616 2455 668; x_wconf 86' lang='lat' dir='ltr'>est</span> <span class='ocrx_word' id='word_1_161' title='bbox 2497 628 2571 669; x_wconf 76' lang='lat' dir='ltr'>ac</span> <span class='ocrx_word' id='word_1_162' title='bbox 2619 614 2750 684; x_wconf 89' lang='lat' dir='ltr'>ejus</span> <span class='ocrx_word' id='word_1_163' title='bbox 2779 618 3028 676; x_wconf 69' lang='lat' dir='ltr'>naturae,</span> <span class='ocrx_word' id='word_1_164' title='bbox 3062 615 3350 671; x_wconf 84' lang='lat' dir='ltr'>essentias</span> <span class='ocrx_word' id='word_1_165' title='bbox 3375 614 3531 684; x_wconf 88' lang='lat' dir='ltr'>dico,</span> 
     </span>
    </p>
   </div>
   <div class='ocr_carea' id='block_1_20' title="bbox 1881 700 3536 776">
    <p class='ocr_par' dir='ltr' id='par_1_20' title="bbox 1881 700 3536 776">
     <span class='ocr_line' id='line_1_20' title="bbox 1881 700 3536 776; baseline 0.004 -22"><span class='ocrx_word' id='word_1_166' title='bbox 1881 702 1936 755; x_wconf 91' lang='lat' dir='ltr'>et</span> <span class='ocrx_word' id='word_1_167' title='bbox 1961 712 2095 757; x_wconf 81' lang='lat' dir='ltr'>esse</span> <span class='ocrx_word' id='word_1_168' title='bbox 2122 700 2205 756; x_wconf 90' lang='lat' dir='ltr'>rei</span> <span class='ocrx_word' id='word_1_169' title='bbox 2235 700 2479 758; x_wconf 87' lang='lat' dir='ltr'>cuilibet</span> <span class='ocrx_word' id='word_1_170' title='bbox 2506 716 2614 774; x_wconf 85' lang='lat' dir='ltr'>per</span> <span class='ocrx_word' id='word_1_171' title='bbox 2639 717 2782 758; x_wconf 91' lang='lat' dir='ltr'>suas</span> <span class='ocrx_word' id='word_1_172' title='bbox 2802 707 3070 768; x_wconf 86' lang='lat' dir='ltr'>naturas,</span> <span class='ocrx_word' id='word_1_173' title='bbox 3100 718 3313 776; x_wconf 87' lang='lat' dir='ltr'>nempe</span> <span class='ocrx_word' id='word_1_174' title='bbox 3338 719 3536 761; x_wconf 88' lang='lat' dir='ltr'>essen-</span> 
     </span>
    </p>
   </div>
   <div class='ocr_carea' id='block_1_21' title="bbox 1878 788 3536 866">
    <p class='ocr_par' dir='ltr' id='par_1_21' title="bbox 1878 788 3536 866">
     <span class='ocr_line' id='line_1_21' title="bbox 1878 788 3536 866; baseline 0.005 -23"><span class='ocrx_word' id='word_1_175' title='bbox 1878 788 1995 844; x_wconf 87' lang='lat' dir='ltr'>tias</span> <span class='ocrx_word' id='word_1_176' title='bbox 2031 789 2223 860; x_wconf 89' lang='lat' dir='ltr'>inest,</span> <span class='ocrx_word' id='word_1_177' title='bbox 2266 795 2331 848; x_wconf 89' lang='lat' dir='ltr'>ut</span> <span class='ocrx_word' id='word_1_178' title='bbox 2363 791 2738 849; x_wconf 87' lang='lat' dir='ltr'>ostendimus</span> <span class='ocrx_word' id='word_1_179' title='bbox 2761 836 2775 861; x_wconf 89' lang='lat'>,</span> <span class='ocrx_word' id='word_1_180' title='bbox 2806 793 2940 866; x_wconf 82' lang='lat' dir='ltr'>ipse</span> <span class='ocrx_word' id='word_1_181' title='bbox 2974 808 3011 849; x_wconf 92' lang='lat' dir='ltr'>a</span> <span class='ocrx_word' id='word_1_182' title='bbox 3041 809 3103 848; x_wconf 90' lang='lat' dir='ltr'>se</span> <span class='ocrx_word' id='word_1_183' title='bbox 3132 794 3399 851; x_wconf 86' lang='lat' dir='ltr'>diversus</span> <span class='ocrx_word' id='word_1_184' title='bbox 3425 795 3536 851; x_wconf 89' lang='lat' dir='ltr'>erit</span> 
     </span>
    </p>
   </div>
   <div class='ocr_carea' id='block_1_22' title="bbox 1880 877 3533 953">
    <p class='ocr_par' dir='ltr' id='par_1_22' title="bbox 1880 877 3533 953">
     <span class='ocr_line' id='line_1_22' title="bbox 1880 877 3533 953; baseline 0.004 -19"><span class='ocrx_word' id='word_1_185' title='bbox 1880 877 2165 947; x_wconf 79' lang='lat' dir='ltr'>Christus,</span> <span class='ocrx_word' id='word_1_186' title='bbox 2200 880 2365 953; x_wconf 88' lang='lat' dir='ltr'>quod</span> <span class='ocrx_word' id='word_1_187' title='bbox 2387 880 2670 937; x_wconf 84' lang='lat' dir='ltr'>stolidum</span> <span class='ocrx_word' id='word_1_188' title='bbox 2692 886 2749 937; x_wconf 89' lang='lat' dir='ltr'>et</span> <span class='ocrx_word' id='word_1_189' title='bbox 2766 881 3088 938; x_wconf 84' lang='lat' dir='ltr'>ridiculum</span> <span class='ocrx_word' id='word_1_190' title='bbox 3111 887 3225 939; x_wconf 86' lang='lat' dir='ltr'>est.</span> <span class='ocrx_word' id='word_1_191' title='bbox 3267 886 3394 940; x_wconf 87' lang='lat' dir='ltr'>Non</span> <span class='ocrx_word' id='word_1_192' title='bbox 3419 883 3533 941; x_wconf 81' lang='lat' dir='ltr'>dif-</span> 
     </span>
    </p>
   </div>
   <div class='ocr_carea' id='block_1_23' title="bbox 1875 966 3533 1045">
    <p class='ocr_par' dir='ltr' id='par_1_23' title="bbox 1875 966 3533 1045">
     <span class='ocr_line' id='line_1_23' title="bbox 1875 966 3533 1045; baseline 0.005 -23"><span class='ocrx_word' id='word_1_193' title='bbox 1875 966 1986 1023; x_wconf 81' lang='lat' dir='ltr'>fert</span> <span class='ocrx_word' id='word_1_194' title='bbox 2029 969 2210 1041; x_wconf 81' lang='lat' dir='ltr'>igitur</span> <span class='ocrx_word' id='word_1_195' title='bbox 2238 970 2505 1026; x_wconf 84' lang='lat' dir='ltr'>Christus</span> <span class='ocrx_word' id='word_1_196' title='bbox 2555 985 2592 1027; x_wconf 90' lang='lat' dir='ltr'>a</span> <span class='ocrx_word' id='word_1_197' title='bbox 2639 971 2763 1026; x_wconf 83' lang='lat' dir='ltr'>suis</span> <span class='ocrx_word' id='word_1_198' title='bbox 2801 971 3053 1040; x_wconf 87' lang='lat' dir='ltr'>naturis,</span> <span class='ocrx_word' id='word_1_199' title='bbox 3087 972 3133 1027; x_wconf 88' lang='lat' dir='ltr'>si</span> <span class='ocrx_word' id='word_1_200' title='bbox 3187 987 3371 1045; x_wconf 88' lang='lat' dir='ltr'>porro</span> <span class='ocrx_word' id='word_1_201' title='bbox 3407 988 3533 1030; x_wconf 93' lang='lat' dir='ltr'>non</span> 
     </span>
    </p>
   </div>
   <div class='ocr_carea' id='block_1_24' title="bbox 1876 1055 3531 1133">
    <p class='ocr_par' dir='ltr' id='par_1_24' title="bbox 1876 1055 3531 1133">
     <span class='ocr_line' id='line_1_24' title="bbox 1876 1055 3531 1133; baseline 0.004 -21"><span class='ocrx_word' id='word_1_202' title='bbox 1876 1055 2094 1126; x_wconf 80' lang='lat' dir='ltr'>differt,</span> <span class='ocrx_word' id='word_1_203' title='bbox 2126 1058 2286 1115; x_wconf 90' lang='lat' dir='ltr'>idem</span> <span class='ocrx_word' id='word_1_204' title='bbox 2309 1058 2489 1129; x_wconf 79' lang='lat' dir='ltr'>igitur</span> <span class='ocrx_word' id='word_1_205' title='bbox 2515 1063 2604 1115; x_wconf 93' lang='lat' dir='ltr'>est</span> <span class='ocrx_word' id='word_1_206' title='bbox 2631 1059 2828 1116; x_wconf 89' lang='lat' dir='ltr'>dicere</span> <span class='ocrx_word' id='word_1_207' title='bbox 2851 1060 3153 1117; x_wconf 85' lang='lat' dir='ltr'>Christum</span> <span class='ocrx_word' id='word_1_208' title='bbox 3187 1065 3245 1117; x_wconf 89' lang='lat' dir='ltr'>et</span> <span class='ocrx_word' id='word_1_209' title='bbox 3272 1062 3405 1133; x_wconf 86' lang='lat' dir='ltr'>ejus</span> <span class='ocrx_word' id='word_1_210' title='bbox 3426 1077 3531 1119; x_wconf 87' lang='lat' dir='ltr'>na-</span> 
     </span>
    </p>
   </div>
   <div class='ocr_carea' id='block_1_25' title="bbox 1874 1147 3533 1221">
    <p class='ocr_par' dir='ltr' id='par_1_25' title="bbox 1874 1147 3533 1221">
     <span class='ocr_line' id='line_1_25' title="bbox 1874 1147 3533 1221; baseline 0.004 -20"><span class='ocrx_word' id='word_1_211' title='bbox 1874 1148 2038 1202; x_wconf 91' lang='lat' dir='ltr'>turas</span> <span class='ocrx_word' id='word_1_212' title='bbox 2063 1166 2076 1215; x_wconf 90' lang='lat'><strong>;</strong></span> <span class='ocrx_word' id='word_1_213' title='bbox 2111 1163 2249 1205; x_wconf 90' lang='lat' dir='ltr'>cum</span> <span class='ocrx_word' id='word_1_214' title='bbox 2271 1152 2327 1204; x_wconf 89' lang='lat' dir='ltr'>et</span> <span class='ocrx_word' id='word_1_215' title='bbox 2355 1163 2464 1203; x_wconf 91' lang='lat' dir='ltr'>vos</span> <span class='ocrx_word' id='word_1_216' title='bbox 2492 1148 2598 1221; x_wconf 85' lang='lat' dir='ltr'>qui</span> <span class='ocrx_word' id='word_1_217' title='bbox 2623 1147 2799 1205; x_wconf 88' lang='lat' dir='ltr'>nobis</span> <span class='ocrx_word' id='word_1_218' title='bbox 2825 1149 3124 1206; x_wconf 87' lang='lat' dir='ltr'>contraria</span> <span class='ocrx_word' id='word_1_219' title='bbox 3161 1149 3357 1206; x_wconf 89' lang='lat' dir='ltr'>dicitis</span> <span class='ocrx_word' id='word_1_220' title='bbox 3385 1150 3533 1209; x_wconf 86' lang='lat' dir='ltr'>dua-</span> 
     </span>
    </p>
   </div>
   <div class='ocr_carea' id='block_1_26' title="bbox 1873 1236 3532 1297">
    <p class='ocr_par' dir='ltr' id='par_1_26' title="bbox 1873 1236 3532 1297">
     <span class='ocr_line' id='line_1_26' title="bbox 1873 1236 3532 1297; baseline 0.004 -7"><span class='ocrx_word' id='word_1_221' title='bbox 1873 1250 2008 1292; x_wconf 87' lang='lat' dir='ltr'>rum</span> <span class='ocrx_word' id='word_1_222' title='bbox 2055 1251 2188 1292; x_wconf 91' lang='lat' dir='ltr'>csse</span> <span class='ocrx_word' id='word_1_223' title='bbox 2230 1240 2584 1293; x_wconf 86' lang='lat' dir='ltr'>naturarum</span> <span class='ocrx_word' id='word_1_224' title='bbox 2628 1236 3018 1294; x_wconf 85' lang='lat' dir='ltr'>indicativum</span> <span class='ocrx_word' id='word_1_225' title='bbox 3050 1238 3267 1295; x_wconf 88' lang='lat' dir='ltr'>Christi</span> <span class='ocrx_word' id='word_1_226' title='bbox 3306 1255 3532 1297; x_wconf 88' lang='lat' dir='ltr'>nomen</span> 
     </span>
    </p>
   </div>
   <div class='ocr_carea' id='block_1_27' title="bbox 1872 1324 3532 1398">
    <p class='ocr_par' dir='ltr' id='par_1_27' title="bbox 1872 1324 3532 1398">
     <span class='ocr_line' id='line_1_27' title="bbox 1872 1324 3532 1398; baseline 0.003 -18"><span class='ocrx_word' id='word_1_227' title='bbox 1872 1324 2201 1380; x_wconf 85' lang='lat' dir='ltr'>fateamini.</span> <span class='ocrx_word' id='word_1_228' title='bbox 2230 1325 2286 1383; x_wconf 92' lang='lat' dir='ltr'>Si</span> <span class='ocrx_word' id='word_1_229' title='bbox 2308 1330 2508 1382; x_wconf 87' lang='lat' dir='ltr'>autem</span> <span class='ocrx_word' id='word_1_230' title='bbox 2542 1325 2804 1382; x_wconf 87' lang='lat' dir='ltr'>Christus</span> <span class='ocrx_word' id='word_1_231' title='bbox 2824 1326 2984 1383; x_wconf 89' lang='lat' dir='ltr'>idem</span> <span class='ocrx_word' id='word_1_232' title='bbox 3003 1327 3237 1383; x_wconf 90' lang='lat' dir='ltr'>sitcum</span> <span class='ocrx_word' id='word_1_233' title='bbox 3268 1329 3399 1398; x_wconf 87' lang='lat' dir='ltr'>ejus</span> <span class='ocrx_word' id='word_1_234' title='bbox 3426 1344 3532 1386; x_wconf 85' lang='lat' dir='ltr'>na-</span> 
     </span>
    </p>
   </div>
   <div class='ocr_carea' id='block_1_28' title="bbox 1875 1414 3530 1485">
    <p class='ocr_par' dir='ltr' id='par_1_28' title="bbox 1875 1414 3530 1485">
     <span class='ocr_line' id='line_1_28' title="bbox 1875 1414 3530 1485; baseline 0.003 -16"><span class='ocrx_word' id='word_1_235' title='bbox 1875 1414 2042 1485; x_wconf 85' lang='lat' dir='ltr'>turis,</span> <span class='ocrx_word' id='word_1_236' title='bbox 2078 1419 2139 1471; x_wconf 90' lang='lat' dir='ltr'>ut</span> <span class='ocrx_word' id='word_1_237' title='bbox 2179 1415 2365 1471; x_wconf 88' lang='lat' dir='ltr'>homo</span> <span class='ocrx_word' id='word_1_238' title='bbox 2397 1415 2556 1472; x_wconf 89' lang='lat' dir='ltr'>idem</span> <span class='ocrx_word' id='word_1_239' title='bbox 2599 1420 2688 1472; x_wconf 88' lang='lat' dir='ltr'>est</span> <span class='ocrx_word' id='word_1_240' title='bbox 2726 1432 2863 1472; x_wconf 90' lang='lat' dir='ltr'>cum</span> <span class='ocrx_word' id='word_1_241' title='bbox 2895 1416 3158 1472; x_wconf 89' lang='lat' dir='ltr'>hominis</span> <span class='ocrx_word' id='word_1_242' title='bbox 3202 1422 3438 1485; x_wconf 87' lang='lat' dir='ltr'>natura,</span> <span class='ocrx_word' id='word_1_243' title='bbox 3467 1418 3530 1474; x_wconf 91' lang='lat' dir='ltr'>id</span> 
     </span>
    </p>
   </div>
   <div class='ocr_carea' id='block_1_29' title="bbox 1875 1503 3530 1579">
    <p class='ocr_par' dir='ltr' id='par_1_29' title="bbox 1875 1503 3530 1579">
     <span class='ocr_line' id='line_1_29' title="bbox 1875 1503 3530 1579; baseline 0.002 -21"><span class='ocrx_word' id='word_1_244' title='bbox 1875 1508 1963 1560; x_wconf 86' lang='lat' dir='ltr'>est</span> <span class='ocrx_word' id='word_1_245' title='bbox 1987 1503 2233 1560; x_wconf 88' lang='lat' dir='ltr'>animali</span> <span class='ocrx_word' id='word_1_246' title='bbox 2264 1504 2537 1561; x_wconf 87' lang='lat' dir='ltr'>rationali</span> <span class='ocrx_word' id='word_1_247' title='bbox 2580 1505 2837 1572; x_wconf 88' lang='lat' dir='ltr'>mortali,</span> <span class='ocrx_word' id='word_1_248' title='bbox 2864 1507 3124 1579; x_wconf 65' lang='lat' dir='ltr'>«tuaeque</span> <span class='ocrx_word' id='word_1_249' title='bbox 3157 1507 3276 1562; x_wconf 92' lang='lat' dir='ltr'>sint</span> <span class='ocrx_word' id='word_1_250' title='bbox 3319 1506 3530 1563; x_wconf 86' lang='lat' dir='ltr'>Christi</span> 
     </span>
    </p>
   </div>
   <div class='ocr_carea' id='block_1_30' title="bbox 1874 1588 3526 1665">
    <p class='ocr_par' dir='ltr' id='par_1_30' title="bbox 1874 1588 3526 1665">
     <span class='ocr_line' id='line_1_30' title="bbox 1874 1588 3526 1665; baseline 0.002 -17"><span class='ocrx_word' id='word_1_251' title='bbox 1874 1598 2105 1649; x_wconf 69' lang='lat' dir='ltr'>naturas</span> <span class='ocrx_word' id='word_1_252' title='bbox 2132 1609 2241 1649; x_wconf 89' lang='lat' dir='ltr'>nec</span> <span class='ocrx_word' id='word_1_253' title='bbox 2266 1609 2389 1649; x_wconf 88' lang='lat' dir='ltr'>una</span> <span class='ocrx_word' id='word_1_254' title='bbox 2420 1599 2676 1661; x_wconf 88' lang='lat' dir='ltr'>tantum,</span> <span class='ocrx_word' id='word_1_255' title='bbox 2702 1594 2825 1650; x_wconf 91' lang='lat' dir='ltr'>duo</span> <span class='ocrx_word' id='word_1_256' title='bbox 2856 1588 3037 1665; x_wconf 80' lang='lat' dir='ltr'>igitur</span> <span class='ocrx_word' id='word_1_257' title='bbox 3086 1595 3300 1651; x_wconf 88' lang='lat' dir='ltr'>Christi</span> <span class='ocrx_word' id='word_1_258' title='bbox 3331 1599 3526 1661; x_wconf 87' lang='lat' dir='ltr'>erunt,</span> 
     </span>
    </p>
   </div>
   <div class='ocr_carea' id='block_1_31' title="bbox 1875 1682 3532 1757">
    <p class='ocr_par' dir='ltr' id='par_1_31' title="bbox 1875 1682 3532 1757">
     <span class='ocr_line' id='line_1_31' title="bbox 1875 1682 3532 1757; baseline 0.002 -20"><span class='ocrx_word' id='word_1_259' title='bbox 1875 1687 1941 1738; x_wconf 88' lang='lat' dir='ltr'>ut</span> <span class='ocrx_word' id='word_1_260' title='bbox 1968 1682 2234 1739; x_wconf 85' lang='lat' dir='ltr'>Nestorio</span> <span class='ocrx_word' id='word_1_261' title='bbox 2265 1683 2519 1750; x_wconf 89' lang='lat' dir='ltr'>videtur,</span> <span class='ocrx_word' id='word_1_262' title='bbox 2546 1699 2742 1756; x_wconf 88' lang='lat' dir='ltr'>neque</span> <span class='ocrx_word' id='word_1_263' title='bbox 2784 1700 2939 1739; x_wconf 89' lang='lat' dir='ltr'>unus</span> <span class='ocrx_word' id='word_1_264' title='bbox 2975 1685 3310 1741; x_wconf 90' lang='lat' dir='ltr'>secundum</span> <span class='ocrx_word' id='word_1_265' title='bbox 3344 1684 3532 1757; x_wconf 89' lang='lat' dir='ltr'>Scrip-</span> 
     </span>
    </p>
   </div>
   <div class='ocr_carea' id='block_1_32' title="bbox 130 1770 1760 1847">
    <p class='ocr_par' dir='ltr' id='par_1_32' title="bbox 130 1770 1760 1847">
     <span class='ocr_line' id='line_1_32' title="bbox 130 1770 1760 1847; baseline 0.004 -25"><span class='ocrx_word' id='word_1_266' title='bbox 130 1772 391 1838; x_wconf 73' lang='grc' dir='ltr'>’Χριστοὶ</span> <span class='ocrx_word' id='word_1_267' title='bbox 440 1771 672 1833; x_wconf 76' lang='grc' dir='ltr'>ἔσονται,</span> <span class='ocrx_word' id='word_1_268' title='bbox 704 1773 874 1833; x_wconf 79' lang='grc' dir='ltr'>καθὼς</span> <span class='ocrx_word' id='word_1_269' title='bbox 902 1778 1171 1845; x_wconf 78' lang='grc' dir='ltr'>Νιστορίῷ</span> <span class='ocrx_word' id='word_1_270' title='bbox 1213 1770 1378 1845; x_wconf 76' lang='grc' dir='ltr'>δοκεῖ,</span> <span class='ocrx_word' id='word_1_271' title='bbox 1424 1780 1514 1828; x_wconf 83' lang='grc' dir='ltr'>καὶ</span> <span class='ocrx_word' id='word_1_272' title='bbox 1558 1776 1663 1847; x_wconf 71' lang='grc' dir='ltr'>οὐχ</span> <span class='ocrx_word' id='word_1_273' title='bbox 1694 1778 1760 1840; x_wconf 79' lang='grc' dir='ltr'>εἷς</span> 
     </span>
    </p>
   </div>
   <div class='ocr_carea' id='block_1_33' title="bbox 1873 1770 3530 1847">
    <p class='ocr_par' dir='ltr' id='par_1_33' title="bbox 1877 1771 3530 1843">
     <span class='ocr_line' id='line_1_33' title="bbox 1877 1771 3530 1843; baseline 0.002 -16"><span class='ocrx_word' id='word_1_274' title='bbox 1877 1775 2057 1828; x_wconf 89' lang='lat' dir='ltr'>turas.</span> <span class='ocrx_word' id='word_1_275' title='bbox 2101 1771 2155 1827; x_wconf 92' lang='lat' dir='ltr'>Si</span> <span class='ocrx_word' id='word_1_276' title='bbox 2187 1772 2365 1843; x_wconf 83' lang='lat' dir='ltr'>igitur</span> <span class='ocrx_word' id='word_1_277' title='bbox 2393 1774 2730 1829; x_wconf 87' lang='lat' dir='ltr'>secundum</span> <span class='ocrx_word' id='word_1_278' title='bbox 2767 1774 3075 1830; x_wconf 78' lang='lat' dir='ltr'>veritatem</span> <span class='ocrx_word' id='word_1_279' title='bbox 3116 1774 3388 1831; x_wconf 87' lang='lat' dir='ltr'>Christus</span> <span class='ocrx_word' id='word_1_280' title='bbox 3424 1788 3530 1830; x_wconf 84' lang='lat' dir='ltr'>no-</span> 
     </span>
    </p>
   </div>
   <div class='ocr_carea' id='block_1_34' title="bbox 140 1857 1765 1941">
    <p class='ocr_par' dir='ltr' id='par_1_34' title="bbox 140 1857 1765 1941">
     <span class='ocr_line' id='line_1_34' title="bbox 140 1857 1765 1941; baseline 0.006 -31"><span class='ocrx_word' id='word_1_281' title='bbox 140 1860 284 1911; x_wconf 77' lang='grc' dir='ltr'>κατὰ</span> <span class='ocrx_word' id='word_1_282' title='bbox 330 1861 431 1921; x_wconf 69' lang='grc' dir='ltr'>τὰς</span> <span class='ocrx_word' id='word_1_283' title='bbox 464 1861 691 1934; x_wconf 64' lang='grc' dir='ltr'>Γραράς.</span> <span class='ocrx_word' id='word_1_284' title='bbox 740 1860 800 1915; x_wconf 81' lang='grc' dir='ltr'>Εἰ</span> <span class='ocrx_word' id='word_1_285' title='bbox 828 1857 915 1913; x_wconf 76' lang='grc' dir='ltr'>οὖν</span> <span class='ocrx_word' id='word_1_286' title='bbox 943 1858 1008 1924; x_wconf 73' lang='grc' dir='ltr'>εἷς</span> <span class='ocrx_word' id='word_1_287' title='bbox 1040 1864 1175 1914; x_wconf 80' lang='grc' dir='ltr'>κατὰ</span> <span class='ocrx_word' id='word_1_288' title='bbox 1206 1861 1449 1922; x_wconf 65' lang='grc' dir='ltr'>ἀληθειαν</span> <span class='ocrx_word' id='word_1_289' title='bbox 1479 1866 1504 1917; x_wconf 90' lang='grc' dir='ltr'><strong>ὀ</strong></span> <span class='ocrx_word' id='word_1_290' title='bbox 1535 1871 1765 1941; x_wconf 79' lang='grc' dir='ltr'>Χριστὸς</span> 
     </span>
    </p>
   </div>
   <div class='ocr_carea' id='block_1_35' title="bbox 142 1946 1763 2031">
    <p class='ocr_par' dir='ltr' id='par_1_35' title="bbox 142 1946 1763 2031">
     <span class='ocr_line' id='line_1_35' title="bbox 142 1946 1763 2031; baseline 0.006 -33"><span class='ocrx_word' id='word_1_291' title='bbox 142 1946 375 2017; x_wconf 71' lang='grc' dir='ltr'>ὄνοματί</span> <span class='ocrx_word' id='word_1_292' title='bbox 418 1966 477 2001; x_wconf 82' lang='grc' dir='ltr'>τι</span> <span class='ocrx_word' id='word_1_293' title='bbox 528 1953 617 2001; x_wconf 87' lang='grc' dir='ltr'>καὶ</span> <span class='ocrx_word' id='word_1_294' title='bbox 664 1952 959 2024; x_wconf 73' lang='grc' dir='ltr'>πράγματι,</span> <span class='ocrx_word' id='word_1_295' title='bbox 1014 1956 1103 2004; x_wconf 84' lang='grc' dir='ltr'>καὶ</span> <span class='ocrx_word' id='word_1_296' title='bbox 1149 1951 1263 2005; x_wconf 84' lang='grc' dir='ltr'>κατ’</span> <span class='ocrx_word' id='word_1_297' title='bbox 1322 1950 1510 2007; x_wconf 69' lang='grc' dir='ltr'>οὐδένα</span> <span class='ocrx_word' id='word_1_298' title='bbox 1574 1960 1763 2031; x_wconf 77' lang='grc' dir='ltr'>τρόπον</span> 
     </span>
    </p>
   </div>
   <div class='ocr_carea' id='block_1_36' title="bbox 142 2033 1764 2119">
    <p class='ocr_par' dir='ltr' id='par_1_36' title="bbox 142 2033 1764 2119">
     <span class='ocr_line' id='line_1_36' title="bbox 142 2033 1764 2119; baseline 0.006 -31"><span class='ocrx_word' id='word_1_299' title='bbox 142 2033 232 2089; x_wconf 72' lang='grc' dir='ltr'>ἰπὶ</span> <span class='ocrx_word' id='word_1_300' title='bbox 262 2044 361 2101; x_wconf 71' lang='grc' dir='ltr'>τῆς</span> <span class='ocrx_word' id='word_1_301' title='bbox 395 2042 491 2089; x_wconf 79' lang='grc' dir='ltr'>τοῦ</span> <span class='ocrx_word' id='word_1_302' title='bbox 516 2043 711 2112; x_wconf 76' lang='grc' dir='ltr'>Κυρίου</span> <span class='ocrx_word' id='word_1_303' title='bbox 738 2037 1167 2113; x_wconf 78' lang='grc' dir='ltr'>ἐνανθρωπὴσιως</span> <span class='ocrx_word' id='word_1_304' title='bbox 1197 2038 1296 2095; x_wconf 77' lang='grc' dir='ltr'>δύο</span> <span class='ocrx_word' id='word_1_305' title='bbox 1314 2041 1478 2115; x_wconf 76' lang='grc' dir='ltr'>).ἐγειν</span> <span class='ocrx_word' id='word_1_306' title='bbox 1507 2049 1764 2119; x_wconf 82' lang='grc' dir='ltr'>Χριστούς</span> 
     </span>
    </p>
   </div>
   <div class='ocr_carea' id='block_1_37' title="bbox 143 2121 1762 2205">
    <p class='ocr_par' dir='ltr' id='par_1_37' title="bbox 143 2121 1762 2205">
     <span class='ocr_line' id='line_1_37' title="bbox 143 2121 1762 2205; baseline 0.004 -25"><span class='ocrx_word' id='word_1_307' title='bbox 143 2121 456 2197; x_wconf 75' lang='grc' dir='ltr'>ἐνδέχεται,</span> <span class='ocrx_word' id='word_1_308' title='bbox 489 2130 679 2179; x_wconf 80' lang='grc' dir='ltr'>ταυτὸν</span> <span class='ocrx_word' id='word_1_309' title='bbox 706 2124 765 2184; x_wconf 72' lang='grc' dir='ltr'>δὲ</span> <span class='ocrx_word' id='word_1_310' title='bbox 790 2129 817 2181; x_wconf 93' lang='lat'><strong><em>6</em></strong></span> <span class='ocrx_word' id='word_1_311' title='bbox 856 2132 1088 2203; x_wconf 77' lang='grc' dir='ltr'>Χριστὸς</span> <span class='ocrx_word' id='word_1_312' title='bbox 1116 2138 1178 2204; x_wconf 74' lang='grc' dir='ltr'>τῇ</span> <span class='ocrx_word' id='word_1_313' title='bbox 1214 2131 1374 2184; x_wconf 69' lang='grc' dir='ltr'>αὐτοῦ</span> <span class='ocrx_word' id='word_1_314' title='bbox 1405 2135 1576 2204; x_wconf 69' lang='grc' dir='ltr'>φύσει,</span> <span class='ocrx_word' id='word_1_315' title='bbox 1601 2136 1762 2205; x_wconf 80' lang='grc' dir='ltr'>ἤγουν</span> 
     </span>
    </p>
   </div>
   <div class='ocr_carea' id='block_1_38' title="bbox 141 2213 1758 2293">
    <p class='ocr_par' dir='ltr' id='par_1_38' title="bbox 141 2213 1758 2293">
     <span class='ocr_line' id='line_1_38' title="bbox 141 2213 1758 2293; baseline 0.007 -27"><span class='ocrx_word' id='word_1_316' title='bbox 141 2213 333 2287; x_wconf 73' lang='grc' dir='ltr'>οῦσίᾳ,</span> <span class='ocrx_word' id='word_1_317' title='bbox 368 2214 482 2269; x_wconf 70' lang='grc' dir='ltr'>ἔπει</span> <span class='ocrx_word' id='word_1_318' title='bbox 514 2221 603 2269; x_wconf 77' lang='grc' dir='ltr'>καὶ</span> <span class='ocrx_word' id='word_1_319' title='bbox 631 2224 733 2269; x_wconf 82' lang='grc' dir='ltr'>τῶν</span> <span class='ocrx_word' id='word_1_320' title='bbox 761 2221 918 2270; x_wconf 79' lang='grc' dir='ltr'>ὄντων</span> <span class='ocrx_word' id='word_1_321' title='bbox 939 2219 1176 2288; x_wconf 80' lang='grc' dir='ltr'>ἕκαστον,</span> <span class='ocrx_word' id='word_1_322' title='bbox 1209 2225 1308 2293; x_wconf 82' lang='grc' dir='ltr'>μία</span> <span class='ocrx_word' id='word_1_323' title='bbox 1347 2218 1588 2281; x_wconf 74' lang='grc' dir='ltr'>δηλονότι</span> <span class='ocrx_word' id='word_1_324' title='bbox 1617 2227 1702 2277; x_wconf 85' lang='grc' dir='ltr'>καὶ</span> <span class='ocrx_word' id='word_1_325' title='bbox 1728 2225 1758 2284; x_wconf 87' lang='grc' dir='ltr'><strong>ἠ</strong></span> 
     </span>
    </p>
   </div>
   <div class='ocr_carea' id='block_1_39' title="bbox 141 2305 1234 2381">
    <p class='ocr_par' dir='ltr' id='par_1_39' title="bbox 141 2305 1234 2381">
     <span class='ocr_line' id='line_1_39' title="bbox 141 2305 1234 2381; baseline 0.005 -24"><span class='ocrx_word' id='word_1_326' title='bbox 141 2309 237 2357; x_wconf 81' lang='grc' dir='ltr'>τοῦ</span> <span class='ocrx_word' id='word_1_327' title='bbox 266 2310 519 2381; x_wconf 75' lang='grc' dir='ltr'>Χριστοῦ</span> <span class='ocrx_word' id='word_1_328' title='bbox 548 2308 706 2379; x_wconf 69' lang='grc' dir='ltr'>φύσις</span> <span class='ocrx_word' id='word_1_329' title='bbox 734 2305 788 2371; x_wconf 76' lang='grc' dir='ltr'>ἐξ</span> <span class='ocrx_word' id='word_1_330' title='bbox 817 2305 1042 2381; x_wconf 66' lang='grc' dir='ltr'>ἀνάγκης</span> <span class='ocrx_word' id='word_1_331' title='bbox 1067 2311 1234 2363; x_wconf 85' lang='grc' dir='ltr'>ἔσται.</span> 
     </span>
    </p>
   </div>
   <div class='ocr_carea' id='block_1_40' title="bbox 517 2501 1406 2579">
    <p class='ocr_par' dir='ltr' id='par_1_40' title="bbox 517 2501 1406 2579">
     <span class='ocr_line' id='line_1_40' title="bbox 517 2501 1406 2579; baseline 0.007 -20"><span class='ocrx_word' id='word_1_332' title='bbox 517 2501 723 2577; x_wconf 77' lang='grc' dir='ltr'>Ἕτερον</span> <span class='ocrx_word' id='word_1_333' title='bbox 760 2502 1040 2579; x_wconf 73' lang='grc' dir='ltr'>πρόϐλημα</span> <span class='ocrx_word' id='word_1_334' title='bbox 1076 2512 1177 2561; x_wconf 78' lang='grc' dir='ltr'>τῶν</span> <span class='ocrx_word' id='word_1_335' title='bbox 1220 2507 1406 2565; x_wconf 69' lang='grc' dir='ltr'>αὐτῶν.</span> 
     </span>
    </p>
   </div>
   <div class='ocr_carea' id='block_1_41' title="bbox 206 2644 1762 2724">
    <p class='ocr_par' dir='ltr' id='par_1_41' title="bbox 206 2644 1762 2724">
     <span class='ocr_line' id='line_1_41' title="bbox 206 2644 1762 2724; baseline 0.006 -27"><span class='ocrx_word' id='word_1_336' title='bbox 206 2644 273 2701; x_wconf 79' lang='grc' dir='ltr'>κ’.</span> <span class='ocrx_word' id='word_1_337' title='bbox 296 2645 517 2718; x_wconf 77' lang='grc' dir='ltr'>Ὠσπερ</span> <span class='ocrx_word' id='word_1_338' title='bbox 559 2645 603 2698; x_wconf 80' lang='grc' dir='ltr'>εἰ</span> <span class='ocrx_word' id='word_1_339' title='bbox 629 2650 721 2699; x_wconf 84' lang='grc' dir='ltr'>καὶ</span> <span class='ocrx_word' id='word_1_340' title='bbox 751 2645 974 2710; x_wconf 71' lang='grc' dir='ltr'>πλείονες</span> <span class='ocrx_word' id='word_1_341' title='bbox 1003 2646 1051 2701; x_wconf 79' lang='grc' dir='ltr'>ἓν</span> <span class='ocrx_word' id='word_1_342' title='bbox 1080 2657 1153 2722; x_wconf 81' lang='grc' dir='ltr'>τῷ</span> <span class='ocrx_word' id='word_1_343' title='bbox 1183 2649 1314 2723; x_wconf 79' lang='grc' dir='ltr'>ἡλίῳ</span> <span class='ocrx_word' id='word_1_344' title='bbox 1344 2660 1577 2724; x_wconf 74' lang='grc' dir='ltr'>φυσικῶν</span> <span class='ocrx_word' id='word_1_345' title='bbox 1606 2649 1762 2707; x_wconf 81' lang='grc' dir='ltr'>δυνά-</span> 
     </span>
    </p>
   </div>
   <div class='ocr_carea' id='block_1_42' title="bbox 136 2732 1739 2815">
    <p class='ocr_par' dir='ltr' id='par_1_42' title="bbox 136 2732 1739 2815">
     <span class='ocr_line' id='line_1_42' title="bbox 136 2732 1739 2815; baseline 0.006 -28"><span class='ocrx_word' id='word_1_346' title='bbox 136 2753 275 2807; x_wconf 77' lang='grc' dir='ltr'>μεων</span> <span class='ocrx_word' id='word_1_347' title='bbox 306 2737 637 2810; x_wconf 70' lang='grc' dir='ltr'>θεωροῦνται</span> <span class='ocrx_word' id='word_1_348' title='bbox 658 2732 932 2811; x_wconf 74' lang='grc' dir='ltr'>διαφοραὶ,</span> <span class='ocrx_word' id='word_1_349' title='bbox 967 2739 1072 2791; x_wconf 81' lang='grc' dir='ltr'>οἷον</span> <span class='ocrx_word' id='word_1_350' title='bbox 1100 2744 1216 2814; x_wconf 74' lang='grc' dir='ltr'>φέρε</span> <span class='ocrx_word' id='word_1_351' title='bbox 1240 2739 1399 2794; x_wconf 75' lang='grc' dir='ltr'>εἰπεῖν</span> <span class='ocrx_word' id='word_1_352' title='bbox 1429 2744 1488 2794; x_wconf 85' lang='grc' dir='ltr'>τὸ</span> <span class='ocrx_word' id='word_1_353' title='bbox 1520 2761 1739 2815; x_wconf 73' lang='grc' dir='ltr'>φωτιστι</span> 
     </span>
    </p>
   </div>
   <div class='ocr_carea' id='block_1_43' title="bbox 136 2824 1762 2905">
    <p class='ocr_par' dir='ltr' id='par_1_43' title="bbox 136 2824 1762 2905">
     <span class='ocr_line' id='line_1_43' title="bbox 136 2824 1762 2905; baseline 0.006 -28"><span class='ocrx_word' id='word_1_354' title='bbox 136 2828 224 2877; x_wconf 75' lang='grc' dir='ltr'>κον</span> <span class='ocrx_word' id='word_1_355' title='bbox 245 2824 422 2878; x_wconf 67' lang='grc' dir='ltr'>αὐτοῦ</span> <span class='ocrx_word' id='word_1_356' title='bbox 448 2829 544 2877; x_wconf 81' lang='grc' dir='ltr'>καὶ</span> <span class='ocrx_word' id='word_1_357' title='bbox 573 2828 634 2878; x_wconf 81' lang='grc' dir='ltr'>τὸ</span> <span class='ocrx_word' id='word_1_358' title='bbox 665 2827 1026 2899; x_wconf 75' lang='grc' dir='ltr'>θερμαντικὸν,</span> <span class='ocrx_word' id='word_1_359' title='bbox 1058 2828 1129 2882; x_wconf 79' lang='grc' dir='ltr'>ἔτι</span> <span class='ocrx_word' id='word_1_360' title='bbox 1153 2826 1216 2882; x_wconf 79' lang='grc' dir='ltr'>δέ</span> <span class='ocrx_word' id='word_1_361' title='bbox 1242 2833 1300 2883; x_wconf 86' lang='grc' dir='ltr'>τὸ</span> <span class='ocrx_word' id='word_1_362' title='bbox 1332 2839 1495 2905; x_wconf 82' lang='grc' dir='ltr'>τριχῆ</span> <span class='ocrx_word' id='word_1_363' title='bbox 1530 2828 1566 2884; x_wconf 86' lang='grc' dir='ltr'><em>δ</em></span> <span class='ocrx_word' id='word_1_364' title='bbox 1571 2851 1762 2885; x_wconf 84' lang='grc' dir='ltr'>ιαστα-</span> 
     </span>
    </p>
   </div>
   <div class='ocr_carea' id='block_1_44' title="bbox 138 2917 1758 2995">
    <p class='ocr_par' dir='ltr' id='par_1_44' title="bbox 138 2917 1758 2995">
     <span class='ocr_line' id='line_1_44' title="bbox 138 2917 1758 2995; baseline 0.005 -28"><span class='ocrx_word' id='word_1_365' title='bbox 138 2917 241 2985; x_wconf 77' lang='grc' dir='ltr'>τόν,</span> <span class='ocrx_word' id='word_1_366' title='bbox 271 2918 365 2967; x_wconf 75' lang='grc' dir='ltr'>καὶ</span> <span class='ocrx_word' id='word_1_367' title='bbox 398 2918 460 2966; x_wconf 84' lang='grc' dir='ltr'>τὸ</span> <span class='ocrx_word' id='word_1_368' title='bbox 485 2919 783 2988; x_wconf 71' lang='grc' dir='ltr'>σφαιρικὸν,</span> <span class='ocrx_word' id='word_1_369' title='bbox 816 2918 906 2969; x_wconf 80' lang='grc' dir='ltr'>καὶ</span> <span class='ocrx_word' id='word_1_370' title='bbox 943 2917 1338 2995; x_wconf 69' lang='grc' dir='ltr'>κυκλοφορικόν,</span> <span class='ocrx_word' id='word_1_371' title='bbox 1371 2925 1460 2973; x_wconf 85' lang='grc' dir='ltr'>καὶ</span> <span class='ocrx_word' id='word_1_372' title='bbox 1491 2924 1536 2974; x_wconf 72' lang='lat' dir='ltr'>ei</span> <span class='ocrx_word' id='word_1_373' title='bbox 1566 2941 1615 2974; x_wconf 83' lang='grc' dir='ltr'>τι</span> <span class='ocrx_word' id='word_1_374' title='bbox 1633 2941 1758 2994; x_wconf 88' lang='grc' dir='ltr'>τυγ-</span> 
     </span>
    </p>
   </div>
   <div class='ocr_carea' id='block_1_45' title="bbox 136 3004 1761 3075">
    <p class='ocr_par' dir='ltr' id='par_1_45' title="bbox 136 3004 1761 3075">
     <span class='ocr_line' id='line_1_45' title="bbox 136 3004 1761 3075; baseline 0.005 -20"><span class='ocrx_word' id='word_1_375' title='bbox 136 3006 292 3075; x_wconf 78' lang='grc' dir='ltr'>χάνει</span> <span class='ocrx_word' id='word_1_376' title='bbox 347 3010 594 3057; x_wconf 83' lang='grc' dir='ltr'>τοιοῦτον</span> <span class='ocrx_word' id='word_1_377' title='bbox 635 3004 781 3072; x_wconf 68' lang='grc' dir='ltr'>ἄλλο,</span> <span class='ocrx_word' id='word_1_378' title='bbox 822 3006 917 3059; x_wconf 76' lang='grc' dir='ltr'>οῦκ</span> <span class='ocrx_word' id='word_1_379' title='bbox 955 3004 1063 3066; x_wconf 77' lang='grc' dir='ltr'>ἤδη</span> <span class='ocrx_word' id='word_1_380' title='bbox 1121 3013 1211 3060; x_wconf 85' lang='grc' dir='ltr'>καί</span> <span class='ocrx_word' id='word_1_381' title='bbox 1260 3008 1496 3071; x_wconf 72' lang='grc' dir='ltr'>πλείονας</span> <span class='ocrx_word' id='word_1_382' title='bbox 1542 3013 1632 3073; x_wconf 83' lang='grc' dir='ltr'>τὰς</span> <span class='ocrx_word' id='word_1_383' title='bbox 1668 3018 1761 3064; x_wconf 84' lang='grc' dir='ltr'>τοῦ</span> 
     </span>
    </p>
   </div>
   <div class='ocr_carea' id='block_1_46' title="bbox 137 3093 1763 3173">
    <p class='ocr_par' dir='ltr' id='par_1_46' title="bbox 137 3093 1763 3173">
     <span class='ocr_line' id='line_1_46' title="bbox 137 3093 1763 3173; baseline 0.006 -29"><span class='ocrx_word' id='word_1_384' title='bbox 137 3093 287 3151; x_wconf 65' lang='grc' dir='ltr'>ἡλίου</span> <span class='ocrx_word' id='word_1_385' title='bbox 330 3095 525 3166; x_wconf 71' lang='grc' dir='ltr'>φύσεις</span> <span class='ocrx_word' id='word_1_386' title='bbox 547 3093 713 3166; x_wconf 73' lang='grc' dir='ltr'>λέγειν</span> <span class='ocrx_word' id='word_1_387' title='bbox 744 3093 967 3168; x_wconf 75' lang='grc' dir='ltr'>ἀνάγκη·</span> <span class='ocrx_word' id='word_1_388' title='bbox 1015 3093 1167 3150; x_wconf 72' lang='grc' dir='ltr'>οῦδὶν</span> <span class='ocrx_word' id='word_1_389' title='bbox 1203 3099 1305 3173; x_wconf 80' lang='grc' dir='ltr'>γὰρ</span> <span class='ocrx_word' id='word_1_390' title='bbox 1338 3099 1459 3153; x_wconf 85' lang='grc' dir='ltr'>καθ’</span> <span class='ocrx_word' id='word_1_391' title='bbox 1488 3099 1639 3154; x_wconf 79' lang='grc' dir='ltr'>ἑαυτό</span> <span class='ocrx_word' id='word_1_392' title='bbox 1665 3109 1763 3153; x_wconf 85' lang='grc' dir='ltr'>τῶν</span> 
     </span>
    </p>
   </div>
   <div class='ocr_carea' id='block_1_47' title="bbox 138 3182 1767 3264">
    <p class='ocr_par' dir='ltr' id='par_1_47' title="bbox 138 3182 1767 3264">
     <span class='ocr_line' id='line_1_47' title="bbox 138 3182 1767 3264; baseline 0.006 -31"><span class='ocrx_word' id='word_1_393' title='bbox 138 3185 397 3235; x_wconf 74' lang='grc' dir='ltr'>τοιούτων</span> <span class='ocrx_word' id='word_1_394' title='bbox 428 3182 585 3241; x_wconf 68' lang='grc' dir='ltr'>ἡλίου</span> <span class='ocrx_word' id='word_1_395' title='bbox 608 3186 766 3255; x_wconf 73' lang='grc' dir='ltr'>φύσιν</span> <span class='ocrx_word' id='word_1_396' title='bbox 792 3183 1092 3258; x_wconf 70' lang='grc' dir='ltr'>ἐργάζεται,</span> <span class='ocrx_word' id='word_1_397' title='bbox 1114 3184 1245 3239; x_wconf 76' lang='grc' dir='ltr'>ἀλλὰ</span> <span class='ocrx_word' id='word_1_398' title='bbox 1272 3191 1328 3240; x_wconf 80' lang='grc' dir='ltr'>τὸ</span> <span class='ocrx_word' id='word_1_399' title='bbox 1350 3186 1406 3240; x_wconf 73' lang='grc' dir='ltr'>ἔκ</span> <span class='ocrx_word' id='word_1_400' title='bbox 1429 3190 1634 3242; x_wconf 84' lang='grc' dir='ltr'>πάντων</span> <span class='ocrx_word' id='word_1_401' title='bbox 1655 3190 1767 3264; x_wconf 80' lang='grc' dir='ltr'>ἅμα</span> 
     </span>
    </p>
   </div>
   <div class='ocr_carea' id='block_1_48' title="bbox 139 3274 1765 3352">
    <p class='ocr_par' dir='ltr' id='par_1_48' title="bbox 139 3274 1765 3352">
     <span class='ocr_line' id='line_1_48' title="bbox 139 3274 1765 3352; baseline 0.005 -26"><span class='ocrx_word' id='word_1_402' title='bbox 139 3281 235 3326; x_wconf 75' lang='grc' dir='ltr'>τῶν</span> <span class='ocrx_word' id='word_1_403' title='bbox 268 3274 566 3347; x_wconf 76' lang='grc' dir='ltr'>εἰρημένων</span> <span class='ocrx_word' id='word_1_404' title='bbox 600 3277 891 3348; x_wconf 73' lang='grc' dir='ltr'>σύγκριμα,</span> <span class='ocrx_word' id='word_1_405' title='bbox 924 3275 971 3329; x_wconf 76' lang='grc' dir='ltr'>ἓν</span> <span class='ocrx_word' id='word_1_406' title='bbox 1000 3282 1090 3329; x_wconf 81' lang='grc' dir='ltr'>καὶ</span> <span class='ocrx_word' id='word_1_407' title='bbox 1128 3277 1336 3332; x_wconf 81' lang='grc' dir='ltr'>πλείονα</span> <span class='ocrx_word' id='word_1_408' title='bbox 1362 3282 1645 3352; x_wconf 78' lang='grc' dir='ltr'>τυγχάνον,</span> <span class='ocrx_word' id='word_1_409' title='bbox 1679 3282 1765 3335; x_wconf 75' lang='grc' dir='ltr'>ἕνα</span> 
     </span>
    </p>
   </div>
   <div class='ocr_carea' id='block_1_49' title="bbox 140 3363 1763 3440">
    <p class='ocr_par' dir='ltr' id='par_1_49' title="bbox 140 3363 1763 3440">
     <span class='ocr_line' id='line_1_49' title="bbox 140 3363 1763 3440; baseline 0.006 -25"><span class='ocrx_word' id='word_1_410' title='bbox 140 3367 226 3415; x_wconf 85' lang='grc' dir='ltr'>τὸν</span> <span class='ocrx_word' id='word_1_411' title='bbox 250 3363 407 3424; x_wconf 68' lang='grc' dir='ltr'>ἣλιον</span> <span class='ocrx_word' id='word_1_412' title='bbox 427 3368 525 3416; x_wconf 80' lang='grc' dir='ltr'>καὶ</span> <span class='ocrx_word' id='word_1_413' title='bbox 548 3367 677 3437; x_wconf 81' lang='grc' dir='ltr'>μίαν</span> <span class='ocrx_word' id='word_1_414' title='bbox 695 3364 858 3418; x_wconf 70' lang='grc' dir='ltr'>αὐτοῦ</span> <span class='ocrx_word' id='word_1_415' title='bbox 879 3369 967 3425; x_wconf 77' lang='grc' dir='ltr'>τὴν</span> <span class='ocrx_word' id='word_1_416' title='bbox 993 3368 1146 3439; x_wconf 71' lang='grc' dir='ltr'>φύσιν</span> <span class='ocrx_word' id='word_1_417' title='bbox 1186 3366 1481 3440; x_wconf 74' lang='grc' dir='ltr'>ἕργάζεταυ</span> <span class='ocrx_word' id='word_1_418' title='bbox 1514 3370 1648 3423; x_wconf 76' lang='grc' dir='ltr'>οὕτω</span> <span class='ocrx_word' id='word_1_419' title='bbox 1673 3377 1763 3425; x_wconf 82' lang='grc' dir='ltr'>καὶ</span> 
     </span>
    </p>
   </div>
   <div class='ocr_carea' id='block_1_50' title="bbox 144 3451 1761 3529">
    <p class='ocr_par' dir='ltr' id='par_1_50' title="bbox 144 3451 1761 3529">
     <span class='ocr_line' id='line_1_50' title="bbox 144 3451 1761 3529; baseline 0.004 -24"><span class='ocrx_word' id='word_1_420' title='bbox 144 3451 224 3506; x_wconf 72' lang='grc' dir='ltr'>ἰπὶ</span> <span class='ocrx_word' id='word_1_421' title='bbox 271 3461 375 3506; x_wconf 83' lang='grc' dir='ltr'>τοῦ</span> <span class='ocrx_word' id='word_1_422' title='bbox 424 3454 763 3529; x_wconf 76' lang='grc' dir='ltr'>θεοινθρώπου</span> <span class='ocrx_word' id='word_1_423' title='bbox 801 3462 1059 3529; x_wconf 80' lang='grc' dir='ltr'>Χριστοῦ.</span> <span class='ocrx_word' id='word_1_424' title='bbox 1092 3455 1188 3508; x_wconf 77' lang='grc' dir='ltr'>κᾶν</span> <span class='ocrx_word' id='word_1_425' title='bbox 1232 3459 1286 3509; x_wconf 85' lang='grc' dir='ltr'>αἱ</span> <span class='ocrx_word' id='word_1_426' title='bbox 1315 3466 1409 3520; x_wconf 78' lang='grc' dir='ltr'>τῆς</span> <span class='ocrx_word' id='word_1_427' title='bbox 1452 3460 1687 3521; x_wconf 74' lang='grc' dir='ltr'>θεότητος</span> <span class='ocrx_word' id='word_1_428' title='bbox 1712 3459 1761 3513; x_wconf 75' lang='grc' dir='ltr'>ἐν</span> 
     </span>
    </p>
   </div>
   <div class='ocr_carea' id='block_1_51' title="bbox 146 3542 1763 3621">
    <p class='ocr_par' dir='ltr' id='par_1_51' title="bbox 146 3542 1763 3621">
     <span class='ocr_line' id='line_1_51' title="bbox 146 3542 1763 3621; baseline 0.004 -26"><span class='ocrx_word' id='word_1_429' title='bbox 146 3544 284 3614; x_wconf 69' lang='grc' dir='ltr'>αὐτῷ</span> <span class='ocrx_word' id='word_1_430' title='bbox 343 3547 442 3595; x_wconf 77' lang='grc' dir='ltr'>καὶ</span> <span class='ocrx_word' id='word_1_431' title='bbox 471 3542 872 3617; x_wconf 75' lang='grc' dir='ltr'>ἀνθρωπότητος</span> <span class='ocrx_word' id='word_1_432' title='bbox 904 3546 1195 3621; x_wconf 80' lang='grc' dir='ltr'>θιωρῶνται</span> <span class='ocrx_word' id='word_1_433' title='bbox 1229 3543 1497 3621; x_wconf 49' lang='grc' dir='ltr'>διαφοραὶ,</span> <span class='ocrx_word' id='word_1_434' title='bbox 1535 3549 1629 3601; x_wconf 75' lang='grc' dir='ltr'>οῦκ</span> <span class='ocrx_word' id='word_1_435' title='bbox 1654 3552 1763 3602; x_wconf 75' lang='grc' dir='ltr'>ανέ-</span> 
     </span>
    </p>
   </div>
   <div class='ocr_carea' id='block_1_52' title="bbox 146 3627 1757 3711">
    <p class='ocr_par' dir='ltr' id='par_1_52' title="bbox 146 3627 1757 3711">
     <span class='ocr_line' id='line_1_52' title="bbox 146 3627 1757 3711; baseline 0.004 -26"><span class='ocrx_word' id='word_1_436' title='bbox 146 3632 322 3696; x_wconf 76' lang='grc' dir='ltr'>ξονται</span> <span class='ocrx_word' id='word_1_437' title='bbox 352 3627 458 3685; x_wconf 71' lang='grc' dir='ltr'>δύο</span> <span class='ocrx_word' id='word_1_438' title='bbox 481 3631 649 3704; x_wconf 73' lang='grc' dir='ltr'>λέγειν</span> <span class='ocrx_word' id='word_1_439' title='bbox 679 3633 841 3687; x_wconf 69' lang='grc' dir='ltr'>αὐτοῦ</span> <span class='ocrx_word' id='word_1_440' title='bbox 870 3636 965 3697; x_wconf 84' lang='grc' dir='ltr'>τὰς</span> <span class='ocrx_word' id='word_1_441' title='bbox 1003 3638 1185 3708; x_wconf 70' lang='grc' dir='ltr'>φύσεις</span> <span class='ocrx_word' id='word_1_442' title='bbox 1222 3638 1271 3688; x_wconf 83' lang='grc' dir='ltr'>οἱ</span> <span class='ocrx_word' id='word_1_443' title='bbox 1295 3642 1484 3711; x_wconf 84' lang='grc' dir='ltr'>κρίνειν</span> <span class='ocrx_word' id='word_1_444' title='bbox 1514 3638 1757 3711; x_wconf 80' lang='grc' dir='ltr'>ἁμηγέπη</span> 
     </span>
    </p>
   </div>
   <div class='ocr_carea' id='block_1_53' title="bbox 146 3721 1761 3799">
    <p class='ocr_par' dir='ltr' id='par_1_53' title="bbox 146 3721 1761 3799">
     <span class='ocr_line' id='line_1_53' title="bbox 146 3721 1761 3799; baseline -0.002 -21"><span class='ocrx_word' id='word_1_445' title='bbox 146 3724 253 3791; x_wconf 78' lang='lat' dir='ltr'>(ita</span> <span class='ocrx_word' id='word_1_446' title='bbox 282 3721 528 3779; x_wconf 76' lang='lat' dir='ltr'>codices</span> <span class='ocrx_word' id='word_1_447' title='bbox 557 3722 694 3796; x_wconf 83' lang='lat' dir='ltr'>duo)</span> <span class='ocrx_word' id='word_1_448' title='bbox 724 3728 819 3782; x_wconf 78' lang='grc' dir='ltr'>τὴν</span> <span class='ocrx_word' id='word_1_449' title='bbox 842 3731 942 3776; x_wconf 83' lang='grc' dir='ltr'>τῶν</span> <span class='ocrx_word' id='word_1_450' title='bbox 973 3727 1252 3798; x_wconf 84' lang='grc' dir='ltr'>πραγάτων</span> <span class='ocrx_word' id='word_1_451' title='bbox 1283 3728 1448 3799; x_wconf 77' lang='grc' dir='ltr'>ορθῶς</span> <span class='ocrx_word' id='word_1_452' title='bbox 1487 3728 1641 3789; x_wconf 73' lang='grc' dir='ltr'>φύσιν</span> <span class='ocrx_word' id='word_1_453' title='bbox 1669 3725 1761 3781; x_wconf 80' lang='grc' dir='ltr'>δυ..</span> 
     </span>
    </p>
   </div>
   <div class='ocr_carea' id='block_1_54' title="bbox 147 3808 1757 3891">
    <p class='ocr_par' dir='ltr' id='par_1_54' title="bbox 147 3808 1757 3891">
     <span class='ocr_line' id='line_1_54' title="bbox 147 3808 1757 3891; baseline 0.004 -28"><span class='ocrx_word' id='word_1_454' title='bbox 147 3815 379 3884; x_wconf 76' lang='grc' dir='ltr'>νάμινοι·</span> <span class='ocrx_word' id='word_1_455' title='bbox 424 3808 580 3865; x_wconf 67' lang='grc' dir='ltr'>οὐδὲν</span> <span class='ocrx_word' id='word_1_456' title='bbox 609 3816 708 3884; x_wconf 78' lang='grc' dir='ltr'>γὰρ</span> <span class='ocrx_word' id='word_1_457' title='bbox 740 3811 941 3866; x_wconf 78' lang='grc' dir='ltr'>ἐκείνων</span> <span class='ocrx_word' id='word_1_458' title='bbox 971 3815 1087 3866; x_wconf 73' lang='grc' dir='ltr'>καθ’</span> <span class='ocrx_word' id='word_1_459' title='bbox 1119 3813 1269 3867; x_wconf 80' lang='grc' dir='ltr'>ἑαυτό</span> <span class='ocrx_word' id='word_1_460' title='bbox 1301 3819 1530 3891; x_wconf 77' lang='grc' dir='ltr'>Χριστὸς</span> <span class='ocrx_word' id='word_1_461' title='bbox 1568 3816 1628 3868; x_wconf 85' lang='grc' dir='ltr'>ἆν</span> <span class='ocrx_word' id='word_1_462' title='bbox 1656 3821 1757 3885; x_wconf 77' lang='grc' dir='ltr'>εἴη,</span> 
     </span>
    </p>
   </div>
   <div class='ocr_carea' id='block_1_55' title="bbox 148 3901 1758 3979">
    <p class='ocr_par' dir='ltr' id='par_1_55' title="bbox 148 3901 1758 3977">
     <span class='ocr_line' id='line_1_55' title="bbox 148 3901 1758 3977; baseline 0.004 -23"><span class='ocrx_word' id='word_1_463' title='bbox 148 3906 260 3954; x_wconf 69' lang='grc' dir='ltr'>οὔτε</span> <span class='ocrx_word' id='word_1_464' title='bbox 281 3906 342 3954; x_wconf 74' lang='grc' dir='ltr'>τὸ</span> <span class='ocrx_word' id='word_1_465' title='bbox 375 3902 515 3955; x_wconf 78' lang='grc' dir='ltr'>θεῖον</span> <span class='ocrx_word' id='word_1_466' title='bbox 540 3901 702 3954; x_wconf 64' lang='grc' dir='ltr'>αὐτοῦ</span> <span class='ocrx_word' id='word_1_467' title='bbox 734 3923 887 3975; x_wconf 69' lang='grc' dir='ltr'>φημι,</span> <span class='ocrx_word' id='word_1_468' title='bbox 920 3906 1037 3956; x_wconf 74' lang='grc' dir='ltr'>οὔτε</span> <span class='ocrx_word' id='word_1_469' title='bbox 1066 3907 1122 3956; x_wconf 82' lang='grc' dir='ltr'>τὸ</span> <span class='ocrx_word' id='word_1_470' title='bbox 1154 3904 1492 3977; x_wconf 76' lang='grc' dir='ltr'>ἀνθρώπινον·</span> <span class='ocrx_word' id='word_1_471' title='bbox 1537 3906 1663 3959; x_wconf 66' lang='grc' dir='ltr'>ἀλλὰ</span> <span class='ocrx_word' id='word_1_472' title='bbox 1700 3910 1758 3960; x_wconf 75' lang='grc' dir='ltr'>τὸ</span> 
     </span>
    </p>
   </div>
   <div class='ocr_carea' id='block_1_56' title="bbox 150 3988 1755 4069">
    <p class='ocr_par' dir='ltr' id='par_1_56' title="bbox 150 3988 1755 4069">
     <span class='ocr_line' id='line_1_56' title="bbox 150 3988 1755 4069; baseline 0.002 -25"><span class='ocrx_word' id='word_1_473' title='bbox 150 3990 199 4054; x_wconf 73' lang='grc' dir='ltr'><strong>ἐξ</strong></span> <span class='ocrx_word' id='word_1_474' title='bbox 227 3991 423 4065; x_wconf 52' lang='lat' dir='ltr'>eam</span> <span class='ocrx_word' id='word_1_475' title='bbox 447 3994 742 4066; x_wconf 76' lang='grc' dir='ltr'>σύγκριμα,</span> <span class='ocrx_word' id='word_1_476' title='bbox 765 3991 814 4047; x_wconf 78' lang='grc' dir='ltr'>ἓν</span> <span class='ocrx_word' id='word_1_477' title='bbox 841 3988 1102 4051; x_wconf 71' lang='grc' dir='ltr'>δήπουθεν</span> <span class='ocrx_word' id='word_1_478' title='bbox 1122 3997 1405 4067; x_wconf 81' lang='grc' dir='ltr'>τυγχάνον,</span> <span class='ocrx_word' id='word_1_479' title='bbox 1434 4000 1524 4048; x_wconf 84' lang='grc' dir='ltr'>καὶ</span> <span class='ocrx_word' id='word_1_480' title='bbox 1550 3995 1608 4048; x_wconf 67' lang='grc' dir='ltr'>οὐ</span> <span class='ocrx_word' id='word_1_481' title='bbox 1637 3992 1755 4069; x_wconf 75' lang='grc' dir='ltr'>δύο,</span> 
     </span>
    </p>
   </div>
   <div class='ocr_carea' id='block_1_57' title="bbox 148 4077 1757 4160">
    <p class='ocr_par' dir='ltr' id='par_1_57' title="bbox 148 4077 1757 4160">
     <span class='ocr_line' id='line_1_57' title="bbox 148 4077 1757 4160; baseline 0.003 -27"><span class='ocrx_word' id='word_1_482' title='bbox 148 4089 232 4134; x_wconf 81' lang='grc' dir='ltr'>καὶ</span> <span class='ocrx_word' id='word_1_483' title='bbox 260 4080 311 4134; x_wconf 80' lang='grc' dir='ltr'>ἐν</span> <span class='ocrx_word' id='word_1_484' title='bbox 342 4077 529 4136; x_wconf 68' lang='grc' dir='ltr'>οὐδενὶ</span> <span class='ocrx_word' id='word_1_485' title='bbox 560 4090 663 4133; x_wconf 72' lang='grc' dir='ltr'>τῶν</span> <span class='ocrx_word' id='word_1_486' title='bbox 700 4086 857 4135; x_wconf 76' lang='grc' dir='ltr'>ὄντων</span> <span class='ocrx_word' id='word_1_487' title='bbox 920 4081 1311 4158; x_wconf 75' lang='grc' dir='ltr'>ἔνθεωρούμενον</span> <span class='ocrx_word' id='word_1_488' title='bbox 1352 4083 1525 4160; x_wconf 77' lang='grc' dir='ltr'>ἑτέρῳ,</span> <span class='ocrx_word' id='word_1_489' title='bbox 1557 4086 1643 4137; x_wconf 80' lang='grc' dir='ltr'>ἕνα</span> <span class='ocrx_word' id='word_1_490' title='bbox 1671 4090 1757 4138; x_wconf 83' lang='grc' dir='ltr'>τὸν</span> 
     </span>
    </p>
   </div>
   <div class='ocr_carea' id='block_1_58' title="bbox 149 4170 1758 4248">
    <p class='ocr_par' dir='ltr' id='par_1_58' title="bbox 149 4170 1758 4248">
     <span class='ocr_line' id='line_1_58' title="bbox 149 4170 1758 4248; baseline -0.002 -23"><span class='ocrx_word' id='word_1_491' title='bbox 149 4174 400 4242; x_wconf 73' lang='grc' dir='ltr'>Χριστὸν,</span> <span class='ocrx_word' id='word_1_492' title='bbox 449 4174 544 4223; x_wconf 86' lang='grc' dir='ltr'>καὶ</span> <span class='ocrx_word' id='word_1_493' title='bbox 581 4174 706 4243; x_wconf 85' lang='grc' dir='ltr'>μίαν</span> <span class='ocrx_word' id='word_1_494' title='bbox 745 4170 905 4224; x_wconf 62' lang='grc' dir='ltr'>αὐτοῦ</span> <span class='ocrx_word' id='word_1_495' title='bbox 934 4176 1027 4230; x_wconf 72' lang='grc' dir='ltr'>τὴν</span> <span class='ocrx_word' id='word_1_496' title='bbox 1060 4176 1215 4247; x_wconf 71' lang='grc' dir='ltr'>φύσιν</span> <span class='ocrx_word' id='word_1_497' title='bbox 1246 4172 1511 4247; x_wconf 73' lang='grc' dir='ltr'>ὁμολογεῖν</span> <span class='ocrx_word' id='word_1_498' title='bbox 1543 4175 1677 4248; x_wconf 67' lang='grc' dir='ltr'>ἡμᾶς</span> <span class='ocrx_word' id='word_1_499' title='bbox 1703 4173 1758 4228; x_wconf 78' lang='grc' dir='ltr'>ἐκ</span> 
     </span>
    </p>
   </div>
   <div class='ocr_carea' id='block_1_59' title="bbox 148 4259 1036 4336">
    <p class='ocr_par' dir='ltr' id='par_1_59' title="bbox 148 4259 1036 4336">
     <span class='ocr_line' id='line_1_59' title="bbox 148 4259 1036 4336; baseline 0.002 -24"><span class='ocrx_word' id='word_1_500' title='bbox 148 4263 320 4323; x_wconf 77' lang='grc' dir='ltr'>πάσης</span> <span class='ocrx_word' id='word_1_501' title='bbox 352 4259 562 4332; x_wconf 77' lang='grc' dir='ltr'>ἀνάγκη</span> <span class='ocrx_word' id='word_1_502' title='bbox 575 4281 597 4323; x_wconf 87' lang='grc' dir='ltr'>ς</span> <span class='ocrx_word' id='word_1_503' title='bbox 626 4260 1036 4336; x_wconf 78' lang='grc' dir='ltr'>παρασκευάζει.</span> 
     </span>
    </p>
   </div>
   <div class='ocr_carea' id='block_1_60' title="bbox 686 4474 1222 4551">
    <p class='ocr_par' dir='ltr' id='par_1_60' title="bbox 686 4474 1222 4551">
     <span class='ocr_line' id='line_1_60' title="bbox 686 4474 1222 4551; baseline 0.006 -23"><span class='ocrx_word' id='word_1_504' title='bbox 686 4474 909 4550; x_wconf 61' lang='grc' dir='ltr'>Ἐτερονλ</span> <span class='ocrx_word' id='word_1_505' title='bbox 922 4475 1222 4551; x_wconf 73' lang='grc' dir='ltr'>πρόϐλημα.</span> 
     </span>
    </p>
   </div>
   <div class='ocr_carea' id='block_1_61' title="bbox 214 4617 1757 4697">
    <p class='ocr_par' dir='ltr' id='par_1_61' title="bbox 214 4617 1757 4697">
     <span class='ocr_line' id='line_1_61' title="bbox 214 4617 1757 4697; baseline 0.002 -23"><span class='ocrx_word' id='word_1_506' title='bbox 214 4623 318 4678; x_wconf 73' lang='grc' dir='ltr'>ια’.</span> <span class='ocrx_word' id='word_1_507' title='bbox 355 4621 418 4676; x_wconf 80' lang='grc' dir='ltr'>Εἰ</span> <span class='ocrx_word' id='word_1_508' title='bbox 461 4623 492 4680; x_wconf 78' lang='grc' dir='ltr'>ἡ</span> <span class='ocrx_word' id='word_1_509' title='bbox 544 4617 678 4683; x_wconf 73' lang='grc' dir='ltr'>δυὰς</span> <span class='ocrx_word' id='word_1_510' title='bbox 714 4629 811 4683; x_wconf 83' lang='grc' dir='ltr'>τῆς</span> <span class='ocrx_word' id='word_1_511' title='bbox 847 4619 901 4674; x_wconf 72' lang='grc' dir='ltr'>ἐκ</span> <span class='ocrx_word' id='word_1_512' title='bbox 937 4618 1163 4694; x_wconf 72' lang='grc' dir='ltr'>μονάδος</span> <span class='ocrx_word' id='word_1_513' title='bbox 1192 4626 1402 4697; x_wconf 80' lang='grc' dir='ltr'>πρώτης</span> <span class='ocrx_word' id='word_1_514' title='bbox 1431 4618 1757 4695; x_wconf 68' lang='grc' dir='ltr'>διασκέψεως</span> 
     </span>
    </p>
   </div>
   <div class='ocr_carea' id='block_1_62' title="bbox 155 4705 1757 4787">
    <p class='ocr_par' dir='ltr' id='par_1_62' title="bbox 155 4705 1757 4787">
     <span class='ocr_line' id='line_1_62' title="bbox 155 4705 1757 4787; baseline 0.001 -24"><span class='ocrx_word' id='word_1_515' title='bbox 155 4710 259 4764; x_wconf 77' lang='grc' dir='ltr'>ἐστι</span> <span class='ocrx_word' id='word_1_516' title='bbox 290 4708 591 4777; x_wconf 77' lang='grc' dir='ltr'>δηλωτικὴ,</span> <span class='ocrx_word' id='word_1_517' title='bbox 642 4711 669 4769; x_wconf 67' lang='grc' dir='ltr'><strong>ὁ</strong></span> <span class='ocrx_word' id='word_1_518' title='bbox 705 4705 766 4763; x_wconf 72' lang='grc' dir='ltr'>δὲ</span> <span class='ocrx_word' id='word_1_519' title='bbox 804 4706 1067 4786; x_wconf 78' lang='grc' dir='ltr'>διαίρεσις</span> <span class='ocrx_word' id='word_1_520' title='bbox 1094 4710 1450 4784; x_wconf 73' lang='grc' dir='ltr'>ἀντικειμένως</span> <span class='ocrx_word' id='word_1_521' title='bbox 1479 4713 1595 4784; x_wconf 78' lang='grc' dir='ltr'>ἔχει</span> <span class='ocrx_word' id='word_1_522' title='bbox 1630 4715 1757 4787; x_wconf 78' lang='grc' dir='ltr'>πρὸς</span> 
     </span>
    </p>
   </div>
   <div class='ocr_carea' id='block_1_63' title="bbox 153 4795 1755 4872">
    <p class='ocr_par' dir='ltr' id='par_1_63' title="bbox 153 4795 1755 4872">
     <span class='ocr_line' id='line_1_63' title="bbox 153 4795 1755 4872; baseline -0.001 -18"><span class='ocrx_word' id='word_1_523' title='bbox 153 4805 237 4859; x_wconf 65' lang='grc' dir='ltr'>τήν</span> <span class='ocrx_word' id='word_1_524' title='bbox 271 4803 482 4866; x_wconf 78' lang='grc' dir='ltr'>ἕνωσιν,</span> <span class='ocrx_word' id='word_1_525' title='bbox 527 4795 562 4852; x_wconf 86' lang='grc' dir='ltr'><em>δ</em></span> <span class='ocrx_word' id='word_1_526' title='bbox 567 4801 623 4851; x_wconf 80' lang='grc' dir='ltr'>ια</span> <span class='ocrx_word' id='word_1_527' title='bbox 648 4806 803 4852; x_wconf 86' lang='grc' dir='ltr'>τοῦτο</span> <span class='ocrx_word' id='word_1_528' title='bbox 832 4799 942 4872; x_wconf 71' lang='grc' dir='ltr'>ἅμα</span> <span class='ocrx_word' id='word_1_529' title='bbox 969 4803 1028 4852; x_wconf 86' lang='grc' dir='ltr'>τὸ</span> <span class='ocrx_word' id='word_1_530' title='bbox 1058 4798 1185 4853; x_wconf 64' lang='grc' dir='ltr'>αὐτὸ</span> <span class='ocrx_word' id='word_1_531' title='bbox 1216 4803 1351 4852; x_wconf 85' lang='grc' dir='ltr'>κατὰ</span> <span class='ocrx_word' id='word_1_532' title='bbox 1375 4803 1433 4853; x_wconf 85' lang='grc' dir='ltr'>τὸ</span> <span class='ocrx_word' id='word_1_533' title='bbox 1464 4800 1587 4853; x_wconf 64' lang='grc' dir='ltr'>αὐτὸ</span> <span class='ocrx_word' id='word_1_534' title='bbox 1627 4802 1755 4859; x_wconf 74' lang='grc' dir='ltr'>ἡνῶ-</span> 
     </span>
    </p>
   </div>
   <div class='ocr_carea' id='block_1_64' title="bbox 158 4884 1749 4962">
    <p class='ocr_par' dir='ltr' id='par_1_64' title="bbox 158 4884 1749 4962">
     <span class='ocr_line' id='line_1_64' title="bbox 158 4884 1749 4962; baseline -0.001 -20"><span class='ocrx_word' id='word_1_535' title='bbox 158 4892 268 4943; x_wconf 73' lang='grc' dir='ltr'>σθαι</span> <span class='ocrx_word' id='word_1_536' title='bbox 302 4910 361 4943; x_wconf 84' lang='grc' dir='ltr'>τε</span> <span class='ocrx_word' id='word_1_537' title='bbox 400 4893 496 4941; x_wconf 79' lang='grc' dir='ltr'>καὶ</span> <span class='ocrx_word' id='word_1_538' title='bbox 535 4884 834 4962; x_wconf 70' lang='grc' dir='ltr'>διῃρῆσθαι</span> <span class='ocrx_word' id='word_1_539' title='bbox 876 4887 1175 4962; x_wconf 66' lang='grc' dir='ltr'>ἀμήχανον,</span> <span class='ocrx_word' id='word_1_540' title='bbox 1206 4885 1432 4962; x_wconf 72' lang='grc' dir='ltr'>οὐδεμία</span> <span class='ocrx_word' id='word_1_541' title='bbox 1460 4892 1562 4962; x_wconf 78' lang='grc' dir='ltr'>ἀρα</span> <span class='ocrx_word' id='word_1_542' title='bbox 1601 4887 1749 4958; x_wconf 72' lang='grc' dir='ltr'>δύας,</span> 
     </span>
    </p>
   </div>
   <div class='ocr_carea' id='block_1_65' title="bbox 153 4973 1748 5049">
    <p class='ocr_par' dir='ltr' id='par_1_65' title="bbox 153 4973 1748 5049">
     <span class='ocr_line' id='line_1_65' title="bbox 153 4973 1748 5049; baseline 0 -19"><span class='ocrx_word' id='word_1_543' title='bbox 153 4982 269 5032; x_wconf 77' lang='grc' dir='ltr'>καθό</span> <span class='ocrx_word' id='word_1_544' title='bbox 337 4985 453 5031; x_wconf 77' lang='grc' dir='ltr'>ἐστι</span> <span class='ocrx_word' id='word_1_545' title='bbox 514 4973 671 5044; x_wconf 77' lang='grc' dir='ltr'>δυάς,</span> <span class='ocrx_word' id='word_1_546' title='bbox 738 4979 873 5030; x_wconf 80' lang='grc' dir='ltr'>κατὰ</span> <span class='ocrx_word' id='word_1_547' title='bbox 936 4984 1090 5030; x_wconf 87' lang='grc' dir='ltr'>τοῦτο</span> <span class='ocrx_word' id='word_1_548' title='bbox 1167 4977 1418 5049; x_wconf 66' lang='grc' dir='ltr'>λέγοιτ-’ἃν</span> <span class='ocrx_word' id='word_1_549' title='bbox 1492 4979 1748 5046; x_wconf 69' lang='grc' dir='ltr'>ἡνῶσθαι,</span> 
     </span>
    </p>
   </div>
   <div class='ocr_carea' id='block_1_66' title="bbox 155 5062 1753 5142">
    <p class='ocr_par' dir='ltr' id='par_1_66' title="bbox 155 5062 1753 5142">
     <span class='ocr_line' id='line_1_66' title="bbox 155 5062 1753 5142; baseline -0.001 -22"><span class='ocrx_word' id='word_1_550' title='bbox 155 5064 440 5142; x_wconf 58' lang='grc' dir='ltr'>διῃρῆσθαι</span> <span class='ocrx_word' id='word_1_551' title='bbox 484 5062 548 5119; x_wconf 66' lang='grc' dir='ltr'>δὲ</span> <span class='ocrx_word' id='word_1_552' title='bbox 575 5065 786 5139; x_wconf 78' lang='grc' dir='ltr'>μᾶλλον·</span> <span class='ocrx_word' id='word_1_553' title='bbox 818 5071 908 5119; x_wconf 83' lang='grc' dir='ltr'>καὶ</span> <span class='ocrx_word' id='word_1_554' title='bbox 954 5066 1038 5120; x_wconf 72' lang='grc' dir='ltr'>ἐπὶ</span> <span class='ocrx_word' id='word_1_555' title='bbox 1067 5074 1160 5119; x_wconf 75' lang='grc' dir='ltr'>τοῦ</span> <span class='ocrx_word' id='word_1_556' title='bbox 1206 5074 1444 5142; x_wconf 72' lang='grc' dir='ltr'>Χριστοῦ</span> <span class='ocrx_word' id='word_1_557' title='bbox 1482 5073 1672 5137; x_wconf 86' lang='grc' dir='ltr'>τοίνυν,</span> <span class='ocrx_word' id='word_1_558' title='bbox 1709 5069 1753 5120; x_wconf 82' lang='grc' dir='ltr'>εἰ</span> 
     </span>
    </p>
   </div>
   <div class='ocr_carea' id='block_1_67' title="bbox 155 5153 1746 5229">
    <p class='ocr_par' dir='ltr' id='par_1_67' title="bbox 155 5153 1746 5229">
     <span class='ocr_line' id='line_1_67' title="bbox 155 5153 1746 5229; baseline 0.001 -21"><span class='ocrx_word' id='word_1_559' title='bbox 155 5153 237 5209; x_wconf 71' lang='grc' dir='ltr'>δύο</span> <span class='ocrx_word' id='word_1_560' title='bbox 262 5158 393 5210; x_wconf 68' lang='grc' dir='ltr'>εἰσὶν</span> <span class='ocrx_word' id='word_1_561' title='bbox 420 5158 477 5208; x_wconf 81' lang='grc' dir='ltr'>αἱ</span> <span class='ocrx_word' id='word_1_562' title='bbox 499 5158 687 5208; x_wconf 75' lang='grc' dir='ltr'>τούτου</span> <span class='ocrx_word' id='word_1_563' title='bbox 710 5156 909 5228; x_wconf 66' lang='grc' dir='ltr'>φῦσιις,</span> <span class='ocrx_word' id='word_1_564' title='bbox 929 5161 1019 5209; x_wconf 83' lang='grc' dir='ltr'>καὶ</span> <span class='ocrx_word' id='word_1_565' title='bbox 1043 5157 1173 5228; x_wconf 70' lang='grc' dir='ltr'>οὐχὶ</span> <span class='ocrx_word' id='word_1_566' title='bbox 1196 5161 1312 5229; x_wconf 83' lang='grc' dir='ltr'>μία,</span> <span class='ocrx_word' id='word_1_567' title='bbox 1337 5162 1485 5209; x_wconf 72' lang='grc' dir='ltr'>πάσα</span> <span class='ocrx_word' id='word_1_568' title='bbox 1511 5153 1570 5209; x_wconf 78' lang='grc' dir='ltr'>δε</span> <span class='ocrx_word' id='word_1_569' title='bbox 1592 5153 1746 5223; x_wconf 81' lang='grc' dir='ltr'>δυὰς,</span> 
     </span>
    </p>
   </div>
   <div class='ocr_carea' id='block_1_68' title="bbox 152 5240 1747 5320">
    <p class='ocr_par' dir='ltr' id='par_1_68' title="bbox 152 5240 1747 5320">
     <span class='ocr_line' id='line_1_68' title="bbox 152 5240 1747 5320; baseline -0.001 -21"><span class='ocrx_word' id='word_1_570' title='bbox 152 5248 263 5299; x_wconf 71' lang='grc' dir='ltr'>καθό</span> <span class='ocrx_word' id='word_1_571' title='bbox 301 5243 439 5306; x_wconf 79' lang='grc' dir='ltr'>δυάς</span> <span class='ocrx_word' id='word_1_572' title='bbox 468 5242 604 5311; x_wconf 76' lang='grc' dir='ltr'>ἔστι,</span> <span class='ocrx_word' id='word_1_573' title='bbox 645 5240 813 5315; x_wconf 76' lang='grc' dir='ltr'>διχάς</span> <span class='ocrx_word' id='word_1_574' title='bbox 850 5264 931 5307; x_wconf 88' lang='grc' dir='ltr'>τις</span> <span class='ocrx_word' id='word_1_575' title='bbox 969 5241 1106 5297; x_wconf 79' lang='grc' dir='ltr'>οὖσα</span> <span class='ocrx_word' id='word_1_576' title='bbox 1131 5242 1387 5320; x_wconf 71' lang='grc' dir='ltr'>διῄρηται</span> <span class='ocrx_word' id='word_1_577' title='bbox 1415 5244 1531 5297; x_wconf 84' lang='grc' dir='ltr'>κατ’</span> <span class='ocrx_word' id='word_1_578' title='bbox 1568 5244 1747 5316; x_wconf 82' lang='grc' dir='ltr'>ἐκεῖνο,</span> 
     </span>
    </p>
   </div>
   <div class='ocr_carea' id='block_1_69' title="bbox 154 5331 1750 5409">
    <p class='ocr_par' dir='ltr' id='par_1_69' title="bbox 154 5331 1750 5409">
     <span class='ocr_line' id='line_1_69' title="bbox 154 5331 1750 5409; baseline -0.001 -21"><span class='ocrx_word' id='word_1_579' title='bbox 154 5336 375 5406; x_wconf 72' lang='grc' dir='ltr'>κατόῦχ</span> <span class='ocrx_word' id='word_1_580' title='bbox 416 5337 636 5395; x_wconf 73' lang='grc' dir='ltr'>ᾖνωται,</span> <span class='ocrx_word' id='word_1_581' title='bbox 676 5338 767 5386; x_wconf 82' lang='grc' dir='ltr'>καὶ</span> <span class='ocrx_word' id='word_1_582' title='bbox 796 5336 850 5387; x_wconf 80' lang='grc' dir='ltr'>αἱ</span> <span class='ocrx_word' id='word_1_583' title='bbox 877 5341 970 5387; x_wconf 84' lang='grc' dir='ltr'>τοῦ</span> <span class='ocrx_word' id='word_1_584' title='bbox 1009 5342 1244 5409; x_wconf 78' lang='grc' dir='ltr'>Χριστοῦ</span> <span class='ocrx_word' id='word_1_585' title='bbox 1276 5336 1382 5409; x_wconf 74' lang='grc' dir='ltr'>ἄρα</span> <span class='ocrx_word' id='word_1_586' title='bbox 1421 5331 1518 5387; x_wconf 71' lang='grc' dir='ltr'>δύο</span> <span class='ocrx_word' id='word_1_587' title='bbox 1569 5337 1750 5407; x_wconf 75' lang='grc' dir='ltr'>φύσεις</span> 
     </span>
    </p>
   </div>
   <div class='ocr_carea' id='block_1_70' title="bbox 154 5419 1748 5495">
    <p class='ocr_par' dir='ltr' id='par_1_70' title="bbox 154 5419 1748 5495">
     <span class='ocr_line' id='line_1_70' title="bbox 154 5419 1748 5495; baseline -0.002 -18"><span class='ocrx_word' id='word_1_588' title='bbox 154 5426 251 5476; x_wconf 74' lang='grc' dir='ltr'>κατ’</span> <span class='ocrx_word' id='word_1_589' title='bbox 287 5424 415 5477; x_wconf 66' lang='grc' dir='ltr'>οτᾶτό</span> <span class='ocrx_word' id='word_1_590' title='bbox 459 5427 522 5475; x_wconf 77' lang='grc' dir='ltr'>τὸ</span> <span class='ocrx_word' id='word_1_591' title='bbox 561 5419 696 5475; x_wconf 78' lang='grc' dir='ltr'>εἶναι</span> <span class='ocrx_word' id='word_1_592' title='bbox 741 5419 841 5474; x_wconf 72' lang='grc' dir='ltr'>δύο</span> <span class='ocrx_word' id='word_1_593' title='bbox 882 5425 1061 5495; x_wconf 69' lang='grc' dir='ltr'>φυσεις</span> <span class='ocrx_word' id='word_1_594' title='bbox 1099 5425 1470 5495; x_wconf 81' lang='grc' dir='ltr'>τυγχάνουσαι</span> <span class='ocrx_word' id='word_1_595' title='bbox 1498 5429 1590 5476; x_wconf 79' lang='grc' dir='ltr'>καὶ</span> <span class='ocrx_word' id='word_1_596' title='bbox 1620 5423 1748 5495; x_wconf 70' lang='grc' dir='ltr'>οὐχὶ</span> 
     </span>
    </p>
   </div>
   <div class='ocr_carea' id='block_1_71' title="bbox 157 5507 1746 5585">
    <p class='ocr_par' dir='ltr' id='par_1_71' title="bbox 157 5507 1746 5585">
     <span class='ocr_line' id='line_1_71' title="bbox 157 5507 1746 5585; baseline -0.001 -22"><span class='ocrx_word' id='word_1_597' title='bbox 157 5518 253 5584; x_wconf 76' lang='grc' dir='ltr'>μία,</span> <span class='ocrx_word' id='word_1_598' title='bbox 276 5512 393 5565; x_wconf 76' lang='grc' dir='ltr'>κατ’</span> <span class='ocrx_word' id='word_1_599' title='bbox 422 5512 555 5564; x_wconf 69' lang='grc' dir='ltr'>αὐτὸ</span> <span class='ocrx_word' id='word_1_600' title='bbox 587 5518 743 5564; x_wconf 81' lang='grc' dir='ltr'>τοῦτο</span> <span class='ocrx_word' id='word_1_601' title='bbox 775 5507 1091 5585; x_wconf 66' lang='grc' dir='ltr'>διῃρημέναι</span> <span class='ocrx_word' id='word_1_602' title='bbox 1114 5512 1174 5564; x_wconf 79' lang='grc' dir='ltr'>ἂν</span> <span class='ocrx_word' id='word_1_603' title='bbox 1207 5511 1321 5578; x_wconf 77' lang='grc' dir='ltr'>εἷεν,</span> <span class='ocrx_word' id='word_1_604' title='bbox 1352 5516 1442 5565; x_wconf 84' lang='grc' dir='ltr'>καὶ</span> <span class='ocrx_word' id='word_1_605' title='bbox 1472 5511 1577 5584; x_wconf 65' lang='grc' dir='ltr'>οὐχ</span> <span class='ocrx_word' id='word_1_606' title='bbox 1608 5515 1746 5571; x_wconf 72' lang='grc' dir='ltr'>ἡνω-</span> 
     </span>
    </p>
   </div>
   <div class='ocr_carea' id='block_1_72' title="bbox 157 5598 1359 5677">
    <p class='ocr_par' dir='ltr' id='par_1_72' title="bbox 157 5598 1359 5677">
     <span class='ocr_line' id='line_1_72' title="bbox 157 5598 1359 5677; baseline 0.001 -22"><span class='ocrx_word' id='word_1_607' title='bbox 157 5608 301 5675; x_wconf 76' lang='grc' dir='ltr'>μέναι,</span> <span class='ocrx_word' id='word_1_608' title='bbox 333 5606 424 5657; x_wconf 84' lang='grc' dir='ltr'>καὶ</span> <span class='ocrx_word' id='word_1_609' title='bbox 455 5606 752 5677; x_wconf 82' lang='grc' dir='ltr'>Νεστορίου</span> <span class='ocrx_word' id='word_1_610' title='bbox 778 5604 836 5654; x_wconf 84' lang='grc' dir='ltr'>τὸ</span> <span class='ocrx_word' id='word_1_611' title='bbox 865 5598 1041 5674; x_wconf 73' lang='grc' dir='ltr'>δόγμα</span> <span class='ocrx_word' id='word_1_612' title='bbox 1072 5602 1359 5675; x_wconf 79' lang='grc' dir='ltr'>εἰσάγεται.</span> 
     </span>
    </p>
   </div>
   <div class='ocr_carea' id='block_1_73' title="bbox 1874 1861 3529 1935">
    <p class='ocr_par' dir='ltr' id='par_1_73' title="bbox 1874 1861 3529 1935">
     <span class='ocr_line' id='line_1_73' title="bbox 1874 1861 3529 1935; baseline 0.002 -19"><span class='ocrx_word' id='word_1_613' title='bbox 1874 1861 2033 1916; x_wconf 84' lang='lat' dir='ltr'>mine</span> <span class='ocrx_word' id='word_1_614' title='bbox 2059 1864 2116 1916; x_wconf 90' lang='lat' dir='ltr'>ct</span> <span class='ocrx_word' id='word_1_615' title='bbox 2158 1877 2220 1917; x_wconf 91' lang='lat' dir='ltr'>re</span> <span class='ocrx_word' id='word_1_616' title='bbox 2261 1877 2419 1917; x_wconf 90' lang='lat' dir='ltr'>unus</span> <span class='ocrx_word' id='word_1_617' title='bbox 2462 1867 2568 1932; x_wconf 88' lang='lat' dir='ltr'>est,</span> <span class='ocrx_word' id='word_1_618' title='bbox 2599 1878 2795 1935; x_wconf 84' lang='lat' dir='ltr'>neque</span> <span class='ocrx_word' id='word_1_619' title='bbox 2822 1862 2944 1919; x_wconf 93' lang='lat' dir='ltr'>ullo</span> <span class='ocrx_word' id='word_1_620' title='bbox 2974 1866 3159 1919; x_wconf 91' lang='lat' dir='ltr'>modo</span> <span class='ocrx_word' id='word_1_621' title='bbox 3188 1863 3263 1919; x_wconf 91' lang='lat' dir='ltr'>de</span> <span class='ocrx_word' id='word_1_622' title='bbox 3294 1862 3529 1920; x_wconf 86' lang='lat' dir='ltr'>Domini</span> 
     </span>
    </p>
   </div>
   <div class='ocr_carea' id='block_1_74' title="bbox 1874 1938 3528 2021">
    <p class='ocr_par' dir='ltr' id='par_1_74' title="bbox 1874 1938 3528 2021">
     <span class='ocr_line' id='line_1_74' title="bbox 1874 1938 3528 2021; baseline 0.003 -18"><span class='ocrx_word' id='word_1_623' title='bbox 1874 1938 2289 2006; x_wconf 62' lang='lat' dir='ltr'>incarnatione</span> <span class='ocrx_word' id='word_1_624' title='bbox 2315 1949 2471 2007; x_wconf 91' lang='lat' dir='ltr'>duos</span> <span class='ocrx_word' id='word_1_625' title='bbox 2497 1951 2758 2006; x_wconf 89' lang='lat' dir='ltr'>Christos</span> <span class='ocrx_word' id='word_1_626' title='bbox 2780 1951 2976 2008; x_wconf 82' lang='lat' dir='ltr'>dicere</span> <span class='ocrx_word' id='word_1_627' title='bbox 3002 1952 3091 2007; x_wconf 79' lang='lat' dir='ltr'>fas</span> <span class='ocrx_word' id='word_1_628' title='bbox 3117 1957 3223 2021; x_wconf 90' lang='lat' dir='ltr'>est,</span> <span class='ocrx_word' id='word_1_629' title='bbox 3240 1950 3403 2007; x_wconf 89' lang='lat' dir='ltr'>idem</span> <span class='ocrx_word' id='word_1_630' title='bbox 3420 1966 3528 2008; x_wconf 85' lang='lat' dir='ltr'>au-</span> 
     </span>
    </p>
   </div>
   <div class='ocr_carea' id='block_1_75' title="bbox 1871 2038 3525 2111">
    <p class='ocr_par' dir='ltr' id='par_1_75' title="bbox 1871 2038 3525 2111">
     <span class='ocr_line' id='line_1_75' title="bbox 1871 2038 3525 2111; baseline 0.002 -19"><span class='ocrx_word' id='word_1_631' title='bbox 1871 2042 1989 2093; x_wconf 90' lang='lat' dir='ltr'>tem</span> <span class='ocrx_word' id='word_1_632' title='bbox 2019 2044 2107 2093; x_wconf 88' lang='lat' dir='ltr'>est</span> <span class='ocrx_word' id='word_1_633' title='bbox 2130 2038 2397 2094; x_wconf 89' lang='lat' dir='ltr'>Christus</span> <span class='ocrx_word' id='word_1_634' title='bbox 2429 2055 2564 2094; x_wconf 89' lang='lat' dir='ltr'>cum</span> <span class='ocrx_word' id='word_1_635' title='bbox 2594 2039 2723 2109; x_wconf 88' lang='lat' dir='ltr'>ejus</span> <span class='ocrx_word' id='word_1_636' title='bbox 2744 2044 2980 2109; x_wconf 89' lang='lat' dir='ltr'>natura,</span> <span class='ocrx_word' id='word_1_637' title='bbox 3007 2054 3226 2111; x_wconf 89' lang='lat' dir='ltr'>nempe</span> <span class='ocrx_word' id='word_1_638' title='bbox 3247 2039 3525 2106; x_wconf 89' lang='lat' dir='ltr'>essentia,</span> 
     </span>
    </p>
   </div>
   <div class='ocr_carea' id='block_1_76' title="bbox 1869 2126 3526 2200">
    <p class='ocr_par' dir='ltr' id='par_1_76' title="bbox 1869 2126 3526 2200">
     <span class='ocr_line' id='line_1_76' title="bbox 1869 2126 3526 2200; baseline 0.003 -19"><span class='ocrx_word' id='word_1_639' title='bbox 1869 2126 2392 2200; x_wconf 86' lang='lat' dir='ltr'>quemadmodum</span> <span class='ocrx_word' id='word_1_640' title='bbox 2422 2131 2478 2184; x_wconf 88' lang='lat' dir='ltr'>et</span> <span class='ocrx_word' id='word_1_641' title='bbox 2505 2127 2761 2184; x_wconf 88' lang='lat' dir='ltr'>aliorum</span> <span class='ocrx_word' id='word_1_642' title='bbox 2791 2128 3086 2197; x_wconf 91' lang='lat' dir='ltr'>omnium,</span> <span class='ocrx_word' id='word_1_643' title='bbox 3113 2142 3237 2186; x_wconf 84' lang='lat' dir='ltr'>una</span> <span class='ocrx_word' id='word_1_644' title='bbox 3273 2128 3382 2186; x_wconf 87' lang='lat' dir='ltr'>erit</span> <span class='ocrx_word' id='word_1_645' title='bbox 3416 2143 3526 2185; x_wconf 86' lang='lat' dir='ltr'>ne-</span> 
     </span>
    </p>
   </div>
   <div class='ocr_carea' id='block_1_77' title="bbox 1873 2216 3054 2276">
    <p class='ocr_par' dir='ltr' id='par_1_77' title="bbox 1873 2216 3054 2276">
     <span class='ocr_line' id='line_1_77' title="bbox 1873 2216 3054 2276; baseline 0.003 -3"><span class='ocrx_word' id='word_1_646' title='bbox 1873 2216 2136 2275; x_wconf 85' lang='lat' dir='ltr'>cessario</span> <span class='ocrx_word' id='word_1_647' title='bbox 2167 2221 2223 2275; x_wconf 89' lang='lat' dir='ltr'>et</span> <span class='ocrx_word' id='word_1_648' title='bbox 2244 2216 2549 2275; x_wconf 86' lang='lat' dir='ltr'>evidenter</span> <span class='ocrx_word' id='word_1_649' title='bbox 2578 2218 2791 2276; x_wconf 88' lang='lat' dir='ltr'>Christi</span> <span class='ocrx_word' id='word_1_650' title='bbox 2818 2223 3054 2276; x_wconf 89' lang='lat' dir='ltr'>natura.</span> 
     </span>
    </p>
   </div>
   <div class='ocr_carea' id='block_1_78' title="bbox 2265 2504 3138 2577">
    <p class='ocr_par' dir='ltr' id='par_1_78' title="bbox 2265 2504 3138 2577">
     <span class='ocr_line' id='line_1_78' title="bbox 2265 2504 3138 2577; baseline 0 -16"><span class='ocrx_word' id='word_1_651' title='bbox 2265 2504 2408 2563; x_wconf 81' lang='lat' dir='ltr'>Alia</span> <span class='ocrx_word' id='word_1_652' title='bbox 2432 2505 2771 2563; x_wconf 86' lang='lat' dir='ltr'>earumdem</span> <span class='ocrx_word' id='word_1_653' title='bbox 2786 2505 3138 2577; x_wconf 77' lang='lat' dir='ltr'>propositio.</span> 
     </span>
    </p>
   </div>
   <div class='ocr_carea' id='block_1_79' title="bbox 1945 2649 3533 2727">
    <p class='ocr_par' dir='ltr' id='par_1_79' title="bbox 1945 2649 3533 2727">
     <span class='ocr_line' id='line_1_79' title="bbox 1945 2649 3533 2727; baseline 0.003 -22"><span class='ocrx_word' id='word_1_654' title='bbox 1945 2653 2035 2707; x_wconf 85' lang='lat'>20.</span> <span class='ocrx_word' id='word_1_655' title='bbox 2069 2649 2597 2717; x_wconf 88' lang='lat' dir='ltr'>Quemadmodum</span> <span class='ocrx_word' id='word_1_656' title='bbox 2621 2651 2900 2724; x_wconf 82' lang='lat' dir='ltr'>quamvis</span> <span class='ocrx_word' id='word_1_657' title='bbox 2922 2650 3125 2725; x_wconf 84' lang='lat' dir='ltr'>plures</span> <span class='ocrx_word' id='word_1_658' title='bbox 3140 2650 3202 2708; x_wconf 89' lang='lat' dir='ltr'>in</span> <span class='ocrx_word' id='word_1_659' title='bbox 3234 2650 3360 2709; x_wconf 87' lang='lat' dir='ltr'>sole</span> <span class='ocrx_word' id='word_1_660' title='bbox 3381 2651 3533 2727; x_wconf 88' lang='lat' dir='ltr'>phy-</span> 
     </span>
    </p>
   </div>
   <div class='ocr_carea' id='block_1_80' title="bbox 1875 2739 3533 2812">
    <p class='ocr_par' dir='ltr' id='par_1_80' title="bbox 1875 2739 3533 2812">
     <span class='ocr_line' id='line_1_80' title="bbox 1875 2739 3533 2812; baseline 0.001 -16"><span class='ocrx_word' id='word_1_661' title='bbox 1875 2739 2012 2796; x_wconf 72' lang='lat' dir='ltr'>sicae</span> <span class='ocrx_word' id='word_1_662' title='bbox 2034 2741 2186 2796; x_wconf 84' lang='lat' dir='ltr'>vires</span> <span class='ocrx_word' id='word_1_663' title='bbox 2215 2740 2471 2797; x_wconf 69' lang='lat' dir='ltr'>diversae</span> <span class='ocrx_word' id='word_1_664' title='bbox 2502 2740 3081 2809; x_wconf 84' lang='lat' dir='ltr'>animadvertantur,</span> <span class='ocrx_word' id='word_1_665' title='bbox 3112 2744 3178 2798; x_wconf 86' lang='lat' dir='ltr'>ut</span> <span class='ocrx_word' id='word_1_666' title='bbox 3202 2740 3366 2797; x_wconf 83' lang='lat' dir='ltr'>verbi</span> <span class='ocrx_word' id='word_1_667' title='bbox 3397 2756 3533 2812; x_wconf 80' lang='lat' dir='ltr'>gra-</span> 
     </span>
    </p>
   </div>
   <div class='ocr_carea' id='block_1_81' title="bbox 1874 2829 3534 2902">
    <p class='ocr_par' dir='ltr' id='par_1_81' title="bbox 1874 2829 3534 2902">
     <span class='ocr_line' id='line_1_81' title="bbox 1874 2829 3534 2902; baseline 0.001 -16"><span class='ocrx_word' id='word_1_668' title='bbox 1874 2829 1977 2896; x_wconf 85' lang='lat' dir='ltr'>tia,</span> <span class='ocrx_word' id='word_1_669' title='bbox 2021 2829 2227 2886; x_wconf 91' lang='lat' dir='ltr'>lumen</span> <span class='ocrx_word' id='word_1_670' title='bbox 2282 2832 2341 2886; x_wconf 90' lang='lat' dir='ltr'>et</span> <span class='ocrx_word' id='word_1_671' title='bbox 2394 2829 2580 2899; x_wconf 90' lang='lat' dir='ltr'>calor,</span> <span class='ocrx_word' id='word_1_672' title='bbox 2613 2834 2727 2887; x_wconf 87' lang='lat' dir='ltr'>tres</span> <span class='ocrx_word' id='word_1_673' title='bbox 2767 2829 3199 2900; x_wconf 87' lang='lat' dir='ltr'>dimensiones,</span> <span class='ocrx_word' id='word_1_674' title='bbox 3232 2829 3534 2902; x_wconf 71' lang='lat' dir='ltr'>sphaerica</span> 
     </span>
    </p>
   </div>
   <div class='ocr_carea' id='block_1_82' title="bbox 1872 2917 3533 2990">
    <p class='ocr_par' dir='ltr' id='par_1_82' title="bbox 1872 2917 3533 2990">
     <span class='ocr_line' id='line_1_82' title="bbox 1872 2917 3533 2990; baseline 0 -15"><span class='ocrx_word' id='word_1_675' title='bbox 1872 2917 2091 2990; x_wconf 83' lang='lat' dir='ltr'>forma,</span> <span class='ocrx_word' id='word_1_676' title='bbox 2131 2922 2333 2975; x_wconf 90' lang='lat' dir='ltr'>motus</span> <span class='ocrx_word' id='word_1_677' title='bbox 2377 2918 2687 2975; x_wconf 88' lang='lat' dir='ltr'>circularis</span> <span class='ocrx_word' id='word_1_678' title='bbox 2735 2922 2794 2975; x_wconf 90' lang='lat' dir='ltr'>et</span> <span class='ocrx_word' id='word_1_679' title='bbox 2839 2918 2959 2975; x_wconf 88' lang='lat' dir='ltr'>alia</span> <span class='ocrx_word' id='word_1_680' title='bbox 2985 2918 3342 2990; x_wconf 83' lang='lat' dir='ltr'>hujusmodi</span> <span class='ocrx_word' id='word_1_681' title='bbox 3376 2935 3391 2986; x_wconf 92' lang='lat'><strong>;</strong></span> <span class='ocrx_word' id='word_1_682' title='bbox 3421 2933 3533 2975; x_wconf 90' lang='lat' dir='ltr'>nec</span> 
     </span>
    </p>
   </div>
   <div class='ocr_carea' id='block_1_83' title="bbox 1872 3006 3532 3080">
    <p class='ocr_par' dir='ltr' id='par_1_83' title="bbox 1872 3006 3532 3080">
     <span class='ocr_line' id='line_1_83' title="bbox 1872 3006 3532 3080; baseline -0.002 -15"><span class='ocrx_word' id='word_1_683' title='bbox 1872 3012 2076 3066; x_wconf 87' lang='lat' dir='ltr'>tamen</span> <span class='ocrx_word' id='word_1_684' title='bbox 2102 3007 2240 3064; x_wconf 91' lang='lat' dir='ltr'>ideo</span> <span class='ocrx_word' id='word_1_685' title='bbox 2260 3022 2510 3064; x_wconf 89' lang='lat' dir='ltr'>necesse</span> <span class='ocrx_word' id='word_1_686' title='bbox 2533 3008 2607 3063; x_wconf 90' lang='lat' dir='ltr'>sit</span> <span class='ocrx_word' id='word_1_687' title='bbox 2630 3012 2697 3063; x_wconf 90' lang='lat' dir='ltr'>ut</span> <span class='ocrx_word' id='word_1_688' title='bbox 2716 3007 2921 3080; x_wconf 88' lang='lat' dir='ltr'>plures</span> <span class='ocrx_word' id='word_1_689' title='bbox 2960 3023 3092 3063; x_wconf 84' lang='lat' dir='ltr'>esse</span> <span class='ocrx_word' id='word_1_690' title='bbox 3123 3006 3264 3064; x_wconf 89' lang='lat' dir='ltr'>solis</span> <span class='ocrx_word' id='word_1_691' title='bbox 3284 3011 3532 3063; x_wconf 85' lang='lat' dir='ltr'>naturas</span> 
     </span>
    </p>
   </div>
   <div class='ocr_carea' id='block_1_84' title="bbox 1871 3095 3531 3168">
    <p class='ocr_par' dir='ltr' id='par_1_84' title="bbox 1871 3095 3531 3168">
     <span class='ocr_line' id='line_1_84' title="bbox 1871 3095 3531 3168; baseline -0.001 -15"><span class='ocrx_word' id='word_1_692' title='bbox 1871 3096 2105 3154; x_wconf 89' lang='lat' dir='ltr'>dicatur</span> <span class='ocrx_word' id='word_1_693' title='bbox 2133 3096 2303 3165; x_wconf 76' lang='lat' dir='ltr'>(nihil</span> <span class='ocrx_word' id='word_1_694' title='bbox 2350 3096 2511 3152; x_wconf 92' lang='lat' dir='ltr'>enim</span> <span class='ocrx_word' id='word_1_695' title='bbox 2554 3111 2662 3168; x_wconf 88' lang='lat' dir='ltr'>per</span> <span class='ocrx_word' id='word_1_696' title='bbox 2701 3111 2767 3152; x_wconf 88' lang='lat' dir='ltr'>se</span> <span class='ocrx_word' id='word_1_697' title='bbox 2803 3096 3023 3153; x_wconf 89' lang='lat' dir='ltr'>horum</span> <span class='ocrx_word' id='word_1_698' title='bbox 3062 3095 3203 3152; x_wconf 90' lang='lat' dir='ltr'>solis</span> <span class='ocrx_word' id='word_1_699' title='bbox 3249 3099 3531 3152; x_wconf 85' lang='lat' dir='ltr'>naturam</span> 
     </span>
    </p>
   </div>
   <div class='ocr_carea' id='block_1_85' title="bbox 1871 3184 3531 3259">
    <p class='ocr_par' dir='ltr' id='par_1_85' title="bbox 1871 3184 3531 3259">
     <span class='ocr_line' id='line_1_85' title="bbox 1871 3184 3531 3259; baseline -0.002 -16"><span class='ocrx_word' id='word_1_700' title='bbox 1871 3187 2196 3254; x_wconf 87' lang='lat' dir='ltr'>constituit,</span> <span class='ocrx_word' id='word_1_701' title='bbox 2232 3185 2339 3242; x_wconf 91' lang='lat' dir='ltr'>sed</span> <span class='ocrx_word' id='word_1_702' title='bbox 2380 3201 2452 3241; x_wconf 84' lang='lat' dir='ltr'>ex</span> <span class='ocrx_word' id='word_1_703' title='bbox 2490 3186 2585 3242; x_wconf 89' lang='lat' dir='ltr'>his</span> <span class='ocrx_word' id='word_1_704' title='bbox 2636 3186 2921 3242; x_wconf 91' lang='lat' dir='ltr'>omnibus</span> <span class='ocrx_word' id='word_1_705' title='bbox 2967 3185 3314 3256; x_wconf 84' lang='lat' dir='ltr'>coagulum,</span> <span class='ocrx_word' id='word_1_706' title='bbox 3363 3184 3531 3259; x_wconf 87' lang='lat' dir='ltr'>quod</span> 
     </span>
    </p>
   </div>
   <div class='ocr_carea' id='block_1_86' title="bbox 1873 3272 3529 3348">
    <p class='ocr_par' dir='ltr' id='par_1_86' title="bbox 1873 3272 3529 3348">
     <span class='ocr_line' id='line_1_86' title="bbox 1873 3272 3529 3348; baseline 0 -17"><span class='ocrx_word' id='word_1_707' title='bbox 1873 3275 2055 3331; x_wconf 90' lang='lat' dir='ltr'>simul</span> <span class='ocrx_word' id='word_1_708' title='bbox 2088 3290 2280 3332; x_wconf 89' lang='lat' dir='ltr'>unum</span> <span class='ocrx_word' id='word_1_709' title='bbox 2310 3279 2368 3332; x_wconf 89' lang='lat' dir='ltr'>et</span> <span class='ocrx_word' id='word_1_710' title='bbox 2420 3274 2597 3348; x_wconf 88' lang='lat' dir='ltr'>plura</span> <span class='ocrx_word' id='word_1_711' title='bbox 2633 3278 2741 3343; x_wconf 87' lang='lat' dir='ltr'>est,</span> <span class='ocrx_word' id='word_1_712' title='bbox 2788 3290 2980 3331; x_wconf 88' lang='lat' dir='ltr'>unum</span> <span class='ocrx_word' id='word_1_713' title='bbox 3021 3272 3211 3331; x_wconf 86' lang='lat' dir='ltr'>solem</span> <span class='ocrx_word' id='word_1_714' title='bbox 3245 3278 3303 3332; x_wconf 92' lang='lat' dir='ltr'>et</span> <span class='ocrx_word' id='word_1_715' title='bbox 3338 3289 3529 3331; x_wconf 88' lang='lat' dir='ltr'>unam</span> 
     </span>
    </p>
   </div>
   <div class='ocr_carea' id='block_1_87' title="bbox 1872 3363 3531 3437">
    <p class='ocr_par' dir='ltr' id='par_1_87' title="bbox 1872 3363 3531 3437">
     <span class='ocr_line' id='line_1_87' title="bbox 1872 3363 3531 3437; baseline -0.001 -16"><span class='ocrx_word' id='word_1_716' title='bbox 1872 3365 2003 3437; x_wconf 88' lang='lat' dir='ltr'>ejus</span> <span class='ocrx_word' id='word_1_717' title='bbox 2034 3370 2316 3421; x_wconf 87' lang='lat' dir='ltr'>naturam</span> <span class='ocrx_word' id='word_1_718' title='bbox 2343 3364 2705 3431; x_wconf 82' lang='lat' dir='ltr'>constituit);</span> <span class='ocrx_word' id='word_1_719' title='bbox 2736 3363 2819 3421; x_wconf 91' lang='lat' dir='ltr'>ita</span> <span class='ocrx_word' id='word_1_720' title='bbox 2847 3369 2905 3421; x_wconf 89' lang='lat' dir='ltr'>et</span> <span class='ocrx_word' id='word_1_721' title='bbox 2933 3363 3009 3420; x_wconf 90' lang='lat' dir='ltr'>de</span> <span class='ocrx_word' id='word_1_722' title='bbox 3031 3364 3257 3420; x_wconf 85' lang='lat' dir='ltr'>Christo</span> <span class='ocrx_word' id='word_1_723' title='bbox 3281 3365 3399 3419; x_wconf 88' lang='lat' dir='ltr'>Deo</span> <span class='ocrx_word' id='word_1_724' title='bbox 3419 3363 3531 3420; x_wconf 91' lang='lat' dir='ltr'>ho-</span> 
     </span>
    </p>
   </div>
   <div class='ocr_carea' id='block_1_88' title="bbox 1873 3452 3531 3526">
    <p class='ocr_par' dir='ltr' id='par_1_88' title="bbox 1873 3452 3531 3526">
     <span class='ocr_line' id='line_1_88' title="bbox 1873 3452 3531 3526; baseline -0.003 -13"><span class='ocrx_word' id='word_1_725' title='bbox 1873 3456 2055 3525; x_wconf 90' lang='lat' dir='ltr'>mine,</span> <span class='ocrx_word' id='word_1_726' title='bbox 2086 3454 2197 3511; x_wconf 90' lang='lat' dir='ltr'>etsi</span> <span class='ocrx_word' id='word_1_727' title='bbox 2230 3453 2788 3512; x_wconf 88' lang='lat' dir='ltr'>animadvertantur</span> <span class='ocrx_word' id='word_1_728' title='bbox 2815 3454 2981 3526; x_wconf 89' lang='lat' dir='ltr'>apud</span> <span class='ocrx_word' id='word_1_729' title='bbox 3027 3469 3167 3510; x_wconf 79' lang='lat' dir='ltr'>cum</span> <span class='ocrx_word' id='word_1_730' title='bbox 3208 3452 3531 3509; x_wconf 86' lang='lat' dir='ltr'>divinitatis</span> 
     </span>
    </p>
   </div>
   <div class='ocr_carea' id='block_1_89' title="bbox 1872 3541 3528 3613">
    <p class='ocr_par' dir='ltr' id='par_1_89' title="bbox 1872 3541 3528 3613">
     <span class='ocr_line' id='line_1_89' title="bbox 1872 3541 3528 3613; baseline -0.003 -11"><span class='ocrx_word' id='word_1_731' title='bbox 1872 3550 1929 3603; x_wconf 86' lang='lat' dir='ltr'>et</span> <span class='ocrx_word' id='word_1_732' title='bbox 1973 3543 2366 3601; x_wconf 87' lang='lat' dir='ltr'>humanitatis</span> <span class='ocrx_word' id='word_1_733' title='bbox 2422 3543 2797 3613; x_wconf 69' lang='lat' dir='ltr'>diﬂ‘erentiee,</span> <span class='ocrx_word' id='word_1_734' title='bbox 2833 3558 2957 3599; x_wconf 91' lang='lat' dir='ltr'>non</span> <span class='ocrx_word' id='word_1_735' title='bbox 3014 3541 3326 3599; x_wconf 89' lang='lat' dir='ltr'>audebunt</span> <span class='ocrx_word' id='word_1_736' title='bbox 3372 3541 3528 3598; x_wconf 87' lang='lat' dir='ltr'>duas</span> 
     </span>
    </p>
   </div>
   <div class='ocr_carea' id='block_1_90' title="bbox 1871 3630 3531 3706">
    <p class='ocr_par' dir='ltr' id='par_1_90' title="bbox 1871 3630 3531 3706">
     <span class='ocr_line' id='line_1_90' title="bbox 1871 3630 3531 3706; baseline -0.002 -16"><span class='ocrx_word' id='word_1_737' title='bbox 1871 3634 2003 3705; x_wconf 90' lang='lat' dir='ltr'>ejus</span> <span class='ocrx_word' id='word_1_738' title='bbox 2034 3637 2282 3690; x_wconf 88' lang='lat' dir='ltr'>naturas</span> <span class='ocrx_word' id='word_1_739' title='bbox 2311 3632 2531 3702; x_wconf 88' lang='lat' dir='ltr'>dicere,</span> <span class='ocrx_word' id='word_1_740' title='bbox 2575 3632 2680 3706; x_wconf 89' lang='lat' dir='ltr'>qui</span> <span class='ocrx_word' id='word_1_741' title='bbox 2709 3630 3170 3705; x_wconf 89' lang='lat' dir='ltr'>quodammodo</span> <span class='ocrx_word' id='word_1_742' title='bbox 3190 3646 3395 3687; x_wconf 90' lang='lat' dir='ltr'>rerum</span> <span class='ocrx_word' id='word_1_743' title='bbox 3423 3645 3531 3687; x_wconf 88' lang='lat' dir='ltr'>na-</span> 
     </span>
    </p>
   </div>
   <div class='ocr_carea' id='block_1_91' title="bbox 1870 3720 3528 3795">
    <p class='ocr_par' dir='ltr' id='par_1_91' title="bbox 1870 3720 3528 3795">
     <span class='ocr_line' id='line_1_91' title="bbox 1870 3720 3528 3795; baseline -0.002 -15"><span class='ocrx_word' id='word_1_744' title='bbox 1870 3728 2068 3781; x_wconf 89' lang='lat' dir='ltr'>turam</span> <span class='ocrx_word' id='word_1_745' title='bbox 2099 3727 2257 3779; x_wconf 89' lang='lat' dir='ltr'>recte</span> <span class='ocrx_word' id='word_1_746' title='bbox 2300 3722 2602 3779; x_wconf 68' lang='lat' dir='ltr'>mstimare</span> <span class='ocrx_word' id='word_1_747' title='bbox 2633 3725 2890 3795; x_wconf 88' lang='lat' dir='ltr'>possunt</span> <span class='ocrx_word' id='word_1_748' title='bbox 2915 3721 3083 3789; x_wconf 88' lang='lat' dir='ltr'>(nihil</span> <span class='ocrx_word' id='word_1_749' title='bbox 3113 3720 3277 3777; x_wconf 89' lang='lat' dir='ltr'>enim</span> <span class='ocrx_word' id='word_1_750' title='bbox 3307 3720 3528 3777; x_wconf 90' lang='lat' dir='ltr'>horum</span> 
     </span>
    </p>
   </div>
   <div class='ocr_carea' id='block_1_92' title="bbox 1869 3811 3532 3888">
    <p class='ocr_par' dir='ltr' id='par_1_92' title="bbox 1869 3811 3532 3888">
     <span class='ocr_line' id='line_1_92' title="bbox 1869 3811 3532 3888; baseline -0.002 -18"><span class='ocrx_word' id='word_1_751' title='bbox 1869 3829 1978 3888; x_wconf 88' lang='lat' dir='ltr'>per</span> <span class='ocrx_word' id='word_1_752' title='bbox 2008 3829 2070 3870; x_wconf 90' lang='lat' dir='ltr'>se</span> <span class='ocrx_word' id='word_1_753' title='bbox 2103 3813 2371 3870; x_wconf 88' lang='lat' dir='ltr'>Christus</span> <span class='ocrx_word' id='word_1_754' title='bbox 2399 3817 2591 3878; x_wconf 86' lang='lat' dir='ltr'>esset,</span> <span class='ocrx_word' id='word_1_755' title='bbox 2620 3827 2818 3885; x_wconf 90' lang='lat' dir='ltr'>neque</span> <span class='ocrx_word' id='word_1_756' title='bbox 2846 3812 2977 3882; x_wconf 91' lang='lat' dir='ltr'>ejus</span> <span class='ocrx_word' id='word_1_757' title='bbox 3003 3811 3307 3881; x_wconf 84' lang='lat' dir='ltr'>divinitas,</span> <span class='ocrx_word' id='word_1_758' title='bbox 3334 3825 3532 3883; x_wconf 88' lang='lat' dir='ltr'>neque</span> 
     </span>
    </p>
   </div>
   <div class='ocr_carea' id='block_1_93' title="bbox 1870 3898 3530 3976">
    <p class='ocr_par' dir='ltr' id='par_1_93' title="bbox 1870 3898 3530 3976">
     <span class='ocr_line' id='line_1_93' title="bbox 1870 3898 3530 3976; baseline -0.004 -15"><span class='ocrx_word' id='word_1_759' title='bbox 1870 3905 2000 3976; x_wconf 90' lang='lat' dir='ltr'>ejus</span> <span class='ocrx_word' id='word_1_760' title='bbox 2051 3903 2470 3974; x_wconf 86' lang='lat' dir='ltr'>humanitas);</span> <span class='ocrx_word' id='word_1_761' title='bbox 2520 3902 2625 3958; x_wconf 89' lang='lat' dir='ltr'>sed</span> <span class='ocrx_word' id='word_1_762' title='bbox 2685 3917 2757 3957; x_wconf 86' lang='lat' dir='ltr'>ex</span> <span class='ocrx_word' id='word_1_763' title='bbox 2807 3900 3111 3957; x_wconf 90' lang='lat' dir='ltr'>ambabus</span> <span class='ocrx_word' id='word_1_764' title='bbox 3163 3898 3484 3968; x_wconf 82' lang='lat' dir='ltr'>coagulum</span> <span class='ocrx_word' id='word_1_765' title='bbox 3514 3942 3530 3968; x_wconf 89' lang='lat'>,</span> 
     </span>
    </p>
   </div>
   <div class='ocr_carea' id='block_1_94' title="bbox 1867 3987 3533 4062">
    <p class='ocr_par' dir='ltr' id='par_1_94' title="bbox 1867 3987 3533 4062">
     <span class='ocr_line' id='line_1_94' title="bbox 1867 3987 3533 4062; baseline -0.004 -12"><span class='ocrx_word' id='word_1_766' title='bbox 1867 4010 2059 4050; x_wconf 88' lang='lat' dir='ltr'>unum</span> <span class='ocrx_word' id='word_1_767' title='bbox 2086 3992 2327 4062; x_wconf 89' lang='lat' dir='ltr'>scilicet,</span> <span class='ocrx_word' id='word_1_768' title='bbox 2348 4008 2460 4048; x_wconf 90' lang='lat' dir='ltr'>nec</span> <span class='ocrx_word' id='word_1_769' title='bbox 2480 3991 2602 4048; x_wconf 89' lang='lat' dir='ltr'>duo</span> <span class='ocrx_word' id='word_1_770' title='bbox 2631 4005 2743 4046; x_wconf 89' lang='lat' dir='ltr'>nec</span> <span class='ocrx_word' id='word_1_771' title='bbox 2772 3991 2832 4047; x_wconf 90' lang='lat' dir='ltr'>in</span> <span class='ocrx_word' id='word_1_772' title='bbox 2857 3990 2979 4046; x_wconf 91' lang='lat' dir='ltr'>ullo</span> <span class='ocrx_word' id='word_1_773' title='bbox 3011 3989 3127 4046; x_wconf 88' lang='lat' dir='ltr'>alio</span> <span class='ocrx_word' id='word_1_774' title='bbox 3149 3987 3533 4045; x_wconf 88' lang='lat' dir='ltr'>animadver-</span> 
     </span>
    </p>
   </div>
   <div class='ocr_carea' id='block_1_95' title="bbox 1869 4079 3528 4151">
    <p class='ocr_par' dir='ltr' id='par_1_95' title="bbox 1869 4079 3528 4151">
     <span class='ocr_line' id='line_1_95' title="bbox 1869 4079 3528 4151; baseline -0.003 -12"><span class='ocrx_word' id='word_1_775' title='bbox 1869 4100 2025 4151; x_wconf 89' lang='lat' dir='ltr'>sum,</span> <span class='ocrx_word' id='word_1_776' title='bbox 2058 4098 2249 4138; x_wconf 89' lang='lat' dir='ltr'>unum</span> <span class='ocrx_word' id='word_1_777' title='bbox 2284 4081 2585 4137; x_wconf 88' lang='lat' dir='ltr'>Christum</span> <span class='ocrx_word' id='word_1_778' title='bbox 2606 4083 2663 4137; x_wconf 91' lang='lat' dir='ltr'>et</span> <span class='ocrx_word' id='word_1_779' title='bbox 2694 4095 2880 4137; x_wconf 89' lang='lat' dir='ltr'>unam</span> <span class='ocrx_word' id='word_1_780' title='bbox 2913 4079 3042 4151; x_wconf 88' lang='lat' dir='ltr'>ejus</span> <span class='ocrx_word' id='word_1_781' title='bbox 3070 4089 3354 4136; x_wconf 86' lang='lat' dir='ltr'>naturam</span> <span class='ocrx_word' id='word_1_782' title='bbox 3385 4092 3528 4134; x_wconf 91' lang='lat' dir='ltr'>con-</span> 
     </span>
    </p>
   </div>
   <div class='ocr_carea' id='block_1_96' title="bbox 1867 4170 2513 4242">
    <p class='ocr_par' dir='ltr' id='par_1_96' title="bbox 1867 4170 2513 4242">
     <span class='ocr_line' id='line_1_96' title="bbox 1867 4170 2513 4242; baseline -0.008 -12"><span class='ocrx_word' id='word_1_783' title='bbox 1867 4172 2018 4231; x_wconf 82' lang='lat' dir='ltr'>ﬁteri</span> <span class='ocrx_word' id='word_1_784' title='bbox 2047 4172 2295 4230; x_wconf 89' lang='lat' dir='ltr'>omnino</span> <span class='ocrx_word' id='word_1_785' title='bbox 2335 4170 2513 4242; x_wconf 84' lang='lat' dir='ltr'>cogit.</span> 
     </span>
    </p>
   </div>
   <div class='ocr_carea' id='block_1_97' title="bbox 2451 4471 2932 4542">
    <p class='ocr_par' dir='ltr' id='par_1_97' title="bbox 2451 4471 2932 4542">
     <span class='ocr_line' id='line_1_97' title="bbox 2451 4471 2932 4542; baseline 0 -14"><span class='ocrx_word' id='word_1_786' title='bbox 2451 4473 2594 4530; x_wconf 85' lang='lat' dir='ltr'>Alia</span> <span class='ocrx_word' id='word_1_787' title='bbox 2625 4471 2932 4542; x_wconf 74' lang='lat' dir='ltr'>expositio.</span> 
     </span>
    </p>
   </div>
   <div class='ocr_carea' id='block_1_98' title="bbox 1936 4610 3530 4690">
    <p class='ocr_par' dir='ltr' id='par_1_98' title="bbox 1936 4610 3530 4690">
     <span class='ocr_line' id='line_1_98' title="bbox 1936 4610 3530 4690; baseline -0.003 -16"><span class='ocrx_word' id='word_1_788' title='bbox 1936 4622 2026 4674; x_wconf 83' lang='lat' dir='ltr'>2t.</span> <span class='ocrx_word' id='word_1_789' title='bbox 2061 4617 2118 4675; x_wconf 90' lang='lat' dir='ltr'>Si</span> <span class='ocrx_word' id='word_1_790' title='bbox 2147 4617 2300 4690; x_wconf 68' lang='lat' dir='ltr'>dvas</span> <span class='ocrx_word' id='word_1_791' title='bbox 2326 4614 2824 4673; x_wconf 89' lang='lat' dir='ltr'>considerationis</span> <span class='ocrx_word' id='word_1_792' title='bbox 2852 4616 2991 4688; x_wconf 90' lang='lat' dir='ltr'>post</span> <span class='ocrx_word' id='word_1_793' title='bbox 3034 4610 3368 4669; x_wconf 88' lang='lat' dir='ltr'>monadem</span> <span class='ocrx_word' id='word_1_794' title='bbox 3409 4612 3530 4685; x_wconf 86' lang='lat' dir='ltr'>pri-</span> 
     </span>
    </p>
   </div>
   <div class='ocr_carea' id='block_1_99' title="bbox 1865 4700 3526 4774">
    <p class='ocr_par' dir='ltr' id='par_1_99' title="bbox 1865 4700 3526 4774">
     <span class='ocr_line' id='line_1_99' title="bbox 1865 4700 3526 4774; baseline -0.004 -11"><span class='ocrx_word' id='word_1_795' title='bbox 1865 4722 2030 4763; x_wconf 89' lang='lat' dir='ltr'>mam</span> <span class='ocrx_word' id='word_1_796' title='bbox 2056 4705 2383 4763; x_wconf 85' lang='lat' dir='ltr'>indicativa</span> <span class='ocrx_word' id='word_1_797' title='bbox 2404 4705 2499 4774; x_wconf 90' lang='lat' dir='ltr'>sit,</span> <span class='ocrx_word' id='word_1_798' title='bbox 2525 4702 2740 4760; x_wconf 84' lang='lat' dir='ltr'>divisio</span> <span class='ocrx_word' id='word_1_799' title='bbox 2761 4707 2965 4759; x_wconf 87' lang='lat' dir='ltr'>autem</span> <span class='ocrx_word' id='word_1_800' title='bbox 2986 4700 3200 4758; x_wconf 89' lang='lat' dir='ltr'>unitati</span> <span class='ocrx_word' id='word_1_801' title='bbox 3235 4700 3309 4757; x_wconf 88' lang='lat' dir='ltr'>sit</span> <span class='ocrx_word' id='word_1_802' title='bbox 3337 4715 3526 4773; x_wconf 90' lang='lat' dir='ltr'>oppo-</span> 
     </span>
    </p>
   </div>
   <div class='ocr_carea' id='block_1_100' title="bbox 1865 4789 3529 4867">
    <p class='ocr_par' dir='ltr' id='par_1_100' title="bbox 1865 4789 3529 4867">
     <span class='ocr_line' id='line_1_100' title="bbox 1865 4789 3529 4867; baseline -0.005 -14"><span class='ocrx_word' id='word_1_803' title='bbox 1865 4797 1998 4862; x_wconf 85' lang='lat' dir='ltr'>sita,</span> <span class='ocrx_word' id='word_1_804' title='bbox 2025 4795 2105 4852; x_wconf 94' lang='lat' dir='ltr'>ob</span> <span class='ocrx_word' id='word_1_805' title='bbox 2144 4794 2205 4851; x_wconf 92' lang='lat' dir='ltr'>id</span> <span class='ocrx_word' id='word_1_806' title='bbox 2248 4796 2448 4867; x_wconf 85' lang='lat' dir='ltr'>ipsum</span> <span class='ocrx_word' id='word_1_807' title='bbox 2488 4792 2669 4848; x_wconf 90' lang='lat' dir='ltr'>simul</span> <span class='ocrx_word' id='word_1_808' title='bbox 2721 4791 2883 4849; x_wconf 87' lang='lat' dir='ltr'>uniri</span> <span class='ocrx_word' id='word_1_809' title='bbox 2915 4794 2973 4847; x_wconf 87' lang='lat' dir='ltr'>et</span> <span class='ocrx_word' id='word_1_810' title='bbox 3011 4790 3203 4848; x_wconf 89' lang='lat' dir='ltr'>dividi</span> <span class='ocrx_word' id='word_1_811' title='bbox 3236 4789 3400 4845; x_wconf 92' lang='lat' dir='ltr'>idem</span> <span class='ocrx_word' id='word_1_812' title='bbox 3433 4805 3529 4845; x_wconf 87' lang='lat' dir='ltr'>se-</span> 
     </span>
    </p>
   </div>
   <div class='ocr_carea' id='block_1_101' title="bbox 1863 4877 3524 4955">
    <p class='ocr_par' dir='ltr' id='par_1_101' title="bbox 1863 4877 3524 4955">
     <span class='ocr_line' id='line_1_101' title="bbox 1863 4877 3524 4955; baseline -0.005 -13"><span class='ocrx_word' id='word_1_813' title='bbox 1863 4884 2132 4942; x_wconf 78' lang='lat' dir='ltr'>cundum</span> <span class='ocrx_word' id='word_1_814' title='bbox 2171 4900 2234 4940; x_wconf 90' lang='lat' dir='ltr'>se</span> <span class='ocrx_word' id='word_1_815' title='bbox 2277 4881 2643 4955; x_wconf 87' lang='lat' dir='ltr'>impossibile</span> <span class='ocrx_word' id='word_1_816' title='bbox 2681 4886 2791 4939; x_wconf 88' lang='lat' dir='ltr'>est.</span> <span class='ocrx_word' id='word_1_817' title='bbox 2835 4880 3008 4938; x_wconf 88' lang='lat' dir='ltr'>Nulla</span> <span class='ocrx_word' id='word_1_818' title='bbox 3048 4880 3229 4950; x_wconf 83' lang='lat' dir='ltr'>igitur</span> <span class='ocrx_word' id='word_1_819' title='bbox 3253 4877 3433 4951; x_wconf 86' lang='lat' dir='ltr'>dyas,</span> <span class='ocrx_word' id='word_1_820' title='bbox 3463 4877 3524 4933; x_wconf 90' lang='lat' dir='ltr'>in</span> 
     </span>
    </p>
   </div>
   <div class='ocr_carea' id='block_1_102' title="bbox 1861 4967 3525 5048">
    <p class='ocr_par' dir='ltr' id='par_1_102' title="bbox 1861 4967 3525 5048">
     <span class='ocr_line' id='line_1_102' title="bbox 1861 4967 3525 5048; baseline -0.005 -17"><span class='ocrx_word' id='word_1_821' title='bbox 1861 4982 2156 5048; x_wconf 88' lang='lat' dir='ltr'>quantum</span> <span class='ocrx_word' id='word_1_822' title='bbox 2185 4980 2273 5030; x_wconf 88' lang='lat' dir='ltr'>est</span> <span class='ocrx_word' id='word_1_823' title='bbox 2304 4973 2482 5045; x_wconf 85' lang='lat' dir='ltr'>dyas,</span> <span class='ocrx_word' id='word_1_824' title='bbox 2515 4971 2851 5028; x_wconf 89' lang='lat' dir='ltr'>secundum</span> <span class='ocrx_word' id='word_1_825' title='bbox 2882 4970 2941 5026; x_wconf 88' lang='lat' dir='ltr'>id</span> <span class='ocrx_word' id='word_1_826' title='bbox 2975 4974 3174 5043; x_wconf 86' lang='lat' dir='ltr'>potest</span> <span class='ocrx_word' id='word_1_827' title='bbox 3202 4967 3320 5023; x_wconf 91' lang='lat' dir='ltr'>dici</span> <span class='ocrx_word' id='word_1_828' title='bbox 3347 4967 3525 5023; x_wconf 55' lang='lat' dir='ltr'>uniri’</span> 
     </span>
    </p>
   </div>
   <div class='ocr_carea' id='block_1_103' title="bbox 1861 5055 3519 5136">
    <p class='ocr_par' dir='ltr' id='par_1_103' title="bbox 1861 5055 3519 5136">
     <span class='ocr_line' id='line_1_103' title="bbox 1861 5055 3519 5136; baseline -0.005 -16"><span class='ocrx_word' id='word_1_829' title='bbox 1861 5065 1967 5120; x_wconf 89' lang='lat' dir='ltr'>sed</span> <span class='ocrx_word' id='word_1_830' title='bbox 1996 5063 2194 5136; x_wconf 90' lang='lat' dir='ltr'>potius</span> <span class='ocrx_word' id='word_1_831' title='bbox 2223 5061 2431 5117; x_wconf 84' lang='lat' dir='ltr'>dividi.</span> <span class='ocrx_word' id='word_1_832' title='bbox 2464 5063 2527 5116; x_wconf 76' lang='lat' dir='ltr'>Et</span> <span class='ocrx_word' id='word_1_833' title='bbox 2558 5060 2631 5117; x_wconf 90' lang='lat' dir='ltr'>de</span> <span class='ocrx_word' id='word_1_834' title='bbox 2673 5058 2903 5115; x_wconf 89' lang='lat' dir='ltr'>Christo</span> <span class='ocrx_word' id='word_1_835' title='bbox 2928 5058 3107 5129; x_wconf 81' lang='lat' dir='ltr'>igitur</span> <span class='ocrx_word' id='word_1_836' title='bbox 3133 5056 3181 5111; x_wconf 90' lang='lat' dir='ltr'>si</span> <span class='ocrx_word' id='word_1_837' title='bbox 3217 5055 3355 5111; x_wconf 68' lang='lat' dir='ltr'>dum</span> <span class='ocrx_word' id='word_1_838' title='bbox 3380 5059 3519 5112; x_wconf 89' lang='lat' dir='ltr'>sunt</span> 
     </span>
    </p>
   </div>
   <div class='ocr_carea' id='block_1_104' title="bbox 1859 5144 3525 5224">
    <p class='ocr_par' dir='ltr' id='par_1_104' title="bbox 1859 5144 3525 5224">
     <span class='ocr_line' id='line_1_104' title="bbox 1859 5144 3525 5224; baseline -0.004 -16"><span class='ocrx_word' id='word_1_839' title='bbox 1859 5152 1988 5224; x_wconf 81' lang='lat' dir='ltr'>ejus</span> <span class='ocrx_word' id='word_1_840' title='bbox 2018 5157 2268 5220; x_wconf 77' lang='lat' dir='ltr'>naturze,</span> <span class='ocrx_word' id='word_1_841' title='bbox 2296 5165 2491 5221; x_wconf 84' lang='lat' dir='ltr'>neque</span> <span class='ocrx_word' id='word_1_842' title='bbox 2520 5163 2664 5224; x_wconf 83' lang='lat' dir='ltr'>una,</span> <span class='ocrx_word' id='word_1_843' title='bbox 2685 5147 2882 5204; x_wconf 90' lang='lat' dir='ltr'>omnis</span> <span class='ocrx_word' id='word_1_844' title='bbox 2911 5150 3117 5203; x_wconf 91' lang='lat' dir='ltr'>autem</span> <span class='ocrx_word' id='word_1_845' title='bbox 3138 5144 3313 5216; x_wconf 84' lang='lat' dir='ltr'>dyas,</span> <span class='ocrx_word' id='word_1_846' title='bbox 3343 5149 3525 5218; x_wconf 88' lang='lat' dir='ltr'>prout</span> 
     </span>
    </p>
   </div>
   <div class='ocr_carea' id='block_1_105' title="bbox 1858 5220 3510 5314">
    <p class='ocr_par' dir='ltr' id='par_1_105' title="bbox 1858 5220 3510 5314">
     <span class='ocr_line' id='line_1_105' title="bbox 1858 5220 3510 5314; baseline -0.005 -16"><span class='ocrx_word' id='word_1_847' title='bbox 1858 5220 1949 5299; x_wconf 80' lang='lat' dir='ltr'>est</span> <span class='ocrx_word' id='word_1_848' title='bbox 1973 5241 2149 5314; x_wconf 86' lang='lat' dir='ltr'>dyas,</span> <span class='ocrx_word' id='word_1_849' title='bbox 2171 5220 2730 5314; x_wconf 20' lang='lat' dir='ltr'>duplexiexsiste&#39;ns,</span> <span class='ocrx_word' id='word_1_850' title='bbox 2755 5235 3088 5294; x_wconf 89' lang='lat' dir='ltr'>secundum</span> <span class='ocrx_word' id='word_1_851' title='bbox 3111 5235 3172 5291; x_wconf 85' lang='lat' dir='ltr'>id</span> <span class='ocrx_word' id='word_1_852' title='bbox 3203 5234 3510 5304; x_wconf 81' lang='lat' dir='ltr'>dividitur,</span> 
     </span>
    </p>
   </div>
   <div class='ocr_carea' id='block_1_106' title="bbox 1857 5322 3508 5399">
    <p class='ocr_par' dir='ltr' id='par_1_106' title="bbox 1857 5322 3508 5399">
     <span class='ocr_line' id='line_1_106' title="bbox 1857 5322 3508 5399; baseline -0.006 -11"><span class='ocrx_word' id='word_1_853' title='bbox 1857 5346 1969 5387; x_wconf 89' lang='lat' dir='ltr'>nec</span> <span class='ocrx_word' id='word_1_854' title='bbox 2000 5331 2221 5399; x_wconf 88' lang='lat' dir='ltr'>unitur,</span> <span class='ocrx_word' id='word_1_855' title='bbox 2249 5327 2455 5385; x_wconf 66' lang='lat' dir='ltr'>Christi</span> <span class='ocrx_word' id='word_1_856' title='bbox 2477 5327 2656 5397; x_wconf 82' lang='lat' dir='ltr'>igitur</span> <span class='ocrx_word' id='word_1_857' title='bbox 2678 5326 2813 5381; x_wconf 71' lang='lat' dir='ltr'>dure</span> <span class='ocrx_word' id='word_1_858' title='bbox 2836 5330 3085 5393; x_wconf 71' lang='lat' dir='ltr'>naturas,</span> <span class='ocrx_word' id='word_1_859' title='bbox 3102 5324 3149 5379; x_wconf 92' lang='lat' dir='ltr'>si</span> <span class='ocrx_word' id='word_1_860' title='bbox 3170 5322 3508 5379; x_wconf 86' lang='lat' dir='ltr'>secundum</span> 
     </span>
    </p>
   </div>
   <div class='ocr_carea' id='block_1_107' title="bbox 1857 5417 3519 5492">
    <p class='ocr_par' dir='ltr' id='par_1_107' title="bbox 1857 5417 3519 5492">
     <span class='ocr_line' id='line_1_107' title="bbox 1857 5417 3519 5492; baseline -0.006 -16"><span class='ocrx_word' id='word_1_861' title='bbox 1857 5436 1986 5477; x_wconf 88' lang='lat' dir='ltr'>esse</span> <span class='ocrx_word' id='word_1_862' title='bbox 2016 5421 2215 5492; x_wconf 84' lang='lat' dir='ltr'>ipsum</span> <span class='ocrx_word' id='word_1_863' title='bbox 2255 5418 2393 5473; x_wconf 74' lang='lat' dir='ltr'>duae</span> <span class='ocrx_word' id='word_1_864' title='bbox 2431 5418 2548 5472; x_wconf 91' lang='lat' dir='ltr'>sint</span> <span class='ocrx_word' id='word_1_865' title='bbox 2581 5420 2636 5471; x_wconf 91' lang='lat' dir='ltr'>et</span> <span class='ocrx_word' id='word_1_866' title='bbox 2680 5430 2801 5471; x_wconf 87' lang='lat' dir='ltr'>non</span> <span class='ocrx_word' id='word_1_867' title='bbox 2844 5430 2968 5471; x_wconf 86' lang='lat' dir='ltr'>una</span> <span class='ocrx_word' id='word_1_868' title='bbox 3020 5417 3271 5484; x_wconf 86' lang='lat' dir='ltr'>tantum,</span> <span class='ocrx_word' id='word_1_869' title='bbox 3306 5426 3519 5468; x_wconf 85' lang='lat' dir='ltr'>secun-</span> 
     </span>
    </p>
   </div>
   <div class='ocr_carea' id='block_1_108' title="bbox 1856 5504 3511 5581">
    <p class='ocr_par' dir='ltr' id='par_1_108' title="bbox 1856 5504 3511 5581">
     <span class='ocr_line' id='line_1_108' title="bbox 1856 5504 3511 5581; baseline -0.007 -15"><span class='ocrx_word' id='word_1_870' title='bbox 1856 5510 2002 5566; x_wconf 89' lang='lat' dir='ltr'>dum</span> <span class='ocrx_word' id='word_1_871' title='bbox 2033 5508 2093 5565; x_wconf 88' lang='lat' dir='ltr'>id</span> <span class='ocrx_word' id='word_1_872' title='bbox 2123 5509 2323 5581; x_wconf 82' lang='lat' dir='ltr'>ipsum</span> <span class='ocrx_word' id='word_1_873' title='bbox 2355 5511 2554 5563; x_wconf 87' lang='lat' dir='ltr'>essent</span> <span class='ocrx_word' id='word_1_874' title='bbox 2580 5505 2787 5561; x_wconf 78' lang='lat' dir='ltr'>divisae</span> <span class='ocrx_word' id='word_1_875' title='bbox 2818 5520 3015 5578; x_wconf 87' lang='lat' dir='ltr'>neque</span> <span class='ocrx_word' id='word_1_876' title='bbox 3045 5505 3247 5576; x_wconf 63' lang='lat' dir='ltr'>unitas,</span> <span class='ocrx_word' id='word_1_877' title='bbox 3277 5506 3335 5557; x_wconf 90' lang='lat' dir='ltr'>ct</span> <span class='ocrx_word' id='word_1_878' title='bbox 3370 5504 3511 5558; x_wconf 87' lang='lat' dir='ltr'>Nes-</span> 
     </span>
    </p>
   </div>
   <div class='ocr_carea' id='block_1_109' title="bbox 1855 5595 2641 5657">
    <p class='ocr_par' dir='ltr' id='par_1_109' title="bbox 1855 5595 2641 5657">
     <span class='ocr_line' id='line_1_109' title="bbox 1855 5595 2641 5657; baseline -0.008 0"><span class='ocrx_word' id='word_1_879' title='bbox 1855 5598 1989 5657; x_wconf 80' lang='lat' dir='ltr'>torii</span> <span class='ocrx_word' id='word_1_880' title='bbox 2019 5598 2294 5656; x_wconf 86' lang='lat' dir='ltr'>doctrina</span> <span class='ocrx_word' id='word_1_881' title='bbox 2317 5595 2641 5654; x_wconf 87' lang='lat' dir='ltr'>inducitur.</span> 
     </span>
    </p>
   </div>
  </div>
