4040 6318
519 372 586 425 59
1861 370 1906 424 Ν
1913 367 2132 425 ΙΟΕΤᾸΞ
2171 389 2172 398 η

2285 365 2545 424 )NIATE
3815 370 3898 423 60

1086 497 1231 553 Alia
1248 494 1598 566 propositio.

590 626 686 679 22.
727 627 793 681 Et
820 624 895 680 de
933 623 1231 680 continuis
1275 637 1436 694 saepe
1482 636 1807 678 numerum
1841 618 2167 686 aﬂ'erimus,

519 717 604 784 ut,
638 712 806 769 verbi
836 712 1027 782 gratia
1047 711 1290 768 duobus
1317 710 1535 768 cubitis
1554 710 1804 780 longum
1831 725 1961 766 esse
1979 707 2169 782 quod—

446 806 451 809 ‘
519 803 662 859 dam
711 802 945 872 lignum
990 802 1268 858 dicimus.
1313 801 1428 858 Sed
1466 804 1734 874 potentia
1768 804 2002 857 tantum
2045 798 2169 854 duo

518 905 711 946 unum
750 906 881 946 esse
908 890 1186 956 dicimus,
1214 905 1338 946 non
1366 906 1467 957 re;
1506 904 1580 946 eo
1608 889 1776 962 quod
1809 887 2167 944 divisionem

519 978 721 1036 subire
752 983 947 1050 potest
962 984 1019 1034 et
1044 979 1169 1035 duo
1197 978 1349 1044 ﬁeri,
1378 978 1614 1050 lignum
1634 976 1782 1035 illud
1802 975 2047 1034 duobus
2071 990 2168 1031 cu-

516 1067 655 1124 bitis
678 1083 814 1125 esse
834 1068 1117 1125 dicimus.

1084 1194 1230 1251 Alia
1250 1195 1597 1265 propositio.

587 1323 679 1377 23.
720 1320 777 1375 Si
808 1319 1077 1385 Christus
1113 1336 1273 1376 unus
1323 1325 1411 1377 est
1458 1320 1703 1377 nomine
1750 1323 1808 1376 et
1847 1336 1930 1387 re,
1971 1319 2170 1374 omnis

518 1413 720 1464 autem
762 1407 1028 1465 deﬁnitio
1081 1424 1268 1465 unam
1324 1414 1603 1467 naturam
1648 1408 1904 1474 indicat,
1940 1407 2051 1463 nisi
2097 1407 2169 1467 sit

519 1497 846 1567 ambigua;
872 1497 1079 1554 Christi
1103 1514 1392 1554 numerus
1420 1498 1598 1567 igitur
1626 1498 1798 1553 unius
1829 1502 2057 1554 naturae
2079 1500 2169 1551 est

516 1585 916 1651 indicativus;
945 1586 990 1641 si
1024 1591 1226 1642 autem
1263 1587 1596 1643 secundum
1634 1602 1748 1643 nos
1791 1587 1927 1641 dum
1960 1584 2167 1642 Christi

517 1679 750 1729 naturae
787 1673 939 1730 duas
969 1673 1194 1730 habent
1223 1675 1602 1731 deﬁnitiones
1634 1691 1754 1730 non
1798 1673 1960 1729 idem
1992 1673 2170 1743 signi-

516 1762 786 1829 ﬁcantes,
820 1769 877 1818 et
903 1762 1170 1819 Christus
1198 1765 1398 1829 igitur,
1428 1781 1564 1820 cum
1591 1780 1746 1819 unus
1778 1764 1873 1833 sit,
1896 1763 2051 1818 duas
2069 1762 2170 1818 de—

516 1851 819 1908 ﬁnitiones
836 1869 957 1908 non
980 1853 1139 1908 idem
1167 1853 1569 1924 signiﬁcantes
1593 1853 1867 1910 habebit.
1890 1853 1942 1910 Si
1968 1856 2169 1908 autem

517 1940 582 1997 id
612 1941 981 2013 impossibile
1004 1947 1098 1998 est
1125 1944 1141 2007 (
1149 1946 1346 1999 omnis
1374 1945 1535 1999 enim
1562 1944 1647 1999 rei
1668 1943 1845 1998 unius
1866 1941 2168 1998 existentis

518 2031 704 2087 unica
733 2035 826 2087 est
855 2031 1169 2103 deﬁnitio),
1202 2049 1322 2089 non
1359 2033 1538 2101 igitur
1575 2033 1730 2089 duas
1758 2031 2005 2089 habebit
2028 2030 2171 2087 deﬁ-

517 2120 775 2176 nitiones
803 2121 1095 2177 Christus.
1130 2122 1186 2179 Si
1216 2123 1299 2178 ita
1324 2127 1434 2190 est,
1461 2138 1658 2194 neque
1680 2122 1816 2178 duae
1847 2126 2019 2178 erunt
2040 2121 2171 2192 ejus

515 2214 743 2266 naturae
771 2228 783 2277 ;
816 2210 1065 2279 singulae
1086 2211 1246 2267 enim
1266 2211 1642 2267 deﬁnitiones
1675 2227 1859 2267 unam
1890 2216 2172 2268 naturam

517 2298 880 2370 signiﬁcant,
916 2299 1041 2355 sive
1069 2300 1373 2372 simplices
1405 2300 1528 2355 sive
1549 2300 1919 2373 composita.

1267 2441 1419 2496 Alia.

591 2565 681 2618 24.
724 2563 780 2619 Si
809 2578 1032 2619 nomen
1062 2564 1327 2621 Christus
1360 2580 1479 2620 non
1516 2564 1863 2620 substantiae
1896 2564 2170 2621 indicati-

517 2666 667 2709 vum
696 2657 809 2720 est,
863 2652 970 2708 sed
1012 2652 1332 2724 cujusdam
1377 2658 1604 2710 naturae
1652 2653 2054 2709 accidentium
2100 2670 2171 2710 ex

518 2740 746 2795 unione
777 2746 1068 2807 crtorum,
1100 2746 1455 2799 naturarum
1490 2759 1627 2816 qua:
1648 2742 1784 2798 duae
1813 2743 1986 2799 facta;
2009 2747 2165 2813 sunt,

518 2828 910 2886 indicativum
949 2835 1058 2886 est.
1089 2833 1209 2888 Hoc
1243 2837 1443 2887 autem
1474 2832 1622 2888 nihil
1663 2832 1827 2888 aliud
1866 2838 1955 2891 est
1982 2849 2169 2904 quam

518 2923 876 2975 naturarum
915 2919 1197 2975 relativus
1227 2921 1490 2977 habitus.
1535 2924 1674 2977 Dure
1704 2927 1906 2979 autem
1940 2929 2169 2981 naturae

518 3006 617 3064 vel
643 3007 824 3063 unita;
853 3016 1169 3065 remanent
1195 3010 1255 3067 in
1296 3011 1564 3078 Christo;
1604 3012 1940 3068 secundum
1990 3012 2171 3081 igitur

518 3112 744 3153 vanum
790 3096 1174 3154 solummodo
1220 3099 1494 3157 habitum
1544 3107 1894 3157 naturarum
1928 3100 2170 3157 alterius

518 3200 659 3242 cum
687 3185 873 3242 altera
910 3186 1067 3244 facta
1097 3193 1184 3244 est
1222 3190 1404 3257 unio;
1440 3194 1504 3246 ut
1531 3190 1746 3246 dicitur
1786 3190 1861 3246 de
1901 3190 2084 3246 choro
2114 3194 2172 3247 et

519 3273 725 3339 domo,
753 3280 809 3331 et
840 3275 985 3331 urbe
1017 3280 1074 3332 et
1101 3276 1404 3348 lapidibus
1437 3287 1495 3334 et
1528 3279 1705 3350 lignis
1743 3279 1963 3352 quibus
1993 3296 2168 3336 cons-

520 3365 606 3418 tat
624 3361 964 3434 sediﬁcium,
984 3366 1504 3436 quemadmodum
1526 3373 1583 3424 et
1606 3370 1908 3425 Nestorius
1928 3368 2169 3425 docuis-

519 3465 583 3506 se
611 3451 918 3524 reperitur.

1266 3580 1431 3636 Alia.

590 3703 684 3757 25.
725 3701 781 3757 Si
808 3715 945 3773 quae
974 3701 1262 3758 uniuntur
1291 3720 1478 3760 unum
1509 3705 1679 3770 ﬁunt,
1703 3723 1841 3779 quae
1872 3722 1994 3763 non
2020 3707 2172 3764 ﬁunt

520 3803 714 3845 unum
745 3789 998 3846 omnino
1045 3806 1168 3846 non
1220 3791 1550 3861 uniuntur;
1597 3794 1641 3848 si
1673 3794 1853 3862 igitur
1887 3795 2021 3851 dum
2061 3812 2171 3851 nec

520 3893 646 3933 una
675 3882 817 3934 sunt
849 3878 1053 3936 Christi
1088 3885 1337 3946 naturai,
1361 3881 1516 3954 dyas
1560 3888 1783 3948 autem,
1814 3900 1951 3939 cum
1982 3884 2173 3956 dupli-

520 3965 669 4022 citas
696 3967 789 4037 sit,
823 3967 1133 4039 divisionis
1175 3968 1498 4026 indicativa
1527 3978 1636 4037 est,
1678 3972 1748 4039 si,
1794 3988 1929 4044 quae
1976 3972 2173 4029 divisa

521 4059 680 4119 sunt,
710 4071 832 4110 non
865 4062 1005 4111 sunt
1036 4057 1224 4125 unita,
1251 4074 1371 4114 non
1397 4058 1579 4129 igitur
1599 4059 1778 4115 unitae
1802 4065 1943 4115 sunt
1964 4060 2171 4116 Christi

521 4146 778 4209 naturae;
812 4144 858 4198 si
889 4143 1088 4215 igitur.
1112 4161 1182 4200 eo
1209 4147 1375 4218 quod
1405 4163 1526 4203 non
1557 4149 1833 4204 immistaa
1861 4149 2173 4214 sint,duas

521 4245 655 4285 esse
698 4231 909 4287 Christi
940 4239 1188 4289 naturas
1221 4241 1485 4306 censent,
1518 4253 1763 4293 necesse
1794 4244 1900 4304 est,
1933 4243 2172 4311 propter

520 4319 831 4387 unionem,
865 4325 928 4376 ut
956 4337 1139 4377 unam
1177 4324 1306 4394 ejus
1335 4331 1615 4382 naturam
1644 4327 1867 4383 dicant.

1261 4450 1427 4504 Alia.

592 4570 682 4622 26.
725 4570 851 4623 Non
883 4573 1029 4640 quot
1049 4570 1466 4643 cujuscunque
1488 4572 1569 4626 rei
1589 4577 1729 4628 sunt
1754 4575 2168 4646 prOprietates,
2201 4581 2242 4635 D

519 4660 605 4711 tot
633 4662 691 4711 et
726 4657 909 4727 hujus
942 4662 1083 4713 sunt
1126 4665 1374 4714 naturae.
1417 4659 1516 4715 Vel
1565 4662 1726 4716 enim
1776 4662 1923 4717 nihil
1961 4678 2169 4718 eorum

520 4762 656 4819 quae
679 4748 987 4820 propriam
1013 4748 1239 4805 habent
1260 4751 1687 4818 exsistentiam,
1724 4753 1901 4806 unius
1930 4754 2037 4808 erit
2066 4769 2169 4809 na-

522 4841 687 4897 turae.
723 4853 858 4892 cum
895 4838 1097 4910 plures
1136 4840 1531 4911 proprietates
1562 4841 1902 4896 differentes
1932 4844 1990 4898 in
2018 4858 2173 4897 uno-

519 4942 760 4998 quoque
782 4927 1027 4982 animad
1037 4933 1338 4983 vertantur
1356 4945 1368 4993 ;
1394 4929 1497 4983 sed
1521 4945 1730 4985 eorum
1748 4933 2018 4986 omnium
2037 4947 2172 5003 quae

521 5017 899 5085 suppositum
959 5017 1326 5071 constituunt
1378 5018 1738 5084 coagulum,
1800 5024 2016 5075 natura
2064 5025 2170 5075 est-

518 5103 678 5172 Ignis
705 5105 861 5160 enirn
886 5103 1087 5160 lumen
1131 5113 1187 5160 et
1214 5105 1421 5161 levitas
1447 5109 1842 5178 proprietates
1873 5115 2031 5179 sunt,
2067 5109 2172 5166 sed

519 5206 643 5246 non
673 5191 876 5249 lumen
910 5200 1012 5249 aut
1038 5194 1336 5250 levitatem
1375 5196 1528 5260 ignis
1561 5212 1689 5252 esse
1719 5202 1998 5254 naturam
2030 5199 2173 5254 dici-

520 5297 678 5344 mus,
703 5288 764 5337 ut
800 5287 856 5338 et
887 5285 1040 5338 aeris
1074 5285 1464 5356 proprietates
1502 5291 1639 5340 sunt
1671 5286 1886 5341 caloris
1906 5288 2169 5345 carentia

521 5375 577 5426 et
605 5372 985 5443 personatio;
1034 5376 1100 5427 ut
1128 5378 1184 5428 et
1224 5373 1478 5429 aliorum
1511 5373 1945 5432 elementorum
1975 5378 2173 5433 videre

522 5466 612 5515 est
658 5459 808 5515 alias
856 5462 1276 5532 proprietates.
1321 5463 1432 5519 Sed
1468 5480 1648 5519 nemo
1689 5464 1935 5520 audebit
1976 5465 2173 5522 dicere

522 5546 725 5603 multis
752 5550 1229 5623 unumquodque
1255 5553 1485 5607 naturis
1511 5566 1639 5608 esse
1664 5569 1734 5608 eo
1762 5554 1927 5625 quod
1958 5554 2175 5610 multas

520 5638 744 5696 habeat
770 5639 1163 5712 proprictates
1185 5659 1203 5712 ;
1243 5640 1291 5696 si
1315 5645 1375 5697 et
1401 5640 1476 5697 dc
1516 5641 1748 5699 Christo
1778 5642 2086 5701 divinitate
2117 5648 2175 5721 et

2200 491 2248 543 Δ

2811 491 3014 568 Ἐτερον
3043 492 3241 569 πρόϐλη
3246 514 3341 566 μα.

2511 622 2612 670 Καὶ
2662 621 2746 670 ἐπὶ
2803 625 2902 669 τῶν
2949 624 3184 690 συνεχῶν
3225 617 3470 678 πολλάκις
3527 622 3738 690 φέρομεν
3792 621 3892 670 τὸν

2279 706 2499 780 ἀριθμὸν
2548 704 2646 760 δύο
2694 712 2809 782 φέρε
2847 707 3003 761 εἰπεῖν
3052 713 3266 780 πήχεων
3309 711 3368 759 τὸ
3422 706 3569 770 ξύλον
3629 707 3883 778 λὰγοντες

2276 795 2407 851 ἀλλὰ
2453 792 2673 869 δυνάμει
2718 794 2814 850 δύο
2873 799 3033 870 φαμὲν
3080 793 3210 849 εἶναι
3256 799 3315 849 τὸ
3364 794 3435 864 ἓν,
3475 795 3569 847 ούκ
3615 794 3874 870 ἕνεργείᾳ.

2277 895 2350 957 τῷ
2399 882 2459 938 δὲ
2506 882 2767 939 δύνασθαι
2812 891 2977 959 τομὴν
3015 888 3303 959 ὑπομένειν,
3345 890 3436 938 καὶ
3480 882 3578 938 δύο
3613 886 3886 958 γενέσθαι,

2277 978 2441 1048 ταύτῃ
2477 978 2636 1047 φαμεν
2667 976 2791 1029 αὐτὸ
2833 972 2931 1030 δύο
2955 983 3104 1029 τινῶν
3134 980 3350 1047 πήχεων
3377 975 3527 1039 εἶναι,

2806 1188 3013 1261 Ἕτερον
3042 1184 3241 1259 πρόϐλη
3246 1204 3341 1258 μα.

2350 1316 2446 1388 κγ’·
2484 1315 2543 1368 Εἰ
2572 1316 2597 1369 6
2625 1317 2853 1390 Χριστὸς
2881 1309 2951 1375 εἰς
2976 1311 3113 1365 ἐστιν
3141 1311 3355 1387 ὀνόματί
3383 1330 3437 1364 τε
3467 1314 3555 1363 καί
3580 1311 3887 1382 πράγματι,

2276 1411 2380 1469 πᾶς
2424 1401 2484 1457 δὲ
2535 1406 2755 1477 ὁρισμὸς
2819 1399 2890 1463 εἷς
2946 1402 3036 1472 ὢν,
3083 1401 3127 1454 εἰ
3182 1405 3252 1474 μὴ
3323 1399 3590 1473 ὁμώνυμος
3628 1401 3727 1465 εἴη,
3757 1401 3890 1469 μιᾶς

2279 1498 2476 1568 φύσεως
2500 1491 2792 1554 δηλωτικός
2818 1491 2949 1544 ἐστι·
2979 1496 3069 1544 καὶ
3090 1491 3115 1541 6
3136 1498 3227 1543 τού
3253 1495 3488 1563 Χριστοῦ
3511 1488 3612 1562 ἄρα
3634 1485 3885 1560 ἀριθμὸς.

2277 1590 2404 1658 μιᾶς
2420 1593 2518 1645 τῆς
2538 1582 2697 1634 αὐτοῦ
2725 1584 2926 1654 φύσεως
2948 1576 3238 1640 δηλωτικός
3263 1577 3422 1632 ἐστιν.
3448 1577 3507 1632 Εἰ
3532 1573 3591 1630 δὲ
3620 1574 3891 1649 καθ’ύμᾶς

2277 1674 2334 1726 αἰ
2370 1681 2463 1725 τού
2503 1678 2736 1744 Χριστοῦ
2767 1666 2865 1723 δύο
2896 1672 3072 1741 φύσεις
3103 1665 3201 1721 δύο
3247 1670 3465 1741 ἔχουσιν
3505 1667 3775 1742 ὁρισμούς,
3818 1664 3885 1716 ού

2277 1765 2436 1815 ταυτὸ
2486 1758 2789 1820 δηλοῦντας,
2849 1763 2938 1810 καὶ
2980 1758 3006 1809 ὁ
3053 1760 3282 1830 Χριστὸς
3337 1757 3459 1830 ἄρα,
3511 1752 3575 1815 εἷς
3626 1753 3714 1812 ὢν.
3776 1750 3886 1807 δύο

2280 1854 2527 1929 ὁρισμούς
2548 1850 2645 1914 ἕξει
2674 1849 2733 1902 ού
2760 1851 2919 1902 ταυτὸ
2944 1844 3249 1909 δηλοῦντας·
3274 1846 3318 1899 εἰ
3356 1843 3416 1899 δέ
3440 1853 3591 1898 τουτο
3619 1841 3884 1896 ἀδύνατον

2280 1937 2484 2015 (παντός
2504 1943 2605 2013 ’γὰρ
2627 1941 2937 2013 πράγματος
2959 1937 3068 1999 ἑνὸς
3089 1941 3234 1999 ὄντος
3259 1937 3331 1997 εἷς
3357 1932 3468 1988 ἔστι
3495 1939 3583 1986 καὶ
3604 1930 3883 2008 ὁρισμὸς),

2278 2032 2373 2086 οὐκ
2409 2032 2513 2103 ἄρα
2539 2027 2635 2082 δύο
2667 2026 2765 2092 ἕξει
2798 2032 2887 2080 καὶ
2926 2028 3180 2101 ὁρισμοὺς
3208 2027 3234 2078 6
3258 2028 3501 2098 Χριστός⁸
3536 2023 3579 2076 εἰ
3609 2018 3668 2075 δέ
3695 2029 3883 2090 τοῦτο,

2280 2117 2404 2176 οὐδὲ
2435 2116 2531 2173 δύο
2562 2121 2768 2172 ἔσονται
2798 2116 2957 2168 αὐτοῦ
2988 2117 3042 2168 αἱ
3065 2118 3263 2187 φύσειςο
3293 2114 3508 2173 ἕκαστος
3534 2114 3635 2184 ’γὰρ
3658 2112 3887 2183 ὁρισμὸς

2280 2217 2401 2285 μιᾶς
2440 2211 2639 2282 φύσεως
2666 2205 2777 2259 ἐστι
2808 2202 3116 2274 ὃηλωτικός,
3141 2205 3239 2256 εἴτε
3258 2202 3473 2270 ἁπλοῦς,
3490 2202 3590 2254 εἶτε
3611 2201 3884 2262 σύνθετος,

2966 2443 3191 2511 Ἕτερον.

2267 2596 2280 2608 ο
2351 2562 2461 2621 κδ’.
2504 2565 2563 2618 Εἰ
2606 2566 2665 2617 τὸ
2721 2564 2955 2636 Χριστὸς
3011 2563 3170 2632 ὄνομα
3226 2558 3321 2611 οὐκ
3365 2557 3537 2617 ούτίας
3568 2553 3894 2619 δηλωτικὸν,

2283 2655 2409 2708 ἀλλὰ
2442 2662 2542 2707 τῶν
2572 2658 2691 2727 περὶ
2733 2656 2828 2710 τὴν
2874 2650 3058 2703 ούσίαν
3088 2652 3228 2710 τινὸς
3265 2657 3364 2700 τῶν
3403 2645 3457 2699 ἐκ
3495 2654 3590 2707 τῆς
3629 2645 3887 2707 ἑνὼσεως,

2278 2753 2379 2798 τῶν
2430 2741 2527 2796 δύο
2566 2745 2767 2815 φύσεων
2804 2745 3084 2812 γενομένων
3144 2734 3430 2795 δηλωτικὸν
3463 2738 3593 2788 ἐστι·
3634 2740 3789 2785 τοῦτο
3821 2727 3890 2784 δί

2279 2830 2429 2887 οὐδὲν
2456 2832 2577 2885 ἄλλο
2602 2830 2741 2883 ἐστὶν
2766 2831 2796 2889 ἣ
2827 2831 2856 2888 ἡ
2893 2837 2992 2881 τῶν
3022 2831 3219 2900 φύσεων
3249 2829 3380 2901 πρὸς
3411 2822 3633 2885 ἀλλήλας
3660 2825 3882 2893 σχέσις

2280 2921 2378 2977 δύο
2411 2919 2469 2975 δὲ
2508 2926 2688 2994 φύσεις
2726 2924 2816 2971 καὶ
2860 2918 3129 2971 ἑνωθεῐσαι
3167 2920 3516 2989 μεμενήκασιν
3555 2910 3603 2965 ἓν
3634 2916 3881 2984 Χριστῷ·

2277 3014 2412 3065 κατὰ
2431 3016 2590 3084 μόνην
2620 3010 2723 3083 ἄρα
2754 3011 2943 3081 σχίσιν
2967 3005 3126 3077 ψιλὴν
3147 3006 3176 3063 ἡ
3210 3013 3309 3056 τῶν
3341 3005 3540 3076 φύσεων
3564 3002 3688 3074 πρὸς
3718 2995 3883 3055 ἀλλή-

2274 3101 2363 3162 λας
2427 3103 2631 3171 γέγονεν
2688 3099 2882 3158 ἓνωσις·
2936 3098 3003 3157 ὡς
3060 3094 3144 3147 ἐπὶ
3180 3100 3370 3167 χοροῦ,
3411 3096 3500 3143 καὶ
3547 3090 3736 3150 οἰκίας,
3782 3090 3883 3153 καὶ⁵

2278 3191 2489 3256 πόλεως,
2531 3194 2619 3242 καὶ
2644 3188 2820 3251 λίθων,
2845 3192 2933 3239 καὶ
2955 3185 3114 3249 ξύλων
3154 3183 3201 3236 ἐν
3224 3180 3300 3245 οἷς
3330 3185 3388 3234 τὸ
3414 3176 3882 3252 οἰκοδομούμενον,

2227 3280 2238 3294 ’
2278 3282 2449 3342 καθὼς
2478 3284 2567 3332 καὶ
2594 3282 2872 3352 Νεστόριος
2904 3272 3232 3348 δογματίζων
3271 3272 3588 3346 εὑρίσκεται.

3009 3575 3233 3648 Ἕτερον.

2350 3706 2436 3759 κε’.
2500 3704 2562 3760 Εἰ
2604 3707 2670 3757 τὰ
2711 3706 2946 3774 ἡνωμένα
2983 3699 3030 3753 ἓν
3077 3703 3298 3771 γίνεται,
3340 3699 3407 3748 τὰ
3448 3699 3518 3768 μὴ
3551 3698 3799 3766 ’γενόμενα
3831 3692 3886 3745 ἓν

2324 3796 2335 3813 ,
2451 3798 2470 3808 η
2718 3792 2725 3799 -
2824 3789 2838 3805 ν
2900 3793 2911 3806 .
3136 3788 3148 3798 -
3242 3786 3269 3803 ν
3405 3787 3416 3801 .
3577 3788 3586 3801 ,
3702 3781 3714 3797 .
3824 3788 3827 3789 ν

2279 3816 2385 3867 ουχ
2447 3813 2640 3854 ηνωται
2706 3791 2760 3855 εξ
2815 3806 3060 3861 αναγκης·
3107 3808 3150 3841 ει
3209 3807 3296 3839 ουν
3356 3782 3452 3838 δυο
3504 3804 3594 3835 και
3660 3801 3735 3867 ους
3778 3787 3887 3853 μία

2277 3886 2635 3955 τυγχάνουσιν
2666 3882 2721 3933 αἱ
2750 3888 2840 3932 τού
2880 3886 3115 3952 Χριστοῦ
3142 3879 3338 3948 φύσεις,
3366 3876 3397 3933 ἡ
3438 3870 3496 3926 δὲ
3535 3870 3686 3937 δυὰς,
3713 3866 3885 3941 διχάς

2279 3992 2333 4025 τε
2372 3968 2526 4035 οὖσα,
2561 3967 2868 4044 διαιρέσεως
2910 3967 3023 4019 ἐστι
3056 3963 3343 4031 δηλωτική,
3389 3965 3454 4014 τὰ
3494 3958 3553 4014 δὲ
3584 3957 3887 4033 διῃρημένα

2284 4062 2389 4133 οὐχ
2428 4064 2640 4129 ἥνωται,
2695 4059 2786 4111 οὐκ
2816 4060 2920 4130 ἄρα
2949 4060 3205 4128 ἡνωμέναι
3248 4054 3378 4107 εἰσὶν
3424 4051 3479 4103 αἰ
3517 4059 3607 4102 τού
3638 4057 3884 4123 Χριστοῦ

2281 4155 2482 4223 φύσεις·
2526 4149 2570 4201 εἰ
2606 4154 2776 4200 τοίνυν
2810 4144 2903 4199 διὰ
2931 4150 2986 4198 τὸ
3019 4144 3325 4217 ἀσύγχυτον
3358 4139 3454 4194 δύο
3495 4139 3623 4192 εἶναι
3653 4140 3745 4199 τὰς
3782 4146 3885 4190 τοῦ

2281 4247 2512 4313 Χριστοῦ
2545 4240 2725 4310 φύσεις
2769 4239 2948 4308 φύσεις
2984 4234 3238 4297 ἀξιοῦσιν,
3289 4230 3414 4282 ἀλλὰ
3446 4226 3539 4282 διὰ
3563 4233 3656 4287 τὴν
3694 4228 3885 4279 ἕνωσιν

2279 4333 2402 4401 μίαν
2430 4327 2589 4380 αὐτοῦ
2613 4331 2704 4384 τὴν
2732 4328 2885 4397 φύσιν
2914 4324 3076 4394 λέγειν
3108 4321 3408 4392 ἀναγκασθὴ
3420 4338 3621 4373 σονται.

2970 4447 3199 4521 Ἕτερον.

2348 4577 2435 4637 κς’.
2487 4575 2608 4647 Ούχ
2656 4577 2778 4627 ὅσαι
2827 4574 3132 4648 πραγμάτος
3175 4571 3397 4624 ἑκάστου
3447 4565 3705 4630 ἰδιότητες
3752 4586 3885 4619 τοσ-

2280 4674 2434 4717 αῦται
2470 4669 2559 4715 καὶ
2611 4667 2792 4735 φύσεις
2827 4665 3011 4714 τούτου
3042 4660 3168 4712 εἰσίν
3198 4676 3211 4689 ⁸
3257 4660 3288 4718 ᾖ
3329 4661 3431 4732 γὰρ
3473 4656 3533 4709 ἆν
3570 4653 3721 4709 οὐδὲν
3776 4664 3885 4708 τῶν

2279 4757 2504 4826 ἑχόντων
2561 4750 2699 4805 ἰδίαν
2743 4752 2961 4825 ὕπαρξιν
3018 4757 3143 4822 μιᾶς
3181 4752 3326 4801 ἔσται
3375 4751 3594 4820 φύσεως,
3635 4745 3886 4798 πλειονων

2282 4840 2559 4899 ἰδιοτήτων
2623 4844 2740 4899 ἤτοι
2789 4837 3050 4911 διαφορῶν
3116 4837 3166 4889 ἂν
3234 4837 3436 4906 ἑκάστῳ
3491 4837 3879 4909 θεωρουμένων,

2282 4930 2409 4983 ἀλλὰ
2469 4934 2527 4983 τὸ
2586 4929 2639 4981 ἐκ
2694 4932 2899 4981 πάντων
2951 4931 3216 4998 σύγκριμα
3253 4934 3352 4976 τῶν
3412 4923 3884 4998 συμπληρούντων,

2281 5024 2338 5073 1'6
2379 5022 2710 5092 ὑποκείμενον
2759 5020 2914 5090 φύσις
2963 5015 3092 5068 ἐστί’
3132 5020 3292 5089 πυρὸς
3338 5015 3427 5085 μὲν
3466 5017 3567 5087 γὰρ
3616 5016 3673 5064 τὸ
3714 5031 3885 5083 φωτι-

2283 5113 2479 5162 στικόν.
2530 5112 2618 5159 καὶ
2673 5111 2732 5159 τό
2760 5115 2950 5179 κοῦφον
3002 5102 3182 5157 ἶδιον⁶
3245 5103 3351 5155 ἀλλ’
3400 5102 3459 5155 ού
3508 5106 3664 5175 φύσιν
3714 5104 3887 5174 πυρὸς

2279 5202 2338 5251 1'6
2379 5200 2712 5270 φωτιστικὸν.
2746 5196 2776 5254 ἡ
2823 5198 2882 5248 τὸ
2930 5202 3117 5265 κοῦφον
3174 5190 3302 5246 εἶναί
3332 5208 3513 5265 φαμεν
3560 5192 3733 5265 ὥσπερ
3789 5195 3890 5243 καὶ

2283 5286 2428 5360 ἀέρος
2487 5283 2740 5345 ἰδιότητες
2790 5288 2846 5337 τὲ
2908 5282 3339 5358 ἀχρωμάτιστον,
3406 5285 3465 5335 τὸ
3537 5277 3749 5351 διηχές·
3810 5282 3887 5342 ὡς

2280 5382 2370 5429 καὶ
2436 5377 2519 5428 ἐπὶ
2588 5383 2688 5426 τὼν
2750 5373 2912 5426 ἄλλων
2977 5377 3250 5444 στοιχείων
3308 5374 3448 5423 ἐστιν
3511 5366 3641 5422 ἰδεῖν
3707 5369 3891 5442 ἑτέρας

2285 5463 2572 5524 ἰδιότητας·
2625 5462 2734 5514 ἀλλ’
2772 5460 2944 5525 οὐδεὶς
2982 5464 3233 5536 τολμήσει
3277 5458 3371 5513 διὰ
3407 5465 3466 5513 τὸ
3520 5459 3709 5520 πολλὰς
3765 5460 3888 5511 ἕκα-

2286 5573 2406 5606 στον
2444 5556 2639 5605 τούτων
2688 5549 2954 5613 ἰδιότητας
2994 5556 3154 5625 ἔχειν,
3193 5552 3324 5604 οὕτω
3352 5555 3443 5603 καὶ
3481 5549 3682 5602 πολλῶν
3721 5548 3884 5601 εἰπεῖν

2284 5641 2415 5697 εἶναι
2471 5645 2671 5714 φύσεων
2704 5663 2717 5676 ο
2772 5646 2909 5694 οὕτω
2970 5646 3142 5694 τοίνυν
3205 5646 3295 5695 καὶ
3350 5639 3436 5694 ἐπὶ
3486 5648 3579 5693 τοῦ
3639 5646 3883 5711 Χριστοῦ
