4040 6318
145 354 201 412 63
1491 320 1840 390 THESAURI
1879 324 2012 385 LIB.
2050 318 2157 386 1X.
3439 323 3507 389 66

199 476 293 532 λα’.
333 472 400 529 Εἰ
443 468 501 528 δέ
538 472 629 525 καὶ
657 469 789 543 πρὸς
816 466 1011 526 ταύτην
1048 462 1214 536 λυττᾷ
1238 465 1332 523 την
1362 458 1618 523 έπίλύσιν,
1649 457 1742 507 καὶ

1920 451 2015 543 3t.
2039 454 2107 509 Et
2135 452 2184 509 si
2211 451 2290 509 ad
2314 450 2474 509 hanc
2505 447 2872 543 solutionem
2892 449 3061 509 rabie
3082 453 3504 524 exeandescat,

331 563 714 640 προσθήσομεν
738 580 753 594 ο
786 560 857 622 ὡς
885 558 912 609 6
942 557 1214 632 ἄνθρωπος
1270 553 1300 612 ἦ
1351 552 1563 625 μερικός
1601 543 1741 599 ἔστιν

145 658 167 715 ξ
208 638 478 709 *καθόλου*
531 652 681 724 ἡμεῖς
720 645 783 702 δέ
830 666 993 721 φαμεν
1048 648 1135 699 τὸν
1187 641 1411 696 καθόλου
1449 638 1740 713 ἄνθρωπον,

143 749 400 800 τουτέστιν
465 739 789 815 ἀνθρωπείαν
833 738 1009 811 φύσιν,
1064 734 1323 808 εἰληφέναι
1385 733 1474 784 τὸν
1529 729 1742 800 Κύριον,

143 842 243 896 in;
266 832 336 892 δὴ
374 836 472 886 καὶ
503 829 786 890 ἆσύνθετός
836 825 972 896 ἐστι,
1002 829 1094 879 καὶ
1125 820 1219 877 διὰ
1273 829 1427 876 τοῦτο
1454 822 1553 892 μία
1589 818 1745 889 φύσις

144 925 353 995 λέγεται.
409 923 558 976 Ἐπεὶ
609 926 738 992 γοῦν
792 924 977 971 τοῦτον
1038 918 1208 968 κοινόν
1273 921 1369 975 τῆς
1425 908 1746 985 ἀνθρωπίνης

147 1017 333 1086 ρύσεως
362 1013 524 1082 λόγον
556 1006 816 1080 ἀνέλαϐεν,
857 1004 1136 1079 ἆτομὼσας
1170 1003 1219 1058 έν
1247 1011 1317 1075 τῷ
1346 998 1742 1074 προσλημματι,

148 1100 229 1157 διὰ
256 1109 416 1157 τοῦτο
449 1099 505 1153 ἐκ
535 1095 636 1153 δύο
661 1097 972 1151 συνεστάναι
1008 1098 1095 1148 τόν
1136 1096 1328 1167 Κύριον
1359 1086 1747 1163 δογματίξομεν

104 1238 115 1253 ,
145 1196 331 1264 φύσεων
354 1206 369 1221 ·
408 1190 461 1243 ἓν
491 1186 554 1242 δε
581 1191 864 1263 πρόσωπον
898 1189 988 1238 καὶ
1017 1185 1145 1257 μετὰ
1172 1186 1267 1242 τὴν
1306 1182 1487 1235 ἕνωσιν
1514 1177 1742 1249 λέγομεν,

146 1262 264 1341 661‘;
318 1284 420 1333 καὶ
481 1262 767 1340 Θεόςὲστι
823 1279 917 1327 καὶ
975 1275 1250 1349 ἄνθρωπος
1294 1270 1482 1330 τέλειος
1518 1262 1612 1321 διὰ
1652 1267 1746 1322 τὴν

146 1369 656 1444 καινοπρεπεστάτην
685 1361 957 1418 ἀντίδοσιν
981 1379 995 1394 ⁸
1044 1367 1116 1436 μὴ
1147 1363 1251 1436 γὰρ
1300 1361 1396 1420 τὰς
1431 1360 1612 1431 φύσεις
1640 1372 1747 1406 πα-

147 1458 387 1535 ραχαράξ
396 1480 461 1522 ας
489 1460 560 1511 τὰ
587 1456 640 1521 ἐξ
672 1457 741 1508 ὧν
771 1453 820 1507 ἐν
854 1450 932 1516 οἷς
968 1452 1097 1527 ἅπερ
1127 1455 1320 1524 πέρυκε
1359 1446 1539 1508 σώζων
1569 1442 1705 1497 ἐστιν
1730 1462 1744 1477 ·

151 1554 197 1603 ix
228 1569 283 1604 τε
304 1552 410 1625 γὰρ
446 1545 547 1603 δύο
575 1548 837 1620 ὑφέστηκε
876 1546 1096 1610 σύσεων,
1127 1544 1218 1594 καὶ
1261 1539 1312 1592 έν
1365 1539 1579 1596 ταύταις
1635 1539 1750 1595 ταῖς

152 1643 328 1712 φύσεσι
360 1642 583 1710 πέφυκε,
613 1633 805 1710 μᾶλλον
853 1629 912 1686 δε
962 1627 1116 1685 ούδεν
1154 1629 1321 1704 ἓτερον
1372 1627 1517 1699 παρὰ
1560 1625 1750 1682 ταύτας

154 1729 298 1797 ἐστὶν,
333 1727 470 1780 ἀλλὰ
491 1733 649 1779 τοῦτο
678 1723 806 1777 αὐτό
835 1721 971 1789 ἐστι,
1007 1716 1105 1774 δύο
1134 1722 1335 1793 φύσεις,
1387 1717 1513 1775 Θεός
1561 1711 1753 1773 τέλειος

154 1823 233 1870 καὶ
253 1819 537 1891 ἄνθρωπος
564 1814 783 1875 τελειος·
815 1811 875 1865 6-3
911 1814 1011 1884 γὰρ
1064 1812 1110 1862 εἶ
1139 1827 1193 1861 τι
1228 1806 1280 1870 ἐξ
1332 1800 1401 1856 ὧν
1431 1803 1566 1868 ἐστι,
1598 1808 1751 1853 τοῦτο

157 1903 213 1965 δή
240 1906 378 1959 αύτὰ
430 1905 692 1977 τυγχάνει
721 1905 790 1954 τὰ
841 1900 894 1963 ὶξ
935 1900 1003 1951 ὧν
1042 1896 1183 1951 ἔστιν
1208 1916 1221 1930 ι
1252 1894 1308 1947 ἐκ.
1336 1896 1495 1966 πυρός
1520 1892 1623 1965 γὰρ
1661 1893 1753 1942 καὶ

156 2000 243 2066 γῆς
263 1995 485 2070 οὐρανός
520 1995 658 2045 κατά
696 1991 945 2045 Πλάτωνα
975 1990 1287 2044 συνέστηκεν
1308 2005 1321 2018 ·
1355 1981 1463 2034 ἀλλ’
1493 1980 1598 2053 οὐχ
1621 1979 1751 2052 οἷπερ

160 2083 334 2152 ἐκεῖνα,
367 2085 397 2136 6
447 2082 669 2156 οὐρανός
722 2084 978 2152 πέφυκενυ
1030 2078 1056 2128 6
1114 2071 1174 2128 δε
1214 2074 1445 2144 Χριστός
1475 2068 1527 2132 ἐξ
1556 2069 1624 2120 ὧν
1653 2086 1753 2121 συ-

157 2178 413 2239 νέστηκεν,
438 2174 608 2225 ἐκεῖνα
635 2171 914 2241 τυγχάνει,
944 2165 1039 2219 ούκ
1076 2163 1199 2217 ἄλλο
1227 2182 1280 2215 τι
1324 2161 1630 2220 ποιησάσης
1658 2165 1755 2217 τῆς

160 2262 354 2336 μίξεως.
386 2262 484 2315 Ἐκ
514 2257 613 2314 δύο
640 2266 769 2332 γοῦν
799 2259 1000 2331 φύσεων
1030 2256 1056 2307 6
1086 2253 1318 2327 Χριστός
1347 2254 1439 2302 καὶ
1460 2248 1511 2302 έν
1539 2249 1757 2308 ταύταις

161 2358 266 2414 ταῖς
311 2353 558 2425 φύσεσιν.
588 2347 746 2403 Ἀλλὰ
809 2349 900 2399 καὶ
956 2343 1043 2397 ἐπὶ
1081 2337 1529 2416 παραδείγματος,
1556 2338 1628 2398 εἷς
1665 2339 1757 2409 μέν

162 2438 288 2494 ίστιν
315 2439 342 2494 6
368 2438 541 2506 ἣλιος,
571 2440 750 2510 φύσεις
778 2431 839 2489 δε
868 2433 919 2487 ἓν
945 2432 1086 2505 αύτῷ
1111 2427 1229 2502 δύο,
1258 2430 1289 2489 ἡ
1331 2431 1423 2502 μεν
1448 2434 1539 2480 τοῦ
1570 2428 1754 2499 φωτὸς,

160 2531 188 2588 ἦ
229 2526 287 2583 δέ
327 2537 425 2583 τοῦ
474 2527 694 2587 ἡλιακοῦ
745 2530 1011 2597 σώματος’
1060 2525 1152 2573 καὶ
1180 2520 1207 2573 6
1252 2519 1485 2593 Χριστός
1514 2517 1586 2577 εἷς
1623 2513 1755 2585 ἔστι,

163 2621 328 2693 φύσεις
383 2615 450 2673 δὲ
488 2615 607 2687 δύο,
655 2617 688 2676 ἡ
729 2619 820 2689 μὲν
876 2615 1005 2686 ὑπὲρ
1061 2612 1221 2684 ἡμᾶς,
1262 2609 1292 2667 ἠ
1329 2604 1388 2662 δὲ
1417 2609 1677 2680 ἡμετέροιο
1711 2602 1762 2657 ίν

166 2713 256 2785 γὰρ
283 2717 357 2781 τῷ
389 2707 536 2780 αὐτῷ
560 2711 651 2759 καὶ
689 2705 763 2759 ἑνὶ
792 2706 1012 2777 ὀνόματι
1036 2700 1286 2773 ἑκατέρων
1316 2705 1416 2749 τῶν
1439 2696 1761 2771 πραγμάτων

171 2784 406 2873 σημασία
436 2794 727 2865 δείκνυται,
769 2795 1010 2853 θεότητος
1038 2789 1168 2861 λέγω
1196 2792 1287 2840 καὶ
1325 2784 1723 2858 ἀνθρωπότητος
1745 2797 1759 2812 °

168 2886 243 2943 διὸ
271 2894 362 2942 καὶ
390 2890 669 2961 ἄνθρωπος
693 2884 899 2956 λέγεται
928 2883 955 2934 6
992 2881 1239 2956 Χριστὸς,
1269 2880 1361 2929 καὶ
1398 2878 1526 2937 Θεὸς
1563 2873 1765 2946 λέγεται

167 2980 191 3031 6
216 2981 445 3053 Χριστός
469 2992 484 3007 ·
513 2973 718 3049 ’Δμελει
753 2977 842 3025 καὶ
869 2977 963 3024 τοῦ
995 2974 1237 3042 σώματος
1263 2967 1594 3037 τυππομίνου
1619 2963 1767 3036 παρὰ

172 3076 253 3122 τοῦ
285 3068 576 3142 ὑπηρέτου,
602 3065 669 3126 ὡς
698 3061 849 3124 αύτός
874 3061 1101 3132 πάσχων
1131 3055 1291 3129 ἔλεγε,
1337 3059 1401 3108 Τί
1429 3054 1492 3126 με
1523 3048 1762 3127 δαίρεις;

168 3164 246 3211 καὶ
299 3157 578 3229 ἄψαυστος
628 3154 697 3206 ὢν
734 3155 831 3212 τὴν
870 3153 1046 3223 φύσιν,
1092 3148 1226 3221 ὅμως
1264 3144 1423 3216 ἱλεγε,

170 3266 259 3319 μου
286 3243 473 3300 ἔδωκα
492 3243 566 3306 εἰς
592 3243 861 3316 μάστιγας
879 3255 892 3269 ο
925 3236 961 3290 ἃ
986 3238 1089 3311 γὰρ
1119 3237 1179 3288 τό
1214 3232 1533 3306 ἀνθρώπινον
1562 3232 1769 3302 ἕπασχε

171 3318 250 3388 τοῦ
288 3340 497 3408 Λόγου,
558 3338 727 3385 ταῦτα
778 3332 944 3383 συνὼν
997 3325 1135 3395 αὐτῷ
1188 3324 1216 3376 6
1267 3325 1438 3393 Λόγος
1480 3319 1548 3381 εἰς
1588 3318 1769 3372 ἑαυτὸν

175 3404 404 3500 ἀνέφερεν·
451 3418 550 3475 διὰ
584 3427 736 3474 τοῦτο
764 3422 859 3471 καὶ
887 3417 913 3469 6
943 3414 1106 3482 ἣλιος,
1130 3413 1277 3499 ’ὀρῶν
1306 3413 1395 3462 τὸν
1444 3404 1770 3481 δημιουργόν

174 3514 321 3567 αὐτοῦ
341 3512 393 3566 ἐν
414 3520 494 3585 τῷ
508 3509 836 3584 ὑϐριζομένῳ
860 3511 1064 3579 σώματι
1084 3502 1417 3575 ἀνεχόμενον,
1440 3500 1533 3560 τὰς
1558 3495 1769 3559 ἀκτῖνας

176 3601 476 3674 συνέστειλε,
508 3604 599 3653 καὶ
627 3597 871 3652 ἐσκότισε
895 3598 989 3654 την
1007 3592 1130 3667 γῆν.

236 3778 336 3854 λβ.
382 3784 491 3835 Καὶ
517 3781 545 3831 6
576 3776 825 3847 Θεολόγος
854 3775 1142 3848 Γρηγόριος
1184 3771 1319 3822 οὕτω
1350 3782 1480 3839 φησι
1501 3780 1516 3796 '
1549 3769 1712 3854 Τοῦτο
1738 3762 1768 3822 ἠ

179 3872 450 3924 κενωθείσα
481 3871 677 3938 θεότης,
711 3873 862 3919 τοῦτο
912 3865 944 3922 ἠ
983 3858 1384 3937 προσληφθεῖσα
1424 3853 1576 3929 σὰρξ,
1618 3852 1678 3906 ού
1707 3859 1769 3925 τῇ

182 3964 295 4034 πρὸς
327 3963 417 4013 τόν
442 3963 571 4013 Θεὸν
601 3961 768 4028 Λόγον
798 3954 975 4008 ένὼσει
1002 3952 1141 4004 κατὰ
1176 3952 1271 4007 τὴν
1324 3943 1611 4020 ἀνάκρασιν
1645 3962 1773 4015 συγ-

184 4031 416 4120 χυθεῖσα,
444 4052 541 4101 καὶ
574 4046 647 4109 εἰς
673 4049 797 4117 μίαν
828 4041 1013 4096 οὐσίαν
1061 4035 1543 4099 ἀποτελευτῆσασα,
1585 4031 1645 4085 ού
1674 4033 1774 4106 γὰρ

186 4143 366 4213 γυρμόν
395 4140 427 4199 ἧ
482 4136 748 4209 ἀνάχυσιν
790 4135 819 4187 6
872 4136 1044 4203 Λόγος
1079 4131 1206 4205 πρός
1261 4130 1355 4185 τὴν
1399 4123 1779 4199 ἀνθρωπότητα

187 4208 373 4297 ίπαθεν,
423 4229 457 4288 ᾖ
517 4208 841 4300 μετάστασιν
899 4225 993 4280 τὴν
1042 4218 1111 4279 εἰς
1175 4218 1297 4289 ὅπερ
1336 4213 1431 4268 οὐκ
1484 4209 1567 4279 ἦν,
1627 4208 1775 4278 ἀλλὰ,

191 4324 452 4380 σκηνὼσας
495 4314 546 4369 ἐν
591 4316 740 4387 ἡμῖν,
771 4311 830 4365 ού
870 4311 1064 4384 μεθῆκε
1110 4310 1169 4360 τό
1214 4301 1382 4357 ἴδιον·
1414 4304 1690 4374 ,μεμένηκε
1721 4296 1781 4353 δε

190 4410 296 4482 ὅπερ
324 4406 407 4479 ἦν,
433 4410 531 4460 καὶ
567 4404 687 4457 καθ’
717 4403 898 4455 ἕνωσιν
943 4399 1169 4471 φυσικὴν
1196 4401 1391 4446 νοεῖται
1428 4394 1497 4453 ὡς
1535 4391 1700 4465 ἕτερον
1733 4387 1781 4441 ἐν

192 4495 325 4571 iure)
346 4514 361 4528 '

192 4590 419 4641 παθοῦσα
444 4592 642 4659 κρᾶσιν
679 4585 865 4636 ὁποίαν
904 4581 934 4638 ἡ
989 4585 1090 4630 τῶν
1133 4577 1303 4647 ὑγρῶν
1332 4572 1548 4631 ἓνωσις·
1590 4568 1634 4622 εἰ
1679 4570 1782 4641 γὰρ

193 4681 452 4749 κέκρανται
496 4676 551 4727 αἱ
577 4676 777 4746 φύσεις,
839 4669 907 4730 εἰς
953 4671 1086 4744 ’μίαν
1141 4661 1283 4737 μίξιν
1314 4660 1633 4749 έτεροούσιαὶ
1660 4676 1786 4729 τυγ-

196 4767 479 4836 χάνουσαι,
544 4757 662 4815 οὐδ’
728 4760 953 4831 ὁποτέρα
1011 4752 1257 4817 σώζεται,
1327 4746 1435 4801 ἀλλ’
1497 4744 1785 4819 ἀμφότεραι

201 4857 548 4926 συγχυθεῖσαι
600 4850 1004 4923 ἠφανίσθησαν·
1057 4846 1146 4895 καὶ
1198 4842 1316 4893 οὔτε
1368 4837 1646 4911 χωρισμόν
1694 4831 1782 4887 ἀπ’

201 4939 453 5015 ἀλλήλων,
522 4942 643 4994 οὔτε
707 4935 969 5010 διαίρεσιν
1034 4926 1378 5003 ἐπιδέχονται
1441 4926 1777 4997 κεκραμέναε.

198 5035 485 5092 ’Πνὼθησαν
516 5027 576 5082 δε
633 5026 844 5102 ἀρρήτῳ
890 5027 983 5076 καὶ
1043 5018 1294 5093 ἆγράστῳ
1340 5015 1500 5086 λόγῳ,
1540 5017 1631 5066 καί
1684 5019 1786 5065 τῶν

202 5118 353 5174 ἁπλῶν
379 5121 627 5192 ἑκάτερον
748 5123 825 5186 τῷ
874 5112 1103 5183 συνθέτῳ
1139 5107 1227 5160 τόν
1273 5113 1367 5168 τῆς
1418 5099 1556 5164 ἰδίας
1585 5103 1788 5174 φύσεως

204 5214 342 5275 σώζει
363 5211 524 5283 λογον
546 5222 561 5241 '
590 5205 701 5260 ἐπεὶ
727 5208 819 5258 καὶ
847 5202 918 5254 ὧν
956 5203 983 5253 6
1006 5199 1154 5272 λόγος
1192 5196 1298 5269 οὐχ
1324 5191 1395 5258 εἰς
1436 5194 1631 5247 τούτων
1662 5186 1787 5244 οὐδε

199 5299 227 5357 ἡ
261 5302 402 5372 φύσις
430 5280 553 5375 μία,
585 5298 717 5372 πρὸς
763 5289 916 5347 ούὸὶν
966 5289 1067 5343 ύπὸ
1103 5297 1195 5349 τῆς
1239 5288 1371 5361 πρὸς
1422 5280 1622 5343 οῦληλα
1659 5299 1787 5333 συν-

203 5385 385 5465 δρομῆς
430 5393 531 5444 καὶ
580 5386 809 5448 ἐνώσεως
862 5383 1169 5457 μειουμένης
1207 5376 1371 5430 αὐτῶν
1430 5381 1527 5437 τῆς
1556 5376 1787 5446 φυσικῆς

264 5605 283 5641 ³
318 5604 491 5667 toan.
514 5617 656 5676 xm,
689 5603 783 5660 23.
863 5597 884 5634 ⁸
923 5595 1036 5653 Isa.
1064 5606 1120 5663 1.,
1143 5596 1196 5650 6.

1849 543 1909 596 et
1938 539 2122 597 aliam
2154 540 2554 608 adducemus,
2583 554 2805 614 nempe
2826 539 3137 598 hominem
3158 558 3294 600 esse
3323 542 3419 600 vel
3446 544 3509 605 in

1850 629 2185 699 individuo,
2226 630 2322 689 vel
2368 630 2430 688 in
2478 630 2787 689 universo.
2832 632 2949 687 Nos
3001 635 3204 689 autem
3251 632 3512 690 dicimus

1850 717 2162 775 hominem
2192 718 2253 775 in
2281 717 2588 789 universo,
2617 717 2680 774 id
2728 720 2818 774 est
2867 718 3202 776 humanam
3226 724 3510 778 naturam

1853 807 2177 865 Dominum
2205 807 2631 881 assumpsisse,
2665 822 2802 880 quin
2833 811 2989 864 certe
3020 812 3077 865 et
3104 808 3513 883 incomposita.

1854 901 1942 953 est
1959 901 2016 953 et
2035 897 2171 955 ideo
2192 913 2315 954 una
2334 902 2478 954 natu
2489 912 2556 954 ra
2580 896 2817 953 dicitur.
2835 898 3133 964 Quoniam
3154 898 3334 972 igitur
3352 900 3512 956 hanc

1854 1002 2242 1044 communem
2274 988 2560 1045 humanae
2580 991 2811 1043 naturae
2833 987 3127 1046 rationem
3156 989 3509 1062 assumpsit,

1854 1091 1987 1133 eam
2016 1092 2140 1133 non
2157 1076 2433 1134 dividens
2454 1077 2514 1134 in
2534 1076 2633 1134 illa
2655 1077 3096 1150 assumptione,
3116 1077 3251 1135 ideo
3270 1077 3512 1135 duabus

1854 1167 2084 1224 naturis
2113 1171 2390 1224 constare
2421 1166 2718 1223 Christum
2735 1165 3048 1226 docemus.
3080 1170 3276 1226 Unam
3300 1172 3504 1225 autem

1854 1271 2181 1330 personam
2211 1261 2268 1313 et
2295 1261 2433 1329 post
2460 1256 2746 1312 unionem
2774 1253 3053 1325 dicimus,
3086 1273 3223 1330 quae
3263 1257 3513 1330 quidem

1855 1350 1945 1401 est
1972 1345 2126 1402 Deus
2153 1350 2211 1401 et
2229 1345 2413 1402 homo
2435 1344 2734 1419 perfectus
2756 1344 2836 1401 ob
2856 1344 3016 1402 hanc
3031 1345 3335 1403 insolitam
3352 1362 3489 1404 com

1857 1434 2230 1490 munionem.
2257 1436 2400 1490 Cum
2422 1438 2624 1491 autem
2646 1449 2769 1490 non
2801 1431 3227 1492 adulteraverit
3245 1439 3512 1503 naturas,

1858 1539 1927 1580 ea
1947 1539 2018 1579 ex
2036 1522 2259 1596 quibus
2283 1523 2420 1580 etin
2444 1522 2666 1596 quibus
2692 1527 2903 1597 etquae
2926 1528 3017 1580 est
3036 1528 3253 1581 servat.
3269 1524 3515 1581 Duabus

1857 1612 2016 1668 enim
2048 1612 2280 1668 naturis
2311 1611 2713 1677 constituitur,
2737 1617 2795 1669 et
2814 1617 2901 1668 est
2929 1611 2992 1668 in
3017 1611 3110 1668 his
3140 1613 3371 1669 naturis
3391 1612 3516 1669 imo

1858 1717 2002 1758 vero
2032 1700 2181 1757 nihil
2207 1700 2373 1757 aliud
2401 1705 2493 1757 est
2519 1705 2685 1757 extra
2714 1716 2838 1769 eas,
2871 1701 2977 1758 sed
3007 1701 3122 1759 hoc
3170 1700 3375 1775 ipsum
3404 1704 3513 1766 est,

1782 1770 1821 1824 Β
1859 1789 1997 1846 dum
2029 1793 2281 1859 naturae,
2317 1791 2472 1846 Deus
2496 1789 2795 1862 perfectus
2817 1794 2874 1846 et
2900 1789 3087 1847 homo
3112 1770 3429 1863 perfectus.
3461 1788 3520 1847 Si

1861 1879 2009 1951 quid
2055 1878 2218 1935 enim
2261 1893 2335 1934 ex
2391 1878 2615 1950 quibus
2668 1882 2776 1945 est,
2818 1893 2943 1934 non
2973 1882 3063 1936 est
3099 1894 3171 1936 ea
3196 1895 3269 1935 ex
3293 1879 3518 1952 quibus

1861 1971 1990 2032 est;
2018 1966 2155 2038 igne
2187 1967 2346 2022 enim
2373 1971 2432 2023 et
2472 1972 2626 2023 terra
2655 1966 2875 2023 coelum
2902 1971 3156 2037 constat,
3184 1969 3357 2038 juxta
3387 1966 3520 2025 Pla-

1866 2060 2069 2113 tonem
2096 2075 2110 2123 ;
2133 2055 2238 2111 sed
2265 2070 2389 2111 non
2418 2055 2585 2129 quod
2614 2070 2686 2111 ea
2706 2060 2861 2121 sunt,
2887 2054 3106 2111 caelum
3129 2061 3240 2112 est.
3261 2056 3521 2114 Christus

1865 2160 2004 2201 vero
2031 2149 2119 2201 est
2140 2143 2241 2201 illa
2264 2143 2485 2217 quibus
2499 2143 2915 2213 constat,nihil
2927 2143 3090 2200 aliud
3105 2144 3523 2202 commistione

1868 2233 2197 2303 efﬁciente;
2219 2249 2292 2290 ex
2321 2231 2558 2289 duabus
2589 2232 2770 2303 igitur
2806 2232 3039 2290 naturis
3081 2234 3353 2291 Christus
3381 2239 3439 2291 et
3461 2234 3525 2290 in

1861 2321 1958 2380 his
2000 2322 2244 2380 duabus
2299 2321 2549 2379 naturis.
2583 2321 2698 2379 Sed
2751 2324 2810 2378 et
2837 2322 3093 2395 exempli
3122 2324 3333 2394 gratia,
3366 2338 3529 2379 unus

1865 2412 2111 2487 quidem
2143 2416 2234 2469 est
2263 2411 2372 2481 sol,
2404 2415 2637 2469 natura;
2684 2416 2889 2469 autem
2936 2428 3073 2485 quas
3099 2413 3160 2469 in
3197 2411 3301 2469 illo
3357 2417 3516 2482 sunt,

1865 2504 2024 2572 duae,
2036 2501 2283 2558 luminis
2303 2501 2551 2575 quidem
2564 2507 2621 2558 et
2635 2501 2846 2559 solaris
2861 2502 3156 2574 corporis.
3177 2504 3241 2559 Et
3258 2503 3528 2561 Christus

1868 2608 2029 2651 unus
2061 2596 2170 2662 est,
2203 2597 2430 2648 naturae
2472 2596 2674 2648 autem
2705 2591 2861 2661 dum,
2891 2608 3016 2649 una
3041 2592 3291 2666 quidem
3342 2608 3529 2666 supra

1868 2698 2006 2750 nos,
2040 2687 2095 2739 et
2122 2686 2349 2739 nostra.
2397 2685 2461 2737 ln
2508 2681 2727 2738 eodem
2775 2681 2938 2738 enim
2986 2686 3045 2739 et
3093 2698 3217 2738 uno
3255 2682 3525 2752 nomine,

1870 2770 2188 2845 utriusque
2242 2770 2329 2827 rei
2384 2769 2744 2842 significatio
2791 2770 3143 2835 ostenditur,
3200 2770 3527 2829 divinitatis

1872 2860 2009 2918 dico
2032 2864 2091 2917 et
2110 2858 2528 2916 humanitatis.
2555 2859 2696 2917 Ideo
2717 2863 2775 2916 et
2791 2858 2978 2917 homo
2999 2859 3213 2916 dicitur
3235 2860 3523 2932 Christus,

1874 2954 1931 3006 et
1996 2952 2151 3006 Deus
2190 2948 2407 3006 dicitur
2458 2948 2745 3006 Christus.
2803 2948 3097 3005 Nimirum
3153 2952 3211 3006 et
3273 2947 3523 3023 quando

1873 3054 2095 3111 corpus
2142 3038 2272 3110 ejus
2326 3053 2365 3094 a
2413 3051 2589 3094 servo
2636 3036 3005 3105 verberatur,
3059 3041 3347 3110 tanquam
3397 3037 3528 3110 ipse

1470 3145 1568 3196 Τόν
1606 3126 1764 3194 νῶτόν
1797 3126 1837 3182 C
1875 3144 2094 3203 passus
2119 3127 2363 3185 dicebat
2390 3143 2404 3184 :
2439 3149 2468 3178 «
2496 3126 2652 3193 Quid
2681 3141 2779 3183 me
2810 3126 3023 3183 casdis'
3043 3126 3071 3183 ‘2
3097 3147 3127 3176 ››
3161 3129 3226 3184 Et
3254 3142 3395 3183 cum
3426 3141 3533 3184 na-

1876 3223 2013 3276 tura
2034 3216 2197 3288 tangi
2218 3231 2345 3273 non
2371 3217 2595 3289 posset,
2638 3214 2881 3273 dicebat
2916 3219 3119 3272 tamen
3152 3232 3165 3271 :
3211 3237 3241 3268 «
3274 3218 3531 3273 Dorsum

1876 3322 2079 3364 meum
2116 3304 2255 3362 dedi
2302 3303 2829 3378 percutientibus‘.
2868 3325 2898 3355 η
2943 3305 3087 3371 Quae
3130 3304 3292 3362 enim
3320 3304 3534 3363 huma-

1879 3395 2038 3454 nitas
2065 3394 2240 3451 Verbi
2269 3394 2628 3468 patiebatur,
2660 3393 2791 3451 haec
2844 3409 2984 3451 cum
3025 3409 3099 3451 ea
3142 3395 3537 3467 conjunctum

1880 3484 2142 3542 Verbum
2160 3483 2224 3541 in
2245 3499 2310 3542 se
2330 3482 2646 3542 referebat.
2669 3482 2896 3541 Idcirco
2927 3482 3035 3555 sol,
3076 3499 3328 3542 cernens
3357 3499 3538 3541 suum

1880 3575 2220 3633 Creatorem
2272 3573 2334 3630 in
2383 3587 2634 3647 corpore
2664 3571 2822 3630 male
2879 3572 3085 3630 habito
3116 3572 3536 3643 sustinentem,

1879 3662 2081 3721 radios
2106 3662 2366 3720 coercuit
2385 3667 2444 3720 et
2472 3667 2695 3720 terram
2725 3660 2986 3719 tenebris
3015 3662 3294 3734 contegit.

1954 3755 2042 3810 32.
2092 3754 2158 3810 Et
2195 3750 2513 3824 Gregorius
2563 3750 2903 3822 Theologus
2952 3751 3038 3809 sic
3079 3750 3340 3825 loquitur
3369 3767 3384 3808 :
3416 3751 3538 3808 Hoc

1881 3843 2120 3917 privata
2150 3842 2463 3910 Divinitas,
2496 3841 2645 3898 illud
2699 3846 3020 3914 assumpta
3061 3857 3222 3913 caro,
3272 3857 3397 3897 non
3435 3855 3544 3913 per

1885 3948 2059 3990 suam
2090 3948 2232 3990 cum
2264 3934 2381 3989 Deo
2411 3931 2602 3988 Verbo
2646 3932 2935 3988 unionem
2980 3930 3371 4004 permistione
3401 3945 3542 3987 con-

1884 4020 2041 4089 fusa,
2069 4025 2127 4078 et
2162 4020 2226 4078 in
2283 4036 2473 4077 unam
2529 4019 2937 4076 substantiam
2987 4018 3341 4084 terminata;
3397 4022 3542 4085 (non

1887 4111 2050 4168 enim
2098 4110 2440 4168 mistionem
2495 4113 2599 4167 aut
2638 4108 3057 4165 confusionem
3114 4107 3371 4165 Verbum
3401 4123 3542 4164 cum

1887 4199 2264 4258 humanitate
2295 4214 2514 4273 passus
2559 4203 2674 4264 est,
2731 4202 2835 4255 aut
2870 4197 2933 4255 in
2962 4197 3027 4254 id
3069 4197 3235 4271 quod
3262 4213 3388 4254 non
3418 4200 3546 4255 erat

1890 4288 2371 4353 conversionem,
2393 4287 2497 4344 sed
2528 4286 2813 4345 habitans
2847 4289 2908 4344 in
2932 4286 3132 4357 nobis,
3162 4302 3286 4343 non
3305 4285 3546 4359 reliquit

1890 4378 2057 4453 quod
2088 4377 2199 4433 sibi
2244 4376 2560 4451 proprium
2597 4380 2745 4434 erat.
2777 4375 3107 4434 Permansit
3144 4380 3345 4433 autem
3377 4374 3548 4448 quod

410 4498 689 4549 τουτέστιν
736 4492 768 4550 ἡ
827 4491 941 4543 θεία
991 4488 1148 4560 φύσις
1194 4481 1244 4535 έν
1292 4480 1673 4556 ἁνθρωπότητι,
1711 4497 1763 4551 μὶ

1892 4473 2038 4535 erat,
2069 4472 2126 4523 et
2153 4467 2491 4524 secundum
2520 4465 2859 4524 naturalem
2892 4466 3181 4522 unionem
3212 4464 3548 4538 concipitur

1892 4560 1959 4613 ut
1983 4555 2237 4612 alterum
2286 4556 2348 4612 in
2398 4554 2621 4621 altero;
2651 4553 2713 4611 id
2751 4559 2844 4612 est
2872 4554 3079 4611 divina
3106 4558 3322 4611 natura
3349 4554 3411 4609 in
3439 4553 3549 4609 hu-

1893 4645 2206 4716 manitate,
2227 4659 2349 4702 non
2371 4643 2827 4718 permistionem
2859 4642 3164 4701 sustinens
3201 4643 3443 4716 qualem
3472 4641 3547 4698 li-

1894 4734 2221 4810 quidarum
2252 4734 2419 4794 unio.
2451 4734 2509 4792 Si
2529 4733 2690 4790 enim
2718 4733 3021 4807 permistre
3052 4737 3251 4790 essent
3294 4736 3545 4804 naturae,

1895 4824 1958 4882 in
1986 4840 2110 4881 una
2152 4824 2405 4882 mistura
2447 4822 2843 4880 dissimilibus
2890 4821 3241 4880 substantiis
3282 4820 3554 4891 versatis,

1894 4918 2109 4971 neutra
2134 4917 2426 4982 servatur,
2476 4911 2584 4969 sed
2612 4910 2811 4970 amba
2850 4911 3116 4970 confusu:
3154 4913 3548 4971 evanuerunt.

1897 5003 1967 5060 Et
1993 5017 2191 5076 neque
2239 5000 2638 5075 separationis
2687 5016 2886 5074 neque
2937 5000 3254 5058 divisionis
3291 5013 3550 5071 capaces

1899 5096 2041 5148 sunt
2068 5089 2388 5164 permistae.
2423 5090 2609 5147 Unitaa
2640 5093 2781 5146 sunt
2813 5088 3107 5146 ineffabili
3153 5092 3212 5145 et
3260 5086 3554 5145 indicibili

1896 5180 2149 5250 ratione,
2171 5182 2229 5236 et
2255 5178 2619 5252 simplicium
2634 5183 2958 5251 utrumque
2977 5176 3041 5233 in
3061 5176 3397 5250 composito
3411 5192 3556 5250 pro-

1898 5268 2045 5344 prius
2068 5273 2301 5327 natura:
2321 5269 2620 5327 rationem
2657 5272 2883 5336 servat;
2932 5281 3195 5340 quorum
3239 5266 3400 5324 enim
3430 5282 3555 5324 non

1897 5363 1986 5418 est
2014 5374 2138 5418 una
2178 5358 2356 5427 ratio,
2405 5373 2615 5417 eorum
2663 5372 2787 5415 non
2831 5359 2922 5413 est
2969 5370 3096 5413 una
3125 5360 3366 5427 natura,
3403 5354 3553 5412 nihil
