  <div class='ocr_page' id='page_1' title='image "/cluster/home/n/w/nwhite01/storage/ocr_20150623/140/pst.000005714568/053.png"; bbox 0 0 4040 6318; ppageno 0'>
   <div class='ocr_carea' id='block_1_1' title="bbox 550 241 3933 335">
    <p class='ocr_par' dir='ltr' id='par_1_1' title="bbox 550 241 3933 335">
     <span class='ocr_line' id='line_1_1' title="bbox 550 241 3933 335; baseline 0.007 -32"><span class='ocrx_word' id='word_1_1' title='bbox 550 241 618 327; x_wconf 63' lang='lat' dir='ltr'><strong>e7</strong></span> <span class='ocrx_word' id='word_1_2' title='bbox 1892 248 2162 312; x_wconf 70' lang='lat' dir='ltr'><strong>NICETE</strong></span> <span class='ocrx_word' id='word_1_3' title='bbox 2204 248 2569 331; x_wconf 62' lang='lat' dir='ltr'><strong>caesum</strong></span> <span class='ocrx_word' id='word_1_4' title='bbox 3802 330 3811 335; x_wconf 47' lang='lat'><em>,</em></span> <span class='ocrx_word' id='word_1_5' title='bbox 3855 270 3933 324; x_wconf 79' lang='lat' dir='ltr'><strong>ea</strong></span> 
     </span>
    </p>
   </div>
   <div class='ocr_carea' id='block_1_2' title="bbox 546 372 2141 457">
    <p class='ocr_par' dir='ltr' id='par_1_2' title="bbox 546 372 2110 449">
     <span class='ocr_line' id='line_1_2' title="bbox 546 372 2110 449; baseline 0.005 -21"><span class='ocrx_word' id='word_1_6' title='bbox 546 372 888 440; x_wconf 87' lang='lat' dir='ltr'><strong>imminuta,</strong></span> <span class='ocrx_word' id='word_1_7' title='bbox 924 390 1038 449; x_wconf 88' lang='lat' dir='ltr'><strong>per</strong></span> <span class='ocrx_word' id='word_1_8' title='bbox 1086 375 1338 434; x_wconf 90' lang='lat' dir='ltr'><strong>aliorum</strong></span> <span class='ocrx_word' id='word_1_9' title='bbox 1380 394 1518 435; x_wconf 90' lang='lat' dir='ltr'><strong>cum</strong></span> <span class='ocrx_word' id='word_1_10' title='bbox 1567 378 1696 447; x_wconf 87' lang='lat' dir='ltr'><strong>aliis</strong></span> <span class='ocrx_word' id='word_1_11' title='bbox 1750 395 2110 436; x_wconf 85' lang='lat' dir='ltr'><strong>concursum</strong></span> 
     </span>
    </p>
   </div>
   <div class='ocr_carea' id='block_1_3' title="bbox 2333 372 3928 457">
    <p class='ocr_par' dir='ltr' id='par_1_3' title="bbox 2333 384 3928 457">
     <span class='ocr_line' id='line_1_3' title="bbox 2333 384 3928 457; baseline 0.007 -21"><span class='ocrx_word' id='word_1_12' title='bbox 2333 384 2657 448; x_wconf 69' lang='grc' dir='ltr'><em>ἐλειότητοςσ</em></span> <span class='ocrx_word' id='word_1_13' title='bbox 2687 390 2756 448; x_wconf 85' lang='grc' dir='ltr'><em>ὡς</em></span> <span class='ocrx_word' id='word_1_14' title='bbox 2809 390 2951 441; x_wconf 84' lang='grc' dir='ltr'><em>ἔστιν</em></span> <span class='ocrx_word' id='word_1_15' title='bbox 2999 385 3126 441; x_wconf 81' lang='grc' dir='ltr'><strong>ἰδεῖν</strong></span> <span class='ocrx_word' id='word_1_16' title='bbox 3174 393 3263 442; x_wconf 84' lang='grc' dir='ltr'><em>καὶ</em></span> <span class='ocrx_word' id='word_1_17' title='bbox 3328 389 3413 443; x_wconf 76' lang='grc' dir='ltr'><strong>ἐπὶ</strong></span> <span class='ocrx_word' id='word_1_18' title='bbox 3438 399 3529 453; x_wconf 80' lang='grc' dir='ltr'><strong>τῆς</strong></span> <span class='ocrx_word' id='word_1_19' title='bbox 3560 392 3792 457; x_wconf 84' lang='grc' dir='ltr'><em>ἑνώσεως</em></span> <span class='ocrx_word' id='word_1_20' title='bbox 3823 402 3928 449; x_wconf 83' lang='grc' dir='ltr'><em>τοῦ</em></span> 
     </span>
    </p>
   </div>
   <div class='ocr_carea' id='block_1_4' title="bbox 548 462 2143 555">
    <p class='ocr_par' dir='ltr' id='par_1_4' title="bbox 548 462 2143 540">
     <span class='ocr_line' id='line_1_4' title="bbox 548 462 2143 540; baseline 0.004 -24"><span class='ocrx_word' id='word_1_21' title='bbox 548 462 856 527; x_wconf 89' lang='lat' dir='ltr'><strong>unionem,</strong></span> <span class='ocrx_word' id='word_1_22' title='bbox 903 479 1111 520; x_wconf 89' lang='lat' dir='ltr'><strong>eorum</strong></span> <span class='ocrx_word' id='word_1_23' title='bbox 1156 466 1413 522; x_wconf 83' lang='lat' dir='ltr'><strong>naturali</strong></span> <span class='ocrx_word' id='word_1_24' title='bbox 1457 464 1858 540; x_wconf 78' lang='lat' dir='ltr'><strong>perfectione;</strong></span> <span class='ocrx_word' id='word_1_25' title='bbox 1905 479 1966 523; x_wconf 91' lang='lat' dir='ltr'><strong>ut</strong></span> <span class='ocrx_word' id='word_1_26' title='bbox 1999 470 2143 524; x_wconf 66' lang='lat' dir='ltr'><strong>vide]</strong></span> 
     </span>
    </p>
   </div>
   <div class='ocr_carea' id='block_1_5' title="bbox 2328 462 3923 555">
    <p class='ocr_par' dir='ltr' id='par_1_5' title="bbox 2328 472 3923 555">
     <span class='ocr_line' id='line_1_5' title="bbox 2328 472 3923 555; baseline 0.008 -31"><span class='ocrx_word' id='word_1_27' title='bbox 2328 474 2456 547; x_wconf 80' lang='grc' dir='ltr'><em>ιέρος</em></span> <span class='ocrx_word' id='word_1_28' title='bbox 2485 480 2572 527; x_wconf 80' lang='grc' dir='ltr'><em>καὶ</em></span> <span class='ocrx_word' id='word_1_29' title='bbox 2599 484 2688 529; x_wconf 77' lang='grc' dir='ltr'><em>τοῦ</em></span> <span class='ocrx_word' id='word_1_30' title='bbox 2721 483 2886 549; x_wconf 76' lang='grc' dir='ltr'><em>φωτός</em></span> <span class='ocrx_word' id='word_1_31' title='bbox 2909 496 2922 508; x_wconf 74' lang='grc' dir='ltr'><strong>ο</strong></span> <span class='ocrx_word' id='word_1_32' title='bbox 2955 472 3232 550; x_wconf 64' lang='grc' dir='ltr'><em>εἰλικρινὴς</em></span> <span class='ocrx_word' id='word_1_33' title='bbox 3250 481 3350 552; x_wconf 70' lang='grc' dir='ltr'><strong>γὰρ</strong></span> <span class='ocrx_word' id='word_1_34' title='bbox 3382 483 3412 538; x_wconf 81' lang='grc' dir='ltr'>ἡ</span> <span class='ocrx_word' id='word_1_35' title='bbox 3443 480 3680 553; x_wconf 85' lang='grc' dir='ltr'><em>ἑκατέρου</em></span> <span class='ocrx_word' id='word_1_36' title='bbox 3708 492 3923 555; x_wconf 72' lang='grc' dir='ltr'><em>φυσικὴ</em></span> 
     </span>
    </p>
   </div>
   <div class='ocr_carea' id='block_1_6' title="bbox 545 548 2140 646">
    <p class='ocr_par' dir='ltr' id='par_1_6' title="bbox 545 548 2127 615">
     <span class='ocr_line' id='line_1_6' title="bbox 545 548 2127 615; baseline 0.004 -10"><span class='ocrx_word' id='word_1_37' title='bbox 545 556 633 606; x_wconf 89' lang='lat' dir='ltr'><strong>est</strong></span> <span class='ocrx_word' id='word_1_38' title='bbox 679 548 753 606; x_wconf 88' lang='lat' dir='ltr'><strong>de</strong></span> <span class='ocrx_word' id='word_1_39' title='bbox 787 552 1006 607; x_wconf 83' lang='lat' dir='ltr'><strong>unione</strong></span> <span class='ocrx_word' id='word_1_40' title='bbox 1054 554 1209 609; x_wconf 89' lang='lat' dir='ltr'><strong>aeris</strong></span> <span class='ocrx_word' id='word_1_41' title='bbox 1256 561 1311 611; x_wconf 90' lang='lat' dir='ltr'><strong>et</strong></span> <span class='ocrx_word' id='word_1_42' title='bbox 1362 556 1630 615; x_wconf 89' lang='lat' dir='ltr'><strong>luminis.</strong></span> <span class='ocrx_word' id='word_1_43' title='bbox 1680 558 1986 614; x_wconf 80' lang='lat' dir='ltr'><strong>Manifesta</strong></span> <span class='ocrx_word' id='word_1_44' title='bbox 2037 558 2127 612; x_wconf 91' lang='lat' dir='ltr'><strong>eni</strong></span> 
     </span>
    </p>
   </div>
   <div class='ocr_carea' id='block_1_7' title="bbox 2329 548 3924 646">
    <p class='ocr_par' dir='ltr' id='par_1_7' title="bbox 2329 562 3924 646">
     <span class='ocr_line' id='line_1_7' title="bbox 2329 562 3924 646; baseline 0.009 -36"><span class='ocrx_word' id='word_1_45' title='bbox 2329 567 2584 635; x_wconf 76' lang='grc' dir='ltr'><em>ιεμένηκεν</em></span> <span class='ocrx_word' id='word_1_46' title='bbox 2628 562 2849 636; x_wconf 65' lang='grc' dir='ltr'><em>ἰδιότης,</em></span> <span class='ocrx_word' id='word_1_47' title='bbox 2892 564 3057 639; x_wconf 72' lang='grc' dir='ltr'><em>μηδὲν</em></span> <span class='ocrx_word' id='word_1_48' title='bbox 3089 569 3188 619; x_wconf 79' lang='grc' dir='ltr'><strong>ὑπὸ</strong></span> <span class='ocrx_word' id='word_1_49' title='bbox 3238 576 3333 631; x_wconf 84' lang='grc' dir='ltr'><strong>τῆς</strong></span> <span class='ocrx_word' id='word_1_50' title='bbox 3379 566 3601 631; x_wconf 84' lang='grc' dir='ltr'><em>ἐνώσεως</em></span> <span class='ocrx_word' id='word_1_51' title='bbox 3628 590 3924 646; x_wconf 81' lang='grc' dir='ltr'><em>παρατρω-</em></span> 
     </span>
    </p>
   </div>
   <div class='ocr_carea' id='block_1_8' title="bbox 546 639 2141 730">
    <p class='ocr_par' dir='ltr' id='par_1_8' title="bbox 546 639 2141 721">
     <span class='ocr_line' id='line_1_8' title="bbox 546 639 2141 721; baseline 0.003 -28"><span class='ocrx_word' id='word_1_52' title='bbox 546 639 823 711; x_wconf 89' lang='lat' dir='ltr'><strong>utrinque</strong></span> <span class='ocrx_word' id='word_1_53' title='bbox 853 642 1181 712; x_wconf 81' lang='lat' dir='ltr'><strong>permansit</strong></span> <span class='ocrx_word' id='word_1_54' title='bbox 1221 644 1509 699; x_wconf 82' lang='lat' dir='ltr'><strong>naturalis</strong></span> <span class='ocrx_word' id='word_1_55' title='bbox 1538 646 1893 719; x_wconf 76' lang='lat' dir='ltr'><strong>proprietas,</strong></span> <span class='ocrx_word' id='word_1_56' title='bbox 1925 646 2068 701; x_wconf 82' lang='lat' dir='ltr'>nihil</span> <span class='ocrx_word' id='word_1_57' title='bbox 2094 664 2141 721; x_wconf 57' lang='grc' dir='ltr'><strong>με</strong></span> 
     </span>
    </p>
   </div>
   <div class='ocr_carea' id='block_1_9' title="bbox 2329 639 3924 730">
    <p class='ocr_par' dir='ltr' id='par_1_9' title="bbox 2329 653 3924 730">
     <span class='ocr_line' id='line_1_9' title="bbox 2329 653 3924 730; baseline 0.006 -27"><span class='ocrx_word' id='word_1_58' title='bbox 2329 653 2489 703; x_wconf 57' lang='grc' dir='ltr'><em>ἐἰσ-α’</em></span> <span class='ocrx_word' id='word_1_59' title='bbox 2537 657 2655 705; x_wconf 62' lang='grc' dir='ltr'><em>οὔτε</em></span> <span class='ocrx_word' id='word_1_60' title='bbox 2711 658 2811 730; x_wconf 77' lang='grc' dir='ltr'><strong>’γὰρ</strong></span> <span class='ocrx_word' id='word_1_61' title='bbox 2866 659 2923 707; x_wconf 82' lang='grc' dir='ltr'><em>τὸ</em></span> <span class='ocrx_word' id='word_1_62' title='bbox 2983 665 3087 727; x_wconf 74' lang='grc' dir='ltr'><strong>φῶς</strong></span> <span class='ocrx_word' id='word_1_63' title='bbox 3133 654 3435 729; x_wconf 71' lang='grc' dir='ltr'><em>ἀπημϐλυνέ</em></span> <span class='ocrx_word' id='word_1_64' title='bbox 3481 678 3532 709; x_wconf 90' lang='grc' dir='ltr'><strong>τι</strong></span> <span class='ocrx_word' id='word_1_65' title='bbox 3584 667 3677 721; x_wconf 76' lang='grc' dir='ltr'><strong>τῆς</strong></span> <span class='ocrx_word' id='word_1_66' title='bbox 3719 661 3924 713; x_wconf 80' lang='grc' dir='ltr'><em>ἑαυτοῦ</em></span> 
     </span>
    </p>
   </div>
   <div class='ocr_carea' id='block_1_10' title="bbox 547 728 2142 822">
    <p class='ocr_par' dir='ltr' id='par_1_10' title="bbox 547 728 2142 806">
     <span class='ocr_line' id='line_1_10' title="bbox 547 728 2142 806; baseline 0.006 -23"><span class='ocrx_word' id='word_1_67' title='bbox 547 728 831 783; x_wconf 90' lang='lat' dir='ltr'><strong>unionem</strong></span> <span class='ocrx_word' id='word_1_68' title='bbox 864 728 1032 786; x_wconf 75' lang='lat' dir='ltr'><strong>laesa.</strong></span> <span class='ocrx_word' id='word_1_69' title='bbox 1056 733 1256 805; x_wconf 86' lang='lat' dir='ltr'><strong>Neque</strong></span> <span class='ocrx_word' id='word_1_70' title='bbox 1274 733 1431 788; x_wconf 89' lang='lat' dir='ltr'><strong>enim</strong></span> <span class='ocrx_word' id='word_1_71' title='bbox 1456 733 1658 790; x_wconf 83' lang='lat' dir='ltr'><strong>lumen</strong></span> <span class='ocrx_word' id='word_1_72' title='bbox 1687 734 1916 806; x_wconf 84' lang='lat' dir='ltr'><strong>aliquid</strong></span> <span class='ocrx_word' id='word_1_73' title='bbox 1951 753 2071 791; x_wconf 64' lang='lat' dir='ltr'><strong>suae</strong></span> <span class='ocrx_word' id='word_1_74' title='bbox 2096 754 2142 791; x_wconf 78' lang='grc' dir='ltr'><em>ιι.</em></span> 
     </span>
    </p>
   </div>
   <div class='ocr_carea' id='block_1_11' title="bbox 2329 728 3924 822">
    <p class='ocr_par' dir='ltr' id='par_1_11' title="bbox 2329 741 3924 822">
     <span class='ocr_line' id='line_1_11' title="bbox 2329 741 3924 822; baseline 0.008 -33"><span class='ocrx_word' id='word_1_75' title='bbox 2329 743 2503 800; x_wconf 59' lang='grc' dir='ltr'><em>»ὦσεως</em></span> <span class='ocrx_word' id='word_1_76' title='bbox 2528 748 2600 811; x_wconf 80' lang='grc' dir='ltr'><strong>τῷ</strong></span> <span class='ocrx_word' id='word_1_77' title='bbox 2647 741 2758 815; x_wconf 81' lang='grc' dir='ltr'><em>ἀέρι</em></span> <span class='ocrx_word' id='word_1_78' title='bbox 2783 746 2995 815; x_wconf 74' lang='grc' dir='ltr'><strong>μιχθὲν.</strong></span> <span class='ocrx_word' id='word_1_79' title='bbox 3026 748 3138 796; x_wconf 68' lang='grc' dir='ltr'><em>οὔτε</em></span> <span class='ocrx_word' id='word_1_80' title='bbox 3182 746 3333 797; x_wconf 70' lang='grc' dir='ltr'><em>πάλιν</em></span> <span class='ocrx_word' id='word_1_81' title='bbox 3373 750 3398 797; x_wconf 84' lang='grc' dir='ltr'><strong>ο</strong></span> <span class='ocrx_word' id='word_1_82' title='bbox 3430 745 3527 822; x_wconf 65' lang='grc' dir='ltr'><em>ὸὴρ</em></span> <span class='ocrx_word' id='word_1_83' title='bbox 3559 748 3625 809; x_wconf 82' lang='grc' dir='ltr'><em>εἰς</em></span> <span class='ocrx_word' id='word_1_84' title='bbox 3654 752 3741 801; x_wconf 86' lang='grc' dir='ltr'><strong>τόν</strong></span> <span class='ocrx_word' id='word_1_85' title='bbox 3770 747 3924 801; x_wconf 81' lang='grc' dir='ltr'><em>ἴδιον</em></span> 
     </span>
    </p>
   </div>
   <div class='ocr_carea' id='block_1_12' title="bbox 544 818 2139 911">
    <p class='ocr_par' dir='ltr' id='par_1_12' title="bbox 544 818 2130 897">
     <span class='ocr_line' id='line_1_12' title="bbox 544 818 2130 897; baseline 0.004 -25"><span class='ocrx_word' id='word_1_86' title='bbox 544 822 691 873; x_wconf 60' lang='lat' dir='ltr'><strong>turre</strong></span> <span class='ocrx_word' id='word_1_87' title='bbox 720 818 921 874; x_wconf 86' lang='lat' dir='ltr'><strong>amisit</strong></span> <span class='ocrx_word' id='word_1_88' title='bbox 948 834 1086 873; x_wconf 91' lang='lat' dir='ltr'><strong>cum</strong></span> <span class='ocrx_word' id='word_1_89' title='bbox 1113 836 1248 876; x_wconf 89' lang='lat' dir='ltr'><strong>aere</strong></span> <span class='ocrx_word' id='word_1_90' title='bbox 1303 822 1682 894; x_wconf 78' lang='lat' dir='ltr'><strong>permistum,</strong></span> <span class='ocrx_word' id='word_1_91' title='bbox 1732 841 1927 897; x_wconf 87' lang='lat' dir='ltr'><strong>neque</strong></span> <span class='ocrx_word' id='word_1_92' title='bbox 1957 842 2130 881; x_wconf 84' lang='lat' dir='ltr'><strong>rursu</strong></span> 
     </span>
    </p>
   </div>
   <div class='ocr_carea' id='block_1_13' title="bbox 2325 818 3920 911">
    <p class='ocr_par' dir='ltr' id='par_1_13' title="bbox 2325 830 3920 911">
     <span class='ocr_line' id='line_1_13' title="bbox 2325 830 3920 911; baseline 0.009 -35"><span class='ocrx_word' id='word_1_93' title='bbox 2325 837 2399 891; x_wconf 55' lang='lat' dir='ltr'><strong>tif;</strong></span> <span class='ocrx_word' id='word_1_94' title='bbox 2452 830 2642 892; x_wconf 78' lang='grc' dir='ltr'><em>οὐσίας</em></span> <span class='ocrx_word' id='word_1_95' title='bbox 2712 834 2925 885; x_wconf 82' lang='grc' dir='ltr'><em>πέπονθε</em></span> <span class='ocrx_word' id='word_1_96' title='bbox 2979 832 3149 903; x_wconf 68' lang='grc' dir='ltr'><strong>λόγον9</strong></span> <span class='ocrx_word' id='word_1_97' title='bbox 3193 837 3322 886; x_wconf 80' lang='grc' dir='ltr'><em>καθὸ</em></span> <span class='ocrx_word' id='word_1_98' title='bbox 3365 832 3465 908; x_wconf 82' lang='grc' dir='ltr'><strong>ἁήρ</strong></span> <span class='ocrx_word' id='word_1_99' title='bbox 3532 834 3646 888; x_wconf 81' lang='grc' dir='ltr'><em>ἐστι</em></span> <span class='ocrx_word' id='word_1_100' title='bbox 3681 842 3741 890; x_wconf 84' lang='grc' dir='ltr'><em>τὸ</em></span> <span class='ocrx_word' id='word_1_101' title='bbox 3805 847 3920 911; x_wconf 75' lang='grc' dir='ltr'><strong>φῶς</strong></span> 
     </span>
    </p>
   </div>
   <div class='ocr_carea' id='block_1_14' title="bbox 545 907 2140 997">
    <p class='ocr_par' dir='ltr' id='par_1_14' title="bbox 545 907 2140 987">
     <span class='ocr_line' id='line_1_14' title="bbox 545 907 2140 987; baseline 0.005 -27"><span class='ocrx_word' id='word_1_102' title='bbox 545 920 647 960; x_wconf 85' lang='lat' dir='ltr'><strong>aer</strong></span> <span class='ocrx_word' id='word_1_103' title='bbox 673 907 733 961; x_wconf 90' lang='lat' dir='ltr'><strong>in</strong></span> <span class='ocrx_word' id='word_1_104' title='bbox 769 907 1009 978; x_wconf 78' lang='lat' dir='ltr'><strong>propria</strong></span> <span class='ocrx_word' id='word_1_105' title='bbox 1040 908 1389 966; x_wconf 72' lang='lat' dir='ltr'><strong>substantiae</strong></span> <span class='ocrx_word' id='word_1_106' title='bbox 1421 928 1545 967; x_wconf 68' lang='lat' dir='ltr'><strong>suae</strong></span> <span class='ocrx_word' id='word_1_107' title='bbox 1597 913 1827 968; x_wconf 82' lang='lat' dir='ltr'><strong>ratione</strong></span> <span class='ocrx_word' id='word_1_108' title='bbox 1858 914 2140 987; x_wconf 88' lang='lat' dir='ltr'><strong>quidqua</strong></span> 
     </span>
    </p>
   </div>
   <div class='ocr_carea' id='block_1_15' title="bbox 2324 907 3919 997">
    <p class='ocr_par' dir='ltr' id='par_1_15' title="bbox 2324 913 3919 997">
     <span class='ocr_line' id='line_1_15' title="bbox 2324 913 3919 997; baseline 0.008 -30"><span class='ocrx_word' id='word_1_109' title='bbox 2324 913 2618 988; x_wconf 64' lang='grc' dir='ltr'><em>ΐεξαμενοςσ</em></span> <span class='ocrx_word' id='word_1_110' title='bbox 2653 921 2763 971; x_wconf 86' lang='grc' dir='ltr'><em>ὅθεν</em></span> <span class='ocrx_word' id='word_1_111' title='bbox 2806 926 2895 973; x_wconf 85' lang='grc' dir='ltr'><em>καὶ</em></span> <span class='ocrx_word' id='word_1_112' title='bbox 2926 924 3087 993; x_wconf 72' lang='grc' dir='ltr'><em>φαμεν</em></span> <span class='ocrx_word' id='word_1_113' title='bbox 3116 924 3295 974; x_wconf 81' lang='grc' dir='ltr'><strong>παθεῖν</strong></span> <span class='ocrx_word' id='word_1_114' title='bbox 3335 927 3420 975; x_wconf 81' lang='grc' dir='ltr'><strong>τὸν</strong></span> <span class='ocrx_word' id='word_1_115' title='bbox 3462 925 3797 996; x_wconf 73' lang='grc' dir='ltr'><strong>Ἐμμανουήλ</strong></span> <span class='ocrx_word' id='word_1_116' title='bbox 3840 935 3919 997; x_wconf 84' lang='grc' dir='ltr'><em>τῷ</em></span> 
     </span>
    </p>
   </div>
   <div class='ocr_carea' id='block_1_16' title="bbox 542 999 2137 1084">
    <p class='ocr_par' dir='ltr' id='par_1_16' title="bbox 542 999 2137 1074">
     <span class='ocr_line' id='line_1_16' title="bbox 542 999 2137 1074; baseline 0.005 -25"><span class='ocrx_word' id='word_1_117' title='bbox 542 1010 762 1066; x_wconf 90' lang='lat' dir='ltr'><strong>passus</strong></span> <span class='ocrx_word' id='word_1_118' title='bbox 795 1002 903 1061; x_wconf 87' lang='lat' dir='ltr'><strong>est,</strong></span> <span class='ocrx_word' id='word_1_119' title='bbox 945 1012 1015 1052; x_wconf 92' lang='lat' dir='ltr'><strong>eo</strong></span> <span class='ocrx_word' id='word_1_120' title='bbox 1043 999 1209 1070; x_wconf 92' lang='lat' dir='ltr'><strong>quod</strong></span> <span class='ocrx_word' id='word_1_121' title='bbox 1234 999 1442 1056; x_wconf 86' lang='lat' dir='ltr'><strong>lumen</strong></span> <span class='ocrx_word' id='word_1_122' title='bbox 1493 1002 1805 1074; x_wconf 88' lang='lat' dir='ltr'><strong>acceperit.</strong></span> <span class='ocrx_word' id='word_1_123' title='bbox 1842 1003 2004 1060; x_wconf 85' lang='lat' dir='ltr'><strong>Unde</strong></span> <span class='ocrx_word' id='word_1_124' title='bbox 2031 1009 2087 1057; x_wconf 92' lang='lat' dir='ltr'><strong>et</strong></span> <span class='ocrx_word' id='word_1_125' title='bbox 2115 1022 2137 1057; x_wconf 88' lang='lat' dir='ltr'><strong>c</strong></span> 
     </span>
    </p>
   </div>
   <div class='ocr_carea' id='block_1_17' title="bbox 2327 999 3922 1084">
    <p class='ocr_par' dir='ltr' id='par_1_17' title="bbox 2327 1011 3922 1084">
     <span class='ocr_line' id='line_1_17' title="bbox 2327 1011 3922 1084; baseline 0.007 -28"><span class='ocrx_word' id='word_1_126' title='bbox 2327 1013 2553 1077; x_wconf 67' lang='grc' dir='ltr'><em>πεφυκότι</em></span> <span class='ocrx_word' id='word_1_127' title='bbox 2599 1011 2924 1075; x_wconf 78' lang='grc' dir='ltr'><strong>πεπονθέναι,</strong></span> <span class='ocrx_word' id='word_1_128' title='bbox 2984 1015 3073 1061; x_wconf 87' lang='grc' dir='ltr'><em>καὶ</em></span> <span class='ocrx_word' id='word_1_129' title='bbox 3111 1014 3450 1081; x_wconf 75' lang='grc' dir='ltr'><strong>μεμενηκέναι</strong></span> <span class='ocrx_word' id='word_1_130' title='bbox 3481 1011 3654 1072; x_wconf 79' lang='grc' dir='ltr'><em>ἀπαθῆ</em></span> <span class='ocrx_word' id='word_1_131' title='bbox 3687 1023 3761 1084; x_wconf 78' lang='grc' dir='ltr'><strong>τῷ</strong></span> <span class='ocrx_word' id='word_1_132' title='bbox 3795 1022 3922 1067; x_wconf 83' lang='grc' dir='ltr'><em>κατ’</em></span> 
     </span>
    </p>
   </div>
   <div class='ocr_carea' id='block_1_18' title="bbox 541 1083 2136 1165">
    <p class='ocr_par' dir='ltr' id='par_1_18' title="bbox 541 1083 2136 1165">
     <span class='ocr_line' id='line_1_18' title="bbox 541 1083 2136 1165; baseline 0.004 -27"><span class='ocrx_word' id='word_1_133' title='bbox 541 1083 731 1138; x_wconf 85' lang='lat' dir='ltr'><strong>cimus</strong></span> <span class='ocrx_word' id='word_1_134' title='bbox 758 1100 1006 1156; x_wconf 90' lang='lat' dir='ltr'><strong>passum</strong></span> <span class='ocrx_word' id='word_1_135' title='bbox 1024 1102 1153 1142; x_wconf 90' lang='lat' dir='ltr'><strong>esse</strong></span> <span class='ocrx_word' id='word_1_136' title='bbox 1181 1089 1630 1146; x_wconf 87' lang='lat' dir='ltr'><strong>Emmanuelem</strong></span> <span class='ocrx_word' id='word_1_137' title='bbox 1652 1091 1707 1144; x_wconf 86' lang='lat' dir='ltr'><strong>in</strong></span> <span class='ocrx_word' id='word_1_138' title='bbox 1734 1108 1804 1146; x_wconf 85' lang='lat' dir='ltr'><strong>ea</strong></span> <span class='ocrx_word' id='word_1_139' title='bbox 1822 1098 2035 1148; x_wconf 88' lang='lat' dir='ltr'><strong>natura</strong></span> <span class='ocrx_word' id='word_1_140' title='bbox 2058 1108 2136 1165; x_wconf 88' lang='lat' dir='ltr'><strong>qu</strong></span> 
     </span>
    </p>
   </div>
   <div class='ocr_carea' id='block_1_19' title="bbox 2325 1083 3920 1165">
    <p class='ocr_par' dir='ltr' id='par_1_19' title="bbox 2325 1093 3920 1165">
     <span class='ocr_line' id='line_1_19' title="bbox 2325 1093 3920 1165; baseline 0.008 -22"><span class='ocrx_word' id='word_1_141' title='bbox 2325 1093 2488 1145; x_wconf 68' lang='grc' dir='ltr'><em>ιῦσίαν</em></span> <span class='ocrx_word' id='word_1_142' title='bbox 2504 1093 2690 1148; x_wconf 77' lang='grc' dir='ltr'><em>ἆπαθεὶ</em></span> <span class='ocrx_word' id='word_1_143' title='bbox 2720 1105 2815 1159; x_wconf 83' lang='grc' dir='ltr'><strong>τῆς</strong></span> <span class='ocrx_word' id='word_1_144' title='bbox 2834 1100 3093 1159; x_wconf 74' lang='grc' dir='ltr'><strong>θεότητος·</strong></span> <span class='ocrx_word' id='word_1_145' title='bbox 3115 1101 3192 1151; x_wconf 88' lang='grc' dir='ltr'><em>ὄτι</em></span> <span class='ocrx_word' id='word_1_146' title='bbox 3216 1099 3335 1151; x_wconf 68' lang='grc' dir='ltr'><em>ἄλλο</em></span> <span class='ocrx_word' id='word_1_147' title='bbox 3354 1105 3442 1152; x_wconf 88' lang='grc' dir='ltr'><em>καὶ</em></span> <span class='ocrx_word' id='word_1_148' title='bbox 3464 1099 3585 1153; x_wconf 74' lang='grc' dir='ltr'><strong>ἄλλο</strong></span> <span class='ocrx_word' id='word_1_149' title='bbox 3607 1103 3670 1153; x_wconf 78' lang='grc' dir='ltr'><em>τὰ</em></span> <span class='ocrx_word' id='word_1_150' title='bbox 3697 1102 3752 1165; x_wconf 83' lang='grc' dir='ltr'><strong>ἐξ</strong></span> <span class='ocrx_word' id='word_1_151' title='bbox 3780 1101 3856 1155; x_wconf 85' lang='grc' dir='ltr'><strong>ὧν</strong></span> <span class='ocrx_word' id='word_1_152' title='bbox 3891 1105 3920 1155; x_wconf 89' lang='grc' dir='ltr'><strong><em>ὁ</em></strong></span> 
     </span>
    </p>
   </div>
   <div class='ocr_carea' id='block_1_20' title="bbox 544 1172 2139 1265">
    <p class='ocr_par' dir='ltr' id='par_1_20' title="bbox 544 1172 2139 1250">
     <span class='ocr_line' id='line_1_20' title="bbox 544 1172 2139 1250; baseline 0.006 -24"><span class='ocrx_word' id='word_1_153' title='bbox 544 1172 668 1243; x_wconf 89' lang='lat' dir='ltr'><strong>pati</strong></span> <span class='ocrx_word' id='word_1_154' title='bbox 698 1178 953 1246; x_wconf 82' lang='lat' dir='ltr'><strong>poterat,</strong></span> <span class='ocrx_word' id='word_1_155' title='bbox 976 1178 1034 1230; x_wconf 86' lang='lat' dir='ltr'><strong>et</strong></span> <span class='ocrx_word' id='word_1_156' title='bbox 1064 1177 1469 1246; x_wconf 80' lang='lat' dir='ltr'><strong>permansisse</strong></span> <span class='ocrx_word' id='word_1_157' title='bbox 1508 1179 1940 1250; x_wconf 87' lang='lat' dir='ltr'><strong>impassibilem</strong></span> <span class='ocrx_word' id='word_1_158' title='bbox 1980 1180 2042 1235; x_wconf 91' lang='lat' dir='ltr'><strong>in</strong></span> <span class='ocrx_word' id='word_1_159' title='bbox 2091 1181 2139 1236; x_wconf 89' lang='lat' dir='ltr'><strong>in</strong></span> 
     </span>
    </p>
   </div>
   <div class='ocr_carea' id='block_1_21' title="bbox 2379 1172 3974 1265">
    <p class='ocr_par' dir='ltr' id='par_1_21' title="bbox 2379 1186 3974 1265">
     <span class='ocr_line' id='line_1_21' title="bbox 2379 1186 3974 1265; baseline 0.008 -32"><span class='ocrx_word' id='word_1_160' title='bbox 2379 1187 2572 1244; x_wconf 66' lang='grc' dir='ltr'><em>πιστός·</em></span> <span class='ocrx_word' id='word_1_161' title='bbox 2638 1190 2728 1238; x_wconf 81' lang='grc' dir='ltr'><em>καὶ</em></span> <span class='ocrx_word' id='word_1_162' title='bbox 2767 1189 2972 1258; x_wconf 79' lang='grc' dir='ltr'><strong>πάσχει</strong></span> <span class='ocrx_word' id='word_1_163' title='bbox 3028 1190 3116 1259; x_wconf 78' lang='grc' dir='ltr'><strong>μὲν</strong></span> <span class='ocrx_word' id='word_1_164' title='bbox 3175 1186 3507 1261; x_wconf 78' lang='grc' dir='ltr'><strong>ἀνθρωπίνως</strong></span> <span class='ocrx_word' id='word_1_165' title='bbox 3563 1196 3740 1265; x_wconf 85' lang='grc' dir='ltr'><em>σαρκὶ,</em></span> <span class='ocrx_word' id='word_1_166' title='bbox 3773 1195 3974 1244; x_wconf 69' lang='grc' dir='ltr'><em>καθὸ-</em></span> 
     </span>
    </p>
   </div>
   <div class='ocr_carea' id='block_1_22' title="bbox 535 1262 2130 1346">
    <p class='ocr_par' dir='ltr' id='par_1_22' title="bbox 535 1262 2130 1340">
     <span class='ocr_line' id='line_1_22' title="bbox 535 1262 2130 1340; baseline 0.003 -22"><span class='ocrx_word' id='word_1_167' title='bbox 535 1262 809 1333; x_wconf 80' lang='lat' dir='ltr'><strong>passihili</strong></span> <span class='ocrx_word' id='word_1_168' title='bbox 846 1263 1177 1319; x_wconf 85' lang='lat' dir='ltr'><strong>Divinitatis</strong></span> <span class='ocrx_word' id='word_1_169' title='bbox 1211 1265 1553 1323; x_wconf 79' lang='lat' dir='ltr'><strong>substantia</strong></span> <span class='ocrx_word' id='word_1_170' title='bbox 1578 1286 1590 1334; x_wconf 92' lang='lat'><strong>;</strong></span> <span class='ocrx_word' id='word_1_171' title='bbox 1615 1269 1757 1340; x_wconf 89' lang='lat' dir='ltr'><strong>quia</strong></span> <span class='ocrx_word' id='word_1_172' title='bbox 1780 1269 2011 1325; x_wconf 88' lang='lat' dir='ltr'><strong>aliudet</strong></span> <span class='ocrx_word' id='word_1_173' title='bbox 2032 1270 2130 1327; x_wconf 75' lang='lat' dir='ltr'><strong>alii</strong></span> 
     </span>
    </p>
   </div>
   <div class='ocr_carea' id='block_1_23' title="bbox 2324 1262 3919 1346">
    <p class='ocr_par' dir='ltr' id='par_1_23' title="bbox 2324 1262 3919 1346">
     <span class='ocr_line' id='line_1_23' title="bbox 2324 1262 3919 1346; baseline 0.008 -25"><span class='ocrx_word' id='word_1_174' title='bbox 2324 1272 2598 1346; x_wconf 78' lang='grc' dir='ltr'><em>ἰνθρωπος·</em></span> <span class='ocrx_word' id='word_1_175' title='bbox 2636 1272 2841 1337; x_wconf 77' lang='grc' dir='ltr'><em>ἀπαθὴς</em></span> <span class='ocrx_word' id='word_1_176' title='bbox 2873 1272 2933 1327; x_wconf 78' lang='grc' dir='ltr'><strong>δέ</strong></span> <span class='ocrx_word' id='word_1_177' title='bbox 2961 1274 3074 1326; x_wconf 81' lang='grc' dir='ltr'><em>ἐστι</em></span> <span class='ocrx_word' id='word_1_178' title='bbox 3101 1278 3299 1340; x_wconf 84' lang='grc' dir='ltr'><em>θεῐκῶς,</em></span> <span class='ocrx_word' id='word_1_179' title='bbox 3335 1280 3403 1339; x_wconf 84' lang='grc' dir='ltr'><em>ὡς</em></span> <span class='ocrx_word' id='word_1_180' title='bbox 3433 1283 3585 1340; x_wconf 85' lang='grc' dir='ltr'><em>Θεός.</em></span> <span class='ocrx_word' id='word_1_181' title='bbox 3613 1262 3723 1331; x_wconf 72' lang='grc' dir='ltr'><em>ὀύκ</em></span> <span class='ocrx_word' id='word_1_182' title='bbox 3755 1280 3919 1342; x_wconf 64' lang='grc' dir='ltr'><em>οὖλος</em></span> 
     </span>
    </p>
   </div>
   <div class='ocr_carea' id='block_1_24' title="bbox 536 1353 2131 1441">
    <p class='ocr_par' dir='ltr' id='par_1_24' title="bbox 536 1353 2124 1431">
     <span class='ocr_line' id='line_1_24' title="bbox 536 1353 2124 1431; baseline 0.007 -27"><span class='ocrx_word' id='word_1_183' title='bbox 536 1357 676 1405; x_wconf 87' lang='lat' dir='ltr'><strong>sunt</strong></span> <span class='ocrx_word' id='word_1_184' title='bbox 705 1367 777 1406; x_wconf 87' lang='lat' dir='ltr'><strong>ea</strong></span> <span class='ocrx_word' id='word_1_185' title='bbox 805 1368 879 1407; x_wconf 82' lang='lat' dir='ltr'><strong>ex</strong></span> <span class='ocrx_word' id='word_1_186' title='bbox 909 1353 1128 1424; x_wconf 89' lang='lat' dir='ltr'><strong>quibus</strong></span> <span class='ocrx_word' id='word_1_187' title='bbox 1155 1354 1453 1421; x_wconf 79' lang='lat' dir='ltr'><strong>Christus;</strong></span> <span class='ocrx_word' id='word_1_188' title='bbox 1487 1362 1543 1412; x_wconf 89' lang='lat' dir='ltr'><strong>et</strong></span> <span class='ocrx_word' id='word_1_189' title='bbox 1564 1358 1786 1429; x_wconf 86' lang='lat' dir='ltr'><strong>patitur</strong></span> <span class='ocrx_word' id='word_1_190' title='bbox 1820 1359 2061 1431; x_wconf 87' lang='lat' dir='ltr'><strong>quidem</strong></span> <span class='ocrx_word' id='word_1_191' title='bbox 2087 1360 2124 1415; x_wconf 88' lang='lat' dir='ltr'><strong>h</strong></span> 
     </span>
    </p>
   </div>
   <div class='ocr_carea' id='block_1_25' title="bbox 2322 1353 3917 1441">
    <p class='ocr_par' dir='ltr' id='par_1_25' title="bbox 2322 1355 3917 1441">
     <span class='ocr_line' id='line_1_25' title="bbox 2322 1355 3917 1441; baseline 0.006 -30"><span class='ocrx_word' id='word_1_192' title='bbox 2322 1355 2362 1412; x_wconf 69' lang='grc' dir='ltr'><strong>Γέ</strong></span> <span class='ocrx_word' id='word_1_193' title='bbox 2406 1360 2518 1413; x_wconf 82' lang='grc' dir='ltr'><em>ἐστι</em></span> <span class='ocrx_word' id='word_1_194' title='bbox 2547 1366 2636 1414; x_wconf 89' lang='grc' dir='ltr'><em>καὶ</em></span> <span class='ocrx_word' id='word_1_195' title='bbox 2668 1362 2819 1425; x_wconf 73' lang='grc' dir='ltr'><em>ἄλλος</em></span> <span class='ocrx_word' id='word_1_196' title='bbox 2882 1367 2950 1425; x_wconf 79' lang='grc' dir='ltr'><em>ὡς</em></span> <span class='ocrx_word' id='word_1_197' title='bbox 2998 1363 3242 1423; x_wconf 57' lang='lat'><strong>526031570</strong></span> <span class='ocrx_word' id='word_1_198' title='bbox 3286 1372 3587 1441; x_wconf 75' lang='grc' dir='ltr'><em>Νεστόριος,</em></span> <span class='ocrx_word' id='word_1_199' title='bbox 3638 1370 3774 1420; x_wconf 75' lang='grc' dir='ltr'><em>οὕτω</em></span> <span class='ocrx_word' id='word_1_200' title='bbox 3810 1370 3917 1428; x_wconf 75' lang='grc' dir='ltr'><strong>λη-</strong></span> 
     </span>
    </p>
   </div>
   <div class='ocr_carea' id='block_1_26' title="bbox 536 1444 2131 1524">
    <p class='ocr_par' dir='ltr' id='par_1_26' title="bbox 536 1444 2131 1516">
     <span class='ocr_line' id='line_1_26' title="bbox 536 1444 2131 1516; baseline 0.006 -24"><span class='ocrx_word' id='word_1_201' title='bbox 536 1454 715 1493; x_wconf 89' lang='lat' dir='ltr'><strong>mane</strong></span> <span class='ocrx_word' id='word_1_202' title='bbox 729 1446 970 1512; x_wconf 85' lang='lat' dir='ltr'><strong>propter</strong></span> <span class='ocrx_word' id='word_1_203' title='bbox 982 1457 1251 1511; x_wconf 87' lang='lat' dir='ltr'><strong>carnem,</strong></span> <span class='ocrx_word' id='word_1_204' title='bbox 1270 1444 1327 1497; x_wconf 92' lang='lat' dir='ltr'><strong>in</strong></span> <span class='ocrx_word' id='word_1_205' title='bbox 1347 1451 1643 1516; x_wconf 86' lang='lat' dir='ltr'><strong>quantum</strong></span> <span class='ocrx_word' id='word_1_206' title='bbox 1659 1452 1745 1500; x_wconf 91' lang='lat' dir='ltr'><strong>est</strong></span> <span class='ocrx_word' id='word_1_207' title='bbox 1766 1446 1971 1515; x_wconf 87' lang='lat' dir='ltr'><strong>homo;</strong></span> <span class='ocrx_word' id='word_1_208' title='bbox 1991 1448 2131 1502; x_wconf 71' lang='lat' dir='ltr'><strong>divit</strong></span> 
     </span>
    </p>
   </div>
   <div class='ocr_carea' id='block_1_27' title="bbox 2320 1444 3915 1524">
    <p class='ocr_par' dir='ltr' id='par_1_27' title="bbox 2320 1452 3915 1524">
     <span class='ocr_line' id='line_1_27' title="bbox 2320 1452 3915 1524; baseline 0.008 -25"><span class='ocrx_word' id='word_1_209' title='bbox 2320 1458 2400 1500; x_wconf 73' lang='grc' dir='ltr'><strong>ιὼν</strong></span> <span class='ocrx_word' id='word_1_210' title='bbox 2424 1466 2436 1478; x_wconf 92' lang='grc'><strong>·</strong></span> <span class='ocrx_word' id='word_1_211' title='bbox 2472 1452 2497 1501; x_wconf 90' lang='grc' dir='ltr'><strong>ό</strong></span> <span class='ocrx_word' id='word_1_212' title='bbox 2528 1457 2618 1521; x_wconf 75' lang='grc' dir='ltr'><strong>μὲν</strong></span> <span class='ocrx_word' id='word_1_213' title='bbox 2666 1454 2847 1504; x_wconf 73' lang='grc' dir='ltr'><em>παθεῖν</em></span> <span class='ocrx_word' id='word_1_214' title='bbox 2894 1458 3129 1523; x_wconf 69' lang='grc' dir='ltr'><em>πεφυκὼς</em></span> <span class='ocrx_word' id='word_1_215' title='bbox 3159 1456 3361 1524; x_wconf 75' lang='grc' dir='ltr'><em>ἔπαθεν,</em></span> <span class='ocrx_word' id='word_1_216' title='bbox 3394 1457 3420 1507; x_wconf 88' lang='grc' dir='ltr'><strong><em>ὁ</em></strong></span> <span class='ocrx_word' id='word_1_217' title='bbox 3471 1452 3529 1508; x_wconf 76' lang='grc' dir='ltr'><strong>δὲ</strong></span> <span class='ocrx_word' id='word_1_218' title='bbox 3566 1455 3776 1519; x_wconf 77' lang='grc' dir='ltr'><em>ἀπαθὴς</em></span> <span class='ocrx_word' id='word_1_219' title='bbox 3809 1459 3915 1511; x_wconf 75' lang='grc' dir='ltr'><em>οὐκ</em></span> 
     </span>
    </p>
   </div>
   <div class='ocr_carea' id='block_1_28' title="bbox 534 1518 2129 1601">
    <p class='ocr_par' dir='ltr' id='par_1_28' title="bbox 534 1528 2129 1599">
     <span class='ocr_line' id='line_1_28' title="bbox 534 1528 2129 1599; baseline 0.006 -18"><span class='ocrx_word' id='word_1_220' title='bbox 534 1533 736 1582; x_wconf 88' lang='lat' dir='ltr'><strong>autem</strong></span> <span class='ocrx_word' id='word_1_221' title='bbox 764 1534 852 1582; x_wconf 84' lang='lat' dir='ltr'><strong>est</strong></span> <span class='ocrx_word' id='word_1_222' title='bbox 870 1528 1354 1599; x_wconf 84' lang='lat' dir='ltr'><strong>impassibilis.ut</strong></span> <span class='ocrx_word' id='word_1_223' title='bbox 1371 1536 1544 1587; x_wconf 88' lang='lat' dir='ltr'><strong>Deus.</strong></span> <span class='ocrx_word' id='word_1_224' title='bbox 1566 1537 1688 1588; x_wconf 86' lang='lat' dir='ltr'><strong>Non</strong></span> <span class='ocrx_word' id='word_1_225' title='bbox 1708 1534 1862 1589; x_wconf 88' lang='lat' dir='ltr'><strong>alius</strong></span> <span class='ocrx_word' id='word_1_226' title='bbox 1879 1542 2079 1590; x_wconf 90' lang='lat' dir='ltr'><strong>autem</strong></span> <span class='ocrx_word' id='word_1_227' title='bbox 2104 1552 2129 1591; x_wconf 89' lang='lat' dir='ltr'><strong>e</strong></span> 
     </span>
    </p>
   </div>
   <div class='ocr_carea' id='block_1_29' title="bbox 1157 1518 2752 1601">
    <p class='ocr_par' dir='ltr' id='par_1_29' title="bbox 1157 1518 2752 1601">
     <span class='ocr_line' id='line_1_29' title="bbox 1157 1518 2752 1601; baseline 0.008 -19"><span class='ocrx_word' id='word_1_228' title='bbox 1157 1529 1354 1586; x_wconf 49' lang='lat' dir='ltr'><strong>tilis.ut</strong></span> <span class='ocrx_word' id='word_1_229' title='bbox 1371 1536 1544 1587; x_wconf 88' lang='lat' dir='ltr'><strong>Deus.</strong></span> <span class='ocrx_word' id='word_1_230' title='bbox 1566 1537 1688 1588; x_wconf 86' lang='lat' dir='ltr'><strong>Non</strong></span> <span class='ocrx_word' id='word_1_231' title='bbox 1708 1534 1862 1589; x_wconf 88' lang='lat' dir='ltr'><strong>alius</strong></span> <span class='ocrx_word' id='word_1_232' title='bbox 1879 1542 2079 1590; x_wconf 90' lang='lat' dir='ltr'><strong>autem</strong></span> <span class='ocrx_word' id='word_1_233' title='bbox 2104 1541 2192 1591; x_wconf 90' lang='lat' dir='ltr'><strong>est</strong></span> <span class='ocrx_word' id='word_1_234' title='bbox 2225 1518 2261 1571; x_wconf 80' lang='grc' dir='ltr'>Β</span> <span class='ocrx_word' id='word_1_235' title='bbox 2300 1518 2481 1590; x_wconf 72' lang='grc' dir='ltr'><em>ἔπαθεν</em></span> <span class='ocrx_word' id='word_1_236' title='bbox 2513 1542 2576 1598; x_wconf 75' lang='grc' dir='ltr'><em>ὡς</em></span> <span class='ocrx_word' id='word_1_237' title='bbox 2604 1546 2752 1601; x_wconf 86' lang='grc' dir='ltr'><em>Θεός.</em></span> 
     </span>
    </p>
   </div>
   <div class='ocr_carea' id='block_1_30' title="bbox 534 1615 2187 1694">
    <p class='ocr_par' dir='ltr' id='par_1_30' title="bbox 534 1615 2187 1694">
     <span class='ocr_line' id='line_1_30' title="bbox 534 1615 2187 1694; baseline 0.007 -24"><span class='ocrx_word' id='word_1_238' title='bbox 534 1619 592 1670; x_wconf 87' lang='lat' dir='ltr'><strong>et</strong></span> <span class='ocrx_word' id='word_1_239' title='bbox 617 1615 786 1687; x_wconf 83' lang='lat' dir='ltr'><strong>alius,</strong></span> <span class='ocrx_word' id='word_1_240' title='bbox 818 1621 884 1671; x_wconf 91' lang='lat' dir='ltr'><strong>ut</strong></span> <span class='ocrx_word' id='word_1_241' title='bbox 918 1617 1159 1673; x_wconf 88' lang='lat' dir='ltr'><strong>volebat</strong></span> <span class='ocrx_word' id='word_1_242' title='bbox 1195 1621 1516 1687; x_wconf 87' lang='lat' dir='ltr'><strong>Nestorius,</strong></span> <span class='ocrx_word' id='word_1_243' title='bbox 1542 1622 1855 1694; x_wconf 82' lang='lat' dir='ltr'><strong>hucusque</strong></span> <span class='ocrx_word' id='word_1_244' title='bbox 1884 1623 2146 1679; x_wconf 82' lang='lat' dir='ltr'><strong>delirans</strong></span> <span class='ocrx_word' id='word_1_245' title='bbox 2172 1643 2187 1681; x_wconf 90' lang='lat'><strong>:</strong></span> 
     </span>
    </p>
   </div>
   <div class='ocr_carea' id='block_1_31' title="bbox 532 1703 3458 1788">
    <p class='ocr_par' dir='ltr' id='par_1_31' title="bbox 532 1703 3458 1788">
     <span class='ocr_line' id='line_1_31' title="bbox 532 1703 3458 1788; baseline 0.006 -30"><span class='ocrx_word' id='word_1_246' title='bbox 532 1703 635 1776; x_wconf 88' lang='lat' dir='ltr'><strong>qui</strong></span> <span class='ocrx_word' id='word_1_247' title='bbox 665 1703 744 1760; x_wconf 89' lang='lat' dir='ltr'><strong>ad</strong></span> <span class='ocrx_word' id='word_1_248' title='bbox 775 1705 1125 1777; x_wconf 89' lang='lat' dir='ltr'><strong>patiendum</strong></span> <span class='ocrx_word' id='word_1_249' title='bbox 1154 1713 1326 1763; x_wconf 88' lang='lat' dir='ltr'><strong>natus</strong></span> <span class='ocrx_word' id='word_1_250' title='bbox 1357 1715 1501 1779; x_wconf 88' lang='lat' dir='ltr'><strong>erat,</strong></span> <span class='ocrx_word' id='word_1_251' title='bbox 1530 1726 1748 1782; x_wconf 90' lang='lat' dir='ltr'><strong>passus</strong></span> <span class='ocrx_word' id='word_1_252' title='bbox 1769 1718 1890 1780; x_wconf 91' lang='lat' dir='ltr'><strong>est;</strong></span> <span class='ocrx_word' id='word_1_253' title='bbox 1934 1714 2037 1785; x_wconf 88' lang='lat' dir='ltr'><strong>qui</strong></span> <span class='ocrx_word' id='word_1_254' title='bbox 2066 1714 2456 1786; x_wconf 87' lang='lat' dir='ltr'><strong>impassibilis</strong></span> <span class='ocrx_word' id='word_1_255' title='bbox 2488 1719 2631 1787; x_wconf 87' lang='lat' dir='ltr'><strong>erat,</strong></span> <span class='ocrx_word' id='word_1_256' title='bbox 2662 1731 2783 1771; x_wconf 92' lang='lat' dir='ltr'><strong>non</strong></span> <span class='ocrx_word' id='word_1_257' title='bbox 2817 1732 3038 1788; x_wconf 83' lang='lat' dir='ltr'><strong>passus</strong></span> <span class='ocrx_word' id='word_1_258' title='bbox 3060 1722 3166 1783; x_wconf 90' lang='lat' dir='ltr'><strong>est,</strong></span> <span class='ocrx_word' id='word_1_259' title='bbox 3192 1724 3257 1774; x_wconf 91' lang='lat' dir='ltr'><strong>ut</strong></span> <span class='ocrx_word' id='word_1_260' title='bbox 3284 1721 3458 1775; x_wconf 89' lang='lat' dir='ltr'><strong>Deus.</strong></span> 
     </span>
    </p>
   </div>
   <div class='ocr_carea' id='block_1_32' title="bbox 539 1886 890 1901">
    <p class='ocr_par' dir='ltr' id='par_1_32' title="bbox 539 1886 890 1901">
     <span class='ocr_line' id='line_1_32' title="bbox 539 1886 890 1901; baseline 0.009 -3"><span class='ocrx_word' id='word_1_261' title='bbox 539 1886 890 1901; x_wconf 37' lang='lat' dir='ltr'><strong>ﬁ</strong></span> 
     </span>
    </p>
   </div>
   <div class='ocr_carea' id='block_1_33' title="bbox 1303 1893 3909 1920">
    <p class='ocr_par' dir='ltr' id='par_1_33' title="bbox 1303 1893 3909 1920">
     <span class='ocr_line' id='line_1_33' title="bbox 1303 1893 3909 1920; baseline 0.006 -17"><span class='ocrx_word' id='word_1_262' title='bbox 1303 1893 3909 1920; x_wconf 84' lang='lat'><strong>———___—_________________________________</strong></span> 
     </span>
    </p>
   </div>
   <div class='ocr_carea' id='block_1_34' title="bbox 1251 2084 2846 2234">
    <p class='ocr_par' dir='ltr' id='par_1_34' title="bbox 1251 2084 2846 2234">
     <span class='ocr_line' id='line_1_34' title="bbox 1251 2084 2846 2234; baseline 0.005 -12"><span class='ocrx_word' id='word_1_263' title='bbox 1251 2084 2014 2229; x_wconf 62' lang='lat' dir='ltr'><strong>NICETIE</strong></span> <span class='ocrx_word' id='word_1_264' title='bbox 2114 2089 2846 2234; x_wconf 78' lang='lat' dir='ltr'><strong>CHONIA</strong></span> 
     </span>
    </p>
   </div>
   <div class='ocr_carea' id='block_1_35' title="bbox 1582 2084 3177 2234">
    <p class='ocr_par' dir='ltr' id='par_1_35' title="bbox 1585 2085 3177 2234">
     <span class='ocr_line' id='line_1_35' title="bbox 1585 2085 3177 2234; baseline 0.007 -12"><span class='ocrx_word' id='word_1_265' title='bbox 1585 2085 2014 2229; x_wconf 69' lang='grc' dir='ltr'><strong>ΕΤλίΕ</strong></span> <span class='ocrx_word' id='word_1_266' title='bbox 2114 2089 3177 2234; x_wconf 69' lang='lat' dir='ltr'><strong>CHONIAT/E</strong></span> 
     </span>
    </p>
   </div>
   <div class='ocr_carea' id='block_1_36' title="bbox 2023 2363 2435 2419">
    <p class='ocr_par' dir='ltr' id='par_1_36' title="bbox 2023 2363 2435 2419">
     <span class='ocr_line' id='line_1_36' title="bbox 2023 2363 2435 2419; baseline 0.002 -3"><span class='ocrx_word' id='word_1_267' title='bbox 2023 2364 2106 2417; x_wconf 84' lang='lat' dir='ltr'><strong>EX</strong></span> <span class='ocrx_word' id='word_1_268' title='bbox 2145 2363 2350 2419; x_wconf 87' lang='lat' dir='ltr'><strong>LIBRO</strong></span> <span class='ocrx_word' id='word_1_269' title='bbox 2394 2364 2435 2417; x_wconf 88' lang='lat' dir='ltr'><strong>X</strong></span> 
     </span>
    </p>
   </div>
   <div class='ocr_carea' id='block_1_37' title="bbox 1061 2531 3354 2665">
    <p class='ocr_par' dir='ltr' id='par_1_37' title="bbox 1061 2531 3354 2665">
     <span class='ocr_line' id='line_1_37' title="bbox 1061 2531 3354 2665; baseline 0.007 -17"><span class='ocrx_word' id='word_1_270' title='bbox 1061 2531 1807 2654; x_wconf 80' lang='lat' dir='ltr'><strong>THESAUBI</strong></span> <span class='ocrx_word' id='word_1_271' title='bbox 1888 2536 2837 2663; x_wconf 66' lang='lat' dir='ltr'><strong>OilTHODOX/E</strong></span> <span class='ocrx_word' id='word_1_272' title='bbox 2918 2543 3354 2665; x_wconf 78' lang='lat' dir='ltr'><strong>FIDEI.</strong></span> 
     </span>
    </p>
   </div>
   <div class='ocr_carea' id='block_1_38' title="bbox 528 2998 2123 3090">
    <p class='ocr_par' dir='ltr' id='par_1_38' title="bbox 528 2998 2123 3079">
     <span class='ocr_line' id='line_1_38' title="bbox 528 2998 2123 3079; baseline 0.008 -27"><span class='ocrx_word' id='word_1_273' title='bbox 528 2998 616 3053; x_wconf 86' lang='lat' dir='ltr'><strong>De</strong></span> <span class='ocrx_word' id='word_1_274' title='bbox 638 2999 850 3069; x_wconf 83' lang='lat' dir='ltr'><strong>quinta</strong></span> <span class='ocrx_word' id='word_1_275' title='bbox 877 3001 1126 3069; x_wconf 80' lang='lat' dir='ltr'><strong>synodo,</strong></span> <span class='ocrx_word' id='word_1_276' title='bbox 1159 3017 1291 3072; x_wconf 56' lang='lat' dir='ltr'><strong>qua</strong></span> <span class='ocrx_word' id='word_1_277' title='bbox 1321 3013 1597 3072; x_wconf 78' lang='lat' dir='ltr'><strong>quartam</strong></span> <span class='ocrx_word' id='word_1_278' title='bbox 1630 3007 1925 3075; x_wconf 84' lang='lat' dir='ltr'><strong>synodum</strong></span> <span class='ocrx_word' id='word_1_279' title='bbox 1955 3011 2123 3079; x_wconf 75' lang='lat' dir='ltr'><strong>conﬁ:</strong></span> 
     </span>
    </p>
   </div>
   <div class='ocr_carea' id='block_1_39' title="bbox 2299 2998 3894 3090">
    <p class='ocr_par' dir='ltr' id='par_1_39' title="bbox 2299 3011 3894 3090">
     <span class='ocr_line' id='line_1_39' title="bbox 2299 3011 3894 3090; baseline 0.003 -26"><span class='ocrx_word' id='word_1_280' title='bbox 2299 3018 2411 3085; x_wconf 77' lang='grc' dir='ltr'><em>Περι</em></span> <span class='ocrx_word' id='word_1_281' title='bbox 2437 3020 2531 3073; x_wconf 79' lang='grc' dir='ltr'><strong>τῆς</strong></span> <span class='ocrx_word' id='word_1_282' title='bbox 2555 3017 2797 3085; x_wconf 77' lang='grc' dir='ltr'><em>πέμπτης</em></span> <span class='ocrx_word' id='word_1_283' title='bbox 2829 3011 3076 3081; x_wconf 69' lang='grc' dir='ltr'><em>συνόδου,</em></span> <span class='ocrx_word' id='word_1_284' title='bbox 3107 3017 3224 3077; x_wconf 71' lang='grc' dir='ltr'><em>ἣτις</em></span> <span class='ocrx_word' id='word_1_285' title='bbox 3252 3019 3344 3074; x_wconf 82' lang='grc' dir='ltr'><strong>τὴν</strong></span> <span class='ocrx_word' id='word_1_286' title='bbox 3381 3017 3629 3090; x_wconf 78' lang='grc' dir='ltr'><strong>τετάρτην</strong></span> <span class='ocrx_word' id='word_1_287' title='bbox 3663 3015 3894 3069; x_wconf 70' lang='grc' dir='ltr'><em>σύνοδον</em></span> 
     </span>
    </p>
   </div>
   <div class='ocr_carea' id='block_1_40' title="bbox 597 3088 2192 3176">
    <p class='ocr_par' dir='ltr' id='par_1_40' title="bbox 597 3088 2178 3165">
     <span class='ocr_line' id='line_1_40' title="bbox 597 3088 2178 3165; baseline 0.009 -24"><span class='ocrx_word' id='word_1_288' title='bbox 597 3088 785 3142; x_wconf 75' lang='lat' dir='ltr'><strong>mavit</strong></span> <span class='ocrx_word' id='word_1_289' title='bbox 812 3093 867 3143; x_wconf 81' lang='lat' dir='ltr'><strong>et</strong></span> <span class='ocrx_word' id='word_1_290' title='bbox 896 3088 1210 3160; x_wconf 74' lang='lat' dir='ltr'><strong>stabilivit,</strong></span> <span class='ocrx_word' id='word_1_291' title='bbox 1239 3099 1565 3149; x_wconf 79' lang='lat' dir='ltr'><strong>convocata</strong></span> <span class='ocrx_word' id='word_1_292' title='bbox 1584 3096 1694 3150; x_wconf 82' lang='lat' dir='ltr'><strong>sub</strong></span> <span class='ocrx_word' id='word_1_293' title='bbox 1719 3097 1968 3165; x_wconf 69' lang='lat' dir='ltr'><strong>imperio</strong></span> <span class='ocrx_word' id='word_1_294' title='bbox 1996 3100 2178 3155; x_wconf 80' lang='lat' dir='ltr'><strong>Justi-</strong></span> 
     </span>
    </p>
   </div>
   <div class='ocr_carea' id='block_1_41' title="bbox 2299 3088 3894 3176">
    <p class='ocr_par' dir='ltr' id='par_1_41' title="bbox 2356 3099 3894 3176">
     <span class='ocr_line' id='line_1_41' title="bbox 2356 3099 3894 3176; baseline 0.003 -23"><span class='ocrx_word' id='word_1_295' title='bbox 2356 3099 2645 3173; x_wconf 74' lang='grc' dir='ltr'><strong>ἐπεκύρωσε</strong></span> <span class='ocrx_word' id='word_1_296' title='bbox 2706 3108 2794 3155; x_wconf 83' lang='grc' dir='ltr'><em>καὶ</em></span> <span class='ocrx_word' id='word_1_297' title='bbox 2850 3104 3112 3175; x_wconf 72' lang='grc' dir='ltr'><em>ἐκράτυνε,</em></span> <span class='ocrx_word' id='word_1_298' title='bbox 3178 3107 3601 3176; x_wconf 72' lang='grc' dir='ltr'><em>συγκροτηθεῑσα</em></span> <span class='ocrx_word' id='word_1_299' title='bbox 3649 3103 3731 3157; x_wconf 81' lang='grc' dir='ltr'><em>ἐπὶ</em></span> <span class='ocrx_word' id='word_1_300' title='bbox 3789 3113 3894 3168; x_wconf 77' lang='grc' dir='ltr'><strong>τῆς</strong></span> 
     </span>
    </p>
   </div>
   <div class='ocr_carea' id='block_1_42' title="bbox 597 3177 2192 3263">
    <p class='ocr_par' dir='ltr' id='par_1_42' title="bbox 597 3177 788 3232">
     <span class='ocr_line' id='line_1_42' title="bbox 597 3177 788 3232; baseline 0 -2"><span class='ocrx_word' id='word_1_301' title='bbox 597 3177 788 3232; x_wconf 75' lang='lat' dir='ltr'><strong>niani.</strong></span> 
     </span>
    </p>
   </div>
   <div class='ocr_carea' id='block_1_43' title="bbox 1464 3177 3059 3263">
    <p class='ocr_par' dir='ltr' id='par_1_43' title="bbox 2358 3188 3059 3263">
     <span class='ocr_line' id='line_1_43' title="bbox 2358 3188 3059 3263; baseline 0.004 -21"><span class='ocrx_word' id='word_1_302' title='bbox 2358 3188 2632 3263; x_wconf 73' lang='grc' dir='ltr'><em>βασιλείας</em></span> <span class='ocrx_word' id='word_1_303' title='bbox 2668 3191 3059 3246; x_wconf 76' lang='grc' dir='ltr'><em>Ἰουστινιανοῦ.</em></span> 
     </span>
    </p>
   </div>
   <div class='ocr_carea' id='block_1_44' title="bbox 603 3300 2198 3388">
    <p class='ocr_par' dir='ltr' id='par_1_44' title="bbox 603 3300 2176 3381">
     <span class='ocr_line' id='line_1_44' title="bbox 603 3300 2176 3381; baseline 0.011 -28"><span class='ocrx_word' id='word_1_304' title='bbox 603 3304 652 3354; x_wconf 83' lang='lat' dir='ltr'><strong>t.</strong></span> <span class='ocrx_word' id='word_1_305' title='bbox 694 3300 773 3355; x_wconf 91' lang='lat' dir='ltr'><strong>De</strong></span> <span class='ocrx_word' id='word_1_306' title='bbox 793 3300 887 3356; x_wconf 86' lang='lat' dir='ltr'><strong>his</strong></span> <span class='ocrx_word' id='word_1_307' title='bbox 908 3318 1043 3373; x_wconf 57' lang='lat' dir='ltr'><strong>qua</strong></span> <span class='ocrx_word' id='word_1_308' title='bbox 1074 3312 1402 3362; x_wconf 87' lang='lat' dir='ltr'><strong>evenerunt</strong></span> <span class='ocrx_word' id='word_1_309' title='bbox 1431 3308 1630 3366; x_wconf 84' lang='lat' dir='ltr'><strong>statim</strong></span> <span class='ocrx_word' id='word_1_310' title='bbox 1670 3317 1805 3381; x_wconf 89' lang='lat' dir='ltr'><strong>post</strong></span> <span class='ocrx_word' id='word_1_311' title='bbox 1826 3313 2088 3369; x_wconf 90' lang='lat' dir='ltr'><strong>Dioscori</strong></span> <span class='ocrx_word' id='word_1_312' title='bbox 2120 3319 2176 3371; x_wconf 93' lang='lat' dir='ltr'><strong>et</strong></span> 
     </span>
    </p>
   </div>
   <div class='ocr_carea' id='block_1_45' title="bbox 2300 3300 3895 3388">
    <p class='ocr_par' dir='ltr' id='par_1_45' title="bbox 2355 3313 3895 3388">
     <span class='ocr_line' id='line_1_45' title="bbox 2355 3313 3895 3388; baseline 0.002 -22"><span class='ocrx_word' id='word_1_313' title='bbox 2355 3313 2418 3367; x_wconf 88' lang='grc' dir='ltr'><strong>α’.</strong></span> <span class='ocrx_word' id='word_1_314' title='bbox 2450 3320 2575 3388; x_wconf 83' lang='grc' dir='ltr'><strong>Περὶ</strong></span> <span class='ocrx_word' id='word_1_315' title='bbox 2607 3323 2708 3367; x_wconf 80' lang='grc' dir='ltr'><em>τῶν</em></span> <span class='ocrx_word' id='word_1_316' title='bbox 2742 3315 3048 3388; x_wconf 70' lang='grc' dir='ltr'><em>συμϐάντων</em></span> <span class='ocrx_word' id='word_1_317' title='bbox 3079 3318 3210 3388; x_wconf 83' lang='grc' dir='ltr'><strong>μετὰ</strong></span> <span class='ocrx_word' id='word_1_318' title='bbox 3245 3319 3337 3373; x_wconf 75' lang='grc' dir='ltr'><strong>τὴν</strong></span> <span class='ocrx_word' id='word_1_319' title='bbox 3360 3317 3666 3387; x_wconf 82' lang='grc' dir='ltr'><strong>καθαίρεσιν</strong></span> <span class='ocrx_word' id='word_1_320' title='bbox 3692 3316 3895 3369; x_wconf 71' lang='grc' dir='ltr'><em>αὐτίκα</em></span> 
     </span>
    </p>
   </div>
   <div class='ocr_carea' id='block_1_46' title="bbox 528 3388 2123 3479">
    <p class='ocr_par' dir='ltr' id='par_1_46' title="bbox 528 3388 2123 3475">
     <span class='ocr_line' id='line_1_46' title="bbox 528 3388 2123 3475; baseline 0.011 -35"><span class='ocrx_word' id='word_1_321' title='bbox 528 3388 810 3459; x_wconf 82' lang='lat' dir='ltr'><strong>Eutychis</strong></span> <span class='ocrx_word' id='word_1_322' title='bbox 843 3389 1280 3461; x_wconf 89' lang='lat' dir='ltr'><strong>depositionem</strong></span> <span class='ocrx_word' id='word_1_323' title='bbox 1321 3400 1377 3449; x_wconf 90' lang='lat' dir='ltr'><strong>et</strong></span> <span class='ocrx_word' id='word_1_324' title='bbox 1411 3403 1547 3467; x_wconf 90' lang='lat' dir='ltr'><strong>post</strong></span> <span class='ocrx_word' id='word_1_325' title='bbox 1589 3397 1807 3455; x_wconf 90' lang='lat' dir='ltr'><strong>lectam</strong></span> <span class='ocrx_word' id='word_1_326' title='bbox 1838 3401 1899 3457; x_wconf 92' lang='lat' dir='ltr'><strong>in</strong></span> <span class='ocrx_word' id='word_1_327' title='bbox 1938 3404 2123 3475; x_wconf 83' lang='lat' dir='ltr'><strong>synod</strong></span> 
     </span>
    </p>
   </div>
   <div class='ocr_carea' id='block_1_47' title="bbox 2294 3388 3889 3479">
    <p class='ocr_par' dir='ltr' id='par_1_47' title="bbox 2294 3402 3889 3479">
     <span class='ocr_line' id='line_1_47' title="bbox 2294 3402 3889 3479; baseline 0.003 -24"><span class='ocrx_word' id='word_1_328' title='bbox 2294 3412 2374 3455; x_wconf 75' lang='grc' dir='ltr'><strong>τού</strong></span> <span class='ocrx_word' id='word_1_329' title='bbox 2406 3409 2687 3479; x_wconf 83' lang='grc' dir='ltr'><em>Διοσκόρου</em></span> <span class='ocrx_word' id='word_1_330' title='bbox 2745 3410 2836 3457; x_wconf 79' lang='grc' dir='ltr'><em>καὶ</em></span> <span class='ocrx_word' id='word_1_331' title='bbox 2896 3405 3169 3476; x_wconf 76' lang='grc' dir='ltr'><em>Εύτυχούς</em></span> <span class='ocrx_word' id='word_1_332' title='bbox 3214 3409 3304 3456; x_wconf 81' lang='grc' dir='ltr'><em>καὶ</em></span> <span class='ocrx_word' id='word_1_333' title='bbox 3351 3409 3443 3462; x_wconf 78' lang='grc' dir='ltr'><strong>τὴν</strong></span> <span class='ocrx_word' id='word_1_334' title='bbox 3511 3404 3595 3457; x_wconf 79' lang='grc' dir='ltr'><em>ἐπὶ</em></span> <span class='ocrx_word' id='word_1_335' title='bbox 3654 3402 3889 3459; x_wconf 77' lang='grc' dir='ltr'><strong>συνόδου</strong></span> 
     </span>
    </p>
   </div>
   <div class='ocr_carea' id='block_1_48' title="bbox 523 3475 2118 3568">
    <p class='ocr_par' dir='ltr' id='par_1_48' title="bbox 523 3475 2118 3565">
     <span class='ocr_line' id='line_1_48' title="bbox 523 3475 2118 3565; baseline 0.011 -34"><span class='ocrx_word' id='word_1_336' title='bbox 523 3480 581 3532; x_wconf 88' lang='lat' dir='ltr'><strong>et</strong></span> <span class='ocrx_word' id='word_1_337' title='bbox 609 3475 891 3533; x_wconf 86' lang='lat' dir='ltr'><strong>traditam</strong></span> <span class='ocrx_word' id='word_1_338' title='bbox 913 3480 1273 3536; x_wconf 85' lang='lat' dir='ltr'><strong>sanctissimi</strong></span> <span class='ocrx_word' id='word_1_339' title='bbox 1299 3498 1472 3555; x_wconf 76' lang='lat' dir='ltr'><strong>papae</strong></span> <span class='ocrx_word' id='word_1_340' title='bbox 1501 3487 1753 3543; x_wconf 80' lang='lat' dir='ltr'><strong>Romani</strong></span> <span class='ocrx_word' id='word_1_341' title='bbox 1800 3492 2005 3547; x_wconf 87' lang='lat' dir='ltr'><strong>Leonis</strong></span> <span class='ocrx_word' id='word_1_342' title='bbox 2054 3509 2118 3565; x_wconf 68' lang='lat' dir='ltr'><strong>ep</strong></span> 
     </span>
    </p>
   </div>
   <div class='ocr_carea' id='block_1_49' title="bbox 2292 3475 3887 3568">
    <p class='ocr_par' dir='ltr' id='par_1_49' title="bbox 2292 3490 3887 3568">
     <span class='ocr_line' id='line_1_49' title="bbox 2292 3490 3887 3568; baseline 0.003 -25"><span class='ocrx_word' id='word_1_343' title='bbox 2292 3491 2574 3565; x_wconf 68' lang='grc' dir='ltr'><em>Ξινάγνωσιν</em></span> <span class='ocrx_word' id='word_1_344' title='bbox 2597 3498 2685 3545; x_wconf 79' lang='grc' dir='ltr'><em>καὶ</em></span> <span class='ocrx_word' id='word_1_345' title='bbox 2706 3490 3004 3568; x_wconf 75' lang='grc' dir='ltr'><em>παράδοσιν</em></span> <span class='ocrx_word' id='word_1_346' title='bbox 3035 3501 3126 3553; x_wconf 83' lang='grc' dir='ltr'><strong>τῆς</strong></span> <span class='ocrx_word' id='word_1_347' title='bbox 3165 3492 3442 3553; x_wconf 81' lang='grc' dir='ltr'><strong>ἐπιστολῆς</strong></span> <span class='ocrx_word' id='word_1_348' title='bbox 3465 3501 3559 3545; x_wconf 77' lang='grc' dir='ltr'><em>τοῦ</em></span> <span class='ocrx_word' id='word_1_349' title='bbox 3584 3493 3887 3564; x_wconf 73' lang='grc' dir='ltr'><em>ἁγιωτάτου</em></span> 
     </span>
    </p>
   </div>
   <div class='ocr_carea' id='block_1_50' title="bbox 523 3563 2118 3657">
    <p class='ocr_par' dir='ltr' id='par_1_50' title="bbox 523 3563 2118 3653">
     <span class='ocr_line' id='line_1_50' title="bbox 523 3563 2118 3653; baseline 0.008 -33"><span class='ocrx_word' id='word_1_350' title='bbox 523 3563 766 3622; x_wconf 87' lang='lat' dir='ltr'><strong>stolam.</strong></span> <span class='ocrx_word' id='word_1_351' title='bbox 815 3565 1318 3625; x_wconf 82' lang='lat' dir='ltr'><strong>Chalcedonensis</strong></span> <span class='ocrx_word' id='word_1_352' title='bbox 1367 3589 1538 3629; x_wconf 87' lang='lat' dir='ltr'><strong>sacra</strong></span> <span class='ocrx_word' id='word_1_353' title='bbox 1593 3581 1651 3631; x_wconf 91' lang='lat' dir='ltr'><strong>et</strong></span> <span class='ocrx_word' id='word_1_354' title='bbox 1704 3577 1911 3635; x_wconf 87' lang='lat' dir='ltr'><strong>divina</strong></span> <span class='ocrx_word' id='word_1_355' title='bbox 1956 3563 2118 3653; x_wconf 66' lang='lat' dir='ltr'><strong>quart</strong></span> 
     </span>
    </p>
   </div>
   <div class='ocr_carea' id='block_1_51' title="bbox 2296 3563 3891 3657">
    <p class='ocr_par' dir='ltr' id='par_1_51' title="bbox 2296 3577 3891 3657">
     <span class='ocr_line' id='line_1_51' title="bbox 2296 3577 3891 3657; baseline 0.002 -25"><span class='ocrx_word' id='word_1_356' title='bbox 2296 3583 2430 3633; x_wconf 77' lang='grc' dir='ltr'><em>τάπα</em></span> <span class='ocrx_word' id='word_1_357' title='bbox 2456 3582 2656 3654; x_wconf 71' lang='grc' dir='ltr'><em>Ῥώμης</em></span> <span class='ocrx_word' id='word_1_358' title='bbox 2712 3586 2942 3642; x_wconf 82' lang='grc' dir='ltr'><em>Λέοντος.</em></span> <span class='ocrx_word' id='word_1_359' title='bbox 2974 3581 3033 3634; x_wconf 76' lang='grc' dir='ltr'>Ἠ</span> <span class='ocrx_word' id='word_1_360' title='bbox 3204 3577 3292 3632; x_wconf 84' lang='grc' dir='ltr'><strong>οὖν</strong></span> <span class='ocrx_word' id='word_1_361' title='bbox 3331 3579 3379 3631; x_wconf 85' lang='grc' dir='ltr'><strong>ἐν</strong></span> <span class='ocrx_word' id='word_1_362' title='bbox 3431 3578 3733 3638; x_wconf 74' lang='grc' dir='ltr'><strong>Χαλκηδόνι</strong></span> <span class='ocrx_word' id='word_1_363' title='bbox 3764 3583 3891 3657; x_wconf 81' lang='grc' dir='ltr'><strong>ἱερὰ</strong></span> 
     </span>
    </p>
   </div>
   <div class='ocr_carea' id='block_1_52' title="bbox 522 3654 2117 3745">
    <p class='ocr_par' dir='ltr' id='par_1_52' title="bbox 522 3654 2117 3726">
     <span class='ocr_line' id='line_1_52' title="bbox 522 3654 2117 3726; baseline 0.009 -18"><span class='ocrx_word' id='word_1_364' title='bbox 522 3654 796 3725; x_wconf 84' lang='lat' dir='ltr'><strong>synodus</strong></span> <span class='ocrx_word' id='word_1_365' title='bbox 844 3656 1095 3713; x_wconf 84' lang='lat' dir='ltr'><strong>sancivit</strong></span> <span class='ocrx_word' id='word_1_366' title='bbox 1133 3674 1198 3714; x_wconf 93' lang='lat' dir='ltr'><strong>se</strong></span> <span class='ocrx_word' id='word_1_367' title='bbox 1252 3659 1335 3716; x_wconf 88' lang='lat' dir='ltr'><strong>ita</strong></span> <span class='ocrx_word' id='word_1_368' title='bbox 1373 3663 1612 3719; x_wconf 83' lang='lat' dir='ltr'><strong>credere</strong></span> <span class='ocrx_word' id='word_1_369' title='bbox 1656 3669 1713 3721; x_wconf 90' lang='lat' dir='ltr'><strong>et</strong></span> <span class='ocrx_word' id='word_1_370' title='bbox 1767 3668 2034 3726; x_wconf 83' lang='lat' dir='ltr'><strong>conﬁteri</strong></span> <span class='ocrx_word' id='word_1_371' title='bbox 2063 3673 2117 3726; x_wconf 61' lang='lat' dir='ltr'><strong>De</strong></span> 
     </span>
    </p>
   </div>
   <div class='ocr_carea' id='block_1_53' title="bbox 2292 3654 3887 3745">
    <p class='ocr_par' dir='ltr' id='par_1_53' title="bbox 2292 3666 3887 3745">
     <span class='ocr_line' id='line_1_53' title="bbox 2292 3666 3887 3745; baseline 0.001 -25"><span class='ocrx_word' id='word_1_372' title='bbox 2292 3674 2369 3722; x_wconf 79' lang='grc' dir='ltr'><em>ιαὶ</em></span> <span class='ocrx_word' id='word_1_373' title='bbox 2401 3673 2513 3723; x_wconf 83' lang='grc' dir='ltr'><em>θεία</em></span> <span class='ocrx_word' id='word_1_374' title='bbox 2564 3674 2783 3745; x_wconf 83' lang='grc' dir='ltr'><strong>τετάρτη</strong></span> <span class='ocrx_word' id='word_1_375' title='bbox 2836 3668 3058 3732; x_wconf 71' lang='grc' dir='ltr'><em>σύνοδος</em></span> <span class='ocrx_word' id='word_1_376' title='bbox 3108 3672 3393 3741; x_wconf 82' lang='grc' dir='ltr'><em>κεκύρωκεν</em></span> <span class='ocrx_word' id='word_1_377' title='bbox 3449 3669 3584 3721; x_wconf 76' lang='grc' dir='ltr'><em>οὕτω</em></span> <span class='ocrx_word' id='word_1_378' title='bbox 3636 3666 3887 3731; x_wconf 73' lang='grc' dir='ltr'><strong>δοξάζειν</strong></span> 
     </span>
    </p>
   </div>
   <div class='ocr_carea' id='block_1_54' title="bbox 520 3742 2115 3832">
    <p class='ocr_par' dir='ltr' id='par_1_54' title="bbox 520 3742 2110 3815">
     <span class='ocr_line' id='line_1_54' title="bbox 520 3742 2110 3815; baseline 0.012 -19"><span class='ocrx_word' id='word_1_379' title='bbox 520 3742 753 3797; x_wconf 88' lang='lat' dir='ltr'><strong>minum</strong></span> <span class='ocrx_word' id='word_1_380' title='bbox 807 3748 1079 3799; x_wconf 88' lang='lat' dir='ltr'><strong>nostrum</strong></span> <span class='ocrx_word' id='word_1_381' title='bbox 1131 3749 1332 3803; x_wconf 81' lang='lat' dir='ltr'><strong>Jesum</strong></span> <span class='ocrx_word' id='word_1_382' title='bbox 1374 3750 1678 3807; x_wconf 88' lang='lat' dir='ltr'><strong>Christum</strong></span> <span class='ocrx_word' id='word_1_383' title='bbox 1735 3753 1795 3810; x_wconf 91' lang='lat' dir='ltr'><strong>in</strong></span> <span class='ocrx_word' id='word_1_384' title='bbox 1859 3758 2110 3815; x_wconf 88' lang='lat' dir='ltr'><strong>Divinita</strong></span> 
     </span>
    </p>
   </div>
   <div class='ocr_carea' id='block_1_55' title="bbox 2292 3742 3887 3832">
    <p class='ocr_par' dir='ltr' id='par_1_55' title="bbox 2292 3759 3887 3832">
     <span class='ocr_line' id='line_1_55' title="bbox 2292 3759 3887 3832; baseline 0.001 -22"><span class='ocrx_word' id='word_1_385' title='bbox 2292 3765 2368 3811; x_wconf 80' lang='grc' dir='ltr'><em>ιαὶ</em></span> <span class='ocrx_word' id='word_1_386' title='bbox 2416 3759 2680 3832; x_wconf 76' lang='grc' dir='ltr'><strong>ὁμολογεῖν</strong></span> <span class='ocrx_word' id='word_1_387' title='bbox 2735 3763 2823 3811; x_wconf 89' lang='grc' dir='ltr'><em>τὸν</em></span> <span class='ocrx_word' id='word_1_388' title='bbox 2883 3762 3072 3830; x_wconf 79' lang='grc' dir='ltr'><em>Κύριον</em></span> <span class='ocrx_word' id='word_1_389' title='bbox 3119 3760 3265 3817; x_wconf 67' lang='grc' dir='ltr'><strong>ἡμῶν</strong></span> <span class='ocrx_word' id='word_1_390' title='bbox 3312 3759 3517 3815; x_wconf 73' lang='grc' dir='ltr'><em>Ἰησοῦν</em></span> <span class='ocrx_word' id='word_1_391' title='bbox 3559 3761 3786 3832; x_wconf 82' lang='grc' dir='ltr'><em>Χριστόν</em></span> <span class='ocrx_word' id='word_1_392' title='bbox 3832 3759 3887 3812; x_wconf 85' lang='grc' dir='ltr'><em>ἐν</em></span> 
     </span>
    </p>
   </div>
   <div class='ocr_carea' id='block_1_56' title="bbox 518 3830 2113 3919">
    <p class='ocr_par' dir='ltr' id='par_1_56' title="bbox 518 3830 2113 3913">
     <span class='ocr_line' id='line_1_56' title="bbox 518 3830 2113 3913; baseline 0.011 -28"><span class='ocrx_word' id='word_1_393' title='bbox 518 3830 850 3902; x_wconf 87' lang='lat' dir='ltr'><strong>perfectum</strong></span> <span class='ocrx_word' id='word_1_394' title='bbox 879 3837 935 3888; x_wconf 91' lang='lat' dir='ltr'><strong>et</strong></span> <span class='ocrx_word' id='word_1_395' title='bbox 964 3832 1025 3888; x_wconf 91' lang='lat' dir='ltr'><strong>in</strong></span> <span class='ocrx_word' id='word_1_396' title='bbox 1062 3834 1435 3893; x_wconf 87' lang='lat' dir='ltr'><strong>humanitate</strong></span> <span class='ocrx_word' id='word_1_397' title='bbox 1465 3841 1817 3913; x_wconf 86' lang='lat' dir='ltr'><strong>perfectum,</strong></span> <span class='ocrx_word' id='word_1_398' title='bbox 1839 3846 1899 3901; x_wconf 90' lang='lat' dir='ltr'><strong>in</strong></span> <span class='ocrx_word' id='word_1_399' title='bbox 1932 3847 2113 3904; x_wconf 78' lang='lat' dir='ltr'><strong>duabl</strong></span> 
     </span>
    </p>
   </div>
   <div class='ocr_carea' id='block_1_57' title="bbox 2292 3830 3887 3919">
    <p class='ocr_par' dir='ltr' id='par_1_57' title="bbox 2292 3843 3887 3919">
     <span class='ocr_line' id='line_1_57' title="bbox 2292 3843 3887 3919; baseline 0 -19"><span class='ocrx_word' id='word_1_400' title='bbox 2292 3849 2485 3905; x_wconf 60' lang='grc' dir='ltr'><em>θεότητι</em></span> <span class='ocrx_word' id='word_1_401' title='bbox 2537 3848 2722 3900; x_wconf 74' lang='grc' dir='ltr'><em>τέλειον</em></span> <span class='ocrx_word' id='word_1_402' title='bbox 2771 3853 2863 3900; x_wconf 80' lang='grc' dir='ltr'><em>καὶ</em></span> <span class='ocrx_word' id='word_1_403' title='bbox 2914 3846 2961 3900; x_wconf 73' lang='grc' dir='ltr'><strong>ἐν</strong></span> <span class='ocrx_word' id='word_1_404' title='bbox 3012 3847 3374 3919; x_wconf 79' lang='grc' dir='ltr'><em>ἀνθρωπότητι</em></span> <span class='ocrx_word' id='word_1_405' title='bbox 3422 3845 3632 3915; x_wconf 78' lang='grc' dir='ltr'><em>τέλειον,</em></span> <span class='ocrx_word' id='word_1_406' title='bbox 3662 3844 3712 3897; x_wconf 87' lang='grc' dir='ltr'><em>ἐν</em></span> <span class='ocrx_word' id='word_1_407' title='bbox 3776 3843 3887 3900; x_wconf 74' lang='grc' dir='ltr'><strong>δύο</strong></span> 
     </span>
    </p>
   </div>
   <div class='ocr_carea' id='block_1_58' title="bbox 516 3920 2111 4010">
    <p class='ocr_par' dir='ltr' id='par_1_58' title="bbox 516 3920 2101 4001">
     <span class='ocr_line' id='line_1_58' title="bbox 516 3920 2101 4001; baseline 0.01 -25"><span class='ocrx_word' id='word_1_408' title='bbox 516 3920 746 3976; x_wconf 84' lang='lat' dir='ltr'><strong>naturis</strong></span> <span class='ocrx_word' id='word_1_409' title='bbox 771 3922 1077 3989; x_wconf 78' lang='lat' dir='ltr'><strong>cognitum</strong></span> <span class='ocrx_word' id='word_1_410' title='bbox 1113 3923 1426 3982; x_wconf 83' lang='lat' dir='ltr'><strong>inconfuse</strong></span> <span class='ocrx_word' id='word_1_411' title='bbox 1481 3934 1538 3985; x_wconf 88' lang='lat' dir='ltr'><strong>et</strong></span> <span class='ocrx_word' id='word_1_412' title='bbox 1591 3931 1865 4001; x_wconf 90' lang='lat' dir='ltr'><strong>indivise,</strong></span> <span class='ocrx_word' id='word_1_413' title='bbox 1899 3941 1954 3991; x_wconf 89' lang='lat' dir='ltr'><strong>et</strong></span> <span class='ocrx_word' id='word_1_414' title='bbox 1979 3953 2101 3992; x_wconf 92' lang='lat' dir='ltr'><strong>unu</strong></span> 
     </span>
    </p>
   </div>
   <div class='ocr_carea' id='block_1_59' title="bbox 2292 3920 3887 4010">
    <p class='ocr_par' dir='ltr' id='par_1_59' title="bbox 2292 3931 3887 4010">
     <span class='ocr_line' id='line_1_59' title="bbox 2292 3931 3887 4010; baseline 0.001 -23"><span class='ocrx_word' id='word_1_415' title='bbox 2292 3940 2469 4008; x_wconf 72' lang='grc' dir='ltr'><em>ρύσεσι</em></span> <span class='ocrx_word' id='word_1_416' title='bbox 2488 3938 2865 4010; x_wconf 76' lang='grc' dir='ltr'><em>γνωριζόμενον</em></span> <span class='ocrx_word' id='word_1_417' title='bbox 2907 3935 3228 4008; x_wconf 73' lang='grc' dir='ltr'><em>ἁσυγχύτως</em></span> <span class='ocrx_word' id='word_1_418' title='bbox 3265 3940 3355 3989; x_wconf 78' lang='grc' dir='ltr'><em>καὶ</em></span> <span class='ocrx_word' id='word_1_419' title='bbox 3408 3931 3741 4008; x_wconf 81' lang='grc' dir='ltr'><em>ἀδιαιρέτως,</em></span> <span class='ocrx_word' id='word_1_420' title='bbox 3783 3943 3887 3989; x_wconf 81' lang='grc' dir='ltr'><em>καὶ</em></span> 
     </span>
    </p>
   </div>
   <div class='ocr_carea' id='block_1_60' title="bbox 518 4010 2113 4099">
    <p class='ocr_par' dir='ltr' id='par_1_60' title="bbox 518 4010 2113 4082">
     <span class='ocr_line' id='line_1_60' title="bbox 518 4010 2113 4082; baseline 0.011 -17"><span class='ocrx_word' id='word_1_421' title='bbox 518 4010 801 4065; x_wconf 87' lang='lat' dir='ltr'><strong>eumdem</strong></span> <span class='ocrx_word' id='word_1_422' title='bbox 851 4010 1062 4066; x_wconf 90' lang='lat' dir='ltr'><strong>Filium</strong></span> <span class='ocrx_word' id='word_1_423' title='bbox 1109 4013 1375 4071; x_wconf 89' lang='lat' dir='ltr'><strong>conﬁteri</strong></span> <span class='ocrx_word' id='word_1_424' title='bbox 1408 4023 1473 4072; x_wconf 92' lang='lat' dir='ltr'><strong>ut</strong></span> <span class='ocrx_word' id='word_1_425' title='bbox 1502 4024 1639 4074; x_wconf 88' lang='lat' dir='ltr'><strong>ante</strong></span> <span class='ocrx_word' id='word_1_426' title='bbox 1669 4021 2113 4082; x_wconf 75' lang='lat' dir='ltr'><strong>incarnationem</strong></span> 
     </span>
    </p>
   </div>
   <div class='ocr_carea' id='block_1_61' title="bbox 2289 4010 3884 4099">
    <p class='ocr_par' dir='ltr' id='par_1_61' title="bbox 2289 4025 3884 4099">
     <span class='ocr_line' id='line_1_61' title="bbox 2289 4025 3884 4099; baseline -0.003 -21"><span class='ocrx_word' id='word_1_427' title='bbox 2289 4028 2472 4079; x_wconf 75' lang='grc' dir='ltr'><em>ἔνατόν</em></span> <span class='ocrx_word' id='word_1_428' title='bbox 2499 4028 2652 4079; x_wconf 67' lang='grc' dir='ltr'><em>αὐτόν</em></span> <span class='ocrx_word' id='word_1_429' title='bbox 2692 4030 2804 4079; x_wconf 80' lang='grc' dir='ltr'><em>υἱόν</em></span> <span class='ocrx_word' id='word_1_430' title='bbox 2844 4026 3109 4098; x_wconf 73' lang='grc' dir='ltr'><strong>ὁμολογεῖν</strong></span> <span class='ocrx_word' id='word_1_431' title='bbox 3157 4027 3222 4085; x_wconf 81' lang='grc' dir='ltr'><em>ὡς</em></span> <span class='ocrx_word' id='word_1_432' title='bbox 3267 4028 3369 4099; x_wconf 88' lang='grc' dir='ltr'><em>πρὸ</em></span> <span class='ocrx_word' id='word_1_433' title='bbox 3405 4033 3501 4086; x_wconf 84' lang='grc' dir='ltr'><strong>τῆς</strong></span> <span class='ocrx_word' id='word_1_434' title='bbox 3556 4025 3884 4097; x_wconf 72' lang='grc' dir='ltr'><em>ἑνανθρωπή-</em></span> 
     </span>
    </p>
   </div>
   <div class='ocr_carea' id='block_1_62' title="bbox 516 4097 2111 4188">
    <p class='ocr_par' dir='ltr' id='par_1_62' title="bbox 516 4097 2107 4171">
     <span class='ocr_line' id='line_1_62' title="bbox 516 4097 2107 4171; baseline 0.013 -20"><span class='ocrx_word' id='word_1_435' title='bbox 516 4097 601 4152; x_wconf 90' lang='lat' dir='ltr'><strong>sic</strong></span> <span class='ocrx_word' id='word_1_436' title='bbox 652 4102 791 4169; x_wconf 90' lang='lat' dir='ltr'><strong>post</strong></span> <span class='ocrx_word' id='word_1_437' title='bbox 847 4099 1344 4160; x_wconf 63' lang='lat' dir='ltr'><strong>incarnationem.</strong></span> <span class='ocrx_word' id='word_1_438' title='bbox 1415 4108 1772 4165; x_wconf 82' lang='lat' dir='ltr'><strong>Naturarum</strong></span> <span class='ocrx_word' id='word_1_439' title='bbox 1835 4113 2107 4171; x_wconf 76' lang='lat' dir='ltr'><strong>different</strong></span> 
     </span>
    </p>
   </div>
   <div class='ocr_carea' id='block_1_63' title="bbox 2287 4097 3882 4188">
    <p class='ocr_par' dir='ltr' id='par_1_63' title="bbox 2287 4115 3882 4188">
     <span class='ocr_line' id='line_1_63' title="bbox 2287 4115 3882 4188; baseline -0.001 -21"><span class='ocrx_word' id='word_1_440' title='bbox 2287 4135 2402 4177; x_wconf 74' lang='grc' dir='ltr'><em>σεως</em></span> <span class='ocrx_word' id='word_1_441' title='bbox 2452 4121 2541 4168; x_wconf 87' lang='grc' dir='ltr'><em>καὶ</em></span> <span class='ocrx_word' id='word_1_442' title='bbox 2579 4119 2707 4188; x_wconf 72' lang='grc' dir='ltr'><em>μετὰ</em></span> <span class='ocrx_word' id='word_1_443' title='bbox 2749 4120 2843 4174; x_wconf 83' lang='grc' dir='ltr'><strong>τὴν</strong></span> <span class='ocrx_word' id='word_1_444' title='bbox 2892 4116 3281 4187; x_wconf 82' lang='grc' dir='ltr'><em>ἐνανθρώπησιν</em></span> <span class='ocrx_word' id='word_1_445' title='bbox 3310 4133 3323 4147; x_wconf 80' lang='grc' dir='ltr'><em>ο</em></span> <span class='ocrx_word' id='word_1_446' title='bbox 3374 4121 3469 4175; x_wconf 84' lang='grc' dir='ltr'><strong>τῆς</strong></span> <span class='ocrx_word' id='word_1_447' title='bbox 3506 4121 3625 4165; x_wconf 48' lang='grc' dir='ltr'><strong>ίτών</strong></span> <span class='ocrx_word' id='word_1_448' title='bbox 3672 4115 3882 4183; x_wconf 74' lang='grc' dir='ltr'><em>φύσεων</em></span> 
     </span>
    </p>
   </div>
   <div class='ocr_carea' id='block_1_64' title="bbox 516 4185 2111 4278">
    <p class='ocr_par' dir='ltr' id='par_1_64' title="bbox 516 4185 2111 4276">
     <span class='ocr_line' id='line_1_64' title="bbox 516 4185 2111 4276; baseline 0.01 -38"><span class='ocrx_word' id='word_1_449' title='bbox 516 4185 761 4240; x_wconf 88' lang='lat' dir='ltr'><strong>minime</strong></span> <span class='ocrx_word' id='word_1_450' title='bbox 791 4191 928 4256; x_wconf 90' lang='lat' dir='ltr'><strong>post</strong></span> <span class='ocrx_word' id='word_1_451' title='bbox 956 4188 1241 4245; x_wconf 91' lang='lat' dir='ltr'><strong>unionem</strong></span> <span class='ocrx_word' id='word_1_452' title='bbox 1267 4192 1525 4265; x_wconf 87' lang='lat' dir='ltr'><strong>sublata,</strong></span> <span class='ocrx_word' id='word_1_453' title='bbox 1559 4206 1794 4256; x_wconf 85' lang='lat' dir='ltr'><strong>servata</strong></span> <span class='ocrx_word' id='word_1_454' title='bbox 1834 4208 2037 4258; x_wconf 87' lang='lat' dir='ltr'><strong>autem</strong></span> <span class='ocrx_word' id='word_1_455' title='bbox 2064 4221 2111 4276; x_wconf 62' lang='grc' dir='ltr'>μ</span> 
     </span>
    </p>
   </div>
   <div class='ocr_carea' id='block_1_65' title="bbox 2287 4185 3882 4278">
    <p class='ocr_par' dir='ltr' id='par_1_65' title="bbox 2287 4202 3882 4278">
     <span class='ocr_line' id='line_1_65' title="bbox 2287 4202 3882 4278; baseline -0.003 -21"><span class='ocrx_word' id='word_1_456' title='bbox 2287 4202 2528 4278; x_wconf 60' lang='grc' dir='ltr'><em>θιαφορᾰς</em></span> <span class='ocrx_word' id='word_1_457' title='bbox 2559 4202 2806 4276; x_wconf 69' lang='grc' dir='ltr'><em>οὐδαμῶς</em></span> <span class='ocrx_word' id='word_1_458' title='bbox 2836 4203 3159 4277; x_wconf 68' lang='grc' dir='ltr'><strong>ἀνῃρημένης</strong></span> <span class='ocrx_word' id='word_1_459' title='bbox 3190 4205 3321 4274; x_wconf 80' lang='grc' dir='ltr'><strong>μετά</strong></span> <span class='ocrx_word' id='word_1_460' title='bbox 3345 4206 3439 4258; x_wconf 86' lang='grc' dir='ltr'><em>τὴν</em></span> <span class='ocrx_word' id='word_1_461' title='bbox 3467 4202 3666 4271; x_wconf 76' lang='grc' dir='ltr'><em>ἕνωσιν,</em></span> <span class='ocrx_word' id='word_1_462' title='bbox 3701 4202 3882 4261; x_wconf 77' lang='grc' dir='ltr'><em>σωζο-</em></span> 
     </span>
    </p>
   </div>
   <div class='ocr_carea' id='block_1_66' title="bbox 513 4272 2108 4366">
    <p class='ocr_par' dir='ltr' id='par_1_66' title="bbox 513 4272 2108 4355">
     <span class='ocr_line' id='line_1_66' title="bbox 513 4272 2108 4355; baseline 0.012 -28"><span class='ocrx_word' id='word_1_463' title='bbox 513 4272 632 4327; x_wconf 89' lang='lat' dir='ltr'><strong>tius</strong></span> <span class='ocrx_word' id='word_1_464' title='bbox 656 4276 714 4328; x_wconf 89' lang='lat' dir='ltr'><strong>et</strong></span> <span class='ocrx_word' id='word_1_465' title='bbox 758 4283 1149 4332; x_wconf 85' lang='lat' dir='ltr'><strong>concurrente</strong></span> <span class='ocrx_word' id='word_1_466' title='bbox 1197 4279 1256 4334; x_wconf 89' lang='lat' dir='ltr'><strong>in</strong></span> <span class='ocrx_word' id='word_1_467' title='bbox 1302 4296 1488 4338; x_wconf 87' lang='lat' dir='ltr'><strong>unam</strong></span> <span class='ocrx_word' id='word_1_468' title='bbox 1530 4300 1854 4355; x_wconf 90' lang='lat' dir='ltr'><strong>personam</strong></span> <span class='ocrx_word' id='word_1_469' title='bbox 1886 4297 1942 4345; x_wconf 87' lang='lat' dir='ltr'><strong>et</strong></span> <span class='ocrx_word' id='word_1_470' title='bbox 1982 4272 2108 4348; x_wconf 76' lang='lat' dir='ltr'><strong>una:</strong></span> 
     </span>
    </p>
   </div>
   <div class='ocr_carea' id='block_1_67' title="bbox 2285 4272 3880 4366">
    <p class='ocr_par' dir='ltr' id='par_1_67' title="bbox 2285 4289 3880 4366">
     <span class='ocr_line' id='line_1_67' title="bbox 2285 4289 3880 4366; baseline -0.004 -21"><span class='ocrx_word' id='word_1_471' title='bbox 2285 4299 2430 4355; x_wconf 73' lang='grc' dir='ltr'><em>υιένης</em></span> <span class='ocrx_word' id='word_1_472' title='bbox 2462 4291 2521 4345; x_wconf 75' lang='grc' dir='ltr'><strong>δὲ</strong></span> <span class='ocrx_word' id='word_1_473' title='bbox 2548 4293 2736 4366; x_wconf 69' lang='grc' dir='ltr'><strong>μᾶλλον</strong></span> <span class='ocrx_word' id='word_1_474' title='bbox 2767 4298 2856 4344; x_wconf 84' lang='grc' dir='ltr'><em>καὶ</em></span> <span class='ocrx_word' id='word_1_475' title='bbox 2889 4294 3284 4365; x_wconf 78' lang='grc' dir='ltr'><strong>συντρεχούσης</strong></span> <span class='ocrx_word' id='word_1_476' title='bbox 3314 4290 3386 4350; x_wconf 82' lang='grc' dir='ltr'><em>εἰς</em></span> <span class='ocrx_word' id='word_1_477' title='bbox 3410 4289 3458 4342; x_wconf 77' lang='grc' dir='ltr'><strong>ἓν</strong></span> <span class='ocrx_word' id='word_1_478' title='bbox 3483 4295 3759 4361; x_wconf 89' lang='grc' dir='ltr'><em>πρόσωπον</em></span> <span class='ocrx_word' id='word_1_479' title='bbox 3779 4296 3880 4343; x_wconf 78' lang='grc' dir='ltr'><em>καὶ</em></span> 
     </span>
    </p>
   </div>
   <div class='ocr_carea' id='block_1_68' title="bbox 512 4359 2107 4456">
    <p class='ocr_par' dir='ltr' id='par_1_68' title="bbox 512 4359 2103 4456">
     <span class='ocr_line' id='line_1_68' title="bbox 512 4359 2103 4456; baseline 0.013 -42"><span class='ocrx_word' id='word_1_480' title='bbox 512 4359 921 4456; x_wconf 78' lang='lat' dir='ltr'><strong>hypostasim;</strong></span> <span class='ocrx_word' id='word_1_481' title='bbox 978 4364 1139 4420; x_wconf 78' lang='lat' dir='ltr'><strong>unde</strong></span> <span class='ocrx_word' id='word_1_482' title='bbox 1189 4371 1429 4425; x_wconf 88' lang='lat' dir='ltr'><strong>Patrum</strong></span> <span class='ocrx_word' id='word_1_483' title='bbox 1488 4376 1911 4449; x_wconf 73' lang='lat' dir='ltr'><strong>unusquisque</strong></span> <span class='ocrx_word' id='word_1_484' title='bbox 1977 4382 2103 4436; x_wconf 89' lang='lat' dir='ltr'><strong>mul</strong></span> 
     </span>
    </p>
   </div>
   <div class='ocr_carea' id='block_1_69' title="bbox 2285 4359 3880 4456">
    <p class='ocr_par' dir='ltr' id='par_1_69' title="bbox 2285 4379 3880 4453">
     <span class='ocr_line' id='line_1_69' title="bbox 2285 4379 3880 4453; baseline -0.001 -18"><span class='ocrx_word' id='word_1_485' title='bbox 2285 4389 2397 4435; x_wconf 56' lang='grc' dir='ltr'><em>λίαν</em></span> <span class='ocrx_word' id='word_1_486' title='bbox 2428 4385 2721 4435; x_wconf 79' lang='grc' dir='ltr'><em>ὑπόστασιν</em></span> <span class='ocrx_word' id='word_1_487' title='bbox 2742 4404 2755 4416; x_wconf 78' lang='grc' dir='ltr'><strong><em>ο</em></strong></span> <span class='ocrx_word' id='word_1_488' title='bbox 2788 4384 2899 4435; x_wconf 82' lang='grc' dir='ltr'><em>ὅθεν</em></span> <span class='ocrx_word' id='word_1_489' title='bbox 2931 4388 3020 4433; x_wconf 86' lang='grc' dir='ltr'><em>καὶ</em></span> <span class='ocrx_word' id='word_1_490' title='bbox 3051 4390 3150 4433; x_wconf 85' lang='grc' dir='ltr'><strong>τῶν</strong></span> <span class='ocrx_word' id='word_1_491' title='bbox 3191 4385 3429 4453; x_wconf 74' lang='grc' dir='ltr'><em>ῐιατέρων</em></span> <span class='ocrx_word' id='word_1_492' title='bbox 3462 4381 3679 4440; x_wconf 78' lang='grc' dir='ltr'><em>ἕκαστος</em></span> <span class='ocrx_word' id='word_1_493' title='bbox 3706 4379 3880 4433; x_wconf 76' lang='grc' dir='ltr'><em>πολλὰ</em></span> 
     </span>
    </p>
   </div>
   <div class='ocr_carea' id='block_1_70' title="bbox 511 4448 2106 4547">
    <p class='ocr_par' dir='ltr' id='par_1_70' title="bbox 511 4448 2106 4536">
     <span class='ocr_line' id='line_1_70' title="bbox 511 4448 2106 4536; baseline 0.014 -35"><span class='ocrx_word' id='word_1_494' title='bbox 511 4450 737 4519; x_wconf 85' lang='lat' dir='ltr'><strong>precati</strong></span> <span class='ocrx_word' id='word_1_495' title='bbox 756 4448 1103 4521; x_wconf 85' lang='lat' dir='ltr'><strong>imperatori</strong></span> <span class='ocrx_word' id='word_1_496' title='bbox 1125 4455 1419 4514; x_wconf 86' lang='lat' dir='ltr'><strong>Marciano</strong></span> <span class='ocrx_word' id='word_1_497' title='bbox 1443 4459 1505 4513; x_wconf 94' lang='lat' dir='ltr'><strong>in</strong></span> <span class='ocrx_word' id='word_1_498' title='bbox 1523 4466 1797 4534; x_wconf 88' lang='lat' dir='ltr'><strong>proprias</strong></span> <span class='ocrx_word' id='word_1_499' title='bbox 1814 4448 2106 4536; x_wconf 67' lang='lat' dir='ltr'><strong>provincia</strong></span> 
     </span>
    </p>
   </div>
   <div class='ocr_carea' id='block_1_71' title="bbox 2284 4448 3879 4547">
    <p class='ocr_par' dir='ltr' id='par_1_71' title="bbox 2284 4468 3879 4547">
     <span class='ocr_line' id='line_1_71' title="bbox 2284 4468 3879 4547; baseline -0.002 -23"><span class='ocrx_word' id='word_1_500' title='bbox 2284 4481 2362 4524; x_wconf 71' lang='lat' dir='ltr'><strong>rat)</strong></span> <span class='ocrx_word' id='word_1_501' title='bbox 2391 4470 2650 4545; x_wconf 78' lang='grc' dir='ltr'><em>βασιλέως</em></span> <span class='ocrx_word' id='word_1_502' title='bbox 2680 4471 3079 4547; x_wconf 79' lang='grc' dir='ltr'><em>ύπερευξοὲμενοι</em></span> <span class='ocrx_word' id='word_1_503' title='bbox 3106 4477 3427 4544; x_wconf 77' lang='grc' dir='ltr'><em>Μαρκιανου,</em></span> <span class='ocrx_word' id='word_1_504' title='bbox 3462 4468 3534 4529; x_wconf 80' lang='grc' dir='ltr'><strong>εὶς</strong></span> <span class='ocrx_word' id='word_1_505' title='bbox 3560 4471 3650 4528; x_wconf 78' lang='grc' dir='ltr'><em>τὰς</em></span> <span class='ocrx_word' id='word_1_506' title='bbox 3680 4468 3879 4532; x_wconf 78' lang='grc' dir='ltr'><em>οἰκείας</em></span> 
     </span>
    </p>
   </div>
   <div class='ocr_carea' id='block_1_72' title="bbox 509 4535 2869 4634">
    <p class='ocr_par' dir='ltr' id='par_1_72' title="bbox 509 4535 2869 4634">
     <span class='ocr_line' id='line_1_72' title="bbox 509 4535 2869 4634; baseline 0.011 -44"><span class='ocrx_word' id='word_1_507' title='bbox 509 4535 761 4594; x_wconf 76' lang='lat' dir='ltr'><strong>rediere.</strong></span> <span class='ocrx_word' id='word_1_508' title='bbox 1821 4535 1836 4536; x_wconf 22' lang='grc' dir='ltr'><em>γ</em></span> <span class='ocrx_word' id='word_1_509' title='bbox 2271 4535 2530 4634; x_wconf 72' lang='grc' dir='ltr'><em>ἐπαρχίας</em></span> <span class='ocrx_word' id='word_1_510' title='bbox 2562 4535 2869 4634; x_wconf 46' lang='grc' dir='ltr'><em>ἁπέτρεὶον.</em></span> 
     </span>
    </p>
   </div>
   <div class='ocr_carea' id='block_1_73' title="bbox 582 4624 2177 4721">
    <p class='ocr_par' dir='ltr' id='par_1_73' title="bbox 582 4624 2160 4721">
     <span class='ocr_line' id='line_1_73' title="bbox 582 4624 2160 4721; baseline 0.012 -41"><span class='ocrx_word' id='word_1_511' title='bbox 582 4628 638 4682; x_wconf 83' lang='grc'><strong>2.</strong></span> <span class='ocrx_word' id='word_1_512' title='bbox 671 4624 885 4721; x_wconf 76' lang='lat' dir='ltr'><strong>Classis</strong></span> <span class='ocrx_word' id='word_1_513' title='bbox 924 4632 1128 4721; x_wconf 78' lang='lat' dir='ltr'><strong>autem</strong></span> <span class='ocrx_word' id='word_1_514' title='bbox 1174 4646 1311 4703; x_wconf 67' lang='lat' dir='ltr'><strong>quae</strong></span> <span class='ocrx_word' id='word_1_515' title='bbox 1356 4633 1717 4694; x_wconf 82' lang='lat' dir='ltr'><strong>Alexandria</strong></span> <span class='ocrx_word' id='word_1_516' title='bbox 1747 4642 2160 4701; x_wconf 86' lang='lat' dir='ltr'><strong>Constantino-</strong></span> 
     </span>
    </p>
   </div>
   <div class='ocr_carea' id='block_1_74' title="bbox 2280 4624 3875 4721">
    <p class='ocr_par' dir='ltr' id='par_1_74' title="bbox 2343 4624 3875 4721">
     <span class='ocr_line' id='line_1_74' title="bbox 2343 4624 3875 4721; baseline -0.002 -19"><span class='ocrx_word' id='word_1_517' title='bbox 2343 4624 2517 4721; x_wconf 46' lang='lat' dir='ltr'><strong>3&#39;:-T6</strong></span> <span class='ocrx_word' id='word_1_518' title='bbox 2565 4646 2625 4701; x_wconf 62' lang='grc' dir='ltr'><strong>δὲ</strong></span> <span class='ocrx_word' id='word_1_519' title='bbox 2748 4624 2859 4710; x_wconf 42' lang='grc' dir='ltr'><em>’τῆς</em></span> <span class='ocrx_word' id='word_1_520' title='bbox 2899 4643 3285 4719; x_wconf 74' lang='grc' dir='ltr'><em>Ἀλεξανδρείας</em></span> <span class='ocrx_word' id='word_1_521' title='bbox 3320 4649 3562 4698; x_wconf 85' lang='grc' dir='ltr'><em>ναυτικόν</em></span> <span class='ocrx_word' id='word_1_522' title='bbox 3591 4645 3617 4698; x_wconf 86' lang='grc' dir='ltr'><strong>ὃ</strong></span> <span class='ocrx_word' id='word_1_523' title='bbox 3645 4653 3875 4720; x_wconf 76' lang='grc' dir='ltr'><em>κατῆρεν</em></span> 
     </span>
    </p>
   </div>
   <div class='ocr_carea' id='block_1_75' title="bbox 511 4713 2106 4809">
    <p class='ocr_par' dir='ltr' id='par_1_75' title="bbox 511 4713 2106 4809">
     <span class='ocr_line' id='line_1_75' title="bbox 511 4713 2106 4809; baseline 0.015 -44"><span class='ocrx_word' id='word_1_524' title='bbox 511 4714 700 4786; x_wconf 90' lang='lat' dir='ltr'><strong>polim</strong></span> <span class='ocrx_word' id='word_1_525' title='bbox 731 4713 1136 4809; x_wconf 75' lang='lat' dir='ltr'><strong>descendebat</strong></span> <span class='ocrx_word' id='word_1_526' title='bbox 1165 4735 1305 4776; x_wconf 90' lang='lat' dir='ltr'><strong>eum</strong></span> <span class='ocrx_word' id='word_1_527' title='bbox 1339 4721 1621 4781; x_wconf 92' lang='lat' dir='ltr'><strong>Dioscoro</strong></span> <span class='ocrx_word' id='word_1_528' title='bbox 1641 4727 1822 4798; x_wconf 90' lang='lat' dir='ltr'><strong>hujus</strong></span> <span class='ocrx_word' id='word_1_529' title='bbox 1849 4731 2011 4787; x_wconf 89' lang='lat' dir='ltr'><strong>urbis</strong></span> <span class='ocrx_word' id='word_1_530' title='bbox 2032 4750 2106 4806; x_wconf 90' lang='lat' dir='ltr'><strong>ep</strong></span> 
     </span>
    </p>
   </div>
   <div class='ocr_carea' id='block_1_76' title="bbox 2278 4713 3873 4809">
    <p class='ocr_par' dir='ltr' id='par_1_76' title="bbox 2278 4737 3873 4809">
     <span class='ocr_line' id='line_1_76' title="bbox 2278 4737 3873 4809; baseline 0 -21"><span class='ocrx_word' id='word_1_531' title='bbox 2278 4737 2340 4798; x_wconf 79' lang='grc' dir='ltr'><em>εἰς</em></span> <span class='ocrx_word' id='word_1_532' title='bbox 2409 4737 2950 4790; x_wconf 74' lang='grc' dir='ltr'><em>Κωνσταντιτούπολιν</em></span> <span class='ocrx_word' id='word_1_533' title='bbox 3000 4737 3110 4809; x_wconf 79' lang='grc' dir='ltr'><em>ἅμα</em></span> <span class='ocrx_word' id='word_1_534' title='bbox 3174 4739 3441 4806; x_wconf 82' lang='grc' dir='ltr'><em>Διοσκόρῷ</em></span> <span class='ocrx_word' id='word_1_535' title='bbox 3498 4742 3569 4805; x_wconf 76' lang='grc' dir='ltr'><em>τῷ</em></span> <span class='ocrx_word' id='word_1_536' title='bbox 3625 4742 3719 4795; x_wconf 85' lang='grc' dir='ltr'><strong>τῆς</strong></span> <span class='ocrx_word' id='word_1_537' title='bbox 3770 4740 3873 4788; x_wconf 67' lang='grc' dir='ltr'><em>πόα</em></span> 
     </span>
    </p>
   </div>
   <div class='ocr_carea' id='block_1_77' title="bbox 511 4803 2106 4899">
    <p class='ocr_par' dir='ltr' id='par_1_77' title="bbox 511 4803 2106 4889">
     <span class='ocr_line' id='line_1_77' title="bbox 511 4803 2106 4889; baseline 0.014 -32"><span class='ocrx_word' id='word_1_538' title='bbox 511 4817 698 4875; x_wconf 90' lang='lat' dir='ltr'><strong>scopo</strong></span> <span class='ocrx_word' id='word_1_539' title='bbox 719 4809 776 4858; x_wconf 92' lang='lat' dir='ltr'><strong>et</strong></span> <span class='ocrx_word' id='word_1_540' title='bbox 794 4803 1242 4878; x_wconf 88' lang='lat' dir='ltr'><strong>chorepiscopis</strong></span> <span class='ocrx_word' id='word_1_541' title='bbox 1273 4811 1375 4882; x_wconf 91' lang='lat' dir='ltr'><strong>qui</strong></span> <span class='ocrx_word' id='word_1_542' title='bbox 1398 4812 1512 4867; x_wconf 91' lang='lat' dir='ltr'><strong>sub</strong></span> <span class='ocrx_word' id='word_1_543' title='bbox 1542 4815 1671 4884; x_wconf 86' lang='lat' dir='ltr'><strong>ejus</strong></span> <span class='ocrx_word' id='word_1_544' title='bbox 1693 4823 1981 4889; x_wconf 89' lang='lat' dir='ltr'><strong>potestate</strong></span> <span class='ocrx_word' id='word_1_545' title='bbox 1993 4803 2106 4880; x_wconf 71' lang='lat' dir='ltr'><strong>erat</strong></span> 
     </span>
    </p>
   </div>
   <div class='ocr_carea' id='block_1_78' title="bbox 2278 4803 3873 4899">
    <p class='ocr_par' dir='ltr' id='par_1_78' title="bbox 2278 4822 3873 4899">
     <span class='ocr_line' id='line_1_78' title="bbox 2278 4822 3873 4899; baseline 0 -22"><span class='ocrx_word' id='word_1_546' title='bbox 2278 4828 2392 4888; x_wconf 75' lang='grc' dir='ltr'><em>λεως</em></span> <span class='ocrx_word' id='word_1_547' title='bbox 2446 4830 2645 4890; x_wconf 81' lang='grc' dir='ltr'><em>ταύτης</em></span> <span class='ocrx_word' id='word_1_548' title='bbox 2708 4827 2978 4898; x_wconf 82' lang='grc' dir='ltr'><em>ἐπισκόπῳ</em></span> <span class='ocrx_word' id='word_1_549' title='bbox 3038 4830 3127 4878; x_wconf 85' lang='grc' dir='ltr'><em>καὶ</em></span> <span class='ocrx_word' id='word_1_550' title='bbox 3177 4832 3282 4886; x_wconf 88' lang='grc' dir='ltr'><em>τοῖς</em></span> <span class='ocrx_word' id='word_1_551' title='bbox 3333 4826 3433 4877; x_wconf 76' lang='grc' dir='ltr'><strong>ὑπὸ</strong></span> <span class='ocrx_word' id='word_1_552' title='bbox 3493 4828 3583 4882; x_wconf 78' lang='grc' dir='ltr'><em>τὴν</em></span> <span class='ocrx_word' id='word_1_553' title='bbox 3647 4822 3873 4899; x_wconf 78' lang='grc' dir='ltr'><em>ἐπικρά-</em></span> 
     </span>
    </p>
   </div>
   <div class='ocr_carea' id='block_1_79' title="bbox 510 4891 2105 4989">
    <p class='ocr_par' dir='ltr' id='par_1_79' title="bbox 510 4891 2105 4972">
     <span class='ocr_line' id='line_1_79' title="bbox 510 4891 2105 4972; baseline 0.014 -26"><span class='ocrx_word' id='word_1_554' title='bbox 510 4891 802 4948; x_wconf 84' lang='lat' dir='ltr'><strong>seditione</strong></span> <span class='ocrx_word' id='word_1_555' title='bbox 855 4893 1051 4950; x_wconf 86' lang='lat' dir='ltr'><strong>excita</strong></span> <span class='ocrx_word' id='word_1_556' title='bbox 1104 4896 1326 4954; x_wconf 88' lang='lat' dir='ltr'><strong>multas</strong></span> <span class='ocrx_word' id='word_1_557' title='bbox 1367 4912 1653 4972; x_wconf 87' lang='lat' dir='ltr'><strong>operatur</strong></span> <span class='ocrx_word' id='word_1_558' title='bbox 1689 4907 1885 4964; x_wconf 62' lang='lat' dir='ltr'><strong>cades</strong></span> <span class='ocrx_word' id='word_1_559' title='bbox 1950 4927 2105 4968; x_wconf 72' lang='lat' dir='ltr'><strong>eorui</strong></span> 
     </span>
    </p>
   </div>
   <div class='ocr_carea' id='block_1_80' title="bbox 2282 4891 3877 4989">
    <p class='ocr_par' dir='ltr' id='par_1_80' title="bbox 2282 4911 3877 4989">
     <span class='ocr_line' id='line_1_80' title="bbox 2282 4911 3877 4989; baseline -0.002 -22"><span class='ocrx_word' id='word_1_560' title='bbox 2282 4935 2408 4967; x_wconf 71' lang='grc' dir='ltr'><em>τειαν</em></span> <span class='ocrx_word' id='word_1_561' title='bbox 2467 4916 2627 4968; x_wconf 69' lang='grc' dir='ltr'><em>αὐτοῦ</em></span> <span class='ocrx_word' id='word_1_562' title='bbox 2684 4920 3109 4989; x_wconf 78' lang='grc' dir='ltr'><em>χωρεπισκόποις</em></span> <span class='ocrx_word' id='word_1_563' title='bbox 3162 4917 3460 4966; x_wconf 71' lang='grc' dir='ltr'><em>στασιάσειν</em></span> <span class='ocrx_word' id='word_1_564' title='bbox 3512 4911 3727 4972; x_wconf 71' lang='grc' dir='ltr'><em>πολλοὺς</em></span> <span class='ocrx_word' id='word_1_565' title='bbox 3789 4912 3877 4986; x_wconf 81' lang='grc' dir='ltr'><em>ἐρ-</em></span> 
     </span>
    </p>
   </div>
   <div class='ocr_carea' id='block_1_81' title="bbox 509 4979 2104 5078">
    <p class='ocr_par' dir='ltr' id='par_1_81' title="bbox 509 4979 2104 5063">
     <span class='ocr_line' id='line_1_81' title="bbox 509 4979 2104 5063; baseline 0.015 -30"><span class='ocrx_word' id='word_1_566' title='bbox 509 4979 627 5050; x_wconf 84' lang='lat' dir='ltr'><strong>qui</strong></span> <span class='ocrx_word' id='word_1_567' title='bbox 664 4981 759 5037; x_wconf 91' lang='lat' dir='ltr'><strong>sui</strong></span> <span class='ocrx_word' id='word_1_568' title='bbox 814 4981 1083 5055; x_wconf 89' lang='lat' dir='ltr'><strong>episcopi</strong></span> <span class='ocrx_word' id='word_1_569' title='bbox 1141 4985 1401 5043; x_wconf 87' lang='lat' dir='ltr'><strong>Dioscori</strong></span> <span class='ocrx_word' id='word_1_570' title='bbox 1435 4989 1795 5063; x_wconf 86' lang='lat' dir='ltr'><strong>depositioni</strong></span> <span class='ocrx_word' id='word_1_571' title='bbox 1841 5002 1898 5054; x_wconf 90' lang='lat' dir='ltr'><strong>et</strong></span> <span class='ocrx_word' id='word_1_572' title='bbox 1953 5001 2104 5057; x_wconf 77' lang='lat' dir='ltr'><strong>eXsil:</strong></span> 
     </span>
    </p>
   </div>
   <div class='ocr_carea' id='block_1_82' title="bbox 2280 4979 3875 5078">
    <p class='ocr_par' dir='ltr' id='par_1_82' title="bbox 2280 5001 3875 5078">
     <span class='ocr_line' id='line_1_82' title="bbox 2280 5001 3875 5078; baseline -0.002 -23"><span class='ocrx_word' id='word_1_573' title='bbox 2280 5006 2485 5076; x_wconf 74' lang='grc' dir='ltr'><em>γαζεται</em></span> <span class='ocrx_word' id='word_1_574' title='bbox 2533 5010 2718 5078; x_wconf 81' lang='grc' dir='ltr'><em>φόνους</em></span> <span class='ocrx_word' id='word_1_575' title='bbox 2760 5014 2861 5057; x_wconf 86' lang='grc' dir='ltr'><em>τῶν</em></span> <span class='ocrx_word' id='word_1_576' title='bbox 2914 5013 2976 5077; x_wconf 77' lang='grc' dir='ltr'><em>τῇ</em></span> <span class='ocrx_word' id='word_1_577' title='bbox 3025 5005 3327 5076; x_wconf 83' lang='grc' dir='ltr'><em>καθαιρέσει</em></span> <span class='ocrx_word' id='word_1_578' title='bbox 3381 5006 3471 5054; x_wconf 77' lang='grc' dir='ltr'><em>καὶ</em></span> <span class='ocrx_word' id='word_1_579' title='bbox 3523 5001 3694 5075; x_wconf 81' lang='grc' dir='ltr'><em>ἐξορίᾳ</em></span> <span class='ocrx_word' id='word_1_580' title='bbox 3742 5020 3875 5053; x_wconf 83' lang='grc' dir='ltr'><em>συν-</em></span> 
     </span>
    </p>
   </div>
   <div class='ocr_carea' id='block_1_83' title="bbox 508 5073 2103 5169">
    <p class='ocr_par' dir='ltr' id='par_1_83' title="bbox 508 5073 2103 5144">
     <span class='ocr_line' id='line_1_83' title="bbox 508 5073 2103 5144; baseline 0.015 -23"><span class='ocrx_word' id='word_1_581' title='bbox 508 5076 959 5139; x_wconf 89' lang='lat' dir='ltr'><strong>consenserant,</strong></span> <span class='ocrx_word' id='word_1_582' title='bbox 989 5073 1113 5128; x_wconf 83' lang='lat' dir='ltr'><strong>suis</strong></span> <span class='ocrx_word' id='word_1_583' title='bbox 1170 5074 1404 5132; x_wconf 86' lang='lat' dir='ltr'><strong>actibus</strong></span> <span class='ocrx_word' id='word_1_584' title='bbox 1435 5082 1806 5140; x_wconf 84' lang='lat' dir='ltr'><strong>conﬁrmans</strong></span> <span class='ocrx_word' id='word_1_585' title='bbox 1844 5088 2103 5144; x_wconf 67' lang='lat' dir='ltr'><strong>violentit</strong></span> 
     </span>
    </p>
   </div>
   <div class='ocr_carea' id='block_1_84' title="bbox 2279 5073 3874 5169">
    <p class='ocr_par' dir='ltr' id='par_1_84' title="bbox 2279 5089 3874 5169">
     <span class='ocr_line' id='line_1_84' title="bbox 2279 5089 3874 5169; baseline -0.002 -23"><span class='ocrx_word' id='word_1_586' title='bbox 2279 5096 2578 5146; x_wconf 79' lang='grc' dir='ltr'><em>κινεσοξντων</em></span> <span class='ocrx_word' id='word_1_587' title='bbox 2622 5101 2714 5146; x_wconf 80' lang='grc' dir='ltr'><strong>τοῦ</strong></span> <span class='ocrx_word' id='word_1_588' title='bbox 2773 5097 2944 5169; x_wconf 81' lang='grc' dir='ltr'><em>ἱερέως</em></span> <span class='ocrx_word' id='word_1_589' title='bbox 2993 5100 3132 5165; x_wconf 73' lang='grc' dir='ltr'><strong>σφῶν</strong></span> <span class='ocrx_word' id='word_1_590' title='bbox 3170 5099 3264 5143; x_wconf 79' lang='grc' dir='ltr'><strong>τοῦ</strong></span> <span class='ocrx_word' id='word_1_591' title='bbox 3318 5094 3624 5164; x_wconf 85' lang='grc' dir='ltr'><em>Διοσκόρου,</em></span> <span class='ocrx_word' id='word_1_592' title='bbox 3656 5089 3710 5141; x_wconf 80' lang='grc' dir='ltr'><strong>ἐκ</strong></span> <span class='ocrx_word' id='word_1_593' title='bbox 3765 5097 3874 5143; x_wconf 80' lang='grc' dir='ltr'><em>τῶν</em></span> 
     </span>
    </p>
   </div>
   <div class='ocr_carea' id='block_1_85' title="bbox 508 5158 2103 5257">
    <p class='ocr_par' dir='ltr' id='par_1_85' title="bbox 508 5158 2103 5234">
     <span class='ocr_line' id='line_1_85' title="bbox 508 5158 2103 5234; baseline 0.013 -24"><span class='ocrx_word' id='word_1_594' title='bbox 508 5170 637 5211; x_wconf 88' lang='lat' dir='ltr'><strong>rem</strong></span> <span class='ocrx_word' id='word_1_595' title='bbox 667 5158 804 5228; x_wconf 80' lang='lat' dir='ltr'><strong>igne</strong></span> <span class='ocrx_word' id='word_1_596' title='bbox 829 5175 960 5216; x_wconf 89' lang='lat' dir='ltr'><strong>esse</strong></span> <span class='ocrx_word' id='word_1_597' title='bbox 982 5162 1262 5219; x_wconf 87' lang='lat' dir='ltr'><strong>navalem</strong></span> <span class='ocrx_word' id='word_1_598' title='bbox 1286 5166 1778 5229; x_wconf 87' lang='lat' dir='ltr'><strong>inobedientiam.</strong></span> <span class='ocrx_word' id='word_1_599' title='bbox 1810 5177 1923 5232; x_wconf 91' lang='lat' dir='ltr'><strong>Sed</strong></span> <span class='ocrx_word' id='word_1_600' title='bbox 1954 5183 2011 5234; x_wconf 90' lang='lat' dir='ltr'><strong>et</strong></span> <span class='ocrx_word' id='word_1_601' title='bbox 2053 5179 2103 5232; x_wconf 68' lang='grc' dir='ltr'><strong>Ρ⁴</strong></span> 
     </span>
    </p>
   </div>
   <div class='ocr_carea' id='block_1_86' title="bbox 2283 5158 3878 5257">
    <p class='ocr_par' dir='ltr' id='par_1_86' title="bbox 2283 5172 3878 5257">
     <span class='ocr_line' id='line_1_86' title="bbox 2283 5172 3878 5257; baseline -0.002 -23"><span class='ocrx_word' id='word_1_602' title='bbox 2283 5185 2429 5257; x_wconf 71' lang='grc' dir='ltr'><em>ἔργων</em></span> <span class='ocrx_word' id='word_1_603' title='bbox 2496 5183 2655 5235; x_wconf 70' lang='grc' dir='ltr'><em>αὐτοῦ</em></span> <span class='ocrx_word' id='word_1_604' title='bbox 2696 5186 3036 5254; x_wconf 80' lang='grc' dir='ltr'><em>πιστούμενοι</em></span> <span class='ocrx_word' id='word_1_605' title='bbox 3095 5172 3516 5253; x_wconf 71' lang='grc' dir='ltr'><em>δραστικωτέραν</em></span> <span class='ocrx_word' id='word_1_606' title='bbox 3581 5174 3711 5231; x_wconf 84' lang='grc' dir='ltr'><em>εἶναι</em></span> <span class='ocrx_word' id='word_1_607' title='bbox 3772 5197 3878 5231; x_wconf 80' lang='grc' dir='ltr'><em>πυ-</em></span> 
     </span>
    </p>
   </div>
   <div class='ocr_carea' id='block_1_87' title="bbox 507 5243 2102 5347">
    <p class='ocr_par' dir='ltr' id='par_1_87' title="bbox 507 5243 2102 5331">
     <span class='ocr_line' id='line_1_87' title="bbox 507 5243 2102 5331; baseline 0.015 -32"><span class='ocrx_word' id='word_1_608' title='bbox 507 5243 809 5303; x_wconf 69' lang='lat' dir='ltr'><strong>laastinmis</strong></span> <span class='ocrx_word' id='word_1_609' title='bbox 849 5249 1147 5324; x_wconf 90' lang='lat' dir='ltr'><strong>episcopis</strong></span> <span class='ocrx_word' id='word_1_610' title='bbox 1185 5255 1697 5331; x_wconf 88' lang='lat' dir='ltr'><strong>Constantinopoli</strong></span> <span class='ocrx_word' id='word_1_611' title='bbox 1736 5248 2102 5323; x_wconf 79' lang='lat' dir='ltr'><strong>commorant</strong></span> 
     </span>
    </p>
   </div>
   <div class='ocr_carea' id='block_1_88' title="bbox 2278 5243 3873 5347">
    <p class='ocr_par' dir='ltr' id='par_1_88' title="bbox 2278 5266 3873 5333">
     <span class='ocr_line' id='line_1_88' title="bbox 2278 5266 3873 5333; baseline -0.003 -8"><span class='ocrx_word' id='word_1_612' title='bbox 2278 5275 2352 5333; x_wconf 70' lang='grc' dir='ltr'><em>οὸς</em></span> <span class='ocrx_word' id='word_1_613' title='bbox 2394 5270 2744 5325; x_wconf 78' lang='grc' dir='ltr'><em>ἀπαιδευσίαν</em></span> <span class='ocrx_word' id='word_1_614' title='bbox 2807 5276 2899 5331; x_wconf 81' lang='grc' dir='ltr'><strong>τὴν</strong></span> <span class='ocrx_word' id='word_1_615' title='bbox 2957 5275 3226 5327; x_wconf 77' lang='grc' dir='ltr'><em>ναυτικήν.</em></span> <span class='ocrx_word' id='word_1_616' title='bbox 3289 5267 3445 5321; x_wconf 80' lang='grc' dir='ltr'>Ἀλλὰ</span> <span class='ocrx_word' id='word_1_617' title='bbox 3513 5272 3604 5320; x_wconf 80' lang='grc' dir='ltr'><em>καὶ</em></span> <span class='ocrx_word' id='word_1_618' title='bbox 3658 5274 3759 5319; x_wconf 83' lang='grc' dir='ltr'><em>τῶν</em></span> <span class='ocrx_word' id='word_1_619' title='bbox 3808 5266 3873 5320; x_wconf 76' lang='grc' dir='ltr'><strong>ἐκ</strong></span> 
     </span>
    </p>
   </div>
   <div class='ocr_carea' id='block_1_89' title="bbox 505 5333 2100 5434">
    <p class='ocr_par' dir='ltr' id='par_1_89' title="bbox 505 5333 2100 5434">
     <span class='ocr_line' id='line_1_89' title="bbox 505 5333 2100 5434; baseline 0.012 -44"><span class='ocrx_word' id='word_1_620' title='bbox 505 5333 648 5404; x_wconf 90' lang='lat' dir='ltr'><strong>bus,</strong></span> <span class='ocrx_word' id='word_1_621' title='bbox 670 5339 953 5434; x_wconf 80' lang='lat' dir='ltr'><strong>monachi</strong></span> <span class='ocrx_word' id='word_1_622' title='bbox 982 5341 1234 5434; x_wconf 66' lang='lat' dir='ltr'><strong>quidam</strong></span> <span class='ocrx_word' id='word_1_623' title='bbox 1264 5344 1665 5406; x_wconf 81' lang='lat' dir='ltr'><strong>Theodosium</strong></span> <span class='ocrx_word' id='word_1_624' title='bbox 1691 5355 2021 5425; x_wconf 89' lang='lat' dir='ltr'><strong>quemdam</strong></span> <span class='ocrx_word' id='word_1_625' title='bbox 2054 5373 2100 5414; x_wconf 72' lang='lat' dir='ltr'><strong>a1</strong></span> 
     </span>
    </p>
   </div>
   <div class='ocr_carea' id='block_1_90' title="bbox 2277 5333 3872 5434">
    <p class='ocr_par' dir='ltr' id='par_1_90' title="bbox 2277 5356 3872 5434">
     <span class='ocr_line' id='line_1_90' title="bbox 2277 5356 3872 5434; baseline -0.005 -22"><span class='ocrx_word' id='word_1_626' title='bbox 2277 5361 2618 5421; x_wconf 81' lang='grc' dir='ltr'><em>Παλαιστίνης</em></span> <span class='ocrx_word' id='word_1_627' title='bbox 2693 5362 2860 5434; x_wconf 80' lang='grc' dir='ltr'><em>ἱερέων</em></span> <span class='ocrx_word' id='word_1_628' title='bbox 2929 5356 3360 5433; x_wconf 78' lang='grc' dir='ltr'><em>ἐνδιατρίϐόντων</em></span> <span class='ocrx_word' id='word_1_629' title='bbox 3423 5357 3500 5409; x_wconf 76' lang='grc' dir='ltr'><em>ἔτι</em></span> <span class='ocrx_word' id='word_1_630' title='bbox 3572 5362 3636 5428; x_wconf 75' lang='grc' dir='ltr'><em>τῇ</em></span> <span class='ocrx_word' id='word_1_631' title='bbox 3716 5360 3872 5407; x_wconf 83' lang='grc' dir='ltr'><em>Κων-</em></span> 
     </span>
    </p>
   </div>
   <div class='ocr_carea' id='block_1_91' title="bbox 507 5427 2102 5520">
    <p class='ocr_par' dir='ltr' id='par_1_91' title="bbox 507 5427 2102 5518">
     <span class='ocr_line' id='line_1_91' title="bbox 507 5427 2102 5518; baseline 0.015 -39"><span class='ocrx_word' id='word_1_632' title='bbox 507 5427 735 5480; x_wconf 87' lang='lat' dir='ltr'><strong>ctorem</strong></span> <span class='ocrx_word' id='word_1_633' title='bbox 767 5428 973 5491; x_wconf 81' lang='lat' dir='ltr'><strong>secuti,</strong></span> <span class='ocrx_word' id='word_1_634' title='bbox 997 5428 1269 5487; x_wconf 77' lang='lat' dir='ltr'><strong>Ecclesiae</strong></span> <span class='ocrx_word' id='word_1_635' title='bbox 1290 5450 1510 5508; x_wconf 90' lang='lat' dir='ltr'><strong>corpus</strong></span> <span class='ocrx_word' id='word_1_636' title='bbox 1530 5441 1802 5498; x_wconf 89' lang='lat' dir='ltr'><strong>scindere</strong></span> <span class='ocrx_word' id='word_1_637' title='bbox 1824 5460 2102 5518; x_wconf 74' lang='lat' dir='ltr'><strong>cmperun</strong></span> 
     </span>
    </p>
   </div>
   <div class='ocr_carea' id='block_1_92' title="bbox 2278 5427 3873 5520">
    <p class='ocr_par' dir='ltr' id='par_1_92' title="bbox 2278 5447 3873 5519">
     <span class='ocr_line' id='line_1_92' title="bbox 2278 5447 3873 5519; baseline -0.003 -17"><span class='ocrx_word' id='word_1_638' title='bbox 2278 5450 2689 5502; x_wconf 75' lang='grc' dir='ltr'><em>τταντινουπόλει</em></span> <span class='ocrx_word' id='word_1_639' title='bbox 2721 5491 2735 5516; x_wconf 91' lang='grc'><em>,</em></span> <span class='ocrx_word' id='word_1_640' title='bbox 2792 5452 2923 5510; x_wconf 72' lang='grc' dir='ltr'><em>τινες</em></span> <span class='ocrx_word' id='word_1_641' title='bbox 2975 5456 3075 5499; x_wconf 85' lang='grc' dir='ltr'><em>τῶν</em></span> <span class='ocrx_word' id='word_1_642' title='bbox 3131 5454 3378 5519; x_wconf 79' lang='grc' dir='ltr'><em>μοναχῶν</em></span> <span class='ocrx_word' id='word_1_643' title='bbox 3408 5489 3422 5512; x_wconf 85' lang='grc'>,</span> <span class='ocrx_word' id='word_1_644' title='bbox 3471 5447 3681 5516; x_wconf 73' lang='grc' dir='ltr'><em>ἔχοντες</em></span> <span class='ocrx_word' id='word_1_645' title='bbox 3746 5462 3873 5497; x_wconf 83' lang='grc' dir='ltr'><em>τινα</em></span> 
     </span>
    </p>
   </div>
   <div class='ocr_carea' id='block_1_93' title="bbox 508 5513 2103 5612">
    <p class='ocr_par' dir='ltr' id='par_1_93' title="bbox 508 5513 2103 5610">
     <span class='ocr_line' id='line_1_93' title="bbox 508 5513 2103 5610; baseline 0.013 -41"><span class='ocrx_word' id='word_1_646' title='bbox 508 5518 566 5569; x_wconf 89' lang='lat' dir='ltr'><strong>et</strong></span> <span class='ocrx_word' id='word_1_647' title='bbox 592 5513 1016 5572; x_wconf 86' lang='lat' dir='ltr'><strong>indivisibilem</strong></span> <span class='ocrx_word' id='word_1_648' title='bbox 1046 5519 1177 5590; x_wconf 90' lang='lat' dir='ltr'><strong>ejus</strong></span> <span class='ocrx_word' id='word_1_649' title='bbox 1208 5523 1472 5582; x_wconf 90' lang='lat' dir='ltr'><strong>tunicam</strong></span> <span class='ocrx_word' id='word_1_650' title='bbox 1520 5527 1884 5606; x_wconf 77' lang='lat' dir='ltr'><strong>diﬂ‘ringere,</strong></span> <span class='ocrx_word' id='word_1_651' title='bbox 1916 5513 1972 5592; x_wconf 79' lang='lat' dir='ltr'><strong>et</strong></span> <span class='ocrx_word' id='word_1_652' title='bbox 1999 5537 2103 5610; x_wconf 77' lang='lat' dir='ltr'><strong>epi:</strong></span> 
     </span>
    </p>
   </div>
   <div class='ocr_carea' id='block_1_94' title="bbox 2275 5513 3870 5612">
    <p class='ocr_par' dir='ltr' id='par_1_94' title="bbox 2275 5531 3870 5612">
     <span class='ocr_line' id='line_1_94' title="bbox 2275 5531 3870 5612; baseline -0.006 -20"><span class='ocrx_word' id='word_1_653' title='bbox 2275 5537 2550 5593; x_wconf 71' lang='grc' dir='ltr'><em>Θεοδόσιον</em></span> <span class='ocrx_word' id='word_1_654' title='bbox 2614 5538 2838 5612; x_wconf 79' lang='grc' dir='ltr'><em>ἔξαρχον</em></span> <span class='ocrx_word' id='word_1_655' title='bbox 2902 5537 3093 5605; x_wconf 71' lang='grc' dir='ltr'><em>αὐτῶν,</em></span> <span class='ocrx_word' id='word_1_656' title='bbox 3135 5535 3358 5611; x_wconf 79' lang='grc' dir='ltr'><em>ἤρξαντο</em></span> <span class='ocrx_word' id='word_1_657' title='bbox 3396 5536 3454 5586; x_wconf 85' lang='grc' dir='ltr'><strong>τό</strong></span> <span class='ocrx_word' id='word_1_658' title='bbox 3509 5541 3605 5595; x_wconf 82' lang='grc' dir='ltr'><strong>τῆς</strong></span> <span class='ocrx_word' id='word_1_659' title='bbox 3644 5531 3870 5592; x_wconf 74' lang='grc' dir='ltr'><em>Ἐκκλη-</em></span> 
     </span>
    </p>
   </div>
  </div>
