4040 6318
563 314 631 375 71
1912 299 2180 368 ΝῙΟΕἸἝ
2210 300 2584 368 ΟΗΟΝΙΑἨΕ

3873 313 3965 378 72

564 442 830 501 alienum
856 441 958 500 illo
987 438 1192 500 inferri
1222 437 1507 496 omnibus
1542 435 1803 496 dilucide
1832 435 2208 494 monstravit.

2328 437 2414 488 τόν
2442 453 2498 488 τε
2525 438 2678 493 τόμον
2717 433 3013 507 ἐξηγήσατο
3040 436 3175 510 (1)ξ,“
3208 440 3298 490 καὶ
3347 434 3517 501 καλῶς
3563 438 3703 512 ἔχειν
3754 449 3958 497 τοῦτον

565 536 843 589 Attamen
870 536 925 589 et
950 532 1035 588 sic
1063 528 1285 587 diutius
1309 528 1370 584 in
1408 526 1775 584 oblivionem
1805 526 2014 583 incidit
2042 540 2220 599 syno-

566 621 701 694 dus,
749 625 804 678 et
844 619 1263 693 unusquisque
1308 615 1476 691 quod
1528 615 1641 672 sibi
1684 614 2027 689 jucundum
2065 617 2223 671 esset

561 710 927 785 principium
979 707 1248 782 arripuit,
1306 709 1365 763 et
1405 706 1698 780 quoniam
1753 703 1976 776 singuli
2001 702 2081 761 ad
2106 702 2221 760 sibi

565 803 873 873 acceptam
893 798 1076 854 ﬁdem
1091 793 1540 866 confugiebant,
1558 809 1782 865 magna
1801 793 2219 851 haereticorum

562 894 620 947 et
644 889 1167 946 schismaticorum
1200 884 1520 942 multitudo
1550 883 1824 942 recrevit.
1862 882 2219 939 Anastasius

558 979 758 1051 igitur,
782 990 1021 1048 magum
1068 974 1395 1033 Antiochiae
1435 973 1683 1030 antistes
1710 988 1821 1046 pro
1853 971 2092 1046 synodo
2129 971 2219 1027 iu-

560 1068 719 1140 stitit,
771 1072 830 1125 et
873 1063 1248 1137 dogmaticos
1291 1078 1557 1121 canones
1620 1062 1842 1135 scripto
1896 1061 2213 1135 deposuit;

556 1158 877 1232 ipsamque
919 1155 1224 1230 synodum
1258 1154 1413 1211 bene
1459 1151 1667 1210 omnia
1697 1151 2046 1208 deﬁnivisse
2074 1165 2215 1207 con-

556 1247 766 1315 tendit,
819 1250 877 1304 et
921 1246 1102 1319 plena
1156 1259 1285 1302 esse
1332 1241 1551 1316 pietate
1599 1242 1730 1314 ejus
1783 1239 2077 1312 dogmata
2116 1238 2215 1296 de-

556 1340 876 1395 monstrat.

558 1426 728 1503 πλήρη
790 1424 1075 1485 θεοσεϐείας
1127 1418 1258 1476 εἶναι
1306 1424 1371 1475 τά
1419 1424 1608 1484 ταύτης
1663 1423 1946 1480 συνίστησι
1993 1414 2257 1492 δόγματα.

629 1573 679 1626 ες.
722 1570 1001 1625 Fautores
1024 1569 1222 1623 autem
1253 1564 1395 1633 Caii,
1422 1568 1479 1621 et
1507 1562 1790 1627 Dioscori,
1822 1566 1879 1619 et
1904 1560 2110 1619 Jacobi
2140 1576 2211 1618 ac
2247 1564 2287 1619 Β

557 1662 773 1731 postea
804 1655 1021 1726 Severi,
1061 1659 1120 1712 et
1162 1653 1409 1712 Joannis
1442 1652 1751 1725 Philopoui
1776 1651 1883 1726 qui
1911 1657 1967 1708 et
1990 1651 2214 1724 scripta

554 1745 749 1803 multa
794 1745 869 1801 de
915 1744 1031 1801 hac
1077 1743 1293 1801 haeresi
1343 1742 1531 1799 edidit
1578 1740 1979 1798 intolerabilia
2030 1755 2212 1812 aegre-

555 1851 675 1909 que
716 1834 1083 1905 reﬂ‘ellenda,
1135 1833 1378 1890 unicam
1420 1833 1668 1907 quidem
1713 1837 2014 1898 naturam,
2057 1830 2212 1887 duas

553 1939 697 1983 vero
717 1925 1074 1998 hypostases
1103 1922 1456 1997 impiissime
1486 1922 1837 1985 docuerunt.
1868 1922 1933 1977 In
1964 1920 2211 1995 quibus-

554 2013 698 2072 dam
730 2019 932 2071 tamen
986 2028 1234 2070 suorum
1271 2011 1563 2069 librorum
1606 2011 1752 2067 locis
1798 2016 1856 2067 et
1896 2010 2009 2085 ipsi
2053 2009 2210 2067 duas

551 2109 800 2161 naturas
845 2102 1229 2168 confitentur,
1278 2100 1385 2158 sed
1426 2100 1780 2157 addendum
1832 2104 1941 2168 est,
1994 2116 2070 2156 ne
2112 2098 2212 2155 tali

551 2195 847 2251 sermonis
874 2191 1251 2267 oppositione
1277 2190 1654 2264 decipiamur
1691 2195 1749 2247 et
1786 2206 2076 2263 erremus,
2108 2205 2211 2246 eos

550 2283 770 2356 partim
799 2282 1014 2338 eadem
1045 2297 1116 2339 ac
1149 2297 1262 2337 nos
1300 2279 1557 2352 opinari,
1586 2279 1755 2352 quod
1786 2278 2058 2352 plerique
2088 2294 2211 2335 non

551 2374 827 2428 accurate
858 2369 1428 2437 animadverterunt,
1462 2373 1519 2425 et
1563 2367 1705 2425 inde
1750 2367 1811 2424 in
1860 2382 2070 2424 eorum
2102 2367 2212 2424 im-

550 2460 832 2533 pietatem
878 2457 1107 2515 inducti
1154 2461 1313 2514 sunt.
1360 2455 1661 2523 Quidnam
1707 2457 1890 2527 igitur
1946 2455 2210 2513 docent?

553 2546 807 2613 Quando
844 2547 907 2604 in
954 2546 1186 2604 Christo
1214 2546 1636 2603 convenientes
1660 2550 1927 2616 naturas,
1960 2545 2209 2603 alteram

550 2635 630 2693 ab
655 2635 839 2693 altera
855 2640 1156 2708 separant,
1189 2635 1343 2692 duas
1374 2650 1508 2692 esse
1550 2650 1654 2691 eas
1684 2635 2031 2691 necessario
2070 2649 2209 2692 con-

549 2725 825 2794 ﬁtentur;
854 2724 1102 2798 quando
1128 2729 1332 2781 autem
1356 2727 1677 2797 utramque
1699 2722 1759 2780 in
1784 2723 1992 2781 Christi
2018 2722 2210 2781 incar-

546 2814 791 2871 natione
818 2812 1053 2886 uniunt,
1084 2818 1225 2870 tunc
1249 2828 1374 2871 non
1400 2808 1556 2870 dua‘s
1598 2812 1946 2869 inconfusas
1994 2829 2208 2871 conve-

2329 521 2586 593 ἀπέδειξε,
2630 529 2721 579 καὶ
2762 522 2933 598 μηδὲν
2985 525 3194 580 σκολιὸν
3241 530 3331 582 καὶ
3385 535 3479 591 τῆς
3528 525 3814 605 ὅρθοδόξου
3857 535 3959 584 πί-

2330 631 2489 675 στεως
2521 611 2738 686 ἀπέχον,
2788 617 2954 687 τούτῳ
3001 613 3315 691 ἔμφέρεσθαι
3356 612 3698 689 διετράνωσεν
3740 621 3952 676 ἅπασι.

2329 708 2468 761 Πλὴν
2492 707 2582 755 καὶ
2611 703 2770 765 οὕτως
2810 703 2840 763 ἣ
2874 722 2927 757 τε
2977 700 3194 766 σύνοδος
3250 703 3335 759 ἐπὶ
3380 704 3508 758 πολὺ
3553 706 3956 781 ἀμνημόνευτος

2327 793 2508 863 ἔμεινε,
2540 795 2630 845 καὶ
2650 798 2748 855 πᾶς
2777 813 2856 856 τις
2881 797 2976 853 τὴν
3007 792 3179 866 ἐκείνῳ
3207 795 3414 867 θυμήρη
3445 792 3702 850 ἐπεσπᾶτο
3734 798 3950 873 ἀρχὴν,

2325 885 2416 933 καὶ
2448 877 2482 934 δ
2488 883 2542 934 ιά
2568 884 2626 934 τὸ
2663 884 2732 944 ὡς
2761 882 2919 935 εἰπεῖν
2948 882 3166 937 ἕκαστον
3196 887 3327 957 πρὸς
3354 889 3446 943 την
3474 880 3736 939 δοκοῦσαν
3767 887 3953 960 ἐαυτῷ

2325 974 2506 1024 πίστιν
2545 967 2877 1046 ἀποτρέχειν,
2907 971 3108 1035 πλῆθος
3148 974 3229 1025 ὅτι
3267 971 3397 1026 πολύ
3439 976 3708 1046 αἱρετικῶν
3739 974 3946 1051 ἀνεφύη

2325 1064 2416 1112 καὶ
2444 1057 2810 1133 ἀποσχιστῶν.
2856 1061 3202 1124 Ἀναστάσιος
3230 1065 3319 1136 μὶν
3360 1062 3447 1115 οὖν
3496 1066 3521 1117 ό
3560 1073 3622 1124 τῆ
3636 1083 3656 1127 ς
3700 1066 3951 1139 μεγάλης

2326 1147 2651 1222 Ἀντιοχείας
2680 1145 2939 1226 πρόεδρος
2967 1152 3093 1227 ὑπερ
3126 1158 3218 1214 τῆς
3255 1148 3480 1206 συνόδου
3526 1151 3814 1226 ἐνίσταται,
3847 1161 3951 1209 καὶ

2328 1233 2680 1312 δογματικοὺς
2735 1245 2947 1303 κανόνας
3009 1240 3281 1316 ἐγγράφως
3343 1241 3615 1296 ἐκτίθεται·
3677 1242 3844 1304 αύτήν
3885 1263 3953 1298 τε

2324 1332 2419 1389 τὴν
2469 1326 2690 1384 σύνοδον
2734 1330 2898 1393 καλῶς
2954 1329 3035 1385 ἐπὶ
3086 1338 3246 1386 πᾶσιν
3278 1334 3456 1408 ὁρίσαι
3492 1338 3810 1409 παρίστησι,
3853 1353 3951 1401 καὶ

2394 1560 2447 1621 ε’.
2489 1565 2555 1615 Oi
2614 1558 2674 1617 δὲ
2729 1568 2849 1639 περὶ
2904 1566 3077 1634 Γάίον,
3132 1570 3223 1619 καὶ
3280 1558 3710 1643 Διόσκορον,³’καὶ
3752 1568 3949 1624 Ἰάκω-

2321 1651 2427 1718 ϐον,
2482 1657 2573 1706 καὶ
2637 1653 2852 1729 ὕστερον
2924 1658 3013 1707 τὸν
3064 1654 3306 1728 Σεϐῆρον,
3355 1662 3446 1710 καὶ
3505 1663 3589 1710 τὸν
3656 1658 3946 1714 Φιλόπονον

2321 1740 2579 1814 Ἰωάννην,
2623 1746 2709 1795 τόν
2768 1747 2859 1795 καὶ
2930 1747 3320 1819 συγγράμματα
3385 1744 3726 1820 ἐξενηνοχότα
3794 1748 3947 1802 πλεί-

2322 1849 2423 1884 στα
2468 1836 2586 1906 περὶ
2641 1840 2732 1893 τῆς
2804 1836 3053 1895 τοιαύτης
3106 1836 3349 1909 αἱρέσεως
3408 1831 3796 1909 δυσφορωτατα
3844 1844 3945 1891 καὶ

2322 1916 2762 1993 δυσέλεγκταῌ),
2801 1926 2926 1995 μίαν
2969 1926 3060 1996 μεν
3120 1927 3295 1996 φύσιν,
3352 1920 3448 1977 δύο
3503 1921 3561 1978 δὲ
3613 1926 3943 1989 ὑποστάσεις

2321 2008 2646 2064 ἀσεϐέστατα
2696 2007 3072 2085 ἓδογμάτισαν·
3123 2012 3254 2072 πλὴν
3312 2012 3527 2087 ἐνιαχοῦ
3579 2024 3677 2069 τῶν
3726 2016 3939 2070 οἰκείων

2323 2098 2559 2172 βιϐλίων,
2620 2096 2717 2153 δύο
2754 2121 2842 2154 και
2889 2102 3039 2155 αύτοὶ
3079 2106 3260 2175 φύσεις
3305 2100 3730 2177 ἀνομολογοῡσιν.
3777 2106 3941 2160 Ἀλλά

2318 2193 2628 2263 προσεκτέον
2695 2191 2829 2242 ὥστε
2885 2195 2957 2263 μὴ
3028 2190 3291 2250 κλαπῆναι
3358 2190 3459 2245 ἀπὸ
3524 2201 3617 2254 τῆς
3679 2196 3940 2258 τοιαύτης

2320 2276 2719 2351 ἓναντιολογίας,
2773 2275 2913 2353 μηδε
2970 2277 3327 2350 ἀπατηθῆναι,
3397 2282 3478 2334 ὃτι
3544 2280 3593 2334 ἓν
3644 2286 3788 2359 μέρει
3843 2290 3938 2338 καὶ

2320 2367 2469 2421 αύτοὶ
2506 2369 2573 2420 τά
2633 2370 2753 2441 ημῖν
2803 2365 3059 2422 δοκοῦντα
3107 2365 3455 2440 δοξάζουσιν,
3508 2372 3631 2445 ὅπερ
3672 2373 3721 2425 οἱ
3750 2373 3939 2427 πολλοὶ

2318 2460 2391 2528 μὴ
2455 2454 2786 2531 ἀκριϐοῦντες
2850 2458 3101 2530 ᾠήθησάν
3169 2477 3224 2511 τε
3288 2464 3378 2511 καὶ
3433 2463 3624 2533 τρόπον
3681 2462 3802 2514 τινὰ
3864 2462 3942 2525 εἰς

3881 2546 3907 2563 ,

3844 2570 3940 2604 ουν

2319 2633 2430 2688 ἔστι
2484 2638 2540 2688 τὸ
2586 2635 2710 2710 παρ’
2766 2635 2933 2689 αὐτῶν
2996 2632 3343 2709 δοξαζόμενον
3385 2653 3399 2705 ;
3466 2636 3627 2690 Ὀταν
3682 2641 3773 2712 μὲν
3842 2642 3942 2701 τὰς

2320 2724 2667 2790 συνελθούσας
2726 2733 2799 2797 τῷ
2868 2732 2982 2797 Θεῷ
3044 2728 3225 2800 φύσεις
3289 2725 3406 2779 καθ’
3474 2725 3655 2788 ἑαυτὰς
3699 2727 3938 2787 ἑκάστην

2318 2811 2675 2883 διαστήσωσι,
2729 2811 2827 2867 δύο
2887 2817 3079 2876 ταύτας

2317 2550 2413 2605 τὴν
2489 2544 2727 2599 ἀσέϐειαν
2808 2545 2976 2598 αὐτῶν
3040 2545 3438 2620 ἀπηνέχθησαν.
3506 2553 3570 2601 Τί
3639 2548 3757 2602 ποτ’

3158 2813 3564 2890 ἀνομολογοῦσιν
3621 2813 3935 2889 ἀναγκαζό-

549 2902 783 2960 nientes
810 2907 1069 2976 ponunt,
1103 2903 1211 2959 sed
1243 2909 1430 2960 u’nam
1460 2895 1737 2959 naturam
1770 2902 2197 2977 compositam.

2320 2924 2476 2978 μενοι·
2536 2906 2658 2957 ὅταν
2726 2899 2786 2956 δὲ
2853 2901 3145 2978 ἀμφοτέρας
3208 2907 3470 2958 ίνωσωσιν
3531 2905 3604 2970 εἰς
3667 2911 3763 2965 τὴν
3830 2916 3934 2961 τοῦ

548 2991 729 3050 Nobis
750 3007 936 3050 unam
964 2991 1348 3065 bypostasim
1396 2992 1797 3065 compositam
1838 2992 2204 3051 nominanti-

545 3079 684 3152 bus,
714 3080 796 3138 illi
824 3097 1011 3138 unam
1032 3081 1436 3156 compositam
1473 3086 1753 3139 naturam
1783 3087 2119 3155 opponunt,
2151 3087 2208 3140 et

549 3168 635 3227 sic
662 3169 918 3227 verbum
939 3167 1200 3228 ludibrio
1223 3170 1471 3228 habent.
1506 3170 1658 3237 Quia
1681 3170 2205 3244 quemadmodum

544 3258 732 3318 homo
770 3259 1040 3317 animam
1070 3264 1128 3317 et
1156 3276 1376 3334 corpus
1416 3259 1620 3327 habet,
1653 3265 1710 3317 et
1742 3259 1928 3318 altera
1957 3261 2203 3334 quidem

546 3348 787 3415 animae,
801 3348 989 3405 altera
1007 3350 1216 3409 autem
1241 3348 1510 3423 corporis
1531 3353 1767 3420 natura,
1783 3349 1973 3424 siquis
1992 3367 2206 3409 uuam-

544 3451 853 3511 quamque
871 3452 980 3510 per
1008 3454 1070 3494 se
1094 3437 1416 3509 intueatur,
1446 3442 1771 3512 postquam
1798 3442 2000 3496 autem
2025 3440 2203 3497 unitae

546 3530 709 3596 sunt,
735 3524 1047 3583 hominem
1081 3525 1345 3584 efficiunt
1370 3526 1615 3584 unicam
1646 3531 1928 3584 naturam
1961 3544 2203 3602 compo-

545 3616 722 3672 sitam
753 3614 1119 3685 habentem‘;
1160 3616 1245 3673 sic
1269 3617 1450 3674 etiam
1478 3616 1775 3673 Christum
1804 3621 2019 3689 putant
2047 3617 2202 3676 dua-

542 3704 661 3762 bus
699 3704 929 3761 naturis
972 3710 1281 3774 constare;
1327 3710 1465 3780 post
1507 3704 1794 3763 unionem
1832 3722 1975 3764 vero
2015 3723 2201 3765 unam

544 3808 674 3851 esse
710 3796 991 3850 naturam
1021 3795 1447 3868 compositam.

2313 2998 2489 3066 Λόγου
2522 2993 2807 3068 σάρκωσιν,
2848 2997 2962 3046 τότε
3000 2993 3059 3046 ού
3109 2990 3207 3047 δύο
3251 2991 3589 3068 ἀσυγχύτους
3634 2996 3727 3059 τὰς
3787 3015 3931 3049 συν-

2315 3082 2565 3144 ελθούσας
2603 3083 2855 3149 τιθέασιν,
2890 3080 3018 3135 ἀλλά
3063 3086 3186 3156 μίαν
3244 3085 3399 3157 φύσιν
3459 3086 3717 3138 σύνθετον·
3771 3085 3931 3159 ἡμῶν

2312 3174 2414 3247 γὰρ
2476 3177 2599 3245 μίαν
2642 3172 2935 3225 ὑπόστασιν
3003 3173 3243 3225 σύνθετον
3301 3171 3678 3245 ὀνομαζόντων,
3735 3173 3932 3229 ἐκεῖνοι

2312 3266 2437 3334 μίαν
2469 3262 2710 3315 σύνθετον
2750 3263 2904 3334 φύσιν
2948 3257 3290 3333 ἀντιτιθέασι,
3357 3267 3446 3316 καὶ
3502 3260 3933 3339 παραδειγματί-

2315 3351 2497 3411 ζουσιν
2564 3349 2698 3403 οὕτω
2765 3353 2851 3403 τὸν
2916 3349 3083 3423 λόγον·
3151 3353 3250 3419 ότι,
3327 3352 3502 3427 ὥσπερ
3565 3354 3591 3406 ό
3648 3353 3932 3429 ἄνθρωπος

2312 3439 2498 3513 ψυχὴν
2556 3442 2668 3513 ἔχει
2723 3444 2812 3492 καὶ
2870 3448 3043 3514 σῶμα,
3093 3445 3183 3493 καί
3228 3439 3355 3499 ἄλλη
3397 3444 3488 3514 μὶν
3520 3444 3677 3515 φύσις
3711 3441 3926 3517 ψυχῆς)

2313 3529 2439 3588 ἄλλη
2496 3526 2555 3582 δὲ
2624 3534 2903 3603 σώματος,
2980 3531 3024 3582 εἶ
3095 3549 3177 3591 τις
3237 3529 3354 3583 καθ’
3434 3529 3624 3589 ἑαυτὴν
3696 3529 3930 3591 ἑκάστην

2314 3620 2549 3694 θεωροίη·
2601 3615 2812 3672 ἐπειδὰν
2871 3614 2930 3672 δὲ
2984 3618 3321 3687 συνέλθωσιν,
3370 3620 3640 3694 ἄνθρωπον
3704 3628 3931 3675 ποιοῦσι

2313 3710 2468 3781 φύσιν
2500 3708 2691 3781 έχοντα
2719 3713 2842 3782 μίαν
2895 3710 3154 3762 σύνθετον·
3189 3704 3313 3761 οὐδὲ
3341 3710 3440 3784 γὰρ
3494 3705 3580 3763 δεῖ
3620 3708 3783 3781 λέγειν
3831 3712 3928 3764 τόν

2312 3799 2603 3872 ἄνθρωπον,
2638 3802 2790 3870 φασὶ,
2824 3794 2920 3850 δύο
2960 3800 3165 3870 φύσεις,
3194 3796 3321 3851 ἀλλά
3349 3802 3470 3871 μίαν
3500 3799 3759 3853 σύνθετον·
3785 3800 3929 3854 οὕτω

544 3879 613 3943 δὴ
645 3888 736 3938 καὶ
764 3885 852 3937 τὸν
883 3887 1113 3960 Χριστόν
1151 3888 1348 3938 οἴονται
1377 3885 1434 3939 ἐκ
1465 3880 1562 3939 δύο
1601 3888 1691 3959 μεν
1725 3889 2094 3944 συνεστηκέναι
2124 3888 2345 3959 φύσεων,
2377 3888 2508 3959 μετὰ
2531 3882 2589 3939 δε
2618 3886 2798 3939 ἕνωσιν
2827 3891 2952 3959 μίαν
2981 3884 3109 3939 εἶναι
3135 3889 3289 3960 φύσιν
3318 3888 3581 3945 σύνθετον.

614 4028 666 4084 ϐ.
708 4024 934 4085 Idcirco
965 4031 1021 4086 et
1051 4044 1311 4100 magnus
1339 4027 1402 4085 in
1424 4027 1727 4099 theologia
1776 4027 2095 4100 Gregorius
2126 4043 2201 4085 ea:

543 4116 777 4189 quibus,
810 4122 867 4173 et
897 4119 960 4175 in
982 4119 1197 4191 quibus
1219 4118 1363 4175 dicit
1387 4122 1443 4175 et
1462 4134 1615 4191 qua,
1634 4118 1708 4174 de
1724 4117 1943 4175 divinis
1974 4117 2201 4175 naturis

2381 4027 2453 4094 ς’.
2488 4031 2580 4081 Διὰ
2620 4035 2786 4081 ταῦτα
2831 4033 2922 4082 καὶ
2968 4030 2994 4082 ό
3049 4032 3208 4103 μέγας
3244 4027 3292 4082 ἓν
3343 4029 3579 4105 θεολογίᾳ
3629 4035 3926 4108 Γρηγόριος

2310 4115 2363 4181 ἐξ
2392 4115 2479 4185 ὧν,
2511 4124 2601 4171 καὶ
2630 4116 2679 4170 ἐν
2723 4117 2820 4185 οἷς,
2871 4123 3023 4192 φησὶ,
3079 4124 3170 4172 καὶ
3226 4119 3378 4195 ἅπερ,
3440 4126 3560 4196 περὶ
3611 4130 3710 4173 τῶν
3769 4122 3925 4175 θείων

544 4220 889 4301 sermonem
908 4206 1160 4265 habens.
1188 4206 1336 4265 Illud
1358 4208 1541 4279 enim,
1568 4209 1872 4282 exquibus
1893 4206 2203 4282 posuit,'ut

2320 4201 2648 4278 δογματίζων
2705 4209 2926 4280 φύσεων·
2990 4209 3047 4259 τὸ
3105 4209 3196 4277 μεν
3247 4209 3349 4283 γὰρ
3383 4205 3435 4271 ἐξ
3473 4209 3540 4259 ὧν
3578 4208 3789 4279 τέθεικε,
3833 4209 3930 4264 ἵνα

543 4310 618 4351 ex
645 4292 948 4352 divinitate
967 4296 1257 4355 unitatem
1277 4297 1553 4368 doceret;
1586 4297 1733 4354 illud
1763 4302 1964 4355 autem
1988 4300 2051 4355 in
2076 4298 2202 4371 qui-

545 4379 673 4451 bus,
705 4388 772 4439 ut
801 4389 1050 4441 naturas
1093 4390 1374 4455 servaret,
1407 4386 1588 4443 etiam
1618 4391 1759 4459 post
1784 4386 2073 4443 unionem
2100 4408 2114 4454 ;
2147 4390 2205 4444 et

543 4486 620 4528 ne
649 4486 753 4529 eas
773 4487 881 4543 per
918 4488 1055 4529 eam
1085 4474 1396 4548 utriusque
1423 4475 1711 4532 unionem
1755 4474 2153 4532 confunderet
2185 4492 2199 4544 ;

543 4557 690 4616 illud
709 4563 935 4629 autem,
965 4577 1114 4635 qum,
1144 4579 1220 4620 ne
1246 4563 1382 4637 quis
1415 4566 1580 4637 putet
1610 4562 1794 4620 alium
1820 4563 2045 4622 factum
2073 4580 2203 4622 esse

545 4648 847 4706 Christum
862 4654 999 4722 post
1010 4656 1363 4709 naturarum
1376 4652 1683 4709 unionem.
1695 4655 1777 4709 Ex
1793 4652 2204 4711 examinanda

545 4742 633 4795 est
661 4736 943 4795 doctrinae
999 4746 1282 4799 accurata
1319 4741 1628 4814 expositio.
1681 4744 1761 4798 Ex
1802 4747 2063 4815 quatuor
2091 4744 2205 4802 ele-

545 4826 763 4884 mentis
783 4844 919 4885 esse
946 4834 1223 4887 nostrum
1248 4846 1467 4903 corpus
1503 4831 1565 4888 in
1609 4830 1905 4903 confesso,
1927 4837 2016 4890 est
2042 4833 2202 4906 igne,

545 4931 703 4990 aere,
733 4933 916 4991 aqua,
948 4922 1125 4991 terra,
1157 4924 1214 4978 et
1255 4920 1317 4977 in
1344 4920 1439 4978 his
1477 4919 1785 4979 elementis
1833 4922 2206 4981 constitutio~

653 5188 699 5258 Ι)
736 5186 963 5261 Eulogii
1005 5188 1347 5273 fragmenta
1389 5188 1580 5273 multa
1625 5186 1845 5319 lefesis
1884 5189 2051 5267 apud
2094 5209 2206 5251 nos

655 5257 692 5313 ι.
718 5260 847 5316 Vat.
879 5266 918 5317 t.
951 5259 1073 5319 Vll.
1120 5266 1385 5319 itemque
1413 5257 1618 5319 aliqua
1648 5265 1687 5319 C
1713 5280 1892 5319 assic.
1920 5270 2035 5319 AA.
2069 5270 2110 5319 t.
2142 5262 2203 5319 Χ.

547 5257 692 5344 ξομ
718 5257 918 5342 {atati
951 5259 1073 5344 Yll,
1104 5257 1385 5344 itemque
1413 5257 1896 5344 aliquaLClassic:
1920 5257 2035 5344 AA.
2069 5270 2110 5322 t.
2142 5262 2203 5323 X.

548 5328 1097 5410 Euiogjifjusdem
1149 5328 1461 5410 homiliam
1495 5328 1559 5410 i'n
1603 5336 2205 5410 RamosPalmarum

547 5398 772 5481 Habuit
798 5398 1153 5481 Holstepius,
1183 5408 1331 5481 teste
1357 5405 1494 5481 ipso
1518 5405 1582 5462 in
1606 5406 1891 5481 epistolis,
1916 5422 1976 5481 p.
2005 5412 2129 5465 209.

551 5537 562 5552 .
619 5471 695 5542 (2)
736 5474 816 5553 De
846 5471 1149 5553 his_Jo_an.
1183 5471 1497 5553 Philogeni
1525 5471 1833 5553 operibus,
1864 5471 2001 5553 quae
2043 5494 2196 5538 mss.

546 5543 929 5630 inmanibus
952 5544 1293 5630 habemus,
1326 5543 1481 5630 alibi
1511 5543 1624 5607 nos
1674 5543 1931 5630 locuturi
1970 5564 2205 5630 sumus.

543 5613 727 5676 Porro
755 5630 894 5690 quae
913 5615 975 5676 in
1000 5611 1393 5694 sequentibus
1420 5620 1708 5695 (itemque
1728 5620 1950 5695 partim
1973 5620 2035 5678 in
2055 5636 2207 5695 prae-

2310 4299 2404 4355 τὴν
2452 4293 2507 4348 ἐκ
2574 4298 2813 4359 θεότητος
2865 4292 3167 4370 δογματίση
3222 4298 3421 4349 ἕνωσιν·
3474 4299 3532 4350 τὸ
3591 4293 3651 4352 δὲ
3714 4295 3762 4350 ἓν
3816 4298 3922 4367 οἷς,

2313 4385 2397 4437 ίνα
2441 4390 2651 4460 τηρήσῃ
2718 4388 2809 4447 τὰς
2857 4388 3034 4458 φύσεις
3095 4390 3185 4438 καὶ
3235 4388 3367 4458 μετὰ
3428 4390 3522 4445 την
3572 4387 3771 4439 ἕνωσιν·
3827 4391 3927 4441 καὶ

2311 4479 2382 4546 μὴ
2415 4478 2618 4548 συγχέῃ
2671 4476 2866 4536 ταύτας
2923 4470 3018 4527 διά
3067 4477 3125 4526 τὸ
3178 4474 3427 4534 ἑνωθῆναι
3458 4473 3716 4537 ἀλλήλαις·
3757 4478 3817 4529 τό
3857 4470 3927 4530 δὲ

2312 4563 2464 4638 ἅπερ,
2518 4565 2601 4616 ἵνα
2628 4568 2699 4636 μὴ
2733 4562 2885 4636 οἰηθῇ
2932 4582 3011 4625 τις
3059 4565 3141 4616 ότι
3184 4562 3331 4625 ἄλλος
3371 4567 3574 4636 γέγονεν
3620 4566 3647 4617 ὁ
3686 4568 3927 4640 Χριστὸς

2311 4656 2443 4726 μετὰ
2501 4657 2596 4711 την
2643 4662 2743 4706 τῶν
2810 4655 3011 4726 φύσεων
3054 4652 3253 4707 ἕνωσιν.
3317 4659 3417 4708 Καὶ
3479 4658 3764 4713 σκοπητίοεν
3820 4659 3925 4714 τήν

2312 4739 2572 4817 ἀκρίϐειαν
2624 4750 2717 4796 τοῦ
2770 4739 3051 4816 δόγματος·
3101 4745 3156 4796 ἑκ
3208 4744 3477 4819 τεσσάρων
3534 4744 3833 4818 στοιχείωνι
3858 4749 3924 4799 τὸ

2314 4832 2559 4906 ἡμέτερον
2627 4841 2779 4901 σῶμα
2835 4831 3250 4906 ἁνωμο)όγηται,
3310 4835 3491 4909 πυρός,
3549 4832 3717 4909 ἀέρος,
3772 4829 3924 4887 ὕδα-

2312 4936 2421 4992 1τος,
2474 4930 2594 4995 γῆς,
2645 4926 2735 4975 καὶ
2784 4918 2832 4974 ἓν
2870 4924 3077 4984 τούτοις
3115 4929 3221 4983 τοῖς
3261 4927 3547 4996 στοιχείοις
3594 4926 3687 4982 την
3720 4924 3925 4978 σύστα-

2314 5187 2939 5271 ορᾶεηιὶδιιολῌῇςοίοε
2965 5192 3172 5247 uoster
3190 5187 3266 5271 de
3289 5191 3373 5271 to_t
3393 5189 3569 5247 sectis
3586 5186 3923 5271 Monpphyf

2314 5263 2564 5335 sitarum
2595 5260 2818 5335 scribit,
2849 5277 2923 5319 ea
2943 5276 3109 5335 saepe
3134 5260 3213 5317 ad
3236 5261 3490 5318 verbum
3519 5260 3800 5335 exscribit
3822 5260 3924 5335 Si-

2315 5334 2613 5408 cephorus
2639 5332 2915 5408 Callistus
2942 5330 3055 5391 lib:
3075 5335 3337 5408 nua};
3354 5337 3425 5408 et
3441 5348 3624 5408 seqq.
3653 5332 3759 5406 qui
3780 5330 3926 5408 plus

2314 5403 2555 5462 centum
2577 5408 2716 5477 post
2742 5404 3006 5477 Nicetam
3040 5403 3231 5461 annis
3246 5403 3560 5477 historiam
3581 5403 3757 5461 suam
3780 5403 3926 5477 alie-

2313 5477 2408 5532 nis
2437 5474 2667 5558 exuviis
2687 5475 2853 5558 auxit
2881 5481 3060 5550 atque
3082 5476 3409 5536 exornavit.
3433 5478 3637 5549 Itaque
3656 5491 3769 5535 nos
3788 5474 3925 5548 ple-

2312 5562 2505 5621 raque
2533 5562 2875 5607 οωιειωιιε.
