4040 6318
110 326 169 377 Ἱ3
1499 317 1756 376 THESAI

1891 320 2022 379 LIB.
2062 326 2130 375 Σ.
3414 321 3487 377 74

115 466 189 497 ca
219 450 337 517 ἔχει
366 445 609 507 σώζεται
634 452 761 518 ’γοῦν
788 445 836 496 ἐν
866 452 940 515 τῷ
968 449 1171 516 σώματι
1200 446 1290 495 καὶ
1318 446 1400 511 τὸ,
1433 442 1486 506 ἐξ
1515 444 1603 513 ὧν,
1636 445 1727 497 καὶ
1754 492 1756 499 ι

1867 460 1980 500 lem
2008 443 2211 502 habet.
2242 445 2521 502 Servatur
2549 457 2693 514 ergo
2736 443 2799 500 in
2842 458 3093 516 corpore
3130 446 3189 500 et
3236 442 3385 500 illud
3413 458 3492 501 ea:

112 540 185 597 τὸ,
214 534 265 586 ἐν
299 537 404 602 οἷς,
430 534 494 587 ού
528 540 627 608 μὴν
656 538 735 601 τὸ,
762 535 891 609 ἅπερ
918 555 931 567 ·
960 535 1089 605 μετὰ
1113 537 1204 590 τὴν
1225 532 1406 585 ἕνωσιν
1436 542 1536 585 τῶν
1582 553 1728 586 στοι-

110 630 263 695 χείων
297 627 359 677 τὸ
390 626 656 699 ’ἂμ-τερον
690 631 844 695 σῶμα
872 626 990 675 οὔτε
1017 623 1258 694 καθαρῶς
1306 620 1419 673 ἐστι
1447 630 1575 696 πῦρ,
1615 626 1731 674 οὔτε

112 716 405 786 ειῖιικρινῶς
440 713 570 788 ἀὴρ,
599 718 716 766 οὔτε
747 712 1014 774 ἀνόθευτος
1043 720 1134 783 γῆ,
1186 710 1290 762 ἀλλ’
1326 710 1489 785 ἔτερόν
1510 731 1559 763 τι
1589 714 1735 785 παρὰ

112 806 171 854 τὰ
194 808 473 879 τέσσαρα.
510 808 614 856 Καὶ
645 800 805 862 δῆλον
837 801 937 854 ἀπὸ
988 811 1079 861 τῆς
1125 801 1425 863 αἰσθήσεως
1462 823 1473 834 ·
1515 802 1734 854 ἕκαστον

110 896 205 967 γαρ
231 900 344 945 τῶν
374 900 555 966 μερῶν
577 900 671 944 τού
697 894 947 967 ἡμετέρου
984 896 1223 963 σώματος
1263 890 1385 942 ἄλλο
1416 910 1468 942 τι
1497 893 1642 966 παρὰ
1670 893 1736 943 τὰ

112 984 368 1053 στοιχεῖά
398 981 551 1035 ἐστιν
581 1004 593 1016 ο
627 980 710 1035 ἐπὶ
738 978 797 1035 δὲ
822 990 918 1042 τῆς
950 980 1341 1051 θείαςὲνώσεως
1385 980 1478 1032 ούκ
1524 980 1648 1033 ἄλλο
1686 1000 1737 1032 τι

113 1073 242 1143 μετὰ
282 1076 388 1129 τὴν
425 1067 737 1143 συνδρομὴν
785 1078 885 1122 τῶν
931 1066 1028 1121 δύο
1079 1072 1277 1141 φύσεων
1325 1073 1528 1140 γέγονεν
1562 1090 1577 1103 ι
1630 1068 1738 1121 ἀλλ’

115 1161 239 1213 αύτό
297 1164 468 1213 τοῦτό
522 1158 634 1213 ἐστι
691 1161 716 1211 ὁ
771 1161 1023 1234 Χριστὸς,
1076 1163 1166 1210 καὶ
1214 1161 1345 1220 Θεὸς
1397 1163 1488 1211 καὶ
1524 1158 1740 1232 ἄνθρω-

116 1271 231 1312 πος.

188 1391 258 1453 ζ’.
301 1392 367 1445 Ἦ
403 1388 469 1444 δὲ
516 1394 732 1448 τοιαύτη
794 1391 996 1466 αἵρεσις
1022 1394 1195 1462 γέγονε
1244 1393 1386 1464 παρὰ
1442 1392 1537 1453 τὰς
1588 1389 1745 1453 ἄλλας

122 1484 305 1555 ὥσπερ
342 1479 717 1555 ἀκριϐεστέρα,
772 1476 864 1532 διὰ
909 1483 967 1530 τὸ
1016 1486 1166 1551 σχεῖν
1213 1481 1504 1552 προστάτας
1549 1476 1748 1551 ἄνδρας

126 1574 329 1642 σοφούς
365 1592 379 1603 ο
415 1572 443 1622 ὁ
475 1572 578 1645 ’γάρ
604 1590 686 1622 τοι
722 1570 964 1629 Ἰωάννης
994 1568 1017 1619 ὁ
1051 1568 1329 1630 Φιλόπονος
1375 1568 1749 1641 ὀνομαζόμενος

125 1663 264 1711 κατα
291 1662 391 1732 μὲν
422 1664 521 1716 τὴν
557 1655 698 1711 ἰδέαν
739 1665 831 1710 τοῦ
857 1657 1013 1729 λόγου
1046 1657 1103 1710 ού
1135 1666 1234 1709 τῶν
1265 1660 1398 1709 πάνυ
1449 1657 1753 1730 ἐπαινουμέ-

126 1770 226 1800 νων
253 1748 401 1815 ἐστὶ,
440 1747 714 1819 φιλόσοφος
743 1744 801 1800 δε
833 1746 1192 1819 ἀκριϐέστερος
1221 1752 1311 1798 καὶ
1342 1752 1461 1819 περὶ
1503 1750 1596 1809 τὰς
1621 1745 1752 1799 ἀπο-

132 1836 333 1901 δείξεις
367 1839 807 1910 θαυμασιώτατος
842 1858 854 1870 ·
886 1837 939 1896 ὃς
971 1834 1037 1894 δὴ
1072 1838 1170 1888 ὑπὸ
1211 1840 1422 1908 Σεργίου
1470 1845 1560 1889 τοῦ
1612 1856 1752 1894 τηνι-

126 1936 309 1981 καῦτα
329 1930 674 2000 πατριάρχου
697 1934 806 1980 Κων
815 1926 1280 1987 σταντινουπὸλεως
1296 1925 1643 2000 παρακληθεὶς
1660 1929 1754 1984 τὴν

128 2023 392 2074 τοιαύτην
420 2017 474 2069 ἐν
494 2018 777 2090 ’γράμμασι
834 2017 1214 2073 συστήσασθαι
1246 2017 1466 2089 αἰρεσιν,
1496 2016 1755 2087 συνεγρά-

129 2107 276 2178 ψατο
307 2107 470 2177 λόγον
518 2103 837 2175 δεινότατον,
882 2104 1177 2177 ἐπιγράψας
1231 2104 1370 2175 αύτῷ
1402 2109 1682 2163 Διαιτητὴν
1724 2103 1751 2162 ἦ

132 2203 269 2273 Περὶ
298 2197 555 2258 ἐνώσεως,
577 2202 667 2248 καὶ
698 2195 744 2248 ἐν
769 2192 900 2248 δέκα
927 2195 1223 2267 κεφαλαίοις
1263 2200 1357 2253 τὴν
1386 2201 1563 2247 πᾶσαν
1590 2198 1756 2266 τομὴν

132 2296 233 2348 τῆς
256 2289 516 2361 αἱρέσεως
542 2285 844 2359 ἐξυφήνατο,
878 2291 1051 2337 πᾶσαν
1090 2290 1314 2346 κινήσας
1343 2288 1473 2359 πρὸς
1493 2292 1646 2336 τοῦτο
1669 2304 1757 2356 φι-

132 2377 419 2448 λοσοφίαν,
452 2381 543 2428 καὶ
591 2382 765 2428 πᾶσαν
818 2372 1085 2438 ἀπόδειξιν
1134 2373 1640 2448 ἐξακριϐωσάμενος.
1682 2373 1758 2425 Ού

142 2470 332 2538 μέντοι
364 2468 456 2516 καὶ
490 2468 611 2525 τούς
637 2464 883 2537 ἐλέγχους
906 2461 940 2516 δ
947 2459 1027 2516 ιεδ
1029 2483 1098 2537 ρα
1120 2466 1266 2537 παρὰ
1312 2471 1409 2514 τῶν
1445 2466 1575 2535 μετὰ
1594 2469 1761 2514 ταῦτα

136 2555 338 2626 λογίων
371 2558 464 2605 καὶ
500 2562 856 2626 πνευματικῶν
886 2562 957 2624 τῷ
988 2558 1094 2605 ἄντι
1140 2549 1340 2627 ἀνδρῶν
1374 2573 1386 2585 ·
1445 2552 1624 2605 πολλοὶ
1670 2555 1760 2625 μὲν

138 2648 243 2718 γὰρ
274 2644 431 2696 ἄλλοι
457 2651 562 2704 τοῖς
632 2640 1068 2715 δογματισθεῐσιν
1124 2641 1297 2714 ἐκείνῳ
1351 2641 1629 2708 ἀντέθεντο,
1663 2644 1761 2714 μά-

138 2735 306 2786 λιστα
334 2731 398 2785 δε
432 2738 675 2795 Λεόντιος
703 2754 784 2795 τις
806 2736 1036 2805 μοναχός
1064 2731 1111 2784 ἐν
1136 2733 1421 2805 τριάκοντα
1464 2731 1763 2803 κεφαλαίοις

143 2821 451 2894 ἀνατρέ-,ειας
484 2827 578 2880 τήν
622 2824 844 2896 αἰρεσιν,
894 2821 985 2873 καί
1012 2826 1104 2878 τὴν
1157 2819 1274 2872 καθ’
1306 2822 1445 2891 ἡμᾶς
1501 2820 1761 2873 εὐσέϐειαν

142 2912 542 2986 κρατυνάμενος
565 2933 577 2944 ·
612 2917 701 2964 καὶ
729 2913 756 2963 ὁ
788 2912 1223 2983 Θαυμασιώτατος
1253 2906 1313 2961 δὲ
1337 2915 1584 2983 Γεώργιος
1609 2910 1633 2960 ὁ
1667 2916 1762 2960 ῐΙι-

147 2996 313 3058 σίδης
335 2998 631 3061 ηλικιώτης
657 3000 724 3051 ὧν
749 3008 823 3071 τῷ
849 2998 1130 3068 Φιλοπὸνῳ,
1168 3001 1259 3049 καὶ
1289 2998 1461 3072 ὥσπερ
1517 2997 1685 3049 εἰώθει
1715 2994 1763 3047 ἐν

145 3094 367 3163 μέτροις
400 3087 667 3160 ἰαμϐικοῐς
717 3092 844 3162 πρὸς
872 3092 967 3146 τὴν
1007 3088 1205 3162 αἰρεσιν
1258 3083 1487 3154 ἀντιϐὰς,
1538 3084 1646 3139 εἶτα
1692 3080 1760 3142 δὴ

148 3182 241 3230 καὶ
268 3172 506 3231 παιδιὰν
540 3173 749 3252 σπονδῇ
783 3180 1048 3253 κιραννύς,
1080 3178 1216 3228 οὕτω
1245 3180 1351 3236 πώς
1380 3193 1511 3247 φησι

289 3456 516 3529 Ψήψιζε
542 3457 724 3509 θᾶττον
751 3459 844 3515 τὴν
875 3459 998 3528 μίαν
1023 3476 1078 3511 τε
1103 3461 1194 3511 καὶ
1222 3462 1365 3532 μίαν.

288 3547 360 3601 Εἰ
390 3548 493 3620 γὰρ
530 3549 655 3617 μίαν
681 3563 736 3598 τε
761 3548 853 3597 καὶ
881 3549 1005 3617 μίαν
1033 3545 1194 3618 λέγεις
1220 3552 1366 3620 μίαν.

290 3635 471 3697 Γέλως
498 3638 557 3687 τὸ
582 3634 765 3706 λεχθὲν
794 3639 995 3706 γίνεται
1023 3640 1114 3689 καὶ
1136 3633 1392 3698 παιδίοις.

213 3852 283 3911 η’.
328 3850 483 3907 Αὕτη
521 3845 579 3902 δὲ
598 3850 630 3907 ἡ
665 3867 932 3920 σύγχυσις
951 3853 1040 3902 καὶ
1055 3851 1085 3909 ἡ
1118 3852 1307 3914 στάσις
1332 3860 1392 3911 τῆ
1407 3872 1427 3913 ς
1448 3849 1764 3914 Ἐκκλησίας

148 3938 261 3994 οὐδ’
284 3940 427 4001 ὅλως
454 3938 705 4009 ύπὲληγε,
735 3941 827 3989 καὶ
867 3940 916 3990 οἱ
941 3938 1059 3991 λαοὶ
1087 3943 1212 4014 πρὸς
1242 3944 1337 3998 τὴν
1387 3936 1641 4013 κιγκλίδα
1668 3948 1761 3992 τοῦ

150 4032 555 4103 θυσιαστηρίου
585 4028 851 4099 ἱστάμενοι
879 4032 1051 4080 παίειν
1084 4028 1325 4088 ἠπείλουν
1347 4034 1463 4090 τοὺς
1494 4032 1641 4105 ἱερεῖς
1671 4034 1762 4083 καὶ

149 4119 353 4194 ἀτίμως
375 4117 665 4180 ἐξωθησειν
703 4123 796 4168 τοῦ
825 4114 1085 4189 βήματος,
1133 4116 1177 4171 εἰ
1223 4123 1398 4190 μνείαν
1448 4122 1761 4177 ποιήσαιντο

146 4218 239 4272 τῆς
274 4208 327 4260 ἐν
394 4201 701 4278 χαλκηδόνι
746 4202 993 4275 συνόδου,
1051 4211 1142 4259 καὶ
1191 4211 1531 4283 καταγραφὴν
1569 4206 1618 4259 ἓν
1656 4215 1762 4269 τοῖς

149 4296 453 4370 διπτύχοις
483 4299 576 4347 καὶ
601 4293 889 4364 ἐπιφώνησιν
919 4303 1018 4348 τῶν
1061 4298 1336 4369 ἐκθεμνων
1382 4296 1543 4356 αὐτὴν
1591 4303 1761 4351 Πατέ-

148 4407 247 4461 ρων
279 4408 295 4421 ο
333 4390 634 4439 καὶταῦτα
675 4382 987 4460 ἐπεκράτουν
1031 4388 1196 4460 μέχρι
1247 4393 1340 4448 τῆς
1389 4384 1761 4439 Ἰουστινιανοῦ

150 4476 514 4555 ἀναρῥῆσεως.
572 4473 744 4526 Αὐτοῦ
790 4470 851 4527 δὲ
881 4476 947 4526 τὰ
994 4481 1089 4537 τῆς
1120 4473 1388 4547 βασιλείας
1434 4472 1762 4548 ἀνειληφὸτος

152 4574 429 4642 σκῆπτρα,
460 4565 513 4617 οἱ
556 4572 652 4625 τῆς
693 4565 939 4637 αἱρέσεως
981 4566 1175 4625 ταύτης
1220 4568 1516 4637 προστάται
1545 4567 1646 4618 ὅσα
1673 4571 1763 4618 καὶ

147 4654 421 4722 κνώδαλα,
454 4654 531 4716 εἰς
576 4655 859 4728 χηραμούς
910 4659 1000 4707 καὶ
1055 4650 1372 4716 καταδύσεις
1426 4658 1519 4717 τὰς
1572 4655 1762 4708 ἑαυτῶν

151 4747 318 4798 ἔθεντο
347 4740 635 4819 διατριϐάς
670 4762 683 4776 ι
718 4739 941 4805 σύνοδος
981 4744 1083 4819 γὰρ
1128 4742 1177 4795 ἐν
1227 4744 1763 4797 Κωνσταντινουπόλει

155 4840 534 4907 συγκροτεῖται
561 4830 670 4905 ρξε’
700 4831 861 4904 ἁγίων
892 4836 1154 4908 Πατέρων,
1187 4831 1235 4884 ἓν
1279 4831 1355 4896 οἷς
1394 4831 1455 4893 ἦν
1502 4836 1764 4905 Εὐτύχιος

154 4920 776 4989 Κωνστοιντινουπό).εως,
814 4921 1053 4993 Βιγύλιος
1090 4921 1257 4995 Ῥώμη
1270 4944 1309 4991 ς,
1348 4922 1764 4996 Ἀπολλινάριος,

158 5007 577 5085 Ἀλεξανδρείας,
617 5014 708 5063 καὶ
751 5011 931 5084 ἕτεροι,
979 5015 1071 5064 καὶ
1117 5020 1369 5085 κυροῦται
1399 5015 1429 5071 ἡ
1482 5011 1529 5063 ἐν
1555 5012 1766 5071 Χαλκη-

156 5098 267 5153 δόνι
298 5096 553 5168 σύνοδος,
578 5107 676 5151 τῶν
698 5099 868 5152 αὐτῶν
919 5097 1199 5174 δογμάτων
1233 5106 1324 5154 καὶ
1353 5104 1401 5155 ἓν
1434 5102 1564 5175 αὐτῇ
1599 5104 1765 5175 ἐκφω-

153 5192 439 5259 νηθέντων,
462 5192 560 5241 καὶ
584 5195 678 5241 τοῦ
719 5188 983 5263 συμϐόλου
1025 5198 1121 5254 τῆς
1158 5195 1380 5253 πίστεως
1415 5193 1606 5264 ὁμοίως
1634 5193 1767 5244 ύπα-

154 5282 517 5355 γορευθέντος.
550 5278 669 5332 Ἐτι
695 5298 755 5351 ’γε
775 5282 880 5351 μὴν
908 5281 1030 5333 καθ’
1058 5280 1301 5356 ἑκατέραν
1324 5283 1478 5353 φύσιν
1503 5279 1767 5338 θελητικόν

157 5387 207 5422 τε
233 5375 326 5422 καὶ
354 5367 694 5444 ἐνεργητικὸν
739 5370 827 5421 τὸν
873 5370 1060 5445 Κύριον
1104 5372 1252 5444 ἡμῶν
1301 5369 1507 5428 Ἰησοῦν
1535 5372 1767 5443 Χριστὸν

158 5466 248 5518 τῆς
279 5460 439 5531 ἡμῶν
473 5456 623 5510 ἕνεκα
654 5461 930 5531 σωτηρίας
967 5458 1226 5532 ὑπάρχειν
1260 5460 1548 5533 ὁρίσαντες,
1591 5456 1769 5511 ἀναθε-

160 5548 449 5617 ματίζουσι
472 5550 540 5600 τὰ
566 5544 640 5620 ιβ’
666 5543 995 5621 Θεοδωρίτου
1014 5548 1289 5621 κεφάλαια,
1306 5552 1397 5602 καὶ
1415 5552 1511 5608 τὴν
1530 5555 1622 5601 τοῦ
1651 5545 1771 5602 Ἵϐα

159 5632 460 5705 ἐπιστολὴν,
497 5641 598 5697 τὴν
625 5638 757 5712 πρὸς
794 5638 968 5711 Μάριν
1007 5644 1396 5714 σνγγραφεῖσαν
1420 5641 1509 5691 τὸν
1539 5641 1769 5714 Πέρσην,

370 5748 626 5806 ΡΔτιιοι..
669 5746 775 5805 Gn.
815 5744 966 5804 CXL.

1839 536 2073 607 quibus,
2104 540 2161 591 et
2188 534 2334 591 illud
2363 536 2427 592 in
2454 536 2691 607 quibus,
2721 549 2846 591 non
2885 539 3092 591 tamen
3128 534 3278 591 illud
3335 550 3490 607 qua.

1840 628 1980 680 Post
2008 625 2440 681 elementorum
2471 626 2758 681 unionem
2790 629 3070 681 nostrum
3102 641 3322 699 corpus
3365 640 3493 682 non

1842 731 1989 787 pure
2018 720 2107 771 est
2134 716 2307 788 ignis,
2378 731 2578 788 neque
2630 731 2767 772 vere
2822 731 2943 781 aer,
3008 731 3207 789 neque
3246 731 3393 773 vera
3435 718 3496 772 et

1840 804 2108 874 legitima
2131 810 2303 877 terra,
2334 805 2442 861 sed
2472 804 2702 878 aliquid
2751 804 2916 861 aliud
2973 805 3131 862 ultra
3174 805 3491 878 elementa,

1843 894 2010 966 quod
2039 894 2427 951 manifestum
2482 898 2574 951 est
2630 910 2702 951 ex
2756 895 3055 951 sensibus.
3105 898 3495 967 Unaquaeque

1845 984 2005 1040 enim
2032 985 2223 1040 nostri
2254 984 2524 1056 corporis
2550 1000 2690 1057 pars
2712 984 2876 1041 aliud
2901 989 2989 1040 est
3012 1000 3200 1057 quam
3232 984 3496 1041 elemen-

1846 1078 1907 1131 ta
1940 1093 1954 1142 ;
1983 1075 2041 1130 in
2072 1075 2278 1132 divina
2308 1075 2529 1131 unione
2554 1075 2698 1130 nihil
2730 1074 2894 1131 aliud
2925 1075 3206 1132 eﬂectum
3247 1080 3336 1132 est
3364 1078 3501 1149 post

1847 1163 2109 1218 duarum
2129 1168 2482 1219 naturarum
2513 1178 2877 1219 concursum
2898 1181 2912 1234 ;
2940 1162 3043 1221 sed
3064 1164 3179 1220 hoc
3194 1163 3503 1238 ipsumjest

1850 1251 2116 1307 Christus
2145 1255 2203 1307 et
2236 1254 2391 1308 Deus
2422 1255 2480 1308 et
2506 1251 2715 1309 homo.

1922 1399 1976 1450 '7.
2033 1393 2189 1451 Talis
2235 1398 2437 1451 autem
2488 1394 2736 1451 haeresis
2792 1395 2948 1452 facta
2993 1397 3080 1451 est
3133 1394 3263 1452 aliis
3325 1395 3506 1469 quasi

1854 1484 2188 1540 accuratior
2249 1501 2319 1540 eo
2384 1485 2549 1558 quod
2615 1485 2892 1541 homines
2956 1484 3255 1557 sapientes
3321 1485 3507 1541 duces

1854 1572 2084 1629 habuit.
2152 1573 2416 1628 Joannes
2467 1572 2628 1628 enim
2706 1572 3077 1644 Philoponus
3145 1573 3507 1643 cognomine

1856 1677 1981 1717 non
2001 1660 2245 1733 quidem
2278 1663 2356 1717 ob
2389 1661 2481 1716 sui
2513 1662 2810 1718 sermonis
2863 1662 3126 1733 speciem
3174 1662 3327 1718 inter
3354 1661 3509 1719 insi-

1861 1751 2180 1822 gnissimos
2234 1757 2610 1817 numeratus,
2674 1751 2781 1807 sed
2828 1751 3213 1807 doctissimus
3239 1752 3510 1824 philoso-

1862 1842 2022 1913 phus
2054 1845 2111 1897 et
2162 1841 2222 1896 in
2253 1840 2878 1897 demonstrationibus
2922 1841 3295 1898 admirabilis
3354 1846 3512 1899 certe

1865 1933 1990 1997 est;
2023 1931 2125 2001 qui
2156 1930 2404 2002 quidem
2432 1947 2469 1987 a
2499 1930 2701 2001 Sergio
2726 1934 2870 1985 tunc
2900 1930 3185 2002 temporis
3220 1931 3513 1987 Constan-

1864 2017 2145 2089 tinopolis
2175 2019 2521 2090 patriarcha
2548 2019 2831 2074 invitatus
2858 2024 2921 2074 ut
2968 2019 3184 2091 scripto
3234 2019 3515 2076 haeresim

1866 2112 2272 2179 componeret,
2354 2108 2575 2164 librum
2658 2108 3042 2163 solertissime
3127 2109 3506 2182 conscripsit,

1866 2214 2049 2271 quem
2074 2199 2380 2254 Diaetelem
2412 2214 2519 2253 seu
2544 2198 2617 2254 de
2638 2200 2857 2254 unione
2885 2197 3209 2270 inscripsit,
3242 2204 3299 2255 et
3325 2199 3386 2254 in
3418 2199 3518 2255 de-

1868 2304 1999 2343 cem
2024 2287 2323 2359 capitibus
2353 2304 2564 2343 omnes
2592 2287 2840 2343 haeresis
2869 2288 3162 2344 sectiones
3191 2289 3515 2352 contexuit,

1868 2392 2111 2432 omnem
2142 2375 2221 2432 ad
2250 2376 2365 2431 hoc
2394 2377 2627 2448 agitans
2658 2375 3132 2449 philosophiam,
3153 2391 3520 2449 omnemque

1869 2464 2167 2521 adhibens
2189 2464 2789 2522 demonstrationem.
2822 2468 2952 2521 Non
2983 2470 3185 2522 tamen
3233 2466 3519 2537 objectio-

1868 2570 1978 2610 nes
2010 2554 2216 2610 vitavit
2242 2554 2561 2610 hominum
2598 2554 2915 2610 doctorum
2958 2559 3015 2611 et
3063 2571 3202 2611 vere
3242 2555 3522 2628 spiritua-

1868 2643 2037 2699 lium.
2070 2643 2238 2699 Multi
2268 2643 2430 2698 enim
2470 2642 2568 2699 alii
2613 2644 2744 2715 ejus
2801 2643 3190 2714 dogmatibus
3244 2645 3524 2701 adversa-

1869 2732 2110 2803 bantur,
2145 2732 2475 2804 praesertim
2535 2746 2676 2789 vero
2732 2733 3011 2789 Leontius
3064 2733 3403 2790 monachus
3461 2733 3524 2791 in

1870 2823 2113 2893 triginta
2161 2822 2459 2894 capitibus
2488 2823 2767 2879 haeresim
2818 2823 3164 2893 confutavit,
3227 2828 3525 2881 nostram-

1872 2928 1989 2983 que
2020 2912 2179 2983 piam
2210 2911 2547 2967 doctrinam
2598 2911 2903 2984 defendit;
2937 2917 2991 2969 et
3047 2917 3217 2969 tanta
3267 2912 3528 2971 admira-

1872 3000 2032 3056 tione
2059 3000 2282 3070 dignus
2314 3000 2598 3070 Georgius
2635 3001 2883 3067 Pisides,
2914 3000 3022 3074 qui
3050 3003 3266 3058 eadem
3297 3017 3369 3057 ac
3399 3002 3528 3059 Phi-

1871 3089 2135 3163 loponus
2166 3093 2342 3146 aetate
2373 3093 2519 3161 erat,
2552 3091 2619 3146 ut
2674 3088 2923 3157 solebat,
2979 3090 3187 3146 metris
3242 3090 3526 3147 iambicis

1794 3161 1835 3217 ο
1873 3161 2155 3236 haeresim
2184 3194 2468 3250 egressus
2514 3182 2626 3247 est,
2680 3194 2752 3236 ac
2797 3178 3015 3237 deinde
3053 3179 3262 3252 jocum
3307 3179 3529 3239 rationi

1874 3270 2247 3338 immiscens,
2282 3268 2367 3325 sic
2390 3268 2656 3341 loquitur
2688 3286 2701 3325 :

2011 3449 2242 3507 Saltem
2271 3463 2573 3520 unamque
2597 3453 2653 3505 et
2682 3462 2867 3505 unam
2897 3448 3060 3507 doce.

2013 3539 2075 3595 Si
2103 3538 2256 3594 enim
2289 3552 2592 3609 unamque
2615 3542 2669 3593 et
2696 3551 2874 3593 unam
2907 3538 3056 3594 dicis
3085 3551 3294 3605 unam,

2013 3629 2126 3684 Ha:
2155 3641 2322 3684 voces
2352 3628 2540 3684 risum
2569 3628 2666 3684 vel
2683 3627 2891 3697 pueris
2916 3626 3256 3700 movebunt,
3289 3630 3401 3687 etc.

1870 3742 1940 3793 ut
1969 3736 2135 3807 apud
2169 3735 2575 3804 Nicephorum
2602 3736 2706 3792 lib.
2733 3735 2971 3803 XVIII,
3001 3738 3093 3793 48.

1943 3847 1994 3900 8.
2024 3845 2158 3899 Haec
2187 3846 2389 3899 autem
2420 3841 2693 3899 confusio
2733 3846 2790 3899 et
2837 3842 3218 3899 conturbatio
3248 3842 3522 3902 Ecclesiae

1870 3950 1994 3992 non
2059 3933 2309 3989 omnino
2375 3932 2647 4003 cessavit,
2742 3931 3072 4004 pOpulique
3147 3932 3223 3989 ad
3314 3932 3522 3991 valvas

1871 4022 2196 4081 sanctuarii
2251 4025 2475 4077 stantes
2522 4021 2675 4076 ictus
2734 4018 3147 4076 sacerdotibus
3192 4021 3525 4080 commina-

1869 4114 2091 4171 bantur
2119 4116 2176 4168 et
2205 4128 2237 4168 e
2261 4110 2559 4167 cathedris
2590 4108 3097 4178 deturbationem,
3131 4109 3182 4166 si
3201 4110 3524 4170 Chalcedo-

1868 4218 2120 4260 nensem
2147 4199 2451 4273 synodum
2483 4203 3051 4266 commemorarent,
3106 4202 3163 4255 et
3204 4199 3257 4255 si
3304 4199 3522 4259 inscri-

1869 4293 2080 4350 berent
2134 4291 2198 4347 in
2247 4288 2550 4361 diptychis
2609 4294 2665 4345 et
2720 4289 3108 4346 nominarent
3161 4293 3362 4347 Patres
3417 4291 3525 4364 qui

1868 4383 2053 4454 hujus
2085 4379 2303 4453 synodi
2350 4378 2537 4434 ﬁdem
2569 4382 2992 4450 exposuerant.
3046 4382 3112 4435 Et
3165 4380 3294 4437 haec
3343 4379 3524 4439 inva-

1868 4471 2127 4537 luerunt,
2160 4484 2352 4541 usque
2382 4470 2462 4524 ad
2493 4467 2808 4525 Justiniani
2836 4467 3167 4525 decretum.
3201 4469 3307 4526 Ubi
3362 4470 3524 4528 enim

1870 4562 1964 4618 ille
1993 4560 2162 4630 regni
2187 4562 2491 4631 sceptrum
2514 4556 2802 4629 suscepit,
2829 4557 3017 4629 hujus
3039 4558 3284 4616 haeresis
3312 4558 3520 4630 duces,

1870 4656 2164 4723 tanquam
2212 4647 2371 4717 ferae,
2402 4647 2463 4703 in
2515 4647 2790 4702 cavernis
2840 4651 2897 4702 et
2929 4646 3193 4704 latibulis
3221 4663 3400 4707 suam
3424 4664 3524 4706 se-

1873 4741 2013 4797 dem
2043 4742 2391 4796 statuerant.
2426 4736 2708 4808 Syuodus
2736 4736 2899 4792 enim
2938 4738 3524 4812 Constantinopolim

1874 4831 2240 4887 convocatur
2303 4830 2546 4882 centum
2593 4824 2864 4898 quinque
2920 4830 2978 4883 et
3042 4828 3357 4897 sexaginta
3418 4830 3525 4885 Pa-

1875 4924 2056 4985 trum,
2085 4919 2146 4974 in
2169 4916 2389 4989 quibus
2418 4919 2546 4971 erat
2568 4914 2892 4987 Eutychius
2951 4914 3522 4988 Constantinopolis,

1875 5008 2156 5079 Virgilius
2186 5009 2408 5074 Romae,
2438 5004 2817 5077 Apollinariis
2867 5004 3245 5061 Alexandriae
3294 5009 3351 5060 et
3401 5003 3523 5071 alii,

1878 5102 1935 5155 et
1989 5096 2380 5154 conﬁrmatur
2432 5093 2934 5150 Chalcedonensis
2992 5092 3260 5167 synodus
3308 5092 3526 5151 iisdem

1874 5185 2263 5257 dogmatibus
2288 5199 2531 5240 rursum
2562 5182 2972 5255 proclamatis,
3003 5180 3216 5239 etﬁdei
3245 5183 3526 5255 symbolo

1877 5277 2144 5334 similiter
2168 5274 2458 5348 exposito.
2489 5273 2700 5330 Adhuc
2727 5277 2929 5329 tamen
2957 5287 3068 5345 pro
3117 5276 3373 5346 utraque
3418 5289 3527 5332 na-

1875 5373 2010 5427 tura
2038 5366 2404 5424 voluntatem
2433 5368 2490 5421 et
2518 5364 2932 5437 operationem
2956 5362 3182 5423 habere
3203 5364 3529 5423 Dominum

1874 5461 2151 5515 nostrum
2202 5458 2403 5512 Jesum
2449 5453 2772 5523 Christum,
2831 5452 3038 5510 salutis
3085 5458 3304 5513 nostra;
3342 5469 3532 5513 causa

1878 5545 2256 5615 deﬁnierunt,
2340 5541 3119 5617 anathematizaveruntque
3203 5543 3532 5603 duodecim

1876 5634 2229 5697 Theodoreti
2284 5632 2503 5706 capita,
2542 5635 2599 5691 et
2654 5630 2770 5689 lbaa
2826 5631 3151 5708 epistolam
3199 5632 3281 5692 ad
3323 5631 3531 5694 Marim

3070 5744 3104 5802 3
