4040 6318
526 344 593 401 63
1889 331 2169 391 NICETIE
2203 328 2584 388 CHONIATE

3829 344 3928 402 6-i-

520 463 778 523 modum
814 460 1113 536 Eutyches
1144 458 1521 533 supposititio
1538 458 1704 516 vultu
1732 461 1790 516 et
1825 456 2167 522 fictitioVer-

2282 452 2641 529 ὑποϐολιμαίῳ
2689 463 2980 532 προστὼπῳ
3028 463 3119 514 καὶ
3166 456 3507 534 φασματῶδει
3565 466 3653 516 τὸν
3722 471 3924 539 Λόγον

524 556 675 613 bum
700 551 1174 611 incarnationem
1199 549 1514 606 simulasse
1534 548 1757 615 docuit,
1783 548 1866 604 sic
1890 552 1948 604 et
1970 545 2051 603 illi
2067 546 2185 603 alia

525 644 629 701 via
653 642 1067 718 procedentes,
1098 653 1287 695 unam
1314 642 1598 695 naturam
1628 637 1704 694 de
1730 637 1965 694 Christo
1985 636 2184 691 dicere

527 731 661 790 ausi
693 734 851 787 sunt.
882 732 1073 785 Unam
1091 725 1337 799 quidem
1357 730 1565 798 etpost
1594 726 1878 781 unionem
1900 738 2182 798 perman-

528 821 678 877 sisse
701 832 1024 893 personam
1055 815 1283 884 dicunt,
1311 829 1434 871 non
1464 818 1668 871 autem
1692 814 2051 885 conjunctas
2080 828 2182 869 na-

526 914 691 969 turas
718 923 905 982 puras
941 910 1000 963 et
1025 904 1375 962 inconfusas
1429 904 1491 960 in
1550 904 1676 961 suis
1715 903 2182 977 proprietatibus

528 1002 887 1063 servantem,
903 995 1011 1052 sed
1035 998 1173 1068 post
1198 994 1487 1050 unionem
1509 993 1724 1051 ambas
1740 1008 1931 1049 unum
1955 991 2182 1064 aliquid

525 1087 715 1146 factas
756 1101 909 1155 esse,
932 1084 1216 1142 confusas
1239 1083 1299 1140 in
1340 1098 1451 1139 sua
1501 1083 1885 1139 immistione.
1920 1084 1986 1139 Et
2017 1080 2181 1137 aliud

526 1192 850 1235 commune
866 1193 937 1232 ex
955 1175 1235 1231 mistione
1257 1174 1631 1247 apparuisse,
1655 1171 2180 1247 quemadmodum

525 1271 583 1324 et
605 1282 862 1339 corpora
913 1282 987 1321 ex
1032 1267 1293 1337 quatuor
1340 1261 1647 1318 elementis
1693 1261 2181 1318 commistionem

528 1353 938 1421 sortita,aliud
963 1352 1259 1426 quiddam
1286 1355 1423 1424 post
1450 1351 1789 1407 mistionem
1817 1353 2178 1422 sunt.Neque

528 1444 721 1500 ferum
766 1458 962 1515 neque
1011 1445 1284 1497 nostrum
1324 1456 1545 1512 corpus
1599 1446 1701 1496 aut
1749 1439 1902 1510 ignis
1948 1445 2053 1495 aut
2078 1454 2181 1495 aer

527 1538 630 1590 aut
659 1532 885 1606 aliquid
919 1548 992 1587 ex
1021 1531 1327 1587 elementis
1355 1546 1507 1603 pura
1538 1535 1713 1598 sunt;
1755 1529 1860 1585 sed
1877 1545 1946 1586 ex
1969 1545 2177 1585 eorum

528 1619 802 1677 mistione
844 1618 1102 1675 formata
1146 1622 1304 1687 sunt,
1336 1623 1393 1675 et
1423 1624 1555 1691 post
1581 1618 1922 1675 mistionem
1950 1616 2177 1691 aliquid

529 1709 693 1766 aliud
715 1709 925 1765 effecta
945 1712 1102 1765 sunt.
1136 1708 1237 1764 llic
1267 1712 1470 1764 autem
1493 1724 1614 1763 non
1647 1724 1740 1763 res
1766 1709 1846 1763 ita
1869 1722 1931 1762 se
1960 1706 2167 1762 habet.

2290 545 2672 620 ὑποκρίνασθαι
2700 551 2795 605 τὴν
2828 551 3093 622 σάρκωσιν
3133 547 3494 622 ἐδογμάτιζεν,
3528 553 3663 606 οὕτω
3702 551 3771 615 δὴ
3806 562 3925 609 καὶ

2290 629 2456 702 οὗτοι,
2489 639 2583 692 τήν
2639 634 2866 690 ἐναντίαν
2905 638 3047 710 αὐτῷ
3085 643 3420 712 τραπόμενοι,
3450 646 3575 714 μίαν
3615 646 3768 716 φύσιν
3811 643 3920 699 ἐπὶ

2290 730 2527 797 Χριστοῦ
2581 724 2933 798 τετολμήκασι
2994 726 3156 799 λέγειν
3188 743 3201 757 ·
3234 729 3284 781 ἓν
3475 732 3577 806 γὰρ
3631 738 3722 785 καὶ
3760 753 3919 807 μετα

2289 816 2384 871 τὴν
2446 811 2626 866 ἕνωσιν
2689 820 3028 889 μεμενηκέναι
3084 821 3213 890 φασὶ
3266 823 3564 892 πρόσωπον,
3617 821 3676 873 οὗ
3724 827 3916 887 σῶζον

2292 897 2352 955 δε
2381 902 2475 963 τὰς
2523 902 2928 968 συνεληλυθυίας
2978 909 3154 979 φύσεις
3205 909 3442 983 καθαρὰς
3483 914 3574 962 καὶ
3636 909 3914 984 ἀσυγχύ-

2289 1008 2413 1054 τους
2447 989 2496 1043 ἒν
2535 999 2647 1055 τοῖς
2675 990 2833 1057 ἰδίοις
2892 990 3196 1068 ἰδιώμασιν,
3233 995 3359 1049 ἀλλὰ
3417 1000 3550 1070 μετὰ
3585 1003 3681 1058 τὴν
3710 1000 3913 1054 ἕνωσιν

2290 1077 2579 1155 ἀμφοτέρας
2624 1082 2673 1135 ἓν
2716 1101 2767 1136 τι
2816 1088 3095 1155 γεγονέναι,
3145 1086 3506 1157 συγχυθείσας
3550 1086 3599 1139 ἐν
3626 1096 3710 1161 erg-7
3764 1089 3911 1163 παρ’

2290 1167 2506 1231 ἀλλήλας
2577 1169 2859 1245 ἀνακράσει
2903 1187 2918 1203 ⁸
2977 1177 3151 1227 καίτοι
3215 1193 3384 1228 κοινον
3450 1175 3616 1249 ἓτερον
3682 1176 3737 1230 ἐκ
3796 1186 3911 1231 τοῦ

2287 1262 2552 1331 μίγματος
2604 1269 2845 1332 φανῆναι,
2909 1263 3082 1338 ὥσπερ
3139 1268 3231 1316 καί
3286 1266 3353 1317 τὰ
3406 1270 3626 1338 σώματα
3687 1266 3743 1319 ἐκ
3789 1276 3911 1320 τῶν

2287 1349 2555 1422 τεσσάρων
2624 1354 2902 1421 στοιχείων
2971 1350 3225 1425 εἰληχότα
3269 1357 3364 1411 τὴν
3423 1360 3611 1428 κρᾶσιν
3664 1354 3785 1408 ἀλλο
3842 1376 3911 1409 τι

2287 1436 2411 1508 παρ’
2469 1434 2635 1489 ἐκεῖνα
2693 1440 2948 1510 τυγχάνει
2995 1456 3008 1470 ’
3058 1443 3175 1494 οὔτε
3226 1446 3330 1514 μὴν
3386 1443 3412 1493 6
3473 1439 3714 1517 σίδηρος,
3774 1448 3913 1497 οὔτε

2287 1528 2347 1577 τὸ
2376 1527 2623 1601 ἡμέτερον
2673 1535 2866 1599 σῶμα,
2905 1531 2935 1586 ἤ
2977 1536 3080 1601 πῦρ
3139 1527 3252 1582 ἐστι
3289 1533 3518 1605 καθαρὸν
3552 1573 3565 1599 ,
3615 1536 3647 1591 ἦ
3707 1531 3835 1605 ἀὴρ,
3862 1538 3903 1593 ἣ

2285 1618 2339 1667 τὶ
2412 1622 2511 1666 τῶν
2567 1613 2731 1666 ἄλλων
2810 1621 3089 1687 στοιχείων
3142 1660 3157 1683 ,
3225 1616 3334 1670 ἀλλ’
3394 1617 3447 1682 ἐξ
3522 1620 3725 1673 ἐκείνων
3794 1625 3909 1693 μὲν

2288 1705 2577 1777 συνεκράθη
2610 1744 2629 1767 ,
2670 1702 2790 1755 ἆὶλο
2836 1699 2896 1756 δε
2945 1724 2997 1757 τι
3029 1708 3162 1778 μετὰ
3223 1710 3316 1765 τὴν
3359 1710 3652 1783 σύγκρασιν
3688 1714 3902 1780 γέγονε.

528 1798 643 1855 Sed
675 1803 1000 1871 postquam
1020 1797 1225 1853 divina
1245 1797 1695 1869 forma,nempc
1716 1801 1935 1853 natura
1959 1796 2018 1850 in
2051 1811 2167 1852 una

2284 1795 2354 1844 T6
2379 1787 2438 1844 δε
2475 1792 2582 1863 οὐχ
2604 1791 2768 1855 οὓτως
2819 1794 2943 1864 ἕχον
2986 1792 3127 1846 ἐστίν
3160 1812 3174 1825 ⁸
3217 1794 3345 1848 ἀλλὰ
3381 1805 3478 1859 τῆς
3506 1799 3640 1860 θείας
3686 1806 3903 1871 μορφῆς

524 1902 594 1943 ex
634 1887 758 1942 suis
800 1886 1080 1959 personis
1123 1885 1402 1941 humanae
1454 1891 1685 1942 natura:
1733 1886 1975 1955 integrae
2028 1900 2176 1941 con-

517 1972 731 2043 juncta
751 1975 856 2041 est,
886 1986 1009 2027 non
1039 1969 1203 2027 aliud
1229 1969 1523 2045 quiddam
1554 1970 1713 2027 facta
1742 1974 1832 2026 cst
1861 1985 1932 2025 ex
1962 1969 2175 2025 ineffa-

520 2060 625 2116 bili
650 2060 764 2116 hac
790 2059 1066 2116 mistionc
1096 2064 1152 2116 ct
1180 2059 1425 2129 unione,
1456 2060 1563 2116 sed
1592 2063 1732 2136 post
1761 2059 2045 2116 unionem
2068 2074 2173 2116 na-

520 2153 667 2207 turae
695 2148 1030 2207 inconfusm
1060 2153 1437 2222 permanent.

589 2332 677 2385 29.
720 2330 791 2386 Ut
818 2333 1021 2386 autem
1052 2327 1132 2385 ad
1160 2328 1506 2401 exemplum
1529 2328 1844 2401 quoddam
1866 2331 2174 2385 vertamus

518 2416 1073 2487 oculos,hominem
1107 2416 1488 2473 individuum
1520 2417 2052 2490 supponamus;in
2077 2433 2177 2473 cu-

514 2505 764 2579 jusdam
785 2521 1109 2579 personam
1129 2520 1456 2579 pervenere
1477 2506 1605 2578 ejus
1626 2521 1848 2579 corpus
1871 2509 1927 2563 et
1946 2506 2171 2576 anima;

519 2594 627 2652 sed
650 2610 774 2653 non
786 2595 951 2653 aliud
971 2595 1265 2669 quiddam
1286 2594 1443 2652 ultra
1463 2601 1554 2652 est
1569 2595 1945 2669 particularis
1963 2596 2169 2653 homo.

516 2686 836 2758 Hucusque
866 2685 1050 2742 modo
1098 2688 1211 2742 stet
1237 2684 1604 2758 exemplum.
1633 2685 1690 2741 Si
1720 2686 1881 2741 enim
1925 2684 2172 2742 ulterius

513 2776 997 2851 progrediamur,
1022 2775 1281 2833 multam
1320 2774 1699 2831 inveniemus
1728 2773 2157 2832 differentiam.

513 2869 594 2923 De
647 2864 990 2938 particulari
1046 2864 1206 2921 enim
1254 2864 1520 2936 homine,
1546 2864 1785 2938 proprie
1844 2880 2064 2938 corpus
2115 2871 2172 2923 et

507 2955 717 3013 anima
735 2954 1241 3027 dicuntur,neque
1261 2954 1469 3011 anima
1491 2971 1712 3029 corpus
1743 2954 2166 3029 appellaretur,

506 3061 704 3120 neque
735 3061 955 3117 corpus
999 3044 1203 3101 anima
1252 3045 1683 3102 nominaretur.
1718 3048 1797 3102 De
1837 3046 1938 3102 Dei
1965 3050 2168 3103 autem

2286 1884 2405 1940 ἤτοι
2434 1883 2631 1953 φύσεως
2685 1880 2733 1934 ἐν
2784 1888 2883 1954 μ.ιᾴ
2925 1890 3024 1934 τῶν
3083 1884 3247 1947 αὐτῆς
3297 1887 3636 1939 ὑποστάσεων
3674 1896 3736 1960 τῇ
3798 1886 3901 1939 ἀν-

2287 1971 2517 2045 θρωπίνῃ
2570 1970 2729 2043 οὐσίᾳ
2790 1970 3115 2046 ατομωθείση
3178 1974 3597 2043 συνεληλυθυίας,
3632 1976 3727 2029 οὐκ
3764 1975 3900 2031 ἄλλο

2285 2078 2336 2111 τι
2380 2063 2578 2131 γέγονεν
2639 2058 2740 2113 ἀπὸ
2786 2070 2879 2121 τῆν
2929 2061 3156 2137 ἀρρήτου
3210 2067 3408 2126 ταύτης
3461 2064 3645 2137 μίξεως
3694 2085 3749 2119 τε
3795 2072 3899 2121 καὶ

2282 2150 2557 2223 κράσεως,
2600 2147 2727 2203 ἀλλὰ
2762 2153 2894 2223 μετά
2939 2156 3033 2211 τὴν
3079 2152 3260 2207 ἕνωσιν
3317 2154 3373 2206 αἱ
3402 2156 3580 2228 φύσεις
3624 2158 3683 2208 τὸ
3722 2152 3899 2229 ἀσύγ-

2282 2258 2448 2311 χυτον
2477 2241 2715 2311 ἔχουσιν.

2352 2344 2449 2399 κθ’.
2487 2344 2598 2400 Ἵνα
2653 2342 2714 2400 δε
2777 2351 2868 2401 καὶ
2922 2350 3052 2424 πρὸς
3093 2351 3153 2403 τὸ
3203 2346 3547 2424 παράδειγμα
3588 2350 3896 2425 βλέψωμεν,

2284 2436 2311 2488 6
2349 2436 2670 2488 καθίκαστον
2711 2437 3009 2491 ὑποκείσθω
3074 2440 3360 2514 ἄνθρωπος,
3393 2439 3462 2501 εἰς
3508 2439 3707 2504 οὗτινος
3754 2442 3898 2494 ὑπὸ-

2284 2543 2471 2578 στασιν
2512 2533 2665 2599 σῶμα
2708 2522 2981 2586 διελήλυθε
3007 2532 3097 2581 καὶ
3137 2527 3291 2601 ψυχή
3330 2545 3343 2559 ·
3386 2527 3494 2581 ἀλλ’
3534 2530 3630 2583 οὐκ
3673 2530 3795 2584 ἄλλο
3837 2550 3898 2583 τι

2280 2617 2424 2690 παρὰ
2450 2623 2615 2669 ταῦτα
2655 2617 2680 2668 6
2710 2620 2922 2691 μερικὸς
2971 2619 3256 2682 ἄνθρωπος.
3292 2618 3430 2678 Πλὴν
3482 2624 3647 2695 μέχρι
3694 2623 3893 2674 τούτου

2284 2710 2459 2764 στήτω
2514 2707 2641 2779 ἡμῖν
2706 2709 2765 2759 τὸ
2826 2704 3168 2781 παράδειγμα
3202 2730 3216 2743 ’
3249 2715 3563 2785 προσωτέρω
3609 2714 3712 2787 γὰρ
3761 2732 3894 2784 χω-

2277 2800 2506 2867 ροῦντες,
2550 2792 2741 2853 πολλὴν
2802 2799 2895 2854 τὴν
2954 2792 3211 2870 διαφορὰν
3276 2799 3560 2871 εὑρήσομεν
3601 2816 3616 2832 ⁸
3658 2798 3743 2852 ἐπὶ
3788 2801 3890 2873 μὲν

2277 2886 2375 2958 γὰρ
2402 2890 2495 2935 τοῦ
2549 2891 2767 2957 μερικοῡ
2806 2882 3101 2961 ἀνθρώπου,
3136 2882 3446 2948 ἰδιαζόντως
3490 2891 3550 2941 τὸ
3607 2895 3762 2962 σῶμα
3788 2895 3889 2942 καὶ

2278 2973 2308 3030 ἠ
2339 2971 2496 3045 ψυχὴ
2526 2974 2781 3045 λέγονται,
2808 2979 2899 3027 καὶ
2947 2975 3058 3028 οὔθ’
3084 2976 3115 3034 ἡ
3157 2974 3311 3048 ψυχὴ
3361 2984 3515 3049 σῶμα
3552 2978 3614 3029 ἄν
3660 2977 3883 3038 κληθείη

2275 3063 2419 3129 ποτε,
2452 3064 2570 3114 οὔτε
2614 3064 2675 3114 τὸ
2730 3071 2885 3136 σῶμα
2946 3062 3102 3136 ψυχὴ
3160 3067 3608 3140 προσαγορευθείη
3642 3083 3656 3097 ο
3692 3065 3778 3121 ἐπὶ
3817 3064 3887 3123 δε

501 3134 656 3192 inter
704 3150 817 3191 nos
842 3137 1191 3207 persona,et
1215 3136 1403 3191 Deum
1444 3140 1653 3191 secure
1682 3134 2021 3191 diceremus
2049 3134 2163 3191 ho-

2279 3158 2369 3213 τῆς
2408 3157 2499 3203 τοῦ
2540 3158 2675 3204 Θεοῦ
2734 3152 2855 3205 καθ’
2896 3154 3032 3226 ἡμᾶς
3077 3154 3434 3221 ὑποστάσεως,
3473 3158 3563 3208 καὶ
3608 3157 3698 3208 τὸν
3746 3160 3885 3210 Θεὸν

505 3223 754 3291 minem,
779 3228 835 3280 et
862 3223 1172 3280 hominem
1216 3224 1675 3293 Deum,mutatis
1700 3224 1967 3280 vicissim
1996 3230 2052 3280 et
2080 3224 2165 3280 vi-

505 3312 706 3369 cissim
728 3312 883 3368 datis
916 3311 1284 3381 nominibus,
1308 3312 1644 3369 secundum
1673 3312 2039 3369 ineffabilem
2070 3328 2169 3369 co-

504 3400 878 3457 haerentiam.
909 3402 975 3456 Et
996 3399 1446 3471 particularium
1477 3400 1795 3457 hominum
1822 3402 2165 3458 communis

506 3491 599 3545 est
620 3489 878 3561 species;
899 3488 1059 3544 unde
1076 3489 1411 3545 secundum
1436 3489 1595 3546 hanc
1619 3489 2163 3546 individualitatem

504 3592 615 3651 per
642 3578 849 3635 omnia
893 3576 1120 3633 similes
1157 3576 1457 3634 dicuntur.
1483 3578 1841 3648 Singulatim
1862 3579 2023 3635 enim
2052 3579 2162 3635 ho-

504 3666 722 3736 mines,
756 3665 1158 3722 caracteribus
1182 3665 2011 3735 differentes,similitudinem
2039 3683 2165 3723 om-

507 3754 824 3812 nimodam
837 3755 1170 3812 secundum
1184 3754 1447 3828 speciem
1467 3755 1712 3813 habent.
1730 3755 1947 3813 Divinas
1960 3760 2162 3813 autem

509 3843 666 3902 illius
694 3850 1048 3902 naturarum
1083 3845 1448 3918 hypostasis,
1481 3861 1603 3901 non
1625 3850 1719 3902 est
1738 3845 1967 3919 aliquid
1994 3863 2161 3903 com-

502 3950 687 3991 mune
704 3950 923 3991 nomen
944 3934 1209 3991 Christus
1228 3933 1619 4008 appellatum,
1636 3935 2161 4008 quemadmodum

503 4023 583 4080 de
614 4024 792 4080 nobis
843 4022 1210 4081 vocabulum
1262 4023 1469 4093 homo,
1495 4024 1641 4097 quia
1669 4038 1794 4081 non
1824 4028 1961 4081 sunt
1990 4024 2163 4081 multi

505 4112 738 4179 Christi,
767 4113 872 4168 sed
900 4129 1053 4170 unus
1084 4112 1269 4170 Patris
1310 4113 1603 4171 terminus
1625 4118 1682 4171 et
1711 4113 1971 4172 Verbum
1992 4112 2161 4188 quod

503 4200 813 4258 divinitate
846 4202 1014 4259 unxit
1033 4201 1493 4259 humanitatem.

580 4312 668 4365 30.
711 4307 772 4364 Si
798 4309 932 4382 quis
946 4312 1151 4365 autem
1176 4325 1316 4366 cum
1345 4311 1609 4384 Eutyche
1639 4311 2021 4368 consentiens
2054 4327 2159 4369 oc-

498 4395 753 4455 currerit
780 4400 839 4452 et
866 4395 1151 4467 objecerit
1178 4397 1489 4454 hominem
1511 4398 1753 4455 duabus
1782 4402 2010 4456 naturis
2022 4415 2157 4457 con-

2277 3238 2597 3315 θαρρούντως
2652 3239 2714 3293 ἂν
2772 3244 2999 3314 εἴποιμεν
3046 3243 3335 3317 ἄνθρωπον,
3386 3248 3475 3296 καὶ
3531 3246 3619 3297 τὸν
3678 3246 3886 3319 ἄνθρω-

2273 3347 2369 3381 πον
2413 3332 2543 3382 Θεὸν
2586 3368 2600 3392 ,
2663 3333 3106 3407 μεταχωροῦντων
3174 3330 3413 3395 ἀλλήλοις
3458 3340 3558 3385 τῶν
3611 3333 3884 3407 ὀνομάτων

2272 3423 2363 3471 καὶ
2419 3414 2865 3492 ἀντιδιδομένων,
2924 3422 3058 3473 κατὰ
3119 3425 3214 3478 τὴν
3280 3420 3501 3498 ἄρρητον
3574 3426 3874 3496 συμᾳυίαν.

2275 3510 2376 3561 Καὶ
2431 3515 2532 3560 τῶν
2597 3511 2689 3581 μὲν
2748 3516 2970 3584 μερικῶν
3033 3508 3315 3583 ἀνθρώπων
3390 3510 3504 3564 ἐστὶ
3578 3516 3639 3565 τὸ
3705 3512 3883 3565 κοινὸν

2274 3592 2414 3658 εἶδος
2459 3615 2474 3630 ο
2533 3593 2620 3650 διὸ
2682 3595 3068 3672 ἀπαράλλακτοι
3131 3618 3269 3653 κατα
3320 3607 3470 3654 τοῦτο
3532 3604 3592 3654 τὸ
3662 3605 3882 3675 μερικὸν

2270 3684 2507 3757 λέγονται
2533 3702 2547 3716 ⁸
2572 3688 2621 3739 οἱ
2665 3689 2765 3762 γὰρ
2812 3688 2947 3740 κατὰ
2984 3690 3137 3761 μέρος
3188 3690 3485 3764 ἄνθρωποι,
3527 3696 3639 3752 τοῖς
3688 3711 3881 3766 χαρα-

2270 3783 2465 3851 κτῆρσι
2514 3772 2872 3843 διεστηκότες,
2927 3782 3021 3836 τὴν
3070 3776 3458 3853 ἁπαραλλαξίαν
3507 3782 3643 3832 κατὰ
3678 3783 3736 3833 τὸ
3800 3783 3879 3835 εἶ-

2275 3859 2361 3924 δος
2400 3866 2625 3935 ἔχουσι·
2653 3873 2747 3926 τῆς
2796 3861 2855 3918 δε
2894 3867 3033 3928 θείας
3094 3865 3286 3929 ἐκείνης
3327 3876 3427 3920 τῶν
3486 3871 3686 3941 φύσεων
3740 3870 3878 3923 ὐπο-

2272 3954 2507 4017 στάσεως
2546 3953 2639 4006 οὐκ
2694 3956 2807 4007 ἔστι
2841 3974 2894 4008 τι
2934 3959 3102 4008 κοινὸν
3142 3960 3303 4030 ὄνομα
3348 3962 3583 4034 Χριστὸς
3612 3959 3875 4033 ὅνομαζὸ-

2268 4061 2437 4114 μενον,
2470 4045 2643 4116 ὥσπερ
2698 4042 2776 4116 ἐφ’
2829 4045 2977 4117 ἡμῶν
3015 4046 3301 4121 ἄνθρωπος,
3357 4048 3437 4100 ὅτι
3488 4044 3628 4121 μηδέ
3691 4046 3874 4103 πολλοὶ

2268 4131 2428 4193 οὗτώς
2476 4136 2724 4206 Χριστοὶ,
2754 4130 2860 4185 ἀλλ’
2899 4133 2970 4196 εἷς
3017 4134 3043 4186 6
3094 4141 3187 4187 τοῦ
3235 4138 3432 4212 Πατρός
3473 4138 3589 4212 ὅρος
3626 4141 3716 4191 καὶ
3759 4141 3873 4192 Λό-

2266 4228 2436 4294 γοςτῇ
2474 4222 2678 4280 θεὸτητι
2714 4226 2917 4297 χρίσας
2944 4226 3035 4281 τὴν
3067 4221 3459 4297 ἁνθρωπὸτητα.

2336 4307 2399 4364 λ’.
2438 4309 2501 4363 Εἰ
2539 4306 2600 4363 δέ
2641 4329 2723 4373 τις
2772 4313 2836 4364 τὰ
2873 4311 3145 4384 Εὗτυχοῦς
3188 4322 3383 4388 φρονῶν
3436 4313 3726 4375 ἀπαντήσει
3778 4321 3876 4371 καὶ

2265 4397 2603 4474 προϐαλεῖται
2684 4401 2750 4461 ὡς
2815 4400 2841 4452 6
2920 4401 3193 4475 ἄνθρωπος
3262 4400 3317 4455 ix
3388 4399 3487 4457 δύο
3557 4409 3878 4460 συνίσταται

503 4489 680 4553 stare,
703 4484 868 4541 hunc
897 4488 1098 4541 autem
1129 4500 1167 4543 a
1193 4486 1312 4543 Deo
1338 4491 1719 4560 assumptum
1750 4503 1901 4554 esse,
1927 4487 2033 4556 qui
2073 4488 2155 4544 al-

2279 4490 2488 4560 ρύσεων,
2517 4495 2700 4541 τοῦτον
2732 4484 2792 4542 δε
2836 4489 2863 4540 6
2916 4492 3048 4551 Θεὸς
3088 4490 3460 4565 προσελάϐετο,
3510 4491 3658 4566 ἑτέρα
3714 4496 3877 4566 φύσις

502 4577 627 4631 tera
652 4572 812 4630 ultra
834 4572 1143 4631 hominem
1163 4577 1381 4631 natura
1405 4579 1518 4643 est,
1540 4574 1623 4632 ita
1641 4579 1704 4633 ut
1734 4591 1806 4632 ex
1832 4576 2021 4633 tribus
2051 4591 2158 4633 na-

501 4663 649 4720 turis
668 4662 1048 4719 etl‘ormatum
1085 4679 1221 4720 esse
1248 4663 1544 4721 Christum
1588 4664 1831 4721 credere
1860 4669 2151 4737 oporteat,

500 4750 738 4808 duabus
761 4750 1006 4824 quidem
1022 4751 1520 4822 hominis,anima
1541 4768 1760 4827 nempe
1786 4769 1857 4810 ac
1879 4769 2153 4827 corpore,

497 4852 621 4898 una
649 4844 851 4897 autem
906 4841 1169 4914 propria,
1213 4841 1329 4898 hoc
1371 4841 1455 4898 illi
1495 4842 1961 4915 responderetur
1990 4843 2157 4900 unita

496 4945 630 4986 esse
642 4930 844 5003 aliqua
859 4946 931 4987 ex
953 4930 1251 4986 continuis
1274 4930 1525 4999 dici,sed
1536 4948 1659 4989 non
1674 4947 1745 4988 ex
1767 4931 2149 4990 distantibus.

497 5020 611 5075 Cur
638 5020 798 5076 enim
847 5019 975 5093 ipse
1022 5034 1147 5076 non
1203 5019 1353 5076 dicis
1406 5021 1718 5078 hominem
1765 5038 1838 5079 ex
1884 5021 2153 5095 quinque

492 5108 799 5180 componi,
831 5109 922 5164 vel
969 5108 1137 5181 quod
1194 5109 1397 5165 verius
1424 5116 1599 5178 esset,
1622 5127 1697 5167 ex
1748 5114 1999 5185 septem,
2029 5127 2154 5169 una

491 5195 737 5269 quidem
761 5196 1255 5270 anima,quatuor
1284 5204 1485 5255 autem
1517 5200 1788 5273 corporis
1817 5200 2148 5270 elementis,

492 5289 549 5341 ct
576 5284 777 5341 adhuc
803 5286 1055 5342 materia
1089 5290 1147 5344 et
1192 5286 1409 5359 forma,
1431 5305 1568 5362 quae
1598 5289 1838 5359 longius
1873 5291 2053 5346 sunt?
2085 5292 2153 5346 Et

488 5389 604 5430 nos
655 5372 833 5444 igitur
870 5373 1168 5431 Christum
1217 5376 1460 5433 duabus
1499 5378 1730 5435 naturis
1761 5384 2034 5436 constare
2065 5378 2151 5434 di-

494 5466 716 5528 centes.
749 5468 1045 5535 tanquam
1068 5481 1252 5522 unam
1292 5471 1572 5524 naturam
1593 5469 1904 5525 hominem
1935 5468 2153 5541 accipi-

444 5584 449 5588 »
499 5569 658 5621 mus,
691 5551 771 5609 ad
801 5553 1155 5612 continuum
1182 5557 1557 5616 attendentes
1577 5574 1774 5632 neque
1796 5559 1874 5617 ad
1904 5564 2152 5617 naturas

504 5642 727 5716 quibus
753 5641 850 5701 ille
875 5647 1137 5704 constat.

2263 4579 2408 4648 παρὰ
2479 4585 2658 4631 τοῦτον
2733 4581 3013 4651 τυγχάνων
3049 4620 3063 4645 ,
3117 4580 3252 4634 ὣστε
3318 4580 3373 4634 ἐκ
3432 4590 3590 4656 τριῶν
3668 4585 3877 4655 φύσεων

2268 4662 2509 4729 δοξάζειν
2538 4672 2710 4739 χρεὼν
2767 4670 2854 4720 τὸν
2902 4671 3156 4745 Χριστὸν,
3208 4666 3305 4723 δύο
3371 4673 3460 4744 μεν
3517 4679 3618 4724 τῶν
3647 4679 3739 4725 τοῦ
3779 4670 3875 4725 ἁν-

2268 4757 2495 4827 θρώπου,
2548 4755 2735 4828 ψυχῆς
2808 4756 2938 4829 λέγω
2999 4764 3090 4811 καὶ
3156 4763 3420 4832 σώματος,
3473 4766 3595 4834 μιᾶς
3646 4757 3708 4815 δε
3773 4769 3877 4827 τῆς

2265 4843 2460 4907 οἰκείας
2502 4842 2661 4898 ἐκεῖνο
2708 4848 2838 4920 πρὸς
2896 4845 3047 4900 αὐτὸν
3096 4846 3317 4919 λέγοιτο,
3365 4849 3445 4901 ὃτι
3500 4852 3568 4902 τὰ
3626 4848 3880 4924 ἱνούμενα

2264 4930 2319 4985 ἐκ
2361 4941 2460 4985 τῶν
2516 4942 2795 5009 προσεχῶν
2857 4933 3101 4989 ἔνοῦσθαι
3159 4935 3403 5009 λέγεται,
3440 4936 3532 4990 ἀλλ
3594 4938 3724 5010 οὐχὶ
3770 4946 3879 4993 τῶν

2265 5020 2440 5097 πόρρω
2472 5039 2486 5055 ⁸
2522 5019 2616 5075 διὰ
2656 5027 2707 5075 τί
2756 5026 2859 5098 γὰρ
2891 5026 3049 5087 αὐτὸς
3088 5030 3160 5098 μὴ
3195 5028 3282 5078 τὸν
3329 5027 3600 5102 ἄνθρωπον
3631 5025 3687 5080 ἕκ
3723 5031 3877 5084 πέντε

2262 5109 2399 5183 λέγει
2432 5113 2816 5184 συγκεῖσθαι,ἣ
2858 5115 2917 5165 τό
2944 5132 3004 5185 γε
3049 5111 3388 5190 ἀληθέστερον
3440 5114 3489 5178 ἐξ
3546 5115 3700 5181 έπτάο
3744 5123 3880 5190 μιᾶς

2263 5202 2357 5273 μὲν
2385 5206 2479 5263 τᾶς
2506 5199 2713 5273 ψυχῆς,
2745 5202 3014 5275 τεσσάρων
3062 5200 3122 5257 δε
3174 5211 3273 5256 τῶν
3325 5209 3606 5277 στοιχείων
3635 5212 3725 5259 τοῦ
3767 5212 3879 5259 σώ-

2264 5307 2448 5362 ματος,
2503 5293 2593 5341 καὶ
2656 5291 2732 5342 ἔτι
2785 5288 2911 5352 ὒλης
2958 5295 3048 5344 καὶ
3099 5289 3289 5360 εἴδους,
3348 5301 3448 5345 τῶν
3514 5293 3876 5371 πορῥωτέρω;

2269 5383 2369 5432 Καὶ
2398 5381 2549 5452 ἡμεῖς
2577 5387 2702 5451 γοῦν
2757 5384 2845 5433 τὸν
2903 5385 3133 5456 Χριστὸν
3164 5381 3219 5435 ἐκ
3272 5379 3369 5436 δύο
3408 5386 3609 5456 φύσεων
3660 5380 3880 5457 δογμα-

2260 5471 2510 5535 τίζοντες,
2544 5471 2615 5530 ὡς
2679 5473 2803 5542 μίαν
2859 5473 3015 5542 φύσιν
3066 5474 3151 5524 τὸν
3201 5473 3471 5547 ἄνθρωπον
3525 5470 3880 5547 προσλαμϐά-

2258 5575 2427 5629 νομεν,
2492 5561 2622 5633 πρὸς
2692 5561 2750 5611 τὸ
2798 5563 3060 5634 προσεχὶς
3114 5560 3418 5635 ἀφορῶντες,
3474 5566 3561 5616 καὶ
3623 5562 3686 5615 οὗ
3741 5566 3878 5636 πρὸξ

2261 5650 2355 5710 τὰς
2395 5650 2594 5721 φύσεις,
2622 5647 2674 5714 ἐξ
2712 5649 2780 5703 ὧν
2816 5648 3004 5714 ὶκεῖνος
3034 5655 3371 5712 συνέστηκεν.
