4040 6318
161 328 229 385 63
1544 313 1893 381 THESAURI
1931 318 2064 380 LIB.
2104 315 2209 383 IX.
3491 335 3559 401 66

225 452 331 507 λα’.
376 449 443 505 Εἰ
482 445 548 506 δι
586 453 682 504 καὶ
710 451 838 524 πρὸς
867 449 1064 510 ταύτην
1100 447 1265 523 λυττᾷ
1290 453 1383 511 τὴν
1413 448 1669 515 ἐπίλυσιν,
1699 449 1793 499 καὶ
1826 445 1872 501 Α

159 541 338 615 ἑτέραν
372 541 592 617 προσθή
606 559 766 614 σομεν
788 560 802 575 ο
836 543 908 604 ὡς
937 542 963 593 6
993 542 1265 617 ἅνθρωπος
1320 541 1351 600 ἣ
1401 543 1613 615 μερικός
1651 535 1791 591 ἔστιν

158 632 186 689 ἡ
249 631 524 685 καθόλου*
578 631 731 705 ἡμεῖς
771 626 832 685 δέ
879 650 1044 705 φαμεν
1097 634 1184 685 τὸν
1236 629 1460 685 καθόλου
1498 630 1789 704 ἄνθρωπον,

155 725 443 775 τουτέστιν
509 718 837 796 ἕωθρωπείαν
881 722 1058 794 φύσιν,
1114 720 1371 795 εἰληφέναι
1433 723 1522 773 τὸν
1577 720 1790 793 Κύριον,

156 815 273 873 in;
298 809 380 870 δή
419 815 517 864 καὶ
550 808 833 872 ἂσύνθετός
884 808 1020 880 ἔστι,
1051 814 1141 863 καὶ
1172 807 1267 863 διὰ
1319 818 1474 863 τοῦτο
1501 812 1599 883 μία
1635 810 1793 881 φύσις

153 900 398 971 λέγεται.
452 902 603 956 Ἐπεὶ
657 907 785 973 γοῦν
840 909 1024 954 τοῦτον
1085 905 1254 955 κοινὸν
1318 909 1415 964 τῆς
1471 898 1792 975 ἀνθρωπίνης

157 993 376 1062 φύσεως
408 990 570 1062 λόγον
602 988 862 1063 ἀνέλαϐεν,
903 988 1181 1063 ἀτομὼσας
1216 989 1264 1044 ἰν
1293 999 1363 1063 τῷ
1390 987 1786 1064 προσ-λήμματι,

158 1076 253 1132 διὰ
285 1087 458 1133 τοῦτο
492 1078 552 1132 ἐκ
581 1076 681 1133 δύο
705 1081 1017 1133 συνιστάναι
1052 1083 1139 1133 τὸν
1181 1082 1372 1154 Κύριον
1402 1076 1790 1153 δογματίξοριεν

104 1214 117 1231 ,
154 1172 371 1241 ςύσεων
398 1185 413 1199 ·
451 1168 504 1223 ἑν
538 1166 597 1221 δι
625 1172 908 1244 πρόσωπον
941 1173 1031 1223 καὶ
1059 1171 1189 1242 μετὰ
1215 1173 1310 1228 τὴν
1349 1170 1530 1222 ἕνωσιν
1558 1166 1785 1239 λέγομεν,

154 1259 180 1310 ὃ
218 1254 292 1317 δὴ
354 1263 460 1311 καὶ
525 1261 656 1320 Θεὸς
693 1256 808 1311 ἐστι
866 1262 960 1311 καὶ
1018 1260 1291 1334 ἄνθρωπος
1337 1258 1523 1320 τέλειος
1559 1253 1654 1310 διὰ
1694 1260 1789 1314 τὴν

153 1349 696 1423 καινοπρεπεστοίτην
727 1343 999 1401 ἀντίδοσιν
1022 1363 1037 1377 °
1084 1352 1156 1421 μὴ
1188 1349 1292 1422 γὰρ
1341 1349 1438 1408 τὰς
1471 1349 1652 1419 φύσεις
1681 1364 1788 1398 πα·

154 1436 501 1511 ραχοιροξξας
533 1440 600 1491 τὰ
626 1435 682 1500 ἐξ
711 1436 781 1489 ὧν
811 1434 860 1489 ἰν
894 1433 972 1499 οἷς
1008 1436 1137 1512 οἷπερ
1167 1441 1360 1511 πέφυκε
1399 1436 1579 1497 σώζων
1609 1434 1745 1488 ἔστιν
1770 1455 1784 1469 ο

157 1528 212 1579 εκ
247 1545 307 1579 τε
334 1528 446 1602 γὰρ
482 1523 585 1581 δύο
614 1528 875 1600 ὑφέστηκε
916 1528 1135 1594 σύσεων,
1166 1531 1257 1580 καὶ
1300 1526 1351 1579 ἐν
1403 1528 1618 1586 ταύταις
1675 1532 1789 1587 ταῖς

159 1617 358 1687 φύσεσι
396 1619 621 1687 πέφυκε,
652 1614 843 1689 μᾶλλον
891 1611 952 1668 δὲ
1001 1612 1154 1669 ούδὶν
1191 1614 1359 1691 ἓτερον
1410 1617 1555 1688 παρὰ
1598 1617 1788 1675 ταύτας

161 1703 323 1773 ἐστὶν,
364 1703 507 1757 ἀλλὰ
532 1712 687 1758 τοῦτο
716 1704 843 1758 αὐτὸ
872 1703 1008 1773 ἰστι,
1044 1701 1141 1758 δύο
1172 1707 1371 1778 φύσεις,
1425 1707 1550 1765 Θεὸς
1598 1702 1790 1767 τέλειος

160 1800 247 1847 καὶ
270 1796 573 1869 ἄνθρωπος
600 1793 818 1855 rarior
851 1793 912 1847 ού
947 1797 1047 1867 γὰρ
1100 1798 1147 1847 εἴ
1175 1813 1228 1847 τι
1264 1792 1316 1857 ἐξ
1368 1788 1437 1844 ὧν
1467 1792 1602 1859 ἐστι,
1633 1801 1787 1845 τοῦτο

161 1879 221 1942 δή
255 1883 409 1936 αὖτὰ
461 1885 728 1955 τυγχάνει
758 1885 825 1935 τὰ
875 1882 931 1946 ἐξ
971 1883 1039 1935 ὧν
1078 1881 1219 1937 ἔστιν
1243 1903 1257 1917 ’
1286 1881 1343 1934 ἐκ
1370 1885 1531 1955 πυρὸς
1556 1883 1659 1955 γὰρ
1696 1886 1788 1935 καὶ

159 1976 256 2043 γῆς
278 1973 517 2047 οὐρανὸς
553 1975 691 2025 κατά
732 1971 979 2026 Πλάτωνα
1010 1976 1321 2030 συνέστηκεν
1342 1992 1355 2005 ·
1389 1970 1498 2023 ἀλλ’
1527 1971 1633 2043 οὐχ
1656 1970 1785 2044 οἷπερ

160 2059 359 2129 ἐκεῖνα,
396 2063 425 2114 6
475 2061 703 2136 ούρανὸς
755 2066 1012 2135 πέφυκεν·
1062 2063 1089 2113 6
1147 2057 1207 2114 δὲ
1247 2064 1478 2131 Χριστὸς
1509 2058 1561 2123 ἐξ
1590 2060 1658 2111 ὧν
1686 2079 1786 2113 συ-

158 2156 439 2218 νέστηκεν,
465 2152 641 2203 ἐκεῖνα
669 2153 947 2223 τυγχάνει,
976 2150 1070 2203 οὐκ
1108 2149 1232 2203 ἄλλο
1260 2169 1313 2202 τι
1357 2151 1663 2211 ποιησάσης
1692 2157 1787 2210 τῆς

160 2239 381 2313 μίξεως.
413 2240 513 2293 Ἐκ
544 2236 644 2293 δύο
672 2248 799 2312 γοῦν
831 2242 1031 2313 φύσεων
1060 2241 1087 2292 6
1116 2242 1349 2313 Χριστὸς
1378 2244 1470 2291 καὶ
1492 2237 1542 2291 ἓν
1571 2241 1787 2302 ταύταις

161 2337 279 2392 ταῖς
330 2331 587 2402 φύσεσιν.
618 2328 776 2383 Ἀλλὰ
839 2332 931 2382 καὶ
986 2328 1073 2382 ἐπὶ
1110 2325 1560 2403 παραδείγματος,
1587 2329 1658 2390 εἷς
1695 2332 1787 2401 μέν

159 2416 304 2471 ἔστιν
334 2418 365 2471 6
393 2417 569 2485 ἣλιος,
598 2421 780 2491 φύσεις
807 2414 869 2471 δι
897 2417 949 2471 ἓν
975 2417 1114 2490 αύτῷ
1140 2414 1258 2489 δύο,
1288 2419 1318 2476 ἡ
1361 2420 1452 2490 μιν
1477 2424 1569 2470 τοῦ
1600 2420 1783 2490 φωτὸς,

160 2509 189 2566 ἦ
237 2504 302 2561 δε
348 2515 450 2561 τοῦ
498 2506 723 2567 ἡλιακοῦ
773 2512 1039 2580 σώματος’
1089 2511 1179 2559 καὶ
1208 2507 1235 2560 6
1281 2509 1514 2581 Χριστὸς
1542 2507 1615 2568 εἷς
1652 2505 1783 2578 ἔστι,

162 2599 349 2670 φύσεις
408 2593 474 2651 δὲ
513 2593 635 2667 δύο,
684 2598 715 2657 ἡ
756 2601 848 2670 μὲν
905 2598 1032 2671 ὑπὲρ
1088 2598 1248 2670 ἡμᾶς,
1288 2597 1320 2655 ἡ
1356 2593 1414 2651 δε
1444 2598 1704 2670 ἡμετέρα·
1738 2595 1789 2650 ἕν

164 2690 268 2762 γὰρ
296 2695 381 2758 τῷ
412 2686 562 2759 αὐτῷ
585 2692 677 2740 καὶ
715 2687 789 2740 ἑνὶ
819 2689 1037 2760 ὀνόματι
1062 2686 1312 2759 ἑκατέροιν
1342 2694 1441 2738 τῶν
1465 2687 1788 2760 πραγμάτων

169 2782 428 2850 σημασία
458 2773 752 2846 δείκνυται,
795 2777 1035 2839 θεότητος
1063 2774 1193 2848 ὶλγω
1220 2780 1311 2828 καὶ
1350 2772 1749 2848 ὼθρωπὸτητος
1771 2790 1785 2805 ·

165 2863 253 2920 διὸ
282 2871 385 2919 καὶ
412 2867 694 2939 ἄνθρωπος
719 2865 925 2938 λέγεται
953 2867 980 2918 6
1016 2868 1263 2941 Χριστὸς,
1294 2869 1385 2918 καὶ
1421 2868 1550 2927 Θεὸς
1587 2863 1789 2937 λέγεται

165 2958 193 3009 6
219 2959 467 3031 Χριστός
490 2971 507 2985 °
536 2953 743 3028 Ἀμᾶει
777 2960 867 3008 καὶ
894 2962 987 3007 τοῦ
1018 2960 1260 3027 σώματος
1285 2956 1616 3027 τυππομίνου
1642 2956 1789 3029 παρὰ

169 3054 264 3099 τοῦ
300 3047 600 3120 ὑπηρέτου,
626 3046 692 3106 ὡς
722 3042 873 3106 αύτός
898 3044 1123 3116 πάσχων
1153 3042 1313 3116 ἔλεγε,
1359 3048 1423 3097 Τί
1450 3044 1514 3116 με
1545 3038 1784 3119 δαίρεις;

1972 446 2063 536 3t.
2091 450 2157 506 Et
2186 449 2236 506 si
2262 449 2341 508 ad
2365 449 2525 509 hanc
2557 449 2923 512 solutionem
2943 456 3112 517 rabie
3133 462 3555 536 excandescat,

1898 538 1958 591 et
1988 534 2173 594 aliam
2204 538 2605 609 adducemus,
2633 557 2854 617 nempe
2875 544 3187 623 hominem
3209 566 3344 609 esse
3374 553 3469 611 vel
3496 534 3558 615 in

1898 624 2234 698 individuo,
2275 629 2372 687 vel
2417 630 2479 688 in
2528 631 2836 693 universo.
2881 637 2998 693 Nos
3050 644 3253 699 autem
3300 642 3561 702 dicimus

1897 711 2210 771 hominem
2240 716 2302 774 in
2330 717 2636 790 universo,
2664 720 2729 777 id
2777 725 2866 779 est
2915 723 3250 785 humanam
3274 735 3558 789 naturam

1900 802 2224 862 Dominum
2252 808 2678 882 assumpsisse,
2712 826 2850 883 qua:
2880 817 3036 871 certe
3068 819 3124 872 et
3150 817 3559 893 incomposita

1899 896 1988 949 est
2004 897 2062 949 et
2081 893 2217 952 ideo
2239 912 2361 953 una
2381 902 2601 956 natura
2626 899 2863 957 dicitur.
2881 904 3178 969 Quoniam
3199 907 3380 980 igitur
3398 910 3558 968 hanc

1899 997 2289 1042 communem
2318 986 2604 1046 humanae
2626 994 2855 1047 naturae
2877 993 3171 1053 rationem
3201 1000 3554 1073 assumpsit,

1898 1086 2031 1127 eam
2061 1088 2184 1130 non
2201 1074 2477 1133 dividens
2498 1077 2557 1133 in
2578 1078 2677 1137 illa
2699 1083 3140 1156 assumptione,
3160 1086 3295 1144 ideo
3313 1088 3556 1147 duabus

1896 1163 2127 1219 naturis
2156 1170 2433 1224 constare
2464 1168 2761 1226 Christum
2778 1170 3091 1233 docemus.
3124 1178 3318 1235 Unam
3342 1183 3547 1237 autem

1896 1266 2222 1324 personam
2253 1259 2310 1311 et
2338 1261 2475 1328 post
2503 1258 2788 1315 unionem
2816 1257 3094 1331 dicimus,
3127 1280 3265 1339 quae
3305 1267 3555 1340 quidem

1897 1345 1986 1397 est
2013 1341 2168 1399 Deus
2194 1348 2251 1399 et
2270 1343 2455 1401 homo
2477 1347 2774 1418 perfectus
2797 1349 2877 1406 ob
2898 1349 3375 1412 hancinsolitam
3393 1372 3529 1416 com

1897 1430 2270 1487 munionem.
2297 1434 2440 1490 Cum
2462 1440 2665 1492 autem
2686 1452 2808 1494 non
2840 1437 3267 1501 adulteraverit
3285 1450 3551 1515 naturas,

1897 1533 1965 1575 ea
1986 1534 2057 1574 ex
2075 1520 2298 1593 quibus
2322 1527 2379 1579 et
2398 1523 2459 1579 in
2484 1524 2705 1597 quibus
2730 1530 2943 1601 etquae
2965 1535 3056 1587 est
3076 1537 3292 1590 servat.
3308 1535 3554 1593 Duabus

1896 1607 2054 1664 enim
2085 1609 2318 1666 naturis
2350 1613 2751 1681 constituitur,
2775 1621 2940 1675 etest
2968 1618 3030 1675 in
3054 1619 3148 1676 his
3178 1623 3410 1678 naturis
3428 1623 3554 1681 imo

1895 1711 2039 1754 vero
2069 1697 2219 1754 nihil
2245 1699 2409 1756 aliud
2438 1706 2530 1759 est
2557 1708 2722 1761 extra
2751 1720 2875 1774 eas,
2908 1707 3014 1764 sed
3043 1708 3160 1766 hoc
3207 1709 3412 1785 ipsum
3442 1716 3550 1779 est,

1818 1763 1858 1817 Β
1896 1784 2033 1842 duo:
2065 1791 2317 1857 naturae,
2353 1791 2508 1846 Deus
2532 1792 2832 1864 perfectus
2853 1763 2910 1852 et
2937 1763 3555 1872 homo'peﬁeet—usjvsvi

1896 1874 2063 1963 quid,
2090 1876 2253 1933 enim
2297 1892 2370 1933 ex
2426 1880 2650 1951 quibus
2703 1887 2811 1949 est,
2852 1899 2979 1941 non
3008 1890 3098 1944 est
3134 1902 3206 1945 ea
3231 1904 3305 1945 ex
3327 1890 3553 1963 quibus

1895 1966 2024 2028 est;
2052 1962 2190 2035 igne
2220 1966 2381 2022 enim
2408 1972 2466 2023 et
2506 1973 2660 2026 terra
2690 1971 2909 2028 emtum
2935 1979 3189 2047 constat,
3218 1962 3390 2047 juxta
3421 1978 3554 2037 Pla-

1898 2054 2102 2109 tonem
2129 2071 2143 2120 ;
2166 2053 2270 2109 sed
2299 2070 2422 2110 non
2452 2057 2617 2129 quod
2647 2074 2719 2115 ea
2739 2065 2895 2127 sunt,
2920 2062 3138 2119 caelum
3162 2070 3273 2121 est.
3294 2067 3554 2125 Christus

1898 2155 2038 2196 vero
2063 2146 2151 2197 est
2172 2141 2273 2199 illa
2296 2143 2518 2215 quibus
2531 2148 3122 2218 constat,nihilaliud
3138 2155 3555 2214 commistione

1900 2228 2228 2300 efﬁciente;
2251 2247 2323 2288 ex
2353 2231 2590 2290 duabus
2620 2235 2801 2305 igitur
2838 2239 3070 2296 naturis
3113 2242 3384 2301 Christus
3412 2250 3469 2301 et
3492 2245 3556 2301 in

1892 2315 1989 2374 his
2030 2318 2274 2376 duabus
2329 2322 2580 2379 naturis.
2613 2324 2729 2382 Sed
2782 2329 2840 2383 et
2866 2329 3123 2403 exempli
3152 2333 3362 2402 gratia,
3396 2350 3558 2391 unus

1894 2408 2140 2482 quidem
2172 2415 2263 2467 est
2293 2410 2401 2480 sol,
2434 2416 2666 2471 natura
2713 2420 2919 2474 autem
2965 2434 3102 2491 quae
3128 2421 3189 2477 in
3226 2420 3329 2479 illo
3386 2429 3545 2494 sunt,

1893 2497 2052 2567 duae,
2065 2497 2312 2556 luminis
2331 2501 2579 2574 quidem
2592 2509 2649 2560 et
2664 2504 2874 2563 solaris
2889 2510 3184 2581 corporis.
3204 2513 3268 2568 Et
3286 2513 3556 2572 Christus

1896 2604 2056 2645 unus
2088 2593 2198 2659 est,
2230 2596 2458 2648 naturae
2499 2598 2701 2651 autem
2732 2594 2889 2666 duae,
2918 2613 3043 2656 una
3068 2600 3317 2673 quidem
3368 2619 3556 2677 supra

1895 2692 2032 2745 nos,
2066 2684 2121 2735 et
2149 2685 2375 2737 nostra.
2423 2684 2487 2738 In
2535 2682 2754 2741 eodem
2802 2686 2964 2744 enim
3013 2692 3070 2746 et
3120 2706 3243 2747 uno
3280 2693 3551 2765 nomine,

1896 2766 2214 2841 utriusque
2268 2769 2354 2825 rei
2410 2770 2770 2842 signiﬁcatio
2817 2777 3168 2843 ostenditur,
3224 2780 3552 2840 divinitatis

1897 2854 2035 2913 dico
2057 2861 2115 2913 et
2135 2856 2552 2916 humanitatis.
2579 2861 2721 2919 Ideo
2742 2867 2800 2920 et
2815 2864 3002 2923 homo
3023 2866 3237 2925 dicitur
3258 2870 3547 2944 Christus,

1897 2949 1954 3002 et
2018 2948 2173 3003 Deus
2214 2945 2430 3005 dicitur
2482 2949 2769 3008 Christus.
2828 2953 3120 3013 Nimirum
3176 2960 3234 3015 et
3296 2959 3546 3032 quando

1896 3048 2117 3107 corpus
2164 3035 2296 3107 ejus
2349 3051 2388 3094 a
2436 3052 2611 3095 servo
2659 3039 3027 3112 verberatur,
3080 3049 3369 3119 tanquam
3420 3049 3550 3121 ipse

163 3141 255 3189 καὶ
314 3119 600 3206 ἄψαυστος
651 3134 720 3185 ὢν
756 3137 853 3193 τὴν
892 3135 1068 3206 φύσιν,
1113 3134 1248 3207 ὅμως
1284 3131 1442 3204 ἔλεγε,
1491 3136 1589 3185 Τόν
1627 3137 1785 3187 νῶτόν

1899 3138 2115 3196 passus
2141 3124 2385 3183 dicebat
2413 3143 2426 3183 :
2461 3149 2489 3178 ‹‹
2518 3128 2673 3195 Quid
2702 3145 2800 3187 me
2831 3132 3043 3189 caedis'
3064 3133 3092 3190 ?
3118 3154 3149 3184 η
3183 3137 3247 3193 Et
3275 3151 3416 3193 cum
3443 3119 3554 3196 ha-

165 3244 269 3297 μου
298 3220 491 3277 ἔδωκα
511 3222 586 3285 εἰς
614 3223 882 3295 μάστιγας
900 3238 913 3252 ’
946 3220 981 3274 ἃ
1007 3223 1110 3296 γὰρ
1139 3223 1198 3273 τὸ
1235 3218 1553 3294 ἀνθρώπινον
1582 3223 1788 3294 ἔπασχε

166 3321 258 3366 τοῦ
302 3318 515 3384 Λόγου,
578 3318 747 3364 ταῦτα
798 3314 964 3365 συνὼν
1016 3309 1154 3381 αὐτῷ
1207 3310 1234 3361 6
1286 3312 1458 3381 Λόγος
1498 3309 1567 3371 εἰς
1607 3309 1788 3364 ἐαυτὸν

168 3401 386 3476 ἀνέφερε
407 3414 425 3432 ⁸
470 3396 509 3453 δ
513 3401 569 3453 ιὰ
604 3407 756 3453 τοῦτο
784 3404 877 3452 καὶ
906 3400 932 3452 6
963 3397 1124 3467 ἣλιος,
1148 3398 1295 3481 ,ὀρῶν
1324 3400 1413 3450 τὸν
1461 3393 1788 3473 δημιουργὸν

170 3491 335 3545 αὐτοῦ
359 3489 414 3542 ἕν
434 3498 511 3562 τῷ
526 3488 854 3564 ὑϐριζομένῳ
879 3493 1081 3561 σώματι
1101 3486 1434 3560 ἀνεχόμενον,
1457 3489 1550 3551 τὰς
1575 3486 1786 3551 ἀκτῖνας

170 3579 492 3651 συνέστειλε,
524 3584 617 3632 καὶ
644 3577 887 3632 ἑσκότισε
912 3581 1006 3637 τὴν
1024 3576 1146 3650 γῆν.

240 3756 354 3832 λβ.
401 3761 505 3812 Καὶ
532 3759 560 3810 6
591 3756 840 3829 Θεολὸγος
869 3758 1157 3831 Γρηγὸριος
1199 3757 1333 3808 οὕτω
1364 3768 1495 3827 φησι
1516 3769 1531 3785 ⁸
1564 3759 1727 3808 Τοῦτο
1752 3754 1782 3813 ἡ

173 3850 467 3901 κενωθεῖσα
495 3848 690 3918 θεότης,
724 3854 876 3901 τοῦτο
926 3848 957 3905 ἡ
997 3843 1397 3921 προσληφθεῖσα
1438 3843 1590 3918 σὰρξ,
1631 3844 1691 3896 ού
1721 3851 1783 3917 τῇ

174 3942 302 4013 πρὸς
342 3942 433 3991 τὸν
459 3941 583 3992 Θεὸν
612 3942 781 4009 Λόγον
810 3936 987 3990 ἑνὼσει
1015 3937 1153 3988 κατὰ
1188 3939 1284 3994 τὴν
1337 3931 1624 4009 ἀνάκρασιν
1657 3954 1786 4006 συγ-

175 4029 432 4099 χυθεῖσα,
458 4031 552 4079 καὶ
585 4026 657 4089 εἰς
684 4031 808 4099 μίαν
838 4025 1024 4078 οὐσίαν
1072 4022 1555 4089 ἀποτελευτῆσασα,
1598 4022 1657 4076 ού
1686 4025 1786 4098 γὰρ

177 4120 381 4191 φυρμὸν
410 4118 442 4176 ἦ
493 4114 757 4188 ἀνάχυσιν
800 4117 829 4168 6
883 4119 1055 4187 Λόγος
1090 4116 1216 4190 πρὸς
1272 4118 1366 4172 τὴν
1410 4111 1790 4189 ἂνθρωποι-ητα

177 4208 386 4274 ἔπαθεν,
437 4206 469 4264 ᾖ
527 4208 851 4279 μετάστασιν
908 4208 1003 4263 τὴν
1052 4202 1121 4264 εἰς
1184 4205 1306 4275 ὅπερ
1346 4202 1441 4255 οὐκ
1494 4198 1577 4269 ἦν,
1637 4200 1784 4271 ἀλλὰ,

178 4301 467 4356 σκηνώσας
504 4292 555 4347 ἐν
600 4296 747 4367 ἡμῖν,
779 4293 839 4346 ού
878 4294 1073 4367 μεθῆκε
1119 4295 1178 4345 τὸ
1222 4288 1391 4344 ἴδιονο
1445 4295 1699 4364 μεμένηκε
1729 4288 1789 4345 δὲ

174 4391 298 4459 ὅπερ
331 4382 419 4454 ἦν,
447 4389 541 4437 καὶ
575 4384 695 4437 καθ’
724 4385 905 4436 ἕνωσιν
950 4385 1177 4455 φυσικὴν
1205 4388 1398 4433 νοεῖται
1436 4383 1505 4443 ὡς
1544 4381 1707 4456 ἕτερον
1740 4379 1789 4434 ἓν

1896 3217 2034 3270 tura
2054 3214 2218 3285 tangi
2238 3229 2367 3272 non
2392 3219 2616 3289 posset,
2659 3217 2900 3277 dicebat
2936 3225 3138 3280 tamen
3172 3240 3185 3279 :
3232 3247 3260 3277 ‹‹
3293 3227 3550 3284 Dorsum

1895 3315 2099 3359 meum
2135 3302 2276 3359 dedi
2321 3305 2847 3377 percutientibus‘.
2887 3331 2917 3360 »
2962 3312 3106 3378 Qum
3149 3313 3311 3371 enim
3340 3314 3553 3375 huma-

1897 3389 2056 3448 nitas
2085 3391 2258 3449 Verbi
2288 3394 2648 3468 patiebatur,
2679 3395 2810 3455 haec
2862 3414 3002 3456 cum
3043 3417 3117 3458 ea
3160 3403 3554 3476 conjunctum

1897 3479 2160 3538 Verbum
2178 3481 2242 3539 in
2263 3498 2328 3541 se
2348 3483 2663 3543 referebat.
2687 3486 2913 3546 Idcirco
2943 3489 3052 3561 sol,
3092 3507 3345 3550 cernens
3374 3511 3554 3553 suum

1896 3570 2237 3628 Creatorem
2289 3572 2351 3629 in
2400 3589 2651 3648 corpore
2680 3575 2839 3634 male
2895 3578 3101 3637 habito
3132 3582 3553 3655 sustinentem,

1894 3658 2097 3716 radios
2121 3661 2383 3719 coercuit
2402 3668 2461 3721 et
2489 3667 2710 3722 terram
2740 3666 3001 3724 tenebris
3030 3672 3309 3742 contegit.

1969 3751 2057 3806 32.
2106 3751 2173 3806 Et
2210 3751 2528 3823 Gregorius
2578 3753 2917 3827 Theologus
2966 3758 3052 3816 sic
3093 3759 3398 3834 loquitur:
3431 3763 3552 3820 Hoc

1896 3838 2134 3911 privata
2164 3840 2478 3910 Divinitas,
2510 3842 2659 3901 illud
2712 3852 3032 3921 assumpta
3073 3864 3235 3921 caro,
3285 3867 3410 3908 non
3449 3867 3558 3925 per

1898 3943 2073 3985 suam
2103 3944 2244 3987 cum
2277 3933 2395 3988 Deo
2426 3933 2615 3990 Verbo
2658 3936 2946 3993 unionem
2992 3939 3383 4011 permistione
3414 3956 3554 3999 con-

1895 4014 2053 4083 fusa,
2082 4021 2140 4074 et
2175 4017 2237 4075 in
2295 4034 2484 4076 unam
2542 4021 2947 4081 substantiam
2997 4027 3352 4094 terminata;
3408 4033 3553 4096 (non

1897 4105 2060 4163 enim
2108 4107 2452 4166 mistionem
2507 4114 2610 4168 aut
2650 4112 3067 4172 confusionem
3123 4116 3381 4175 Verbum
3411 4135 3552 4176 cum

1897 4194 2275 4254 humanitate
2305 4213 2524 4271 passus
2570 4206 2683 4267 est,
2741 4206 2845 4259 aut
2879 4203 2942 4259 in
2972 4203 3034 4260 id
3077 4205 3243 4279 quod
3272 4223 3397 4264 non
3427 4212 3555 4268 erat

1898 4285 2381 4353 conversionem,
2402 4287 2507 4344 sed
2537 4288 2822 4347 habitans
2855 4292 2916 4348 in
2940 4291 3140 4365 nobis,
3170 4310 3294 4352 non
3313 4296 3554 4370 reliquit

1897 4374 2065 4447 quod
2096 4374 2207 4430 sibi
2253 4376 2568 4449 proprium
2606 4383 2752 4436 erat.
2784 4383 3114 4440 Permansit
3151 4390 3352 4442 autem
3384 4386 3555 4459 quod

358 4491 372 4503 ·
422 4477 696 4526 τουτέστιν
743 4474 775 4531 ἡ
833 4474 947 4525 θεία
998 4472 1154 4543 φύσις
1201 4467 1251 4521 ἕν
1298 4467 1680 4544 ἀνθρωπὸτητι,
1719 4474 1788 4542 μὴ

1899 4469 2045 4531 erat,
2076 4469 2133 4520 et
2161 4465 2498 4524 secundum
2527 4467 2865 4526 naturalem
2898 4472 3186 4529 unionem
3218 4474 3554 4549 concipitur

174 4568 431 4620 παθοῦσα
456 4570 647 4637 κρᾶσιν
685 4566 871 4617 ὁποίαν
909 4564 939 4621 ἠ
995 4570 1096 4614 τῶν
1139 4562 1309 4634 ὑγρῶν
1339 4560 1555 4620 ἓνωσις’
1597 4559 1641 4613 εἰ
1686 4563 1788 4634 γὰρ

174 4660 462 4729 κέκρανται
501 4655 557 4705 αἱ
582 4655 782 4725 φύσεις,
843 4651 910 4713 εἰς
966 4654 1090 4723 μίαν
1145 4648 1288 4722 μίξιν
1318 4647 1639 4722 ἑτεροούσιαι
1667 4667 1790 4721 τυγ-

174 4746 485 4817 χάνουσαι,
548 4736 666 4793 οὐδ’
732 4742 956 4814 ὁποτέρα
1014 4737 1260 4804 σώζεται,
1331 4734 1440 4789 ἀλλ’
1502 4734 1789 4810 ἀμφότεραι

179 4833 552 4905 συγχυθεῖσαι
603 4830 1007 4902 ἠφανίσθησαν·
1060 4831 1149 4879 καὶ
1201 4829 1319 4879 οὔτε
1371 4828 1650 4901 χωρισμὸν
1698 4824 1786 4878 ἀπ’

177 4921 411 4980 αλλήλων
439 4962 460 4992 ,
524 4921 644 4972 οὔτε
708 4916 971 4992 διαίρεσιν
1037 4912 1380 4989 ἐπιδέχονται
1443 4917 1779 4987 κεκραμέναι.

173 5012 487 5069 Ἠνώοησαν
516 5005 578 5061 δὲ
634 5007 845 5083 ἀρρήτῳ
891 5011 983 5059 καὶ
1044 5003 1295 5078 ἀφράστῳ
1342 5002 1502 5075 ὶὸγῳ,
1541 5008 1633 5056 καί
1686 5011 1787 5056 τῶν

176 5100 353 5155 ἁπλῶν
381 5099 626 5172 ἑκάτερον
666 5097 718 5151 ἐν
749 5106 823 5169 τῷ
874 5097 1102 5168 συνθίτῳ
1139 5096 1227 5147 τὸν
1273 5101 1367 5156 τῆς
1418 5088 1556 5154 ἰδίας
1587 5094 1788 5165 γύσεως

177 5194 338 5254 σώζει
364 5189 522 5261 λογον
544 5202 558 5221 '
589 5186 699 5241 ἕπεὶ
725 5191 817 5240 καὶ
845 5185 916 5237 ὧν
955 5186 980 5238 6
1005 5184 1152 5257 λόγος
1191 5183 1297 5256 οὐχ
1324 5180 1394 5246 εἰς
1435 5184 1631 5235 τούτων
1661 5178 1785 5237 ούδε

170 5282 202 5340 ἠ
242 5282 402 5353 φύσις
429 5282 549 5352 μα,
581 5279 713 5354 πρὸς
761 5271 914 5329 οὐδὲν
963 5273 1064 5328 ύπὸ
1102 5282 1193 5335 τῆς
1237 5275 1369 5348 πρὸς
1421 5270 1620 5331 ἄλληλα
1658 5290 1785 5325 συνο-

173 5367 381 5447 δροριῆς
429 5373 524 5422 καὶ
575 5366 805 5431 ἱνὼσεως
859 5369 1165 5439 μειουμένης
1204 5363 1369 5417 αὐτῶν
1428 5370 1524 5426 τῆς
1554 5368 1784 5436 φυσικῆς

240 5585 263 5623 ³
303 5583 478 5645 Joau.
504 5598 646 5656 xm,
682 5584 776 5641 23.
856 5579 879 5617 ι
917 5579 1030 5638 Isa.
1058 5590 1114 5649 ι,
1137 5582 1191 5636 6.

1898 4555 1965 4607 ut
1989 4551 2243 4610 alterum
2291 4554 2355 4610 in
2404 4554 2627 4623 altero;
2657 4556 2718 4613 id
2757 4563 2849 4614 est
2877 4558 3084 4618 divina
3112 4566 3327 4621 natura
3353 4564 3416 4621 in
3444 4564 3555 4621 hu-

1898 4642 2210 4713 manitate,
2232 4658 2354 4700 non
2377 4644 2831 4717 permistionem
2863 4648 3168 4708 sustinens
3205 4653 3447 4725 qualem
3476 4653 3550 4710 li-

1899 4730 2225 4804 quidarum
2256 4733 2423 4793 unio.
2454 4735 2513 4793 Si
2533 4736 2694 4792 enim
2721 4738 3024 4809 permistse
3055 4747 3253 4799 essent
3297 4748 3547 4816 natura,

1899 4818 1960 4875 in
1990 4836 2113 4878 una
2154 4821 2408 4880 mistura
2450 4824 2845 4883 dissimilibus
2892 4828 3244 4887 substantiis
3284 4832 3556 4904 versatis,

1897 4913 2111 4967 neutra
2136 4916 2428 4982 servatur,
2477 4912 2586 4969 sed
2614 4912 2813 4972 ambas
2852 4917 3117 4976 confusu;
3155 4926 3550 4979 evanuerunt.

1898 4997 1969 5054 Et
1995 5013 2192 5072 neque
2241 5001 2639 5073 separationis
2688 5018 2887 5078 neque
2938 5006 3255 5065 divisionis
3291 5023 3550 5082 capaces

1899 5090 2041 5143 sunt
2069 5086 2387 5160 permistis.
2424 5090 2608 5148 Unitse
2640 5096 2780 5150 sunt
2813 5092 3107 5151 ineffabili
3153 5100 3212 5153 et
3260 5096 3554 5157 indicibili

1895 5175 2147 5247 ratione,
2170 5180 2227 5234 et
2253 5176 2616 5251 simplicium
2633 5185 2957 5255 utrumque
2976 5181 3039 5240 in
3059 5185 3395 5258 composito
3410 5203 3555 5261 pro-

1897 5264 2043 5338 priae
2066 5270 2299 5324 naturae
2319 5268 2616 5327 rationem
2654 5276 2880 5340 servat;
2930 5287 3192 5345 quorum
3236 5275 3398 5333 enim
3427 5292 3553 5335 non

1894 5357 1982 5412 est
2010 5370 2134 5415 una
2175 5356 2352 5426 ratio,
2402 5374 2612 5417 eorum
2660 5375 2783 5417 non
2828 5363 2918 5418 est
2966 5375 3093 5419 una
3122 5369 3362 5437 natura,
3400 5365 3549 5423 nihil
