4040 6318
500 322 566 379 63
1863 306 2143 366 NICETE
2177 303 2557 363 caenum:
3801 316 3880 373 σι

494 441 753 501 modum
787 438 1088 513 Eutyches
1119 434 1496 510 supposititio
1512 434 1679 492 vultu
1707 437 1764 492 et
1799 432 2146 497 ﬁctitioVer-

2258 427 2614 503 ὑποϐολιμαίῳ
2662 436 2955 505 προστὼπῳ
3002 437 3093 487 καὶ
3140 429 3481 506 φασματῶδει
3539 437 3626 488 τὸν
3695 442 3879 511 Λόγον

499 533 650 591 bum
675 529 1149 589 incarnationem
1173 526 1488 583 simulasse
1509 524 1732 591 docuit,
1757 524 1841 580 sic
1864 527 1922 579 et
1944 521 2025 578 illi
2041 521 2159 577 alia

500 622 604 679 via
628 620 1041 696 procedentes,
1073 630 1262 672 unam
1288 619 1572 672 naturam
1603 613 1678 670 de
1704 613 1939 671 Christo
1959 611 2158 667 dicere

502 710 636 768 ausi
668 712 826 765 sunt.
857 710 1047 762 Unam
1065 703 1312 777 quidem
1332 706 1540 775 etpost
1569 702 1853 757 unionem
1875 713 2157 774 perman-

503 798 654 855 sisse
677 810 1000 871 personam
1031 792 1257 861 dicunt,
1285 806 1410 847 non
1439 795 1643 848 autem
1666 790 2025 861 conjunctas
2054 803 2157 844 na-

501 892 667 946 turas
694 901 881 960 puras
917 888 974 940 et
1000 881 1350 940 inconfusas
1404 881 1466 937 in
1525 880 1651 936 suis
1690 878 2157 954 proprietatibus

504 979 862 1041 servantem,
879 972 987 1029 sed
1009 975 1148 1046 post
1173 971 1461 1027 unionem
1485 969 1699 1027 ambas
1715 984 1906 1025 unum
1929 966 2156 1040 aliquid

501 1065 691 1123 factas
732 1079 885 1132 esse,
908 1061 1191 1119 confusas
1213 1060 1275 1116 in
1316 1075 1427 1116 sua
1477 1059 1860 1115 immistione.
1896 1060 1961 1114 Ει
1992 1055 2156 1113 aliud

502 1170 826 1213 commune
842 1170 913 1210 ex
931 1152 1210 1209 mistione
1233 1150 1607 1225 apparuisse,
1631 1146 2155 1223 quemadmodum

501 1249 560 1301 et
582 1259 838 1316 corpora
890 1259 963 1298 ex
1008 1244 1269 1314 quatuor
1316 1238 1623 1295 elementis
1669 1236 2157 1294 commistionem

504 1331 914 1400 sortita,a1iud
939 1329 1235 1404 quiddam
1262 1332 1398 1400 post
1426 1327 1765 1383 mistionem
1793 1329 2153 1398 sunt.Neque

503 1422 698 1478 ferum
743 1435 939 1492 neque
988 1422 1260 1474 nostrum
1300 1432 1521 1489 corpus
1575 1421 1677 1472 aut
1724 1414 1878 1486 ignis
1924 1420 2028 1471 aut
2054 1429 2156 1470 aer

504 1516 607 1568 aut
635 1510 862 1583 aliquid
896 1525 969 1565 ex
998 1508 1304 1564 elementis
1332 1523 1484 1580 pura
1514 1511 1689 1574 sunt;
1731 1504 1837 1561 sed
1853 1521 1923 1561 ex
1945 1520 2153 1560 eorum

503 1597 779 1655 mistione
820 1596 1079 1653 formata
1123 1600 1281 1664 sunt,
1312 1600 1369 1651 et
1400 1600 1532 1668 post
1558 1594 1899 1651 mistionem
1926 1592 2154 1665 aliquid

505 1687 670 1744 aliud
693 1686 903 1743 effecta
923 1689 1080 1742 sunt.
1115 1684 1215 1740 [lic
1245 1689 1447 1741 autem
1470 1700 1590 1740 non
1625 1699 1717 1740 res
1742 1685 1823 1739 ita
1846 1698 1908 1738 se
1937 1681 2143 1738 habet.

2264 520 2647 594 ὑποκρίνασθαι
2675 525 2769 579 τὴν
2802 523 3068 595 σάρκωσιν
3107 519 3469 595 ἐδογμάτιζεν,
3503 524 3638 578 οὕτω
3676 523 3745 586 δὴ
3778 534 3881 581 καὶ

2264 604 2431 677 οὗτοι,
2464 613 2557 666 την
2613 608 2841 663 ἐναντίαν
2879 611 3021 683 αὐτῷ
3060 616 3394 685 τραπόμενοι,
3425 618 3550 686 μίαν
3589 617 3742 687 φύσιν
3784 615 3877 671 ἐπὶ

2264 705 2501 771 Χριστοῦ
2556 698 2908 772 τετολμήκασι
2969 699 3131 772 λέγειν
3163 716 3176 729 ·
3209 702 3258 754 ἓν
3300 704 3390 773 μὲν
3450 704 3552 778 γὰρ
3605 709 3696 757 καὶ
3734 724 3878 778 μετα

2263 790 2358 845 τὴν
2420 786 2600 840 ἕνωσιν
2664 793 3004 863 μεμενηκέναι
3060 794 3188 863 φασὶ
3240 796 3539 864 πρόσωπον,
3592 792 3650 846 οὗ
3698 798 3876 858 σῶζον

2267 873 2327 930 δε
2355 876 2449 937 τὰς
2498 877 2902 942 συνεληλυθυίας
2953 882 3130 952 φύσεις
3160 882 3417 955 σκαθὰρὰς
3458 886 3549 934 καὶ
3611 881 3875 956 ἀσυγχύ-

2264 983 2387 1028 τους
2423 964 2471 1018 ἓν
2510 973 2621 1030 τοῖς
2650 964 2807 1031 ἰδίοις
2867 964 3172 1042 ἰδιώμασιν,
3208 967 3335 1021 ἀλλὰ
3393 971 3526 1042 μετὰ
3560 974 3655 1030 τὴν
3685 972 3874 1026 ἕνωσιν

2265 1052 2555 1130 ἀμφοτέρας
2599 1057 2649 1109 ἓν
2691 1075 2743 1110 τι
2792 1061 3070 1129 γεγονέναι,
3120 1059 3482 1130 συγχυθείσας
3526 1057 3685 1133 εἰν-τῇ
3740 1060 3873 1135 παρ’

2266 1141 2482 1205 ἀλλήλας
2552 1142 2834 1220 ἀνακράσει
2879 1160 2894 1176 °
2953 1151 3126 1200 καίτοι
3190 1167 3360 1201 κοινον
3425 1147 3592 1221 ἓτερον
3657 1148 3712 1201 ἐκ
3770 1158 3874 1203 τοῦ

2263 1238 2528 1306 μίγματος
2579 1243 2820 1307 φανῆναι,
2885 1236 3057 1311 ὥσπερ
3115 1241 3207 1289 καί
3262 1238 3329 1290 τὰ
3382 1242 3601 1310 σώματα
3662 1237 3718 1291 ἐκ
3764 1247 3875 1292 τῶν

2263 1324 2530 1397 τεσσάρων
2599 1328 2877 1396 στοιχείων
2947 1323 3202 1397 εἰληχότα
3246 1330 3340 1384 τὴν
3400 1333 3587 1399 κρᾶσιν
3639 1326 3761 1380 ἄλλο
3815 1347 3876 1380 τι

2262 1410 2387 1484 παρ’
2445 1409 2611 1464 ἐκεῖνα
2668 1414 2924 1484 τυγχάνει
2970 1430 2983 1443 ·
3033 1417 3151 1467 οὔτε
3203 1418 3306 1486 μὴν
3362 1415 3389 1466 6
3448 1412 3689 1489 σίδηρος,
3749 1420 3878 1469 οὔτε

2263 1504 2323 1552 1'6
2351 1501 2599 1575 ἡμέτερον
2648 1508 2801 1574 σῶμα
2824 1540 2842 1571 ,
2880 1504 2911 1561 ἤ
2953 1509 3057 1574 πῦρ
3114 1500 3228 1555 ἐστι
3266 1506 3494 1578 καθαρὸν
3529 1546 3542 1572 ,
3592 1508 3621 1563 ἦ
3682 1503 3808 1577 ἀὴρ,
3836 1510 3869 1564 ἣ

2262 1594 2316 1642 τὶ
2388 1597 2487 1641 τῶν
2542 1588 2707 1641 ἄλλων
2786 1594 3065 1661 στοιχείων
3118 1633 3134 1656 ,
3202 1589 3311 1643 ἀλλ’
3370 1591 3424 1655 ἐξ
3498 1592 3701 1645 ἐκείνων
3770 1596 3874 1665 μὲν

2265 1679 2553 1752 συνεκράθη
2586 1719 2604 1742 ,
2646 1676 2766 1729 ἄλλο
2812 1673 2872 1730 δε
2921 1698 2974 1730 τι
3007 1681 3139 1751 μετὰ
3200 1684 3293 1739 τὴν
3336 1683 3628 1756 σύγκρασιν
3664 1686 3870 1753 γέγονε.

505 1776 621 1833 Sed
652 1780 977 1849 postquam
997 1774 1203 1830 divina
1224 1774 1673 1845 forma,nempe
1693 1776 1911 1829 natura
1936 1771 1995 1826 in
2027 1786 2146 1827 una

2261 1770 2330 1819 T6
2356 1763 2414 1819 δὲ
2452 1766 2558 1838 οὐχ
2580 1765 2744 1830 οὓτως
2795 1769 2919 1838 ἔχον
2962 1766 3103 1820 ἐστίν
3137 1785 3151 1798 ·
3195 1767 3322 1821 ἀλλὰ
3358 1777 3455 1832 τῆς
3482 1772 3617 1833 θείας
3663 1778 3872 1843 μορφῆς

501 1880 571 1920 ex
611 1865 736 1920 suis
778 1863 1058 1937 personis
1101 1862 1379 1918 humanae
1431 1867 1662 1918 natura:
1710 1863 1953 1930 integrae
2005 1875 2153 1916 con-

495 1950 709 2021 juncta
729 1952 834 2019 est,
865 1963 988 2004 non
1017 1946 1182 2004 aliud
1207 1946 1501 2021 quiddam
1530 1946 1690 2003 facta
1719 1950 1809 2001 est
1837 1960 1909 2001 ex
1939 1944 2152 2000 ineffa-

498 2038 605 2095 bili
628 2038 743 2095 hac
768 2037 1044 2095 mistione
1074 2041 1131 2093 ct
1158 2035 1403 2106 unione,
1435 2036 1541 2092 sed
1569 2039 1710 2112 post
1739 2035 2023 2092 unionem
2045 2049 2151 2091 na-

497 2130 646 2186 turae
673 2125 1009 2184 inconfusaa
1038 2129 1415 2199 permanent.

567 2310 656 2363 29.
699 2308 770 2364 Ut
797 2310 999 2364 autem
1031 2304 1110 2362 ad
1138 2304 1483 2378 exemplum
1508 2304 1822 2377 quoddam
1842 2307 2152 2360 vertamus

497 2394 1052 2466 oculos,hominem
1085 2393 1467 2450 individuum
1498 2393 2031 2466 supponamus;in
2055 2408 2155 2447 cu-

493 2483 742 2557 jusdam
763 2498 1088 2556 personam
1108 2497 1435 2555 pervenere
1456 2482 1583 2554 ejus
1605 2497 1826 2555 corpus
1848 2485 1905 2538 et
1924 2481 2149 2550 anima;

497 2572 606 2630 sed
629 2589 753 2631 non
764 2572 930 2631 aliud
950 2571 1245 2647 quiddam
1265 2571 1422 2629 ultra
1442 2577 1532 2628 est
1547 2571 1923 2645 particularis
1940 2570 2147 2628 homo.

495 2664 814 2736 Hucusque
845 2662 1029 2719 modo
1077 2665 1191 2718 stet
1216 2660 1583 2734 exemplum.
1611 2661 1669 2717 Si
1699 2661 1860 2717 enim
1904 2659 2150 2717 ulterius

492 2753 976 2829 progrediamur,
1000 2752 1260 2810 multam
1299 2751 1678 2808 inveniemus
1707 2749 2135 2807 differentiam.

492 2847 573 2901 De
626 2841 968 2916 particulari
1026 2841 1186 2898 enim
1234 2841 1499 2912 homine,
1525 2840 1765 2914 proprie
1822 2856 2044 2914 corpus
2093 2845 2151 2898 et

486 2933 697 2992 anima
714 2933 1220 3004 dicuntur,neque
1241 2931 1447 2988 anima
1471 2946 1691 3005 corpus
1722 2929 2145 3005 appellaretur,

485 3039 683 3098 neque
714 3038 934 3095 corpus
978 3021 1183 3078 anima
1231 3021 1662 3078 nominaretur.
1698 3023 1777 3078 De
1817 3021 1917 3077 Dei
1944 3025 2146 3078 autem

2262 1858 2381 1915 ἤτοι
2411 1857 2607 1928 φύσεως
2661 1855 2709 1908 ἐν
2761 1862 2859 1927 μιᾷ
2900 1864 3000 1909 τῶν
3060 1858 3189 1917 αὖτῆ
3204 1879 3224 1921 ς
3275 1860 3612 1912 ὑποστάσεων
3650 1867 3713 1931 τῇ
3776 1858 3871 1911 ἀν-

2265 1946 2493 2020 θρωπίνη
2546 1945 2706 2018 οὐσίᾳ
2766 1943 3091 2020 ἁτομωθείση
3155 1947 3574 2015 συνεληλυθυίας,
3609 1948 3704 2001 οὐκ
3741 1948 3868 2003 ἄλλο

2261 2053 2313 2086 τι
2356 2037 2554 2106 γέγονεν
2615 2032 2717 2087 ἀπὸ
2762 2043 2856 2095 τῆν
2905 2035 3134 2111 ἀρρήτου
3187 2039 3386 2099 ταύτης
3437 2037 3622 2110 μίξεως
3672 2057 3726 2091 τε
3773 2043 3869 2092 καὶ

2261 2124 2534 2198 κράσεως,
2738 2127 2871 2197 μετὰ
2916 2129 3010 2185 τὴν
3057 2126 3238 2180 ἕνωσιν
3295 2128 3350 2179 αὶ
3379 2128 3557 2201 φύσεις
3601 2130 3660 2181 τὸ
3699 2125 3870 2199 ἀσᾶγ-

2260 2232 2425 2286 χυτον
2455 2215 2692 2284 ἔχουσιν.

2329 2318 2426 2374 κθ’.
2464 2318 2575 2375 Ἵνα
2631 2316 2692 2374 δί
2755 2325 2845 2375 καὶ
2899 2324 3030 2398 πρὸς
3071 2324 3131 2377 τὸ
3181 2318 3525 2397 παράδειγμα
3565 2322 3867 2397 βλέψωμεν,

2262 2410 2288 2462 6
2326 2410 2647 2463 καθέκαστον
2689 2411 2987 2465 ὑποκείσθω
3052 2413 3338 2487 ἄνθρωπος,
3371 2411 3440 2473 εἰς
3486 2411 3685 2475 οὗτινος
3730 2414 3870 2466 ὑπό-

2262 2518 2449 2553 στασιν
2490 2507 2643 2573 σῶμα
2687 2496 2959 2560 διελήλυθε
2985 2506 3075 2554 καὶ
3115 2500 3269 2573 ψυχή
3308 2517 3321 2532 ⁸
3365 2499 3472 2553 ἀλλ’
3512 2502 3608 2555 οὐκ
3650 2501 3772 2555 ἄλλο
3813 2521 3871 2555 τι

2257 2591 2403 2664 παρὰ
2428 2596 2593 2643 ταῦτα
2632 2592 2657 2643 6
2688 2594 2899 2666 μερικὸς
2949 2592 3234 2656 ἄνθρωπος.
3271 2591 3408 2651 Πλὴν
3461 2596 3625 2667 μέχρι
3672 2594 3867 2645 τούτου

2261 2685 2438 2738 στήτω
2493 2681 2619 2753 ἡμῖν
2683 2683 2743 2733 τὸ
2804 2677 3146 2755 παράδειγμα
3180 2703 3194 2716 '
3228 2686 3542 2758 προσωτέρω
3588 2685 3690 2758 γὰρ
3738 2704 3868 2756 χω-

2255 2774 2485 2843 ροῦντες,
2529 2766 2720 2827 πολλὴν
2779 2773 2873 2828 τὴν
2933 2766 3189 2843 διαφορὰν
3254 2772 3539 2844 εὑρήσομεν
3579 2788 3594 2804 ο
3637 2770 3721 2823 ἐπὶ
3765 2773 3865 2844 μὲν

2255 2860 2354 2933 γὰρ
2381 2864 2474 2910 τοῦ
2528 2866 2745 2931 μερικοῦ
2784 2857 3079 2935 ἀνθρώπου,
3113 2855 3424 2921 ἰδιαζόντως
3469 2863 3529 2913 τὸ
3586 2867 3740 2934 σῶμα
3766 2864 3866 2913 καὶ

2256 2947 2287 3005 ἡ
2318 2946 2475 3019 ψυχὴ
2505 2949 2759 3019 λέγονται,
2786 2952 2878 3000 καὶ
2926 2948 3037 3002 οὔθ’
3063 2950 3093 3007 ἡ
3135 2947 3290 3021 ψυχὴ
3340 2956 3494 3022 σῶμα
3531 2950 3592 3002 ἄν
3639 2949 3858 3008 κληθείη

2254 3039 2397 3102 ποτε,
2431 3039 2549 3089 οὔτε
2593 3038 2653 3089 τὸ
2708 3045 2863 3110 σῶμα
2924 3036 3080 3110 ψυχὴ
3138 3040 3587 3113 προσαγορευθείη
3621 3054 3636 3069 '
3670 3037 3754 3092 ἰπὶ
3796 3035 3864 3094 δὲ

481 3112 636 3170 inter
683 3127 796 3169 nos
822 3114 1171 3184 persona,et
1195 3113 1382 3168 Deum
1424 3115 1634 3167 secure
1662 3110 2000 3167 diceremus
2029 3110 2142 3166 ho-

2258 3133 2349 3188 τῆς
2387 3131 2478 3178 τοῦ
2519 3132 2654 3178 Θεοῦ
2714 3126 2834 3180 καθ’
2875 3128 3010 3199 ἡμᾶς
3056 3128 3413 3194 ὑποστάσεως,
3452 3131 3543 3180 καὶ
3587 3129 3677 3180 τὸν
3724 3130 3861 3181 Θεὸν

484 3201 734 3270 minem,
758 3206 815 3257 et
842 3200 1153 3257 hominem
1197 3200 1655 3269 Deum,mutatis
1679 3199 1947 3256 vicissim
1975 3205 2032 3254 et
2060 3199 2145 3255 vi-

485 3290 686 3347 cissim
707 3289 862 3346 datis
896 3288 1264 3357 nominibus,
1289 3288 1623 3345 secundum
1652 3288 2019 3345 ineffabilem
2049 3303 2148 3344 co-

484 3378 858 3436 hmrentiam.
888 3380 954 3433 Et
976 3376 1427 3448 particularium
1458 3376 1775 3433 hominum
1802 3377 2144 3433 communis

487 3469 579 3523 est
600 3467 858 3537 species;
878 3465 1039 3522 unde
1057 3465 1391 3521 secundum
1417 3465 1576 3522 hanc
1600 3465 2144 3521 individualitatem

484 3571 595 3629 per
623 3555 829 3613 omnia
873 3553 1100 3611 similes
1137 3554 1438 3611 dicuntur.
1465 3554 1821 3624 Singulatim
1842 3554 2003 3610 enim
2032 3554 2142 3610 ho-

485 3644 702 3714 mines,
736 3643 1138 3700 caracteribus
1163 3642 1524 3711 differentes,
1541 3642 1992 3700 similitudinem
2019 3658 2146 3699 om-

487 3732 805 3790 nimodam
818 3732 1150 3789 secundum
1165 3732 1429 3805 speciem
1448 3732 1693 3789 habent.
1711 3731 1928 3788 Divinas
1941 3736 2143 3789 autem

489 3821 646 3880 illius
675 3828 1029 3880 naturarum
1064 3821 1429 3895 hypostasis,
1462 3837 1585 3878 non
1607 3826 1701 3878 est
1720 3821 1949 3895 aliquid
1974 3838 2141 3878 com-

483 3928 668 3969 mune
684 3927 904 3970 nomen
925 3911 1190 3969 Christus
1210 3910 1600 3985 appellatum,
1618 3910 2143 3984 quemadmodum

484 4001 565 4058 de
594 4001 773 4058 nobis
824 4000 1192 4058 vocabulum
1242 4000 1450 4071 homo,
1477 4000 1622 4074 quia
1650 4015 1775 4056 non
1805 4004 1942 4057 sunt
1971 3999 2143 4056 multi

486 4090 719 4156 Christi,
748 4091 852 4146 sed
881 4106 1034 4147 unus
1065 4090 1250 4147 Patris
1290 4090 1585 4147 terminus
1607 4093 1664 4147 et
1692 4089 1952 4147 Verbum
1974 4088 2142 4164 quod

485 4178 795 4236 divinitate
827 4179 995 4235 unxit
1015 4178 1475 4236 humanitatem.

562 4289 650 4343 30.
693 4285 755 4341 Si
780 4285 914 4359 quis
928 4290 1133 4342 autem
1158 4302 1297 4343 cum
1327 4287 1591 4361 Eutyche
1622 4286 2001 4344 consentiens
2035 4302 2140 4344 oc-

480 4372 735 4432 currerit
762 4377 821 4430 et
847 4371 1134 4444 ohjecerit
1161 4374 1471 4431 hominem
1493 4374 1735 4431 duabus
1765 4377 1992 4432 naturis
2004 4390 2139 4431 con-

2256 3213 2577 3289 θαρρούντως
2630 3212 2693 3266 ἂν
2751 3218 2978 3288 εἴποιμεν
3025 3217 3314 3290 ἄνθρωπον,
3365 3220 3455 3268 καὶ
3510 3218 3599 3270 τὸν
3656 3218 3863 3291 ἄνθρω-

2253 3321 2348 3356 πον
2393 3307 2522 3356 Θεὸν
2565 3342 2579 3367 ,
2642 3307 3086 3381 μεταχωροῦντων
3153 3303 3391 3368 ἀλλήλοις
3437 3313 3537 3359 τῶν
3590 3305 3861 3379 ὀνομάτων

2252 3397 2342 3445 καὶ
2399 3389 2845 3467 ἀναδιδομένων,
2904 3397 3038 3447 κατὰ
3100 3398 3194 3451 τὴν
3259 3393 3481 3471 ἄρρητον
3553 3397 3849 3469 συμῖρυίαν.

2255 3485 2356 3535 Καὶ
2411 3490 2510 3535 τῶν
2576 3484 2668 3555 μὲν
2728 3490 2950 3558 μερικῶν
3012 3482 3295 3556 ἀνθρώπων
3370 3482 3484 3537 ἐστὶ
3558 3488 3618 3537 1'6
3684 3484 3860 3537 κοινὸν

2255 3567 2394 3632 εἶδος
2439 3589 2454 3604 °
2513 3567 2599 3624 διὸ
2662 3570 3048 3646 ἁπαράλλακτοι
3112 3591 3248 3626 κατα
3299 3580 3450 3627 τοῦτο
3511 3577 3572 3627 τὸ
3642 3577 3859 3647 μερικὸν

2250 3658 2486 3731 λέγονται
2513 3676 2527 3690 ⁸
2552 3662 2601 3713 οἱ
2646 3664 2745 3736 γὰρ
2793 3662 2927 3713 κατὰ
2964 3664 3118 3735 μέρος
3170 3663 3466 3736 ἅνθρωποι,
3507 3668 3618 3724 τοῖς
3668 3682 3858 3738 χαρα-

2251 3758 2445 3826 κτῆρσι
2494 3747 2852 3817 διεστηκότες,
2906 3755 3001 3810 τὴν
3050 3749 3439 3826 ἁπαραλλαξίαν
3487 3754 3624 3805 κατὰ
3658 3756 3715 3805 1'6
3778 3754 3859 3806 εἷ-

2255 3834 2341 3899 δος
2380 3841 2569 3910 ἔχουσι
2593 3856 2605 3870 ⁸
2634 3848 2727 3900 τῆς
2776 3835 2836 3892 δὲ
2875 3841 3013 3902 θείας
3074 3838 3267 3902 ἐκείνης
3307 3849 3408 3893 τῶν
3467 3844 3666 3913 φύσεων
3719 3841 3859 3894 ὑπο-

2253 3929 2489 3991 στάσεως
2526 3928 2619 3980 οὗκ
2675 3930 2788 3981 ἔστι
2822 3948 2875 3982 τι
2914 3932 3083 3982 κοινόν
3122 3933 3284 4003 ὄνομα
3330 3934 3564 4006 Χριστὸς
3593 3931 3857 4004 ὄνομαζό-

2250 4036 2418 4088 μενον,
2451 4019 2624 4090 ὥσπερ
2679 4015 2756 4090 ἐφ’
2811 4018 2957 4091 ἡμῶν
2996 4019 3282 4095 ἅνθρωπος,
3338 4021 3418 4073 ὅτι
3468 4016 3608 4093 μηδὲ
3671 4018 3857 4074 πολλοὶ

2249 4105 2409 4167 οὖτῶς
2457 4111 2706 4181 Χριστοὶ,
2735 4104 2842 4158 ἀλλ’
2879 4106 2951 4169 εἷς
2998 4107 3024 4160 6
3075 4114 3169 4160 τοῦ
3215 4111 3414 4184 Πατρός
3455 4109 3571 4184 ὄρος
3607 4112 3696 4162 καὶ
3739 4113 3857 4163 Λό-

2247 4202 2418 4268 γοςτῇ
2455 4196 2659 4255 θεότητι
2695 4199 2898 4271 χρίσας
2925 4199 3017 4255 τήν
3048 4195 3440 4270 ἀνθρωπότητα.

2317 4282 2380 4340 λ’.
2421 4283 2482 4337 Εἰ
2521 4281 2581 4338 δέ
2622 4303 2705 4347 τις
2753 4287 2818 4338 τὰ
2853 4284 3127 4358 Εὐτυχοῦς
3169 4295 3364 4361 φρονῶν
3418 4285 3707 4347 ἀπαντήσει
3759 4292 3860 4342 καὶ

2247 4371 2585 4448 προϐαλεῖται
2666 4374 2732 4435 ὡς
2797 4374 2823 4426 6
2901 4375 3174 4448 ἄνθρωπος
3243 4373 3298 4428 ἔκ
3370 4372 3468 4430 δύο
3540 4380 3860 4430 συνίσταται

485 4466 663 4531 stare,
684 4461 849 4518 hunc
879 4464 1080 4518 autem
1111 4477 1149 4519 a
1174 4463 1295 4519 Deo
1321 4467 1702 4536 assumptum
1732 4479 1883 4530 esse,
1909 4461 2015 4531 qui
2054 4462 2136 4519 al-

2258 4464 2470 4534 ρύσεων,
2498 4469 2682 4516 τοῦτον
2713 4458 2773 4516 δὲ
2819 4462 2844 4514 6
2897 4465 3029 4525 Θεὸς
3070 4463 3441 4537 προσελάϐετο,
3491 4463 3640 4538 ἑτέρα
3695 4468 3860 4537 φύσις

484 4554 610 4608 tera
635 4549 794 4606 ultra
817 4549 1126 4607 hominem
1146 4554 1364 4608 natura
1387 4555 1501 4619 est,
1523 4550 1605 4608 ita
1624 4555 1687 4608 ut
1716 4566 1789 4607 ex
1814 4551 2003 4608 tribus
2033 4566 2140 4608 na-

484 4639 632 4698 turis
651 4638 1031 4696 etformatum
1068 4655 1204 4697 esse
1231 4639 1527 4697 Christum
1571 4640 1813 4697 credere
1842 4644 2133 4712 oporteat,

483 4727 721 4785 duabus
743 4726 990 4800 quidem
1006 4728 1503 4799 hominis,anima
1524 4743 1743 4801 nempe
1769 4744 1840 4785 ac
1862 4744 2135 4802 corpore,

480 4832 604 4875 una
632 4821 835 4875 autem
888 4817 1152 4890 propria,
1197 4817 1312 4874 hoc
1355 4817 1438 4874 illi
1478 4817 1944 4890 responderetur
1973 4818 2139 4875 unita

479 4922 613 4964 esse
625 4906 828 4979 aliqua
843 4922 914 4963 ex
937 4907 1235 4963 continuis
1258 4906 1508 4975 dici,sed
1519 4923 1643 4964 non
1657 4922 1728 4963 ex
1750 4905 2132 4964 distantibus.

480 4997 593 5052 Cur
621 4996 782 5053 enim
830 4995 958 5068 ipse
1005 5010 1131 5052 non
1187 4996 1337 5052 dicis
1389 4996 1701 5053 hominem
1749 5013 1821 5054 ex
1868 4996 2135 5070 quinque

475 5085 783 5158 componi,
814 5085 907 5141 vel
954 5084 1121 5157 quod
1178 5085 1380 5141 verius
1408 5091 1582 5153 esset,
1606 5102 1680 5142 ex
1732 5089 1982 5159 septem,
2012 5101 2138 5144 una

475 5173 720 5247 quidem
744 5173 1238 5246 anima,quatuor
1267 5180 1470 5231 autem
1501 5175 1772 5248 corporis
1800 5174 2132 5245 elementis,

475 5267 533 5319 et
560 5261 761 5318 adhuc
788 5261 1039 5318 materia
1072 5266 1131 5320 et
1176 5262 1392 5334 forma,
1415 5280 1552 5337 quae
1581 5264 1821 5334 longius
1857 5266 2036 5321 sunt?
2069 5265 2137 5320 Et

472 5366 588 5408 nos
639 5350 817 5421 igitur
855 5350 1152 5407 Christum
1201 5351 1444 5409 duabus
1483 5353 1714 5410 naturis
1746 5359 2019 5411 constare
2049 5352 2135 5409 di-

478 5444 701 5505 centes,
732 5444 1029 5512 tanquam
1052 5457 1237 5498 unam
1275 5447 1555 5500 naturam
1577 5444 1887 5500 hominem
1921 5442 2137 5515 accipi-

458 5546 642 5599 .mus,
676 5529 755 5586 ad
785 5529 1141 5588 continuum
1167 5533 1541 5591 attendentes
1561 5549 1758 5607 neque
1781 5533 1858 5591 ad
1889 5538 2136 5592 naturas

489 5618 711 5693 quibus
738 5618 836 5677 ille
860 5623 1121 5678 constat.

2245 4553 2390 4622 παρὰ
2460 4559 2640 4605 τοῦτον
2715 4554 2995 4625 τυγχάνων
3031 4593 3044 4619 ,
3099 4553 3233 4607 ὣστε
3300 4552 3355 4606 ἐκ
3414 4562 3571 4629 τριῶν
3650 4556 3859 4627 φύσεων

2250 4636 2491 4704 δοξάζειν
2521 4646 2693 4714 χρεὼν
2749 4644 2837 4694 τὸν
2884 4645 3138 4718 Χριστὸν,
3190 4640 3287 4696 δύο
3352 4645 3443 4717 μὲν
3498 4651 3600 4696 τῶν
3628 4650 3719 4696 τοῦ
3759 4640 3858 4695 ἆν-

2250 4731 2478 4802 θρώπου,
2530 4729 2718 4802 ψυχῆς
2790 4729 2920 4803 λέγω
2981 4736 3071 4784 καὶ
3139 4736 3402 4805 σώματος,
3454 4739 3577 4806 μιᾶς
3628 4728 3689 4787 δὲ
3755 4740 3860 4796 τῆς

2248 4817 2443 4881 οἰκείας
2485 4817 2643 4872 ἐκεῖνο
2692 4823 2821 4894 πρὸς
2879 4818 3030 4872 αὐτὸν
3079 4820 3300 4893 λέγοιτο,
3347 4822 3427 4874 ὁτι
3483 4824 3551 4875 τὰ
3608 4820 3861 4895 ἑνούμενα

2247 4905 2301 4960 ἐκ
2344 4915 2443 4959 τῶν
2499 4915 2778 4984 προσεχῶν
2840 4906 3084 4962 ἐνοῦσθαι
3141 4908 3385 4982 λέγεται,
3422 4908 3515 4963 ἰιλλ
3577 4910 3706 4982 οὐχὶ
3751 4917 3861 4964 τῶν

2247 4994 2423 5071 πόρρω
2455 5015 2468 5029 ο
2506 4992 2599 5050 διὰ
2639 5001 2690 5049 τί
2740 4999 2841 5072 γὰρ
2873 4999 3032 5060 αὐτὸς
3072 5002 3144 5071 μὴ
3179 5002 3265 5051 τὸν
3312 5000 3583 5075 ἄνθρωπον
3613 4997 3669 5052 ἑκ
3705 5002 3860 5054 πέντε

2246 5083 2383 5157 λέγει
2415 5086 2744 5158 συγκεῖσθαι,
2769 5090 2800 5145 ἣ
2841 5089 2900 5139 τὸ
2926 5105 2987 5158 γε
3032 5085 3371 5162 ἀληθέστερον
3528 5087 3683 5153 ἑπτὰ,
3727 5093 3863 5161 μιᾶς

2246 5177 2340 5248 μὲν
2368 5179 2462 5237 τᾶς
2489 5174 2696 5247 ⁸ψυχῆς,
2728 5175 2997 5249 τεσσάρων
3045 5173 3105 5229 δε
3158 5184 3256 5229 τῶν
3309 5180 3589 5249 στοιχείων
3617 5183 3708 5230 τοῦ
3749 5182 3862 5230 σώ-

2248 5282 2432 5336 ματος,
2487 5268 2577 5316 καὶ
2640 5265 2716 5315 ἔτι
2769 5262 2894 5326 ὕλης
2941 5269 3032 5317 καὶ
3082 5261 3272 5332 εἴδους,
3331 5273 3432 5318 τῶν
3498 5264 3860 5342 πορῥωτέρω;

2253 5358 2352 5407 Καὶ
2382 5355 2532 5425 ἡμεῖς
2562 5360 2687 5424 γοῦν
2740 5358 2829 5407 τὸν
2886 5359 3117 5430 Χριστὸν
3147 5354 3203 5408 ἐκ
3256 5352 3352 5409 δύο
3392 5358 3593 5429 φύσεων
3643 5352 3863 5428 δογμα-

2244 5445 2493 5509 τίζοντες,
2528 5444 2598 5504 ὡς
2663 5447 2788 5516 μίαν
2843 5445 2998 5515 φύσιν
3051 5448 3136 5497 τὸν
3185 5445 3454 5519 ἄνθρωπον
3508 5442 3863 5519 προσλαμϐά-

2243 5550 2411 5603 νομεν,
2475 5535 2606 5606 πρὸς
2676 5535 2735 5584 τὸ
2782 5536 3044 5607 προσεχὶς
3098 5532 3404 5608 ἀφορῶντες,
3458 5538 3544 5588 καὶ
3607 5533 3669 5587 οὑ
3724 5536 3861 5608 1:965

2246 5624 2339 5683 τὰς
2379 5624 2578 5693 φύσεις,
2606 5620 2658 5688 ἐξ
2696 5623 2764 5677 ὧν
2799 5622 2988 5687 ἐκεῖνος
3018 5628 3356 5685 συνέστηκεν.
