4040 6318
140 350 210 406 65

207 472 315 527 λα’.
358 469 426 525 Εἰ
466 464 527 525 δί
563 470 656 521 καὶ
683 466 814 540 πρὸς
842 464 1038 523 ταύτην
1074 460 1240 535 λυττᾷ
1264 463 1358 521 τήν
1388 455 1644 521 ἐπίλυσιν,
1675 455 1767 506 καὶ

139 563 325 636 ἑτέραν
356 560 741 636 προσθήσομεν
765 576 779 591 ·
812 557 883 618 ὡς
913 555 939 606 ὁ
969 554 1240 630 ἄνθρωπος
1297 552 1327 610 ἣ
1377 551 1588 624 μερικός
1627 542 1767 598 ἔστιν

139 653 171 712 ἧ
231 651 504 706 καθόλου⁹
557 649 707 722 ἡμεῖς
747 642 808 701 δέ
855 664 1019 718 φαμεν
1073 647 1161 697 τόν
1212 639 1437 695 καθόλου
1476 636 1766 711 ἄνθρωπον,

137 745 427 796 τουτέστιν
491 737 815 813 ἀνθρωπείαν
859 737 1035 809 φύσιν,
1090 732 1349 806 amem
1410 731 1499 782 τόν
1554 728 1768 799 Κύριον,

138 837 260 894 ἣτις
286 828 365 889 δή
401 833 498 883 καὶ
530 826 813 888 ἀσὺνθετός
862 822 998 893 ἔστι,
1028 826 1119 876 καὶ
1150 818 1245 875 δια
1299 828 1453 873 τοῦτο
1480 820 1577 891 μία
1614 817 1770 888 φύσις

136 921 382 992 λέγεται.
436 920 584 974 Ἐπεὶ
636 924 766 990 γοῦν
819 922 1003 968 τοῦτον
1064 916 1233 967 κοινόν
1298 919 1394 973 τῆς
1450 906 1771 983 ἀνθρωπίνης

141 1015 362 1083 sciam;
391 1009 551 1082 λόγον
582 1004 842 1078 inﬂuere,
883 1002 1161 1077 ἆτομώσας
1196 1000 1244 1055 ἐν
1273 1009 1343 1072 τῷ
1371 996 1767 1073 προσλὴμειατι,

144 1097 243 1154 διὰ
274 1107 443 1154 τοῦτο
476 1097 532 1150 ἐκ
563 1093 662 1151 δύο
687 1095 997 1149 συνεστάναι
1034 1095 1121 1146 τόν
1161 1093 1353 1164 Κύριον
1384 1085 1771 1161 δογματίζομεν

88 1234 103 1251 ,
142 1192 359 1262 eius»
382 1204 397 1218 ·
435 1186 490 1242 ἓν
519 1183 581 1240 δε
607 1189 889 1261 πρόσωπον
923 1187 1013 1235 καὶ
1042 1182 1170 1255 μετὰ
1197 1184 1292 1239 τὴν
1331 1180 1512 1233 ἕνωσιν
1540 1175 1767 1246 λέγομεν,

140 1260 167 1331 6
206 1275 284 1337 die
347 1281 446 1330 καὶ
508 1279 639 1337 Θεός
676 1272 792 1327 ἐστι
848 1276 942 1325 καὶ
1000 1272 1274 1346 ἅνθρωπος
1319 1267 1506 1328 τέλειος
1542 1260 1637 1318 διὰ
1677 1266 1772 1321 τὴν

142 1366 680 1441 καινοπρεπεστάτην
710 1358 982 1415 ἀντίδοσιν
1005 1377 1020 1390 ’
1069 1364 1140 1433 μὴ
1172 1361 1275 1433 γὰρ
1325 1358 1421 1417 τὰς
1456 1356 1636 1428 φὺσεις
1665 1370 1771 1404 πα·-

142 1455 488 1532 ραχαροξξας
515 1456 585 1507 τὰ
612 1452 665 1517 ἐξ
697 1453 765 1504 ὧν
796 1450 845 1503 ἐν
879 1447 957 1512 οἷς
993 1448 1121 1524 οἷπερ
1152 1452 1345 1521 πέφυκε
1384 1445 1564 1506 σώζων
1594 1440 1730 1495 ἐστιν
1756 1461 1769 1474 ο

145 1550 203 1601 ἔκ
239 1566 301 1600 τε
326 1548 434 1621 γὰρ
472 1540 572 1598 δύο
600 1544 861 1616 ὑφέστηκε
901 1543 1121 1607 σὺσεων,
1152 1542 1243 1591 καὶ
1285 1536 1336 1590 ἐν
1389 1537 1603 1594 ταύταις
1659 1537 1774 1592 ταῖς

148 1638 353 1709 οὑσεσι
383 1637 607 1707 πέφυκε,
638 1629 828 1705 μᾶλλον
878 1626 937 1683 δι
988 1624 1141 1681 οὐδὲν
1177 1625 1345 1703 ἓτερον
1396 1624 1541 1697 παρὰ
1584 1623 1775 1680 ταύτας

150 1724 318 1793 ἐστὶν,
357 1722 495 1776 ἀλλὰ
517 1729 674 1775 τοῦτο
703 1719 830 1774 αὑτό
860 1718 996 1786 ἐστι,
1031 1713 1130 1770 δύο
1159 1718 1359 1790 φύσεις,
1411 1715 1537 1773 Θεὸς
1586 1709 1777 1771 τέλειος

148 1820 244 1868 καὶ
266 1816 561 1889 ἄνθρωπος
588 1810 806 1871 τελειος·
839 1807 900 1862 οὐ
936 1810 1035 1880 γὰρ
1088 1809 1135 1859 εἴ
1163 1824 1217 1858 τι
1253 1803 1304 1867 ἐξ
1356 1797 1425 1854 ὧν
1455 1801 1590 1866 ἔστι,
1621 1806 1776 1852 τοῦτο

151 1901 220 1963 δὴ
251 1903 400 1956 αὐτὰ
452 1902 716 1973 τυγχάνει
746 1901 814 1951 τὰ
864 1896 919 1960 ἐξ
960 1897 1028 1948 ὧν
1067 1893 1208 1949 ἔστιν
1232 1914 1245 1928 ο
1276 1891 1332 1945 ἐκ
1359 1894 1519 1964 πυρός
1545 1891 1648 1963 γὰρ
1685 1891 1776 1940 καὶ

152 1998 254 2064 γῆς
276 1992 508 2066 οὐρανός
543 1992 682 2042 κατα
721 1987 970 2042 Πλάτωνα
1000 1988 1311 2042 συνέστηκεν
1332 2002 1345 2015 ·
1379 1980 1487 2033 ἀλλ’
1517 1978 1623 2050 οὑχ
1646 1977 1775 2051 οἷπερ

154 2081 355 2148 ἐκεῖνα,
389 2082 418 2132 ό
470 2079 693 2154 οὐρανός
746 2080 1002 2150 πέφυκεν·
1054 2075 1081 2126 6
1137 2069 1199 2125 δὲ
1237 2072 1469 2142 Χριστὸς
1499 2067 1551 2131 ἓξ
1581 2067 1648 2118 ὧν
1677 2085 1777 2119 συ-

151 2177 434 2236 νέστηκεν,
459 2171 632 2222 ἐκεῖνα
659 2168 939 2239 τυγχάνει,
968 2162 1062 2217 οὑκ
1100 2160 1223 2215 οῦιλο
1251 2180 1304 2212 τι
1348 2160 1655 2218 ποιησάσης
1683 2163 1779 2215 τῆς

155 2260 375 2335 μίξεως.
407 2259 507 2312 Ἐκ
537 2254 637 2310 δύο
665 2264 792 2328 γοῦν
823 2257 1024 2328 φύσεων
1053 2254 1080 2305 ό
1110 2251 1342 2325 Χριστός
1371 2252 1462 2300 καὶ
1484 2245 1535 2299 ἐν
1563 2248 1781 2307 ταύταις

156 2357 279 2413 ταῖς
330 2350 581 2421 φύσεσιν.
613 2344 769 2400 Ἀλλὰ
832 2347 924 2396 καὶ
980 2341 1067 2395 ἐπὶ
1104 2335 1553 2414 παραδείγματος,
1581 2336 1651 2397 εἷς
1688 2337 1780 2407 μέν

157 2437 303 2492 ἐστιν
334 2437 363 2490 6
390 2435 564 2502 ἣλιος,
593 2436 774 2507 γὺσεις
802 2429 863 2486 δι
892 2430 942 2484 ἐν
970 2430 1109 2502 αὐτῷ
1136 2425 1252 2500 δύο,
1283 2428 1312 2486 ἡ
1355 2429 1446 2499 μὲν
1471 2432 1563 2478 τοῦ
1594 2426 1779 2497 φωτός,

156 2530 189 2587 ’ὃ
238 2524 303 2582 δὲ
346 2534 448 2579 τοῦ
496 2524 718 2584 ἡλιακοῦ
768 2527 1034 2594 σώματος·
1083 2522 1175 2571 καὶ
1203 2518 1230 2570 6
1277 2517 1509 2591 Χριστός
1538 2514 1610 2575 εἷς
1647 2512 1779 2583 ἐστι,

160 2620 349 2691 φύσεις
406 2613 471 2669 δὲ
509 2611 631 2683 δύο,
681 2614 711 2673 ἡ
753 2615 844 2685 μὲν
900 2612 1028 2683 ὑπὲρ
1084 2609 1243 2681 ἡμᾶς,
1285 2607 1315 2665 ἠ
1353 2601 1411 2660 δὲ
1439 2606 1701 2678 ἡμετέρα·
1735 2600 1786 2655 έν

163 2710 270 2782 γὰρ
297 2715 378 2777 τῷ
410 2704 559 2778 αὐτῷ
582 2708 674 2757 καὶ
713 2702 786 2755 ἐνὶ
815 2703 1035 2774 ὀνόματι
1059 2698 1309 2771 ἑκατέρων
1339 2703 1438 2747 τῶν
1462 2694 1785 2768 πραγμάτων

168 2800 428 2870 σκμασία
457 2791 750 2861 δείκνυται,
793 2792 1033 2851 θεότητος
1061 2787 1191 2859 λέγω
1218 2789 1311 2838 καὶ
1349 2782 1747 2857 ἀνθρωπότητος
1770 2795 1784 2811 ⁸

164 2884 254 2941 διὸ
283 2891 385 2940 καὶ
412 2885 692 2958 ἄνθρωπος
718 2880 924 2953 λέγεται
952 2880 979 2931 6
1014 2879 1263 2953 Χριστὸς,
1293 2878 1385 2927 καὶ
1421 2876 1549 2936 Θεὸς
1586 2871 1788 2944 λέγεται

164 2978 192 3029 6
220 2978 467 3051 Χριστός
491 2989 505 3003 ’
535 2970 742 3045 ’Δμέλει
776 2974 867 3023 καὶ
893 2975 986 3022 τοῦ
1017 2971 1260 3039 σώματος
1286 2965 1616 3035 τυππομένου
1643 2962 1791 3035 παρὰ

170 3074 263 3120 τοῦ
299 3066 600 3139 ὑπηρέτου,
626 3063 693 3122 ὡς
722 3058 872 3120 αὑτός
898 3058 1124 3129 πάσχων
1154 3052 1314 3126 ἔλεγε,
1360 3056 1424 3106 Τί
1452 3052 1515 3125 με
1546 3046 1785 3125 decipe“;

162 3161 256 3210 καὶ
316 3155 602 3225 ἄψαυστος
652 3150 720 3202 ὡν
757 3152 854 3208 τὴν
893 3149 1069 3220 φύσιν,
1115 3145 1249 3218 ὅμως
1286 3141 1445 3213 ἔλεγι,
1493 3143 1592 3193 Τὸν
1629 3142 1787 3192 νῶτόν

166 3265 269 3319 μου
300 3240 495 3297 ἔδωκα
513 3240 589 3303 εἰς
617 3239 884 3312 μάστιγας
902 3252 914 3266 ·
948 3234 985 3287 ἃ
1010 3236 1112 3309 γὰρ
1140 3235 1200 3285 τό
1237 3230 1556 3304 ἀνθρώπινον
1585 3230 1791 3299 ἔπασχε

166 3316 259 3387 τοῦ
303 3337 516 3404 Λόγου,
581 3334 750 3382 ταῦτα
802 3328 967 3380 συνὼν
1020 3322 1157 3393 αὑτῷ
1210 3321 1238 3373 6
1289 3323 1461 3390 Λόγος
1503 3316 1570 3378 εἰς
1610 3316 1792 3370 ἑαυτὸν

171 3402 429 3497 ἀνέφερε)
473 3414 573 3471 διὰ
607 3424 760 3470 τοῦτο
788 3418 881 3468 καὶ
910 3414 937 3466 ὁ
967 3410 1128 3479 ἣλιος,
1152 3410 1299 3495 ’ὀρῶν
1328 3410 1417 3460 τόν
1466 3402 1793 3480 δημιουργόν

169 3493 339 3565 αὑτοὺ
363 3508 419 3562 ἐν
439 3516 516 3580 τῷ
530 3506 859 3581 ὑϐριζομένῳ
883 3507 1086 3576 σώματι
1106 3493 1440 3572 ἀνεχόμενον,
1462 3497 1555 3559 τὰς
1581 3493 1792 3557 Ξικτῐνας

171 3597 499 3670 συνέστειλε,
530 3601 622 3649 καὶ
650 3594 893 3648 ἐσκότισε
918 3595 1011 3651 τὴν
1030 3590 1152 3664 γῆν.

240 3776 359 3853 λβ.
408 3780 514 3831 Καὶ
540 3777 568 3828 ὁ
599 3773 848 3845 Θεολόγος
876 3772 1164 3845 Γρηγόριος
1206 3767 1341 3819 οὕτω
1371 3776 1502 3836 φησι
1523 3777 1538 3793 °
1571 3766 1735 3816 Τοῦτο
1760 3759 1790 3820 ἡ

173 3850 476 3923 κενωθεῐσα
503 3867 701 3935 θεότης,
732 3870 885 3916 τοῦτο
935 3862 966 3918 ἡ
1006 3855 1406 3933 προσληφθεῖσα
1446 3850 1598 3926 σὰρξ,
1640 3850 1699 3904 οὑ
1729 3857 1791 3923 τῇ

176 3963 308 4035 πρὸς
347 3960 442 4010 τόν
468 3958 592 4010 θεόν
622 3958 791 4025 Λόγον
821 3952 998 4005 ἑνὼσει
1024 3949 1162 4001 κατὰ
1198 3950 1293 4005 τὴν
1346 3941 1633 4018 ἀνάκρασιν
1666 3960 1794 4013 συγ-

176 4029 441 4120 χυθεῖσα,
468 4049 564 4097 καὶ
596 4043 668 4107 εἰς
695 4046 820 4115 μίαν
849 4039 1034 4093 οὐσίαν
1083 4033 1565 4097 ἀποτελευτῆσασα,
1608 4029 1667 4082 οὑ
1696 4030 1796 4104 γὰρ

179 4141 393 4213 φυρμὸν
422 4137 454 4195 ᾖ
504 4133 770 4206 ἀνάχυσιν
813 4132 840 4184 ὀ
893 4133 1065 4200 Λόγος
1102 4128 1227 4202 πρός
1283 4127 1377 4183 τήν
1421 4121 1801 4197 ἅνθρωπός-ητα

182 4206 398 4294 ἔπαθεν,
449 4225 481 4283 ᾖ
540 4224 863 4296 μετάστασιν
920 4222 1015 4277 τὴν
1063 4214 1133 4277 εἰς
1196 4216 1318 4286 ὅπερ
1357 4211 1453 4265 οὑκ
1506 4206 1589 4276 ἦν,
1649 4207 1797 4276 ἁὶὶὰ,

184 4322 478 4376 σκηνώσας
517 4310 569 4365 ἐν
613 4313 760 4383 ἡμῖν,
792 4308 852 4362 οὑ
892 4308 1086 4381 μεθῆκε
1132 4307 1191 4357 τό
1235 4298 1403 4355 ἴδιον·
1436 4302 1712 4372 ,μεμένηκε
1743 4294 1803 4352 δὲ

182 4410 307 4480 ὅπερ
340 4402 433 4473 ἦν,
459 4407 555 4455 καὶ
589 4400 709 4453 καθ’
738 4400 920 4451 ἕνωσιν
964 4396 1190 4468 φυσικὴν
1218 4398 1412 4444 νοεῖται
1450 4392 1519 4450 ὡς
1557 4388 1721 4463 ἕτερον
1754 4385 1802 4439 ἓν

184 4477 385 4570 ἑτέρῳ*
436 4494 711 4545 τουτέστιν
758 4489 789 4546 ἡ
849 4488 963 4539 Otia
1013 4485 1169 4556 φύσις
1216 4479 1265 4532 ἓν
1313 4477 1694 4554 ἀνθρωπότητι,
1733 4479 1804 4549 μὴ

184 4589 445 4641 παθοῦσα
470 4588 663 4656 κρᾶσιν
701 4582 886 4633 ὁποίαν
926 4577 955 4634 ἡ
1012 4582 1111 4627 τῶν
1155 4573 1325 4644 ὑγρῶν
1354 4570 1570 4628 ἕνωσις’
1612 4566 1656 4620 ιί
1701 4568 1803 4639 γὰρ

185 4683 477 4749 κέκρανται
517 4673 573 4723 αἱ
598 4672 798 4742 φύσεις,
860 4665 929 4726 εἰς
982 4668 1107 4739 μίαν
1163 4658 1305 4734 μίξιν
1335 4658 1655 4731 έτεροοὺσιαι
1682 4673 1807 4727 τυγ-

188 4742 503 4837 χάνουσαι,
566 4753 683 4810 οὐδ’
748 4757 975 4827 ὁποτέρα
1032 4749 1279 4814 σώζεται,
1349 4744 1457 4798 ἀλλ’
1519 4742 1806 4817 ἀμφότεραι

194 4829 569 4925 συγχυθεῖσαι
620 4846 1026 4919 ἠφανίσθησαν
1078 4843 1168 4892 καὶ
1220 4839 1337 4889 οὔτε
1390 4835 1667 4910 χωρισμόν
1716 4829 1803 4885 ἀπ’

457 4981 479 5010 ,
544 4939 663 4990 οὔτε
728 4931 989 5007 διαίρεσιν
1056 4923 1399 4999 ἐπιδέχονται
1462 4924 1798 4995 κεκραμένου.

190 5033 506 5089 nussum
537 5023 597 5079 δε
654 5024 865 5100 ἀρρήτῳ
911 5024 1004 5073 καὶ
1064 5015 1317 5091 ἀφράστῳ
1362 5012 1521 5084 λόγῳ,
1560 5015 1653 5063 καί
1706 5017 1807 5063 τῶν

194 5121 371 5175 ἁπλῶν
403 5118 647 5190 ἑκάτερον
769 5121 845 5184 τῷ
895 5109 1122 5180 συνθέτῳ
1160 5108 1249 5159 τόν
1294 5111 1388 5165 τῆς
1439 5096 1577 5161 ἰδίας
1606 5101 1809 5172 φύσεως

196 5215 358 5275 σώζει
386 5208 544 5279 λογον
565 5219 580 5238 '
609 5203 721 5257 ἐπεὶ
747 5206 839 5255 καὶ
867 5199 939 5251 ὧν
976 5199 1003 5251 6
1027 5197 1174 5268 λόγος
1213 5194 1319 5267 οὑχ
1346 5188 1416 5254 εἰς
1456 5192 1653 5245 τούτων
1682 5184 1807 5241 οὑδὲ

193 5301 224 5360 ἡ
263 5302 425 5373 γὺσις
454 5277 572 5370 pia,
604 5295 736 5370 πρὸς
783 5285 937 5345 οὐδὲν
987 5286 1087 5341 ὑπὸ
1124 5293 1216 5346 τῆς
1260 5285 1392 5358 πρὸς
1443 5277 1643 5339 ἄλληλα
1681 5296 1808 5331 συν-

197 5387 406 5467 δρομῆς
454 5391 549 5440 καὶ
598 5383 828 5445 ἕνοίσεως
882 5380 1189 5453 μειουμένης
1227 5373 1392 5427 αὑτῶν
1452 5379 1547 5434 τῆς
1578 5374 1807 5443 φυσικῆς

265 5606 289 5643 ³
328 5604 507 5664 Joan.
532 5615 673 5673 xm,
708 5599 803 5656 23.
882 5593 904 5632 ⁸
943 5593 1056 5651 Isa.
1083 5602 1140 5661 ι,
1164 5593 1217 5647 6.

1517 319 1866 389 THESAURI
1905 318 2038 382 LIB.
2077 317 2183 385 IX.

3465 323 3534 390 66

1801 450 1848 506 Α
1947 448 2006 505 3t
2023 489 2036 503 .
2065 453 2133 507 Et
2160 450 2211 507 si
2237 449 2316 508 ad
2340 449 2500 509 hanc
2531 447 2898 507 solutionem
2917 449 3087 509 rabie
3108 452 3530 525 excandescat,

1874 542 1934 595 et
1965 537 2149 596 aliam
2180 539 2581 607 adducemus,
2608 553 2830 612 nempe
2851 539 3162 599 hominem
3184 558 3321 600 esse
3349 543 3445 600 vel
3472 544 3535 605 in

1876 627 2210 698 individuo,
2252 628 2348 687 vel
2394 629 2456 687 in
2504 629 2812 688 universo.
2858 632 2975 688 Nos
3026 636 3230 690 autem
3277 632 3539 691 dicimus

1874 715 2187 773 hominem
2218 716 2279 773 in
2306 716 2613 788 universo,
2642 716 2706 773 id
2754 720 2844 773 est
2892 717 3228 776 humanam
3252 724 3537 778 naturam

1878 805 2202 863 Dominum
2231 806 2656 880 assumpsisse,
2690 822 2828 879 quas
2859 810 3015 864 certe
3046 812 3103 865 et
3129 808 3538 883 incomposita

1879 899 1967 953 est
1984 900 2041 952 et
2060 896 2196 954 ideo
2218 912 2340 953 una
2360 901 2581 954 natura
2605 896 2843 953 dicitur.
2860 898 3158 964 Quoniam
3180 899 3359 972 igitur
3379 900 3538 957 hane

1879 1001 2269 1043 communem
2298 987 2584 1044 humanae
2606 990 2836 1043 naturae
2858 988 3153 1046 rationem
3181 990 3535 1063 assumpsit,

1879 1090 2013 1131 eam
2041 1090 2165 1132 non
2182 1074 2458 1132 dividens
2480 1075 2539 1132 in
2560 1076 2659 1134 illa
2680 1077 3121 1150 assumptione,
3141 1078 3277 1135 ideo
3294 1078 3538 1136 duabus

1879 1165 2109 1222 naturis
2138 1171 2415 1223 constare
2446 1166 2744 1223 Christum
2760 1166 3074 1227 docemus.
3106 1171 3300 1226 Unam
3324 1172 3530 1226 autem

1879 1270 2205 1328 personam
2236 1260 2293 1311 et
2321 1260 2458 1328 post
2486 1255 2773 1311 unionem
2800 1252 3079 1325 dicimus,
3111 1273 3246 1331 quae
3289 1256 3537 1331 quidem

1880 1349 1969 1400 est
1996 1344 2152 1400 Deus
2179 1348 2235 1399 et
2254 1343 2439 1401 homo
2460 1344 2759 1417 perfectus
2782 1344 2861 1401 ob
2882 1344 3041 1401 hanc
3056 1345 3359 1404 insolitam
3377 1362 3513 1404 com

1882 1433 2255 1489 munionem.
2282 1434 2425 1489 Cum
2447 1437 2650 1489 autem
2672 1448 2794 1489 non
2826 1431 3252 1491 adulteraverit
3270 1441 3536 1505 naturas,

1883 1537 1951 1578 ea
1971 1538 2043 1577 ex
2061 1521 2284 1595 quibus
2308 1526 2365 1578 et
2384 1522 2445 1578 in
2468 1521 2691 1595 quibus
2717 1526 2929 1596 etquae
2951 1528 3042 1580 est
3062 1528 3278 1581 servat.
3294 1525 3540 1581 Duabus

1882 1610 2041 1667 enim
2072 1610 2305 1666 naturis
2336 1610 2738 1677 constituitur,
2762 1616 2927 1668 etest
2955 1611 3017 1668 in
3042 1611 3135 1668 his
3166 1613 3396 1669 naturis
3415 1612 3541 1669 imo

1883 1715 2026 1756 vero
2056 1699 2206 1755 nihil
2232 1699 2397 1755 aliud
2426 1704 2518 1756 est
2544 1705 2710 1756 extra
2739 1716 2863 1769 eas,
2896 1700 3002 1757 sed
3031 1700 3148 1758 hoc
3195 1700 3400 1774 ipsum
3429 1705 3537 1767 est,

1806 1768 1846 1823 Β
1884 1787 2021 1845 dum
2053 1792 2306 1857 naturae,
2341 1790 2495 1844 Deus
2521 1789 2821 1862 perfectus
2842 1768 2899 1846 et
2925 1789 3111 1846 homo
3137 1768 3453 1863 perfectus.
3486 1790 3544 1848 Si

1885 1877 2034 1951 quid
2080 1878 2241 1934 enim
2286 1892 2360 1933 ex
2416 1877 2640 1950 quibus
2693 1883 2801 1945 est,
2843 1893 2968 1935 non
2998 1883 3088 1936 est
3123 1894 3196 1936 ea
3220 1895 3294 1936 ex
3317 1879 3543 1952 quibus

1885 1970 2014 2031 est;
2042 1965 2179 2037 igne
2210 1966 2371 2022 enim
2398 1971 2457 2022 et
2497 1971 2651 2023 terra
2680 1966 2900 2023 coelum
2926 1971 3180 2038 constat,
3209 1969 3381 2038 juxta
3412 1967 3544 2025 Pla-

1889 2059 2093 2112 tonem
2121 2073 2134 2123 ;
2157 2054 2263 2111 sed
2290 2070 2413 2111 non
2443 2056 2610 2129 quod
2639 2071 2710 2111 ea
2730 2060 2886 2122 sunt,
2911 2054 3130 2111 caelum
3153 2060 3264 2111 est.
3286 2056 3545 2113 Christus

1889 2158 2028 2200 vero
2055 2148 2144 2200 est
2164 2143 2266 2200 illa
2288 2143 2511 2217 quibus
2524 2147 2776 2213 constat,
2791 2142 2939 2199 nihil
2951 2143 3114 2200 aliud
3130 2145 3547 2202 commistione

1892 2232 2188 2290 efﬁciente
2207 2250 2222 2302 ;
2244 2249 2317 2289 ex
2346 2232 2583 2289 duabus
2613 2232 2794 2303 igitur
2831 2233 3063 2289 naturis
3105 2233 3378 2291 Christus
3406 2239 3463 2291 et
3485 2233 3549 2289 in

1885 2320 1982 2379 his
2024 2321 2268 2379 duabus
2323 2321 2573 2378 naturis.
2607 2321 2721 2379 Sed
2775 2324 2833 2378 et
2861 2321 3117 2394 exempli
3146 2323 3357 2394 gratia,
3390 2338 3552 2380 unus

1888 2412 2135 2487 quidem
2167 2416 2259 2469 est
2288 2411 2396 2480 sol,
2428 2414 2660 2468 natura
2707 2415 2913 2468 autem
2959 2427 3097 2485 quae
3123 2412 3184 2468 in
3221 2411 3325 2469 illo
3381 2417 3540 2482 sunt,

1890 2502 2048 2570 duas,
2061 2500 2307 2558 luminis
2327 2500 2575 2574 quidem
2588 2505 2645 2557 et
2659 2501 2869 2558 solaris
2884 2501 3180 2574 corporis.
3200 2504 3265 2559 Et
3283 2502 3551 2560 Christus

1892 2608 2053 2649 unus
2085 2595 2195 2661 est,
2226 2596 2454 2647 naturae
2495 2596 2697 2648 autem
2728 2589 2884 2660 duae,
2914 2607 3039 2649 una
3064 2592 3314 2666 quidem
3365 2608 3552 2665 supra

1892 2697 2031 2749 nos,
2064 2686 2119 2738 et
2146 2685 2373 2737 nostra.
2421 2683 2484 2736 In
2532 2679 2751 2738 eodem
2799 2680 2961 2738 enim
3009 2685 3068 2739 et
3117 2698 3241 2739 uno
3278 2682 3547 2753 nomine,

1895 2770 2212 2843 utriusque
2266 2769 2352 2826 rei
2408 2768 2767 2841 signiﬁcatio
2815 2770 3166 2836 ostenditur,
3223 2770 3550 2828 divinitatis

1896 2859 2034 2917 dico
2056 2863 2114 2916 et
2134 2858 2551 2916 humanitatis.
2578 2858 2719 2915 Ideo
2741 2862 2799 2916 et
2814 2859 3002 2917 homo
3022 2859 3237 2917 dicitur
3258 2860 3545 2932 Christus,

1898 2954 1954 3005 et
2018 2951 2174 3005 Deus
2213 2946 2430 3004 dicitur
2481 2946 2768 3004 Christus.
2826 2947 3119 3005 Nimirum
3176 2952 3234 3007 et
3296 2947 3546 3022 quando

1897 3052 2119 3110 corpus
2165 3036 2295 3108 ejus
2349 3050 2388 3092 a
2435 3050 2611 3093 servo
2659 3035 3028 3105 verberatur,
3082 3042 3370 3111 tanquam
3420 3037 3551 3111 ipse

1820 3124 1861 3179 C
1899 3142 2118 3200 passus
2142 3125 2386 3183 dicebat
2413 3142 2427 3181 :
2461 3147 2490 3177 ‹‹
2518 3125 2675 3192 Quid
2704 3140 2802 3182 me
2833 3125 3045 3183 credis8
3066 3126 3094 3182 ‘i
3120 3146 3150 3177 »
3185 3129 3249 3184 Et
3278 3142 3418 3183 cum
3448 3142 3556 3185 na-

1900 3220 2037 3273 tura
2057 3214 2221 3286 tangi
2240 3229 2369 3271 non
2394 3216 2618 3287 posset,
2661 3213 2902 3272 dicebat
2938 3218 3142 3271 tamen
3175 3232 3187 3270 :
3234 3238 3263 3268 ‹‹
3297 3217 3554 3273 Dorsum

1900 3319 2102 3361 meum
2139 3302 2279 3359 dedi
2324 3302 2851 3377 percutientibus‘.
2890 3324 2920 3354 »
2966 3305 3110 3371 Quae
3152 3305 3315 3363 enim
3344 3304 3557 3363 huma-

1902 3393 2060 3451 nitas
2088 3392 2263 3449 Vcrbi
2292 3391 2651 3467 patiebatur,
2683 3392 2814 3451 haec
2866 3409 3007 3450 cum
3048 3408 3122 3451 ea
3165 3394 3559 3466 conjunctum

1902 3481 2165 3540 Verbum
2184 3481 2246 3539 in
2269 3497 2333 3540 se
2352 3481 2668 3540 referebat.
2692 3482 2918 3541 Idcirco
2949 3481 3057 3554 sol,
3098 3499 3351 3542 cernens
3380 3500 3561 3541 suum

1903 3574 2243 3631 Creatorem
2295 3571 2357 3628 in
2406 3586 2657 3645 corpore
2686 3571 2845 3629 male
2902 3571 3107 3629 habito
3138 3573 3559 3643 sustinentem,

1901 3661 2104 3720 radios
2128 3660 2390 3719 coercuit
2408 3666 2467 3719 et
2495 3665 2716 3719 terram
2749 3660 3009 3718 tenebris
3037 3663 3317 3733 contegit.

1976 3753 2064 3809 32.
2113 3752 2181 3808 Et
2217 3749 2536 3822 Gregorius
2585 3749 2925 3822 Theologus
2975 3751 3060 3808 sic
3101 3750 3362 3825 loquitur
3392 3766 3407 3807 :
3439 3751 3560 3808 Hoc

1904 3840 2142 3915 privata
2172 3840 2486 3909 Divinitas,
2518 3839 2668 3898 illud
2722 3846 3042 3914 assumpta
3083 3856 3245 3912 caro,
3294 3856 3419 3897 non
3458 3854 3567 3914 per

1907 3947 2081 3988 suam
2112 3947 2253 3988 cum
2286 3933 2404 3988 Deo
2434 3930 2625 3987 Verbo
2668 3931 2956 3987 unionem
3002 3930 3393 4004 permistione
3423 3945 3564 3986 con-

1906 4019 2063 4087 fusa,
2091 4023 2149 4076 et
2185 4019 2247 4076 in
2304 4034 2494 4076 unam
2552 4017 2958 4075 substantiam
3008 4018 3362 4083 terminata;
3419 4021 3565 4084 (non

1909 4110 2071 4167 enim
2119 4109 2462 4167 mistionem
2517 4112 2620 4166 aut
2661 4107 3078 4165 confusionem
3135 4106 3393 4164 Verbum
3423 4122 3565 4164 cum

1909 4197 2286 4256 humanitate
2316 4214 2536 4272 passus
2581 4202 2695 4263 est,
2752 4200 2857 4254 aut
2893 4196 2955 4253 in
2984 4196 3048 4253 id
3091 4196 3256 4271 quod
3284 4212 3410 4253 non
3440 4200 3568 4254 erat

1911 4287 2393 4352 conversionem,
2415 4286 2519 4343 sed
2550 4285 2835 4343 habitans
2869 4287 2930 4343 in
2954 4285 3154 4357 nobis,
3184 4301 3307 4343 non
3326 4285 3567 4359 reliquit

1911 4376 2079 4451 quod
2110 4376 2220 4432 sibi
2266 4375 2582 4449 proprium
2619 4379 2766 4433 erat.
2798 4374 3128 4433 Permansit
3164 4380 3366 4432 autem
3399 4373 3569 4448 quod

1841 4479 1881 4533 ι)
1913 4472 2060 4534 erat,
2091 4471 2148 4522 et
2175 4465 2512 4522 secundum
2541 4463 2880 4522 naturalem
2913 4465 3201 4522 unionem
3233 4463 3569 4537 concipitur

1914 4559 1980 4612 ut
2005 4554 2259 4611 alterum
2307 4554 2371 4611 in
2419 4553 2642 4620 altero;
2672 4553 2734 4610 id
2773 4559 2865 4611 est
2893 4553 3101 4610 divina
3128 4557 3344 4611 natura
3369 4553 3433 4609 in
3460 4552 3570 4609 hu-

1914 4643 2227 4715 manitate,
2249 4657 2371 4701 non
2393 4641 2849 4716 permistionem
2880 4642 3185 4700 sustinens
3222 4643 3464 4716 qualem
3493 4641 3567 4697 li-

1916 4733 2242 4808 quidarum
2273 4732 2440 4791 unio.
2471 4733 2531 4791 Si
2550 4732 2712 4789 enim
2739 4732 3042 4806 permistee
3073 4736 3271 4789 essent
3315 4736 3565 4803 naturae,

1917 4822 1978 4879 in
2007 4838 2131 4880 una
2173 4822 2426 4880 mistura
2468 4821 2864 4879 dissimilibus
2910 4821 3262 4879 substantiis
3302 4819 3575 4891 versatis,

1916 4916 2130 4968 neutra
2155 4916 2448 4981 servatur,
2496 4910 2605 4968 sed
2632 4909 2831 4968 ambat
2870 4911 3137 4968 confusae
3175 4913 3568 4968 evanuerunt.

1918 5001 1989 5058 Et
2015 5015 2212 5074 neque
2260 4999 2658 5073 separationis
2708 5015 2907 5073 neque
2958 4998 3275 5057 divisionis
3312 5013 3570 5071 capaces

1920 5094 2062 5146 sunt
2090 5088 2408 5163 permistis.
2444 5089 2629 5145 Unitaa
2661 5092 2801 5145 sunt
2833 5086 3128 5144 ineffabili
3174 5091 3233 5144 et
3281 5086 3575 5144 indicibili

1916 5178 2168 5249 ratione,
2191 5181 2249 5234 et
2275 5176 2639 5250 simplicium
2654 5181 2979 5249 utrumque
2998 5175 3061 5232 in
3081 5174 3417 5249 composito
3432 5192 3576 5249 pro-

1920 5267 2066 5342 priae
2088 5272 2322 5325 natura:
2342 5267 2639 5326 rationem
2677 5270 2903 5334 servat;
2953 5280 3215 5338 quorum
3259 5265 3420 5323 enim
3449 5281 3576 5323 non

1918 5361 2006 5416 est
2034 5373 2158 5417 una
2198 5356 2376 5425 ratio,
2425 5371 2634 5416 eorum
2683 5371 2806 5413 non
2852 5357 2942 5413 est
2989 5369 3117 5412 una
3146 5359 3386 5426 natura,
3424 5354 3573 5412 nihil
