  <div class='ocr_page' id='page_1' title='image "/cluster/home/n/w/nwhite01/storage/ocr_20150623/140/pst.000005714568/061.png"; bbox 0 0 4040 6318; ppageno 0'>
   <div class='ocr_carea' id='block_1_1' title="bbox 542 260 2560 353">
    <p class='ocr_par' dir='ltr' id='par_1_1' title="bbox 542 260 2560 353">
     <span class='ocr_line' id='line_1_1' title="bbox 542 260 2560 353; baseline 0.01 -31"><span class='ocrx_word' id='word_1_1' title='bbox 542 260 611 349; x_wconf 69' lang='lat' dir='ltr'><strong>e7</strong></span> <span class='ocrx_word' id='word_1_2' title='bbox 1884 270 2155 335; x_wconf 68' lang='lat' dir='ltr'><strong>meum</strong></span> <span class='ocrx_word' id='word_1_3' title='bbox 2195 271 2560 353; x_wconf 63' lang='lat' dir='ltr'><strong>caenum</strong></span> 
     </span>
    </p>
   </div>
   <div class='ocr_carea' id='block_1_2' title="bbox 3786 295 3929 361">
    <p class='ocr_par' dir='ltr' id='par_1_2' title="bbox 3786 295 3929 361">
     <span class='ocr_line' id='line_1_2' title="bbox 3786 295 3929 361; baseline 0.007 -13"><span class='ocrx_word' id='word_1_4' title='bbox 3786 295 3929 361; x_wconf 26' lang='lat'><strong>’68</strong></span> 
     </span>
    </p>
   </div>
   <div class='ocr_carea' id='block_1_3' title="bbox 539 392 2163 481">
    <p class='ocr_par' dir='ltr' id='par_1_3' title="bbox 539 392 2163 469">
     <span class='ocr_line' id='line_1_3' title="bbox 539 392 2163 469; baseline 0.006 -22"><span class='ocrx_word' id='word_1_5' title='bbox 539 392 880 461; x_wconf 90' lang='lat' dir='ltr'><strong>imminuta,</strong></span> <span class='ocrx_word' id='word_1_6' title='bbox 920 410 1031 469; x_wconf 86' lang='lat' dir='ltr'><strong>per</strong></span> <span class='ocrx_word' id='word_1_7' title='bbox 1079 396 1331 454; x_wconf 90' lang='lat' dir='ltr'><strong>aliorum</strong></span> <span class='ocrx_word' id='word_1_8' title='bbox 1372 415 1510 456; x_wconf 88' lang='lat' dir='ltr'><strong>cum</strong></span> <span class='ocrx_word' id='word_1_9' title='bbox 1559 400 1688 456; x_wconf 87' lang='lat' dir='ltr'><strong>aliis</strong></span> <span class='ocrx_word' id='word_1_10' title='bbox 1741 416 2102 459; x_wconf 86' lang='lat' dir='ltr'><strong>concursum</strong></span> <span class='ocrx_word' id='word_1_11' title='bbox 2135 419 2163 457; x_wconf 90' lang='lat' dir='ltr'><strong>e</strong></span> 
     </span>
    </p>
   </div>
   <div class='ocr_carea' id='block_1_4' title="bbox 2277 392 3924 481">
    <p class='ocr_par' dir='ltr' id='par_1_4' title="bbox 2298 406 3924 481">
     <span class='ocr_line' id='line_1_4' title="bbox 2298 406 3924 481; baseline 0.01 -24"><span class='ocrx_word' id='word_1_12' title='bbox 2298 406 2648 471; x_wconf 65' lang='grc' dir='ltr'><strong>τελειότητος·</strong></span> <span class='ocrx_word' id='word_1_13' title='bbox 2678 413 2748 471; x_wconf 81' lang='grc' dir='ltr'><strong>ὡς</strong></span> <span class='ocrx_word' id='word_1_14' title='bbox 2800 413 2943 464; x_wconf 83' lang='grc' dir='ltr'>ἔστιν</span> <span class='ocrx_word' id='word_1_15' title='bbox 2989 408 3118 464; x_wconf 84' lang='grc' dir='ltr'>ἰδεῖν</span> <span class='ocrx_word' id='word_1_16' title='bbox 3165 417 3254 466; x_wconf 84' lang='grc' dir='ltr'><strong>καὶ</strong></span> <span class='ocrx_word' id='word_1_17' title='bbox 3318 412 3404 467; x_wconf 79' lang='grc' dir='ltr'><strong>ἐπὶ</strong></span> <span class='ocrx_word' id='word_1_18' title='bbox 3429 424 3520 477; x_wconf 75' lang='grc' dir='ltr'>τῆς</span> <span class='ocrx_word' id='word_1_19' title='bbox 3551 416 3778 481; x_wconf 86' lang='grc' dir='ltr'>ἐνώσεως</span> <span class='ocrx_word' id='word_1_20' title='bbox 3806 427 3924 473; x_wconf 83' lang='grc' dir='ltr'>τοῦ</span> 
     </span>
    </p>
   </div>
   <div class='ocr_carea' id='block_1_5' title="bbox 540 482 2190 561">
    <p class='ocr_par' dir='ltr' id='par_1_5' title="bbox 540 482 2190 561">
     <span class='ocr_line' id='line_1_5' title="bbox 540 482 2190 561; baseline 0.007 -25"><span class='ocrx_word' id='word_1_21' title='bbox 540 482 849 548; x_wconf 87' lang='lat' dir='ltr'><strong>unionem,</strong></span> <span class='ocrx_word' id='word_1_22' title='bbox 895 500 1104 541; x_wconf 89' lang='lat' dir='ltr'><strong>eorum</strong></span> <span class='ocrx_word' id='word_1_23' title='bbox 1149 488 1405 543; x_wconf 83' lang='lat' dir='ltr'><strong>naturali</strong></span> <span class='ocrx_word' id='word_1_24' title='bbox 1448 488 1850 561; x_wconf 79' lang='lat' dir='ltr'><strong>perfectione;</strong></span> <span class='ocrx_word' id='word_1_25' title='bbox 1898 500 1958 545; x_wconf 89' lang='lat' dir='ltr'><strong>ut</strong></span> <span class='ocrx_word' id='word_1_26' title='bbox 1991 492 2190 551; x_wconf 75' lang='lat' dir='ltr'><strong>videre</strong></span> 
     </span>
    </p>
   </div>
   <div class='ocr_carea' id='block_1_6' title="bbox 538 569 2187 637">
    <p class='ocr_par' dir='ltr' id='par_1_6' title="bbox 538 569 2187 637">
     <span class='ocr_line' id='line_1_6' title="bbox 538 569 2187 637; baseline 0.005 -11"><span class='ocrx_word' id='word_1_27' title='bbox 538 576 626 626; x_wconf 88' lang='lat' dir='ltr'><strong>est</strong></span> <span class='ocrx_word' id='word_1_28' title='bbox 671 569 745 626; x_wconf 88' lang='lat' dir='ltr'><strong>de</strong></span> <span class='ocrx_word' id='word_1_29' title='bbox 780 572 998 627; x_wconf 87' lang='lat' dir='ltr'><strong>unione</strong></span> <span class='ocrx_word' id='word_1_30' title='bbox 1045 575 1201 629; x_wconf 90' lang='lat' dir='ltr'><strong>aeris</strong></span> <span class='ocrx_word' id='word_1_31' title='bbox 1247 581 1303 631; x_wconf 90' lang='lat' dir='ltr'><strong>et</strong></span> <span class='ocrx_word' id='word_1_32' title='bbox 1352 577 1622 637; x_wconf 87' lang='lat' dir='ltr'><strong>luminis.</strong></span> <span class='ocrx_word' id='word_1_33' title='bbox 1671 579 1978 637; x_wconf 83' lang='lat' dir='ltr'><strong>Manifesta</strong></span> <span class='ocrx_word' id='word_1_34' title='bbox 2029 580 2187 635; x_wconf 90' lang='lat' dir='ltr'><strong>enim</strong></span> 
     </span>
    </p>
   </div>
   <div class='ocr_carea' id='block_1_7' title="bbox 537 659 2191 741">
    <p class='ocr_par' dir='ltr' id='par_1_7' title="bbox 537 659 2191 741">
     <span class='ocr_line' id='line_1_7' title="bbox 537 659 2191 741; baseline 0.007 -28"><span class='ocrx_word' id='word_1_35' title='bbox 537 659 816 732; x_wconf 85' lang='lat' dir='ltr'><strong>utrinque</strong></span> <span class='ocrx_word' id='word_1_36' title='bbox 846 663 1173 733; x_wconf 83' lang='lat' dir='ltr'><strong>permansit</strong></span> <span class='ocrx_word' id='word_1_37' title='bbox 1213 665 1500 720; x_wconf 83' lang='lat' dir='ltr'><strong>naturalis</strong></span> <span class='ocrx_word' id='word_1_38' title='bbox 1530 668 1885 740; x_wconf 82' lang='lat' dir='ltr'><strong>proprietas,</strong></span> <span class='ocrx_word' id='word_1_39' title='bbox 1917 668 2059 723; x_wconf 88' lang='lat' dir='ltr'><strong>nihil</strong></span> <span class='ocrx_word' id='word_1_40' title='bbox 2086 685 2191 741; x_wconf 83' lang='lat' dir='ltr'><strong>per</strong></span> 
     </span>
    </p>
   </div>
   <div class='ocr_carea' id='block_1_8' title="bbox 537 748 2189 828">
    <p class='ocr_par' dir='ltr' id='par_1_8' title="bbox 537 748 2189 828">
     <span class='ocr_line' id='line_1_8' title="bbox 537 748 2189 828; baseline 0.007 -25"><span class='ocrx_word' id='word_1_41' title='bbox 537 749 822 804; x_wconf 88' lang='lat' dir='ltr'><strong>unionem</strong></span> <span class='ocrx_word' id='word_1_42' title='bbox 856 748 1023 806; x_wconf 71' lang='lat' dir='ltr'><strong>laesa.</strong></span> <span class='ocrx_word' id='word_1_43' title='bbox 1049 753 1248 826; x_wconf 82' lang='lat' dir='ltr'><strong>Neque</strong></span> <span class='ocrx_word' id='word_1_44' title='bbox 1265 754 1423 809; x_wconf 90' lang='lat' dir='ltr'><strong>enim</strong></span> <span class='ocrx_word' id='word_1_45' title='bbox 1448 754 1650 810; x_wconf 87' lang='lat' dir='ltr'><strong>lumeu</strong></span> <span class='ocrx_word' id='word_1_46' title='bbox 1678 756 1907 828; x_wconf 85' lang='lat' dir='ltr'><strong>aliquid</strong></span> <span class='ocrx_word' id='word_1_47' title='bbox 1943 776 2063 813; x_wconf 62' lang='lat' dir='ltr'><strong>sne</strong></span> <span class='ocrx_word' id='word_1_48' title='bbox 2087 775 2189 814; x_wconf 85' lang='lat' dir='ltr'><strong>na-</strong></span> 
     </span>
    </p>
   </div>
   <div class='ocr_carea' id='block_1_9' title="bbox 536 839 2189 918">
    <p class='ocr_par' dir='ltr' id='par_1_9' title="bbox 536 839 2189 918">
     <span class='ocr_line' id='line_1_9' title="bbox 536 839 2189 918; baseline 0.006 -26"><span class='ocrx_word' id='word_1_49' title='bbox 536 842 682 893; x_wconf 61' lang='lat' dir='ltr'><strong>tura;</strong></span> <span class='ocrx_word' id='word_1_50' title='bbox 712 839 911 893; x_wconf 90' lang='lat' dir='ltr'><strong>amisit</strong></span> <span class='ocrx_word' id='word_1_51' title='bbox 939 854 1077 894; x_wconf 91' lang='lat' dir='ltr'><strong>cum</strong></span> <span class='ocrx_word' id='word_1_52' title='bbox 1105 856 1240 896; x_wconf 89' lang='lat' dir='ltr'><strong>aere</strong></span> <span class='ocrx_word' id='word_1_53' title='bbox 1295 844 1674 916; x_wconf 82' lang='lat' dir='ltr'><strong>permistum,</strong></span> <span class='ocrx_word' id='word_1_54' title='bbox 1722 862 1919 918; x_wconf 87' lang='lat' dir='ltr'><strong>neque</strong></span> <span class='ocrx_word' id='word_1_55' title='bbox 1948 863 2189 902; x_wconf 81' lang='lat' dir='ltr'><strong>rursum</strong></span> 
     </span>
    </p>
   </div>
   <div class='ocr_carea' id='block_1_10' title="bbox 535 927 2184 1008">
    <p class='ocr_par' dir='ltr' id='par_1_10' title="bbox 535 927 2184 1008">
     <span class='ocr_line' id='line_1_10' title="bbox 535 927 2184 1008; baseline 0.007 -28"><span class='ocrx_word' id='word_1_56' title='bbox 535 940 638 981; x_wconf 84' lang='lat' dir='ltr'><strong>aer</strong></span> <span class='ocrx_word' id='word_1_57' title='bbox 663 928 724 981; x_wconf 87' lang='lat' dir='ltr'><strong>in</strong></span> <span class='ocrx_word' id='word_1_58' title='bbox 758 927 1001 999; x_wconf 75' lang='lat' dir='ltr'><strong>propria</strong></span> <span class='ocrx_word' id='word_1_59' title='bbox 1032 928 1380 986; x_wconf 70' lang='lat' dir='ltr'><strong>substantiae</strong></span> <span class='ocrx_word' id='word_1_60' title='bbox 1412 949 1537 988; x_wconf 67' lang='lat' dir='ltr'><strong>suae</strong></span> <span class='ocrx_word' id='word_1_61' title='bbox 1589 934 1819 989; x_wconf 86' lang='lat' dir='ltr'><strong>ratione</strong></span> <span class='ocrx_word' id='word_1_62' title='bbox 1849 936 2184 1008; x_wconf 87' lang='lat' dir='ltr'><strong>quidquam</strong></span> 
     </span>
    </p>
   </div>
   <div class='ocr_carea' id='block_1_11' title="bbox 532 1019 2190 1095">
    <p class='ocr_par' dir='ltr' id='par_1_11' title="bbox 532 1019 2190 1095">
     <span class='ocr_line' id='line_1_11' title="bbox 532 1019 2190 1095; baseline 0.007 -25"><span class='ocrx_word' id='word_1_63' title='bbox 532 1029 752 1087; x_wconf 88' lang='lat' dir='ltr'><strong>passus</strong></span> <span class='ocrx_word' id='word_1_64' title='bbox 786 1022 894 1080; x_wconf 90' lang='lat' dir='ltr'><strong>est,</strong></span> <span class='ocrx_word' id='word_1_65' title='bbox 935 1032 1006 1072; x_wconf 90' lang='lat' dir='ltr'><strong>eo</strong></span> <span class='ocrx_word' id='word_1_66' title='bbox 1034 1020 1199 1090; x_wconf 90' lang='lat' dir='ltr'><strong>quod</strong></span> <span class='ocrx_word' id='word_1_67' title='bbox 1225 1019 1433 1077; x_wconf 91' lang='lat' dir='ltr'><strong>lumen</strong></span> <span class='ocrx_word' id='word_1_68' title='bbox 1484 1023 1796 1095; x_wconf 88' lang='lat' dir='ltr'><strong>acceperit.</strong></span> <span class='ocrx_word' id='word_1_69' title='bbox 1833 1024 1996 1081; x_wconf 86' lang='lat' dir='ltr'><strong>Unde</strong></span> <span class='ocrx_word' id='word_1_70' title='bbox 2023 1031 2077 1079; x_wconf 90' lang='lat' dir='ltr'><strong>et</strong></span> <span class='ocrx_word' id='word_1_71' title='bbox 2106 1025 2190 1081; x_wconf 90' lang='lat' dir='ltr'><strong>di-</strong></span> 
     </span>
    </p>
   </div>
   <div class='ocr_carea' id='block_1_12' title="bbox 531 1103 2188 1187">
    <p class='ocr_par' dir='ltr' id='par_1_12' title="bbox 531 1103 2188 1187">
     <span class='ocr_line' id='line_1_12' title="bbox 531 1103 2188 1187; baseline 0.007 -29"><span class='ocrx_word' id='word_1_72' title='bbox 531 1103 722 1158; x_wconf 86' lang='lat' dir='ltr'><strong>cimus</strong></span> <span class='ocrx_word' id='word_1_73' title='bbox 749 1119 996 1176; x_wconf 90' lang='lat' dir='ltr'><strong>passum</strong></span> <span class='ocrx_word' id='word_1_74' title='bbox 1015 1123 1144 1163; x_wconf 90' lang='lat' dir='ltr'><strong>esse</strong></span> <span class='ocrx_word' id='word_1_75' title='bbox 1172 1110 1621 1168; x_wconf 82' lang='lat' dir='ltr'><strong>Emmanuelem</strong></span> <span class='ocrx_word' id='word_1_76' title='bbox 1642 1112 1698 1166; x_wconf 88' lang='lat' dir='ltr'><strong>in</strong></span> <span class='ocrx_word' id='word_1_77' title='bbox 1724 1129 1795 1168; x_wconf 90' lang='lat' dir='ltr'><strong>ea</strong></span> <span class='ocrx_word' id='word_1_78' title='bbox 1813 1119 2026 1169; x_wconf 90' lang='lat' dir='ltr'><strong>natura</strong></span> <span class='ocrx_word' id='word_1_79' title='bbox 2050 1129 2188 1187; x_wconf 66' lang='lat' dir='ltr'><strong>quas</strong></span> 
     </span>
    </p>
   </div>
   <div class='ocr_carea' id='block_1_13' title="bbox 534 1192 2188 1272">
    <p class='ocr_par' dir='ltr' id='par_1_13' title="bbox 534 1192 2188 1272">
     <span class='ocr_line' id='line_1_13' title="bbox 534 1192 2188 1272; baseline 0.007 -26"><span class='ocrx_word' id='word_1_80' title='bbox 534 1192 659 1262; x_wconf 87' lang='lat' dir='ltr'><strong>pati</strong></span> <span class='ocrx_word' id='word_1_81' title='bbox 689 1199 943 1266; x_wconf 90' lang='lat' dir='ltr'><strong>poterat,</strong></span> <span class='ocrx_word' id='word_1_82' title='bbox 967 1199 1025 1250; x_wconf 89' lang='lat' dir='ltr'><strong>et</strong></span> <span class='ocrx_word' id='word_1_83' title='bbox 1054 1198 1459 1267; x_wconf 82' lang='lat' dir='ltr'><strong>permansisse</strong></span> <span class='ocrx_word' id='word_1_84' title='bbox 1499 1200 1931 1272; x_wconf 90' lang='lat' dir='ltr'><strong>impassibilem</strong></span> <span class='ocrx_word' id='word_1_85' title='bbox 1971 1202 2033 1257; x_wconf 90' lang='lat' dir='ltr'><strong>in</strong></span> <span class='ocrx_word' id='word_1_86' title='bbox 2082 1203 2188 1258; x_wconf 89' lang='lat' dir='ltr'><strong>im-</strong></span> 
     </span>
    </p>
   </div>
   <div class='ocr_carea' id='block_1_14' title="bbox 526 1281 2186 1362">
    <p class='ocr_par' dir='ltr' id='par_1_14' title="bbox 526 1281 2186 1362">
     <span class='ocr_line' id='line_1_14' title="bbox 526 1281 2186 1362; baseline 0.006 -25"><span class='ocrx_word' id='word_1_87' title='bbox 526 1281 800 1353; x_wconf 82' lang='lat' dir='ltr'><strong>passihili</strong></span> <span class='ocrx_word' id='word_1_88' title='bbox 837 1283 1168 1340; x_wconf 88' lang='lat' dir='ltr'><strong>Divinitatis</strong></span> <span class='ocrx_word' id='word_1_89' title='bbox 1202 1286 1543 1344; x_wconf 86' lang='lat' dir='ltr'><strong>substantia</strong></span> <span class='ocrx_word' id='word_1_90' title='bbox 1569 1307 1581 1356; x_wconf 91' lang='lat'><strong>;</strong></span> <span class='ocrx_word' id='word_1_91' title='bbox 1606 1290 1748 1362; x_wconf 86' lang='lat' dir='ltr'><strong>quia</strong></span> <span class='ocrx_word' id='word_1_92' title='bbox 1770 1291 1931 1346; x_wconf 90' lang='lat' dir='ltr'><strong>aliud</strong></span> <span class='ocrx_word' id='word_1_93' title='bbox 1945 1296 2001 1347; x_wconf 90' lang='lat' dir='ltr'><strong>et</strong></span> <span class='ocrx_word' id='word_1_94' title='bbox 2023 1292 2186 1347; x_wconf 85' lang='lat' dir='ltr'><strong>aliud</strong></span> 
     </span>
    </p>
   </div>
   <div class='ocr_carea' id='block_1_15' title="bbox 527 1374 2182 1451">
    <p class='ocr_par' dir='ltr' id='par_1_15' title="bbox 527 1374 2182 1451">
     <span class='ocr_line' id='line_1_15' title="bbox 527 1374 2182 1451; baseline 0.008 -27"><span class='ocrx_word' id='word_1_95' title='bbox 527 1376 667 1425; x_wconf 89' lang='lat' dir='ltr'><strong>sunt</strong></span> <span class='ocrx_word' id='word_1_96' title='bbox 695 1386 767 1425; x_wconf 88' lang='lat' dir='ltr'><strong>ea</strong></span> <span class='ocrx_word' id='word_1_97' title='bbox 796 1388 869 1426; x_wconf 84' lang='lat' dir='ltr'><strong>ex</strong></span> <span class='ocrx_word' id='word_1_98' title='bbox 900 1374 1118 1444; x_wconf 89' lang='lat' dir='ltr'><strong>quibus</strong></span> <span class='ocrx_word' id='word_1_99' title='bbox 1146 1374 1443 1442; x_wconf 83' lang='lat' dir='ltr'><strong>Christus;</strong></span> <span class='ocrx_word' id='word_1_100' title='bbox 1477 1383 1533 1433; x_wconf 88' lang='lat' dir='ltr'><strong>et</strong></span> <span class='ocrx_word' id='word_1_101' title='bbox 1554 1380 1777 1450; x_wconf 81' lang='lat' dir='ltr'><strong>patitur</strong></span> <span class='ocrx_word' id='word_1_102' title='bbox 1810 1380 2052 1451; x_wconf 85' lang='lat' dir='ltr'><strong>quidem</strong></span> <span class='ocrx_word' id='word_1_103' title='bbox 2077 1381 2182 1437; x_wconf 89' lang='lat' dir='ltr'><strong>hu-</strong></span> 
     </span>
    </p>
   </div>
   <div class='ocr_carea' id='block_1_16' title="bbox 526 1464 2181 1537">
    <p class='ocr_par' dir='ltr' id='par_1_16' title="bbox 526 1464 2181 1537">
     <span class='ocr_line' id='line_1_16' title="bbox 526 1464 2181 1537; baseline 0.008 -25"><span class='ocrx_word' id='word_1_104' title='bbox 526 1474 706 1513; x_wconf 85' lang='lat' dir='ltr'><strong>mane</strong></span> <span class='ocrx_word' id='word_1_105' title='bbox 720 1466 961 1532; x_wconf 85' lang='lat' dir='ltr'><strong>propter</strong></span> <span class='ocrx_word' id='word_1_106' title='bbox 973 1477 1241 1531; x_wconf 89' lang='lat' dir='ltr'><strong>carnem,</strong></span> <span class='ocrx_word' id='word_1_107' title='bbox 1259 1464 1317 1518; x_wconf 90' lang='lat' dir='ltr'><strong>in</strong></span> <span class='ocrx_word' id='word_1_108' title='bbox 1337 1472 1634 1537; x_wconf 88' lang='lat' dir='ltr'><strong>quantum</strong></span> <span class='ocrx_word' id='word_1_109' title='bbox 1650 1474 1736 1522; x_wconf 92' lang='lat' dir='ltr'><strong>est</strong></span> <span class='ocrx_word' id='word_1_110' title='bbox 1757 1467 1961 1537; x_wconf 89' lang='lat' dir='ltr'><strong>homo;</strong></span> <span class='ocrx_word' id='word_1_111' title='bbox 1981 1469 2181 1526; x_wconf 77' lang='lat' dir='ltr'><strong>divine</strong></span> 
     </span>
    </p>
   </div>
   <div class='ocr_carea' id='block_1_17' title="bbox 2300 494 3919 580">
    <p class='ocr_par' dir='ltr' id='par_1_17' title="bbox 2300 494 3919 580">
     <span class='ocr_line' id='line_1_17' title="bbox 2300 494 3919 580; baseline 0.009 -34"><span class='ocrx_word' id='word_1_112' title='bbox 2300 494 2447 570; x_wconf 82' lang='grc' dir='ltr'>ἀέρος</span> <span class='ocrx_word' id='word_1_113' title='bbox 2478 504 2563 550; x_wconf 82' lang='grc' dir='ltr'>καὶ</span> <span class='ocrx_word' id='word_1_114' title='bbox 2590 508 2679 551; x_wconf 77' lang='grc' dir='ltr'>τοῦ</span> <span class='ocrx_word' id='word_1_115' title='bbox 2712 506 2877 572; x_wconf 76' lang='grc' dir='ltr'>φωτός</span> <span class='ocrx_word' id='word_1_116' title='bbox 2900 519 2913 532; x_wconf 70' lang='grc' dir='ltr'><strong><em>ο</em></strong></span> <span class='ocrx_word' id='word_1_117' title='bbox 2947 501 3342 576; x_wconf 72' lang='grc' dir='ltr'>εἰλικρινὴςγὰρ</span> <span class='ocrx_word' id='word_1_118' title='bbox 3374 507 3403 562; x_wconf 82' lang='grc' dir='ltr'>ἡ</span> <span class='ocrx_word' id='word_1_119' title='bbox 3434 504 3671 578; x_wconf 85' lang='grc' dir='ltr'>ἐκατέρου</span> <span class='ocrx_word' id='word_1_120' title='bbox 3699 516 3919 580; x_wconf 72' lang='grc' dir='ltr'>φυσικὴ</span> 
     </span>
    </p>
   </div>
   <div class='ocr_carea' id='block_1_18' title="bbox 2298 584 3920 671">
    <p class='ocr_par' dir='ltr' id='par_1_18' title="bbox 2298 584 3920 671">
     <span class='ocr_line' id='line_1_18' title="bbox 2298 584 3920 671; baseline 0.01 -37"><span class='ocrx_word' id='word_1_121' title='bbox 2298 590 2575 657; x_wconf 70' lang='grc' dir='ltr'><strong>μεμένηκεν</strong></span> <span class='ocrx_word' id='word_1_122' title='bbox 2619 584 2840 659; x_wconf 71' lang='grc' dir='ltr'>ἰδιότης,</span> <span class='ocrx_word' id='word_1_123' title='bbox 2882 587 3048 662; x_wconf 77' lang='grc' dir='ltr'>μηδὲν</span> <span class='ocrx_word' id='word_1_124' title='bbox 3079 592 3179 642; x_wconf 73' lang='grc' dir='ltr'><strong>ὑπὸ</strong></span> <span class='ocrx_word' id='word_1_125' title='bbox 3229 600 3324 654; x_wconf 85' lang='grc' dir='ltr'>τῆς</span> <span class='ocrx_word' id='word_1_126' title='bbox 3370 591 3592 655; x_wconf 81' lang='grc' dir='ltr'>ἑνώσεως</span> <span class='ocrx_word' id='word_1_127' title='bbox 3616 613 3920 671; x_wconf 79' lang='grc' dir='ltr'>παρατρω-</span> 
     </span>
    </p>
   </div>
   <div class='ocr_carea' id='block_1_19' title="bbox 2301 675 3921 752">
    <p class='ocr_par' dir='ltr' id='par_1_19' title="bbox 2301 675 3921 752">
     <span class='ocr_line' id='line_1_19' title="bbox 2301 675 3921 752; baseline 0.008 -27"><span class='ocrx_word' id='word_1_128' title='bbox 2301 675 2481 725; x_wconf 80' lang='grc' dir='ltr'>θείσα⁶</span> <span class='ocrx_word' id='word_1_129' title='bbox 2529 680 2646 727; x_wconf 61' lang='grc' dir='ltr'>οὔτε</span> <span class='ocrx_word' id='word_1_130' title='bbox 2702 682 2801 752; x_wconf 71' lang='grc' dir='ltr'><strong>γὰρ</strong></span> <span class='ocrx_word' id='word_1_131' title='bbox 2858 681 2914 730; x_wconf 84' lang='grc' dir='ltr'>τὸ</span> <span class='ocrx_word' id='word_1_132' title='bbox 2973 688 3078 750; x_wconf 80' lang='grc' dir='ltr'><strong>φῶς</strong></span> <span class='ocrx_word' id='word_1_133' title='bbox 3124 678 3426 752; x_wconf 77' lang='grc' dir='ltr'>ἀπημϐλυνέ</span> <span class='ocrx_word' id='word_1_134' title='bbox 3472 702 3523 733; x_wconf 88' lang='grc' dir='ltr'><strong>τι</strong></span> <span class='ocrx_word' id='word_1_135' title='bbox 3574 691 3668 745; x_wconf 81' lang='grc' dir='ltr'>τῆς</span> <span class='ocrx_word' id='word_1_136' title='bbox 3710 685 3921 738; x_wconf 77' lang='grc' dir='ltr'>ἑαυτοῦ</span> 
     </span>
    </p>
   </div>
   <div class='ocr_carea' id='block_1_20' title="bbox 2299 764 3919 845">
    <p class='ocr_par' dir='ltr' id='par_1_20' title="bbox 2299 764 3919 845">
     <span class='ocr_line' id='line_1_20' title="bbox 2299 764 3919 845; baseline 0.008 -33"><span class='ocrx_word' id='word_1_137' title='bbox 2299 765 2495 833; x_wconf 77' lang='grc' dir='ltr'>φύσεως</span> <span class='ocrx_word' id='word_1_138' title='bbox 2520 771 2590 834; x_wconf 80' lang='grc' dir='ltr'>τῷ</span> <span class='ocrx_word' id='word_1_139' title='bbox 2638 764 2748 838; x_wconf 78' lang='grc' dir='ltr'>ἀέρι</span> <span class='ocrx_word' id='word_1_140' title='bbox 2774 769 2985 839; x_wconf 75' lang='grc' dir='ltr'>μιχθὲν.</span> <span class='ocrx_word' id='word_1_141' title='bbox 3016 771 3128 819; x_wconf 69' lang='grc' dir='ltr'>οὔτε</span> <span class='ocrx_word' id='word_1_142' title='bbox 3172 768 3323 820; x_wconf 82' lang='grc' dir='ltr'>πάλιν</span> <span class='ocrx_word' id='word_1_143' title='bbox 3364 774 3389 821; x_wconf 87' lang='grc' dir='ltr'><strong>ο</strong></span> <span class='ocrx_word' id='word_1_144' title='bbox 3421 768 3518 845; x_wconf 66' lang='grc' dir='ltr'><strong>ἇὴρ</strong></span> <span class='ocrx_word' id='word_1_145' title='bbox 3549 772 3616 832; x_wconf 83' lang='grc' dir='ltr'>εἰς</span> <span class='ocrx_word' id='word_1_146' title='bbox 3646 776 3729 824; x_wconf 86' lang='grc' dir='ltr'><strong>τόν</strong></span> <span class='ocrx_word' id='word_1_147' title='bbox 3758 771 3919 827; x_wconf 81' lang='grc' dir='ltr'>ἷδιον</span> 
     </span>
    </p>
   </div>
   <div class='ocr_carea' id='block_1_21' title="bbox 2297 853 3916 936">
    <p class='ocr_par' dir='ltr' id='par_1_21' title="bbox 2297 853 3916 936">
     <span class='ocr_line' id='line_1_21' title="bbox 2297 853 3916 936; baseline 0.009 -35"><span class='ocrx_word' id='word_1_148' title='bbox 2297 859 2390 912; x_wconf 78' lang='grc' dir='ltr'>τῆς</span> <span class='ocrx_word' id='word_1_149' title='bbox 2443 853 2633 914; x_wconf 82' lang='grc' dir='ltr'>ούσίας</span> <span class='ocrx_word' id='word_1_150' title='bbox 2702 857 2916 907; x_wconf 85' lang='grc' dir='ltr'>πέπονθε</span> <span class='ocrx_word' id='word_1_151' title='bbox 2968 855 3139 926; x_wconf 63' lang='grc' dir='ltr'><strong>λόγον9</strong></span> <span class='ocrx_word' id='word_1_152' title='bbox 3183 860 3312 910; x_wconf 87' lang='grc' dir='ltr'>καθὸ</span> <span class='ocrx_word' id='word_1_153' title='bbox 3355 856 3455 933; x_wconf 76' lang='grc' dir='ltr'><strong>ἀήρ</strong></span> <span class='ocrx_word' id='word_1_154' title='bbox 3523 858 3637 912; x_wconf 88' lang='grc' dir='ltr'>ἐστι</span> <span class='ocrx_word' id='word_1_155' title='bbox 3672 865 3730 913; x_wconf 86' lang='grc' dir='ltr'>τὸ</span> <span class='ocrx_word' id='word_1_156' title='bbox 3789 872 3916 936; x_wconf 74' lang='grc' dir='ltr'><strong>φῶς</strong></span> 
     </span>
    </p>
   </div>
   <div class='ocr_carea' id='block_1_22' title="bbox 2300 934 3915 1021">
    <p class='ocr_par' dir='ltr' id='par_1_22' title="bbox 2300 934 3915 1021">
     <span class='ocr_line' id='line_1_22' title="bbox 2300 934 3915 1021; baseline 0.009 -32"><span class='ocrx_word' id='word_1_157' title='bbox 2300 934 2608 1010; x_wconf 54' lang='grc' dir='ltr'>δεξάμενος</span> <span class='ocrx_word' id='word_1_158' title='bbox 2643 943 2753 994; x_wconf 62' lang='grc' dir='ltr'>ὅθεν</span> <span class='ocrx_word' id='word_1_159' title='bbox 2796 949 2885 995; x_wconf 85' lang='grc' dir='ltr'>καὶ</span> <span class='ocrx_word' id='word_1_160' title='bbox 2916 948 3077 1016; x_wconf 75' lang='grc' dir='ltr'>φαμεν</span> <span class='ocrx_word' id='word_1_161' title='bbox 3106 947 3287 997; x_wconf 83' lang='grc' dir='ltr'><strong>παθεῖν</strong></span> <span class='ocrx_word' id='word_1_162' title='bbox 3325 951 3411 999; x_wconf 81' lang='grc' dir='ltr'>τὸν</span> <span class='ocrx_word' id='word_1_163' title='bbox 3452 949 3782 1020; x_wconf 72' lang='grc' dir='ltr'>Ἐμμανουήλ</span> <span class='ocrx_word' id='word_1_164' title='bbox 3820 960 3915 1021; x_wconf 80' lang='grc' dir='ltr'>τῷ</span> 
     </span>
    </p>
   </div>
   <div class='ocr_carea' id='block_1_23' title="bbox 2296 1033 3918 1109">
    <p class='ocr_par' dir='ltr' id='par_1_23' title="bbox 2296 1033 3918 1109">
     <span class='ocr_line' id='line_1_23' title="bbox 2296 1033 3918 1109; baseline 0.008 -30"><span class='ocrx_word' id='word_1_165' title='bbox 2296 1036 2543 1099; x_wconf 70' lang='grc' dir='ltr'>πεφυκότι</span> <span class='ocrx_word' id='word_1_166' title='bbox 2590 1033 2915 1098; x_wconf 78' lang='grc' dir='ltr'><strong>πεπονθέναι,</strong></span> <span class='ocrx_word' id='word_1_167' title='bbox 2974 1037 3063 1085; x_wconf 89' lang='grc' dir='ltr'>καὶ</span> <span class='ocrx_word' id='word_1_168' title='bbox 3102 1038 3441 1104; x_wconf 75' lang='grc' dir='ltr'><strong>μεμενηκέναι</strong></span> <span class='ocrx_word' id='word_1_169' title='bbox 3470 1034 3644 1095; x_wconf 80' lang='grc' dir='ltr'><em>ἀπαθῆ</em></span> <span class='ocrx_word' id='word_1_170' title='bbox 3678 1047 3747 1109; x_wconf 79' lang='grc' dir='ltr'>τῷ</span> <span class='ocrx_word' id='word_1_171' title='bbox 3780 1047 3918 1091; x_wconf 84' lang='grc' dir='ltr'>κατ’</span> 
     </span>
    </p>
   </div>
   <div class='ocr_carea' id='block_1_24' title="bbox 2296 1115 3913 1190">
    <p class='ocr_par' dir='ltr' id='par_1_24' title="bbox 2296 1115 3913 1190">
     <span class='ocr_line' id='line_1_24' title="bbox 2296 1115 3913 1190; baseline 0.009 -24"><span class='ocrx_word' id='word_1_172' title='bbox 2296 1115 2478 1168; x_wconf 85' lang='grc' dir='ltr'>ούσίαν</span> <span class='ocrx_word' id='word_1_173' title='bbox 2494 1115 2680 1170; x_wconf 75' lang='grc' dir='ltr'>ἀπαθεὶ</span> <span class='ocrx_word' id='word_1_174' title='bbox 2710 1126 2805 1181; x_wconf 83' lang='grc' dir='ltr'>τῆς</span> <span class='ocrx_word' id='word_1_175' title='bbox 2824 1123 3085 1182; x_wconf 83' lang='grc' dir='ltr'>θεότητος·</span> <span class='ocrx_word' id='word_1_176' title='bbox 3106 1124 3182 1174; x_wconf 84' lang='grc' dir='ltr'>ὅτι</span> <span class='ocrx_word' id='word_1_177' title='bbox 3206 1122 3327 1175; x_wconf 75' lang='grc' dir='ltr'>ἄλλο</span> <span class='ocrx_word' id='word_1_178' title='bbox 3343 1129 3433 1175; x_wconf 84' lang='grc' dir='ltr'>καὶ</span> <span class='ocrx_word' id='word_1_179' title='bbox 3455 1123 3576 1177; x_wconf 79' lang='grc' dir='ltr'>ἄλλο</span> <span class='ocrx_word' id='word_1_180' title='bbox 3598 1127 3661 1177; x_wconf 81' lang='grc' dir='ltr'>τὰ</span> <span class='ocrx_word' id='word_1_181' title='bbox 3688 1126 3740 1190; x_wconf 82' lang='grc' dir='ltr'><em>ἐξ</em></span> <span class='ocrx_word' id='word_1_182' title='bbox 3767 1125 3837 1179; x_wconf 83' lang='grc' dir='ltr'>ὧν</span> <span class='ocrx_word' id='word_1_183' title='bbox 3876 1130 3913 1180; x_wconf 87' lang='grc' dir='ltr'>ὀ</span> 
     </span>
    </p>
   </div>
   <div class='ocr_carea' id='block_1_25' title="bbox 2295 1209 3979 1289">
    <p class='ocr_par' dir='ltr' id='par_1_25' title="bbox 2295 1209 3979 1289">
     <span class='ocr_line' id='line_1_25' title="bbox 2295 1209 3979 1289; baseline 0.007 -32"><span class='ocrx_word' id='word_1_184' title='bbox 2295 1210 2563 1279; x_wconf 82' lang='grc' dir='ltr'>Χριστός·</span> <span class='ocrx_word' id='word_1_185' title='bbox 2628 1213 2717 1260; x_wconf 80' lang='grc' dir='ltr'><strong>καὶ</strong></span> <span class='ocrx_word' id='word_1_186' title='bbox 2756 1211 2962 1280; x_wconf 85' lang='grc' dir='ltr'>πάσχει</span> <span class='ocrx_word' id='word_1_187' title='bbox 3018 1212 3107 1282; x_wconf 72' lang='grc' dir='ltr'><strong>μὲν</strong></span> <span class='ocrx_word' id='word_1_188' title='bbox 3165 1209 3497 1285; x_wconf 77' lang='grc' dir='ltr'><strong>ἀνθρωπίνως</strong></span> <span class='ocrx_word' id='word_1_189' title='bbox 3554 1220 3728 1289; x_wconf 83' lang='grc' dir='ltr'>σαρκὶ,</span> <span class='ocrx_word' id='word_1_190' title='bbox 3761 1220 3979 1269; x_wconf 67' lang='grc' dir='ltr'>καθὸδ</span> 
     </span>
    </p>
   </div>
   <div class='ocr_carea' id='block_1_26' title="bbox 2293 1294 3912 1368">
    <p class='ocr_par' dir='ltr' id='par_1_26' title="bbox 2293 1294 3912 1368">
     <span class='ocr_line' id='line_1_26' title="bbox 2293 1294 3912 1368; baseline 0.008 -24"><span class='ocrx_word' id='word_1_191' title='bbox 2293 1294 2588 1368; x_wconf 77' lang='grc' dir='ltr'>ἄνθρωπος·</span> <span class='ocrx_word' id='word_1_192' title='bbox 2626 1294 2830 1359; x_wconf 78' lang='grc' dir='ltr'>ἀπαθὴς</span> <span class='ocrx_word' id='word_1_193' title='bbox 2863 1294 2922 1350; x_wconf 83' lang='grc' dir='ltr'><strong>δέ</strong></span> <span class='ocrx_word' id='word_1_194' title='bbox 2951 1297 3063 1349; x_wconf 81' lang='grc' dir='ltr'>ἐστι</span> <span class='ocrx_word' id='word_1_195' title='bbox 3091 1301 3291 1363; x_wconf 83' lang='grc' dir='ltr'>θεῑκῶς,</span> <span class='ocrx_word' id='word_1_196' title='bbox 3325 1304 3393 1363; x_wconf 81' lang='grc' dir='ltr'><strong>ὡς</strong></span> <span class='ocrx_word' id='word_1_197' title='bbox 3424 1307 3575 1365; x_wconf 83' lang='grc' dir='ltr'>Θεός.</span> <span class='ocrx_word' id='word_1_198' title='bbox 3603 1303 3712 1355; x_wconf 85' lang='grc' dir='ltr'>Ούκ</span> <span class='ocrx_word' id='word_1_199' title='bbox 3743 1304 3912 1367; x_wconf 60' lang='grc' dir='ltr'>ἄλλος</span> 
     </span>
    </p>
   </div>
   <div class='ocr_carea' id='block_1_27' title="bbox 2293 1377 3908 1465">
    <p class='ocr_par' dir='ltr' id='par_1_27' title="bbox 2293 1377 3908 1465">
     <span class='ocr_line' id='line_1_27' title="bbox 2293 1377 3908 1465; baseline 0.007 -31"><span class='ocrx_word' id='word_1_200' title='bbox 2293 1377 2352 1434; x_wconf 81' lang='grc' dir='ltr'><strong>δέ</strong></span> <span class='ocrx_word' id='word_1_201' title='bbox 2396 1382 2508 1435; x_wconf 85' lang='grc' dir='ltr'>ἐστι</span> <span class='ocrx_word' id='word_1_202' title='bbox 2537 1390 2627 1437; x_wconf 82' lang='grc' dir='ltr'>καὶ</span> <span class='ocrx_word' id='word_1_203' title='bbox 2658 1384 2809 1447; x_wconf 80' lang='grc' dir='ltr'>ἄλλος</span> <span class='ocrx_word' id='word_1_204' title='bbox 2872 1390 2941 1448; x_wconf 83' lang='grc' dir='ltr'><strong>ως</strong></span> <span class='ocrx_word' id='word_1_205' title='bbox 2989 1387 3233 1445; x_wconf 63' lang='grc' dir='ltr'>ηϐοᾶλετο</span> <span class='ocrx_word' id='word_1_206' title='bbox 3276 1395 3577 1465; x_wconf 66' lang='grc' dir='ltr'>Νεστόριος,</span> <span class='ocrx_word' id='word_1_207' title='bbox 3628 1394 3761 1444; x_wconf 76' lang='grc' dir='ltr'>οὕτω</span> <span class='ocrx_word' id='word_1_208' title='bbox 3798 1395 3908 1452; x_wconf 85' lang='grc' dir='ltr'>λη-</span> 
     </span>
    </p>
   </div>
   <div class='ocr_carea' id='block_1_28' title="bbox 2289 1474 3906 1547">
    <p class='ocr_par' dir='ltr' id='par_1_28' title="bbox 2289 1474 3906 1547">
     <span class='ocr_line' id='line_1_28' title="bbox 2289 1474 3906 1547; baseline 0.008 -25"><span class='ocrx_word' id='word_1_209' title='bbox 2289 1481 2389 1542; x_wconf 83' lang='grc' dir='ltr'>ρὼν</span> <span class='ocrx_word' id='word_1_210' title='bbox 2414 1489 2425 1501; x_wconf 91' lang='grc'><strong>·</strong></span> <span class='ocrx_word' id='word_1_211' title='bbox 2462 1474 2487 1523; x_wconf 89' lang='grc' dir='ltr'><strong>ό</strong></span> <span class='ocrx_word' id='word_1_212' title='bbox 2518 1480 2608 1544; x_wconf 78' lang='grc' dir='ltr'><strong>μὲν</strong></span> <span class='ocrx_word' id='word_1_213' title='bbox 2656 1477 2836 1527; x_wconf 81' lang='grc' dir='ltr'>παθεῖν</span> <span class='ocrx_word' id='word_1_214' title='bbox 2884 1482 3119 1547; x_wconf 72' lang='grc' dir='ltr'>πεφυκὼς</span> <span class='ocrx_word' id='word_1_215' title='bbox 3149 1480 3352 1547; x_wconf 75' lang='grc' dir='ltr'>ἔπαθεν,</span> <span class='ocrx_word' id='word_1_216' title='bbox 3384 1480 3410 1531; x_wconf 89' lang='grc' dir='ltr'><strong><em>ὁ</em></strong></span> <span class='ocrx_word' id='word_1_217' title='bbox 3461 1476 3519 1532; x_wconf 77' lang='grc' dir='ltr'>δὲ</span> <span class='ocrx_word' id='word_1_218' title='bbox 3556 1479 3762 1542; x_wconf 76' lang='grc' dir='ltr'>ἀπαθὴς</span> <span class='ocrx_word' id='word_1_219' title='bbox 3796 1484 3906 1535; x_wconf 74' lang='grc' dir='ltr'>οὐκ</span> 
     </span>
    </p>
   </div>
   <div class='ocr_carea' id='block_1_29' title="bbox 524 1540 2163 1624">
    <p class='ocr_par' dir='ltr' id='par_1_29' title="bbox 524 1549 2157 1619">
     <span class='ocr_line' id='line_1_29' title="bbox 524 1549 2157 1619; baseline 0.006 -17"><span class='ocrx_word' id='word_1_220' title='bbox 524 1553 727 1602; x_wconf 88' lang='lat' dir='ltr'><strong>autem</strong></span> <span class='ocrx_word' id='word_1_221' title='bbox 755 1554 842 1603; x_wconf 88' lang='lat' dir='ltr'><strong>est</strong></span> <span class='ocrx_word' id='word_1_222' title='bbox 861 1549 1343 1619; x_wconf 84' lang='lat' dir='ltr'><strong>impassibilis.ut</strong></span> <span class='ocrx_word' id='word_1_223' title='bbox 1361 1557 1535 1607; x_wconf 86' lang='lat' dir='ltr'><strong>Deus.</strong></span> <span class='ocrx_word' id='word_1_224' title='bbox 1556 1558 1679 1609; x_wconf 84' lang='lat' dir='ltr'><strong>Non</strong></span> <span class='ocrx_word' id='word_1_225' title='bbox 1700 1555 1853 1611; x_wconf 90' lang='lat' dir='ltr'><strong>alius</strong></span> <span class='ocrx_word' id='word_1_226' title='bbox 1869 1563 2069 1612; x_wconf 87' lang='lat' dir='ltr'><strong>autem</strong></span> <span class='ocrx_word' id='word_1_227' title='bbox 2094 1574 2157 1614; x_wconf 91' lang='lat' dir='ltr'><strong>es</strong></span> 
     </span>
    </p>
   </div>
   <div class='ocr_carea' id='block_1_30' title="bbox 2277 1540 2743 1624">
    <p class='ocr_par' dir='ltr' id='par_1_30' title="bbox 2290 1563 2743 1624">
     <span class='ocr_line' id='line_1_30' title="bbox 2290 1563 2743 1624; baseline 0.011 -12"><span class='ocrx_word' id='word_1_228' title='bbox 2290 1563 2471 1613; x_wconf 79' lang='grc' dir='ltr'>ἔπαθεν</span> <span class='ocrx_word' id='word_1_229' title='bbox 2502 1564 2565 1621; x_wconf 81' lang='grc' dir='ltr'><strong>ως</strong></span> <span class='ocrx_word' id='word_1_230' title='bbox 2594 1569 2692 1615; x_wconf 82' lang='grc' dir='ltr'><strong>Θεό</strong></span> <span class='ocrx_word' id='word_1_231' title='bbox 2703 1584 2743 1624; x_wconf 86' lang='grc' dir='ltr'>ς.</span> 
     </span>
    </p>
   </div>
   <div class='ocr_carea' id='block_1_31' title="bbox 525 1634 2176 1716">
    <p class='ocr_par' dir='ltr' id='par_1_31' title="bbox 525 1634 2176 1716">
     <span class='ocr_line' id='line_1_31' title="bbox 525 1634 2176 1716; baseline 0.008 -27"><span class='ocrx_word' id='word_1_232' title='bbox 525 1639 583 1689; x_wconf 88' lang='lat' dir='ltr'><strong>et</strong></span> <span class='ocrx_word' id='word_1_233' title='bbox 608 1634 776 1707; x_wconf 87' lang='lat' dir='ltr'><strong>alius,</strong></span> <span class='ocrx_word' id='word_1_234' title='bbox 808 1641 874 1691; x_wconf 91' lang='lat' dir='ltr'><strong>ut</strong></span> <span class='ocrx_word' id='word_1_235' title='bbox 908 1637 1148 1694; x_wconf 86' lang='lat' dir='ltr'><strong>volebat</strong></span> <span class='ocrx_word' id='word_1_236' title='bbox 1184 1641 1507 1708; x_wconf 86' lang='lat' dir='ltr'><strong>Nestorius,</strong></span> <span class='ocrx_word' id='word_1_237' title='bbox 1532 1642 1845 1716; x_wconf 84' lang='lat' dir='ltr'><strong>hucusque</strong></span> <span class='ocrx_word' id='word_1_238' title='bbox 1875 1645 2136 1702; x_wconf 83' lang='lat' dir='ltr'><strong>delirans</strong></span> <span class='ocrx_word' id='word_1_239' title='bbox 2161 1664 2176 1703; x_wconf 92' lang='lat'><strong>:</strong></span> 
     </span>
    </p>
   </div>
   <div class='ocr_carea' id='block_1_32' title="bbox 522 1723 3447 1811">
    <p class='ocr_par' dir='ltr' id='par_1_32' title="bbox 522 1723 3447 1811">
     <span class='ocr_line' id='line_1_32' title="bbox 522 1723 3447 1811; baseline 0.007 -33"><span class='ocrx_word' id='word_1_240' title='bbox 522 1723 626 1795; x_wconf 89' lang='lat' dir='ltr'><strong>qui</strong></span> <span class='ocrx_word' id='word_1_241' title='bbox 655 1723 733 1780; x_wconf 89' lang='lat' dir='ltr'><strong>ad</strong></span> <span class='ocrx_word' id='word_1_242' title='bbox 765 1725 1114 1797; x_wconf 88' lang='lat' dir='ltr'><strong>patiendum</strong></span> <span class='ocrx_word' id='word_1_243' title='bbox 1143 1734 1316 1783; x_wconf 88' lang='lat' dir='ltr'><strong>natus</strong></span> <span class='ocrx_word' id='word_1_244' title='bbox 1346 1736 1491 1799; x_wconf 88' lang='lat' dir='ltr'><strong>erat,</strong></span> <span class='ocrx_word' id='word_1_245' title='bbox 1519 1747 1738 1803; x_wconf 84' lang='lat' dir='ltr'><strong>passus</strong></span> <span class='ocrx_word' id='word_1_246' title='bbox 1760 1740 1881 1802; x_wconf 88' lang='lat' dir='ltr'><strong>est;</strong></span> <span class='ocrx_word' id='word_1_247' title='bbox 1925 1736 2026 1807; x_wconf 89' lang='lat' dir='ltr'><strong>qui</strong></span> <span class='ocrx_word' id='word_1_248' title='bbox 2057 1736 2445 1807; x_wconf 85' lang='lat' dir='ltr'><strong>impassibilis</strong></span> <span class='ocrx_word' id='word_1_249' title='bbox 2477 1743 2620 1810; x_wconf 88' lang='lat' dir='ltr'><strong>erat,</strong></span> <span class='ocrx_word' id='word_1_250' title='bbox 2651 1754 2773 1794; x_wconf 91' lang='lat' dir='ltr'><strong>non</strong></span> <span class='ocrx_word' id='word_1_251' title='bbox 2807 1755 3027 1811; x_wconf 83' lang='lat' dir='ltr'><strong>passus</strong></span> <span class='ocrx_word' id='word_1_252' title='bbox 3050 1746 3155 1808; x_wconf 89' lang='lat' dir='ltr'><strong>est,</strong></span> <span class='ocrx_word' id='word_1_253' title='bbox 3181 1747 3247 1798; x_wconf 87' lang='lat' dir='ltr'><strong>ut</strong></span> <span class='ocrx_word' id='word_1_254' title='bbox 3274 1745 3447 1799; x_wconf 91' lang='lat' dir='ltr'><strong>Deus.</strong></span> 
     </span>
    </p>
   </div>
   <div class='ocr_carea' id='block_1_33' title="bbox 528 1905 880 1921">
    <p class='ocr_par' dir='ltr' id='par_1_33' title="bbox 528 1905 880 1921">
     <span class='ocr_line' id='line_1_33' title="bbox 528 1905 880 1921; baseline 0.011 -4"><span class='ocrx_word' id='word_1_255' title='bbox 528 1905 880 1921; x_wconf 41' lang='grc' dir='ltr'><strong>ἡ</strong></span> 
     </span>
    </p>
   </div>
   <div class='ocr_carea' id='block_1_34' title="bbox 1293 1914 3896 1945">
    <p class='ocr_par' dir='ltr' id='par_1_34' title="bbox 1293 1914 3896 1945">
     <span class='ocr_line' id='line_1_34' title="bbox 1293 1914 3896 1945; baseline 0.008 -21"><span class='ocrx_word' id='word_1_256' title='bbox 1293 1914 3896 1945; x_wconf 81' lang='lat'><strong>——————________.________________________</strong></span> 
     </span>
    </p>
   </div>
   <div class='ocr_carea' id='block_1_35' title="bbox 1240 2105 3166 2256">
    <p class='ocr_par' dir='ltr' id='par_1_35' title="bbox 1240 2105 3166 2256">
     <span class='ocr_line' id='line_1_35' title="bbox 1240 2105 3166 2256; baseline 0.007 -13"><span class='ocrx_word' id='word_1_257' title='bbox 1240 2105 2003 2250; x_wconf 62' lang='lat' dir='ltr'><strong>NICETIE</strong></span> <span class='ocrx_word' id='word_1_258' title='bbox 2104 2112 3166 2256; x_wconf 73' lang='lat' dir='ltr'><strong>CHONIAT/E</strong></span> 
     </span>
    </p>
   </div>
   <div class='ocr_carea' id='block_1_36' title="bbox 2012 2385 2423 2441">
    <p class='ocr_par' dir='ltr' id='par_1_36' title="bbox 2012 2385 2423 2441">
     <span class='ocr_line' id='line_1_36' title="bbox 2012 2385 2423 2441; baseline 0 -3"><span class='ocrx_word' id='word_1_259' title='bbox 2012 2385 2094 2439; x_wconf 82' lang='lat' dir='ltr'><strong>EX</strong></span> <span class='ocrx_word' id='word_1_260' title='bbox 2135 2385 2339 2441; x_wconf 83' lang='lat' dir='ltr'><strong>LIBRO</strong></span> <span class='ocrx_word' id='word_1_261' title='bbox 2384 2386 2423 2438; x_wconf 89' lang='lat' dir='ltr'><strong>X</strong></span> 
     </span>
    </p>
   </div>
   <div class='ocr_carea' id='block_1_37' title="bbox 1050 2551 3343 2688">
    <p class='ocr_par' dir='ltr' id='par_1_37' title="bbox 1050 2551 3343 2688">
     <span class='ocr_line' id='line_1_37' title="bbox 1050 2551 3343 2688; baseline 0.009 -21"><span class='ocrx_word' id='word_1_262' title='bbox 1050 2551 1795 2675; x_wconf 79' lang='lat' dir='ltr'><strong>THESAUBI</strong></span> <span class='ocrx_word' id='word_1_263' title='bbox 1876 2557 2826 2685; x_wconf 75' lang='lat' dir='ltr'><strong>OitTHODOX/E</strong></span> <span class='ocrx_word' id='word_1_264' title='bbox 2907 2567 3031 2684; x_wconf 89' lang='lat' dir='ltr'><strong>Fl</strong></span> <span class='ocrx_word' id='word_1_265' title='bbox 3059 2569 3343 2688; x_wconf 71' lang='lat' dir='ltr'><strong>DEI.</strong></span> 
     </span>
    </p>
   </div>
   <div class='ocr_carea' id='block_1_38' title="bbox 517 3017 2163 3114">
    <p class='ocr_par' dir='ltr' id='par_1_38' title="bbox 517 3017 2162 3100">
     <span class='ocr_line' id='line_1_38' title="bbox 517 3017 2162 3100; baseline 0.009 -29"><span class='ocrx_word' id='word_1_266' title='bbox 517 3017 604 3072; x_wconf 85' lang='lat' dir='ltr'><strong>De</strong></span> <span class='ocrx_word' id='word_1_267' title='bbox 626 3018 839 3088; x_wconf 79' lang='lat' dir='ltr'><strong>quinta</strong></span> <span class='ocrx_word' id='word_1_268' title='bbox 866 3020 1115 3089; x_wconf 83' lang='lat' dir='ltr'><strong>synodo,</strong></span> <span class='ocrx_word' id='word_1_269' title='bbox 1148 3038 1279 3092; x_wconf 62' lang='lat' dir='ltr'><strong>quae</strong></span> <span class='ocrx_word' id='word_1_270' title='bbox 1310 3033 1585 3093; x_wconf 83' lang='lat' dir='ltr'><strong>quartam</strong></span> <span class='ocrx_word' id='word_1_271' title='bbox 1618 3029 1912 3096; x_wconf 84' lang='lat' dir='ltr'><strong>synodum</strong></span> <span class='ocrx_word' id='word_1_272' title='bbox 1943 3033 2162 3100; x_wconf 75' lang='lat' dir='ltr'><strong>conﬁr-</strong></span> 
     </span>
    </p>
   </div>
   <div class='ocr_carea' id='block_1_39' title="bbox 2277 3017 3882 3114">
    <p class='ocr_par' dir='ltr' id='par_1_39' title="bbox 2278 3034 3882 3114">
     <span class='ocr_line' id='line_1_39' title="bbox 2278 3034 3882 3114; baseline 0.004 -28"><span class='ocrx_word' id='word_1_273' title='bbox 2278 3040 2400 3108; x_wconf 82' lang='grc' dir='ltr'>Περι</span> <span class='ocrx_word' id='word_1_274' title='bbox 2425 3043 2519 3096; x_wconf 80' lang='grc' dir='ltr'>τῆς</span> <span class='ocrx_word' id='word_1_275' title='bbox 2543 3040 2785 3108; x_wconf 83' lang='grc' dir='ltr'>πέμπτης</span> <span class='ocrx_word' id='word_1_276' title='bbox 2818 3034 3064 3104; x_wconf 81' lang='grc' dir='ltr'>συνόδου,</span> <span class='ocrx_word' id='word_1_277' title='bbox 3095 3040 3212 3100; x_wconf 77' lang='grc' dir='ltr'>ἣτις</span> <span class='ocrx_word' id='word_1_278' title='bbox 3240 3043 3332 3097; x_wconf 83' lang='grc' dir='ltr'>τὴν</span> <span class='ocrx_word' id='word_1_279' title='bbox 3369 3041 3619 3114; x_wconf 75' lang='grc' dir='ltr'><strong>τετάρτην</strong></span> <span class='ocrx_word' id='word_1_280' title='bbox 3652 3038 3882 3093; x_wconf 78' lang='grc' dir='ltr'>σύνοδον</span> 
     </span>
    </p>
   </div>
   <div class='ocr_carea' id='block_1_40' title="bbox 586 3107 2166 3187">
    <p class='ocr_par' dir='ltr' id='par_1_40' title="bbox 586 3107 2166 3187">
     <span class='ocr_line' id='line_1_40' title="bbox 586 3107 2166 3187; baseline 0.01 -27"><span class='ocrx_word' id='word_1_281' title='bbox 586 3107 773 3161; x_wconf 75' lang='lat' dir='ltr'><strong>mavit</strong></span> <span class='ocrx_word' id='word_1_282' title='bbox 800 3112 854 3163; x_wconf 89' lang='lat' dir='ltr'><strong>et</strong></span> <span class='ocrx_word' id='word_1_283' title='bbox 885 3108 1198 3180; x_wconf 76' lang='lat' dir='ltr'><strong>stabilivit,</strong></span> <span class='ocrx_word' id='word_1_284' title='bbox 1227 3121 1553 3170; x_wconf 84' lang='lat' dir='ltr'><strong>convocata</strong></span> <span class='ocrx_word' id='word_1_285' title='bbox 1572 3117 1682 3172; x_wconf 83' lang='lat' dir='ltr'><strong>sub</strong></span> <span class='ocrx_word' id='word_1_286' title='bbox 1707 3118 1955 3187; x_wconf 77' lang='lat' dir='ltr'><strong>imperio</strong></span> <span class='ocrx_word' id='word_1_287' title='bbox 1984 3122 2166 3177; x_wconf 82' lang='lat' dir='ltr'><strong>Justi-</strong></span> 
     </span>
    </p>
   </div>
   <div class='ocr_carea' id='block_1_41' title="bbox 585 3197 777 3251">
    <p class='ocr_par' dir='ltr' id='par_1_41' title="bbox 585 3197 777 3251">
     <span class='ocr_line' id='line_1_41' title="bbox 585 3197 777 3251; baseline 0 -2"><span class='ocrx_word' id='word_1_288' title='bbox 585 3197 777 3251; x_wconf 84' lang='lat' dir='ltr'><strong>m’am’.</strong></span> 
     </span>
    </p>
   </div>
   <div class='ocr_carea' id='block_1_42' title="bbox 591 3319 2163 3403">
    <p class='ocr_par' dir='ltr' id='par_1_42' title="bbox 591 3319 2163 3403">
     <span class='ocr_line' id='line_1_42' title="bbox 591 3319 2163 3403; baseline 0.013 -30"><span class='ocrx_word' id='word_1_289' title='bbox 591 3324 640 3374; x_wconf 78' lang='grc'><strong>1.</strong></span> <span class='ocrx_word' id='word_1_290' title='bbox 682 3319 760 3374; x_wconf 91' lang='lat' dir='ltr'><strong>De</strong></span> <span class='ocrx_word' id='word_1_291' title='bbox 782 3320 876 3376; x_wconf 89' lang='lat' dir='ltr'><strong>his</strong></span> <span class='ocrx_word' id='word_1_292' title='bbox 896 3337 1031 3393; x_wconf 67' lang='lat' dir='ltr'><strong>quae</strong></span> <span class='ocrx_word' id='word_1_293' title='bbox 1063 3332 1390 3383; x_wconf 79' lang='lat' dir='ltr'><strong>evenerunt</strong></span> <span class='ocrx_word' id='word_1_294' title='bbox 1419 3331 1619 3386; x_wconf 78' lang='lat' dir='ltr'><strong>statim</strong></span> <span class='ocrx_word' id='word_1_295' title='bbox 1657 3338 1793 3403; x_wconf 89' lang='lat' dir='ltr'><strong>post</strong></span> <span class='ocrx_word' id='word_1_296' title='bbox 1814 3334 2075 3392; x_wconf 89' lang='lat' dir='ltr'><strong>Dioscori</strong></span> <span class='ocrx_word' id='word_1_297' title='bbox 2108 3341 2163 3394; x_wconf 89' lang='lat' dir='ltr'><strong>et</strong></span> 
     </span>
    </p>
   </div>
   <div class='ocr_carea' id='block_1_43' title="bbox 515 3407 2161 3497">
    <p class='ocr_par' dir='ltr' id='par_1_43' title="bbox 515 3407 2161 3497">
     <span class='ocr_line' id='line_1_43' title="bbox 515 3407 2161 3497; baseline 0.013 -35"><span class='ocrx_word' id='word_1_298' title='bbox 515 3407 798 3497; x_wconf 78' lang='lat' dir='ltr'><strong>Eutychis</strong></span> <span class='ocrx_word' id='word_1_299' title='bbox 831 3408 1269 3481; x_wconf 89' lang='lat' dir='ltr'><strong>depositionem</strong></span> <span class='ocrx_word' id='word_1_300' title='bbox 1308 3420 1365 3471; x_wconf 88' lang='lat' dir='ltr'><strong>et</strong></span> <span class='ocrx_word' id='word_1_301' title='bbox 1398 3423 1535 3488; x_wconf 88' lang='lat' dir='ltr'><strong>post</strong></span> <span class='ocrx_word' id='word_1_302' title='bbox 1577 3418 1793 3476; x_wconf 90' lang='lat' dir='ltr'><strong>lectam</strong></span> <span class='ocrx_word' id='word_1_303' title='bbox 1825 3423 1886 3478; x_wconf 92' lang='lat' dir='ltr'><strong>in</strong></span> <span class='ocrx_word' id='word_1_304' title='bbox 1926 3426 2161 3497; x_wconf 84' lang='lat' dir='ltr'><strong>synodo</strong></span> 
     </span>
    </p>
   </div>
   <div class='ocr_carea' id='block_1_44' title="bbox 510 3494 2161 3588">
    <p class='ocr_par' dir='ltr' id='par_1_44' title="bbox 510 3494 2161 3588">
     <span class='ocr_line' id='line_1_44' title="bbox 510 3494 2161 3588; baseline 0.012 -37"><span class='ocrx_word' id='word_1_305' title='bbox 510 3499 568 3551; x_wconf 84' lang='lat' dir='ltr'><strong>et</strong></span> <span class='ocrx_word' id='word_1_306' title='bbox 598 3494 880 3553; x_wconf 88' lang='lat' dir='ltr'><strong>traditam</strong></span> <span class='ocrx_word' id='word_1_307' title='bbox 900 3500 1260 3556; x_wconf 88' lang='lat' dir='ltr'><strong>sanctissimi</strong></span> <span class='ocrx_word' id='word_1_308' title='bbox 1287 3519 1460 3576; x_wconf 70' lang='lat' dir='ltr'><strong>papae</strong></span> <span class='ocrx_word' id='word_1_309' title='bbox 1488 3509 1740 3564; x_wconf 80' lang='lat' dir='ltr'><strong>Romani</strong></span> <span class='ocrx_word' id='word_1_310' title='bbox 1788 3494 1993 3569; x_wconf 84' lang='lat' dir='ltr'><strong>Leonis</strong></span> <span class='ocrx_word' id='word_1_311' title='bbox 2041 3516 2161 3588; x_wconf 89' lang='lat' dir='ltr'><strong>epi-</strong></span> 
     </span>
    </p>
   </div>
   <div class='ocr_carea' id='block_1_45' title="bbox 510 3583 2160 3675">
    <p class='ocr_par' dir='ltr' id='par_1_45' title="bbox 510 3583 2160 3675">
     <span class='ocr_line' id='line_1_45' title="bbox 510 3583 2160 3675; baseline 0.013 -35"><span class='ocrx_word' id='word_1_312' title='bbox 510 3583 754 3642; x_wconf 87' lang='lat' dir='ltr'><strong>stolam.</strong></span> <span class='ocrx_word' id='word_1_313' title='bbox 803 3585 1306 3645; x_wconf 90' lang='lat' dir='ltr'><strong>Chalcedoneusis</strong></span> <span class='ocrx_word' id='word_1_314' title='bbox 1354 3610 1526 3650; x_wconf 88' lang='lat' dir='ltr'><strong>sacra</strong></span> <span class='ocrx_word' id='word_1_315' title='bbox 1581 3602 1639 3652; x_wconf 93' lang='lat' dir='ltr'><strong>et</strong></span> <span class='ocrx_word' id='word_1_316' title='bbox 1692 3598 1898 3656; x_wconf 87' lang='lat' dir='ltr'><strong>divina</strong></span> <span class='ocrx_word' id='word_1_317' title='bbox 1944 3583 2160 3675; x_wconf 77' lang='lat' dir='ltr'><strong>quarta</strong></span> 
     </span>
    </p>
   </div>
   <div class='ocr_carea' id='block_1_46' title="bbox 509 3673 2158 3750">
    <p class='ocr_par' dir='ltr' id='par_1_46' title="bbox 509 3673 2158 3750">
     <span class='ocr_line' id='line_1_46' title="bbox 509 3673 2158 3750; baseline 0.014 -23"><span class='ocrx_word' id='word_1_318' title='bbox 509 3673 783 3744; x_wconf 81' lang='lat' dir='ltr'><strong>synodus</strong></span> <span class='ocrx_word' id='word_1_319' title='bbox 832 3675 1083 3732; x_wconf 81' lang='lat' dir='ltr'><strong>sancivit</strong></span> <span class='ocrx_word' id='word_1_320' title='bbox 1121 3694 1186 3733; x_wconf 92' lang='lat' dir='ltr'><strong>se</strong></span> <span class='ocrx_word' id='word_1_321' title='bbox 1240 3679 1322 3736; x_wconf 89' lang='lat' dir='ltr'><strong>ita</strong></span> <span class='ocrx_word' id='word_1_322' title='bbox 1360 3683 1599 3739; x_wconf 82' lang='lat' dir='ltr'><strong>credere</strong></span> <span class='ocrx_word' id='word_1_323' title='bbox 1643 3691 1700 3742; x_wconf 90' lang='lat' dir='ltr'><strong>et</strong></span> <span class='ocrx_word' id='word_1_324' title='bbox 1755 3673 2021 3747; x_wconf 77' lang='lat' dir='ltr'><strong>conﬁteri</strong></span> <span class='ocrx_word' id='word_1_325' title='bbox 2050 3696 2158 3750; x_wconf 91' lang='lat' dir='ltr'><strong>Do-</strong></span> 
     </span>
    </p>
   </div>
   <div class='ocr_carea' id='block_1_47' title="bbox 508 3761 2157 3837">
    <p class='ocr_par' dir='ltr' id='par_1_47' title="bbox 508 3761 2157 3837">
     <span class='ocr_line' id='line_1_47' title="bbox 508 3761 2157 3837; baseline 0.015 -23"><span class='ocrx_word' id='word_1_326' title='bbox 508 3761 740 3816; x_wconf 88' lang='lat' dir='ltr'><strong>minum</strong></span> <span class='ocrx_word' id='word_1_327' title='bbox 794 3768 1066 3820; x_wconf 89' lang='lat' dir='ltr'><strong>nostrum</strong></span> <span class='ocrx_word' id='word_1_328' title='bbox 1119 3768 1320 3823; x_wconf 85' lang='lat' dir='ltr'><strong>Jesum</strong></span> <span class='ocrx_word' id='word_1_329' title='bbox 1362 3770 1665 3828; x_wconf 88' lang='lat' dir='ltr'><strong>Christum</strong></span> <span class='ocrx_word' id='word_1_330' title='bbox 1722 3774 1783 3830; x_wconf 91' lang='lat' dir='ltr'><strong>in</strong></span> <span class='ocrx_word' id='word_1_331' title='bbox 1847 3780 2157 3837; x_wconf 89' lang='lat' dir='ltr'><strong>Divinitate</strong></span> 
     </span>
    </p>
   </div>
   <div class='ocr_carea' id='block_1_48' title="bbox 505 3849 2157 3933">
    <p class='ocr_par' dir='ltr' id='par_1_48' title="bbox 505 3849 2157 3933">
     <span class='ocr_line' id='line_1_48' title="bbox 505 3849 2157 3933; baseline 0.014 -30"><span class='ocrx_word' id='word_1_332' title='bbox 505 3849 838 3921; x_wconf 84' lang='lat' dir='ltr'><strong>perfectum</strong></span> <span class='ocrx_word' id='word_1_333' title='bbox 866 3857 923 3907; x_wconf 92' lang='lat' dir='ltr'><strong>et</strong></span> <span class='ocrx_word' id='word_1_334' title='bbox 950 3853 1012 3908; x_wconf 92' lang='lat' dir='ltr'><strong>in</strong></span> <span class='ocrx_word' id='word_1_335' title='bbox 1050 3854 1423 3914; x_wconf 88' lang='lat' dir='ltr'><strong>humanitate</strong></span> <span class='ocrx_word' id='word_1_336' title='bbox 1453 3860 1803 3933; x_wconf 83' lang='lat' dir='ltr'><strong>perfectum,</strong></span> <span class='ocrx_word' id='word_1_337' title='bbox 1826 3867 1887 3921; x_wconf 89' lang='lat' dir='ltr'><strong>in</strong></span> <span class='ocrx_word' id='word_1_338' title='bbox 1919 3868 2157 3926; x_wconf 90' lang='lat' dir='ltr'><strong>duabus</strong></span> 
     </span>
    </p>
   </div>
   <div class='ocr_carea' id='block_1_49' title="bbox 504 3939 2155 4023">
    <p class='ocr_par' dir='ltr' id='par_1_49' title="bbox 504 3939 2155 4023">
     <span class='ocr_line' id='line_1_49' title="bbox 504 3939 2155 4023; baseline 0.013 -30"><span class='ocrx_word' id='word_1_339' title='bbox 504 3939 733 3994; x_wconf 88' lang='lat' dir='ltr'><strong>naturis</strong></span> <span class='ocrx_word' id='word_1_340' title='bbox 758 3942 1064 4009; x_wconf 78' lang='lat' dir='ltr'><strong>cognitum</strong></span> <span class='ocrx_word' id='word_1_341' title='bbox 1100 3942 1414 4002; x_wconf 85' lang='lat' dir='ltr'><strong>inconfuse</strong></span> <span class='ocrx_word' id='word_1_342' title='bbox 1469 3954 1525 4005; x_wconf 88' lang='lat' dir='ltr'><strong>et</strong></span> <span class='ocrx_word' id='word_1_343' title='bbox 1579 3952 1852 4023; x_wconf 87' lang='lat' dir='ltr'><strong>indivise,</strong></span> <span class='ocrx_word' id='word_1_344' title='bbox 1886 3963 1940 4012; x_wconf 88' lang='lat' dir='ltr'><strong>et</strong></span> <span class='ocrx_word' id='word_1_345' title='bbox 1966 3974 2155 4016; x_wconf 89' lang='lat' dir='ltr'><strong>unum</strong></span> 
     </span>
    </p>
   </div>
   <div class='ocr_carea' id='block_1_50' title="bbox 504 4029 2152 4114">
    <p class='ocr_par' dir='ltr' id='par_1_50' title="bbox 504 4029 2152 4114">
     <span class='ocr_line' id='line_1_50' title="bbox 504 4029 2152 4114; baseline 0.013 -31"><span class='ocrx_word' id='word_1_346' title='bbox 504 4029 788 4084; x_wconf 90' lang='lat' dir='ltr'><strong>eumdem</strong></span> <span class='ocrx_word' id='word_1_347' title='bbox 839 4029 1049 4087; x_wconf 90' lang='lat' dir='ltr'><strong>Filium</strong></span> <span class='ocrx_word' id='word_1_348' title='bbox 1096 4032 1363 4091; x_wconf 84' lang='lat' dir='ltr'><strong>conﬁteri</strong></span> <span class='ocrx_word' id='word_1_349' title='bbox 1395 4043 1459 4093; x_wconf 89' lang='lat' dir='ltr'><strong>ut</strong></span> <span class='ocrx_word' id='word_1_350' title='bbox 1489 4044 1626 4094; x_wconf 90' lang='lat' dir='ltr'><strong>ante</strong></span> <span class='ocrx_word' id='word_1_351' title='bbox 1656 4041 2152 4114; x_wconf 87' lang='lat' dir='ltr'><strong>incarnationem,</strong></span> 
     </span>
    </p>
   </div>
   <div class='ocr_carea' id='block_1_51' title="bbox 503 4116 2155 4194">
    <p class='ocr_par' dir='ltr' id='par_1_51' title="bbox 503 4116 2155 4194">
     <span class='ocr_line' id='line_1_51' title="bbox 503 4116 2155 4194; baseline 0.015 -25"><span class='ocrx_word' id='word_1_352' title='bbox 503 4116 587 4171; x_wconf 90' lang='lat' dir='ltr'><strong>sic</strong></span> <span class='ocrx_word' id='word_1_353' title='bbox 640 4122 778 4188; x_wconf 93' lang='lat' dir='ltr'><strong>post</strong></span> <span class='ocrx_word' id='word_1_354' title='bbox 835 4118 1331 4179; x_wconf 66' lang='lat' dir='ltr'><strong>incarnationem.</strong></span> <span class='ocrx_word' id='word_1_355' title='bbox 1402 4128 1758 4185; x_wconf 84' lang='lat' dir='ltr'><strong>Naturarum</strong></span> <span class='ocrx_word' id='word_1_356' title='bbox 1823 4133 2155 4194; x_wconf 73' lang='lat' dir='ltr'><strong>differentia</strong></span> 
     </span>
    </p>
   </div>
   <div class='ocr_carea' id='block_1_52' title="bbox 503 4204 2152 4297">
    <p class='ocr_par' dir='ltr' id='par_1_52' title="bbox 503 4204 2152 4297">
     <span class='ocr_line' id='line_1_52' title="bbox 503 4204 2152 4297; baseline 0.016 -41"><span class='ocrx_word' id='word_1_357' title='bbox 503 4204 749 4259; x_wconf 85' lang='lat' dir='ltr'><strong>minime</strong></span> <span class='ocrx_word' id='word_1_358' title='bbox 778 4211 915 4275; x_wconf 89' lang='lat' dir='ltr'><strong>post</strong></span> <span class='ocrx_word' id='word_1_359' title='bbox 943 4208 1229 4265; x_wconf 91' lang='lat' dir='ltr'><strong>unionem</strong></span> <span class='ocrx_word' id='word_1_360' title='bbox 1254 4212 1511 4284; x_wconf 88' lang='lat' dir='ltr'><strong>sublata,</strong></span> <span class='ocrx_word' id='word_1_361' title='bbox 1546 4225 1781 4276; x_wconf 83' lang='lat' dir='ltr'><strong>servata</strong></span> <span class='ocrx_word' id='word_1_362' title='bbox 1820 4228 2023 4279; x_wconf 88' lang='lat' dir='ltr'><strong>autem</strong></span> <span class='ocrx_word' id='word_1_363' title='bbox 2051 4241 2152 4297; x_wconf 91' lang='lat' dir='ltr'><strong>po-</strong></span> 
     </span>
    </p>
   </div>
   <div class='ocr_carea' id='block_1_53' title="bbox 501 4290 2152 4375">
    <p class='ocr_par' dir='ltr' id='par_1_53' title="bbox 501 4290 2152 4375">
     <span class='ocr_line' id='line_1_53' title="bbox 501 4290 2152 4375; baseline 0.015 -29"><span class='ocrx_word' id='word_1_364' title='bbox 501 4290 618 4346; x_wconf 88' lang='lat' dir='ltr'><strong>tius</strong></span> <span class='ocrx_word' id='word_1_365' title='bbox 643 4296 701 4347; x_wconf 90' lang='lat' dir='ltr'><strong>et</strong></span> <span class='ocrx_word' id='word_1_366' title='bbox 745 4303 1135 4352; x_wconf 89' lang='lat' dir='ltr'><strong>concurrente</strong></span> <span class='ocrx_word' id='word_1_367' title='bbox 1184 4299 1243 4354; x_wconf 88' lang='lat' dir='ltr'><strong>in</strong></span> <span class='ocrx_word' id='word_1_368' title='bbox 1290 4317 1475 4358; x_wconf 88' lang='lat' dir='ltr'><strong>unam</strong></span> <span class='ocrx_word' id='word_1_369' title='bbox 1517 4321 1840 4375; x_wconf 89' lang='lat' dir='ltr'><strong>personam</strong></span> <span class='ocrx_word' id='word_1_370' title='bbox 1872 4317 1928 4366; x_wconf 84' lang='lat' dir='ltr'><strong>et</strong></span> <span class='ocrx_word' id='word_1_371' title='bbox 1969 4290 2152 4371; x_wconf 74' lang='lat' dir='ltr'><strong>unam</strong></span> 
     </span>
    </p>
   </div>
   <div class='ocr_carea' id='block_1_54' title="bbox 2344 3122 3882 3201">
    <p class='ocr_par' dir='ltr' id='par_1_54' title="bbox 2344 3122 3882 3201">
     <span class='ocr_line' id='line_1_54' title="bbox 2344 3122 3882 3201; baseline 0.005 -27"><span class='ocrx_word' id='word_1_372' title='bbox 2344 3122 2634 3196; x_wconf 78' lang='grc' dir='ltr'>ἐπεκύρωσε</span> <span class='ocrx_word' id='word_1_373' title='bbox 2694 3130 2783 3177; x_wconf 81' lang='grc' dir='ltr'>καὶ</span> <span class='ocrx_word' id='word_1_374' title='bbox 2838 3128 3100 3198; x_wconf 82' lang='grc' dir='ltr'>ἐκράτυνε,</span> <span class='ocrx_word' id='word_1_375' title='bbox 3165 3129 3588 3201; x_wconf 74' lang='grc' dir='ltr'>συγκροτηθεῑσα</span> <span class='ocrx_word' id='word_1_376' title='bbox 3638 3127 3721 3181; x_wconf 78' lang='grc' dir='ltr'><strong>ἐπὶ</strong></span> <span class='ocrx_word' id='word_1_377' title='bbox 3776 3137 3882 3192; x_wconf 80' lang='grc' dir='ltr'>τῆς</span> 
     </span>
    </p>
   </div>
   <div class='ocr_carea' id='block_1_55' title="bbox 2346 3211 3047 3286">
    <p class='ocr_par' dir='ltr' id='par_1_55' title="bbox 2346 3211 3047 3286">
     <span class='ocr_line' id='line_1_55' title="bbox 2346 3211 3047 3286; baseline 0.006 -22"><span class='ocrx_word' id='word_1_378' title='bbox 2346 3211 2619 3286; x_wconf 76' lang='grc' dir='ltr'>βασιλείας</span> <span class='ocrx_word' id='word_1_379' title='bbox 2656 3214 3047 3269; x_wconf 79' lang='grc' dir='ltr'>Ἰουστινιανού.</span> 
     </span>
    </p>
   </div>
   <div class='ocr_carea' id='block_1_56' title="bbox 2342 3335 3883 3411">
    <p class='ocr_par' dir='ltr' id='par_1_56' title="bbox 2342 3335 3883 3411">
     <span class='ocr_line' id='line_1_56' title="bbox 2342 3335 3883 3411; baseline 0.003 -22"><span class='ocrx_word' id='word_1_380' title='bbox 2342 3335 2405 3389; x_wconf 86' lang='grc' dir='ltr'><strong>α’.</strong></span> <span class='ocrx_word' id='word_1_381' title='bbox 2440 3343 2562 3410; x_wconf 87' lang='grc' dir='ltr'><strong>Περὶ</strong></span> <span class='ocrx_word' id='word_1_382' title='bbox 2595 3346 2696 3389; x_wconf 78' lang='grc' dir='ltr'>τῶν</span> <span class='ocrx_word' id='word_1_383' title='bbox 2730 3337 3035 3410; x_wconf 73' lang='grc' dir='ltr'>συμϐάντων</span> <span class='ocrx_word' id='word_1_384' title='bbox 3066 3341 3198 3411; x_wconf 83' lang='grc' dir='ltr'><strong>μετὰ</strong></span> <span class='ocrx_word' id='word_1_385' title='bbox 3233 3343 3325 3397; x_wconf 76' lang='grc' dir='ltr'><strong>την</strong></span> <span class='ocrx_word' id='word_1_386' title='bbox 3350 3341 3654 3411; x_wconf 84' lang='grc' dir='ltr'>καθαίρεσιν</span> <span class='ocrx_word' id='word_1_387' title='bbox 3681 3340 3883 3393; x_wconf 69' lang='grc' dir='ltr'>αὐτίκα</span> 
     </span>
    </p>
   </div>
   <div class='ocr_carea' id='block_1_57' title="bbox 2269 3426 3876 3501">
    <p class='ocr_par' dir='ltr' id='par_1_57' title="bbox 2269 3426 3876 3501">
     <span class='ocr_line' id='line_1_57' title="bbox 2269 3426 3876 3501; baseline 0.002 -23"><span class='ocrx_word' id='word_1_388' title='bbox 2269 3435 2361 3478; x_wconf 76' lang='grc' dir='ltr'>τοῦ</span> <span class='ocrx_word' id='word_1_389' title='bbox 2393 3433 2675 3501; x_wconf 84' lang='grc' dir='ltr'>Διοσκόρου</span> <span class='ocrx_word' id='word_1_390' title='bbox 2733 3433 2823 3479; x_wconf 85' lang='grc' dir='ltr'><strong>καὶ</strong></span> <span class='ocrx_word' id='word_1_391' title='bbox 2884 3427 3158 3498; x_wconf 78' lang='grc' dir='ltr'>Εύτυχοῡς</span> <span class='ocrx_word' id='word_1_392' title='bbox 3202 3432 3292 3480; x_wconf 84' lang='grc' dir='ltr'><strong>καὶ</strong></span> <span class='ocrx_word' id='word_1_393' title='bbox 3339 3433 3432 3486; x_wconf 80' lang='grc' dir='ltr'><strong>την</strong></span> <span class='ocrx_word' id='word_1_394' title='bbox 3498 3428 3583 3481; x_wconf 83' lang='grc' dir='ltr'><strong>ἐπὶ</strong></span> <span class='ocrx_word' id='word_1_395' title='bbox 3641 3426 3876 3483; x_wconf 78' lang='grc' dir='ltr'><strong>συνόδου</strong></span> 
     </span>
    </p>
   </div>
   <div class='ocr_carea' id='block_1_58' title="bbox 2271 3513 3875 3590">
    <p class='ocr_par' dir='ltr' id='par_1_58' title="bbox 2271 3513 3875 3590">
     <span class='ocr_line' id='line_1_58' title="bbox 2271 3513 3875 3590; baseline 0.002 -24"><span class='ocrx_word' id='word_1_396' title='bbox 2271 3514 2561 3587; x_wconf 75' lang='grc' dir='ltr'>ἀνάγνωσιν</span> <span class='ocrx_word' id='word_1_397' title='bbox 2583 3521 2672 3568; x_wconf 86' lang='grc' dir='ltr'><strong>καὶ</strong></span> <span class='ocrx_word' id='word_1_398' title='bbox 2693 3513 2992 3590; x_wconf 75' lang='grc' dir='ltr'>παράδοσιν</span> <span class='ocrx_word' id='word_1_399' title='bbox 3021 3524 3113 3576; x_wconf 81' lang='grc' dir='ltr'>τῆς</span> <span class='ocrx_word' id='word_1_400' title='bbox 3152 3514 3431 3577; x_wconf 82' lang='grc' dir='ltr'>ἐπιστολῆς</span> <span class='ocrx_word' id='word_1_401' title='bbox 3453 3525 3546 3568; x_wconf 78' lang='grc' dir='ltr'>τοῦ</span> <span class='ocrx_word' id='word_1_402' title='bbox 3571 3517 3875 3588; x_wconf 72' lang='grc' dir='ltr'>ἁγιωτάτου</span> 
     </span>
    </p>
   </div>
   <div class='ocr_carea' id='block_1_59' title="bbox 2268 3600 3878 3680">
    <p class='ocr_par' dir='ltr' id='par_1_59' title="bbox 2268 3600 3878 3680">
     <span class='ocr_line' id='line_1_59' title="bbox 2268 3600 3878 3680; baseline 0.002 -24"><span class='ocrx_word' id='word_1_403' title='bbox 2268 3606 2416 3656; x_wconf 81' lang='grc' dir='ltr'>πάπα</span> <span class='ocrx_word' id='word_1_404' title='bbox 2443 3604 2643 3676; x_wconf 77' lang='grc' dir='ltr'>Ῥώμης</span> <span class='ocrx_word' id='word_1_405' title='bbox 2698 3609 2930 3664; x_wconf 85' lang='grc' dir='ltr'>Λέοντος.</span> <span class='ocrx_word' id='word_1_406' title='bbox 2962 3604 3021 3657; x_wconf 69' lang='grc' dir='ltr'><strong>Ἠ</strong></span> <span class='ocrx_word' id='word_1_407' title='bbox 3065 3608 3154 3676; x_wconf 68' lang='grc' dir='ltr'>μὲν</span> <span class='ocrx_word' id='word_1_408' title='bbox 3192 3600 3280 3655; x_wconf 80' lang='grc' dir='ltr'>οὖν</span> <span class='ocrx_word' id='word_1_409' title='bbox 3319 3602 3368 3655; x_wconf 83' lang='grc' dir='ltr'>ἐν</span> <span class='ocrx_word' id='word_1_410' title='bbox 3419 3602 3722 3662; x_wconf 78' lang='grc' dir='ltr'>Χαλκηδόνι</span> <span class='ocrx_word' id='word_1_411' title='bbox 3753 3607 3878 3680; x_wconf 71' lang='grc' dir='ltr'>ἱερὰ</span> 
     </span>
    </p>
   </div>
   <div class='ocr_carea' id='block_1_60' title="bbox 2265 3690 3874 3767">
    <p class='ocr_par' dir='ltr' id='par_1_60' title="bbox 2265 3690 3874 3767">
     <span class='ocr_line' id='line_1_60' title="bbox 2265 3690 3874 3767; baseline 0.002 -24"><span class='ocrx_word' id='word_1_412' title='bbox 2265 3697 2355 3744; x_wconf 87' lang='grc' dir='ltr'>καὶ</span> <span class='ocrx_word' id='word_1_413' title='bbox 2388 3695 2500 3745; x_wconf 87' lang='grc' dir='ltr'>θεία</span> <span class='ocrx_word' id='word_1_414' title='bbox 2551 3697 2771 3767; x_wconf 78' lang='grc' dir='ltr'>τετάρτη</span> <span class='ocrx_word' id='word_1_415' title='bbox 2823 3690 3045 3754; x_wconf 85' lang='grc' dir='ltr'>σύνοδος</span> <span class='ocrx_word' id='word_1_416' title='bbox 3095 3696 3380 3765; x_wconf 87' lang='grc' dir='ltr'>κεκύρωκεν</span> <span class='ocrx_word' id='word_1_417' title='bbox 3438 3693 3571 3745; x_wconf 75' lang='grc' dir='ltr'>οὕτω</span> <span class='ocrx_word' id='word_1_418' title='bbox 3624 3690 3874 3756; x_wconf 74' lang='grc' dir='ltr'>δοξάζειν</span> 
     </span>
    </p>
   </div>
   <div class='ocr_carea' id='block_1_61' title="bbox 2265 3781 3874 3856">
    <p class='ocr_par' dir='ltr' id='par_1_61' title="bbox 2265 3781 3874 3856">
     <span class='ocr_line' id='line_1_61' title="bbox 2265 3781 3874 3856; baseline 0.001 -24"><span class='ocrx_word' id='word_1_419' title='bbox 2265 3786 2355 3833; x_wconf 84' lang='grc' dir='ltr'>καὶ</span> <span class='ocrx_word' id='word_1_420' title='bbox 2402 3781 2666 3854; x_wconf 70' lang='grc' dir='ltr'>ὁμολογεῖν</span> <span class='ocrx_word' id='word_1_421' title='bbox 2722 3786 2810 3834; x_wconf 87' lang='grc' dir='ltr'>τὸν</span> <span class='ocrx_word' id='word_1_422' title='bbox 2870 3784 3059 3853; x_wconf 80' lang='grc' dir='ltr'>Κύριον</span> <span class='ocrx_word' id='word_1_423' title='bbox 3105 3783 3252 3839; x_wconf 69' lang='grc' dir='ltr'>ἡμῶν</span> <span class='ocrx_word' id='word_1_424' title='bbox 3299 3782 3505 3839; x_wconf 72' lang='grc' dir='ltr'>Ἰησοῦν</span> <span class='ocrx_word' id='word_1_425' title='bbox 3546 3785 3772 3856; x_wconf 78' lang='grc' dir='ltr'>Χριστὸν</span> <span class='ocrx_word' id='word_1_426' title='bbox 3814 3782 3874 3834; x_wconf 82' lang='grc' dir='ltr'>ἐν</span> 
     </span>
    </p>
   </div>
   <div class='ocr_carea' id='block_1_62' title="bbox 2268 3867 3873 3942">
    <p class='ocr_par' dir='ltr' id='par_1_62' title="bbox 2268 3867 3873 3942">
     <span class='ocr_line' id='line_1_62' title="bbox 2268 3867 3873 3942; baseline 0.001 -20"><span class='ocrx_word' id='word_1_427' title='bbox 2268 3872 2472 3927; x_wconf 81' lang='grc' dir='ltr'>θεότητι</span> <span class='ocrx_word' id='word_1_428' title='bbox 2524 3870 2709 3922; x_wconf 81' lang='grc' dir='ltr'>τέλειον</span> <span class='ocrx_word' id='word_1_429' title='bbox 2758 3876 2848 3923; x_wconf 85' lang='grc' dir='ltr'>καὶ</span> <span class='ocrx_word' id='word_1_430' title='bbox 2901 3869 2948 3921; x_wconf 81' lang='grc' dir='ltr'>ἐν</span> <span class='ocrx_word' id='word_1_431' title='bbox 2999 3869 3362 3942; x_wconf 80' lang='grc' dir='ltr'>ἁνθρωπότητι</span> <span class='ocrx_word' id='word_1_432' title='bbox 3410 3870 3620 3938; x_wconf 83' lang='grc' dir='ltr'>τέλειον,</span> <span class='ocrx_word' id='word_1_433' title='bbox 3649 3869 3700 3921; x_wconf 86' lang='grc' dir='ltr'>ἐν</span> <span class='ocrx_word' id='word_1_434' title='bbox 3764 3867 3873 3925; x_wconf 85' lang='grc' dir='ltr'><strong>δύο</strong></span> 
     </span>
    </p>
   </div>
   <div class='ocr_carea' id='block_1_63' title="bbox 2266 3955 3873 4032">
    <p class='ocr_par' dir='ltr' id='par_1_63' title="bbox 2266 3955 3873 4032">
     <span class='ocr_line' id='line_1_63' title="bbox 2266 3955 3873 4032; baseline 0.003 -24"><span class='ocrx_word' id='word_1_435' title='bbox 2266 3961 2455 4029; x_wconf 77' lang='grc' dir='ltr'>φύσεσι</span> <span class='ocrx_word' id='word_1_436' title='bbox 2474 3960 2851 4031; x_wconf 74' lang='grc' dir='ltr'>γνωριζόμενον</span> <span class='ocrx_word' id='word_1_437' title='bbox 2894 3958 3215 4031; x_wconf 73' lang='grc' dir='ltr'>ἁσυγχύτως</span> <span class='ocrx_word' id='word_1_438' title='bbox 3252 3963 3342 4015; x_wconf 78' lang='grc' dir='ltr'><strong>καὶ</strong></span> <span class='ocrx_word' id='word_1_439' title='bbox 3395 3955 3728 4032; x_wconf 79' lang='grc' dir='ltr'>ἁδιαιρέτως,</span> <span class='ocrx_word' id='word_1_440' title='bbox 3771 3965 3873 4013; x_wconf 84' lang='grc' dir='ltr'><strong>καὶ</strong></span> 
     </span>
    </p>
   </div>
   <div class='ocr_carea' id='block_1_64' title="bbox 2263 4049 3871 4122">
    <p class='ocr_par' dir='ltr' id='par_1_64' title="bbox 2263 4049 3871 4122">
     <span class='ocr_line' id='line_1_64' title="bbox 2263 4049 3871 4122; baseline -0.001 -22"><span class='ocrx_word' id='word_1_441' title='bbox 2263 4049 2457 4100; x_wconf 80' lang='grc' dir='ltr'>ἔνατόν</span> <span class='ocrx_word' id='word_1_442' title='bbox 2485 4049 2638 4101; x_wconf 67' lang='grc' dir='ltr'>αὐτὸν</span> <span class='ocrx_word' id='word_1_443' title='bbox 2678 4052 2790 4101; x_wconf 80' lang='grc' dir='ltr'>υἱόν</span> <span class='ocrx_word' id='word_1_444' title='bbox 2830 4049 3097 4121; x_wconf 72' lang='grc' dir='ltr'>ὁμολογεῖν</span> <span class='ocrx_word' id='word_1_445' title='bbox 3145 4050 3210 4108; x_wconf 82' lang='grc' dir='ltr'><strong>ὡς</strong></span> <span class='ocrx_word' id='word_1_446' title='bbox 3255 4051 3357 4122; x_wconf 86' lang='grc' dir='ltr'>πρὸ</span> <span class='ocrx_word' id='word_1_447' title='bbox 3392 4057 3489 4109; x_wconf 90' lang='grc' dir='ltr'>τῆς</span> <span class='ocrx_word' id='word_1_448' title='bbox 3543 4050 3871 4120; x_wconf 71' lang='grc' dir='ltr'>ἓνανθρωπή-</span> 
     </span>
    </p>
   </div>
   <div class='ocr_carea' id='block_1_65' title="bbox 2265 4139 3869 4210">
    <p class='ocr_par' dir='ltr' id='par_1_65' title="bbox 2265 4139 3869 4210">
     <span class='ocr_line' id='line_1_65' title="bbox 2265 4139 3869 4210; baseline 0.001 -22"><span class='ocrx_word' id='word_1_449' title='bbox 2265 4156 2388 4198; x_wconf 86' lang='grc' dir='ltr'>σεως</span> <span class='ocrx_word' id='word_1_450' title='bbox 2438 4143 2527 4190; x_wconf 88' lang='grc' dir='ltr'><strong>καὶ</strong></span> <span class='ocrx_word' id='word_1_451' title='bbox 2565 4140 2693 4209; x_wconf 78' lang='grc' dir='ltr'>μετα</span> <span class='ocrx_word' id='word_1_452' title='bbox 2734 4143 2829 4196; x_wconf 85' lang='grc' dir='ltr'>τὴν</span> <span class='ocrx_word' id='word_1_453' title='bbox 2878 4139 3268 4210; x_wconf 83' lang='grc' dir='ltr'>ἐνανθρὼπησιν</span> <span class='ocrx_word' id='word_1_454' title='bbox 3297 4156 3310 4170; x_wconf 88' lang='grc'><strong>·</strong></span> <span class='ocrx_word' id='word_1_455' title='bbox 3361 4145 3457 4199; x_wconf 84' lang='grc' dir='ltr'>τῆς</span> <span class='ocrx_word' id='word_1_456' title='bbox 3496 4145 3612 4188; x_wconf 47' lang='grc' dir='ltr'>ίτών</span> <span class='ocrx_word' id='word_1_457' title='bbox 3659 4139 3869 4207; x_wconf 78' lang='grc' dir='ltr'>φύσεων</span> 
     </span>
    </p>
   </div>
   <div class='ocr_carea' id='block_1_66' title="bbox 2263 4223 3869 4300">
    <p class='ocr_par' dir='ltr' id='par_1_66' title="bbox 2263 4223 3869 4300">
     <span class='ocr_line' id='line_1_66' title="bbox 2263 4223 3869 4300; baseline -0.001 -22"><span class='ocrx_word' id='word_1_458' title='bbox 2263 4223 2514 4300; x_wconf 71' lang='grc' dir='ltr'>διαφορᾶς</span> <span class='ocrx_word' id='word_1_459' title='bbox 2545 4224 2793 4299; x_wconf 76' lang='grc' dir='ltr'>οὐδαμῶς</span> <span class='ocrx_word' id='word_1_460' title='bbox 2822 4226 3146 4300; x_wconf 69' lang='grc' dir='ltr'>ἀνῃρημένης</span> <span class='ocrx_word' id='word_1_461' title='bbox 3176 4228 3309 4297; x_wconf 79' lang='grc' dir='ltr'>μετὰ</span> <span class='ocrx_word' id='word_1_462' title='bbox 3332 4230 3426 4282; x_wconf 77' lang='grc' dir='ltr'>τὴν</span> <span class='ocrx_word' id='word_1_463' title='bbox 3454 4226 3653 4295; x_wconf 80' lang='grc' dir='ltr'>ἕνωσιν,</span> <span class='ocrx_word' id='word_1_464' title='bbox 3688 4226 3869 4285; x_wconf 81' lang='grc' dir='ltr'>σωζο-</span> 
     </span>
    </p>
   </div>
   <div class='ocr_carea' id='block_1_67' title="bbox 2259 4313 3867 4389">
    <p class='ocr_par' dir='ltr' id='par_1_67' title="bbox 2259 4313 3867 4389">
     <span class='ocr_line' id='line_1_67' title="bbox 2259 4313 3867 4389; baseline 0 -21"><span class='ocrx_word' id='word_1_465' title='bbox 2259 4321 2417 4388; x_wconf 81' lang='grc' dir='ltr'>μένης</span> <span class='ocrx_word' id='word_1_466' title='bbox 2448 4313 2482 4368; x_wconf 89' lang='grc' dir='ltr'><strong>δ</strong></span> <span class='ocrx_word' id='word_1_467' title='bbox 2485 4321 2507 4368; x_wconf 80' lang='grc' dir='ltr'><strong>ε</strong></span> <span class='ocrx_word' id='word_1_468' title='bbox 2533 4316 2722 4388; x_wconf 79' lang='grc' dir='ltr'>μᾶλλον</span> <span class='ocrx_word' id='word_1_469' title='bbox 2753 4320 2842 4367; x_wconf 87' lang='grc' dir='ltr'><strong>καὶ</strong></span> <span class='ocrx_word' id='word_1_470' title='bbox 2874 4318 3271 4389; x_wconf 81' lang='grc' dir='ltr'>συντρεχούσης</span> <span class='ocrx_word' id='word_1_471' title='bbox 3301 4314 3372 4374; x_wconf 79' lang='grc' dir='ltr'>εἰς</span> <span class='ocrx_word' id='word_1_472' title='bbox 3396 4313 3445 4366; x_wconf 73' lang='grc' dir='ltr'>ἓν</span> <span class='ocrx_word' id='word_1_473' title='bbox 3470 4318 3747 4385; x_wconf 83' lang='grc' dir='ltr'>πρόσωπον</span> <span class='ocrx_word' id='word_1_474' title='bbox 3769 4320 3867 4368; x_wconf 76' lang='grc' dir='ltr'>καὶ</span> 
     </span>
    </p>
   </div>
   <div class='ocr_carea' id='block_1_68' title="bbox 499 4378 2163 4478">
    <p class='ocr_par' dir='ltr' id='par_1_68' title="bbox 499 4378 2150 4478">
     <span class='ocr_line' id='line_1_68' title="bbox 499 4378 2150 4478; baseline 0.016 -45"><span class='ocrx_word' id='word_1_475' title='bbox 499 4378 908 4478; x_wconf 77' lang='lat' dir='ltr'><strong>hypostasim;</strong></span> <span class='ocrx_word' id='word_1_476' title='bbox 964 4384 1126 4440; x_wconf 80' lang='lat' dir='ltr'><strong>unde</strong></span> <span class='ocrx_word' id='word_1_477' title='bbox 1176 4390 1416 4445; x_wconf 88' lang='lat' dir='ltr'><strong>Patrum</strong></span> <span class='ocrx_word' id='word_1_478' title='bbox 1476 4397 1897 4470; x_wconf 69' lang='lat' dir='ltr'><strong>unusquisque</strong></span> <span class='ocrx_word' id='word_1_479' title='bbox 1963 4403 2150 4459; x_wconf 88' lang='lat' dir='ltr'><strong>multa</strong></span> 
     </span>
    </p>
   </div>
   <div class='ocr_carea' id='block_1_69' title="bbox 2277 4378 3867 4478">
    <p class='ocr_par' dir='ltr' id='par_1_69' title="bbox 2277 4404 3867 4476">
     <span class='ocr_line' id='line_1_69' title="bbox 2277 4404 3867 4476; baseline 0.001 -20"><span class='ocrx_word' id='word_1_480' title='bbox 2277 4411 2383 4458; x_wconf 85' lang='grc' dir='ltr'>ιίαν</span> <span class='ocrx_word' id='word_1_481' title='bbox 2413 4408 2706 4458; x_wconf 79' lang='grc' dir='ltr'>ὑπόστασιν</span> <span class='ocrx_word' id='word_1_482' title='bbox 2728 4427 2740 4439; x_wconf 88' lang='grc'><strong>·</strong></span> <span class='ocrx_word' id='word_1_483' title='bbox 2773 4407 2885 4457; x_wconf 83' lang='grc' dir='ltr'>ὅθεν</span> <span class='ocrx_word' id='word_1_484' title='bbox 2916 4411 3006 4457; x_wconf 84' lang='grc' dir='ltr'><strong>καὶ</strong></span> <span class='ocrx_word' id='word_1_485' title='bbox 3036 4413 3136 4456; x_wconf 83' lang='grc' dir='ltr'>τῶν</span> <span class='ocrx_word' id='word_1_486' title='bbox 3178 4409 3416 4476; x_wconf 80' lang='grc' dir='ltr'>Ιιατέρων</span> <span class='ocrx_word' id='word_1_487' title='bbox 3448 4405 3666 4464; x_wconf 80' lang='grc' dir='ltr'>ἕκαστος</span> <span class='ocrx_word' id='word_1_488' title='bbox 3694 4404 3867 4457; x_wconf 84' lang='grc' dir='ltr'>πολλά</span> 
     </span>
    </p>
   </div>
   <div class='ocr_carea' id='block_1_70' title="bbox 498 4468 2148 4558">
    <p class='ocr_par' dir='ltr' id='par_1_70' title="bbox 498 4468 2148 4558">
     <span class='ocr_line' id='line_1_70' title="bbox 498 4468 2148 4558; baseline 0.016 -37"><span class='ocrx_word' id='word_1_489' title='bbox 498 4468 723 4538; x_wconf 86' lang='lat' dir='ltr'><strong>precati</strong></span> <span class='ocrx_word' id='word_1_490' title='bbox 743 4468 1090 4541; x_wconf 83' lang='lat' dir='ltr'><strong>imperatori</strong></span> <span class='ocrx_word' id='word_1_491' title='bbox 1111 4475 1405 4533; x_wconf 83' lang='lat' dir='ltr'><strong>Marciano</strong></span> <span class='ocrx_word' id='word_1_492' title='bbox 1430 4479 1491 4534; x_wconf 92' lang='lat' dir='ltr'><strong>in</strong></span> <span class='ocrx_word' id='word_1_493' title='bbox 1508 4487 1783 4554; x_wconf 90' lang='lat' dir='ltr'><strong>proprias</strong></span> <span class='ocrx_word' id='word_1_494' title='bbox 1799 4468 2148 4558; x_wconf 74' lang='lat' dir='ltr'><strong>provincias</strong></span> 
     </span>
    </p>
   </div>
   <div class='ocr_carea' id='block_1_71' title="bbox 495 4553 748 4612">
    <p class='ocr_par' dir='ltr' id='par_1_71' title="bbox 495 4553 748 4612">
     <span class='ocr_line' id='line_1_71' title="bbox 495 4553 748 4612; baseline 0.012 -3"><span class='ocrx_word' id='word_1_495' title='bbox 495 4553 748 4612; x_wconf 85' lang='lat' dir='ltr'><strong>rediere.</strong></span> 
     </span>
    </p>
   </div>
   <div class='ocr_carea' id='block_1_72' title="bbox 567 4644 2146 4723">
    <p class='ocr_par' dir='ltr' id='par_1_72' title="bbox 567 4644 2146 4723">
     <span class='ocr_line' id='line_1_72' title="bbox 567 4644 2146 4723; baseline 0.014 -25"><span class='ocrx_word' id='word_1_496' title='bbox 567 4646 624 4701; x_wconf 85' lang='lat'><strong>2.</strong></span> <span class='ocrx_word' id='word_1_497' title='bbox 656 4644 871 4701; x_wconf 88' lang='lat' dir='ltr'><strong>Classis</strong></span> <span class='ocrx_word' id='word_1_498' title='bbox 910 4651 1113 4704; x_wconf 90' lang='lat' dir='ltr'><strong>autem</strong></span> <span class='ocrx_word' id='word_1_499' title='bbox 1160 4667 1296 4723; x_wconf 70' lang='lat' dir='ltr'><strong>quae</strong></span> <span class='ocrx_word' id='word_1_500' title='bbox 1342 4653 1702 4715; x_wconf 82' lang='lat' dir='ltr'><strong>Alexandria</strong></span> <span class='ocrx_word' id='word_1_501' title='bbox 1733 4663 2146 4722; x_wconf 83' lang='lat' dir='ltr'><strong>Constantino-</strong></span> 
     </span>
    </p>
   </div>
   <div class='ocr_carea' id='block_1_73' title="bbox 497 4733 2147 4828">
    <p class='ocr_par' dir='ltr' id='par_1_73' title="bbox 497 4733 2147 4828">
     <span class='ocr_line' id='line_1_73' title="bbox 497 4733 2147 4828; baseline 0.016 -43"><span class='ocrx_word' id='word_1_502' title='bbox 497 4733 686 4805; x_wconf 88' lang='lat' dir='ltr'><strong>polim</strong></span> <span class='ocrx_word' id='word_1_503' title='bbox 716 4733 1121 4828; x_wconf 76' lang='lat' dir='ltr'><strong>descendebat</strong></span> <span class='ocrx_word' id='word_1_504' title='bbox 1150 4754 1290 4797; x_wconf 90' lang='lat' dir='ltr'><strong>eum</strong></span> <span class='ocrx_word' id='word_1_505' title='bbox 1324 4742 1607 4802; x_wconf 90' lang='lat' dir='ltr'><strong>Dioscoro</strong></span> <span class='ocrx_word' id='word_1_506' title='bbox 1626 4748 1808 4819; x_wconf 89' lang='lat' dir='ltr'><strong>hujus</strong></span> <span class='ocrx_word' id='word_1_507' title='bbox 1835 4753 1997 4809; x_wconf 88' lang='lat' dir='ltr'><strong>urbis</strong></span> <span class='ocrx_word' id='word_1_508' title='bbox 2018 4757 2147 4828; x_wconf 90' lang='lat' dir='ltr'><strong>epi-</strong></span> 
     </span>
    </p>
   </div>
   <div class='ocr_carea' id='block_1_74' title="bbox 496 4822 2150 4910">
    <p class='ocr_par' dir='ltr' id='par_1_74' title="bbox 496 4822 2150 4910">
     <span class='ocr_line' id='line_1_74' title="bbox 496 4822 2150 4910; baseline 0.016 -34"><span class='ocrx_word' id='word_1_509' title='bbox 496 4836 683 4894; x_wconf 89' lang='lat' dir='ltr'><strong>scopo</strong></span> <span class='ocrx_word' id='word_1_510' title='bbox 705 4828 762 4878; x_wconf 89' lang='lat' dir='ltr'><strong>et</strong></span> <span class='ocrx_word' id='word_1_511' title='bbox 780 4822 1228 4899; x_wconf 88' lang='lat' dir='ltr'><strong>chorepiscopis</strong></span> <span class='ocrx_word' id='word_1_512' title='bbox 1258 4832 1360 4902; x_wconf 91' lang='lat' dir='ltr'><strong>qui</strong></span> <span class='ocrx_word' id='word_1_513' title='bbox 1384 4833 1498 4888; x_wconf 90' lang='lat' dir='ltr'><strong>sub</strong></span> <span class='ocrx_word' id='word_1_514' title='bbox 1528 4836 1656 4905; x_wconf 87' lang='lat' dir='ltr'><strong>ejus</strong></span> <span class='ocrx_word' id='word_1_515' title='bbox 1678 4845 1966 4910; x_wconf 90' lang='lat' dir='ltr'><strong>potestate</strong></span> <span class='ocrx_word' id='word_1_516' title='bbox 1978 4822 2150 4902; x_wconf 76' lang='lat' dir='ltr'><strong>erant</strong></span> 
     </span>
    </p>
   </div>
   <div class='ocr_carea' id='block_1_75' title="bbox 496 4910 2145 4993">
    <p class='ocr_par' dir='ltr' id='par_1_75' title="bbox 496 4910 2145 4993">
     <span class='ocr_line' id='line_1_75' title="bbox 496 4910 2145 4993; baseline 0.016 -28"><span class='ocrx_word' id='word_1_517' title='bbox 496 4910 788 4967; x_wconf 87' lang='lat' dir='ltr'><strong>seditione</strong></span> <span class='ocrx_word' id='word_1_518' title='bbox 841 4914 1036 4971; x_wconf 85' lang='lat' dir='ltr'><strong>excita</strong></span> <span class='ocrx_word' id='word_1_519' title='bbox 1090 4917 1311 4975; x_wconf 89' lang='lat' dir='ltr'><strong>multas</strong></span> <span class='ocrx_word' id='word_1_520' title='bbox 1353 4932 1638 4993; x_wconf 89' lang='lat' dir='ltr'><strong>operatur</strong></span> <span class='ocrx_word' id='word_1_521' title='bbox 1675 4929 1870 4985; x_wconf 67' lang='lat' dir='ltr'><strong>caedes</strong></span> <span class='ocrx_word' id='word_1_522' title='bbox 1934 4948 2145 4991; x_wconf 88' lang='lat' dir='ltr'><strong>eorum</strong></span> 
     </span>
    </p>
   </div>
   <div class='ocr_carea' id='block_1_76' title="bbox 495 4999 2145 5084">
    <p class='ocr_par' dir='ltr' id='par_1_76' title="bbox 495 4999 2145 5084">
     <span class='ocr_line' id='line_1_76' title="bbox 495 4999 2145 5084; baseline 0.016 -31"><span class='ocrx_word' id='word_1_523' title='bbox 495 4999 600 5069; x_wconf 89' lang='lat' dir='ltr'><strong>qui</strong></span> <span class='ocrx_word' id='word_1_524' title='bbox 650 5000 744 5056; x_wconf 90' lang='lat' dir='ltr'><strong>sui</strong></span> <span class='ocrx_word' id='word_1_525' title='bbox 801 5002 1069 5075; x_wconf 90' lang='lat' dir='ltr'><strong>episcopi</strong></span> <span class='ocrx_word' id='word_1_526' title='bbox 1127 5005 1387 5064; x_wconf 87' lang='lat' dir='ltr'><strong>Dioscori</strong></span> <span class='ocrx_word' id='word_1_527' title='bbox 1421 5010 1780 5084; x_wconf 87' lang='lat' dir='ltr'><strong>depositioni</strong></span> <span class='ocrx_word' id='word_1_528' title='bbox 1826 5024 1883 5076; x_wconf 90' lang='lat' dir='ltr'><strong>et</strong></span> <span class='ocrx_word' id='word_1_529' title='bbox 1937 5022 2145 5080; x_wconf 84' lang='lat' dir='ltr'><strong>exsilio</strong></span> 
     </span>
    </p>
   </div>
   <div class='ocr_carea' id='block_1_77' title="bbox 492 5093 2144 5168">
    <p class='ocr_par' dir='ltr' id='par_1_77' title="bbox 492 5093 2144 5168">
     <span class='ocr_line' id='line_1_77' title="bbox 492 5093 2144 5168; baseline 0.017 -28"><span class='ocrx_word' id='word_1_530' title='bbox 492 5095 944 5158; x_wconf 85' lang='lat' dir='ltr'><strong>consenserant,</strong></span> <span class='ocrx_word' id='word_1_531' title='bbox 975 5093 1099 5148; x_wconf 88' lang='lat' dir='ltr'><strong>suis</strong></span> <span class='ocrx_word' id='word_1_532' title='bbox 1156 5094 1389 5152; x_wconf 88' lang='lat' dir='ltr'><strong>actibus</strong></span> <span class='ocrx_word' id='word_1_533' title='bbox 1420 5102 1790 5161; x_wconf 84' lang='lat' dir='ltr'><strong>conﬁrmans</strong></span> <span class='ocrx_word' id='word_1_534' title='bbox 1829 5109 2144 5168; x_wconf 77' lang='lat' dir='ltr'><strong>violentio-</strong></span> 
     </span>
    </p>
   </div>
   <div class='ocr_carea' id='block_1_78' title="bbox 492 5177 2145 5259">
    <p class='ocr_par' dir='ltr' id='par_1_78' title="bbox 492 5177 2145 5259">
     <span class='ocr_line' id='line_1_78' title="bbox 492 5177 2145 5259; baseline 0.019 -30"><span class='ocrx_word' id='word_1_535' title='bbox 492 5189 621 5230; x_wconf 89' lang='lat' dir='ltr'><strong>rem</strong></span> <span class='ocrx_word' id='word_1_536' title='bbox 652 5177 790 5247; x_wconf 83' lang='lat' dir='ltr'><strong>igne</strong></span> <span class='ocrx_word' id='word_1_537' title='bbox 815 5194 946 5235; x_wconf 88' lang='lat' dir='ltr'><strong>esse</strong></span> <span class='ocrx_word' id='word_1_538' title='bbox 968 5182 1247 5239; x_wconf 88' lang='lat' dir='ltr'><strong>navalem</strong></span> <span class='ocrx_word' id='word_1_539' title='bbox 1272 5186 1763 5250; x_wconf 87' lang='lat' dir='ltr'><strong>inobedientiam.</strong></span> <span class='ocrx_word' id='word_1_540' title='bbox 1794 5198 1907 5254; x_wconf 92' lang='lat' dir='ltr'><strong>Sed</strong></span> <span class='ocrx_word' id='word_1_541' title='bbox 1938 5205 1996 5256; x_wconf 88' lang='lat' dir='ltr'><strong>et</strong></span> <span class='ocrx_word' id='word_1_542' title='bbox 2037 5200 2145 5259; x_wconf 87' lang='lat' dir='ltr'><strong>Pa-</strong></span> 
     </span>
    </p>
   </div>
   <div class='ocr_carea' id='block_1_79' title="bbox 492 5262 2142 5353">
    <p class='ocr_par' dir='ltr' id='par_1_79' title="bbox 492 5262 2142 5353">
     <span class='ocr_line' id='line_1_79' title="bbox 492 5262 2142 5353; baseline 0.018 -35"><span class='ocrx_word' id='word_1_543' title='bbox 492 5262 795 5322; x_wconf 70' lang='lat' dir='ltr'><strong>lasstinaais</strong></span> <span class='ocrx_word' id='word_1_544' title='bbox 835 5268 1133 5343; x_wconf 87' lang='lat' dir='ltr'><strong>episcopis</strong></span> <span class='ocrx_word' id='word_1_545' title='bbox 1171 5275 1682 5353; x_wconf 87' lang='lat' dir='ltr'><strong>Constantinopoli</strong></span> <span class='ocrx_word' id='word_1_546' title='bbox 1720 5270 2142 5345; x_wconf 88' lang='lat' dir='ltr'><strong>commoranti-</strong></span> 
     </span>
    </p>
   </div>
   <div class='ocr_carea' id='block_1_80' title="bbox 489 5353 2142 5446">
    <p class='ocr_par' dir='ltr' id='par_1_80' title="bbox 489 5353 2142 5446">
     <span class='ocr_line' id='line_1_80' title="bbox 489 5353 2142 5446; baseline 0.017 -37"><span class='ocrx_word' id='word_1_547' title='bbox 489 5353 633 5424; x_wconf 88' lang='lat' dir='ltr'><strong>bus,</strong></span> <span class='ocrx_word' id='word_1_548' title='bbox 655 5358 938 5413; x_wconf 89' lang='lat' dir='ltr'><strong>monachi</strong></span> <span class='ocrx_word' id='word_1_549' title='bbox 967 5360 1219 5431; x_wconf 87' lang='lat' dir='ltr'><strong>quidam</strong></span> <span class='ocrx_word' id='word_1_550' title='bbox 1249 5364 1649 5427; x_wconf 84' lang='lat' dir='ltr'><strong>Theodosium</strong></span> <span class='ocrx_word' id='word_1_551' title='bbox 1676 5377 2006 5446; x_wconf 89' lang='lat' dir='ltr'><strong>quemdam</strong></span> <span class='ocrx_word' id='word_1_552' title='bbox 2038 5395 2142 5435; x_wconf 85' lang='lat' dir='ltr'><strong>au-</strong></span> 
     </span>
    </p>
   </div>
   <div class='ocr_carea' id='block_1_81' title="bbox 491 5446 2136 5542">
    <p class='ocr_par' dir='ltr' id='par_1_81' title="bbox 491 5446 2136 5542">
     <span class='ocr_line' id='line_1_81' title="bbox 491 5446 2136 5542; baseline 0.016 -43"><span class='ocrx_word' id='word_1_553' title='bbox 491 5446 719 5500; x_wconf 87' lang='lat' dir='ltr'><strong>ctorem</strong></span> <span class='ocrx_word' id='word_1_554' title='bbox 752 5447 959 5509; x_wconf 87' lang='lat' dir='ltr'><strong>secuti.</strong></span> <span class='ocrx_word' id='word_1_555' title='bbox 982 5447 1254 5507; x_wconf 65' lang='lat' dir='ltr'><strong>Ecclesiae</strong></span> <span class='ocrx_word' id='word_1_556' title='bbox 1276 5470 1494 5529; x_wconf 90' lang='lat' dir='ltr'><strong>corpus</strong></span> <span class='ocrx_word' id='word_1_557' title='bbox 1515 5463 1786 5519; x_wconf 87' lang='lat' dir='ltr'><strong>scindere</strong></span> <span class='ocrx_word' id='word_1_558' title='bbox 1808 5473 2136 5542; x_wconf 64' lang='lat' dir='ltr'><strong>coeperunt,</strong></span> 
     </span>
    </p>
   </div>
   <div class='ocr_carea' id='block_1_82' title="bbox 492 5532 2140 5630">
    <p class='ocr_par' dir='ltr' id='par_1_82' title="bbox 492 5532 2140 5630">
     <span class='ocr_line' id='line_1_82' title="bbox 492 5532 2140 5630; baseline 0.016 -41"><span class='ocrx_word' id='word_1_559' title='bbox 492 5538 550 5589; x_wconf 91' lang='lat' dir='ltr'><strong>et</strong></span> <span class='ocrx_word' id='word_1_560' title='bbox 576 5532 1001 5592; x_wconf 86' lang='lat' dir='ltr'><strong>indivisibilem</strong></span> <span class='ocrx_word' id='word_1_561' title='bbox 1031 5539 1161 5610; x_wconf 90' lang='lat' dir='ltr'><strong>ejus</strong></span> <span class='ocrx_word' id='word_1_562' title='bbox 1192 5544 1456 5603; x_wconf 87' lang='lat' dir='ltr'><strong>tunicam</strong></span> <span class='ocrx_word' id='word_1_563' title='bbox 1505 5549 1868 5626; x_wconf 74' lang='lat' dir='ltr'><strong>diﬂ‘ringere,</strong></span> <span class='ocrx_word' id='word_1_564' title='bbox 1900 5532 1956 5613; x_wconf 75' lang='lat' dir='ltr'><strong>et</strong></span> <span class='ocrx_word' id='word_1_565' title='bbox 1983 5532 2140 5630; x_wconf 55' lang='lat' dir='ltr'><strong>epis:-</strong></span> 
     </span>
    </p>
   </div>
   <div class='ocr_carea' id='block_1_83' title="bbox 2257 4492 3865 4569">
    <p class='ocr_par' dir='ltr' id='par_1_83' title="bbox 2257 4492 3865 4569">
     <span class='ocr_line' id='line_1_83' title="bbox 2257 4492 3865 4569; baseline -0.001 -23"><span class='ocrx_word' id='word_1_566' title='bbox 2257 4503 2348 4546; x_wconf 83' lang='grc' dir='ltr'>τοῦ</span> <span class='ocrx_word' id='word_1_567' title='bbox 2376 4493 2636 4567; x_wconf 79' lang='grc' dir='ltr'>βασιλέως</span> <span class='ocrx_word' id='word_1_568' title='bbox 2665 4494 3063 4569; x_wconf 76' lang='grc' dir='ltr'>ύπερευξάμενοι</span> <span class='ocrx_word' id='word_1_569' title='bbox 3091 4499 3413 4567; x_wconf 79' lang='grc' dir='ltr'>Μαρκιανού,</span> <span class='ocrx_word' id='word_1_570' title='bbox 3449 4493 3521 4552; x_wconf 75' lang='grc' dir='ltr'>εἰς</span> <span class='ocrx_word' id='word_1_571' title='bbox 3547 4494 3637 4552; x_wconf 78' lang='grc' dir='ltr'>τὰς</span> <span class='ocrx_word' id='word_1_572' title='bbox 3666 4492 3865 4556; x_wconf 76' lang='grc' dir='ltr'>οἰκείας</span> 
     </span>
    </p>
   </div>
   <div class='ocr_carea' id='block_1_84' title="bbox 2257 4582 2854 4657">
    <p class='ocr_par' dir='ltr' id='par_1_84' title="bbox 2257 4582 2854 4657">
     <span class='ocr_line' id='line_1_84' title="bbox 2257 4582 2854 4657; baseline 0.002 -23"><span class='ocrx_word' id='word_1_573' title='bbox 2257 4583 2515 4656; x_wconf 78' lang='grc' dir='ltr'>ἐπαρχίας</span> <span class='ocrx_word' id='word_1_574' title='bbox 2547 4582 2854 4657; x_wconf 78' lang='grc' dir='ltr'>ἀπέτρεχον.</span> 
     </span>
    </p>
   </div>
   <div class='ocr_carea' id='block_1_85' title="bbox 2328 4667 3861 4746">
    <p class='ocr_par' dir='ltr' id='par_1_85' title="bbox 2328 4667 3861 4746">
     <span class='ocr_line' id='line_1_85' title="bbox 2328 4667 3861 4746; baseline -0.001 -21"><span class='ocrx_word' id='word_1_575' title='bbox 2328 4670 2397 4743; x_wconf 81' lang='grc' dir='ltr'><strong>β’.</strong></span> <span class='ocrx_word' id='word_1_576' title='bbox 2431 4671 2502 4724; x_wconf 85' lang='grc' dir='ltr'><strong>Τὸ</strong></span> <span class='ocrx_word' id='word_1_577' title='bbox 2549 4669 2609 4724; x_wconf 72' lang='grc' dir='ltr'>δὲ</span> <span class='ocrx_word' id='word_1_578' title='bbox 2657 4672 2711 4724; x_wconf 81' lang='grc' dir='ltr'>ἐκ</span> <span class='ocrx_word' id='word_1_579' title='bbox 2747 4681 2843 4732; x_wconf 81' lang='grc' dir='ltr'>τῆς</span> <span class='ocrx_word' id='word_1_580' title='bbox 2883 4667 3270 4742; x_wconf 76' lang='grc' dir='ltr'>Ἀλεξανδρείας</span> <span class='ocrx_word' id='word_1_581' title='bbox 3306 4673 3548 4721; x_wconf 83' lang='grc' dir='ltr'>ναυτικόν</span> <span class='ocrx_word' id='word_1_582' title='bbox 3577 4669 3603 4721; x_wconf 87' lang='grc' dir='ltr'><strong>ὃ</strong></span> <span class='ocrx_word' id='word_1_583' title='bbox 3632 4678 3861 4746; x_wconf 83' lang='grc' dir='ltr'>κατῆρεν</span> 
     </span>
    </p>
   </div>
   <div class='ocr_carea' id='block_1_86' title="bbox 2256 4760 3859 4832">
    <p class='ocr_par' dir='ltr' id='par_1_86' title="bbox 2256 4760 3859 4832">
     <span class='ocr_line' id='line_1_86' title="bbox 2256 4760 3859 4832; baseline 0.001 -21"><span class='ocrx_word' id='word_1_584' title='bbox 2256 4760 2325 4820; x_wconf 82' lang='grc' dir='ltr'>εἰς</span> <span class='ocrx_word' id='word_1_585' title='bbox 2393 4760 2935 4813; x_wconf 81' lang='grc' dir='ltr'>Κωνσταντιτούπολιν</span> <span class='ocrx_word' id='word_1_586' title='bbox 2984 4761 3094 4832; x_wconf 81' lang='grc' dir='ltr'>ἅμα</span> <span class='ocrx_word' id='word_1_587' title='bbox 3159 4763 3427 4830; x_wconf 83' lang='grc' dir='ltr'>Διοσκόρῷ</span> <span class='ocrx_word' id='word_1_588' title='bbox 3484 4766 3555 4828; x_wconf 81' lang='grc' dir='ltr'>τῷ</span> <span class='ocrx_word' id='word_1_589' title='bbox 3611 4766 3706 4820; x_wconf 81' lang='grc' dir='ltr'>τῆς</span> <span class='ocrx_word' id='word_1_590' title='bbox 3758 4764 3859 4812; x_wconf 61' lang='grc' dir='ltr'>πόα</span> 
     </span>
    </p>
   </div>
   <div class='ocr_carea' id='block_1_87' title="bbox 2253 4848 3859 4923">
    <p class='ocr_par' dir='ltr' id='par_1_87' title="bbox 2253 4848 3859 4923">
     <span class='ocr_line' id='line_1_87' title="bbox 2253 4848 3859 4923; baseline 0.001 -22"><span class='ocrx_word' id='word_1_591' title='bbox 2253 4848 2376 4911; x_wconf 87' lang='grc' dir='ltr'>λεως</span> <span class='ocrx_word' id='word_1_592' title='bbox 2432 4853 2630 4913; x_wconf 83' lang='grc' dir='ltr'>ταύτης</span> <span class='ocrx_word' id='word_1_593' title='bbox 2693 4850 2962 4921; x_wconf 79' lang='grc' dir='ltr'>ἐπισκόπῳ</span> <span class='ocrx_word' id='word_1_594' title='bbox 3022 4853 3111 4900; x_wconf 85' lang='grc' dir='ltr'><strong>καὶ</strong></span> <span class='ocrx_word' id='word_1_595' title='bbox 3162 4856 3268 4908; x_wconf 87' lang='grc' dir='ltr'>τοῖς</span> <span class='ocrx_word' id='word_1_596' title='bbox 3318 4849 3419 4900; x_wconf 76' lang='grc' dir='ltr'><strong>ὑπὸ</strong></span> <span class='ocrx_word' id='word_1_597' title='bbox 3480 4852 3569 4906; x_wconf 79' lang='grc' dir='ltr'>τὴν</span> <span class='ocrx_word' id='word_1_598' title='bbox 3634 4848 3859 4923; x_wconf 80' lang='grc' dir='ltr'>ἐπικρά-</span> 
     </span>
    </p>
   </div>
   <div class='ocr_carea' id='block_1_88' title="bbox 2253 4935 3863 5012">
    <p class='ocr_par' dir='ltr' id='par_1_88' title="bbox 2253 4935 3863 5012">
     <span class='ocr_line' id='line_1_88' title="bbox 2253 4935 3863 5012; baseline 0 -22"><span class='ocrx_word' id='word_1_599' title='bbox 2253 4958 2393 4990; x_wconf 88' lang='grc' dir='ltr'>τειαν</span> <span class='ocrx_word' id='word_1_600' title='bbox 2451 4939 2612 4991; x_wconf 74' lang='grc' dir='ltr'>αὑτοῦ</span> <span class='ocrx_word' id='word_1_601' title='bbox 2668 4942 3092 5012; x_wconf 81' lang='grc' dir='ltr'>χωρεπισκόποις</span> <span class='ocrx_word' id='word_1_602' title='bbox 3146 4939 3445 4990; x_wconf 85' lang='grc' dir='ltr'>στασιάσαν</span> <span class='ocrx_word' id='word_1_603' title='bbox 3498 4935 3713 4997; x_wconf 79' lang='grc' dir='ltr'>πολλοὺς</span> <span class='ocrx_word' id='word_1_604' title='bbox 3778 4937 3863 5012; x_wconf 80' lang='grc' dir='ltr'><strong>ἐρ-</strong></span> 
     </span>
    </p>
   </div>
   <div class='ocr_carea' id='block_1_89' title="bbox 2252 5025 3861 5101">
    <p class='ocr_par' dir='ltr' id='par_1_89' title="bbox 2252 5025 3861 5101">
     <span class='ocr_line' id='line_1_89' title="bbox 2252 5025 3861 5101; baseline -0.001 -23"><span class='ocrx_word' id='word_1_605' title='bbox 2252 5028 2471 5099; x_wconf 73' lang='grc' dir='ltr'>γάζεται</span> <span class='ocrx_word' id='word_1_606' title='bbox 2518 5032 2701 5101; x_wconf 73' lang='grc' dir='ltr'>φόνους</span> <span class='ocrx_word' id='word_1_607' title='bbox 2743 5036 2845 5079; x_wconf 86' lang='grc' dir='ltr'>τῶν</span> <span class='ocrx_word' id='word_1_608' title='bbox 2898 5035 2960 5100; x_wconf 76' lang='grc' dir='ltr'>τῇ</span> <span class='ocrx_word' id='word_1_609' title='bbox 3008 5029 3312 5100; x_wconf 83' lang='grc' dir='ltr'>καθαιρέσει</span> <span class='ocrx_word' id='word_1_610' title='bbox 3365 5031 3457 5079; x_wconf 81' lang='grc' dir='ltr'>καὶ</span> <span class='ocrx_word' id='word_1_611' title='bbox 3509 5025 3681 5100; x_wconf 79' lang='grc' dir='ltr'>ἐξορίᾳ</span> <span class='ocrx_word' id='word_1_612' title='bbox 3728 5044 3861 5077; x_wconf 79' lang='grc' dir='ltr'>συν-</span> 
     </span>
    </p>
   </div>
   <div class='ocr_carea' id='block_1_90' title="bbox 2254 5114 3860 5196">
    <p class='ocr_par' dir='ltr' id='par_1_90' title="bbox 2254 5114 3860 5191">
     <span class='ocr_line' id='line_1_90' title="bbox 2254 5114 3860 5191; baseline -0.001 -23"><span class='ocrx_word' id='word_1_613' title='bbox 2254 5118 2563 5169; x_wconf 87' lang='grc' dir='ltr'>αινεσάντων</span> <span class='ocrx_word' id='word_1_614' title='bbox 2605 5124 2698 5169; x_wconf 80' lang='grc' dir='ltr'>τοῦ</span> <span class='ocrx_word' id='word_1_615' title='bbox 2757 5119 2929 5191; x_wconf 83' lang='grc' dir='ltr'>ἱερέως</span> <span class='ocrx_word' id='word_1_616' title='bbox 2977 5124 3117 5188; x_wconf 73' lang='grc' dir='ltr'>σφῶν</span> <span class='ocrx_word' id='word_1_617' title='bbox 3155 5123 3248 5168; x_wconf 81' lang='grc' dir='ltr'>τοῦ</span> <span class='ocrx_word' id='word_1_618' title='bbox 3302 5119 3610 5189; x_wconf 85' lang='grc' dir='ltr'>Διοσκόρου,</span> <span class='ocrx_word' id='word_1_619' title='bbox 3643 5114 3697 5166; x_wconf 71' lang='grc' dir='ltr'>ἐκ</span> <span class='ocrx_word' id='word_1_620' title='bbox 3751 5122 3860 5169; x_wconf 78' lang='grc' dir='ltr'>τῶν</span> 
     </span>
    </p>
   </div>
   <div class='ocr_carea' id='block_1_91' title="bbox 2253 5199 3864 5280">
    <p class='ocr_par' dir='ltr' id='par_1_91' title="bbox 2253 5199 3864 5280">
     <span class='ocr_line' id='line_1_91' title="bbox 2253 5199 3864 5280; baseline -0.001 -23"><span class='ocrx_word' id='word_1_621' title='bbox 2253 5208 2413 5280; x_wconf 76' lang='grc' dir='ltr'>ἔργων</span> <span class='ocrx_word' id='word_1_622' title='bbox 2481 5205 2639 5259; x_wconf 69' lang='grc' dir='ltr'>αὐτοῦ</span> <span class='ocrx_word' id='word_1_623' title='bbox 2680 5208 3020 5277; x_wconf 80' lang='grc' dir='ltr'>πιστούμενοι</span> <span class='ocrx_word' id='word_1_624' title='bbox 3078 5201 3503 5278; x_wconf 80' lang='grc' dir='ltr'>δραστικωτέραν</span> <span class='ocrx_word' id='word_1_625' title='bbox 3567 5199 3697 5256; x_wconf 81' lang='grc' dir='ltr'>εἶναι</span> <span class='ocrx_word' id='word_1_626' title='bbox 3755 5222 3864 5256; x_wconf 76' lang='grc' dir='ltr'>πυ-</span> 
     </span>
    </p>
   </div>
   <div class='ocr_carea' id='block_1_92' title="bbox 2250 5291 3858 5369">
    <p class='ocr_par' dir='ltr' id='par_1_92' title="bbox 2250 5291 3858 5369">
     <span class='ocr_line' id='line_1_92' title="bbox 2250 5291 3858 5369; baseline -0.001 -23"><span class='ocrx_word' id='word_1_627' title='bbox 2250 5298 2337 5369; x_wconf 85' lang='grc' dir='ltr'><strong>ρός</strong></span> <span class='ocrx_word' id='word_1_628' title='bbox 2379 5292 2728 5347; x_wconf 79' lang='grc' dir='ltr'>ἀπαιδευσίαν</span> <span class='ocrx_word' id='word_1_629' title='bbox 2791 5299 2884 5353; x_wconf 81' lang='grc' dir='ltr'>τὴν</span> <span class='ocrx_word' id='word_1_630' title='bbox 2940 5298 3211 5351; x_wconf 78' lang='grc' dir='ltr'>ναυτικήν.</span> <span class='ocrx_word' id='word_1_631' title='bbox 3275 5292 3430 5346; x_wconf 79' lang='grc' dir='ltr'>Ἀλλὰ</span> <span class='ocrx_word' id='word_1_632' title='bbox 3499 5298 3590 5345; x_wconf 82' lang='grc' dir='ltr'>καὶ</span> <span class='ocrx_word' id='word_1_633' title='bbox 3643 5299 3743 5344; x_wconf 82' lang='grc' dir='ltr'>τῶν</span> <span class='ocrx_word' id='word_1_634' title='bbox 3795 5291 3858 5345; x_wconf 77' lang='grc' dir='ltr'>ἐκ</span> 
     </span>
    </p>
   </div>
   <div class='ocr_carea' id='block_1_93' title="bbox 2252 5378 3858 5456">
    <p class='ocr_par' dir='ltr' id='par_1_93' title="bbox 2252 5378 3858 5456">
     <span class='ocr_line' id='line_1_93' title="bbox 2252 5378 3858 5456; baseline -0.002 -22"><span class='ocrx_word' id='word_1_635' title='bbox 2252 5383 2602 5443; x_wconf 86' lang='grc' dir='ltr'>Παλαιστίνης</span> <span class='ocrx_word' id='word_1_636' title='bbox 2677 5384 2845 5456; x_wconf 80' lang='grc' dir='ltr'>ἱερέων</span> <span class='ocrx_word' id='word_1_637' title='bbox 2913 5378 3344 5456; x_wconf 78' lang='grc' dir='ltr'>ἑνδιατρίϐόντων</span> <span class='ocrx_word' id='word_1_638' title='bbox 3409 5382 3485 5433; x_wconf 74' lang='grc' dir='ltr'>ἔτι</span> <span class='ocrx_word' id='word_1_639' title='bbox 3557 5387 3621 5452; x_wconf 78' lang='grc' dir='ltr'>τῇ</span> <span class='ocrx_word' id='word_1_640' title='bbox 3702 5385 3858 5432; x_wconf 83' lang='grc' dir='ltr'>Κων-</span> 
     </span>
    </p>
   </div>
   <div class='ocr_carea' id='block_1_94' title="bbox 2252 5470 3859 5542">
    <p class='ocr_par' dir='ltr' id='par_1_94' title="bbox 2252 5470 3859 5542">
     <span class='ocr_line' id='line_1_94' title="bbox 2252 5470 3859 5542; baseline -0.001 -18"><span class='ocrx_word' id='word_1_641' title='bbox 2252 5470 2673 5524; x_wconf 85' lang='grc' dir='ltr'>σταντινουπόλει</span> <span class='ocrx_word' id='word_1_642' title='bbox 2705 5513 2719 5538; x_wconf 89' lang='grc'><strong><em>,</em></strong></span> <span class='ocrx_word' id='word_1_643' title='bbox 2776 5474 2907 5533; x_wconf 70' lang='grc' dir='ltr'>τινες</span> <span class='ocrx_word' id='word_1_644' title='bbox 2960 5480 3060 5522; x_wconf 84' lang='grc' dir='ltr'>τῶν</span> <span class='ocrx_word' id='word_1_645' title='bbox 3115 5478 3363 5542; x_wconf 81' lang='grc' dir='ltr'>μοναχών</span> <span class='ocrx_word' id='word_1_646' title='bbox 3393 5512 3407 5536; x_wconf 87' lang='grc'><em>,</em></span> <span class='ocrx_word' id='word_1_647' title='bbox 3457 5471 3666 5540; x_wconf 85' lang='grc' dir='ltr'>ἔχοντές</span> <span class='ocrx_word' id='word_1_648' title='bbox 3730 5486 3859 5522; x_wconf 84' lang='grc' dir='ltr'>τινα</span> 
     </span>
    </p>
   </div>
   <div class='ocr_carea' id='block_1_95' title="bbox 2248 5555 3857 5635">
    <p class='ocr_par' dir='ltr' id='par_1_95' title="bbox 2248 5555 3857 5635">
     <span class='ocr_line' id='line_1_95' title="bbox 2248 5555 3857 5635; baseline -0.006 -21"><span class='ocrx_word' id='word_1_649' title='bbox 2248 5558 2533 5614; x_wconf 85' lang='grc' dir='ltr'>Θεοδόσιον</span> <span class='ocrx_word' id='word_1_650' title='bbox 2597 5560 2822 5635; x_wconf 81' lang='grc' dir='ltr'>ἔξαρχον</span> <span class='ocrx_word' id='word_1_651' title='bbox 2888 5560 3077 5629; x_wconf 69' lang='grc' dir='ltr'>αὐτῶν,</span> <span class='ocrx_word' id='word_1_652' title='bbox 3119 5559 3342 5635; x_wconf 81' lang='grc' dir='ltr'>ἤρξαντο</span> <span class='ocrx_word' id='word_1_653' title='bbox 3380 5560 3438 5610; x_wconf 87' lang='grc' dir='ltr'><strong>τό</strong></span> <span class='ocrx_word' id='word_1_654' title='bbox 3494 5565 3590 5619; x_wconf 77' lang='grc' dir='ltr'>τῆς</span> <span class='ocrx_word' id='word_1_655' title='bbox 3629 5555 3857 5616; x_wconf 77' lang='grc' dir='ltr'>Ἐκκλη-</span> 
     </span>
    </p>
   </div>
  </div>
