4040 6318
110 293 176 355 ιο
1354 266 1361 269 ’
1496 284 1844 373 russam
1880 284 2017 351 Lm.
2061 284 2129 348 x.
3428 282 3499 347 7o

114 428 232 484 σίας
290 429 458 494 σῶμα
505 416 755 491 διαστᾷν,
823 424 914 474 καὶ
960 420 1149 475 ἄλυτον
1218 421 1381 481 αὐτῆς
1418 425 1625 490 χιτῶνα
1655 412 1709 470 δι

1910 430 2061 489 opos
2090 413 2196 487 qui
2245 414 2483 488 synodo
2532 413 2858 471 adfuerant
2893 413 3397 494 anathematizare
3444 416 3503 471 et

110 508 452 583 αρρηγνύειν,
500 513 599 581 καὶ,
657 512 797 570 τοὺς
854 507 906 561 ἐν
988 516 1050 582 τῇ
1136 503 1343 577 συνόδῳ
1419 508 1705 558 ἐπισκόπου

1908 505 1993 559 ios
2043 519 2154 576 pro
2199 503 2313 560 illis
2368 503 2694 571 ordinare;
2758 490 3143 574 divulgarites
3193 503 3500 576 synodum

111 598 545 671 ἐτίθεματίζειν,
602 602 693 649 καὶ
750 596 956 670 ἐτέρους
1005 603 1321 670 χειροτονεῖν
1378 593 1485 647 ἀντ’
1542 593 1706 646 αὐτῶν

1906 592 2236 648 >nﬁrmasse
2259 598 2315 648 et
2344 608 2664 648 renovasse
2695 592 2945 649 Nestorii
2984 591 3344 662 doctrinam,
3393 590 3501 648 du-

110 688 434 759 ρηριίζοντες
492 688 566 748 ὡς
629 687 659 744 ἡ
740 680 964 748 σύνοδος
1023 686 1253 761 ἐκύρωσε
1316 688 1408 737 καὶ
1447 683 1705 736 ἁνεκαίνισ

1900 680 2013 736 licis
2064 684 2416 737 naturarum
2470 681 2636 737 vocis
2686 686 2977 752 praetextu
3032 680 3149 737 hoc
3195 679 3495 751 ﬁngente;

108 782 163 828 τό
211 780 518 845 Νεστορίου
548 771 776 847 δόγμα,
827 776 1088 850 προφάσει
1146 781 1242 835 τῆς
1317 768 1504 833 δυῐκῇς
1571 778 1703 844 φωνῆ

1907 768 2005 825 ide
2035 769 2361 826 astrinxere
2393 775 2580 826 totam
2607 768 2984 826 Palaestinam
3013 776 3071 826 et
3113 771 3412 842 Egyptum
3444 772 3502 825 et

107 874 203 917 τῶν
242 869 464 937 φύσεων
529 871 687 916 τοῦτο
758 869 1145 939 τερατευόμενοι
1173 884 1188 897 ο
1261 864 1373 917 ὅθεν
1456 859 1702 914 κατέλαϐε

1902 874 1979 913 ne
2010 859 2070 914 in
2101 858 2338 915 deserto
2354 866 2520 916 erant
2541 859 2937 925 monasteria;
2963 864 3021 914 et
3040 858 3341 931 plerisque
3367 872 3497 932 per-

106 960 285 1006 πᾶσαν
346 958 451 1012 τήν
518 952 875 1011 Παλαιστίνην
922 957 1009 1005 καὶ
1063 956 1352 1024 Αἴγυπτον,
1415 955 1506 1003 καὶ
1573 951 1641 1001 τὰ
1687 947 1701 1001 ί

1904 951 2164 1005 laserunt
2192 963 2266 1003 ne
2298 949 2629 1022 reciperent
2661 964 2732 1005 ea
2772 965 2909 1022 quas
2940 964 2974 1005 a
3010 952 3225 1022 quarta
3258 945 3499 1019 synodo

106 1051 167 1114 τῇ
222 1040 419 1116 ἐρήμῳ
468 1046 819 1117 μοναστὴρια·
875 1045 966 1094 καὶ
1006 1044 1073 1095 τὰ
1121 1040 1342 1095 πλεῖστα
1396 1042 1589 1092 τούτων
1638 1057 1701 1089 πο

701 1059 819 1117 ῑρια·
875 1045 966 1094 καὶ
1006 1044 1073 1095 τὰ
1121 1040 1342 1095 πλεῖστα
1396 1042 1589 1092 τούτων
1638 1057 1737 1089 πα·
1846 1035 2077 1092 sancita
2107 1042 2296 1093 erant.

104 1137 363 1204 ρέπεισαν
393 1134 474 1202 μὴ
518 1126 778 1203 δέχεσθαι
818 1132 884 1184 τὰ
924 1132 1220 1205 κυρωθέντα
1256 1130 1400 1205 παρὰ
1432 1133 1524 1188 τὴς
1560 1128 1738 1198 τετάρ-

106 1241 167 1278 τη
178 1241 200 1281 ς
230 1215 503 1274 συνόδου.

172 1385 210 1434 7
235 1405 253 1419 .
315 1361 585 1435 Διέλαειπε
636 1357 698 1414 δε
752 1368 863 1424 τοῖς
910 1361 1076 1415 ἐκεῖσε
1139 1365 1252 1414 τότε
1307 1364 1516 1433 μέρεσιν
1578 1361 1606 1412 ό
1652 1358 1738 1411 ἑπ-

1919 1364 1972 1417 3.
2011 1358 2201 1415 Illuxit
2245 1362 2450 1415 autem
2500 1358 2627 1414 suis
2681 1357 2952 1431 partibus
3007 1357 3097 1413 vir
3141 1356 3247 1435 qui
3288 1371 3358 1412 ex
3392 1370 3504 1412 sua

106 1456 317 1525 ὧνυμος
385 1434 487 1503 ἐπί
528 1449 681 1524 ἀρετῇ
734 1455 915 1525 Πατὴρ
972 1453 1119 1522 ἡμῶν
1186 1450 1472 1521 Ευθύμιος,
1528 1449 1578 1509 ὃς
1648 1467 1701 1498 κο

1909 1454 2061 1505 rtute
2101 1448 2564 1517 cognominatus
2611 1453 2701 1503 est
2752 1446 3127 1517 Euthymius,
3178 1434 3350 1502 Pater
3387 1460 3504 1501 no-

109 1551 200 1603 τῆς
261 1537 602 1602 κακοδοξίας
661 1548 763 1591 τῶν
837 1540 1090 1592 πλείστων
1168 1538 1367 1597 ἀπέστη
1444 1540 1575 1611 μετὰ
1647 1557 1704 1588 κο

1914 1554 1983 1608 ar,
2013 1537 2117 1610 qui
2146 1542 2203 1592 et
2245 1553 2318 1592 ex
2364 1536 2478 1592 hac
2518 1535 2680 1591 mala
2724 1535 2996 1591 doctrina
3043 1550 3181 1590 cum
3226 1536 3351 1590 suis
3380 1548 3509 1589 mo-

108 1639 208 1681 ti»
263 1634 371 1681 σὺν
418 1628 564 1699 αὐτῷ
625 1636 894 1701 μοναχῶν·
949 1625 1224 1701 δεξάμενος
1270 1630 1371 1702 γὰρ
1425 1632 1513 1679 τόν
1571 1625 1620 1678 ἐν
1672 1645 1703 1678 τ

1915 1627 2057 1683 ichis
2100 1624 2440 1681 declinavit.
2490 1627 2812 1698 Postquam
2861 1624 3021 1679 enim
3055 1624 3285 1697 accepit
3311 1620 3510 1677 decla-

114 1713 334 1789 συνόδῳ
422 1717 781 1788 ἐκφωνηθέντα
852 1718 991 1791 ὅρον,
1066 1724 1308 1790 συνεῖχεν
1389 1716 1574 1777 αὐτοὺς
1648 1735 1709 1765 κα

1921 1722 2043 1771 tam
2101 1731 2139 1770 a
2195 1714 2433 1785 synodo
2480 1712 2915 1779 deﬁnitionem,
2965 1728 3070 1768 eos
3119 1708 3510 1782 congregavit

117 1768 312 1789 "”".
428 1768 437 1769 ί
493 1768 505 1788 ι
611 1768 731 1775 ""
864 1768 891 1791 'i
978 1768 991 1787 ν
1174 1768 1255 1790 ⁷η.
1560 1768 1573 1777 -

110 1813 381 1867 παντοίως
444 1805 706 1881 ἐπεχείρει
760 1807 954 1859 πείθειν
1028 1808 1093 1867 ὡς
1166 1808 1372 1879 ἔννομον
1425 1808 1455 1864 ἠ
1523 1800 1705 1857 σύνοδι

1935 1803 2102 1859 omni
2133 1803 2318 1859 modo
2348 1800 2463 1858 illis
2501 1801 2865 1874 persuadere
2901 1802 3145 1857 tentavit
3198 1800 3509 1874 synodum

111 1902 203 1948 καὶ
232 1895 405 1971 ὀρθήν
450 1897 739 1953 ἐποιήσατο
795 1899 891 1953 τὴν
948 1903 1046 1947 τῶν
1105 1891 1202 1947 δύο
1258 1898 1460 1967 φύσεων
1512 1893 1706 1966 ἐκφωνη

1914 1894 2178 1965 gitimam
2227 1898 2285 1948 et
2327 1897 2553 1948 rectam
2591 1892 2749 1948 hanc
2795 1890 3206 1947 deﬁnitionem
3241 1908 3509 1964 pronun—

113 2006 220 2055 σιν,
271 1990 373 2037 καὶ
429 1983 647 2045 πολλοὺς
705 1983 955 2058 ἀπηλειφε
1017 1990 1108 2036 καὶ
1173 1984 1555 2059 παρεσκεύαζεν
1603 1984 1708 2035 οὔτε

1913 1999 2046 2051 isse,
2101 1986 2158 2038 et
2212 1980 2437 2037 multos
2496 1979 2876 2053 praemunivit
2927 1980 3279 2052 induxitque
3311 1985 3375 2037 ut
3424 1981 3508 2039 sic

113 2081 348 2147 ppassim
396 2072 486 2134 Ὠς
541 2068 601 2125 δὲ
677 2077 735 2125 τὸ
815 2078 976 2125 κακόν
1031 2073 1181 2126 πλέον
1247 2073 1535 2145 ἐπενέμετο,
1594 2091 1708 2147 χειρ

1911 2070 2181 2128 ederent.
2223 2072 2369 2125 Cum
2409 2075 2613 2124 autem
2649 2067 2795 2123 illud
2836 2067 3063 2123 malum
3091 2068 3506 2132 invalesceret,

109 2172 209 2223 τῆς
286 2160 628 2235 βασιλίσσης
700 2158 957 2223 Εὑδοκίας
1053 2161 1286 2233 μάλιστα
1367 2165 1704 2236 κρατυνόμενι

1916 2178 1930 2216 >
1951 2158 2328 2232 imperatrice
2350 2156 2618 2213 Eudoxia
2639 2156 2973 2229 praesertim
2989 2156 3343 2212 roboratum
3369 2163 3511 2213 tunc

112 2252 290 2303 ἐκεῖσε
351 2255 475 2322 περὶ
527 2253 650 2312 τοὺς
709 2248 893 2321 ἁγίους
932 2256 1124 2311 τόπους
1178 2246 1580 2321 διατριϐούσης,
1625 2268 1707 2300 συν

1917 2248 2138 2321 mporis
2168 2247 2284 2303 illic
2311 2262 2500 2319 prope
2529 2246 2664 2301 loca
2707 2252 2922 2301 sancta
2970 2244 3247 2315 degente,
3282 2261 3512 2318 praece-

115 2340 417 2414 ταξάμενος
473 2344 563 2392 καὶ
618 2339 970 2412 παραγγείλας
1044 2347 1153 2400 τοῖς
1230 2338 1416 2391 ἑαυτοῦ
1491 2346 1710 2412 μοναχοῑ

1920 2338 2092 2394 tsuis
2117 2336 2434 2393 monachis
2465 2350 2690 2407 eosque
2739 2333 3010 2389 hortatus
3064 2337 3152 2389 est
3207 2349 3282 2389 ne
3336 2332 3512 2390 malae

115 2434 190 2501 μή
231 2435 567 2486 κοινωνῆσαι
619 2436 682 2500 τῇ
743 2425 1036 2502 κακοδοξίᾳ
1110 2421 1418 2497 Θεοδοσίου,
1471 2424 1710 2500 ἀπεδὴμι

1917 2426 2172 2484 ιεοᾱοείί
2196 2424 2484 2481 doctrinae
2507 2422 3044 2489 communicarent,
3062 2422 3429 2497 recessitque
3453 2423 3512 2478 in

122 2538 213 2572 σεν
243 2516 297 2570 ἰν
348 2524 414 2590 τῇ
463 2515 658 2591 ἐρήμῳ.
717 2517 843 2572 Μετ’
900 2519 957 2570 οὑ
1001 2517 1129 2571 πολύ
1162 2513 1221 2570 δὲ
1259 2522 1611 2592 γνωρίσαντος
1658 2517 1717 2569 αὖ

1916 2523 2184 2573 ssertum.
2227 2514 2409 2571 Paulo
2438 2517 2575 2588 post
2603 2518 2804 2569 autem
2843 2528 2980 2568 cum
3022 2511 3302 2568 Eudoxiaa
3331 2529 3405 2569 ex
3425 2512 3511 2568 di-

126 2615 222 2659 τοῦ
411 2601 646 2678 Εὖδοκία
704 2612 798 2665 τὴν
847 2610 1227 2681 φανερωθεῖσαν
1298 2608 1440 2680 αὐτῷ
1497 2605 1553 2659 ἔκ
1614 2615 1721 2660 Θεοε

1919 2622 2000 2662 na
2044 2604 2406 2661 revelatione
2458 2601 2647 2676 ipsius
2692 2600 3109 2670 migrationem
3141 2616 3212 2657 eo
3239 2617 3510 2676 corpore,

124 2698 467 2769 μετάστασιν
532 2696 698 2758 αὐτῆς
771 2695 825 2748 ἐκ
907 2706 998 2749 τοῦ
1074 2705 1346 2773 σώματος,
1424 2700 1615 2760 ἐκείνης
1697 2718 1719 2751 τ

1919 2696 2025 2750 'evi
2046 2690 2308 2751 futuram
2342 2693 2726 2759 declarasset,
2757 2690 2977 2763 illaque
2996 2690 3227 2746 tristitia
3248 2690 3514 2747 afﬁcere-

126 2786 428 2857 éatmsaé'm;
485 2779 580 2836 διὰ
640 2787 707 2836 τὰ
770 2784 1043 2858 συμϐάντα
1103 2786 1151 2840 ἓν
1205 2788 1373 2863 Ῥώμη
1446 2786 1592 2842 δεινὰ
1650 2796 1721 2839 τῶ

1918 2799 1955 2839 ιτ
1977 2787 2221 2857 propter
2269 2781 2748 2855 propinquorum
2797 2777 2957 2835 mala
2986 2778 3089 2851 qui
3127 2782 3329 2835 Romae
3357 2778 3513 2853 bello

128 2875 295 2936 αὐτῆς
344 2881 611 2944 συγγενῶν
653 2872 818 2926 ἐκεῖσε
865 2875 1416 2948 αἰχμαλωτισθέντων,
1459 2882 1546 2929 καὶ
1585 2886 1723 2929 ταῦθ

1925 2873 2016 2944 .pti
2048 2876 2237 2940 erant,
2264 2870 2607 2941 diceretque
2638 2884 2709 2923 ea
2738 2873 2982 2940 propter
3010 2866 3139 2938 ejus
3170 2883 3307 2922 cum
3334 2867 3520 2924 haere-

124 2964 379 3033 λέγοντός
428 2961 591 3014 αὐτοῦ
650 2958 745 3015 διὰ
805 2968 900 3023 τὴν
961 2967 1207 3040 αἱρέσεως
1276 2973 1541 3019 κοινωνίαν
1604 2965 1718 3018 ἐπεν

1920 2963 1991 3017 sis
2035 2959 2546 3023 communionem,
2591 2958 2709 3011 Deo
2758 2954 3154 3029 permittente.
3200 2955 3515 3024 accidisse,

131 3053 365 3122 εχθῆναι
434 3049 567 3123 αὐτῇ
625 3054 761 3103 κατὰ
811 3054 948 3104 Θείαν
1010 3061 1382 3129 συγχώρησιν,
1441 3057 1650 3112 κάκείνη
1701 3075 1726 3107 τ

1926 3066 2081 3124 aque
2120 3066 2193 3105 ex
2229 3050 2340 3103 hac
2397 3046 2609 3102 haeresi
2666 3046 2913 3114 abstitit,
2970 3048 3028 3100 et
3058 3044 3137 3099 ad
3161 3044 3451 3114 dogmata
3480 3059 3518 3100 a

132 3148 224 3200 τῆς
270 3143 532 3200 τοιαύτης
570 3136 770 3199 ἀπέστη
825 3143 1088 3215 αἱρέσεως,
1138 3149 1228 3195 καὶ
1283 3152 1393 3207 τοῖς
1443 3147 1727 3220 κυρωθεῖσι

1923 3115 2099 3195 modo
2131 3136 2489 3192 conﬁrmata
2534 3135 2724 3199 rediit,
2767 3138 2824 3190 et
2871 3132 3187 3188 Theodosii
3230 3132 3518 3202 dogmata

130 3230 235 3281 ὑπό
272 3236 379 3290 τῆς
441 3224 668 3280 συνόδου
722 3228 1031 3303 ἓστοίχησε,
1070 3238 1162 3285 καὶ⁵
1213 3236 1280 3285 τὰ
1338 3240 1431 3285 τοῦ
1469 3230 1719 3286 Θεοδοσίο

1923 3225 2407 3289 iathematizavit,
2461 3224 2566 3296 qui
2604 3223 2844 3278 unicam
2888 3220 3059 3277 Verbi
3103 3226 3159 3276 et
3186 3222 3384 3277 carnis
3411 3237 3518 3279 na-

135 3316 489 3390 ἆινεθεμοέτισε
527 3312 791 3392 δόγματα,
823 3324 949 3392 μίαν
981 3323 1134 3393 φύσιν
1163 3329 1256 3373 τοῦ
1302 3327 1475 3394 Λόγου
1523 3326 1611 3374 καὶ
1661 3328 1722 3381 τῆ

1932 3332 2060 3373 ram
2086 3314 2343 3371 docebat
2385 3318 2442 3369 et
2469 3310 3021 3369 Chalcedonensem
3053 3310 3358 3382 synodum
3381 3325 3520 3384 pro-

137 3412 343 3481 σαρκός
402 3402 833 3479 δογματίζοντος,
902 3413 992 3461 καὶ
1050 3416 1144 3469 τὴν
1203 3409 1250 3462 ἂν
1295 3407 1599 3468 Χαλκηδόνι
1639 3411 1732 3462 σύν

1926 3406 2202 3473 ribebat;
2241 3409 2297 3461 et
2328 3403 2495 3459 multi
2541 3418 2615 3458 ex
2653 3400 3050 3457 schismaticis
3092 3399 3207 3473 ipsi
3254 3399 3521 3457 adhaese-

134 3492 260 3548 οδον
321 3493 815 3569 ἑξοστρακίζοντός·
859 3503 950 3550 καὶ
1000 3498 1179 3552 πολλοὶ
1221 3508 1321 3551 τῶν
1378 3498 1729 3573 ἀποσχριστῶ

1867 3502 2025 3563 runt,
2052 3500 2110 3551 et
2138 3493 2611 3551 orthodoxorum
2638 3490 2927 3561 dogmata
2958 3488 3220 3561 amplexi
3251 3494 3410 3545 sunt.

136 3586 269 3660 ωὲτῇ
305 3582 685 3655 ἐκοινώνησαν,
733 3591 823 3639 καὶ
870 3590 935 3640 τὰ
983 3596 1075 3649 τῆς
1106 3584 1416 3663 ὀρθοδοξίας
1446 3590 1758 3649 ἠσπάσαντο

137 3671 417 3747 δόγματα.

205 3815 275 3870 δ’.
321 3818 589 3891 Ταροίχου
632 3814 693 3872 δὶ
758 3818 911 3872 πάλιν
967 3821 1028 3873 οὐ
1077 3828 1171 3874 τοῦ
1222 3826 1480 3894 τυχόντος
1518 3825 1612 3879 τὴν
1648 3821 1763 3874 Ἐκο

1940 3819 1994 3872 4.
2034 3814 2296 3871 Turbata
2320 3816 2523 3869 autem
2553 3809 2728 3867 valde
2745 3808 3007 3866 Ecclesia
3024 3823 3265 3864 rursum
3292 3809 3408 3863 Leo
3428 3807 3525 3863 cui

133 3906 367 3963 κλησίαν
408 3910 748 3977 κατέχοντος,
805 3912 948 3962 Λέων
997 3910 1038 3980 ᾧ
1103 3914 1162 3962 τὸ
1222 3909 1485 3984 ἐπώνυμον
1559 3908 1728 3964 Mante?

1928 3918 2210 3974 ignomen
2256 3899 2547 3965 Macelles,
2596 3902 2733 3970 post
2788 3897 3151 3953 Marcianum
3195 3896 3523 3965 imperator

131 3994 245 4065 λιες,
282 3997 425 4067 μετὰ
475 4000 778 4070 Μαρκιανόν
829 3995 1075 4071 βασιλεύς
1141 3981 1551 4075 ἀνακηρυχθεὶς,
1618 3997 1726 4051 ὶϐοί

1933 3996 2114 4062 ectns,
2168 3989 2413 4046 volebat
2462 3986 2709 4060 quidem
2753 3984 2880 4056 ipse
2934 3982 3238 4075 synodum
3294 3981 3370 4038 de
3433 3982 3528 4038 his

129 4082 245 4135 λετο
422 4087 520 4135 καὶ
566 4084 719 4146 αὐτὸς
763 4083 983 4140 σύνοδον
1047 4096 1412 4162 συγκροτῆσαι
1475 4091 1594 4160 περὶ
1647 4089 1724 4139 τοί

1932 4094 2225 4136 invocare.
2251 4079 2395 4134 Cum
2421 4080 2622 4131 autem
2648 4071 2955 4128 didicisset
2980 4068 3527 4127 Chalsedonensem

131 4192 253 4223 των·
294 4175 464 4243 γνοὺς
516 4168 575 4225 δὲ
614 4176 684 4237 ὡς
735 4175 795 4227 οὐ
848 4179 949 4251 πρὸ
1004 4175 1192 4228 πολλοῦ
1248 4178 1278 4235 ἠ
1341 4174 1390 4228 ἐν
1459 4171 1726 4232 Χαλκηδόι

1934 4186 1995 4226 >n
2024 4169 2215 4224 multo
2244 4171 2381 4222 ante
2422 4162 2693 4219 habitam
2743 4176 2894 4222 esse,
2940 4159 3243 4232 nolletque
3283 4175 3529 4216 rursum

135 4263 527 4337 συνήθροιστο,
571 4267 661 4315 καὶ
718 4267 792 4337 μὴ
853 4264 1008 4317 θέλων
1069 4262 1217 4326 αὖθις
1277 4269 1395 4326 τοὺς
1442 4265 1730 4317 ἐπισκόπου

1931 4259 2190 4330 )iscopos
2246 4252 2545 4310 continuis
2597 4249 2907 4306 itineribus
2936 4253 2995 4305 et
3032 4247 3526 4305 translationibus

134 4358 252 4412 ταῖς
302 4357 547 4422 συχναῖς
600 4348 926 4426 ἀποδημίαις
997 4357 1087 4406 καὶ
1153 4352 1533 4427 μεταϐιϐασεσι
1604 4372 1729 4404 κατα

1934 4362 2109 4414 ικιιτθ,
2142 4341 2515 4414 singularum
2546 4337 2994 4413 provinciarum
3042 4336 3338 4408 episcopis
3368 4337 3529 4393 misit

138 4440 486 4511 τρύχεσθαι,
539 4447 643 4501 τοῖς
698 4440 816 4495 καθ’
869 4442 1094 4501 ἑκάστην
1147 4441 1411 4515 ἐπαὰχίαν
1459 4441 1733 4495 ἔπισκόποι

1939 4432 2185 4500 andata,
2228 4428 2450 4502 quibus
2480 4425 2823 4501 postulabat
2852 4428 2918 4480 ut
2945 4439 3121 4480 suam
3168 4423 3244 4479 de
3292 4423 3532 4480 Chalce-

138 4526 412 4587 κελεύσεις
502 4524 770 4581 ἀπέστειλε
797 4572 812 4596 ,
905 4526 1148 4592 δηλώσας
1219 4527 1298 4583 δι’
1362 4531 1549 4602 αὐτῶν,
1616 4536 1733 4583 ποίο

1935 4522 2129 4580 mensi
2182 4528 2421 4593 synOdo
2469 4515 2825 4573 sententiam
2875 4513 2992 4569 sibi
3027 4529 3214 4586 quam
3246 4512 3530 4569 citissime

139 4616 341 4686 ἰχουσι
400 4606 647 4689 φρόνημα
700 4622 819 4693 περὶ
864 4626 961 4682 τῆς
1010 4619 1069 4672 ἐκ
1130 4617 1434 4680 Χαλκηδόνι
1492 4601 1734 4678 συστάση

1935 4616 2147 4669 )tatum
2177 4609 2459 4665 facerent.
2493 4605 2718 4671 Quibus
2757 4601 3013 4675 acceptis
3045 4602 3370 4669 mandatis,
3401 4602 3530 4675 plu-

141 4700 412 4768 συνόδου,
451 4710 801 4777 παραστῆσαί
854 4708 904 4760 οἱ
937 4704 1033 4761 διὰ
1085 4711 1303 4781 τάχους
1350 4708 1411 4761 οὗ
1473 4712 1736 4780 γεγονότος

1941 4720 1968 4758 s
1997 4716 2183 4774 quam
2213 4697 2373 4754 mille
2402 4694 2668 4769 episcopi
2715 4691 3169 4764 rescripserunt,
3202 4692 3530 4764 synodum-

139 4792 352 4853 :r'uiou;
393 4791 423 4850 ἣ
467 4791 642 4864 χίλιοι
679 4794 956 4849 ἐπίσκοποι
1011 4796 1316 4871 ὑπέγραψαν
1360 4802 1451 4850 καὶ
1502 4802 1596 4855 τὴν
1645 4798 1734 4849 σύν

1939 4807 1991 4847 ιθ
2030 4788 2482 4846 conﬁrmarunt.
2527 4785 2850 4855 Postquam
2893 4786 3096 4837 autem
3131 4785 3404 4836 mortuus
3444 4784 3534 4836 est

141 4877 263 4933 οδον
320 4879 702 4954 ἐπεκύρωσαν.
756 4891 861 4938 Τοῦ
915 4882 975 4938 δε
1027 4890 1247 4949 Λέοντος
1300 4889 1389 4938 τὸν
1456 4885 1574 4959 βίον
1647 4904 1736 4958 μετ

1932 4896 2008 4943 eo,
2059 4880 2335 4948 Zenoque
2386 4878 2443 4929 et
2491 4869 2845 4927 Anastasius
2892 4869 3075 4941 paulo
3104 4873 3242 4941 post
3267 4883 3527 4938 regnum

139 4970 467 5043 ἠλλαχότος,
512 4977 746 5036 Ζήνωνός
783 4994 839 5028 τε
888 4980 979 5028 καὶ
1027 4975 1377 5030 ’Δναστασίου
1434 4973 1544 5049 μετ’
1592 4974 1734 5046 όλίγο

1936 4968 2074 5041 lepti
2103 4970 2260 5032 sunt,
2288 4977 2500 5019 rursus
2521 4963 2729 5016 contra
2757 4958 3064 5030 synodum
3097 4956 3423 5013 adversarii
3446 4955 3531 5013 lo—

143 5057 612 5131 βασιλευσςὲντων,
669 5062 966 5139 παῤῥήσίαν
1030 5073 1124 5118 τοῦ
1187 5065 1352 5137 λέγειν
1411 5067 1564 5127 αὐθις
1631 5082 1738 5116 κατ‹

1936 5057 1976 5113 ii
2005 5054 2135 5112 ausi
2166 5057 2304 5108 sunt
2328 5054 2386 5106 et
2410 5047 2817 5105 Jacobitarnm
2854 5044 3531 5118 Theodosianorumque

138 5156 232 5210 τῆς
282 5144 525 5202 συνόδου
573 5152 624 5203 οἱ
664 5148 737 5204 δι’
791 5152 1024 5216 ἐναντίας
1066 5152 1368 5228 ἐλάμϐανον,
1426 5158 1517 5206 καὶ
1566 5156 1623 5205 τὸ
1664 5160 1733 5205 τῶ

1931 5143 2264 5201 »ωωὶεειιιει
2291 5142 2381 5194 est
2409 5134 2748 5199 multitudo,
2780 5148 3090 5204 unamque
3116 5132 3291 5188 Verbi
3314 5138 3371 5189 et
3400 5149 3526 5190 car-

138 5235 473 5291 ’Ῑακωϐιτῶν
560 5259 651 5292 και
743 5238 1105 5297 Θεοδοσιανῶν
1193 5241 1432 5316 ἐκώμασε
1514 5241 1713 5303 πλῆθος

1936 5253 1962 5291 s
1985 5238 2264 5290 naturam
2285 5226 2700 5301 praedicabant
2717 5222 3145 5297 synodumque
3178 5223 3529 5282 anathema-

139 5330 263 5395 μίαν
308 5329 474 5400 φύσιν
523 5335 618 5381 τοῦ
673 5333 850 5402 Λόγου
903 5335 994 5384 καὶ
1040 5339 1133 5394 τῆς
1190 5311 1387 5406 σαρκός
1448 5328 1733 5405 πρεσϐευόν

1932 5324 2151 5381 nabant.
2203 5318 2391 5376 Iidem
2437 5331 2620 5390 porro
2678 5311 3057 5369 conabantur
3106 5313 3298 5369 sancti
3350 5329 3527 5387 papte

140 5423 258 5483 τῶν,
296 5421 396 5469 καὶ
448 5421 549 5475 τὴν
590 5416 813 5473 σύνοδον
858 5418 1365 5494 ἂναθεματιζόντων.
1415 5420 1481 5472 Oi
1520 5415 1570 5472 δ’
1610 5418 1735 5472 αὐτο

1931 5411 2122 5470 Jmani
2176 5406 2386 5465 Leonis
2444 5410 2677 5461 tomum
2729 5404 3009 5457 evertere.
3059 5401 3175 5458 Sed
3236 5403 3526 5474 Eulogius

144 5501 418 5580 ἔπειρῶντο
474 5511 570 5562 καὶ
628 5512 718 5562 τὸν
756 5515 918 5584 τόμον
978 5509 1260 5586 ἀνατρέψαι
1318 5517 1411 5563 τοῦ
1478 5508 1525 5561 ἐν
1588 5506 1731 5580 ἆγίοι

1932 5515 2102 5558 mum
2121 5499 2285 5554 hunc
2313 5491 2650 5567 explicavit,
2690 5487 2950 5546 ostendit
2980 5504 3120 5545 eum
3167 5495 3328 5547 recta
3365 5491 3523 5548 ince-

147 5578 361 5660 Λέοντος
421 5601 580 5652 πάπα
639 5578 861 5674 Ῥὡμηςο
924 5600 1032 5655 ἀλλ’
1089 5578 1335 5674 έῦλόγιος
1393 5601 1418 5653 ό
1482 5598 1532 5653 ἐν
1589 5578 1742 5671 ἆγίοιι

1926 5608 2009 5651 are
2053 5588 2323 5661 nihilque
2371 5583 2688 5656 obliquum
2751 5583 2811 5637 et
2873 5578 2954 5637 ab
3011 5580 3348 5644 orthodoxa
3399 5589 3521 5651 ﬁde
