4040 6318
570 314 637 376 ⁸71
1918 301 2186 371 NICETE
2215 302 2590 371 CHONIATE

3884 316 3980 380 ‘72

570 442 835 501 alienum
861 442 963 500 illo
993 440 1197 501 inferri
1227 437 1512 498 omnibus
1548 437 1809 498 dilucide
1839 437 2214 496 monstravit.

2334 440 2419 490 τόν
2449 455 2504 490 τε
2531 440 2684 496 τόμιον
2723 436 3020 511 ἐξηγήσατο
3044 438 3185 512 (1)ξ,’
3213 443 3304 493 καὶ
3353 438 3524 505 καλῶς
3569 442 3710 515 ἔχειν
3761 452 3973 500 τοῦτον

571 536 847 589 Attamen
874 537 930 589 et
955 533 1040 589 sic
1068 530 1291 588 diutius
1315 530 1375 586 in
1413 528 1782 586 oblivionem
1811 528 2021 586 incidit
2048 542 2227 601 syno-

571 621 706 694 dus,
754 626 809 678 et
848 620 1269 695 unusquisque
1314 617 1481 693 quod
1534 617 1648 675 sibi
1690 616 2034 691 jucundum
2071 619 2229 673 esset

567 710 932 785 principium
984 708 1254 783 arripuit,
1312 710 1371 765 et
1411 707 1705 782 quoniam
1760 706 1982 777 singuli
2008 705 2087 763 ad
2112 704 2227 762 sibi

570 804 878 874 acceptam
897 799 1081 856 ﬁdem
1096 795 1546 868 confugiebant,
1565 811 1789 867 magna
1807 795 2224 853 haereticorum

568 895 626 948 et
650 889 1173 947 schismaticorum
1206 886 1526 944 multitudo
1557 886 1831 945 recrevit.
1868 884 2225 942 Anastasius

565 980 765 1052 igitur,
788 991 1027 1050 magna:
1074 976 1401 1035 Antiochiae
1442 975 1689 1032 antistes
1716 990 1828 1049 pro
1859 974 2098 1048 synodo
2135 974 2225 1030 in-

567 1070 725 1143 stitit,
777 1074 836 1126 et
879 1065 1253 1139 dogmaticos
1296 1080 1563 1123 canones
1626 1064 1848 1138 scripto
1903 1063 2220 1137 deposuit;

562 1160 883 1233 ipsamque
924 1156 1229 1231 synodum
1263 1156 1419 1213 bene
1465 1154 1673 1212 omnia
1703 1153 2052 1211 deﬁnivisse
2080 1167 2221 1210 con-

562 1249 772 1317 tendit,
825 1252 883 1306 et
927 1247 1109 1321 plena
1162 1261 1291 1304 esse
1338 1244 1557 1318 pietate
1604 1244 1737 1316 ejus
1790 1241 2083 1314 dogmata
2122 1241 2222 1298 de-

562 1341 882 1396 monstrat.

564 1428 735 1504 πλήρη
797 1424 1081 1487 θεοσεϐείας
1134 1421 1263 1478 εἶναι
1311 1425 1377 1477 τά
1425 1425 1614 1486 ταύτης
1668 1426 1953 1482 συνίστησι
2000 1416 2263 1494 δόγματα.

635 1574 685 1627 5.
729 1571 1007 1626 Fautores
1029 1571 1228 1625 autem
1259 1566 1401 1635 Caii,
1428 1570 1485 1622 et
1513 1564 1797 1629 Dioscori,
1828 1568 1885 1621 et
1910 1563 2116 1621 Jacobi
2147 1579 2218 1620 ac
2253 1566 2293 1622 Β

562 1662 779 1733 postea
810 1657 1027 1726 Severi,
1067 1660 1125 1713 et
1168 1655 1415 1713 Joannis
1448 1653 1758 1727 Philoponi
1782 1654 1889 1728 qui
1918 1659 1974 1711 et
1997 1654 2219 1726 scripta

561 1747 754 1805 multa
799 1746 874 1803 de
921 1744 1037 1803 hac
1082 1745 1299 1803 haeresi
1348 1743 1537 1801 edidit
1585 1742 1985 1801 intolerabilia
2036 1758 2218 1814 aegre-

561 1852 681 1911 que
722 1835 1089 1907 reffelleuda,
1141 1835 1384 1892 unicam
1425 1835 1675 1909 quidem
1719 1839 2020 1900 naturam,
2063 1832 2218 1889 duas

559 1941 703 1984 vero
722 1926 1080 2000 hypostases
1109 1924 1463 1998 impiissime
1492 1924 1843 1987 docuerunt.
1874 1924 1940 1979 In
1970 1922 2218 1997 quibus-

560 2014 704 2073 dam
735 2020 938 2072 tamen
991 2030 1240 2072 suorum
1277 2013 1569 2070 librorum
1612 2012 1759 2069 locis
1805 2018 1862 2069 et
1902 2013 2015 2087 ipsi
2060 2011 2216 2069 duas

558 2110 806 2162 naturas
851 2103 1234 2170 conﬁtentur,
1284 2102 1390 2160 sed
1433 2102 1786 2159 addendum
1839 2107 1947 2171 est,
2000 2118 2076 2159 ne
2118 2101 2219 2159 tali

557 2197 852 2252 sermonis
880 2194 1257 2268 oppositione
1283 2192 1660 2265 decipiamur
1697 2197 1755 2249 et
1792 2208 2082 2265 erremus,
2115 2207 2217 2248 eos

555 2284 776 2357 partim
805 2284 1020 2341 eadem
1050 2299 1121 2340 ac
1154 2299 1268 2339 nos
1305 2281 1563 2354 opinari,
1592 2281 1761 2355 quod
1792 2280 2064 2354 plerique
2095 2296 2218 2337 non

556 2376 833 2430 accurate
863 2371 1433 2439 animadverterunt,
1468 2375 1525 2427 et
1569 2369 1711 2427 inde
1756 2370 1818 2427 in
1866 2385 2077 2426 eorum
2108 2369 2219 2426 im-

556 2461 838 2534 pietatem
884 2459 1112 2517 inducti
1159 2463 1318 2516 sunt.
1366 2457 1666 2525 Quidnam
1713 2459 1895 2529 igitur
1952 2457 2216 2515 docent?

558 2547 813 2615 Quando
850 2548 913 2605 in
959 2547 1191 2606 Christo
1219 2548 1642 2605 convenientes
1666 2552 1934 2618 naturas,
1966 2547 2216 2605 alteram

556 2636 636 2694 ab
661 2637 845 2694 altera
861 2642 1161 2710 separant,
1194 2638 1349 2695 duas
1379 2652 1513 2693 esse
1556 2652 1659 2693 eas
1690 2637 2037 2693 necessario
2076 2652 2215 2694 con-

554 2727 831 2795 ﬁtentur;
860 2726 1107 2800 quando
1134 2731 1337 2783 autem
1362 2730 1683 2800 utramque
1704 2725 1765 2782 in
1790 2725 1997 2783 Christi
2024 2725 2217 2783 incar-

551 2816 797 2873 natione
824 2814 1058 2888 uniunt,
1088 2820 1231 2872 tunc
1255 2831 1380 2873 non
1405 2811 1561 2872 dua's
1604 2814 1952 2872 inconfusas
2001 2832 2214 2873 conve-

2335 523 2592 595 ἀπέδειξε,
2636 532 2728 581 καὶ
2769 525 2939 601 μηδὲν
2992 529 3201 583 σκολιόν
3247 534 3338 585 καὶ
3390 538 3484 595 τῆς
3534 529 3821 608 όρθοδόξου
3866 540 3973 588 πί⁹

2337 633 2495 678 στεως
2527 614 2744 689 ἀπέχον,
2794 619 2961 690 τούτῳ
3008 616 3321 693 ἕμφέρεσθαι
3362 614 3705 693 διετράνωσεν
3746 625 3965 680 ἅπασι.

2335 711 2473 763 Πλὴν
2498 710 2588 758 καὶ
2618 705 2776 768 οὕτως
2816 706 2846 765 ἢ
2880 724 2934 760 τε
2983 704 3201 770 σύνοδος
3256 706 3341 761 ἰπὶ
3385 708 3513 761 πολὺ
3560 708 3970 784 ἀμνημόνευτος

2333 796 2515 867 ἔμεινε,
2546 798 2637 848 καὶ
2656 800 2754 857 πᾶς
2784 814 2863 859 τις
2887 800 2982 856 τὴν
3013 795 3186 868 ἐκείνῳ
3214 799 3421 871 θυμὴρη
3452 796 3709 853 ὶπεσπᾶιτο
3741 801 3963 876 ἀρχὴν,

2332 887 2421 935 καὶ
2454 880 2547 936 διὰ
2574 888 2632 937 τό
2670 887 2737 947 ὡς
2767 884 2926 938 εἰπεῖν
2955 886 3173 939 ἕκαστον
3202 890 3333 960 πρός
3360 891 3452 946 τὴν
3481 883 3742 942 δοκοῦσαν
3774 890 3966 963 ἑαυτῷ

2331 978 2511 1026 πίστιν
2551 970 2883 1048 ἀποτρέχειν,
2914 974 3114 1038 πλῆθος
3154 978 3235 1029 ὅτι
3274 974 3404 1029 πολύ
3445 978 3714 1050 αἱρετικῶν
3746 978 3958 1054 ἀνεφύη

2331 1066 2422 1115 καὶ
2450 1060 2817 1136 ἀποσχιστῶν.
2862 1064 3208 1127 Ἀναστάσιος
3236 1069 3325 1139 μὶν
3366 1064 3453 1119 οὖν
3502 1069 3528 1120 ό
3567 1075 3663 1131 τῆς
3707 1069 3964 1142 μεγάλης

2333 1150 2657 1225 Ἀντιοχείας
2686 1148 2944 1229 πρόεδρος
2974 1154 3100 1230 ὑπὲρ
3133 1162 3224 1216 τῆς
3262 1152 3487 1209 συνόδου
3532 1154 3821 1230 ἐνίσταται,
3852 1164 3964 1212 καὶ

2333 1236 2685 1315 δογματικοὺς
2741 1247 2954 1305 κανόνας
3015 1242 3287 1319 ἐγγράφως
3349 1244 3622 1300 imam;-
3683 1247 3849 1308 αύτήν
3895 1267 3965 1303 τε

2330 1334 2425 1392 τὴν
2475 1328 2696 1387 σύνοδον
2740 1333 2905 1396 καλῶς
2960 1333 3041 1388 ἐπὶ
3092 1341 3253 1389 πᾶσιν
3284 1337 3462 1411 ὁρίσαι
3498 1341 3817 1413 παρίστησι,
3858 1357 3963 1406 καὶ

2400 1563 2454 1624 ε’.
2495 1568 2561 1619 Οἱ
2620 1562 2679 1621 δι
2735 1571 2854 1642 περὶ
2910 1569 3083 1638 Γάϊον,
3138 1574 3229 1623 καὶ
3286 1561 3717 1646 Διόσκορονβκαὶ
3757 1572 3961 1627 Ἰάκω-

2327 1653 2433 1720 ϐον,
2489 1660 2579 1709 καὶ
2643 1657 2858 1733 ὕστερον
2930 1662 3019 1710 τόν
3071 1658 3313 1732 Σεϐῆρον,
3362 1666 3453 1713 καὶ
3512 1666 3596 1714 τόν
3663 1662 3959 1717 Φιλόπονον

2327 1743 2585 1817 Ἰωάννην,
2629 1749 2714 1798 τόν
2774 1750 2864 1798 καὶ
2936 1751 3327 1822 συγγράμματα
3392 1748 3732 1823 ἐξενηνοχότα
3799 1752 3960 1806 πλεῖ-

2328 1851 2429 1886 στα
2475 1838 2593 1909 περὶ
2647 1842 2737 1897 τῆς
2810 1839 3059 1899 τοιαύτης
3113 1840 3355 1912 αἱρέσεως
3415 1835 3802 1912 δυσφορωτατα
3848 1849 3958 1895 καὶ

2328 1919 2768 1995 δυσέλεγκταῌ),
2807 1930 2931 1998 μίαν
2975 1929 3065 1999 μὲν
3126 1930 3301 2000 φύσιν,
3359 1924 3455 1981 δύο
3510 1924 3568 1982 δὲ
3620 1931 3956 1993 ὑποστάσεις

2328 2011 2652 2067 ἀσεϐέστατα
2702 2011 3078 2088 ἐδογμάτισαν·
3128 2016 3260 2076 πλὴν
3318 2016 3533 2090 ἐνιαχοῦ
3586 2028 3684 2073 τῶν
3732 2020 3951 2075 οἰκείων

2330 2101 2566 2175 βιϐλίων,
2626 2099 2723 2156 δύο
2760 2124 2847 2157 και
2896 2106 3044 2158 αὐτοὶ
3086 2109 3267 2178 φύσεις
3311 2105 3737 2182 ἀνομολογούσιν.
3781 2110 3955 2165 Ἀλλὰ

2325 2196 2634 2266 προσεκτέον
2702 2194 2835 2246 ὥστε
2891 2198 2962 2266 μὴ
3034 2194 3297 2255 κλαπῇναι
3365 2194 3466 2249 ἀπὸ
3531 2205 3623 2259 τῆς
3687 2201 3955 2263 τοιαύτης

2326 2279 2725 2354 ἐναντιολογίας,
2779 2279 2919 2355 μηδὲ
2976 2281 3334 2354 ἀπατηθῆναι,
3404 2286 3484 2338 ὅτι
3550 2284 3599 2338 ἓν
3650 2290 3792 2363 μέρει
3847 2294 3952 2342 καὶ

2326 2369 2475 2423 αύτοὶ
2512 2372 2579 2422 τά
2639 2373 2759 2443 ημῖν
2808 2368 3065 2426 δοκοῦντα
3113 2369 3461 2444 δοξάζουσιν,
3515 2376 3637 2449 ὅπερ
3678 2378 3728 2429 οἱ
3756 2376 3953 2431 πολλοὶ

2325 2462 2397 2531 μὴ
2462 2457 2793 2533 ἀκριϐοῦντες
2855 2460 3107 2532 ᾠήθησάν
3175 2480 3230 2515 τε
3294 2467 3384 2515 καὶ
3440 2467 3630 2536 τρόπον
3687 2466 3805 2518 τινά
3865 2466 3954 2530 εἰς

2324 2553 2419 2607 τὴν
2495 2547 2733 2601 ἀσέϐειαν
2814 2548 2982 2601 αὐτῶν
3046 2548 3444 2623 ἀπηνέχθησαν.
3512 2556 3576 2605 Τί
3645 2552 3762 2606 ποτ’
3847 2550 3952 2607 οὖν

2325 2636 2437 2691 ἔστι
2490 2640 2547 2690 τό
2593 2637 2717 2712 παρ’
2772 2638 2940 2691 αὐτῶν
3002 2634 3349 2713 δοξαζόμενον
3391 2657 3405 2708 ;
3472 2640 3633 2694 Ὀταν
3689 2645 3778 2715 μὶν
3845 2646 3953 2706 τὰς

2326 2726 2673 2793 συνελθούσας
2733 2736 2805 2799 τῷ
2874 2735 2988 2800 Θεῷ
3050 2731 3232 2803 φύσεις
3295 2728 3413 2782 καθ’
3480 2728 3662 2792 ἕαυτὰς
3705 2730 3946 2791 ἑκάστην

2325 2813 2682 2885 διαστήσωσι,
2736 2813 2834 2870 δύο
2893 2819 3085 2879 ταύτας
3165 2816 3570 2893 ἀνομολογοῦσιν
3627 2817 3941 2893 ἀναγκαζό-

554 2903 789 2962 nientes
817 2909 1074 2978 ponunt,
1108 2904 1216 2961 sed
1248 2911 1435 2963 u‘nam
1466 2898 1743 2962 naturam
1775 2905 2203 2979 compositam.

2326 2925 2482 2980 μενον
2542 2908 2664 2959 όταν
2732 2902 2793 2959 δε
2859 2904 3151 2982 ἀμφοτέρας
3214 2910 3476 2962 ἕνωσωσιν
3537 2908 3610 2973 εἰς
3674 2914 3769 2969 τὴν
3837 2920 3939 2965 τοῦ

553 2993 734 3052 Nobis
755 3009 942 3051 unam
969 2993 1353 3067 hypostasim
1401 2995 1803 3068 compositam
1844 2994 2211 3053 nominanti-

552 3081 690 3155 bus,
719 3083 801 3141 illi
829 3098 1016 3140 unam
1038 3084 1443 3157 compositam
1478 3087 1758 3141 naturam
1788 3090 2124 3157 opponunt,
2157 3089 2214 3142 et

555 3171 641 3229 sic
668 3171 923 3229 verbum
944 3170 1206 3230 ludibrio
1230 3173 1476 3231 habent.
1513 3172 1664 3239 Quia
1686 3172 2212 3246 quemadmodum

550 3260 737 3319 homo
775 3261 1046 3319 animam
1076 3267 1134 3319 et
1162 3278 1382 3336 corpus
1421 3262 1625 3329 habet,
1658 3267 1716 3319 et
1747 3261 1933 3319 altera
1962 3263 2210 3336 quidem

551 3350 993 3416 animas,altera
1013 3353 1221 3411 autem
1247 3350 1515 3425 corporis
1537 3355 1772 3421 natura,
1788 3352 1978 3425 siquis
1999 3369 2212 3410 unam-

550 3453 858 3512 quamque
876 3454 985 3511 per
1013 3455 1076 3496 se
1100 3439 1421 3510 intueatur,
1451 3444 1777 3513 postquam
1803 3444 2006 3498 autem
2031 3443 2209 3499 unitas

551 3531 714 3597 sunt,
740 3525 1052 3584 hominem
1086 3527 1351 3585 efﬁciunt
1376 3528 1620 3585 unicam
1651 3533 1935 3585 naturam
1966 3545 2210 3604 compo-

550 3617 728 3674 sitam
757 3616 1125 3686 habentem‘;
1166 3617 1250 3674 sic
1275 3618 1455 3675 etiam
1484 3617 1781 3674 Christum
1810 3623 2025 3691 putant
2052 3619 2209 3678 dua-

548 3705 666 3763 bus
704 3706 934 3762 naturis
976 3711 1287 3775 constare;
1332 3712 1470 3781 post
1511 3706 1799 3765 unionem
1838 3723 1981 3766 vero
2020 3725 2208 3767 unam

549 3809 680 3852 esse
715 3797 997 3852 naturam
1027 3796 1452 3868 compositam.

2319 3000 2496 3068 Λόγου
2528 2996 2813 3071 σάρκωσιν,
2854 2999 2969 3049 τότε
3007 2996 3066 3049 ού
3116 2993 3213 3050 δύο
3257 2995 3595 3070 ἀσυγχύτους
3640 2999 3734 3062 τὰς
3791 3018 3935 3053 συν.

2322 3084 2572 3146 ελθούσας
2610 3086 2862 3152 τιθέασιν,
2897 3083 3024 3137 ἀλλὰ
3070 3090 3193 3158 μίαν
3250 3089 3404 3160 φύσιν
3466 3088 3723 3141 σύνθετον·
3777 3089 3935 3162 ἡμῶν

2318 3176 2420 3249 γὰρ
2482 3179 2605 3247 μίαν
2648 3175 2942 3227 ὑπόστασιν
3010 3177 3250 3229 σύνθετον
3307 3175 3684 3249 ὀνομαζόντων,
3741 3176 3937 3233 ἐκεῖνοι

2319 3268 2443 3336 μίαν
2476 3265 2716 3316 σύνθετον
2756 3266 2910 3337 φύσιν
2955 3261 3296 3335 ἀντιτιθέασι,
3363 3270 3453 3318 καὶ
3508 3263 3937 3342 παραδειγματί-

2321 3353 2504 3414 ζουσιν
2570 3353 2704 3405 οὕτω
2771 3356 2857 3405 τόν
2922 3351 3090 3426 λόγον·
3158 3355 3256 3421 ότι,
3334 3356 3508 3431 ὥσπερ
3572 3356 3598 3410 ό
3654 3356 3936 3432 ἄνθρωπος

2318 3441 2505 3514 ψυχὴν
2562 3445 2674 3515 ἔχει
2729 3447 2819 3495 καὶ
2877 3451 3050 3517 σῶμα,
3099 3448 3189 3497 καὶ
3235 3442 3361 3502 ἄλλη
3403 3447 3494 3518 μὶν
3526 3447 3683 3518 φύσις
3716 3444 3931 3519 ψυχῆς⁹

2319 3530 2446 3590 ἄλλη
2503 3528 2562 3585 δὲ
2631 3536 2909 3605 σώματος,
2986 3535 3031 3585 εἶ
3101 3551 3183 3595 τις
3243 3532 3361 3586 καθ’
3440 3532 3630 3593 ἑαυτήν
3701 3533 3935 3595 εκάστην

2320 3622 2556 3698 θεωροίη’
2608 3617 2819 3674 ἐπειδὰν
2877 3616 2936 3675 δὲ
2991 3620 3327 3691 συνέλθωσιν,
3377 3623 3646 3697 ἄνθρωπον
3710 3632 3935 3678 ποιοῦσι

2319 3712 2475 3783 φύσιν
2506 3710 2698 3783 ἔχοντα
2725 3716 2848 3785 μίαν
2902 3713 3161 3765 σύνθετονο
3195 3708 3320 3764 ούδέ
3346 3713 3446 3787 γὰρ
3500 3708 3586 3766 δεῖ
3626 3711 3789 3785 λέγειν
3837 3716 3934 3767 τὸν

2318 3801 2609 3874 ἄνθρωπον,
2644 3805 2797 3872 φασὶ,
2830 3797 2926 3853 δύο
2967 3802 3171 3873 φύσεις,
3200 3799 3327 3853 ἀ).λά
3354 3806 3475 3874 μίαν
3505 3803 3765 3856 σύνθετον·
3790 3803 3934 3857 οὕτω

550 3880 619 3944 δή
651 3888 742 3938 καὶ
770 3886 857 3937 τόν
887 3888 1119 3960 Χριστόν
1157 3889 1353 3939 οἴονται
1382 3885 1440 3940 ἐκ
1470 3881 1568 3940 δύο
1606 3890 1697 3961 μεν
1730 3892 2099 3946 συνεστηκέναι
2129 3890 2352 3961 φύσεων,
2384 3890 2514 3962 μετὰ
2538 3885 2596 3941 δε
2624 3889 2805 3942 ἕνωσιν
2833 3894 2958 3962 μίαν
2987 3888 3116 3942 εἶναι
3142 3892 3296 3963 φύσιν
3324 3891 3587 3949 σύνθετον.

619 4029 672 4085 6.
714 4025 939 4086 Idcirco
970 4033 1027 4087 et
1057 4045 1316 4101 magnus
1344 4028 1407 4087 in
1429 4028 1732 4101 theologia
1781 4030 2101 4103 Gregorius
2131 4046 2207 4088 ea:

548 4117 782 4190 quibus,
816 4123 872 4175 et
903 4119 966 4175 ιή
988 4120 1201 4192 quibus
1224 4120 1368 4177 dicit
1392 4124 1448 4178 et
1467 4136 1620 4194 quae,
1639 4120 1713 4177 de
1729 4120 1948 4178 divinis
1977 4120 2206 4178 naturis

2386 4030 2460 4097 ς’.
2494 4033 2587 4084 Διά
2626 4038 2792 4084 ταῦτα
2837 4036 2928 4085 καὶ
2974 4033 3000 4085 ὁ
3055 4035 3213 4106 μέγας
3251 4030 3299 4085 ἕν
3349 4032 3585 4108 θεολογίᾳ
3637 4038 3931 4111 Γρηγόριος

2315 4118 2369 4184 ἐξ
2398 4119 2485 4190 ὧν,
2517 4118 2685 4175 καὶέν
2729 4120 2826 4188 οἷς,
2878 4125 3028 4194 φησὶ,
3085 4127 3176 4174 καὶ
3232 4122 3383 4197 ἅπερ,
3446 4129 3565 4198 περὶ
3617 4132 3716 4177 τῶν
3775 4126 3931 4178 θείων

550 4221 894 4305 sermonem
913 4208 1164 4267 habens.
1191 4208 1342 4267 Illud
1363 4211 1546 4282 enim,
1573 4211 1877 4284 exquibus
1897 4209 2208 4286 posuit,'ut

2326 4205 2654 4282 δογματίζων
2711 4212 2931 4283 φύσεων·
2996 4212 3053 4262 τό
3111 4212 3202 4280 μὶν
3253 4212 3354 4286 γὰρ
3388 4207 3440 4273 ἐξ
3478 4212 3546 4262 ὧν
3582 4211 3796 4282 τέθεικε,
3840 4212 3934 4266 ἱνα

548 4310 624 4352 ex
650 4294 953 4354 divinitate
972 4298 1261 4357 unitatem
1282 4299 1557 4370 doceret;
1591 4299 1738 4358 illud
1768 4306 1970 4358 autem
1993 4303 2056 4359 in
2081 4302 2207 4374 qui-

551 4380 678 4453 bus,
711 4389 777 4442 ut
806 4391 1055 4443 naturas
1098 4391 1379 4456 servaret,
1412 4389 1593 4445 etiam
1623 4394 1764 4462 post
1789 4390 2077 4447 unionem
2104 4411 2118 4457 ;
2152 4393 2209 4447 ct

549 4487 626 4529 ne
655 4488 757 4531 eas
778 4489 886 4546 per
924 4490 1060 4531 eam
1089 4475 1400 4550 utriusque
1428 4476 1716 4535 unionem
1761 4477 2157 4535 confunderet
2189 4496 2203 4547 ;

549 4557 695 4617 illud
715 4566 940 4630 autem,
970 4579 1119 4637 qum,
1149 4580 1225 4622 ne
1250 4565 1387 4638 quis
1419 4569 1585 4639 putet
1616 4565 1799 4623 alium
1824 4566 2051 4624 factum
2077 4584 2207 4626 esse

551 4648 852 4708 Christum
868 4656 1368 4723 postnaturarum
1381 4655 1783 4712 unionem.Ex
1798 4656 2209 4714 examinanda

550 4742 639 4795 est
667 4737 949 4797 doctrinae
1004 4748 1286 4801 accurata
1323 4743 1634 4816 expositio.
1686 4746 1766 4800 Ex
1807 4749 2069 4818 quatuor
2096 4746 2210 4804 ele-

550 4827 768 4885 mentis
788 4845 924 4887 esse
952 4835 1227 4889 nostrum
1252 4848 1472 4906 corpus
1509 4833 1571 4889 in
1615 4832 1910 4907 confesso,
1932 4840 2021 4892 est
2047 4835 2207 4908 igne,

551 4932 709 4991 aere,
738 4935 921 4993 aqua,
952 4923 1130 4993 terra,
1162 4926 1219 4980 et
1260 4922 1322 4980 in
1348 4922 1445 4980 his
1482 4921 1791 4981 elementis
1838 4924 2211 4983 constitutio-

622 5186 704 5314 ῳ
740 5188 969 5263 Eulogii
1010 5190 1352 5274 fragmenta
1394 5190 1585 5275 multa
1630 5188 1849 5321 legesis
1888 5190 2055 5269 apud
2098 5211 2211 5254 nos

551 5261 632 5316 Co
660 5258 697 5314 l.
722 5262 851 5319 Vat.
885 5267 922 5319 t.
956 5261 1078 5324 VII,
1125 5269 1389 5324 itemque
1418 5259 1622 5324 aliqua
1653 5267 1692 5323 C
1718 5282 1895 5323 assic.
1924 5272 2039 5323 AA.
2072 5272 2115 5324 t.
2146 5264 2207 5324 X.

552 5272 697 5316 C011.
730 5272 922 5344 [δίκε.
966 5272 1078 5333 vu,
1125 5272 1389 5345 itemque
1418 5272 1622 5338 aliqua
1653 5272 1895 5323 Classic.
1924 5272 2039 5323 AA.
2072 5272 2115 5324 t.
2146 5272 2207 5325 X.

552 5329 1101 5416 Eulogii_ejus_dei_n
1152 5333 1466 5416 homiliam
1500 5336 1563 5416 in
1609 5338 2208 5416 Ramos_Palmarum

552 5400 779 5484 Habuit
803 5400 1158 5484 Hblstepius,
1188 5410 1336 5484 teste
1362 5406 1499 5484 ipso
1523 5407 1586 5464 in
1611 5408 1895 5484 epistolis,
1920 5425 1980 5483 p.
2008 5414 2134 5467 209.

623 5472 700 5544 (2)
741 5476 821 5530 De
851 5474 944 5530 his
981 5472 1153 5532 Joan.
1187 5477 1352 5535 Philo
1385 5472 1502 5536 'oni
1530 5472 1837 5552 operibus,
1867 5472 2006 5553 quae
2046 5497 2200 5540 mss.

556 5538 614 5599 in
632 5544 918 5602 manibus
956 5546 1279 5607 habemus.
1330 5494 1473 5607 alibi
1516 5566 1628 5607 nos
1679 5550 1935 5607 locuturi
1973 5568 2200 5607 sumus.

551 5545 934 5632 inmanibus.
956 5546 1297 5632 habemus“
1330 5545 1485 5632 alibi.
1516 5545 1628 5609 nos
1679 5545 1935 5632 locuturi
1973 5568 2209 5632 sumus.

548 5615 733 5676 Porro
760 5632 899 5691 quae
918 5615 980 5677 in
1005 5612 1398 5695 sequentibus
1424 5622 1712 5697 (itemque
1732 5623 1954 5697 partim
1977 5624 2039 5681 in
2058 5638 2211 5697 prae-

2314 4303 2410 4358 την
2457 4296 2513 4351 ἐκ
2580 4301 2819 4362 θεότητος
2871 4295 3172 4372 δογματίση
3228 4301 3426 4352 ἕνωσινο
3479 4302 3538 4352 τό
3596 4296 3657 4356 δε
3720 4298 3770 4353 ἕν
3821 4302 3927 4369 οἷς,

2318 4389 2402 4441 ἵνα
2446 4393 2657 4463 τηρήσῃ
2725 4390 2814 4449 τὰς
2863 4391 3040 4461 φύσεις
3100 4392 3190 4441 καὶ
3241 4391 3372 4461 μετὰ
3433 4392 3527 4447 την
3578 4389 3777 4442 ἕνωσιν⁸
3832 4394 3932 4443 καὶ

2316 4482 2387 4550 μὴ
2420 4481 2624 4551 συγ-χέῃ
2677 4480 2872 4539 ταύτας
2929 4473 3024 4529 διὰ
3073 4479 3131 4529 τό
3184 4476 3431 4538 ἑνωθῆναι
3463 4476 3722 4540 ἀλλήλαιςο
3763 4481 3823 4532 τό
3866 4474 3931 4533 δι

2316 4567 2469 4641 ἅπερ,
2523 4568 2606 4619 ἵνα
2633 4570 2704 4639 μὴ
2738 4566 2891 4639 οἰηθῇ
2938 4584 3017 4629 τις
3065 4568 3146 4619 ὅτι
3189 4566 3336 4629 amo;
3376 4569 3579 4639 γέγονεν
3625 4569 3652 4621 ό
3692 4572 3931 4644 Χριστός

2316 4658 2448 4729 μετά
2506 4659 2601 4714 τὴν
2648 4664 2748 4709 τῶν
2816 4658 3017 4729 φύσεων
3059 4655 3258 4710 ἕνωσιν.
3322 4663 3422 4711 Καὶ
3484 4661 3770 4716 σκοπητίον
3826 4663 3930 4718 τὴν

2317 4742 2577 4820 ἀκρίϐειαν
2629 4753 2721 4799 τού
2775 4742 3057 4819 δόγματοςο
3106 4748 3161 4799 ἑκ
3213 4748 3482 4822 τεσσάρων
3538 4747 3837 4821 στοιχείωνῙ
3865 4752 3930 4801 τό

2318 4835 2564 4909 ἡμέτερον
2632 4843 2784 4904 σῶμα
2840 4834 3254 4909 ἀνωμο)όγηται,
3314 4838 3495 4912 πυρός,
3554 4834 3724 4912 ἀερός,
3779 4832 3928 4890 ὕδα-

2318 4940 2426 4996 τος,
2479 4933 2599 4998 γῆς,
2650 4929 2740 4978 καὶ
2789 4922 2836 4977 ἓν
2875 4927 3082 4986 τούτοις
3121 4931 3226 4986 τοῖς
3266 4929 3551 4999 στοιχείοις
3599 4929 3693 4984 την
3725 4927 3929 4982 σύσταο

2319 5191 2942 5274 ορᾶοηῑίδιιελῌῇςοιδε
2970 5194 3176 5249 noster
3194 5189 3270 5274 de
3294 5194 3377 5274 tot
3398 5191 3575 5249 sectis
3591 5190 3929 5274 Monpphx-

2319 5265 2568 5337 sitarum
2600 5263 2821 5337 scribit,
2853 5280 2927 5322 ea
2950 5279 3114 5337 saepe
3138 5263 3218 5321 ad
3242 5263 3494 5320 verbum
3523 5263 3807 5337 exscribit
3830 5263 3929 5337 δί-

2319 5336 2617 5410 cephorus
2643 5335 2918 5410 Callistus
2945 5334 3060 5394 lib:
3080 5338 3341 5410 ιγῃιλξὸ
3371 5340 3429 5391 et
3446 5350 3628 5410 seqq.
3658 5334 3765 5409 qui
3785 5334 3931 5410 plus

2318 5405 2559 5464 centum
2582 5411 2720 5479 post
2746 5407 3011 5464 Nicetam
3043 5405 3234 5463 annis
3250 5405 3564 5479 historiam
3584 5405 3761 5464 suam
3786 5405 3929 5479 alie-

2317 5479 2412 5535 nis
2442 5477 2671 5561 exuviis
2691 5479 2857 5559 auxit
2885 5483 3065 5552 atque
3086 5478 3414 5538 exornavit.
3436 5481 3642 5552 itaque
3661 5493 3774 5538 nos
3792 5477 3929 5551 ple-

2316 5564 2508 5623 raque
2537 5564 2880 5610 omrsrmus.
