4040 6318
98 324 155 375 ?3
1490 316 1745 376 THESAI

1883 320 2015 379 LIB.
2054 326 2123 375 Χ.
3406 322 3479 377 ⁸74

104 464 177 496 τοι
207 448 326 515 ἔχει
356 444 602 505 σώζεται
626 452 752 516 ’γοῦν
780 443 829 496 ἐν
860 452 933 515 τῷ
960 449 1163 515 σώματι
1193 446 1282 495 καὶ
1310 446 1392 510 τὸ,
1425 441 1477 505 ἐξ
1507 444 1595 512 ὧν,
1628 446 1718 497 καὶ

1857 459 1972 500 lem
2000 443 2204 502 habet.
2233 445 2514 502 Servatur
2542 457 2685 514 ergo
2728 443 2791 500 in
2834 458 3085 517 corpore
3122 447 3181 501 et
3228 443 3378 501 illud
3404 459 3483 501 ex

100 538 175 592 τὺ,
202 533 254 584 ἐν
288 535 394 599 οἷς,
420 533 485 586 ού
519 538 620 606 μὴν
647 538 727 601 τὸ,
754 534 884 607 οἱπερ
910 554 924 566 ·
952 534 1081 605 μετά
1105 536 1196 589 τὴν
1217 531 1397 584 ἕνωσιν
1428 542 1528 584 τῶν
1574 552 1720 586 στοι-

101 630 252 693 χείων
284 626 348 675 τὸ
380 626 648 698 ἡμτερον
682 631 836 694 σῶμα
865 626 983 674 οὔτε
1009 622 1250 693 καθαρῶς
1298 619 1411 673 ἐστι
1440 630 1568 696 πῦρ,
1607 626 1723 674 οὔτε

104 712 394 786 εἰλικρινῶς
430 711 562 787 ἀὴρ,
590 717 707 765 οὔτε
739 711 1006 773 ἀνόθευτος
1035 719 1126 782 γῆ,
1179 709 1283 762 ἀλλ’
1318 710 1481 785 ἓτερον
1502 731 1552 763 τι
1581 713 1727 785 παρὰ

102 806 161 852 τά
185 808 464 877 τέσσαρα.
502 806 605 855 Καὶ
637 799 796 862 δῆλον
828 800 929 853 ἀπὸ
980 810 1071 861 τῆς
1117 800 1417 861 αἰσθήσεως
1453 822 1465 833 α
1507 803 1725 854 ἕκαστον

221 898 333 942 τῶν
363 899 546 964 μερῶν
569 900 663 943 τοῦ
688 893 940 966 ἡμετέρου
975 894 1216 962 σώματος
1255 889 1377 942 οὖλο
1408 910 1460 942 τι
1490 892 1634 965 παρὰ
1663 892 1728 943 τὰ

106 983 356 1053 στοιχεῖά
388 979 542 1033 ἐστιν
571 1002 585 1014 ο
619 979 701 1033 ἐπὶ
730 977 788 1033 δὲ
814 988 910 1041 τῆς
941 982 1077 1040 θείας
1106 979 1333 1041 ἐνώσεως
1376 980 1470 1031 ούκ
1516 979 1639 1032 α’λλο
1677 999 1729 1032 τι

106 1071 231 1141 μετὰ
270 1074 377 1127 τήν
415 1066 728 1142 συνδρομὴν
776 1077 877 1120 τῶν
923 1064 1020 1120 δύο
1071 1071 1269 1140 φύσεων
1317 1072 1521 1140 γέγονεν
1553 1089 1569 1102 ·
1621 1068 1729 1121 ἀλλ’

107 1158 230 1211 αὐτὸ
286 1163 458 1212 τοῦτό
512 1156 627 1211 ἐστι
682 1159 708 1209 6
762 1160 1014 1233 Χριστὸς,
1067 1162 1157 1209 καὶ
1206 1160 1337 1219 Θεὸς
1388 1161 1479 1209 καὶ
1516 1157 1731 1231 ’ἄνθρω-

109 1269 222 1310 τος.

180 1390 249 1452 ξ.
288 1390 354 1443 Ἠ
391 1387 459 1443 δε
506 1392 724 1447 τοιαύτη
786 1390 988 1464 αἵρεσις
1014 1392 1188 1461 γέγονε
1236 1391 1377 1463 παρὰ
1434 1393 1529 1452 τὰς
1579 1388 1736 1452 ἄλλας

118 1483 293 1553 ὥσπερ
328 1478 709 1554 ἀκριϐεστέρα,
763 1475 855 1531 διὰ
901 1482 960 1529 τὸ
1008 1486 1158 1549 σχεῖν
1206 1480 1495 1551 προστάτας
1541 1476 1739 1551 ἄνδρας

123 1574 317 1641 σοφούς
354 1591 366 1601 ·
404 1571 432 1621 6
465 1570 570 1644 γάρ
596 1588 677 1620 τοι
714 1569 955 1628 Ἰωάννης
985 1566 1010 1619 6
1043 1567 1320 1629 Φιλοπονος
1366 1568 1740 1640 ὀνομαζόμενος

121 1661 254 1710 κατὰ
411 1662 511 1715 τήν
548 1653 689 1709 ἰδέαν
731 1664 822 1709 τοῦ
849 1656 1005 1728 λόγον
1038 1656 1094 1708 ού
1127 1665 1226 1708 τῶν
1258 1659 1390 1708 πάνυ
1441 1656 1743 1729 ἐπαινουμέ-

122 1768 218 1798 νων
244 1746 388 1813 ἐστὶ,
429 1745 705 1818 φιλόσοφος
735 1742 793 1798 δὲ
825 1744 1184 1818 ἀκριϐέστερος
1212 1750 1302 1797 καὶ
1333 1750 1452 1818 περὶ
1494 1749 1587 1807 τὰς
1612 1745 1742 1797 ἀπο-

129 1833 318 1899 δείξεις
354 1838 799 1908 Θαυμασιὼτατος
833 1856 846 1869 ⁸
876 1835 931 1895 ὃς
963 1832 1028 1893 δὴ
1062 1837 1162 1887 ὑπὸ
1202 1840 1413 1907 Σεργίου
1461 1843 1550 1888 τού
1602 1855 1743 1893 τηνι-

122 1935 297 1979 καῦτα
316 1929 665 1998 πατριάρχου
687 1932 798 1978 Κων
807 1924 1271 1986 σταντινουπολεως
1288 1924 1634 1999 παρακληθεὶς
1651 1928 1745 1983 τὴν

127 2021 380 2073 camuri.»
410 2016 464 2067 ἐν
484 2016 768 2088 γράμμασι
826 2015 1205 2072 συστήσασθαι
1237 2017 1457 2088 αἰρεσιν,
1487 2014 1745 2086 συνεγρά-

126 2105 263 2176 {ante
295 2106 460 2175 λογον
508 2101 828 2173 δεινότατον,
873 2103 1168 2176 ἐπιγράψας
1222 2104 1360 2174 αύτῲ
1393 2108 1673 2161 Διαιτητήν
1714 2102 1742 2160 ἦ

129 2202 256 2270 Περὶ
285 2195 545 2257 ἐνώσεως,
568 2200 659 2246 καὶ
688 2194 734 2246 ἐν
760 2191 891 2246 δέκα
919 2194 1214 2266 κεφαλαίοις
1254 2198 1348 2251 τὴν
1376 2200 1552 2246 πᾶσαν
1581 2196 1746 2265 τομὴν

129 2294 222 2345 τῖς
244 2288 506 2359 αἱρέσεως
533 2283 835 2356 ἐξυφήνατο,
869 2290 1042 2336 πᾶσαν
1081 2288 1304 2344 κινήσας
1334 2287 1463 2357 πρὸς
1483 2291 1636 2335 τοῦτο
1659 2303 1747 2355 φι-

129 2375 407 2445 λοσοᾳίαν,
441 2379 533 2426 καὶ
582 2380 756 2426 πᾶσαν
809 2370 1076 2435 ἀπόδειξιν
1125 2371 1631 2446 ἐξακριϐωσάμενος.
1672 2372 1748 2423 Ού

138 2468 321 2535 μέντοι
352 2468 446 2515 καὶ
479 2466 601 2524 τοὺς
629 2462 874 2535 ἐλέγχους
897 2458 1089 2535 διὲδρα
1110 2464 1257 2536 παρὰ
1303 2470 1399 2513 τῶν
1435 2464 1565 2534 μετὰ
1584 2469 1751 2513 ταῦτα

132 2553 325 2623 λογίων
357 2557 454 2603 καὶ
490 2561 846 2624 πνευματικῶν
877 2561 949 2623 τῷ
980 2556 1084 2604 ὄντι
1130 2548 1330 2625 ἀνδρῶν
1365 2572 1376 2584 ·
1434 2551 1615 2604 πολλοὶ
1661 2554 1750 2623 μὲν

133 2646 233 2717 γὰρ
262 2642 419 2694 οῐλλοι
447 2650 553 2702 τοῖς
622 2638 1058 2714 δογματισθεῖσιν
1115 2639 1287 2712 ἐκείνῳ
1342 2640 1618 2706 ἀντέθεντο,
1653 2642 1751 2713 μά-

132 2732 295 2784 λιστα
323 2729 386 2783 δὲ
422 2736 665 2793 Λεόντιος
694 2752 774 2793 τις
796 2734 1026 2803 μοναχὸς
1054 2729 1101 2782 ἐν
1126 2732 1411 2804 τριάκοντα
1453 2730 1752 2801 κεφαλαίοις

136 2819 440 2892 dum???“
476 2825 568 2877 τὴν
612 2822 834 2894 αἰρεσιν,
884 2819 975 2872 καὶ
1002 2824 1094 2877 τὴν
1147 2818 1264 2871 καθ’
1295 2820 1435 2890 ἡμᾶς
1491 2819 1751 2872 εὐσέϐειαν

134 2911 531 2984 κρατυνάμενος
557 2931 568 2941 ·
602 2915 691 2962 καὶ
720 2912 746 2961 6
777 2911 1213 2981 θαυμασιώτατος
1243 2904 1303 2960 δὲ
1326 2913 1573 2981 Γεώργιος
1599 2910 1624 2959 6
1656 2915 1752 2959 Πι-

141 2994 305 3057 σίὸης
325 2997 620 3059 ἡλικιώτης
647 2998 714 3050 ὧν
740 3006 813 3069 τῷ
839 2996 1121 3067 Φιλοπόνῳ,
1158 3000 1248 3047 καὶ
1279 2998 1451 3070 ὥσπερ
1507 2996 1674 3048 εἰώθει
1704 2993 1752 3046 ἐν

136 3091 357 3161 μέτροις
390 3085 657 3159 ἰαμϐικοῖς
708 3090 834 3160 πρὸς
861 3091 957 3144 τὴν
996 3086 1195 3161 αἰρεσιν
1247 3082 1476 3152 ἀντιϐὰς,
1528 3082 1635 3138 εἶτα
1681 3079 1749 3142 δὴ

140 3180 230 3228 καὶ
258 3171 497 3230 παιδιὰν
529 3171 739 3250 σπουδῇ
772 3178 1038 3252 κεραννὺς,
1070 3177 1206 3226 οὕτω
1235 3178 1340 3235 πώς
1369 3192 1500 3246 φησι

284 3455 507 3527 Ψὴψιζε
533 3455 714 3507 θᾶττον
741 3458 835 3513 τὴν
864 3458 988 3527 μίαν
1012 3475 1067 3509 τε
1093 3460 1184 3510 καὶ
1211 3461 1354 3531 μίαν.

284 3544 354 3598 Εἰ
380 3547 484 3618 γὰρ
520 3548 644 3616 μίαν
671 3562 725 3596 τε
751 3547 842 3595 καὶ
871 3548 994 3616 μίαν
1023 3543 1183 3617 λέγεις
1211 3550 1355 3618 μίαν.

284 3633 461 3695 Γελως
490 3636 548 3685 τὸ
571 3632 754 3705 λεχθὲν
784 3637 985 3705 γίνεται
1013 3639 1103 3687 καὶ
1126 3632 1380 3697 παιδίοις.

208 3850 279 3909 η’.
324 3849 475 3905 Αὕτη
512 3844 570 3900 δὲ
589 3848 619 3905 ἡ
654 3866 921 3919 σύγχυσις
939 3853 1029 3901 καὶ
1044 3850 1074 3907 ἡ
1106 3851 1296 3912 στάσις
1320 3859 1416 3912 τῆς
1438 3848 1753 3913 Ἐκκλησίας

138 3936 258 3992 οὔδ’
281 3938 420 3999 ὅλως
447 3936 694 4007 ύπεληγε,
724 3940 816 3988 καὶ
855 3939 904 3990 οἱ
930 3937 1047 3990 λαοὶ
1076 3941 1202 4014 πρὸς
1231 3943 1326 3997 τὴν
1376 3936 1629 4012 κιγκλίδα
1658 3946 1749 3992 τοῦ

140 4029 545 4102 δυσιαστῃρίου
575 4027 840 4098 ἱστάμενοι
869 4031 1039 4079 παίειν
1073 4027 1314 4087 ἠπείλουν
1336 4032 1452 4090 τοὺς
1483 4030 1630 4104 ἱερεῖς
1660 4034 1751 4082 καὶ

139 4118 348 4191 ἀτίμως
370 4115 655 4177 ἐξωθήσειν
692 4122 785 4167 τοῦ
814 4113 1073 4187 βήματος,
1122 4115 1165 4170 εἰ
1211 4122 1385 4189 μνείαν
1437 4122 1750 4177 ποιήσαιντο

136 4217 233 4269 τῆς
268 4205 321 4259 ἐν
386 4200 690 4276 χαλκηδὼι
735 4201 982 4273 συνόδου,
1039 4210 1129 4258 καὶ
1179 4211 1520 4283 καταγραφὴν
1558 4205 1607 4259 ἕν
1645 4214 1751 4269 τοῖς

138 4295 443 4369 διπτύχοις
474 4298 566 4346 καὶ
591 4292 878 4363 ἐπιφώνησιν
907 4303 1006 4347 τῶν
1049 4297 1324 4368 ἐκθεμνων
1369 4296 1533 4355 αὐτὴν
1580 4302 1750 4350 Πατέ-

136 4406 238 4459 ρων
271 4407 285 4419 ·
324 4388 623 4437 καὶταῦτα
664 4381 975 4460 ἐπεκράτουν
1019 4388 1183 4459 μέχρι
1234 4393 1329 4448 τῆς
1378 4384 1749 4439 Ἰουστινιανοῦ

138 4474 505 4553 ἀναρρήσεως.
562 4472 732 4525 Αὐτοῦ
779 4468 839 4526 δὲ
869 4474 935 4525 τὰ
982 4480 1077 4536 τῆς
1108 4472 1376 4546 βασιλείας
1422 4472 1751 4547 ἀνειληφὸτος

140 4572 419 4639 σκῆπτρα,
450 4563 505 4615 οἱ
546 4570 641 4624 τῆς
682 4564 928 4636 αἱρέσεως
969 4566 1163 4625 ταύτης
1208 4568 1503 4637 προστάται
1533 4568 1634 4618 ὅσα
1662 4570 1751 4618 καὶ

134 4651 410 4720 κνώδαλα,
444 4651 520 4713 εἰς
567 4655 848 4726 χηραμούς
898 4658 988 4705 καὶ
1044 4650 1360 4716 καταδύσεις
1413 4657 1506 4717 τὰς
1559 4655 1752 4708 ἑαυτῶν

136 4746 309 4797 ἔθεντο
338 4738 625 4816 διατριϐάς
661 4761 673 4774 ·
707 4738 930 4804 σύνοδος
969 4744 1070 4818 γὰρ
1116 4741 1165 4794 ἐν
1215 4744 1752 4797 Κωνσταντινουπόλει

142 4836 524 4906 συγκροτεῖται
551 4828 660 4903 ρξε’
689 4829 849 4902 ἁγίων
881 4835 1142 4907 Πατέρων,
1175 4830 1224 4884 ἓν
1267 4831 1344 4895 οἷς
1382 4830 1442 4892 ἧν
1490 4836 1753 4906 Εύτύχιος

140 4919 766 4987 Κωνσταντινουπόλεως,
804 4920 1042 4992 Βιγύλιος
1078 4920 1298 4995 Ῥώμης,
1336 4922 1752 4996 Ἀπολλινάριος,

141 5005 567 5085 Ἀλεξανδρείας,
607 5012 697 5061 καὶ
740 5009 920 5082 ἕτεροι,
968 5013 1059 5062 καὶ
1105 5019 1357 5084 κυροῦται
1388 5014 1417 5070 ἠ
1470 5010 1518 5064 ἒν
1544 5012 1755 5071 Χαλκη-

141 5097 255 5153 δόνι
288 5095 541 5166 σύνοδος,
567 5106 666 5149 τῶν
687 5097 856 5150 αὐτῶν
908 5095 1187 5173 δογμάτων
1221 5105 1312 5153 καὶ
1340 5103 1389 5154 ἓν
1422 5100 1552 5174 αὐτῇ
1587 5105 1754 5175 ἐκφω-

137 5191 425 5258 νηϐἱντων,
450 5191 548 5239 καὶ
573 5194 667 5239 τοῦ
708 5186 972 5260 συμϐόλου
1014 5197 1111 5253 τῆς
1147 5194 1369 5253 πίστεως
1404 5192 1594 5263 ὁμοίως
1623 5193 1756 5243 ύπα-

138 5281 505 5354 στορεσθέντος.
537 5276 656 5330 Ἐτι
683 5296 744 5349 ’γε
764 5281 868 5350 μὴν
898 5280 1019 5331 καθ’
1046 5279 1289 5355 ἑκατέραν
1312 5282 1467 5353 φύσιν
1492 5279 1756 5337 θελητικόν

140 5387 191 5421 τε
218 5374 313 5422 καὶ
341 5366 682 5443 ἐνεργητικὸν
729 5367 817 5419 τὸν
861 5369 1049 5444 Κύριον
1092 5371 1241 5442 ἡμῶν
1289 5368 1495 5428 Ἰησοῦν
1523 5372 1755 5443 Χριστὸν

140 5464 199 5516 τῆ
212 5477 234 5518 ς
267 5459 423 5530 ἡμῶν
457 5454 610 5509 ἕνεκα
652 5460 918 5529 σωτηρίας
956 5457 1215 5531 ὑπάρχειν
1248 5459 1537 5532 ὁρίσαντες,
1579 5456 1757 5510 ἀναθε-

142 5547 432 5617 ματίζούσι
455 5548 525 5599 τὰ
551 5543 629 5619 ιβ’
653 5541 985 5620 Θεοδωρίτου
1002 5547 1277 5621 κεφάλαια,
1295 5551 1386 5601 καὶ
1403 5552 1499 5607 τὴν
1518 5554 1610 5601 τοῦ
1639 5546 1759 5601 Ἱϐα

141 5632 440 5706 ἐπιστολὴν,
480 5640 583 5696 τὴν
612 5637 745 5712 πρὸς
783 5637 956 5709 Μάριν
995 5644 1385 5713 συγγραφιῖσαν
1409 5640 1498 5691 τὸν
1528 5640 1758 5713 Πέρσην,

352 5748 612 5806 Parnm.
655 5746 762 5804 Gn.
804 5744 954 5804 CXL.

1831 535 2064 606 quibus,
2096 540 2153 591 et
2179 534 2326 592 illud
2355 536 2419 592 in
2447 536 2682 607 quibus,
2713 550 2838 592 non
2876 540 3083 592 tamen
3120 534 3271 592 illud
3328 550 3482 607 quae.

1832 627 1972 680 Post
1999 625 2433 682 elementorum
2464 626 2751 682 unionem
2783 630 3061 681 nostrum
3093 641 3314 699 corpus
3357 641 3485 683 non

1834 730 1981 786 pure
2010 720 2099 771 est
2126 716 2299 788 ignis,
2370 732 2569 789 neque
2622 731 2759 772 vere
2815 732 2934 781 aer,
2999 732 3199 789 neque
3239 732 3384 774 vera
3427 719 3488 773 et

1832 804 2099 873 legitima
2123 809 2294 878 terra,
2326 806 2434 862 sed
2464 805 2694 879 aliquid
2742 805 2907 861 aliud
2964 806 3121 863 ultra
3166 806 3484 878 elementa,

1835 894 2001 966 quod
2030 895 2419 951 manifestum
2473 900 2566 952 est
2621 911 2694 951 ex
2748 895 3046 951 sensibus.
3097 898 3487 968 Unaquaeque

1836 983 1995 1039 enim
2024 984 2215 1040 nostri
2246 985 2516 1057 corporis
2541 1001 2681 1058 pars
2702 984 2867 1041 aliud
2892 990 2980 1041 est
3003 1000 3192 1058 quam
3223 986 3488 1042 elemen-

1837 1078 1899 1131 ta
1932 1092 1945 1142 ;
1974 1074 2033 1129 in
2063 1074 2270 1132 divina
2300 1075 2520 1132 unione
2546 1076 2689 1131 nihil
2722 1075 2885 1132 aliud
2916 1076 3197 1133 effectum
3238 1081 3327 1133 est
3354 1079 3493 1150 post

1838 1162 2100 1218 duarum
2122 1168 2474 1220 naturarum
2505 1179 2903 1234 concursum;
2931 1163 3034 1221 sed
3055 1165 3170 1221 hoc
3185 1164 3495 1239 ipsumlest

1841 1251 2108 1307 Christus
2137 1256 2195 1307 et
2227 1254 2382 1308 Deus
2413 1256 2471 1308 et
2498 1251 2706 1309 homo.

1914 1399 1968 1450 7.
2026 1393 2181 1451 Talis
2227 1398 2428 1451 autem
2479 1394 2727 1451 haeresis
2784 1395 2938 1452 facta
2984 1399 3071 1451 est
3124 1395 3255 1452 aliis
3316 1395 3497 1470 quasi

1846 1484 2180 1540 accuratior
2239 1500 2310 1540 eo
2374 1485 2540 1557 quod
2606 1485 2883 1541 homines
2946 1485 3247 1558 sapientes
3312 1486 3498 1542 duces

1844 1572 2076 1628 habuit.
2143 1573 2407 1628 Joannes
2458 1572 2620 1628 enim
2697 1572 3068 1645 Philoponus
3136 1573 3499 1643 cognomine

1847 1676 1972 1716 non
1992 1660 2236 1733 quidem
2270 1662 2348 1717 ob
2379 1661 2473 1716 sui
2504 1662 2801 1718 sermonis
2853 1662 3115 1733 speciem
3165 1662 3318 1718 inter
3345 1662 3500 1718 insi-

1772 1803 1814 1859 B
1852 1750 2171 1821 gnissimos
2226 1756 2602 1817 numeratus,
2665 1751 2771 1807 sed
2819 1751 3203 1807 doctissimus
3230 1752 3500 1824 philoso-

1853 1840 2012 1912 phus
2045 1844 2101 1895 et
2154 1840 2213 1895 in
2244 1840 2868 1897 demonstrationibus
2912 1841 3286 1898 admirabilis
3345 1846 3503 1899 certe

1855 1932 1981 1995 est;
2014 1929 2116 2000 qui
2147 1930 2395 2001 quidem
2423 1946 2460 1987 a
2489 1929 2691 2000 Sergio
2716 1934 2860 1985 tunc
2890 1930 3175 2002 temporis
3210 1931 3503 1987 Constan-

1855 2016 2137 2088 tinopolis
2166 2018 2510 2089 patriarcha
2538 2019 2822 2074 invitatus
2848 2024 2910 2074 ut
2959 2019 3174 2091 scripto
3225 2019 3505 2076 haeresim

1856 2112 2263 2177 componeret,
2344 2107 2566 2163 librum
2648 2107 3032 2163 solertissime
3116 2109 3496 2182 conscripsit,

1856 2213 2040 2269 quem
2067 2198 2371 2253 Dizelelem
2402 2214 2508 2252 seu
2534 2198 2607 2253 de
2628 2199 2847 2253 unione
2876 2197 3199 2270 inscripsit,
3232 2204 3289 2255 et
3316 2199 3377 2254 in
3408 2199 3508 2255 de-

1858 2303 1989 2342 cem
2015 2286 2314 2359 capitibus
2343 2303 2555 2343 omnes
2582 2287 2831 2342 haeresis
2859 2288 3152 2344 sectiones
3180 2289 3506 2352 contexuit,

1858 2391 2103 2431 omnem
2133 2374 2212 2431 ad
2241 2375 2355 2431 hoc
2385 2376 2617 2447 agitans
2648 2374 3122 2448 philosophiam,
3143 2392 3511 2450 omnemque

1859 2464 2157 2520 adhibens
2180 2464 2779 2521 demonstrationem.
2812 2467 2942 2521 Non
2973 2470 3176 2523 tamen
3224 2467 3509 2538 objectio-

1859 2569 1968 2609 nes
1999 2553 2207 2609 vitavit
2232 2554 2550 2609 hominum
2588 2554 2905 2610 doctorum
2948 2560 3006 2611 et
3053 2571 3193 2611 vere
3233 2556 3513 2630 spiritua-

1858 2642 2027 2697 lium.
2060 2642 2229 2698 Multi
2258 2642 2419 2698 enim
2460 2642 2558 2698 alii
2603 2643 2734 2714 ejus
2791 2643 3181 2714 dogmatibus
3235 2646 3514 2703 adversa-

1860 2731 2099 2802 bantur,
2136 2731 2466 2803 praasertim
2526 2746 2665 2788 vero
2722 2734 3001 2789 Leontius
3056 2735 3394 2791 monachus
3451 2735 3514 2792 in

1864 2821 2103 2891 triginta
2151 2821 2449 2893 capitibus
2478 2822 2758 2878 haeresim
2809 2824 3154 2895 confutavit,
3218 2830 3515 2882 nostram-

1862 2927 1978 2983 que
2009 2911 2168 2981 piam
2200 2910 2538 2967 doctrinam
2589 2911 2893 2984 defendit;
2927 2918 2982 2969 et
3039 2917 3207 2970 tanta
3258 2913 3518 2972 admira-

1863 3000 2021 3056 tione
2048 2999 2272 3069 dignus
2303 3000 2588 3069 Georgius
2625 3001 2873 3067 Pisidas,
2904 3001 3012 3074 qui
3041 3004 3255 3058 eadem
3288 3018 3360 3058 ac
3388 3004 3517 3059 Phi-

1861 3089 2124 3162 loponus
2155 3093 2333 3146 aetate
2363 3093 2509 3161 erat,
2543 3092 2610 3146 ut
2665 3088 2912 3157 solebat,
2969 3090 3177 3146 metris
3232 3090 3516 3148 iambicis

1784 3160 1825 3216 ε
1862 3160 2145 3236 haeresim
2173 3194 2458 3249 agressus
2504 3181 2616 3247 est,
2671 3194 2742 3236 ac
2787 3178 3005 3237 deinde
3043 3179 3253 3252 jocum
3297 3180 3518 3240 rationi

1862 3270 2237 3337 immiscens,
2272 3269 2357 3325 sic
2380 3268 2646 3342 loquitur
2678 3287 2691 3325 :

2001 3450 2232 3507 Saltem
2261 3463 2563 3521 unamque
2586 3454 2641 3506 et
2672 3462 2857 3506 unam
2886 3448 3050 3507 doce.

2002 3539 2065 3595 Si
2092 3539 2245 3595 enim
2280 3553 2582 3610 unamque
2604 3542 2658 3594 et
2685 3552 2865 3595 unam
2897 3538 3046 3595 dicis
3075 3552 3284 3604 unam,

2002 3629 2115 3684 Hae
2146 3641 2311 3684 voces
2342 3628 2530 3684 risum
2559 3628 2655 3684 vel
2672 3628 2881 3698 pueris
2906 3628 3246 3700 movebunt,
3279 3631 3391 3688 etc.

1860 3741 1929 3792 ut
1958 3736 2125 3806 apud
2159 3735 2565 3805 Nicephorum
2591 3736 2697 3792 lib.
2723 3736 2960 3806 XVIII,
2991 3740 3083 3795 48.

1932 3846 1983 3900 8.
2015 3845 2147 3899 Haec
2177 3846 2378 3899 autem
2410 3842 2683 3900 confusio
2722 3847 2780 3899 et
2826 3843 3207 3901 conturbatio
3237 3843 3512 3903 Ecclesia)

1858 3950 1984 3991 non
2048 3933 2299 3989 omnino
2365 3932 2636 4003 cessavit,
2732 3932 3062 4005 populique
3136 3932 3212 3990 ad
3303 3933 3511 3992 valvas

1860 4022 2186 4079 sanctuarii
2241 4025 2464 4078 stantes
2512 4022 2664 4077 ictus
2723 4019 3135 4077 sacerdotibus
3181 4023 3514 4082 commina-

1858 4112 2080 4170 hantur
2108 4116 2166 4168 et
2194 4127 2227 4168 e
2251 4110 2549 4167 cathedris
2580 4109 3087 4179 deturbationem,
3119 4110 3170 4167 si
3190 4110 3513 4171 Chalcedo-

1857 4218 2110 4259 nensem
2137 4199 2441 4273 synodum
2472 4204 3039 4267 commemorarent,
3095 4204 3152 4257 et
3192 4200 3245 4257 si
3293 4200 3511 4261 inscri-

1857 4293 2069 4349 berent
2123 4290 2187 4346 in
2236 4289 2540 4361 diptychis
2598 4294 2654 4346 et
2709 4290 3097 4347 nominarent
3150 4293 3351 4348 Patres
3405 4292 3514 4365 qui

1857 4383 2042 4454 hujus
2075 4380 2294 4454 synodi
2340 4379 2526 4435 ﬁdem
2558 4384 2982 4451 exposuerant.
3034 4383 3100 4437 Et
3156 4380 3283 4438 haec
3332 4380 3511 4440 inva-

1857 4471 2116 4538 luerunt,
2149 4484 2342 4542 usque
2372 4470 2452 4525 ad
2483 4467 2797 4525 Iustiniani
2825 4468 3156 4526 decretum.
3190 4470 3294 4528 Ubi
3350 4472 3512 4529 enim

1858 4561 1953 4617 ille
1982 4560 2151 4631 regni
2177 4562 2481 4632 sceptrum
2503 4557 2791 4629 suscepit,
2818 4558 3004 4629 hujus
3028 4558 3272 4617 haeresis
3300 4559 3508 4630 duces,

1860 4655 2153 4724 tanquam
2202 4649 2360 4718 ferae,
2392 4648 2453 4703 in
2503 4648 2779 4703 cavernis
2828 4652 2886 4703 et
2917 4646 3181 4705 latibulis
3210 4664 3387 4708 suam
3412 4665 3512 4708 se-

1862 4741 2002 4797 dem
2032 4743 2380 4796 statuerant.
2414 4737 2696 4808 Synodus
2724 4736 2888 4793 enim
2926 4738 3512 4813 Constantinopolim

1863 4832 2229 4887 convocatur
2292 4831 2534 4883 centum
2581 4825 2852 4899 quinque
2908 4831 2967 4884 et
3029 4829 3346 4899 sexaginta
3407 4831 3513 4885 Pa-

1862 4925 2044 4985 trum,
2074 4918 2136 4974 in
2158 4916 2378 4990 quibus
2406 4920 2534 4971 erat
2556 4915 2880 4988 Eutychius
2939 4916 3510 4990 Constantinopolis,

1862 5008 2144 5079 Virgilius
2175 5008 2396 5073 Romae,
2426 5004 2805 5077 Apollinariis
2855 5004 3233 5063 Alexandriae
3282 5010 3339 5062 et
3389 5004 3511 5072 alii,

1865 5103 1923 5156 et
1976 5096 2369 5154 conﬁrmatur
2421 5094 2923 5151 Chalcedonensis
2980 5094 3249 5168 synodus
3296 5095 3515 5153 iisdem

1862 5186 2253 5258 dogmatibus
2277 5200 2519 5240 rursum
2550 5183 2959 5256 proclamatis,
2990 5190 3050 5241 et
3067 5183 3203 5242 ﬁdei
3233 5185 3515 5257 symbolo

1866 5277 2132 5334 similiter
2156 5275 2448 5347 exposito.
2478 5273 2689 5331 Adhuc
2714 5279 2917 5331 tamen
2945 5289 3056 5346 pro
3104 5278 3361 5348 utraque
3407 5291 3514 5334 na-

1863 5373 1998 5427 tura
2025 5367 2392 5425 voluntatem
2422 5370 2479 5423 et
2507 5366 2919 5438 operationem
2944 5363 3169 5425 habere
3191 5366 3517 5425 Dominum

1862 5462 2138 5516 nostrum
2190 5458 2393 5513 Jesum
2437 5454 2759 5525 Christum,
2819 5453 3025 5511 salutis
3073 5461 3291 5514 nostrae
3330 5471 3519 5514 causa

1866 5546 2244 5616 deﬁnierunt,
2327 5543 3107 5618 anathematizaveruntque
3191 5545 3519 5604 duodecim

1864 5634 2217 5698 Theodoreti
2271 5634 2491 5707 capita,
2530 5636 2587 5693 et
2642 5631 2757 5691 lbae
2813 5632 3138 5708 epistolam
3186 5633 3269 5693 ad
3310 5632 3519 5695 Marim

3058 5745 3091 5803 3
