4040 6318
570 293 640 345 75
1909 291 2175 348 NlCET/E
2218 290 2585 349 CHONIATE

3863 301 3955 357 76

569 415 814 474 Persam
858 419 1281 492 conscriptam,
1325 422 1384 474 et
1443 414 1715 485 Origenis
1766 429 1973 486 opera,
2021 415 2201 471 adhuv

2332 420 2422 468 καὶ
2451 419 2517 469 τὰ
2547 416 2844 490 Ὠριγένους
2874 422 3287 494 συγγράμματα,
3321 423 3397 473 ἔτι
3428 418 3487 474 δὲ
3526 420 3796 498 Θεόδωρον
3828 433 3958 480 Μο-

567 522 709 563 vero
733 507 1113 563 Theodorum
1136 505 1532 579 Mopsuestize,
1560 508 1619 560 et
1642 502 1726 559 sic
1755 502 1836 560 ad
1863 503 2109 576 propria
2136 520 2224 561 re-

571 594 828 653 dierunt.

642 709 694 760 9.
728 702 910 760 Paulo
938 708 1076 776 post
1097 707 1302 760 autem
1346 699 1687 773 Aceplialus
1740 701 1993 757 Severus
2026 699 2223 756 Eccle-

572 792 725 849 siam
752 793 995 848 turbare
1034 792 1302 859 tentavit,
1326 807 1512 847 unam
1542 806 1673 846 esse
1709 796 1989 846 naturam
2052 788 2226 845 Verbi

571 885 629 938 et
648 882 844 939 carnis
873 882 1116 938 docens.
1152 885 1353 953 Neque
1380 880 1523 936 satis
1552 879 1634 935 illi
1662 879 1791 947 fuit,
1823 879 1930 935 sed
1951 883 2009 934 et
2036 878 2223 934 libros

568 971 832 1043 protulit,
865 975 922 1027 et
945 971 1194 1043 scriptas
1226 969 1746 1041 interpretationes
1778 968 2141 1040 composuit,
2168 970 2227 1023 et

566 1076 890 1134 perperam
957 1060 1294 1132 Scripturas
1360 1058 1656 1130 exposuit.
1730 1057 1863 1112 Fuit
1917 1061 2121 1112 autem
2188 1071 2221 1111 a

520 1176 521 1181 π
568 1151 779 1206 Menna
801 1148 1177 1205 sanctissimo
1208 1144 1718 1218 ConstantinOpoli
1766 1145 2055 1217 episcopo
2082 1159 2225 1199 con-

568 1238 909 1303 demnatus,
942 1236 1193 1308 ejusque
1225 1251 1410 1308 opera
1441 1233 1728 1290 oblivioni
1758 1233 1998 1299 tradita,
2054 1232 2222 1288 auxi-

563 1326 852 1384 liantibus
880 1330 1150 1397 Agapeto
1206 1327 1428 1394 Romae,
1479 1326 1646 1379 Petro
1696 1323 2114 1394 Hierosolyma:
2168 1326 2225 1378 et

563 1416 853 1490 Ephraim
878 1415 1223 1486 Antiochiae,
1257 1418 1314 1469 et
1358 1412 1538 1469 simul
1588 1412 1848 1469 Soterico
1901 1411 2220 1485 Cappado-

566 1507 696 1564 ciae.
727 1509 808 1562 Ac
835 1521 1043 1562 rursus
1065 1503 1340 1575 jucunda
1391 1508 1448 1559 et
1501 1501 1820 1574 splendida
1866 1506 1922 1558 et
1968 1501 2221 1574 paciﬁca

563 1595 815 1654 victoria
850 1592 1282 1651 ecclesiasticas
1311 1608 1406 1649 res
1434 1592 1744 1649 recreavit.

2331 506 2621 577 ψουεστίας
2649 529 2660 540 ·
2690 512 2779 560 καὶ
2807 509 2972 572 οὕτως
3001 508 3085 563 ἐπὶ
3113 512 3180 563 τὰ
3210 510 3374 564 οἰκεῖα
3401 512 3713 584 μετέϐαινον.

2404 702 2464 758 θ’.
2495 705 2618 756 Μετ’
2647 704 2706 757 ού
2732 704 2862 757 πολύ
2913 702 2973 759 δὲ
3001 706 3152 759 πάλιν
3198 709 3223 759 ὁ
3271 706 3521 781 ἀκέφαλος
3573 709 3791 785 Σεϐἥρος
3838 716 3955 771 τὴν

2331 791 2649 850 Ἐκκλησίαν
2678 799 2842 865 κυκᾷν
2871 793 3160 866 ἐπεϐάλετο,
3186 801 3309 869 μίαν
3340 800 3495 869 φύσιν
3520 806 3613 851 τοῦ
3637 805 3810 871 Λόγου
3842 807 3956 854 καὶ

2329 888 2392 939 τῆ
2403 903 2424 943 ς
2457 885 2651 955 σαρκὸς
2677 878 3014 954 δογματίζων
3039 906 3052 917 ·
3083 892 3172 938 καὶ
3200 881 3332 958 μηδ’
3363 886 3413 938 ἐν
3439 890 3607 959 τούτῳ
3634 890 3950 961 ἵστάμενος,

2330 968 2459 1022 ἀλλὰ
2488 976 2577 1023 καὶ
2625 970 2841 1043 βίϐλους
2873 978 3158 1048 προφέρων,
3214 980 3305 1028 καὶ
3362 975 3634 1052 ἑρμηνείας
3668 982 3953 1053 γραφικὰς

2332 1061 2610 1126 συντιθεὶς,
2642 1065 2732 1112 καὶ
2787 1062 3233 1136 παρεξηγούμενος
3279 1067 3372 1127 τὰς
3412 1068 3632 1141 Γραφάς.
3670 1067 3810 1125 Πλὴν
3841 1074 3953 1121 καὶ

2330 1148 2481 1209 οὗτος
2513 1151 2614 1201 ὑπὸ
2644 1156 2799 1207 Μηνᾶ
2826 1158 2917 1203 τοῦ
2950 1151 3243 1223 ἁγιωτάτου
3286 1157 3623 1228 πατριάρχου
3654 1163 3951 1209 Κώνσταν-

2329 1237 2663 1299 τινουπόλεως
2693 1245 3079 1315 κατακρίνεται,
3110 1248 3199 1295 καὶ
3226 1245 3294 1294 τὰ
3318 1246 3503 1296 τούτου
3535 1240 3773 1317 δόγματα
3800 1244 3944 1319 ἁφα-

3626 1334 3951 1406 Ἀγαπητοῦ

2326 1413 2545 1488 Ῥώμης,
2609 1422 2804 1493 Πέτρου
2861 1418 3249 1494 Ἰεροσολύμων,
3308 1425 3396 1473 καὶ
3452 1421 3674 1496 Ἐφραὶμ
3724 1424 3951 1477 Ἀντιο-

2328 1335 2500 1399 νισμῷ
2590 1326 3000 1403 παραδίδονται,
3088 1337 3544 1405 συνεπαμυνόντων

2327 1510 2502 1576 χείας,
2544 1511 2631 1558 καὶ
2681 1511 2813 1579 πρὸς
2863 1512 3065 1570 τούτοις
3118 1516 3426 1584 Σωτηρίχου
3488 1509 3877 1575 Καππαδοκίας
3931 1537 3946 1548 ·

2327 1598 2416 1646 καὶ
2442 1594 2577 1646 οὕτω
2606 1594 2758 1647 πάλιν
2790 1596 2943 1656 λευκή
2978 1618 3058 1661 τις
3085 1604 3201 1658 νίκη
3235 1604 3325 1652 καὶ
3357 1597 3557 1675 φαιδρὰ
3585 1607 3674 1654 καὶ
3700 1602 3954 1676 εἰρηναία

2327 1684 2652 1745 κατάστασις
2682 1693 2789 1748 τοῖς
2816 1684 2968 1745 ἐκκλη
2980 1697 3273 1750 σιαστικοίς
3304 1686 3637 1762 ἐπεμειδίασε
3681 1694 3947 1767 πραγμα-

2246 1771 2290 1826 Β
2330 1790 2433 1829 σιν,

1796 1953 3924 1981 _____._________—________

1639 2169 1710 2258 Ν
1720 2168 2064 2257 ICET/E
2227 2170 2520 2259 CHON
2534 2173 2844 2262 IAT/E.

1315 2405 1419 2474 EX
1465 2404 1704 2473 LIBRO
1752 2404 1863 2472 XII
1911 2404 2300 2474 THESAURI
2350 2405 2873 2476 ΟΒΤΗΟΒΟΧΛΞ
2922 2410 3129 2479 FIDEI

559 2806 651 2863 De
675 2804 1250 2875 Aphtartocetarum
1284 2798 1512 2856 haeresi.
1541 2797 1622 2853 Et
1646 2797 1773 2853 haec
1798 2770 1954 2852 actio
1981 2796 2210 2866 quinta?

1056 2891 1283 2962 synodo
1306 2887 1714 2958 conjungitur.

633 3012 683 3064 t.
711 3002 1078 3068 Theodatus,
1113 2997 1441 3055 Gothorum
1498 2994 1645 3062 dux,
1694 3008 1831 3049 cum
1882 3009 1919 3048 a
1964 2989 2209 3064 proprio

2319 2800 2442 2869 Περὶ
2472 2806 2567 2859 τῆς
2587 2803 2831 2872 αιρέσεως
2861 2808 2958 2852 τῶν
2983 2800 3504 2878 Ἀφθαρτοδοκητῶν.
3538 2811 3639 2859 Καὶ
3667 2808 3697 2866 ἡ
3730 2811 3938 2884 πρᾶξις

2601 2889 2732 2947 αὕτη
2765 2898 2827 2962 τῇ
2860 2895 3069 2964 πέμπτη
3106 2902 3369 2952 συνῆπται
3403 2892 3626 2967 συνόδῳ.

2388 2992 2456 3048 α’.
2488 2991 2753 3056 Θευδοίτος
2782 2998 2807 3048 ὁ
2838 3006 2935 3049 τῶν
2964 3001 3164 3051 Γότθων
3196 2999 3452 3074 ἀρχηγὸς,
3478 3004 3577 3054 ύπὸ
3610 3003 3931 3079 Βελισαρίου

555 3094 809 3171 imperio
840 3089 1129 3147 decedere
1153 3086 1346 3142 victus
1367 3100 1404 3139 a
1433 3082 1713 3139 Belisario
1751 3080 2201 3154 periclitaretur,

2315 3090 2407 3142 τῆς
2436 3082 2621 3145 οἰκείας
2647 3084 2822 3158 ἀρχῆς
2850 3086 3035 3139 τέλειον
3061 3090 3290 3141 ἐκπεσεῖν
3347 3088 3680 3161 κινδυτεύων,
3717 3095 3932 3150 στέλλει

557 3169 1089 3256 δάἶωρθτᾶῐοτεω
1113 3174 1522 3232 Justinianum
1551 3171 1817 3242 legatum
1843 3169 2020 3225 mittit
2058 3172 2209 3238 Aga-

555 3281 765 3352 petum
793 3276 1135 3328 Romanum
1156 3264 1531 3338 episc0pum.
1565 3260 1700 3327 Qui.
1740 3264 2066 3352 postquam
2095 3258 2206 3330 By-

555 3350 818 3426 iantium
850 3358 1123 3435 pervenit
1152 3355 1678 3424 Justinianumque
1726 3350 1893 3420 adiit,
1938 3350 2205 3421 primum

556 3458 633 3517 de
663 3458 782 3511 Deo
807 3456 864 3509 et
886 3450 962 3505 de
991 3453 1153 3504 recta
1172 3446 1235 3501 in
1263 3459 1402 3500 eum
1426 3441 1546 3497 ﬁde
1577 3439 1833 3505 disserit,
1856 3444 1912 3494 et
1940 3437 2207 3493 Anthimi

555 3546 617 3604 in
646 3559 818 3601 novae
844 3543 1046 3597 Romae
1078 3536 1283 3592 sedem
1322 3531 1674 3588 electionem
1725 3528 1783 3584 in
1818 3544 2065 3584 causam
2097 3529 2205 3584 ad-

554 3635 742 3701 ducit,
799 3646 871 3688 eo
927 3626 1094 3701 quod
1129 3640 1255 3681 non
1281 3620 1567 3678 canonice
1610 3618 2000 3690 Trapezunte,
2067 3635 2205 3691 quae

553 3724 796 3783 urbium
819 3720 881 3776 in
912 3713 1331 3774 Pulemoniaco
1356 3713 1541 3766 Ponto
1572 3707 1818 3763 sitarum
1855 3707 2203 3779 metropolis

553 3819 664 3882 est,
697 3802 1275 3877 Constantinopolim
1307 3797 1629 3857 translatus
1659 3801 1834 3863 esset,
1869 3800 1926 3851 et
1968 3812 2204 3867 perver-

553 3921 635 3962 sa:
670 3899 866 3961 Severi
904 3894 1192 3953 doctrinae
1244 3889 1540 3963 particeps
1592 3886 1826 3943 fuisset.
1873 3888 2203 3958 Imperator

551 3999 752 4053 autem
785 3989 892 4063 qui
940 3980 1336 4057 imperatricis
1383 3976 1707 4035 Theodorae
1761 3976 1956 4032 studio
1998 3977 2200 4033 Anthi-

522 4098 720 4144 ‘mum
751 4070 1346 4144 Constantinopolica
1375 4068 1519 4124 sede
1559 4066 1812 4137 dignum
1861 4071 2194 4137 censuerat,

545 4171 792 4248 proprio
814 4166 971 4224 actui
995 4161 1250 4219 inhaesit.
1283 4161 1432 4216 Cum
1461 4162 1664 4248 autem
1702 4156 1948 4215 instaret
1994 4156 2195 4214 adhuc

544 4245 790 4320 divinus
818 4256 1144 4326 Agapetus,
1177 4248 1397 4320 saepius
1429 4246 1483 4301 ei
1501 4245 1766 4301 minatus
1795 4245 2106 4317 respondit
2130 4262 2192 4303 se

522 4366 727 4427 posse
751 4346 918 4422 quod
941 4343 1138 4410 vellet,
1160 4341 1357 4397 dicere
1387 4342 1446 4394 et
1480 4336 1696 4393 facere.
1738 4335 2017 4392 Irridente
2046 4352 2190 4393 vero

2314 3172 2387 3242 τῲ
2416 3170 2628 3244 βασιλεῖ
2654 3174 3004 3246 Ἰουστινιανῷ
3034 3176 3354 3249 πρεσϐευτὴν
3383 3179 3679 3251 Ἀγαπητόν
3704 3186 3790 3235 τὸν
3820 3194 3928 3249 τῆς

2310 3266 2513 3333 Ῥώμης
2538 3262 2808 3337 ἀρχιερέα.
2847 3264 2906 3317 Ὀ
2939 3262 3016 3332 δὲ,
3049 3266 3352 3319 καταλαϐὼν
3407 3272 3465 3320 τὸ
3498 3270 3795 3341 Βυζάντιον,
3822 3281 3928 3329 καὶ

2312 3359 2385 3422 τῷ
2416 3352 2766 3424 Ἰουστινιανῷ
2793 3352 3019 3425 ἐντυχὼν
3053 3364 3252 3429 πρῷτον
3285 3364 3402 3429 περὶ
3441 3366 3574 3411 Θεοῦ
3605 3366 3693 3412 καὶ
3720 3371 3815 3424 τῆς
3847 3365 3929 3426 εἰς

2314 3440 2469 3492 αὐτὸν
2497 3440 2652 3514 ὀρθῆς
2679 3438 2972 3514 διαλέγεται
3001 3450 3247 3510 πίστεως,
3280 3451 3369 3498 καὶ
3399 3452 3492 3506 τὴν
3525 3449 3597 3511 εἰς
3624 3454 3711 3501 τὸν
3734 3453 3926 3525 θρόνον

2313 3538 2408 3590 τῆς
2445 3533 2559 3592 νέας
2587 3529 2787 3603 Ῥώμης
2818 3530 3092 3604 ἀναγωγὴν
3113 3542 3203 3586 τοῦ
3228 3534 3472 3608 Ἀνθίμου
3494 3537 3580 3589 ὑπ’
3601 3539 3771 3591 αἰτίαν
3801 3539 3929 3595 ἐπε-

2312 3622 2517 3689 ποίητο,
2552 3621 2633 3671 ὅτι
2662 3639 2714 3672 τε
2737 3625 2808 3693 μὴ
2837 3631 3115 3683 κανονικῶς
3136 3622 3189 3674 ἐκ
3213 3625 3620 3698 Τραπεζοῦντος,
3651 3627 3680 3685 ἢ
3707 3637 3807 3680 τῶν
3841 3632 3927 3695 εἰς

2311 3710 2398 3758 τὸν
2442 3708 2823 3781 πολεμωνιακόν
2878 3715 3062 3763 πόντον
3116 3716 3355 3785 κειμένων
3412 3713 3604 3767 πόλεων
3652 3721 3928 3789 τυγχάνει

2310 3797 2650 3869 μητρόπολις,
2684 3799 2753 3860 εἰς
2774 3804 2859 3857 τὴν
2890 3806 3278 3854 Κωνσταντίνου
3326 3809 3678 3874 μετενήνεκτο,
3705 3812 3795 3859 καὶ
3828 3810 3922 3862 ὅτι

2309 3891 2398 3937 καὶ
2428 3894 2521 3946 τῆς
2568 3886 2792 3960 Σεϐηρου
2841 3886 3154 3952 κακοδοξίας
3202 3896 3543 3964 μετέσχηκεν.
3571 3892 3630 3946 Ὀ
3662 3891 3720 3948 δὲ
3751 3894 3924 3969 βασι-

2306 3973 2440 4039 λεύς,
2477 3973 2685 4049 σπουδῇ
2732 3984 2828 4039 τῆς
2871 3975 3147 4050 βασιλίδος
3188 3976 3461 4053 Θεοδώροις
3515 3984 3603 4034 τὸν
3654 3982 3917 4057 Ἃνθιμον

2304 4072 2400 4126 τῆς
2430 4063 2477 4117 ἐν
2526 4067 3064 4120 Κωνσταντινουπόλει
3109 4065 3372 4142 καθέδρας
3403 4070 3659 4142 ἠξιωκὼς)
3703 4080 3794 4134 τῆς
3823 4075 3914 4127 οῖ’

2302 4159 2440 4215 κείας
2468 4152 2729 4226 ἀντείχετο
2760 4156 3008 4230 πράξεως.
3043 4157 3406 4231 Ἐνισταμένου
3449 4155 3497 4211 δ’
3523 4161 3598 4212 ἔτι
3636 4170 3725 4213 τοῦ
3763 4164 3911 4216 θείου

2296 4242 2618 4316 εΑγαπητοῦ,
2649 4244 2892 4306 πολλάκις
2914 4246 3053 4317 αὐτῷ
3080 4246 3332 4320 ἠπείλησε
3376 4250 3555 4323 κύριος
3581 4247 3709 4303 εἶναι
3736 4250 3912 4323 λέγειν

2298 4341 2389 4388 καὶ
2444 4337 2685 4410 πράττειν
2735 4337 2760 4387 ὃ
2810 4333 3068 4408 βούλοιτό
3098 4338 3162 4397 ὡς
3219 4334 3269 4390 δ’
3315 4336 3525 4410 ἐπεγέλα
3568 4348 3640 4410 τῷ
3690 4338 3912 4413 βασιλεῖ

541 4421 874 4499 minantem
890 4435 1319 4507 imperatorem
1341 4442 1526 4501 seque
1546 4425 1641 4482 vel
1660 4428 1915 4481 mortem
1937 4425 2192 4484 libenter

2314 4423 2594 4477 Ῑιπειλουντι
2617 4429 2708 4477 καὶ
2749 4421 2920 4487 ἡδέως
2949 4424 3008 4477 ἆν
3058 4421 3313 4488 δέξασθαι
3360 4432 3449 4480 καὶ
3502 4433 3706 4502 σφαγὴν
3759 4428 3908 4486 ἀντε-

540 4531 882 4587 subiturum
927 4523 1251 4586 dictitante,
1284 4519 1653 4588 beatumque
1683 4515 1807 4573 fore
1840 4514 1891 4570 si
1928 4514 2026 4571 tali
2070 4515 2190 4573 ﬁne

518 4621 760 4692 dignus
804 4615 1147 4681 haberetur,
1169 4611 1284 4667 hac
1324 4607 1507 4679 hujus
1544 4605 1656 4661 viri
1692 4605 1898 4661 divina
1917 4603 2189 4663 libertate

537 4706 1203 4781 obstupuitimperator,
1218 4701 1601 4768 mentemque
1622 4698 1865 4751 mutans
1882 4694 1956 4750 de
1977 4694 2191 4753 doctri-

535 4816 619 4858 na
649 4811 905 4856 examen
933 4791 1141 4851 haberi
1181 4788 1382 4861 jussit,
1411 4785 1883 4857 Anthimumque
1929 4800 2002 4840 ex
2046 4784 2187 4843 sede

532 4888 818 4959 destituit,
842 4900 983 4941 cum
1009 4897 1199 4938 unum
1226 4877 1411 4934 modo
1432 4891 1660 4933 annum
1681 4891 1755 4931 ea
1774 4874 1990 4930 fruitus
2011 4879 2184 4944 esset,

531 4980 786 5052 ejusque
814 4975 877 5031 in
901 4973 1101 5029 locum
1146 4965 1448 5024 substituit
1504 4968 1758 5032 Menam,
1820 4961 2184 5052 Alexandria

530 5051 779 5141 quidem
804 5064 868 5120 in
894 5062 1159 5132 Egypto
1198 5055 1542 5126 oriundum,
1590 5058 1824 5126 patrem
1882 5069 1955 5109 ex
2000 5051 2181 5123 hujus

528 5158 698 5215 urbis
727 5150 1147 5211 illustrissimis
1174 5147 1523 5217 habentem,
1547 5159 1785 5201 necnon
1824 5142 2181 5216 eloquentia:

511 5246 809 5321 peritum,
832 5241 1169 5312 divinaeque
1192 5236 1546 5311 presertim.

597 5361 651 5411 ‘2.
675 5356 1003 5425 Postquam
1033 5348 1211 5420 igitur
1235 5347 1321 5403 sic
1342 5346 1761 5419 episcopatum
1799 5342 2059 5399 obtinuit
2086 5341 2177 5397 di-

521 5445 702 5504 vinus
725 5445 946 5511 Menas,
966 5444 1070 5496 aut
1097 5437 1297 5509 potius
1321 5440 1650 5509 postquam
1674 5433 1844 5489 illum
1864 5431 2179 5504 episcopa-

520 5539 619 5594 tus
641 5533 884 5592 sortitus
912 5536 1019 5597 est,
1049 5526 1475 5603 particularem
1536 5522 1840 5598 synodum
1884 5526 2178 5578 convocat

519 5640 649 5685 una
683 5625 825 5685 cum
868 5636 1035 5697 papa
1078 5620 1369 5692 Agapeto,
1415 5618 1474 5673 et
1510 5610 1882 5673 anathemati
1932 5609 2175 5682 subjicit

2296 4522 2451 4586 πῆγι,
2497 4519 2587 4566 καὶ
2633 4516 2892 4589 μακάριος
2947 4511 3076 4566 εἶναι
3122 4513 3309 4587 ἔλεγεν,
3354 4515 3398 4568 εἰ
3450 4520 3687 4571 τοιούτου
3727 4517 3911 4585 τέλους

2298 4602 2561 4670 ἀξιωθείη,
2596 4599 2797 4676 ᾐδέσθη
2829 4603 2853 4655 ὁ
2901 4602 3231 4678 αὐτοκράτωρ
3281 4608 3375 4663 τὴν
3417 4612 3509 4658 τοῦ
3541 4603 3732 4680 ἀνδρὸς
3760 4614 3914 4665 κατὰ

2297 4696 2426 4748 Θεὸν
2474 4692 2796 4768 παρρησίαν,
2850 4696 2940 4745 καὶ
2994 4691 3318 4765 μεταϐαλὼν,
3374 4694 3475 4747 ὑπὸ
3547 4698 3771 4759 ζήτησιν
3844 4704 3908 4753 τό

2297 4782 2473 4856 δόγμα
2492 4784 2803 4850 καθίστησι,
2836 4787 2927 4834 καὶ
2964 4786 3050 4835 τὸν
3080 4780 3331 4855 Ἀνθιμον
3387 4791 3477 4836 τοῦ
3524 4786 3703 4858 θρόνου
3751 4790 3909 4858 μεθί-

2296 4892 2486 4931 στησιν
2539 4871 2587 4924 ἓν
2636 4874 2744 4932 ἔτος
2795 4871 2955 4924 αὐτοῦ
3009 4869 3398 4939 ἀπολαύσαντα,
3458 4870 3803 4947 ἆντεισήγαγε
3839 4874 3909 4931 δὲ

2292 4970 2493 5033 Μηνᾶν,
2526 4962 2797 5034 αὑχοῦντα
2824 4964 2914 5034 μὲν
2940 4957 3178 5035 πατρίδα
3200 4966 3294 5020 τὴν
3325 4960 3434 5013 κατ’
3469 4965 3728 5035 Αἴγυπτον
3751 4962 3904 5019 Ἀλε-

2293 5049 2588 5126 ξάνδρειαν,
2616 5050 2838 5124 ἐκφύντα
2877 5047 2926 5103 δ’
2950 5049 3054 5111 ἐνὸς
3081 5058 3178 5103 τῶν
3210 5049 3257 5103 ἓν
3280 5054 3443 5124 ταύτῃ
3492 5050 3766 5124 ἐπιφανῶν,
3800 5061 3904 5110 καὶ

2289 5140 2449 5215 λόγων
2478 5142 2573 5196 ούκ
2605 5139 2926 5214 ἀνομιλήτως
2951 5143 3166 5213 ἔχοντα,
3191 5139 3425 5213 μάλιστα
3455 5160 3516 5213 γε
3558 5150 3657 5194 τῶν
3705 5144 3900 5199 θειοτέ-

2287 5253 2386 5308 ρων
2397 5275 2409 5288 .

2362 5338 2432 5412 β’.
2467 5346 2576 5401 Τῆς
2605 5338 3006 5413 ἀρχιερωσύνης
3035 5342 3207 5391 τοίνυν
3237 5344 3420 5401 Μηνᾶς
3456 5340 3482 5391 ὁ
3530 5340 3664 5402 θεῖος
3682 5345 3891 5412 τυχὼν,

2285 5431 2315 5490 ἦ
2345 5428 2533 5502 μᾶλλον
2574 5429 2737 5490 αὐτῆς
2787 5429 3168 5502 εύτυχησάσης
3226 5436 3429 5495 τοῦτον,
3483 5433 3700 5503 μερικὴν
3761 5449 3893 5503 συγ.

2283 5527 2459 5593 κροτεῖ
2510 5515 2730 5572 σύνοδον
2790 5521 2883 5571 σὺν
2942 5526 3015 5589 τῷ
3071 5518 3224 5591 πάπᾳ
3293 5525 3366 5590 τῷ
3422 5519 3725 5590 Ἀγαπητῷ,
3796 5526 3893 5575 καὶ

2284 5607 2568 5682 ἀναθέματι
2633 5606 3014 5663 καθυποϐάλλιι
3071 5605 3291 5684 Σεϐῆρον
3357 5612 3448 5663 καὶ
3489 5607 3736 5682 Εὐτυχῆ,
3792 5614 3892 5668 καί
