4040 6318
130 288 172 341 77
1379 280 1724 339 THESAURI
1763 282 1904 340 LIB.
1939 282 2055 338 XII.
3339 283 3410 339 78

132 417 281 482 Πέτρον,
325 414 404 462 τὸν
455 408 832 482 Ἀλικαρνάσέα
894 406 1191 474 Ἰουλιανόν,
1255 409 1347 459 καὶ
1398 412 1681 481 Ζώπυρον,

1792 409 2049 462 ἱθνθτυω
2075 406 2132 461 et
2154 403 2506 476 Eutychem,
2533 408 2591 461 et
2618 407 2875 473 Petrum,
2901 405 3206 465 Iulianum
3237 404 3416 477 Haly-

132 497 339 571 {Mgw},
409 502 495 549 καὶ
562 496 835 570 Ἃνθιμον,
911 499 980 558 ὡς
1059 495 1264 556 ἐκείνοις
1325 497 1646 571 ὁμόφρονας·

132 594 175 640 ἔτι
206 586 252 641 δὲ
282 588 325 639 ἐν
364 596 432 658 τῷ
484 588 748 658 Βυζαντίῳ
789 584 984 659 διάγων
1024 588 1049 638 ὀ
1096 589 1367 661 ἱερώτατος
1420 586 1653 657 Ἀγαπη-

129 682 196 741 τὸς,
247 682 321 730 τόν
381 676 496 749 βιόν
550 676 887 750 μετήλλαξεν.
951 677 1009 728 Ὀ
1066 681 1240 748 μέντοι
1296 682 1493 741 Μηνᾶς,
1558 674 1655 746 ζέπὶ

130 764 217 819 iam
263 773 343 820 καὶ
396 768 445 830 ἔξ
492 772 720 842 χρόνους
772 772 868 826 την
930 766 1240 825 Ἐκκλησίαν
1308 767 1501 836 ἰθύνας,
1561 770 1656 824 τὴν

131 856 225 916 ζωήν
264 857 517 922 κατέλυσε,
570 861 660 909 καὶ
719 855 930 928 ἀνήχθη
987 857 1055 917 εἰς
1117 861 1212 915 τὴν
1278 856 1658 931 ἀρχιερατικὴν

130 942 324 1018 ιαθέδραν
371 954 464 1007 τῆς
516 950 632 1008 νέας
673 947 876 1017 Ῥώμης
923 946 1201 1018 Εὐτύχιος,
1258 953 1352 998 τοῦ
1399 949 1659 1019 μακαρίου

130 1041 237 1091 Μηνᾶ
280 1033 330 1086 ἐκ
383 1036 516 1095 θείας
579 1040 918 1107 προειπόντος
966 1033 1343 1106 ἀποκαλύψεως
1393 1038 1456 1095 ὡς
1503 1033 1663 1095 αὐτὸς

131 1126 180 1179 εἰς
217 1125 238 1174 ό
271 1127 443 1175 τούτου
492 1120 786 1195 διάδοχος·
831 1122 905 1197 ἔφ’
936 1124 996 1177 οὗ
1034 1129 1123 1177 καὶ
1165 1126 1195 1183 ἡ
1247 1128 1457 1197 πέμπτη
1507 1127 1663 1181 συνή-

134 1214 288 1287 θροιστο
323 1209 536 1274 σύνοδος
571 1222 673 1265 τῶν
721 1213 820 1288 ρξε’
867 1213 1028 1285 ἁγίων
1080 1217 1344 1288 Πατέρων,
1387 1216 1457 1275 ὡς
1506 1212 1663 1265 εἰπεῖν

132 1303 313 1373 ieiuna,
364 1304 498 1354 κατά
547 1321 604 1354 τε
657 1309 748 1354 τοῦ
810 1301 1105 1374 Ὠριγένους
1161 1305 1251 1354 καὶ
1305 1310 1405 1353 τῶν
1459 1300 1666 1353 ἀλλοκό-

131 1408 198 1439 των
242 1388 412 1441 ἐκείνου
457 1387 622 1453 δοξῶν
669 1395 761 1443 καὶ
813 1399 912 1442 τῶν
963 1389 1349 1466 πρεσϐευόντων
1404 1393 1472 1442 τὰ
1535 1388 1665 1442 ἑκεί-

131 1499 206 1542 νου,
246 1475 457 1551 Διδύμου
488 1485 574 1532 καὶ
611 1479 889 1554 Εὐαγρίου,
933 1483 1118 1542 οἵτινες
1169 1488 1270 1532 τῶν
1310 1479 1502 1551 ψυχῶν
1544 1497 1665 1552 προ-

132 1566 298 1641 ὕπαρξιν
343 1564 710 1641 ἐδογμάτιζον,
759 1573 848 1621 καὶ
902 1568 1038 1629 τέλος
1103 1578 1165 1628 τῆ
1179 1590 1200 1630 ς
1263 1567 1525 1628 κολάσεως
1571 1567 1670 1619 ἔλε-

133 1676 210 1726 γον,
244 1662 320 1709 καὶ
360 1666 455 1710 τῶν
500 1653 762 1731 δαιμόνων
808 1658 875 1719 εἰς
917 1661 975 1709 τό
1020 1656 1247 1733 ἀρχαῖον
1295 1655 1671 1708 ἀποκατάστα-

1760 510 2147 551 carnasseum
2171 498 2227 550 et
2255 496 2554 565 Zopyrum
2584 500 2640 551 et
2658 496 3031 563 Anthimum,
3055 499 3274 552 utcum
3294 493 3414 550 illis

1761 584 2107 641 concordes.
2126 584 2382 655 Byzantii
2401 584 2601 639 adhuc
2617 600 2983 642 conversaris
2997 584 3416 641 sanctissimus

1763 678 2064 745 Agapctus
2079 687 2431 746 supremum
2451 672 2610 729 diem
2633 674 2800 742 obiit,
2830 678 3029 732 Menas
3049 678 3251 731 tamen
3282 688 3420 729 sex-

1764 761 1962 818 decim
1977 777 2171 818 annos
2200 760 2349 817 rexit
2374 761 2716 828 Ecclesiam,
2750 767 2809 820 et
2827 769 3100 820 mortuus
3124 768 3231 819 est.
3258 765 3422 819 Tunc

1766 851 1830 907 in
1858 851 2268 924 episcopalem
2316 866 2488 907 novae
2528 854 2734 907 Romae
2770 852 2976 909 sedem
3007 852 3292 909 suﬁ‘ectus
3330 854 3424 908 est

1768 940 2120 1012 Eutychius,
2181 945 2242 995 ut
2296 939 2502 997 divina
2551 941 2907 998 revelatione
2954 942 3170 999 beatus
3221 944 3422 998 Menas

1768 1028 2145 1102 praedixerat.
2177 1030 2306 1094 Quo
2336 1029 2758 1102 episcopatum
2799 1034 3060 1101 gerente,
3091 1033 3429 1088 convocata

1771 1125 1864 1175 est
1890 1120 2101 1192 quinta
2125 1119 2417 1191 synodus,
2444 1125 2509 1175 ut
2538 1120 2707 1193 prius
2737 1120 3026 1190 diximus,
3054 1124 3295 1177 centum
3327 1135 3431 1177 sex

1772 1214 1830 1266 el
1855 1209 2167 1278 sexaginta
2188 1211 2446 1274 Patrum,
2476 1214 2685 1265 contra
2711 1211 3025 1280 Origenem
3048 1214 3105 1266 et
3126 1208 3428 1266 absurdas

1775 1299 1903 1369 ejus
1934 1298 2253 1370 opiniones
2298 1302 2355 1354 et
2383 1314 2485 1354 eos
2516 1298 2623 1371 qui
2651 1299 2783 1370 ejus
2820 1298 3156 1357 doctrinam
3188 1298 3429 1368 docent,

1776 1385 2104 1457 Didymum
2149 1391 2206 1442 et
2244 1387 2583 1458 Evagrium,
2614 1387 2720 1460 qui
2762 1387 3106 1444 animarum
3146 1386 3430 1460 praeexsi—

1777 1476 2055 1533 stentiam
2086 1477 2521 1548 praedicabant,
2547 1482 2606 1532 et
2631 1492 2951 1549 poenarum
2988 1476 3196 1546 ﬁnem,
3228 1480 3286 1533 et
3309 1475 3433 1531 dre-

1777 1580 2029 1621 monum
2086 1564 2147 1620 in
2202 1564 2524 1637 pristinum
2581 1570 2803 1622 statum
2868 1564 3328 1636 restitutionem,
3378 1568 3437 1621 et

1778 1654 1970 1711 multa
1999 1655 2117 1710 alia
2148 1673 2161 1721 ;
2197 1656 2305 1711 sed
2337 1660 2393 1711 et
2421 1660 2630 1711 contra
2670 1655 3049 1712 Theodorum
3082 1658 3435 1728 Mopsuestm

137 1763 209 1809 ειν,
251 1750 330 1797 καὶ
372 1748 516 1819 ἔτερα
564 1746 794 1798 πλείονα·
845 1745 972 1799 ἀλλά
1021 1752 1112 1798 καὶ
1156 1750 1244 1799 τόν
1301 1745 1673 1816 Μοψουεστίας

1792 1743 2031 1799 Nestorii
2049 1742 2387 1799 doctrinam
2409 1748 2759 1813 sectantem,
2790 1748 3083 1816 prasente
3111 1743 3175 1799 in
3200 1742 3437 1816 synodo

138 1830 348 1909 Θεόδωρον
388 1838 453 1887 τὰ
499 1840 789 1908 Νεστορίου
847 1844 1165 1911 φρονοῦντα·
1226 1840 1476 1910 παρόντος
1520 1834 1568 1886 ἐν
1605 1842 1668 1908 τῇ

140 1925 294 1999 συνόδῳ
348 1936 434 1981 τοῦ
498 1928 765 2001 βασιλέως
841 1930 1210 1982 Ἰουστινιανοῦ
1283 1935 1375 1981 καὶ
1430 1928 1675 1983 συνευδο-

138 2025 298 2080 κοῦντος
342 2019 413 2080 οἷς
454 2020 503 2070 οἱ
557 2020 687 2071 θεῖοι
744 2022 961 2092 Πατέρες
1014 2018 1258 2090 θεοφιλῶς
1304 2015 1675 2090 έδογμάτιζον.

186 2107 237 2175 γ’.
288 2106 410 2159 Ἀλλ’
458 2109 603 2160 οὔπω
658 2116 872 2179 συχνῶς
926 2111 1278 2180 παριππεύκει
1327 2111 1528 2182 καιρὸς,
1588 2111 1679 2159 καὶ

139 2195 282 2247 ὁτῶν
334 2195 570 2257 ζιζανίων
642 2200 861 2269 evropa);
928 2192 1153 2269 δαίμων,
1220 2200 1314 2254 τὴν
1378 2196 1678 2249 εὐστάθειαν

139 2288 201 2334 καὶ
240 2287 542 2338 κατάστασιν
594 2294 688 2345 τῆς
737 2284 1048 2346 Ἐκκλησίας
1106 2281 1369 2357 μηδαμῶς
1403 2287 1526 2357 ὁρᾴν
1572 2285 1681 2338 ὀνε-

139 2377 326 2445 χόμενος,
362 2383 461 2436 τοῖς
501 2378 714 2451 σαθροῖς
758 2372 1023 2446 δόγμασιν
1050 2394 1065 2408 ο
1107 2376 1280 2448 ὥσπερ
1328 2379 1442 2427 τίσὶ
1501 2395 1681 2447 μηχα-

140 2470 217 2522 ναῖς
261 2459 589 2517 διασαλεῦσαι
653 2468 847 2523 ταύτην
907 2469 995 2516 καὶ
1059 2463 1367 2517 καταϐαλεῖν
1429 2471 1683 2537 πειρώμε-

142 2569 215 2615 νος,
256 2550 565 2626 βλασφημεῖν
618 2573 761 2615 τινας
812 2552 1073 2606 ἀνέπεισεν
1123 2555 1192 2615 ὡς
1241 2552 1290 2606 έν
1330 2558 1682 2628 προσχήματι

143 2638 364 2711 εὶσεϐείας,
408 2645 487 2695 ὅτι
534 2645 564 2702 ἡ
613 2642 672 2695 ἐκ
710 2652 805 2704 τῆς
854 2642 1004 2715 ἁγίας
1054 2644 1315 2716 Παρθένου
1355 2652 1427 2714 τῷ
1468 2651 1683 2717 Χριστῷ

143 2730 474 2802 προσληφθεῖσα
538 2732 674 2805 σάρξ
719 2735 820 2807 πρὸ
868 2740 960 2785 τοῦ
1012 2734 1214 2793 πάθους
1283 2734 1512 2808 ᾱίθαρτος
1580 2729 1678 2790 ἦν·

144 2823 205 2868 καὶ
244 2828 320 2871 τοῦ
366 2819 618 2892 βασιλέως
664 2829 727 2894 τῇ
781 2818 994 2892 ἀσεϐείᾳ
1045 2829 1134 2873 τοῦ
1195 2817 1458 2893 δόγματος
1510 2821 1687 2893 ὑπαχ-

148 2904 285 2975 θέντος,
344 2910 665 2981 νιαθαιρειται
729 2928 819 2960 του
881 2910 1064 2980 θρόνου
1120 2913 1208 2960 καὶ
1267 2907 1602 2960 ἀπελαύνεται
1660 2907 1685 2957 ό

146 2996 261 3062 μέγας
306 2995 578 3069 Εὖτύχιος,
636 3000 692 3050 τό
753 2993 1003 3057 δυσσεϐὲς
1057 3004 1149 3048 τοῦ
1188 2996 1557 3069 προϐλήματος
1601 2995 1686 3058 ἐξ-

1780 1832 2142 1904 imperatore
2180 1831 2518 1889 Justiniano
2559 1837 2617 1888 et
2649 1832 2937 1888 doctrinis
2969 1832 3231 1902 favente,
3282 1846 3441 1905 quas

1782 1920 1967 1977 divini
1996 1921 2199 1978 Patres
2231 1920 2569 1978 secundum
2602 1924 2789 1977 Deum
2812 1921 3131 1978 docebant.

1857 2103 1908 2154 3.
1963 2097 2078 2155 Sed
2115 2096 2392 2154 nondum
2436 2097 2696 2155 multum
2734 2098 3045 2157 efﬂuxerat
3081 2103 3340 2173 tempus,
3384 2104 3443 2157 et

1786 2187 2152 2244 zizaniarum
2198 2189 2530 2244 seminator
2585 2188 2847 2255 daemon,
2886 2188 3119 2245 felicem
3168 2189 3444 2246 Ecclesia

1789 2281 2009 2333 statum
2040 2282 2097 2332 et
2134 2276 2628 2350 tranquillitatem
2676 2291 2833 2346 aegre
2875 2276 3094 2340 ferens,
3149 2276 3445 2350 corruptis

1790 2365 2177 2435 dogmatibus
2203 2371 2498 2439 tanquam
2529 2366 2829 2422 machinis
2851 2382 2984 2423 eam
3015 2366 3365 2439 perturbare
3390 2369 3448 2423 et

1791 2460 2053 2512 evertere
2075 2461 2348 2525 conatus,
2377 2454 2684 2512 nonnullis
2706 2454 3011 2527 persuasit
3027 2455 3220 2512 utsub
3248 2454 3447 2528 specie

1790 2545 2025 2617 pietatis
2046 2545 2541 2618 blasphemarent
2555 2545 2822 2602 dicentes
2844 2561 2982 2602 eam
3000 2561 3242 2602 carnem
3263 2561 3451 2618 quam

1792 2650 1865 2690 ex
1896 2634 2280 2691 sanctissima
2301 2634 2534 2707 Virgine
2563 2633 2827 2690 Christus
2851 2640 3287 2707 assumpserat,
3314 2639 3452 2691 ante

1793 2725 2140 2798 passionem
2181 2723 2698 2796 incorruptibilem
2736 2723 2941 2779 fuisse.
2996 2727 3061 2780 Et
3091 2725 3453 2797 imperatore

1794 2814 2068 2870 doctrina
2094 2814 2211 2869 hac
2239 2813 2426 2885 impia
2456 2813 2723 2883 seducto,
2758 2829 2796 2869 a
2821 2830 2933 2871 sua
2964 2814 3105 2870 sede
3133 2813 3455 2885 deponitur

1795 2908 1853 2958 et
1878 2902 2188 2975 expellitur
2218 2917 2477 2971 magnus
2507 2901 2857 2973 Eutychius,
2887 2902 2993 2974 qui
3021 2903 3203 2973 hujus
3232 2917 3453 2974 propo-

1798 2991 2027 3046 sitionis
2074 2990 2445 3061 impietatem
2488 2990 2985 3062 reprehendebat.
3037 2991 3349 3047 Amasiam
3391 2990 3455 3047 in

148 3080 339 3153 ελέγχων.
400 3091 491 3138 Καὶ
546 3087 572 3138 ὁ
630 3088 720 3158 μὲν
788 3087 1055 3160 ὑπερόριος
1120 3090 1321 3156 γίνεται
1387 3085 1458 3147 εἰς
1522 3084 1681 3158 ’Δμά-

1797 3080 2073 3137 exsilium
2103 3079 2373 3144 mittitur,
2405 3078 2511 3134 ubi
2540 3078 2861 3136 asceticam
2902 3079 3093 3136 vitam
3145 3079 3452 3149 transegit.

148 3187 266 3237 ειιαν,
304 3175 416 3225 ἔνθα
442 3180 531 3227 καὶ
560 3184 653 3235 τῆς
694 3173 929 3232 ἀσκητοῦ
970 3173 1180 3247 ἀγωγῆς
1224 3177 1396 3246 εἴχετο
1422 3195 1433 3207 ”
1478 3172 1687 3226 ἀντεισ-

148 3259 280 3327 εὶγεται
320 3259 375 3314 δε
420 3266 765 3337 πατριάρχης
820 3265 845 3315 ό
912 3261 1012 3316 ἀπό
1073 3262 1440 3335 σχολαστικῶν
1506 3263 1689 3317 Ἰωάν-

146 3366 223 3412 νης,
244 3349 545 3424 Ἀντιοχείας
570 3353 639 3403 ῶν
679 3351 845 3427 ἀποκρ
855 3354 998 3427 ισιάρ
1007 3371 1098 3412 ιος.

194 3433 245 3490 δ’.
289 3445 495 3511 Λέγεται
550 3438 612 3494 δὲ
680 3441 1052 3503 Ἰουστινιανὸς
1100 3443 1246 3514 παρά
1290 3450 1389 3493 τῶν
1445 3442 1513 3492 τὰ
1572 3456 1688 3492 κατ’

147 3523 258 3579 αὐτόν
319 3535 750 3605 συγγεγραφότων
825 3538 1072 3583 τοσοῦτον
1143 3530 1348 3603 θεοφιλῆ
1431 3532 1545 3604 ἔρον
1621 3528 1690 3590 εἰς

145 3617 204 3664 τόν
240 3622 446 3691 Χριστὸν
491 3624 714 3693 τρέφειν,
767 3621 956 3682 ὁπόσος
1010 3617 1183 3673 οὐδενὶ
1230 3628 1331 3671 τῶν
1377 3623 1478 3694 πρό
1527 3618 1687 3671 αὐτοῦ

145 3719 180 3753 τι
213 3711 286 3758 καὶ
322 3708 424 3780 μετ’
463 3709 617 3761 αὐτόν
665 3707 874 3781 βασιλεί
922 3711 1053 3781 μετά
1099 3727 1160 3780 γε
1192 3711 1279 3760 τόν
1318 3707 1366 3760 ἐν
1408 3706 1690 3781 βασιλεῦσι

146 3800 453 3867 τρασμέγιστον
550 3805 936 3852 Κωνσταντῖνον
1024 3798 1466 3867 ἑπιμαρτύρεται·
1558 3798 1689 3849 ὥστε

146 3888 207 3933 καὶ
239 3885 380 3938 πολλὰ
423 3896 520 3939 τῶν
570 3887 762 3961 βιαίων
811 3883 883 3940 δι’
930 3887 1084 3939 αὑτὸν
1125 3886 1394 3959 εἰργάζετο
1422 3909 1433 3919 ·
1485 3888 1601 3947 τούς
1635 3904 1688 3938 τε

146 3973 216 4044 γὰρ
260 3981 562 4052 Σαμαρείτας
627 3984 720 4037 τῆς
786 3976 974 4037 οἰκείας
1029 3977 1273 4050 αἱρέσεως
1330 3981 1400 4049 μὴ
1464 3974 1688 4047 ἀφιστα-

148 4064 282 4127 ,ιιένους
338 4071 580 4127 παντοίως
649 4064 898 4131 ἐκάκωσε,
961 4070 1052 4117 καὶ
1114 4069 1233 4128 τοὺς
1295 4064 1564 4141 Ἐϐραίους
1630 4064 1687 4117 οὐ

150 4148 371 4227 ξ’ίιεχώρει
409 4160 465 4208 τό
508 4153 569 4209 ῖδ
575 4176 652 4209 ιον
701 4158 901 4228 Πάσχα
942 4158 1043 4228 πρὸ
1096 4163 1194 4207 τῶν
1239 4163 1571 4231 Χριστιανῶν
1611 4155 1692 4207 έκ-

150 4236 279 4306 τιὶεὶν,
316 4249 398 4296 καὶ
433 4253 494 4317 τῇ
538 4254 639 4298 τῶν
684 4240 1189 4319 Ἀφθαρτοδοκητῶν
1230 4241 1357 4318 δόξῃ
1396 4248 1687 4318 προσέσχε,

150 4331 196 4395 μὶ
240 4328 505 4401 ἐμϐαθύνων
557 4342 633 4403 τῷ
681 4330 933 4406 δόγματι,
989 4342 1052 4407 τῇ
1097 4331 1158 4387 δε
1212 4339 1455 4407 σημασίᾳ
1491 4343 1581 4395 τῆς
1613 4333 1691 4386 λέο

550 3805 936 3852 Κωνσταντῖνον
1024 3796 1466 3872 ὶπιμαρτύρεται·

1796 3169 1936 3241 Ejus
1966 3169 2028 3224 in
2058 3168 2188 3225 loco
2220 3168 2509 3224 sutficitur
2551 3168 2893 3240 patriarcha
2922 3166 3175 3242 quidam
3204 3168 3292 3226 vir
3318 3183 3455 3226 eru-

1796 3258 2145 3326 ditissimus,
2180 3260 2460 3325 Joannes,
2489 3258 2815 3315 Antiochiae
2840 3259 3289 3332 apocrisiarius.

1867 3437 1921 3491 4.
1964 3435 2185 3493 Dicitur
2230 3438 2434 3493 autem
2470 3435 2843 3493 Justinianus
2882 3435 2960 3493 ab
3005 3435 3077 3493 iis
3119 3436 3225 3511 qui
3263 3436 3340 3494 de
3383 3451 3457 3494 eo

1797 3527 2163 3599 scripserunt
2208 3542 2482 3583 amorem
2527 3526 2590 3583 in
2635 3527 2933 3583 Christum
2974 3527 3220 3594 aluisse,
3259 3525 3456 3600 qualis

1795 3616 1945 3674 nulli
1990 3621 2127 3672 ante
2174 3632 2314 3672 eum
2352 3621 2409 3672 et
2448 3620 2586 3689 post
2624 3632 2763 3672 eum
2802 3616 3172 3689 imperatori,
3204 3619 3456 3689 excepto

1796 3710 1998 3763 tamen
2028 3705 2297 3761 maximo
2326 3704 2478 3761 inter
2506 3704 2897 3776 imperatores
2925 3705 3334 3769 Constantino,
3359 3703 3457 3761 tri-

1794 3795 2035 3864 buitur;
2084 3795 2168 3851 ita
2212 3799 2276 3850 ut
2312 3794 2501 3851 multa
2536 3793 2679 3850 inde
2717 3793 3008 3850 violenter
3036 3798 3325 3867 operatus
3357 3793 3451 3850 sit.

1796 3883 1991 3940 Multis
2017 3882 2215 3939 modis
2247 3883 2659 3939 Samaritanos
2677 3898 2714 3938 a
2734 3883 2979 3956 propria
2994 3882 3212 3939 haeresi
3228 3898 3349 3939 non
3365 3896 3456 3938 re-

1797 3972 2076 4029 cedentes
2106 3971 2261 4029 male
2287 3972 2517 4038 hahuit,
2542 3970 2922 4044 Hebraeisque
2953 3970 3137 4028 vetuit
3163 3986 3239 4027 ne
3271 3986 3454 4027 suum

1796 4062 2027 4119 Pascha
2044 4066 2181 4118 ante
2203 4060 2569 4117 Christianos
2589 4059 2988 4130 celebrarent;
3016 4065 3196 4135 atque
3226 4060 3455 4134 Aphar-

1797 4150 2211 4208 todocetarum
2240 4149 2453 4205 haeresi
2488 4148 2758 4216 adhaesit,
2801 4165 2925 4206 non
2961 4148 3190 4220 dogma
3217 4148 3454 4223 procul-

1799 4255 1963 4308 cans,
2025 4238 2132 4295 sed
2188 4238 2351 4295 vocis
2408 4237 2844 4309 significatione
2910 4238 3198 4307 offensus,
3256 4252 3456 4312 neque

1802 4329 2105 4385 sustinens
2152 4328 2509 4399 hujusmodi
2568 4326 2797 4401 aliquid
2844 4327 2918 4384 de
2959 4328 3189 4385 Christo
3224 4328 3453 4385 audire.

152 4412 234 4476 ξξως
319 4417 769 4497 δριμυσσόμενοςι
862 4427 950 4475 καὶ
1029 4419 1292 4495 μηδαμῶς
1379 4421 1681 4495 ἀνεχόμενος

1803 4417 2236 4475 Duodecimum
2249 4417 2378 4489 jam
2392 4433 2618 4473 annum
2637 4417 2951 4474 exsulabat
2967 4418 3459 4490 Eutychius,cum

151 4512 323 4560 τοιοῦτόν
373 4531 422 4563 τι
477 4517 597 4587 περὶ
656 4519 896 4586 Χριστοῦ
951 4510 1308 4573 ένωτίζεσθαι.
1367 4509 1687 4566 Δωδέκατον.

152 4587 193 4643 δε
232 4602 394 4669 χρόνον
440 4600 488 4653 ἐν
537 4610 601 4674 τῇ
655 4602 909 4677 ὑπερορίᾳ
948 4601 1247 4663 τελέσαντος
1282 4602 1572 4674 Εὐτυχίου,
1614 4606 1691 4673 γί-

152 4698 253 4734 νεται
296 4690 375 4758 μὲν
424 4687 476 4752 ἐξ
542 4689 830 4764 ἀνθρώπων
897 4688 1226 4763 όβασιλεὺς
1290 4692 1690 4751 Ἰουστινιανός·

154 4772 342 4856 καταλύει
378 4774 431 4830 δε
483 4782 573 4832 τόν
630 4778 753 4853 βίον
806 4784 896 4831 καὶ
954 4778 1195 4842 Ἰωάννης
1252 4781 1278 4832 ό
1338 4783 1692 4856 πατριάρχης.

156 4854 376 4918 Ἰονϐτίνου
436 4864 495 4921 δὲ
555 4873 649 4921 καὶ
710 4866 953 4941 Τιϐερίου
1015 4868 1099 4922 ἐπὶ
1162 4871 1231 4922 τὰ
1294 4878 1540 4944 σκῆπτρα
1602 4876 1698 4932 τῆς

158 4944 371 5032 βασιλείας
428 4956 781 5031 ἀναχθέντων,
841 4959 1089 5032 λαμπρῶς
1138 4966 1233 5021 τῆς
1294 4955 1550 5012 ἐπανόδου
1604 4962 1697 5012 καὶ

159 5029 379 5106 δεξιώσεως
426 5050 568 5122 παρά
626 5066 686 5100 τε
746 5054 847 5099 τῶν
908 5045 1166 5120 βασιλέων
1225 5047 1393 5100 αὐτῶν
1450 5052 1541 5100 καὶ
1599 5055 1698 5099 τῶν

159 5121 191 5173 ἐι
236 5130 342 5184 τέλει
394 5138 593 5190 πάντων
661 5140 846 5207 τυχὼν
906 5136 1166 5209 Εὐτύχιος
1237 5136 1517 5209 ἀναθεματι
1574 5138 1701 5189 καθ-

160 5216 373 5275 ποεάλλει
413 5230 533 5289 τοὺς
577 5228 845 5299 ἄφθαρτον
904 5229 963 5279 τό
1018 5234 1111 5279 τοῦ
1163 5231 1360 5301 Κυρίου
1412 5233 1567 5299 σῶμα
1598 5229 1700 5299 πρὸ

160 5312 224 5365 τῆς
258 5308 561 5378 ἀναστάσεως
620 5316 866 5388 λέγοντας
888 5337 901 5349 ·
962 5321 1052 5369 καὶ
1120 5318 1284 5369 θανὼν
1349 5318 1599 5375 κατετέθη
1653 5315 1701 5368 ἓν

163 5400 212 5459 τῷ
258 5398 589 5478 Θνσιαστηρίῳ
662 5413 765 5458 τῶν
830 5404 1015 5478 Ἃγίων
1074 5405 1404 5460 Ἀποστόλων
1458 5413 1560 5459 τῶν
1617 5425 1705 5479 με·

164 5482 284 5549 βων
319 5496 442 5546 κατὰ
480 5500 576 5554 την
616 5490 863 5570 κρηπῖδα
908 5503 1004 5557 τῆς
1048 5495 1201 5569 ἁγίας
1238 5496 1522 5573 τραπέζης,
1588 5497 1708 5551 ἔνθα

166 5589 288 5639 κειται
307 5578 524 5654 λείψανα.

1803 4525 1875 4565 ex
1900 4506 2250 4564 hominibus
2282 4506 2564 4577 migravit
2583 4506 2912 4579 imperator
2933 4506 3321 4564 Justinianus.
3349 4504 3461 4562 Ex-

1803 4598 1978 4655 cessit
1993 4616 2021 4652 e
2042 4597 2164 4653 vita
2185 4602 2239 4653 et
2252 4598 2512 4653 Joannes
2528 4596 3236 4670 patriarcha.Postquam
3256 4601 3461 4653 autem

1801 4687 2066 4744 Justinus
2113 4690 2171 4742 et
2211 4686 2480 4743 Tiberius
2514 4686 2595 4742 ad
2636 4686 2867 4756 regiam
2898 4686 3252 4758 dignitatem
3276 4685 3462 4743 evecti

1805 4781 1962 4840 sunt,
2000 4775 2312 4849 splendide
2353 4780 2489 4848 post
2521 4774 2779 4832 reditum
2827 4782 3110 4849 exceptus
3136 4780 3226 4832 est
3252 4774 3326 4831 ab
3353 4774 3459 4830 im—

1804 4865 2183 4940 peratoribus
2206 4865 2553 4937 Eutychius,
2582 4865 3071 4938 anathemalique
3088 4862 3341 4935 subjecit
3359 4877 3463 4918 eos

1806 4955 1911 5029 qui
1961 4954 2415 5027 incorruptibile
2468 4953 2705 5010 Domini
2743 4969 2964 5027 corpus
3016 4957 3152 5010 ante
3206 4965 3467 5009 resurre-

1808 5046 2066 5102 ctionem
2111 5060 2240 5101 esse
2284 5044 2587 5112 dicebant,
2616 5049 3012 5117 mortuusque
3038 5042 3350 5116 depositus
3381 5044 3473 5100 est

1807 5135 1869 5191 in
1899 5134 2070 5191 altari
2101 5138 2446 5190 sanctorum
2486 5147 2975 5206 magnorumque
3014 5130 3471 5208 Apostolorum,

1809 5240 1997 5297 prope
2021 5224 2415 5281 sanctissimae
2446 5239 2670 5281 mensae
2700 5223 3186 5290 fundamentum,
3218 5221 3325 5279 ubi
3357 5223 3477 5278 An-

1812 5315 1973 5371 dreae
2020 5319 2078 5371 et
2117 5313 2408 5371 Timothei
2453 5321 2511 5371 et
2562 5315 2733 5370 Luca:
2784 5315 3005 5369 sanctae
3058 5310 3325 5385 reliquiae
3380 5310 3479 5383 ja-

1818 5407 1974 5461 cent.

1817 5489 2069 5568 Ἀνδρέου
2136 5497 2226 5548 καὶ
2287 5493 2542 5568 Τιμοθέου
2608 5495 2699 5547 καὶ
2764 5496 2934 5546 Δουκᾶ
2992 5494 3060 5545 τὰ
3120 5490 3249 5565 ἅγια
3312 5489 3485 5547 κατοί-
