4040 6318
597 307 668 361 79
893 287 901 297 "
1938 303 2206 362 manu:
2245 303 2620 362 CHONIATE
3884 313 3970 369 eo

669 433 721 484 5.
752 429 932 485 Erant
955 430 1158 486 autem
1178 428 1694 501 Aphtartodocetas
1714 429 1821 501 qui
1843 426 2130 486 aJuliano
2142 431 2253 487 Ha-

2436 429 2489 489 ε’.
2546 430 2715 482 Ἦσαν
2774 426 2834 482 δὲ
2890 428 3377 503 Ἀφθαρτοδοκῆται
3421 436 3470 488 οἱ
3526 433 3625 487 ἀπὸ
3674 434 3969 488 Ἰουλιανοῦ

593 517 959 578 licaruasseo
1006 523 1064 575 et
1120 518 1344 575 Gaiano
1399 517 1804 574 Alexandrino
1853 518 2148 575 Julianitae

2374 527 2451 572 τοῦ
2510 518 2914 595 Ἀλικαρνασέως
2985 524 3077 572 καὶ
3134 527 3355 595 Γαίανοῦ
3419 532 3512 576 τοῦ
3582 522 3969 600 Ἀλεξανδρέως

596 608 880 666 Gaianitae
911 608 1292 685 dicebantur;
1318 608 1423 680 qui
1447 607 1691 681 quidem
1720 609 1781 665 in
1809 607 1938 665 aliis
1955 609 2191 677 dogmal

2368 613 2619 682 λεγόμενοι
2673 609 3002 662 Ἰουλιανῖται
3049 615 3138 663 καὶ
3190 616 3481 680 Γαῖανῖται,
3538 616 3717 675 οῖτινες
3765 617 3814 667 ἓν
3864 618 3963 687 μὲν

591 698 711 756 bus
734 714 873 754 cum
904 700 1121 754 Severo
1159 698 1526 755 conveniunt
1562 699 1826 755 dicentes
1871 698 2186 771 impossibi

2372 705 2467 761 ῖοῖς
2522 698 2693 759 ὀῦιλοις
2751 695 2990 771 δόγμασι
3034 708 3106 770 τῷ
3148 699 3354 775 Σεϐἡρῳ
3399 708 3746 777 συμφέρονται
3781 704 3967 775 λέγον-

593 804 722 845 esse
744 791 1022 844 naturam
1051 802 1158 859 per
1190 802 1253 844 se
1281 787 1606 844 subsistere
1636 788 1783 861 quin
1814 788 1874 845 in
1897 788 2188 844 indivisib;

2363 807 2436 850 rs;
2478 784 2731 840 ἀδύνατον
2779 784 2907 840 εἶναι
2964 791 3118 861 φύσιν
3162 791 3453 849 ὑποστῆναι
3496 793 3612 845 καθ’
3671 795 3831 851 αὐτὴν
3876 798 3958 863 μὴ

589 877 860 951 quodam
910 876 1181 948 subjecto
1231 876 1661 935 consideretur.
1715 876 2031 944 Quomodo
2079 879 2184 933 eni.

2363 874 2402 928 ἓν
2457 876 2630 951 ἀτόμω
2677 881 2779 929 τινὶ
2835 879 3182 951 θεωρουμένην
3213 900 3225 912 ·
3285 889 3391 941 πῶς
3436 883 3539 956 γὰρ
3589 880 3647 934 iv
3683 884 3758 940 εἵη
3798 881 3958 935 λίθου

590 971 748 1024 esset
774 965 993 1039 lapidis
1016 970 1072 1022 et
1090 965 1235 1037 ligni
1264 981 1388 1022 una
1414 966 1780 1039 hypostasis,
1804 966 1867 1022 id
1884 970 1972 1023 est
1994 966 2185 1023 union;

2360 970 2441 1018 καὶ
2506 966 2658 1030 ξύλου
2724 971 2824 1039 μία
2887 968 3203 1037 ὑπόστασις,
3268 974 3536 1024 τουτέστιν
3595 972 3785 1042 ἄτομον
3848 971 3955 1039 ἓν;

586 1055 944 1115 indivisibile
967 1054 1309 1127 subjectum
1335 1056 1362 1111 ?
1394 1059 1480 1124 Et,
1503 1056 1551 1112 si
1581 1071 1804 1113 nomen
1831 1055 2094 1111 Christus
2114 1072 2181 1113 nc

2357 1060 2453 1107 Kui.
2509 1057 2553 1108 εἰ
2617 1059 2676 1108 τὸ
2738 1059 2970 1129 Χριστός
3027 1062 3187 1130 ὄνομα
3240 1058 3333 1110 ούκ
3399 1059 3581 1122 ούσίας
3632 1056 3952 1130 δηλωτικόν,

585 1146 908 1203 essentiam
961 1144 1209 1215 indicat,
1261 1143 1367 1200 sed
1425 1144 1648 1217 aliquid
1705 1161 1914 1201 eorum
1972 1161 2108 1218 quae
2165 1161 2180 1200 ι

2361 1141 2476 1197 ἂλλὰ
2525 1153 2624 1198 τῶν
2688 1150 2804 1218 περὶ
2867 1146 3050 1198 οὐσίαν
3106 1151 3244 1208 τινὸς
3300 1156 3399 1199 τῶν
3460 1148 3516 1200 ἐκ
3571 1157 3669 1210 τῆς
3721 1149 3956 1210 ἑνὼσεως

583 1235 844 1292 duarum
870 1238 1225 1291 naturarum
1250 1236 1473 1290 unione
1498 1234 1656 1290 facta
1686 1239 1824 1290 sunt
1851 1254 1864 1303 ;
1897 1234 2012 1290 hoc
2033 1237 2178 1291 aute;

2358 1242 2445 1285 τῶν
2501 1231 2597 1286 δύο
2651 1238 2851 1307 φύσεων
2906 1239 3182 1307 γενομένων
3238 1233 3526 1294 δηλωτικόν
3570 1237 3719 1291 ἐστι·
3786 1245 3953 1291 τοῦτο

580 1322 731 1380 nihil
759 1323 924 1380 aliud
951 1328 1045 1383 est
1083 1338 1273 1395 quam
1305 1322 1567 1379 duarum
1606 1327 1959 1381 naturarum
1992 1323 2143 1379 inter
2172 1344 2175 1376 :

2357 1319 2404 1375 δὲ
2461 1320 2612 1375 οὐδὲν
2666 1323 2789 1376 ἄλλο
2844 1322 2981 1376 ἐστὶν
3034 1325 3064 1383 ἦ
3123 1328 3152 1383 η
3186 1334 3285 1378 τῶν
3317 1329 3515 1398 φύσεων
3553 1330 3679 1401 πρὸς
3719 1325 3952 1390 ἁλλόλας

578 1413 842 1483 habitus,
884 1412 934 1468 si
980 1417 1185 1469 autem
1225 1416 1282 1468 et
1323 1411 1459 1468 duae
1498 1416 1730 1469 naturae
1776 1417 1917 1485 post
1946 1412 2173 1468 unione.

2355 1416 2570 1484 σχέσις·
2633 1413 2676 1465 εἰ
2721 1409 2779 1465 δὲ
2827 1409 2924 1466 δύο
2973 1412 3021 1465 ἐν
3070 1422 3284 1488 Χριστῷ
3326 1419 3504 1488 φύσεις
3545 1422 3635 1469 καὶ
3678 1419 3806 1489 μετὰ
3845 1422 3950 1475 τὴν

578 1504 1018 1572 remanserunt,
1070 1501 1405 1559 secundum
1460 1503 1639 1573 igitur
1703 1503 1898 1560 solum
1956 1502 2173 1559 habitu;

2353 1503 2521 1554 ἕνωσιν
2573 1507 2917 1575 μεμενήκασι,
2964 1506 3097 1556 κατὰ
3144 1509 3304 1576 μόνην
3367 1506 3470 1579 ἄρα
3536 1511 3722 1577 σχέσιν
3777 1505 3948 1576 ψιλὴν

576 1592 738 1650 facta
759 1595 847 1648 est
874 1590 1134 1648 duarum
1162 1595 1517 1648 naturarum
1538 1593 1690 1649 inter
1711 1609 1773 1649 se
1798 1592 1962 1663 unio,
1987 1597 2053 1648 ut
2081 1590 2163 1647 du

2353 1592 2369 1650 ᾗ
2416 1600 2515 1643 τῶν
2565 1594 2763 1663 φύσεων
2809 1595 2936 1665 πρὸς
2992 1590 3215 1656 ἀλλήλας
3257 1598 3457 1666 γέγονεν
3499 1599 3695 1661 ἕνωσις,
3746 1598 3813 1657 ὡς
3853 1594 3948 1649 ἐπὶ

577 1681 776 1752 agitur
814 1681 889 1738 de
936 1682 1118 1738 choro
1158 1686 1216 1738 et
1256 1681 1440 1738 domo
1486 1686 1542 1739 et
1578 1683 1727 1739 urbe
1757 1687 1814 1739 et
1840 1682 2141 1755 lapidibus

2347 1688 2508 1755 χοροῦ
2558 1685 2649 1734 xui.
2698 1682 2866 1743 οἰκίας
2904 1687 2994 1734 καὶ
3049 1681 3245 1745 πόλεως
3298 1688 3388 1736 καὶ
3438 1684 3587 1738 λίθων
3633 1688 3723 1737 καὶ
3771 1683 3942 1747 ξύλων

573 1769 756 1843 lignis
790 1769 1014 1843 quibus
1050 1773 1283 1828 constat
1316 1768 1659 1841 aediﬁcium,
1703 1774 1881 1844 prout
1925 1774 1981 1828 et
2017 1772 2168 1826 Nesti

2350 1770 2386 1823 iv
2453 1772 2528 1835 οἷς
2603 1775 2661 1824 τὸ
2729 1769 3182 1846 οἰκοδομούμενον,
3250 1777 3418 1836 καθὼς
3487 1780 3576 1829 καὶ
3647 1778 3945 1849 Νεστόριος

573 1857 699 1916 rius
723 1858 1001 1917 docebat.

2336 1858 2680 1934 ἐδογμάτιζεν
2694 1905 2706 1918 .

647 1999 698 2051 6.
744 1996 811 2050 Et
836 2008 1078 2050 rursum
1110 2009 1123 2049 :
1159 1992 1217 2050 Si
1244 2008 1379 2067 quae
1410 1992 1580 2050 unita
1613 1996 1769 2065 sunt,
1811 1992 1965 2050 ﬁunt
2011 2008 2223 2062 unum,

2409 1993 2476 2059 ς’.
2525 1998 2627 2047 Καὶ
2664 1994 2815 2047 πάλιν
2841 2015 2853 2027 ·
2900 1994 2961 2048 Εἰ
3006 1997 3071 2047 τὰ
3117 1996 3352 2068 ἡνωμένα
3403 1996 3452 2049 ἓν
3491 2001 3708 2069 γίνεται,
3752 1997 3815 2048 τὰ
3859 1999 3938 2068 μὴ

570 2099 709 2159 quae
736 2099 861 2141 non
891 2083 1050 2140 facta
1078 2086 1219 2139 sunt
1245 2098 1459 2150 unum,
1490 2098 1614 2139 non
1656 2082 1826 2139 unita
1873 2090 2032 2151 sunt,
2060 2099 2165 2156 quc

2344 2089 2581 2157 γενόμενα
2635 2083 2683 2136 ἓν
2736 2083 2840 2156 ούχ
2893 2084 3116 2143 ἢνωνται
3171 2084 3226 2147 ἐξ
3278 2083 3542 2157 ἀνάγκης·
3599 2086 3642 2138 εἰ
3689 2084 3775 2137 οὖν
3833 2081 3939 2137 δύο

567 2172 958 2231 manifestum
984 2175 1092 2229 est.
1149 2172 1205 2229 Si
1225 2172 1407 2242 igitur
1435 2171 1571 2228 duae
1601 2176 1659 2228 et
1697 2188 1819 2229 una
1849 2176 1986 2228 sunt
2016 2172 2162 2228 Chri:

2344 2177 2421 2226 ιιαὶ
2464 2178 2562 2247 μία
2606 2175 2968 2245 τυγχάνουσιν
3026 2175 3079 2225 αἱ
3123 2181 3212 2226 τοῦ
3256 2182 3486 2249 χριστοῦ
3540 2178 3739 2247 φύσεις,
3791 2176 3819 2233 ἡ
3874 2171 3939 2227 δὲ

567 2267 823 2332 naturai,
843 2262 996 2334 dyas
1018 2265 1244 2330 autem,
1267 2276 1407 2316 cum
1438 2259 1663 2333 duplex
1683 2261 1776 2329 sit,
1808 2261 2118 2317 divisionis
2149 2279 2162 2315 ε

2348 2259 2489 2327 δυὰς,
2540 2259 2706 2334 διχάς
2736 2283 2811 2323 τις
2849 2259 3001 2330 οὖσα,
3045 2259 3347 2337 διαιρέσεως
3387 2262 3499 2317 ἔστι
3538 2260 3825 2331 δηλωτικὴ,
3869 2266 3943 2315 τὰ

566 2351 918 2421 indicative,
948 2365 1086 2423 quae
1114 2349 1310 2406 divisa
1340 2354 1496 2419 sunt,
1528 2365 1652 2406 non
1676 2353 1815 2406 sunt
1844 2350 2014 2406 unita
2045 2367 2058 2404 :
2100 2366 2161 2406 nt

2346 2349 2630 2426 διῃρημένα
2684 2351 2788 2423 ούχ
2855 2353 3097 2418 ἧνωνται,
3152 2352 3246 2404 ούκ
3315 2354 3419 2428 ἄρα
3481 2355 3737 2426 ἡνωμέναι
3803 2352 3941 2405 εἰσὶν

564 2440 746 2514 igitur
794 2439 974 2496 unitas
1023 2442 1164 2496 sunt
1212 2439 1424 2495 Christi
1478 2443 1732 2495 naturae.
1785 2437 1842 2495 Si
1889 2444 2110 2500 autem,
2152 2459 2159 2491 ι

2347 2444 2388 2493 xi
2415 2447 2504 2494 τοῦ
2533 2448 2767 2513 Χριστοῦ
2789 2444 2968 2514 φύσεις
2993 2464 3004 2475 ·
3052 2442 3097 2494 εἰ
3133 2439 3192 2495 δὲ
3233 2438 3325 2495 διὰ
3361 2445 3420 2495 τὸ
3458 2441 3789 2515 ἆσύγχυτον,
3836 2438 3942 2495 δύο

567 2530 735 2604 quod
770 2544 897 2587 non
947 2531 1088 2584 sunt
1126 2528 1418 2598 confusae,
1462 2527 1715 2598 dignum
1763 2531 1851 2584 est
1896 2528 2051 2584 duas
2092 2545 2155 2584 es

2351 2527 2462 2583 εἶναι
2516 2533 2609 2593 τὰς
2655 2538 2747 2584 τοῦ
2804 2538 3041 2604 Χριστοῦ
3091 2534 3266 2603 φύσεις
3317 2532 3460 2595 ἄξιόν
3504 2531 3665 2594 ἐστιν,
3713 2531 3841 2583 ἄλλά
3879 2552 3946 2604 γε

569 2618 779 2676 Christi
823 2620 1095 2689 naturas,
1121 2616 1230 2673 sed
1270 2621 1517 2690 propter
1553 2617 1844 2674 unionem
1872 2633 2061 2674 unam
2088 2634 2164 2674 es:

2345 2618 2428 2673 διὰ
2464 2624 2558 2679 τὴν
2616 2620 2797 2673 ἕνωσιν
2852 2625 2975 2693 μίαν
3030 2620 3190 2673 αὐτοῦ
3235 2626 3325 2680 την
3375 2625 3529 2693 φύσιν
3573 2621 3735 2694 λέγειν
3778 2620 3940 2693 ἀναγ-

565 2713 848 2767 naturam
882 2707 1079 2764 dicere
1105 2710 1415 2777 cogentur.
1468 2708 1534 2762 Et
1562 2722 1803 2762 rursum
1838 2725 1851 2763 :
1883 2706 1940 2764 Si
1971 2707 2125 2779 dyas
2151 2726 2160 2761 ι

2352 2712 2708 2768 ιασθήσονται.
2765 2713 2864 2762 Καὶ
2918 2705 3105 2770 αὖθις·
3157 2714 3314 2782 Είπερ
3364 2711 3394 2768 ἡ
3444 2706 3577 2770 δυὰς
3608 2718 3702 2772 τῆς
3741 2709 3798 2761 ἐκ
3837 2729 3947 2782 μο-

566 2797 851 2858 monadaa
869 2797 1080 2870 primae
1098 2795 1406 2853 divisionis
1426 2795 1668 2852 indicati
1677 2812 1751 2853 va
1768 2801 1875 2865 est,
1890 2797 2105 2853 divisio
2123 2813 2158 2853 a

2348 2796 2487 2859 οάδος
2538 2803 2745 2873 πρώτης
2807 2794 3113 2873 διαιρέσεως
3165 2797 3275 2851 ἐστι
3315 2794 3602 2869 δηλωτικὴ,
3650 2800 3681 2857 ἡ
3734 2795 3943 2870 διαίρε-

566 2893 691 2947 tem
719 2887 933 2945 unitati
962 2887 1308 2960 opponitur,
1340 2885 1505 2942 nulla
1540 2885 1720 2956 igitur
1749 2886 1923 2959 dyas,
1947 2887 2009 2942 in
2029 2902 2161 2959 quai

2355 2909 2414 2950 rt;
2454 2886 2812 2959 ἀντικειμένως
2860 2886 2973 2959 ἔχει
3012 2891 3136 2960 πρὸς
3191 2892 3287 2947 τὴν
3327 2890 3525 2959 ἕνωσιν,
3580 2884 3802 2960 οὐδεμία
3835 2889 3950 2961 ἄρα

568 2984 700 3037 tum
747 2981 838 3034 est
889 2976 1069 3050 dyas,
1120 2976 1290 3033 unita
1347 2991 1479 3031 esse
1529 2974 1766 3030 dicitur.
1814 2980 2005 3049 Atque
2046 2977 2163 3046 igit:

2355 2975 2484 3045 iuug,
2533 2979 2662 3029 καθό
2719 2975 2831 3028 ἐστι
2881 2973 3029 3043 δυὰς,
3073 2978 3209 3028 κατὰ
3261 2984 3412 3029 τοῦτο
3459 2975 3649 3048 λέγοιτ’
3697 2975 3758 3029 ἂν
3799 2979 3950 3035 ἡνῶ-

569 3068 786 3126 Christi
805 3071 1058 3137 naturae,
1078 3064 1414 3122 secundum
1438 3080 1619 3120 suum
1646 3080 1777 3121 esse
1795 3065 1842 3120 si
1872 3065 2008 3121 dure
2028 3081 2157 3121 esse

2355 3070 2498 3120 ι’θαι·
2550 3070 2641 3118 καὶ
2693 3068 2747 3118 αἱ
2789 3073 3028 3141 Χριστοῦ
3080 3070 3247 3118 τοίνυν
3299 3069 3493 3138 φύσεις,
3544 3066 3655 3118 κατ’
3713 3066 3843 3118 αὐτὸ
3885 3070 3950 3119 τὸ

568 3175 682 3217 nec
727 3172 854 3215 una
900 3159 1160 3222 tantum,
1192 3154 1530 3212 secundum
1558 3153 1623 3210 id
1656 3153 1860 3211 divisae
1892 3160 2093 3212 essent
2117 3171 2158 3211 n

2360 3156 2466 3210 ἶναι
2510 3152 2607 3209 δύο
2639 3157 3009 3227 τυγχάνουσαι
3046 3159 3138 3207 καὶ
3177 3155 3305 3228 ούχὶ
3342 3160 3460 3228 μία,
3490 3155 3605 3208 κατ’
3628 3156 3754 3208 αύτό
3786 3164 3953 3210 τοῦτο

571 3248 796 3317 unite;
828 3262 965 3320 qua:
990 3244 1240 3303 Nestorii
1266 3244 1543 3302 doctrina
1571 3246 1681 3300 est.

2361 3244 2654 3323 Γιῃρημέναι
2701 3244 2761 3296 ἂν
2811 3241 2905 3298 εἷεν
2956 3250 3046 3298 καὶ
3095 3245 3200 3318 ούχ
3262 3248 3554 3319 ἡνωμέναι·
3605 3251 3696 3298 καὶ
3744 3252 3956 3301 Νεστο-

2335 3342 2451 3412 ρίου
2481 3339 2540 3389 τό
2573 3332 2750 3408 δόγμα
2770 3335 2992 3408 εἰσάγει.

649 3449 707 3503 7.
756 3444 823 3500 Et
865 3443 1118 3500 Severus
1158 3439 1320 3505 talia,
1363 3442 1428 3496 ut
1455 3455 1528 3497 ex
1564 3437 1767 3496 multis
1806 3454 2005 3512 pauca
2033 3454 2233 3496 excer-

2411 3443 2473 3504 ζ’.
2528 3447 2628 3497 Καὶ
2674 3441 2892 3518 Σεϐῆρος
2944 3445 3033 3515 μὲν
3078 3450 3300 3496 τοιαῦτα
3344 3446 3408 3505 ὡς
3450 3443 3507 3496 ἐκ
3545 3442 3740 3497 πολλῶν
3792 3440 3964 3517 ὀλίγα

577 3549 744 3609 pam,
777 3530 1140 3605 syllogistice
1170 3528 1569 3602 proponebat,
1595 3543 1781 3584 unam
1807 3527 2170 3601 scilicethyp

2367 3533 2497 3586 ῖπεῖν
2598 3531 3005 3604 συλλογιστικῶς
3083 3535 3319 3608 προῦερε,
3405 3537 3528 3605 μίαν
3623 3534 3959 3602 ὑπόστασιν,

582 3622 796 3681 stasim
824 3625 881 3678 et
906 3636 1093 3677 unam
1122 3619 1185 3675 in
1215 3618 1444 3676 Christo
1469 3621 1751 3673 naturam
1782 3622 1918 3689 post
1945 3617 2177 3675 unione:

2368 3643 2412 3675 τι
2470 3619 2530 3674 δὲ
2575 3627 2666 3675 καὶ
2724 3627 2846 3687 μίαν
2900 3624 3053 3694 φύσιν
3095 3620 3179 3674 ἐπὶ
3230 3629 3467 3696 Χριστοῦ
3530 3628 3794 3695 γεγονέναι
3855 3627 3963 3693 φάς

579 3712 807 3772 factam
836 3726 989 3768 esse.
1022 3708 1315 3766 Julianitae
1344 3722 1487 3764 vero
1514 3711 1570 3763 et
1603 3706 1881 3763 Caianitaa
1912 3706 2169 3764 distincti

2368 3732 2479 3764 τκων
2518 3714 2649 3784 μετὰ
2687 3716 2779 3770 τὴν
2832 3711 3032 3765 ἕνωσιν.
3086 3714 3152 3763 Οἱ.
3196 3708 3255 3764 δὲ
3294 3711 3624 3765 Ἰουλιανῐται
3660 3717 3751 3765 καὶ
3780 3719 3963 3767 Γαῖα-

581 3819 720 3861 nem
745 3806 1101 3860 naturarum
1126 3799 1188 3854 in
1220 3797 1449 3854 Christo
1465 3802 1602 3869 post
1617 3797 1904 3852 unionem
1927 3795 2176 3853 docente

2370 3809 2495 3864 ἰται,
2543 3796 2798 3875 διαφορὰν
2843 3803 3041 3872 φύσεων
3096 3799 3179 3853 ἐπὶ
3218 3808 3454 3876 Χριστοῦ
3493 3804 3623 3874 μετὰ
3672 3805 3768 3860 τὴν
3830 3802 3965 3855 ἕνω-

581 3889 1032 3965 incorruptibile
1072 3887 1286 3948 Christi
1327 3902 1547 3959 corpus
1576 3901 1649 3941 ex
1677 3886 1810 3958 ipsa
1842 3884 2176 3957 plasmatio:

2371 3910 2426 3942 ἰν
2471 3886 2892 3961 δογματίζοντες,
2952 3890 3212 3962 ἄφθαρτον
3264 3893 3322 3942 τό
3383 3898 3474 3942 τοῦ
3529 3895 3722 3964 Κυρίου
3794 3898 3966 3965 σῶμα

583 3998 717 4041 esse
737 3981 1054 4049 dicebant;
1084 3984 1141 4036 et
1162 3976 1478 4050 passiones
1499 3974 1746 4047 quidem
1778 3974 2076 4030 Christum
2103 3976 2178 4031 sui

2370 3980 2396 4041 ξ
2440 3977 2600 4038 αὐτῆς
2658 3973 2991 4039 διαπλάσεως
3036 3977 3202 4050 ἔλεγον
3249 3983 3545 4051 γεγονέναι·
3597 3984 3686 4032 καὶ
3736 3982 3805 4034 τὰ
3858 3985 3964 4054 μὲν

583 4074 693 4143 ire,
715 4073 940 4129 famem
957 4070 1113 4137 dico,
1146 4073 1202 4125 et
1225 4067 1384 4124 sitim
1408 4070 1465 4123 et
1486 4065 1899 4136 fatigationem
1929 4068 1985 4121 et
2005 4070 2178 4122 caeter

2371 4070 2485 4126 τάθη
2544 4070 2631 4119 τόν
2678 4070 2901 4140 Κριστόν
2958 4068 3253 4140 ὑπομεῖναι,
3307 4071 3482 4121 πεῖνάν
3536 4088 3669 4142 φημι
3723 4074 3814 4122 καὶ
3869 4067 3966 4123 δί-

586 4161 696 4219 sed
725 4176 796 4217 ea
822 4160 947 4233 pati
966 4174 1091 4215 non
1120 4157 1335 4214 eodem
1365 4154 1547 4213 modo
1572 4170 1761 4230 quam
1787 4170 1919 4211 nos.
1947 4156 2063 4211 Nos
2080 4156 2181 4210 eni‘

2367 4158 2449 4209 rmw
2495 4160 2585 4208 καὶ
2626 4159 2783 4208 κόπον
2823 4160 2913 4208 καὶ
2955 4158 3020 4209 τὰ
3066 4155 3205 4224 ἑξῆς,
3234 4156 3292 4209 ού
3332 4160 3419 4209 τόν
3458 4157 3612 4210 αὐτὸν
3656 4155 3715 4210 δὲ
3753 4162 3962 4230 τρόπον

587 4267 662 4309 ex
688 4249 1041 4308 necessitate
1064 4244 1416 4304 naturaliter
1450 4245 1581 4301 haec
1630 4245 1893 4316 patimur
1921 4263 1935 4315 ;
1979 4244 2182 4301 Christi

2370 4254 2469 4320 apiv
2511 4253 2677 4298 ταῦτα
2715 4247 3056 4298 πεπονθέναι·
3112 4248 3264 4317 ἡμεῖς
3310 4248 3411 4322 γὰρ
3470 4246 3525 4310 εξ
3571 4245 3796 4319 ἀνάγκης
3844 4269 3965 4320 φυ-

588 4344 793 4400 autem
809 4336 1142 4395 voluntarie
1162 4337 1369 4392 omnia
1385 4333 1625 4390 subibat
1645 4351 1657 4403 ;
1685 4349 1810 4391 non
1830 4334 1991 4393 enim
2009 4337 2183 4391 natur

2369 4344 2507 4398 Γικῶς
2566 4342 2734 4387 ταῦτα
2795 4336 3094 4408 πάσχομεν,
3162 4337 3187 4387 ὁ
3258 4332 3317 4389 δὲ
3380 4338 3612 4411 Χριστὸς
3698 4336 3964 4399 ἑκουσίως

585 4428 824 4502 legibus
846 4424 1123 4484 subditus
1148 4427 1297 4483 erat.

2371 4428 2516 4478 πάντα
2569 4427 2870 4497 ὑπέμεινεν·
2918 4423 2976 4476 ού
3031 4426 3130 4500 γὰρ
3180 4421 3417 4478 ἐδούλευε
3472 4432 3583 4487 τοῖς
3626 4429 3807 4500 νόμοις
3854 4436 3927 4487 τῆ
3944 4450 3966 4491 ς

2265 4491 2313 4548 D
2346 4517 2564 4589 φύσεως.

662 4629 715 4683 8.
749 4622 980 4692 Quibus
1011 4619 1454 4695 respondemus
1484 4633 1683 4692 neque
1711 4633 1824 4676 nos
1850 4618 2047 4677 dicere
2074 4619 2240 4679 invo-

2417 4621 2482 4681 η’.
2541 4624 2677 4696 Πρός
2728 4621 2820 4684 οὖς
2867 4639 3027 4694 φαμεν
3070 4620 3152 4675 ὅτι
3186 4618 3309 4675 οὐδε
3357 4621 3505 4676 αὐτοὶ
3539 4622 3746 4696 λέγομεν
3791 4622 3967 4677 ἀκού-

584 4715 878 4775 luntarias
904 4728 1036 4769 esse
1068 4710 1276 4770 Christi
1305 4708 1639 4782 passiones,
1667 4708 1773 4766 sed
1797 4709 1999 4783 ipsum
2028 4710 2179 4768 volui

2371 4732 2439 4764 riu
2480 4718 2572 4765 τοῦ
2615 4717 2851 4786 Χριστοῦ
2905 4712 2970 4763 τὰ
3010 4712 3176 4783 πάθη,
3219 4711 3328 4764 ἁλλ’
3371 4712 3451 4765 ὅτι
3498 4712 3748 4774 ἑκουσίως
3793 4709 3966 4766 ἐδού-

586 4806 735 4865 tarie
753 4803 990 4876 legibus
1009 4806 1241 4858 naturae
1273 4804 1567 4872 tanquam
1588 4814 1700 4855 nos
1725 4800 2065 4871 subjectum
2087 4816 2180 4857 ess

2368 4820 2457 4854 ,ευε
2484 4808 2594 4864 τοῖς
2630 4805 2803 4874 νόμοις
2842 4808 2936 4863 τῆς
2978 4802 3177 4873 φύσεως
3225 4800 3407 4862 ἐπίσης
3445 4803 3570 4874 ἡμῖν
3596 4822 3610 4836 ·
3651 4803 3678 4854 ό
3714 4805 3806 4874 μὲν
3844 4807 3963 4878 γὰρ

586 4897 802 4955 Beatus
836 4893 1000 4950 enim
1036 4888 1401 4948 Athanasius
1438 4888 1835 4962 interpretans
1873 4888 2019 4945 illud
2062 4890 2181 4947 Nm

2365 4892 2601 4964 ιακάριος
2643 4888 2974 4959 Ἀθανάσιος,
3035 4888 3323 4963 ἑρμηνεύων
3380 4892 3460 4959 τό,
3518 4897 3626 4943 Νῦν
3691 4892 3718 4949 ὀ
3786 4890 3960 4964 ψυχή

584 4988 792 5045 anima
816 4998 947 5042 mea
977 4981 1223 5039 turbata
1247 4984 1353 5048 est,
1385 4978 1527 5035 dicit
1545 4979 1703 5038 hanc
1728 4995 1939 5036 vocem
1968 4994 2132 5036 nunc
2162 4998 2179 5036 ε

2372 5001 2445 5034 ιου
2496 4981 2831 5054 τετάρακται,
2877 4983 3035 5051 φησὶν
3093 4981 3173 5033 ὅτι
3220 4982 3278 5033 τὸ
3331 4976 3438 5052 νῦν,
3484 4984 3638 5034 τοῦτό
3685 4978 3826 5033 ἐστιν
3869 4984 3967 5038 ὅτε

585 5075 900 5147 gniﬁcare:
919 5071 1161 5145 quando
1179 5069 1437 5127 volebat.
1468 5071 1597 5125 Non
1612 5069 1775 5126 enim
1794 5069 1962 5142 quod
1985 5084 2108 5126 non
2129 5086 2180 5127 es

2371 5070 2556 5124 iOahv-
2619 5073 2677 5123 οὐ
2720 5072 2820 5145 γὰρ
2869 5072 2928 5123 τὸ
2972 5073 3042 5142 μὴ
3091 5069 3145 5122 ὃν
3213 5072 3278 5131 ὡς
3327 5073 3492 5143 παρὸν
3562 5071 3822 5144 ὠνόμαζεν
3886 5076 3966 5139 ὡς

586 5168 651 5222 ut
681 5179 973 5236 praesens,
1022 5158 1401 5225 nominabat,
1448 5158 1626 5232 quasi
1681 5159 1965 5231 Opinione
2005 5164 2181 5216 tantu:

2371 5160 2566 5219 δοκήσει
2619 5162 2897 5232 γινομένων
2940 5159 3221 5233 λεγομένων
3250 5181 3263 5194 ο
3316 5163 3470 5233 φύσει
3520 5162 3621 5236 γὰρ
3668 5165 3759 5213 καὶ
3815 5160 3966 5223 ἁλη-

583 5252 745 5310 dicta
762 5252 1000 5320 ﬁerent;
1040 5253 1253 5307 natura
1285 5248 1446 5304 enim
1475 5263 1546 5305 ac
1576 5247 1823 5305 veritate
1853 5248 2058 5306 omnia
2076 5248 2172 5306 fac

2371 5254 2457 5322 ‘siu
2511 5252 2576 5302 τὰ
2620 5251 2791 5302 πάντα
2834 5247 3050 5320 ἐγένετο.
3107 5251 3165 5301 Ὀ
3224 5245 3283 5302 δὲ
3341 5249 3596 5322 Θεολόγος
3657 5254 3966 5324 Γρηγόριος

582 5344 742 5400 sunt.
787 5340 1124 5410 Theologus
1166 5343 1369 5396 autem
1420 5338 1737 5408 Gregorius
1790 5353 2033 5394 rursum
2095 5337 2177 5394 dic

2374 5340 2516 5410 ’άλιν,
2562 5340 2643 5392 ὅτι
2695 5335 2878 5392 ἐδίδου
2922 5349 2985 5413 τῇ
3038 5342 3190 5413 φύσει
3237 5342 3437 5413 καιρὸν,
3480 5341 3563 5393 ὅτε
3600 5339 3837 5393 ἐϐούλετο
3883 5341 3969 5395 ἑν-

581 5433 879 5490 Christum
900 5436 1130 5489 natura:
1161 5430 1398 5487 dedisse
1428 5429 1831 5500 occasionem,
1858 5428 2107 5502 quando
2131 5446 2176 5485 vn

2367 5437 2500 5505 ργεῐν
2554 5431 2621 5482 τὰ
2676 5426 2818 5483 ἴδια.
2881 5429 3134 5504 Κύριλλος
3201 5428 3261 5484 δὲ
3322 5431 3348 5482 ό
3392 5431 3686 5503 θαυμάσιος
3742 5432 3962 5505 εἴρηκεν

575 5522 760 5590 lebat,
780 5522 1025 5596 propria
1044 5520 1355 5595 operandi.
1381 5519 1789 5577 Admirandus
1812 5535 1955 5576 vero
1978 5518 2170 5592 Cyrilll

2372 5522 2528 5593 ρίέναι
2585 5521 2737 5572 αὑτὸν
2789 5527 2852 5593 τῇ
2916 5524 3074 5594 σαρκὶ
3118 5516 3213 5573 διὰ
3262 5528 3362 5572 τῶν
3408 5527 3503 5582 τῆς
3560 5522 3763 5593 φύσεως
3819 5520 3967 5577 ἰέναι

578 5613 728 5673 dixit
756 5614 961 5688 ipsum
998 5611 1167 5671 carni
1202 5611 1544 5685 permisisse
1580 5614 1644 5668 ut
1678 5608 1843 5680 leges
1872 5611 2103 5667 naturae
2143 5626 2169 5666 s

2369 5614 2543 5686 ὀμων·
2584 5615 2675 5665 καὶ
2728 5607 2881 5675 αὖθις
2934 5610 3144 5688 ἑτέρωθι
3207 5609 3370 5683 ἔλεγεν
3438 5613 3508 5673 ὡς
3556 5609 3821 5684 ἐπιτρέπει
3878 5623 3964 5688 τῷ
