4040 6318
122 355 171 407 51
1464 354 1814 413 THESAURI
1837 355 1970 411 LIB.
2011 355 2117 410 XV.
3429 342 3510 405 82

124 488 317 551 θώματι
368 485 471 532 καὶ
520 487 586 553 τῇ
623 480 991 556 ἀνθρωπὼτητι
1036 483 1102 533 τὰ
1142 487 1205 554 τῇ
1262 482 1415 552 φύσει
1470 484 1719 553 προσόντα

1907 484 2161 547 ieretur,
2214 481 2273 535 et
2320 493 2562 534 rursum
2601 491 2673 533 ex
2705 476 2887 534 altera
2930 475 3101 550 parte
3126 471 3502 531 concessisse

122 570 243 626 τάθη
288 569 363 629 εἰς
415 566 700 634 ἀπόδειξιν
730 579 824 624 τοῦ
875 571 992 624 κατ’
1045 570 1288 629 ἀλήθειαν
1315 574 1532 646 φορέσαι
1565 573 1717 645 σάρκι

1903 569 2080 641 »τροτὶ
2111 572 2168 623 et
2190 566 2554 623 humanitati
2595 565 2942 637 adjacentes
2971 566 3204 620 naturae
3239 560 3498 630 dolores,

119 678 193 709 ιαι
243 659 538 733 ἄνθρωπον
593 665 810 732 ⁹γενητὸν
868 664 1001 714 κατά
1052 663 1146 723 τὰς
1184 662 1407 733 Γραφάς.
1458 661 1519 714 Εἰ
1565 665 1714 713 τοίνυ·

1906 676 1909 713 μ
1938 658 2279 714 ostenderet
2308 672 2371 714 se
2401 672 2604 712 veram
2642 671 2887 711 carnem
2917 652 3186 709 induisse
3216 655 3274 708 et
3297 650 3501 721 genui-

118 751 241 799 κατὰ
293 752 392 800 τὸν
458 753 660 802 σκοπὸν
706 759 805 802 τῶν
866 754 1116 825 θεοφόρων
1161 754 1402 823 Πατέρων
1440 753 1529 803 τὸν
1581 750 1713 801 αὐτὰ

1902 764 1991 803 1m
2035 746 2345 804 hominem
2378 746 2717 803 secundum
2765 745 3120 818 Scripturas.
3171 743 3229 799 Si
3267 739 3497 812 igiture

118 839 230 907 ἡμῖν
254 841 464 911 τρόπον
516 841 774 910 ἔπασχεν,
809 839 853 891 εἰ
881 843 971 891 καὶ
1001 838 1247 900 ἑκουσίως
1298 844 1387 891 καὶ
1432 842 1513 891 ὅτε
1564 838 1712 896 ἤθελε

1909 838 2187 893 vinorum
2220 840 2458 893 Patrum
2475 840 2673 892 mente
2699 834 3117 891 eodem‘modo
3138 848 3208 888 ac
3232 844 3344 887 nos
3360 846 3498 903 pas-

118 923 553 999 τῶςξΰυνάμεθα
591 930 651 979 τὸ
700 930 917 1000 πάσχον
963 935 1115 1001 σῶμα
1156 929 1416 1002 ἄφθαρτον
1461 928 1616 981 εἰπεῖν
1645 947 1713 979 κα

1899 943 1945 982 IS
1973 930 2079 995 est,
2110 930 2168 984 et
2198 928 2245 982 si
2274 926 2525 981 libenter
2554 930 2610 982 et
2628 924 2875 998 quando
2899 922 3162 991 volebat,
3184 919 3494 994 quomodo

118 1018 181 1084 μὴ
213 1016 462 1089 φθαρτὸν
494 1025 559 1089 τῇ
590 1021 743 1090 φύσει
783 1020 957 1093 ὥσπερ
996 1021 1080 1070 καὶ
1112 1021 1170 1070 τό
1196 1020 1443 1091 ἡμέτερον
1469 1034 1483 1084 ;

1897 1032 2172 1072 assumus
2221 1015 2455 1088 patiens
2492 1030 2712 1086 corpus
2766 1011 3219 1086 incorruptibile
3273 1008 3492 1078 dicere,

1840 1122 2036 1179 neque
2066 1111 2282 1162 natura
2319 1104 2701 1178 corruptibile
2736 1105 2890 1159 sicut
2919 1107 2976 1160 et
3026 1106 3305 1158 nostrum
3360 1099 3494 1155 est?

180 1194 247 1248 θ’.
316 1194 823 1269 ’Δνταποκρίνονται
891 1194 949 1250 δὲ
1004 1197 1157 1250 πάλιν
1231 1198 1311 1250 ὃτι
1374 1196 1468 1249 "Ov
1543 1202 1730 1272 τρόπον

1911 1201 1965 1254 9.
2010 1196 2393 1269 Respondent
2437 1198 2638 1250 autem
2675 1194 2889 1249 iterum
2919 1210 2932 1247 :
2965 1188 3492 1258 Quemadmodum

114 1286 236 1353 μετὰ
295 1289 400 1342 τὴν
494 1284 784 1339 ἀνάστασιν
856 1288 1115 1361 ἄφθαρτον
1169 1287 1400 1359 λέγοντες
1455 1289 1512 1339 τὸ
1579 1296 1709 1359 σῶμι

1892 1284 2286 1358 ιοοιετυριὼὶιο
2314 1290 2454 1358 post
2480 1283 2978 1340 resurrectionem
3019 1279 3228 1337 Christi
3267 1294 3487 1351 corpus

116 1379 360 1443 ἶριστοῦ
423 1376 707 1447 ὀμοούσιον
774 1375 901 1428 αὐτὸ
976 1376 1145 1448 λέγετε
1237 1377 1367 1428 εἶναι
1439 1376 1585 1447 ἡμῖν,
1643 1378 1711 1427 τότ

1904 1380 2101 1431 centes
2119 1373 2628 1431 consubstantiale
2648 1371 2796 1427 illud
2817 1370 2993 1427 nobis
3012 1385 3141 1426 esse
3161 1368 3376 1441 dicitis,
3403 1370 3489 1425 sic

112 1463 263 1513 αὐτὸν
351 1470 555 1537 τρόπον
628 1470 718 1518 καὶ
782 1467 952 1539 ἡμεῖς,
1051 1469 1151 1539 πρὸ
1224 1474 1321 1527 τῆς
1395 1464 1700 1517 ἀναστάτεω

1924 1480 2037 1522 nos
2062 1464 2208 1520 illud
2238 1468 2373 1520 ante
2408 1462 2903 1519 resurrectionem
2924 1458 3375 1532 iucorruptibile
3404 1458 3490 1514 di-

112 1554 384 1627 ἱφθαρτον
469 1554 717 1626 λέγοντες,
792 1557 1067 1628 ὁριοούσιον
1160 1556 1286 1607 αὐτὸ
1381 1556 1707 1628 ὀμολογοῦμς

1892 1560 2037 1611 entes
2066 1551 2578 1609 consubstantiale
2607 1556 2811 1609 tamen
2840 1549 3218 1607 conﬁtemur.
3250 1550 3368 1604 Nos
3384 1563 3487 1605 au-

112 1639 257 1695 εἶναι.
323 1642 517 1715 Ἡμεῖς
570 1640 630 1697 δὲ
674 1644 886 1717 λέγομεν
936 1647 1036 1713 ὅτι,
1086 1645 1129 1697 εἰ
1175 1649 1264 1696 καὶ
1311 1646 1573 1717 ἄφθαρτον
1603 1644 1707 1695 αὖτέ

1898 1662 1956 1701 m
1988 1644 2245 1700 dicimus
2282 1643 2446 1715 illud,
2497 1642 2605 1700 etsi
2643 1639 3090 1714 incorruptibile
3126 1642 3268 1713 post
3295 1653 3488 1694 resur-

112 1731 476 1804 οριολογοῦμῖν
563 1738 695 1808 μετὰ
779 1739 871 1793 τὴν
935 1734 1242 1805 ἀνάστασιν,
1311 1735 1369 1786 οὗ
1451 1742 1512 1806 τῇ
1579 1737 1706 1806 φνσε

1894 1737 2158 1791 οῑὶοηεω
2189 1732 2564 1804 conﬁtemur,
2596 1748 2719 1789 non
2747 1747 2876 1788 esse
2904 1728 3355 1802 incorruptibile
3383 1744 3489 1785 na-

110 1820 323 1893 ὶέκομτδ
382 1827 444 1874 τὸ
503 1824 882 1898 οἶφθαρτον,τῇ
937 1826 1127 1899 χάριτι
1188 1821 1265 1878 δέ.
1326 1823 1387 1875 Εἰ
1436 1819 1495 1876 δὲ
1543 1826 1705 1875 εἴποιε

1893 1840 1988 1891 :ra,
2021 1824 2126 1880 sed
2157 1823 2376 1894 gratia.
2418 1822 2475 1879 Si
2504 1837 2646 1878 vero
2685 1821 2949 1878 dicerent
2977 1818 3125 1876 illud
3152 1823 3208 1875 et
3240 1822 3377 1875 ante
3401 1832 3488 1874 re-

108 1913 185 1962 ὁτι
227 1918 329 1965 καὶ
384 1916 492 1987 πρὸ
545 1922 640 1976 τῆς
696 1914 1030 1978 ἀναστάσεως
1076 1916 1264 1990 χάριτι
1315 1916 1594 1989 ἄφθαρτον,
1653 1914 1703 1967 λέ

1894 1913 2269 1969 irrectionem
2325 1911 2516 1984 gratia
2562 1908 2990 1983 incorruptible
3040 1924 3193 1979 esse,
3231 1907 3489 1963 dicimus

104 2022 262 2073 γομεν
348 2005 433 2055 ὅτι
503 2004 562 2056 οὐ
629 2012 904 2079 συγχωρεῖ
969 2013 1120 2058 τοῦτο
1183 2007 1250 2057 τά
1313 2009 1430 2079 περὶ
1491 2013 1699 2078 Χριστοπ

1897 2019 1950 2058 )ο
1980 2017 2102 2057 non
2126 2017 2264 2058 cum
2295 2001 2380 2058 eis
2416 2017 2553 2074 quae
2589 2001 2664 2057 de
2711 1999 2939 2055 Christo
2974 1998 3252 2054 dicuntur
3276 2010 3492 2053 conve-

105 2092 387 2164 ὶεγὸριενα,
458 2097 559 2166 πρὸ
612 2098 702 2167 μὲν
744 2098 847 2168 γὰρ
912 2103 1003 2157 τῆς
1071 2092 1401 2156 ἀναστάσεως
1453 2100 1542 2147 καὶ
1606 2115 1700 2148 πει-

1898 2107 1980 2148 re.
2011 2097 2158 2147 Ante
2200 2090 2701 2147 resurrectionem
2738 2089 2901 2144 enim
2924 2091 2982 2145 et
3023 2086 3247 2144 esurire
3275 2085 3491 2143 dicitur

47 2180 57 2188 ’
106 2190 271 2240 νῆα-αι
329 2182 541 2253 λέγεται
594 2189 682 2235 καὶ
748 2180 983 2254 διψῆσαι
1032 2189 1122 2237 καὶ
1173 2183 1335 2236 τᾶλλα
1385 2186 1589 2249 παθεῖν,
1634 2205 1642 2236 :

1911 2180 2070 2236 sitire
2100 2184 2157 2235 et
2186 2179 2304 2235 alia
2334 2179 2477 2252 pati.
2503 2181 2566 2235 Et
2600 2176 2916 2251 quomodo
2942 2175 3105 2249 quod
3127 2173 3228 2232 illa
3247 2174 3487 2248 patitur,

104 2281 209 2332 πῶς
262 2272 327 2323 ἂν
392 2276 471 2330 εἰη
542 2276 601 2325 τὸ
656 2281 825 2326 ταῦτα
870 2276 1125 2336 πεπονθὸς
1153 2276 1455 2349 άφθαρτονς
1490 2276 1632 2328 Μετά
1664 2271 1699 2328 ὃ

1868 2267 2283 2342 :icorruptibile
2313 2270 2521 2325 esset?
2559 2268 2699 2324 Post
2739 2265 3241 2323 resurrectionem
3262 2266 3463 2321 autem

101 2366 197 2419 τὴν
232 2360 540 2413 ἀνάστασιν
571 2360 720 2415 οὐδὲν
748 2365 943 2415 τούτων
980 2366 1152 2418 ἔπαθε.

1005 2366 1152 2418 παθε.
1830 2360 1977 2416 nihil
1996 2360 2217 2416 horum
2247 2376 2472 2433 passus
2494 2362 2600 2415 est.

176 2449 228 2505 ι’.
283 2453 401 2506 Καὶ
452 2447 612 2509 δῆλον
657 2452 738 2503 ὃτι
775 2455 876 2525 πρὸ
916 2456 1006 2525 μὲν
1053 2460 1149 2514 τῆς
1196 2451 1531 2514 ἀναστάσεως
1560 2455 1723 2527 φθαρ-

1908 2453 2063 2507 10.Et
2081 2454 2246 2522 patet
2274 2453 2411 2506 ante
2436 2447 2939 2505 resurrectionem
2964 2445 3214 2521 quidem
3247 2460 3498 2518 corrup-

98 2540 186 2587 τὸν
247 2534 313 2594 ἦν
369 2540 432 2588 τὸ
486 2546 658 2609 σῶμα,
690 2541 822 2610 μετά
861 2535 920 2591 δὲ
962 2545 1055 2597 τὴν
1110 2537 1398 2591 ἀνάστασιν
1438 2542 1693 2613 ἄφθαρτον

1900 2540 1997 2596 )ile
2014 2540 2199 2595 fuisse
2221 2543 2603 2612 corpus,post
2620 2537 3123 2595 resurrectionem
3142 2551 3287 2593 vero
3304 2536 3495 2593 incor-

105 2626 148 2676 εἰ
204 2628 314 2700 γὰρ
388 2630 481 2678 καὶ
542 2626 743 2698 λέγεται
803 2635 978 2699 φαγεῖν
1047 2630 1178 2701 μετά
1254 2634 1348 2687 την
1415 2628 1700 2683 ἀνάστασιν

1899 2627 2134 2701 ιριὶὺὶὶο.
2165 2628 2223 2685 Si
2243 2630 2404 2684 enim
2441 2632 2498 2684 et
2561 2628 2780 2685 dicitur
2809 2631 2949 2701 post
2994 2625 3494 2683 resurrectionem

103 2724 264 2767 τοῦτο
319 2712 401 2768 δι’
451 2716 748 2789 οἰκονομίαν
778 2717 1037 2776 ἐποίησεν·
1081 2714 1186 2792 οὐχ
1238 2722 1304 2782 ὡς
1351 2729 1422 2791 τῷ
1454 2724 1562 2773 ὄντι
1607 2740 1692 2773 πει

1900 2735 1979 2774 :ro
2004 2717 2484 2790 incorruptibile.
2524 2717 2582 2774 Si
2611 2717 2770 2773 enim
2803 2721 2860 2772 et
2890 2715 3107 2771 dicitur
3134 2719 3271 2789 post
3298 2731 3495 2772 resur-

103 2813 226 2872 νῶν,
261 2804 380 2855 ἀλλ’
414 2806 499 2856 ἵνα
554 2803 698 2879 δείξῃ
750 2815 856 2867 τοῖς
896 2809 1159 2880 μαθηταῖς
1210 2809 1370 2860 αὐτοῦ
1436 2810 1516 2861 ὅτι
1574 2810 1698 2861 αὐτὸ

1898 2807 2165 2863 ιοιὶοῃοω
2223 2806 2579 2874 comedisse,
2616 2806 2680 2863 id
2721 2821 2830 2879 per
2865 2804 3310 2879 providentiam
3352 2805 3493 2876 egit,

106 2894 257 2945 ἐστιν
320 2896 351 2946 ὁ
430 2894 662 2958 αναστὰς
723 2895 778 2948 ἐκ
845 2906 1031 2970 νεκρῶν
1066 2918 1079 2931 ο
1158 2897 1211 2949 ὃν
1248 2903 1439 2972 τρόπον
1478 2903 1567 2951 καὶ
1612 2903 1701 2952 τοὺ

1897 2912 1962 2952 )n
1982 2901 2273 2969 tanquam
2303 2895 2503 2969 reipsa
2536 2895 2883 2958 comedens,
2918 2894 3026 2949 sed
3070 2898 3135 2949 ut
3180 2892 3492 2967 discipulis

106 2987 316 3046 τύπους
382 2983 588 3056 λέγεται
653 2982 914 3049 ἐπιδεῖξαι
966 2987 1162 3049 αὐτοῖς·
1215 2992 1389 3039 καίτοι
1445 2990 1590 3060 ἡμεῖς
1646 2989 1701 3040 οὐ

1895 2985 2184 3042 stenderet
2204 2985 2410 3058 ipsum
2436 3001 2568 3041 esse
2598 2984 2703 3057 qui
2743 3000 2814 3040 ex
2846 2982 3101 3040 mortuis
3132 2986 3490 3046 surrexerat,

108 3070 200 3125 δἐν
249 3081 365 3125 τῶν
410 3076 514 3147 πρὸ
590 3084 685 3137 τῆς
761 3073 1095 3138 ἀναστάσεως
1164 3078 1340 3129 παθῶν
1408 3075 1703 3151 ἀνιστάμεθ‹

1899 3075 2362 3131 iemadmodum
2418 3075 2637 3131 dicitur
2691 3075 2761 3130 iis
2808 3076 3178 3129 monstrasse
3224 3070 3494 3144 corporis

106 3166 329 3234 ἔχοντες
360 3184 374 3195 ·
416 3164 635 3235 ἀπαρχὴ
699 3161 758 3216 δὲ
822 3172 915 3227 τῆς
959 3165 1015 3217 ἐκ
1073 3175 1261 3239 νεκρῶν
1307 3169 1451 3239 ἡμῶν
1509 3166 1701 3220 ἀναστά

1903 3182 2085 3221 rmas.
2114 3168 2175 3220 Et
2201 3181 2312 3221 nos
2356 3178 2741 3233 resurgemus
2764 3163 2913 3219 nihil
2942 3178 3153 3219 eorum
3198 3162 3493 3236 patientes

108 3272 241 3313 σεως
284 3253 313 3303 ὁ
379 3259 631 3325 Χριστος
695 3258 784 3305 καὶ
823 3256 961 3325 ὅμως
999 3255 1151 3316 αὐτὸς
1200 3256 1379 3331 εὑρέθη
1434 3258 1592 3329 ἔχων.
1643 3257 1703 3309 Ὠ

1897 3272 1973 3310 183
2005 3260 2140 3311 ante
2170 3254 2696 3310 resurrectionem.
2738 3252 3013 3309 Primitiae
3040 3256 3242 3309 autem
3270 3256 3492 3309 nostrae

108 3338 275 3398 δῆλον
320 3342 408 3392 ὅτι
458 3337 531 3392 δι’
589 3342 881 3415 οἰκονομίαν
929 3352 1082 3396 τοῦτο
1124 3348 1350 3416 γέγονεν·
1396 3344 1569 3418 ἀμεδιει
1606 3343 1703 3399 οὖὸ

1899 3363 1910 3401 ι
1949 3345 2203 3401 mortuis
2249 3344 2708 3401 resurrectionis
2758 3343 3064 3411 Christus;
3122 3346 3180 3399 et
3225 3341 3494 3399 similiter

102 3430 245 3502 λέγει
294 3432 327 3487 ἡ
374 3435 553 3503 Γραφὴ
616 3432 697 3483 ὅτι
741 3431 1025 3502 ἐπείνησεν,
1082 3431 1192 3485 ἀλλ’
1251 3439 1329 3486 ὅτι
1369 3438 1543 3507 ἔφαγε.
1611 3440 1697 3488 Δέο

1897 3451 1966 3489 se
1996 3434 2274 3489 inventus
2296 3438 2404 3490 est.
2437 3434 2523 3489 Ita
2544 3437 2611 3489 ut
2636 3431 3021 3489 manifestum
3044 3431 3117 3489 sit
3140 3431 3201 3488 id
3224 3447 3333 3505 per
3352 3447 3492 3505 pro-

106 3518 166 3573 δὲ
230 3520 541 3577 ἐπιστῆσαι
589 3522 668 3572 ὅτι
721 3526 1081 3595 παραφέρουσι
1136 3530 1361 3596 χρήσεις
1415 3528 1555 3586 τινάς
1629 3525 1699 3578 ἀπ

1898 3523 2161 3580 dentiam
2180 3524 2404 3579 factum
2439 3539 2589 3579 esse.
2622 3526 2847 3595 Nempe
2876 3538 2999 3578 non
3030 3521 3171 3577 dicit
3192 3521 3493 3595 Scriptura

104 3620 206 3662 τὼν
271 3613 549 3681 Ματέρων,
579 3611 843 3682 ἄφθαρτον
906 3616 962 3663 τὸ
1021 3620 1175 3684 σῶμα
1222 3620 1314 3665 τοῦ
1367 3621 1598 3686 Χριστοῦ
1651 3615 1699 3667 λε

1896 3630 2038 3669 sum
2090 3613 2431 3682 esurivisse,
2479 3613 2587 3668 sed
2621 3610 2975 3668 comedisse.
3027 3613 3270 3685 Oportet
3289 3614 3491 3668 autem

103 3704 315 3769 γούσας
354 3719 369 3731 ο
442 3702 616 3772 ὥσπερ
674 3704 763 3751 καὶ
822 3698 923 3752 ἀπὸ
986 3710 1078 3753 τοῦ
1145 3708 1406 3777 μακαρίου
1478 3703 1695 3778 Κυρί).λο

1898 3701 2317 3758 iimadvertere
2347 3718 2452 3757 eos
2493 3702 2779 3774 qumdam
2824 3703 3065 3757 Patrum
3094 3700 3339 3763 oracula
3385 3700 3493 3758 cir-

106 3789 357 3848 εἱποντος
425 3788 508 3838 ὄτι
566 3788 670 3859 οὐχ
733 3786 1019 3851 ὑπεδέξατο
1087 3792 1279 3866 φθορὰν
1327 3793 1355 3849 ἡ
1414 3800 1505 3845 τοῦ
1558 3798 1697 3864 Λόγο

1891 3792 2132 3848 Jmferre
2158 3808 2292 3864 quae
2312 3807 2531 3863 corpus
2556 3791 2768 3847 Christi
2783 3788 3232 3862 incorruptibile
3253 3789 3486 3859 dicunt;

111 3878 269 3950 σάρξ,
313 3876 487 3928 Ὀταν
533 3873 593 3929 δὲ
644 3880 734 3937 τὰς
818 3882 1063 3939 τοιαύτας
1141 3883 1423 3955 παράσχωσι
1482 3888 1706 3957 χρήσεις

1895 3880 2082 3937 tbeati
2113 3881 2310 3954 Cyrilli
2334 3881 2585 3937 dicentis
2605 3897 2728 3936 non
2750 3880 3199 3951 corruptionem
3237 3879 3490 3935 subiisse

108 3971 219 4040 χρὴ
282 3973 569 4023 σκοπῆσαι
625 3969 684 4017 τὸ
732 3974 822 4026 τῆς
859 3966 1033 4029 λέξεως
1078 3975 1490 4042 σημαινόμενον·
1523 3974 1582 4022 τὸ
1634 3974 1698 4042 γά

1891 3987 2085 4026 ιτηθω
2117 3971 2345 4026 Christi.
2372 3969 2626 4037 Quando
2646 3984 2787 4025 vero
2811 3968 2955 4025 tales
2984 3984 3161 4023 voces
3186 3966 3486 4042 exhibent,

108 4064 203 4116 τῆς
248 4058 457 4129 φθορᾶς
499 4054 663 4127 ὄνομα
721 4052 820 4108 δύο
874 4062 1142 4128 σημαίνειν
1180 4056 1310 4130 οἶδε²
1365 4062 1501 4113 κατά
1553 4058 1610 4114 6";
1658 4081 1703 4113 τι

1892 4060 2319 4116 taminandum
2348 4064 2437 4114 est
2464 4058 2612 4132 quid
2648 4074 2755 4131 per
2795 4058 2906 4115 has
2945 4055 3347 4127 signiﬁcatum
3375 4056 3487 4127 sit;

108 4166 194 4206 νας
226 4151 322 4198 καὶ
350 4149 501 4219 τρία.

1896 4151 1997 4207 )let
2050 4151 2212 4205 enim
2255 4149 2654 4221 corruptionis
2707 4164 2822 4205 vox
2875 4147 2999 4205 duo
3040 4146 3395 4220 signiﬁcare,
3434 4151 3491 4207 et

1836 4241 2010 4312 juxta
2039 4239 2365 4295 nonnullos
2394 4238 2576 4295 etiam
2598 4238 2728 4294 tria.

1180 4568 1683 4664 NICET/E
1751 4567 2437 4665 CHONIATZE

893 4785 1008 4848 EX
1037 4787 1289 4851 LIBRO
1320 4787 1441 4851 XV
1469 4787 1902 4850 THESAURI
1932 4785 2478 4851 ORTHODOX/E
2507 4784 2731 4848 FIDEI

594 5025 721 5095 Περὶ
747 5029 839 5081 τῆς
864 5021 1013 5082 ἕκτης
1037 5017 1282 5075 συνόδου.
1761 5024 1804 5078 D

1761 5024 1804 5078 D
2384 5019 2474 5075 De
2498 5023 2672 5075 sexta
2695 5016 2944 5089 synodo.

183 5110 251 5167 α’,
314 5109 466 5165 Αὕτη
538 5112 767 5168 συνέστη
855 5108 937 5162 ἐπὶ
1021 5116 1407 5163 Κωνσταντινου
1474 5107 1732 5183 βασιλέως

1918 5114 1968 5166 1.
2000 5110 2133 5164 Haec
2174 5107 2446 5181 synodus
2502 5107 2899 5165 Constantino
2947 5105 3255 5174 Pogonato
3300 5103 3493 5178 impe-

118 5207 203 5250 τοῦ
264 5194 605 5267 Πωγωνάτου
656 5193 751 5249 6⁵ιά
798 5200 891 5255 τὴν
949 5196 1147 5269 αἰρεσιν
1194 5205 1294 5249 τῶν
1342 5195 1709 5253 Μονοθελητών

1899 5202 2011 5256 inte
2053 5198 2260 5255 habita
2297 5201 2408 5265 est,
2456 5202 2702 5271 propter
2744 5193 3262 5253 Monothelitarum
3308 5194 3494 5253 haere-

120 5285 416 5360 ἀρχθεῖσαν
478 5287 583 5338 ἀπὸ
656 5284 960 5359 Ἡρακλείου
1027 5284 1302 5358 βασιλέως,
1368 5290 1457 5338 καὶ
1524 5281 1715 5360 διαρκέ

1902 5304 1981 5355 m,
2004 5303 2139 5360 quae
2170 5288 2282 5344 sub
2308 5288 2669 5357 imperatore
2700 5284 2969 5341 Heraclio
2991 5287 3190 5356 coepta
3218 5288 3365 5355 erat,
3385 5284 3494 5342 du-

126 5395 290 5427 σασοιν
344 5378 517 5446 ᾠχρι
545 5379 636 5426 καὶ
680 5374 844 5426 αὐτοῦ
900 5382 991 5425 τοῦ
1033 5372 1287 5447 βασιλέως
1344 5378 1721 5426 Κωνσταντίνοι

1898 5377 2117 5449 ivitque
2146 5376 2223 5433 ad
2256 5391 2450 5448 usque
2471 5375 2895 5449 imperatorem
2915 5374 3370 5431 Constantinum
3386 5376 3493 5431 Po-

126 5473 211 5515 τού
242 5465 579 5536 Πωιγωνάτου
631 5460 945 5534 δισεγγὸνου
991 5466 1133 5524 ὄντος
1182 5471 1253 5534 τῷ
1310 5461 1521 5535 βασιλεῖ
1573 5463 1721 5537 Ἠρα-

1899 5472 2159 5535 enatum,
2190 5464 2569 5538 imperatoris
2617 5461 2864 5520 Heraclii
2893 5467 3307 5537 pronepotem.
3346 5467 3494 5522 Cum

127 5553 295 5625 κὶείῳ,
360 5555 533 5623 τούτῳ
593 5556 696 5626 γὰρ
747 5561 822 5623 τῷ
881 5550 1091 5624 βασιλεῖ
1146 5556 1211 5604 τά
1269 5554 1531 5625 Ῥωμαίων
1600 5562 1722 5613 σκῆ-

1902 5555 2007 5611 iim
2036 5554 2131 5611 ille
2163 5558 2499 5612 Romanum
2533 5552 2855 5625 imperium
2893 5557 3142 5625 regeret,
3174 5552 3497 5610 illustrissi-

130 5663 263 5716 πτρα
318 5638 557 5695 διέποντι
608 5647 702 5694 καὶ
750 5643 844 5703 τὰς
917 5644 1051 5694 κατὰ
1106 5649 1318 5717 Περσῶν
1368 5642 1725 5717 λαμπροτάτα‹

1902 5660 2101 5718 ιιιεᾳιιο
2130 5645 2205 5701 de
2231 5644 2419 5701 Persis
2450 5642 2721 5701 victorias
2743 5646 3074 5716 perageret,
3107 5659 3244 5715 quae
3269 5645 3497 5715 septem
