  <div class='ocr_page' id='page_1' title='image "/cluster/home/n/w/nwhite01/storage/ocr_20150623/140/pst.000005714568/069.png"; bbox 0 0 4040 6318; ppageno 0'>
   <div class='ocr_carea' id='block_1_1' title="bbox 532 320 602 383">
    <p class='ocr_par' dir='ltr' id='par_1_1' title="bbox 532 320 602 383">
     <span class='ocr_line' id='line_1_1' title="bbox 532 320 602 383; baseline -0.1 0"><span class='ocrx_word' id='word_1_1' title='bbox 532 320 602 383; x_wconf 85' lang='grc'><strong>83</strong></span> 
     </span>
    </p>
   </div>
   <div class='ocr_carea' id='block_1_2' title="bbox 534 443 2274 516">
    <p class='ocr_par' dir='ltr' id='par_1_2' title="bbox 534 443 2274 516">
     <span class='ocr_line' id='line_1_2' title="bbox 534 443 2274 516; baseline -0.001 -13"><span class='ocrx_word' id='word_1_2' title='bbox 534 457 727 503; x_wconf 86' lang='lat' dir='ltr'><strong>annos</strong></span> <span class='ocrx_word' id='word_1_3' title='bbox 748 444 1109 501; x_wconf 66' lang='lat' dir='ltr'><strong>continuata:</strong></span> <span class='ocrx_word' id='word_1_4' title='bbox 1141 449 1298 516; x_wconf 83' lang='lat' dir='ltr'><strong>sunt,</strong></span> <span class='ocrx_word' id='word_1_5' title='bbox 1322 443 1733 502; x_wconf 88' lang='lat' dir='ltr'><strong>Jacobitarum</strong></span> <span class='ocrx_word' id='word_1_6' title='bbox 1769 444 2098 502; x_wconf 88' lang='lat' dir='ltr'><strong>catholicus</strong></span> <span class='ocrx_word' id='word_1_7' title='bbox 2132 446 2196 502; x_wconf 89' lang='lat' dir='ltr'><strong>in</strong></span> <span class='ocrx_word' id='word_1_8' title='bbox 2226 449 2274 501; x_wconf 82' lang='lat' dir='ltr'><strong>A</strong></span> 
     </span>
    </p>
   </div>
   <div class='ocr_carea' id='block_1_3' title="bbox 540 533 2197 608">
    <p class='ocr_par' dir='ltr' id='par_1_3' title="bbox 540 533 2197 608">
     <span class='ocr_line' id='line_1_3' title="bbox 540 533 2197 608; baseline 0.001 -19"><span class='ocrx_word' id='word_1_9' title='bbox 540 548 752 589; x_wconf 88' lang='lat' dir='ltr'><strong>eorum</strong></span> <span class='ocrx_word' id='word_1_10' title='bbox 773 534 1082 605; x_wconf 81' lang='lat' dir='ltr'><strong>regionem</strong></span> <span class='ocrx_word' id='word_1_11' title='bbox 1106 534 1379 608; x_wconf 81' lang='lat' dir='ltr'><strong>pergenti</strong></span> <span class='ocrx_word' id='word_1_12' title='bbox 1400 533 1452 590; x_wconf 92' lang='lat' dir='ltr'><strong>ei</strong></span> <span class='ocrx_word' id='word_1_13' title='bbox 1469 534 1745 591; x_wconf 88' lang='lat' dir='ltr'><strong>occurrit.</strong></span> <span class='ocrx_word' id='word_1_14' title='bbox 1773 536 1962 600; x_wconf 89' lang='lat' dir='ltr'><strong>Quem</strong></span> <span class='ocrx_word' id='word_1_15' title='bbox 1982 534 2197 591; x_wconf 89' lang='lat' dir='ltr'><strong>videns</strong></span> 
     </span>
    </p>
   </div>
   <div class='ocr_carea' id='block_1_4' title="bbox 533 621 2196 697">
    <p class='ocr_par' dir='ltr' id='par_1_4' title="bbox 533 621 2196 697">
     <span class='ocr_line' id='line_1_4' title="bbox 533 621 2196 697; baseline 0.001 -19"><span class='ocrx_word' id='word_1_16' title='bbox 533 621 864 695; x_wconf 82' lang='lat' dir='ltr'><strong>imperator</strong></span> <span class='ocrx_word' id='word_1_17' title='bbox 883 623 1268 695; x_wconf 87' lang='lat' dir='ltr'><strong>reprehendit</strong></span> <span class='ocrx_word' id='word_1_18' title='bbox 1282 621 1450 696; x_wconf 85' lang='lat' dir='ltr'><strong>quod</strong></span> <span class='ocrx_word' id='word_1_19' title='bbox 1472 621 1936 679; x_wconf 88' lang='lat' dir='ltr'><strong>Chalcedonensi</strong></span> <span class='ocrx_word' id='word_1_20' title='bbox 1959 624 2196 697; x_wconf 87' lang='lat' dir='ltr'><strong>synodo</strong></span> 
     </span>
    </p>
   </div>
   <div class='ocr_carea' id='block_1_5' title="bbox 535 711 2195 784">
    <p class='ocr_par' dir='ltr' id='par_1_5' title="bbox 535 711 2195 784">
     <span class='ocr_line' id='line_1_5' title="bbox 535 711 2195 784; baseline -0.001 -14"><span class='ocrx_word' id='word_1_21' title='bbox 535 727 661 771; x_wconf 86' lang='lat' dir='ltr'><strong>non</strong></span> <span class='ocrx_word' id='word_1_22' title='bbox 696 711 1028 768; x_wconf 77' lang='lat' dir='ltr'><strong>adhaereret</strong></span> <span class='ocrx_word' id='word_1_23' title='bbox 1053 729 1066 779; x_wconf 91' lang='lat'><strong>;</strong></span> <span class='ocrx_word' id='word_1_24' title='bbox 1097 712 1495 784; x_wconf 87' lang='lat' dir='ltr'><strong>hortatusque</strong></span> <span class='ocrx_word' id='word_1_25' title='bbox 1525 728 1662 769; x_wconf 90' lang='lat' dir='ltr'><strong>eum</strong></span> <span class='ocrx_word' id='word_1_26' title='bbox 1695 717 1784 769; x_wconf 91' lang='lat' dir='ltr'><strong>est</strong></span> <span class='ocrx_word' id='word_1_27' title='bbox 1815 717 1880 768; x_wconf 89' lang='lat' dir='ltr'><strong>ut</strong></span> <span class='ocrx_word' id='word_1_28' title='bbox 1929 729 1966 768; x_wconf 91' lang='lat' dir='ltr'><strong>a</strong></span> <span class='ocrx_word' id='word_1_29' title='bbox 1995 716 2195 770; x_wconf 87' lang='lat' dir='ltr'><strong>Mono-</strong></span> 
     </span>
    </p>
   </div>
   <div class='ocr_carea' id='block_1_6' title="bbox 535 801 2197 876">
    <p class='ocr_par' dir='ltr' id='par_1_6' title="bbox 535 801 2197 876">
     <span class='ocr_line' id='line_1_6' title="bbox 535 801 2197 876; baseline 0.001 -19"><span class='ocrx_word' id='word_1_30' title='bbox 535 801 911 873; x_wconf 84' lang='lat' dir='ltr'><strong>physitarum</strong></span> <span class='ocrx_word' id='word_1_31' title='bbox 930 801 1214 874; x_wconf 89' lang='lat' dir='ltr'><strong>opinione</strong></span> <span class='ocrx_word' id='word_1_32' title='bbox 1246 801 1569 874; x_wconf 84' lang='lat' dir='ltr'><strong>recederet,</strong></span> <span class='ocrx_word' id='word_1_33' title='bbox 1585 802 2104 876; x_wconf 88' lang='lat' dir='ltr'><strong>proclamaretque</strong></span> <span class='ocrx_word' id='word_1_34' title='bbox 2122 802 2197 859; x_wconf 92' lang='lat' dir='ltr'><strong>de</strong></span> 
     </span>
    </p>
   </div>
   <div class='ocr_carea' id='block_1_7' title="bbox 539 889 2196 964">
    <p class='ocr_par' dir='ltr' id='par_1_7' title="bbox 539 889 2196 964">
     <span class='ocr_line' id='line_1_7' title="bbox 539 889 2196 964; baseline -0.001 -16"><span class='ocrx_word' id='word_1_35' title='bbox 539 890 785 954; x_wconf 84' lang='lat' dir='ltr'><strong>Christo,</strong></span> <span class='ocrx_word' id='word_1_36' title='bbox 816 889 1344 964; x_wconf 87' lang='lat' dir='ltr'><strong>quemadmodum</strong></span> <span class='ocrx_word' id='word_1_37' title='bbox 1369 890 1691 947; x_wconf 81' lang='lat' dir='ltr'><strong>orthodoxi</strong></span> <span class='ocrx_word' id='word_1_38' title='bbox 1718 892 2004 959; x_wconf 90' lang='lat' dir='ltr'><strong>sentiunt,</strong></span> <span class='ocrx_word' id='word_1_39' title='bbox 2036 891 2196 948; x_wconf 90' lang='lat' dir='ltr'><strong>duas</strong></span> 
     </span>
    </p>
   </div>
   <div class='ocr_carea' id='block_1_8' title="bbox 536 979 2199 1052">
    <p class='ocr_par' dir='ltr' id='par_1_8' title="bbox 536 979 2199 1052">
     <span class='ocr_line' id='line_1_8' title="bbox 536 979 2199 1052; baseline 0.001 -18"><span class='ocrx_word' id='word_1_40' title='bbox 536 982 785 1036; x_wconf 88' lang='lat' dir='ltr'><strong>naturas</strong></span> <span class='ocrx_word' id='word_1_41' title='bbox 815 979 1129 1035; x_wconf 86' lang='lat' dir='ltr'><strong>inconfuse</strong></span> <span class='ocrx_word' id='word_1_42' title='bbox 1161 980 1313 1036; x_wconf 89' lang='lat' dir='ltr'><strong>inter</strong></span> <span class='ocrx_word' id='word_1_43' title='bbox 1344 995 1409 1036; x_wconf 91' lang='lat' dir='ltr'><strong>se</strong></span> <span class='ocrx_word' id='word_1_44' title='bbox 1439 979 1665 1049; x_wconf 87' lang='lat' dir='ltr'><strong>unitas,</strong></span> <span class='ocrx_word' id='word_1_45' title='bbox 1695 980 1755 1035; x_wconf 88' lang='lat' dir='ltr'><strong>id</strong></span> <span class='ocrx_word' id='word_1_46' title='bbox 1788 995 1892 1052; x_wconf 87' lang='lat' dir='ltr'><strong>est,</strong></span> <span class='ocrx_word' id='word_1_47' title='bbox 1926 980 2199 1037; x_wconf 87' lang='lat' dir='ltr'><strong>divinita-</strong></span> 
     </span>
    </p>
   </div>
   <div class='ocr_carea' id='block_1_9' title="bbox 536 1068 2197 1142">
    <p class='ocr_par' dir='ltr' id='par_1_9' title="bbox 536 1068 2197 1142">
     <span class='ocr_line' id='line_1_9' title="bbox 536 1068 2197 1142; baseline 0 -17"><span class='ocrx_word' id='word_1_48' title='bbox 536 1072 658 1125; x_wconf 85' lang='lat' dir='ltr'><strong>tem</strong></span> <span class='ocrx_word' id='word_1_49' title='bbox 701 1072 758 1125; x_wconf 90' lang='lat' dir='ltr'><strong>et</strong></span> <span class='ocrx_word' id='word_1_50' title='bbox 801 1068 1262 1135; x_wconf 81' lang='lat' dir='ltr'><strong>humanitatem,</strong></span> <span class='ocrx_word' id='word_1_51' title='bbox 1296 1070 1345 1125; x_wconf 92' lang='lat' dir='ltr'><strong>si</strong></span> <span class='ocrx_word' id='word_1_52' title='bbox 1375 1069 1548 1125; x_wconf 87' lang='lat' dir='ltr'><strong>vellet</strong></span> <span class='ocrx_word' id='word_1_53' title='bbox 1590 1069 1668 1125; x_wconf 90' lang='lat' dir='ltr'><strong>ab</strong></span> <span class='ocrx_word' id='word_1_54' title='bbox 1700 1070 1836 1142; x_wconf 92' lang='lat' dir='ltr'><strong>ipso</strong></span> <span class='ocrx_word' id='word_1_55' title='bbox 1873 1069 2197 1127; x_wconf 69' lang='lat' dir='ltr'><strong>Antiochiae</strong></span> 
     </span>
    </p>
   </div>
   <div class='ocr_carea' id='block_1_10' title="bbox 536 1157 2198 1229">
    <p class='ocr_par' dir='ltr' id='par_1_10' title="bbox 536 1157 2198 1229">
     <span class='ocr_line' id='line_1_10' title="bbox 536 1157 2198 1229; baseline 0.001 -15"><span class='ocrx_word' id='word_1_56' title='bbox 536 1157 908 1229; x_wconf 84' lang='lat' dir='ltr'><strong>partriarcha</strong></span> <span class='ocrx_word' id='word_1_57' title='bbox 932 1158 1260 1229; x_wconf 86' lang='lat' dir='ltr'><strong>designari.</strong></span> <span class='ocrx_word' id='word_1_58' title='bbox 1294 1158 1635 1215; x_wconf 88' lang='lat' dir='ltr'><strong>Catholicus</strong></span> <span class='ocrx_word' id='word_1_59' title='bbox 1661 1164 1864 1216; x_wconf 89' lang='lat' dir='ltr'><strong>autem</strong></span> <span class='ocrx_word' id='word_1_60' title='bbox 1896 1159 2052 1215; x_wconf 91' lang='lat' dir='ltr'><strong>sedis</strong></span> <span class='ocrx_word' id='word_1_61' title='bbox 2075 1176 2198 1216; x_wconf 84' lang='lat' dir='ltr'><strong>ma-</strong></span> 
     </span>
    </p>
   </div>
   <div class='ocr_carea' id='block_1_11' title="bbox 539 1246 2195 1321">
    <p class='ocr_par' dir='ltr' id='par_1_11' title="bbox 539 1246 2195 1321">
     <span class='ocr_line' id='line_1_11' title="bbox 539 1246 2195 1321; baseline 0.001 -18"><span class='ocrx_word' id='word_1_62' title='bbox 539 1246 850 1318; x_wconf 82' lang='lat' dir='ltr'><strong>gnitudine</strong></span> <span class='ocrx_word' id='word_1_63' title='bbox 865 1252 1079 1320; x_wconf 91' lang='lat' dir='ltr'><strong>captus</strong></span> <span class='ocrx_word' id='word_1_64' title='bbox 1101 1263 1164 1304; x_wconf 89' lang='lat' dir='ltr'><strong>se</strong></span> <span class='ocrx_word' id='word_1_65' title='bbox 1179 1263 1252 1303; x_wconf 83' lang='lat' dir='ltr'><strong>ex</strong></span> <span class='ocrx_word' id='word_1_66' title='bbox 1271 1247 1482 1304; x_wconf 64' lang='lat' dir='ltr'><strong>haeresi</strong></span> <span class='ocrx_word' id='word_1_67' title='bbox 1504 1264 1881 1304; x_wconf 86' lang='lat' dir='ltr'><strong>recessurum</strong></span> <span class='ocrx_word' id='word_1_68' title='bbox 1898 1248 2195 1321; x_wconf 80' lang='lat' dir='ltr'><strong>pollicitus</strong></span> 
     </span>
    </p>
   </div>
   <div class='ocr_carea' id='block_1_12' title="bbox 539 1336 2194 1409">
    <p class='ocr_par' dir='ltr' id='par_1_12' title="bbox 539 1336 2194 1409">
     <span class='ocr_line' id='line_1_12' title="bbox 539 1336 2194 1409; baseline 0 -15"><span class='ocrx_word' id='word_1_69' title='bbox 539 1340 629 1394; x_wconf 84' lang='lat' dir='ltr'><strong>est</strong></span> <span class='ocrx_word' id='word_1_70' title='bbox 657 1336 931 1409; x_wconf 88' lang='lat' dir='ltr'><strong>duasque</strong></span> <span class='ocrx_word' id='word_1_71' title='bbox 960 1337 1023 1392; x_wconf 94' lang='lat' dir='ltr'><strong>in</strong></span> <span class='ocrx_word' id='word_1_72' title='bbox 1068 1336 1298 1392; x_wconf 87' lang='lat' dir='ltr'><strong>Christo</strong></span> <span class='ocrx_word' id='word_1_73' title='bbox 1346 1340 1592 1394; x_wconf 89' lang='lat' dir='ltr'><strong>naturas</strong></span> <span class='ocrx_word' id='word_1_74' title='bbox 1623 1338 1991 1394; x_wconf 88' lang='lat' dir='ltr'><strong>crediturum</strong></span> <span class='ocrx_word' id='word_1_75' title='bbox 2036 1338 2194 1394; x_wconf 86' lang='lat' dir='ltr'><strong>afﬁr-</strong></span> 
     </span>
    </p>
   </div>
   <div class='ocr_carea' id='block_1_13' title="bbox 539 1424 2196 1491">
    <p class='ocr_par' dir='ltr' id='par_1_13' title="bbox 539 1424 2196 1491">
     <span class='ocr_line' id='line_1_13' title="bbox 539 1424 2196 1491; baseline 0.001 -9"><span class='ocrx_word' id='word_1_76' title='bbox 539 1425 745 1491; x_wconf 85' lang='lat' dir='ltr'><strong>mavit,</strong></span> <span class='ocrx_word' id='word_1_77' title='bbox 776 1425 851 1481; x_wconf 91' lang='lat' dir='ltr'><strong>de</strong></span> <span class='ocrx_word' id='word_1_78' title='bbox 880 1424 1293 1481; x_wconf 84' lang='lat' dir='ltr'><strong>voluntatibus</strong></span> <span class='ocrx_word' id='word_1_79' title='bbox 1320 1431 1523 1482; x_wconf 90' lang='lat' dir='ltr'><strong>autem</strong></span> <span class='ocrx_word' id='word_1_80' title='bbox 1568 1426 1809 1484; x_wconf 90' lang='lat' dir='ltr'><strong>dicebat</strong></span> <span class='ocrx_word' id='word_1_81' title='bbox 1858 1443 1919 1483; x_wconf 91' lang='lat' dir='ltr'><strong>se</strong></span> <span class='ocrx_word' id='word_1_82' title='bbox 1963 1428 2196 1484; x_wconf 83' lang='lat' dir='ltr'><strong>nescire</strong></span> 
     </span>
    </p>
   </div>
   <div class='ocr_carea' id='block_1_14' title="bbox 539 1513 2197 1587">
    <p class='ocr_par' dir='ltr' id='par_1_14' title="bbox 539 1513 2197 1587">
     <span class='ocr_line' id='line_1_14' title="bbox 539 1513 2197 1587; baseline 0.002 -18"><span class='ocrx_word' id='word_1_83' title='bbox 539 1528 690 1570; x_wconf 90' lang='lat' dir='ltr'><strong>num</strong></span> <span class='ocrx_word' id='word_1_84' title='bbox 711 1529 812 1570; x_wconf 89' lang='lat' dir='ltr'><strong>eas</strong></span> <span class='ocrx_word' id='word_1_85' title='bbox 834 1529 1077 1587; x_wconf 90' lang='lat' dir='ltr'><strong>quoque</strong></span> <span class='ocrx_word' id='word_1_86' title='bbox 1107 1513 1264 1569; x_wconf 89' lang='lat' dir='ltr'><strong>duas</strong></span> <span class='ocrx_word' id='word_1_87' title='bbox 1296 1513 1533 1586; x_wconf 85' lang='lat' dir='ltr'><strong>Opinari</strong></span> <span class='ocrx_word' id='word_1_88' title='bbox 1579 1519 1900 1587; x_wconf 87' lang='lat' dir='ltr'><strong>oporteret,</strong></span> <span class='ocrx_word' id='word_1_89' title='bbox 1928 1520 1984 1571; x_wconf 91' lang='lat' dir='ltr'><strong>et</strong></span> <span class='ocrx_word' id='word_1_90' title='bbox 2021 1531 2093 1571; x_wconf 88' lang='lat' dir='ltr'><strong>ea</strong></span> <span class='ocrx_word' id='word_1_91' title='bbox 2121 1516 2197 1572; x_wconf 91' lang='lat' dir='ltr'><strong>de</strong></span> 
     </span>
    </p>
   </div>
   <div class='ocr_carea' id='block_1_15' title="bbox 538 1601 2197 1675">
    <p class='ocr_par' dir='ltr' id='par_1_15' title="bbox 538 1601 2197 1675">
     <span class='ocr_line' id='line_1_15' title="bbox 538 1601 2197 1675; baseline 0.001 -17"><span class='ocrx_word' id='word_1_92' title='bbox 538 1618 603 1659; x_wconf 90' lang='lat' dir='ltr'><strong>re</strong></span> <span class='ocrx_word' id='word_1_93' title='bbox 625 1618 663 1659; x_wconf 90' lang='lat' dir='ltr'><strong>a</strong></span> <span class='ocrx_word' id='word_1_94' title='bbox 704 1601 905 1672; x_wconf 89' lang='lat' dir='ltr'><strong>Sergio</strong></span> <span class='ocrx_word' id='word_1_95' title='bbox 937 1602 1483 1675; x_wconf 86' lang='lat' dir='ltr'><strong>Constantinopolis</strong></span> <span class='ocrx_word' id='word_1_96' title='bbox 1514 1605 1854 1675; x_wconf 87' lang='lat' dir='ltr'><strong>patriarcha</strong></span> <span class='ocrx_word' id='word_1_97' title='bbox 1882 1604 2197 1660; x_wconf 90' lang='lat' dir='ltr'><strong>consilium</strong></span> 
     </span>
    </p>
   </div>
   <div class='ocr_carea' id='block_1_16' title="bbox 539 1691 2197 1765">
    <p class='ocr_par' dir='ltr' id='par_1_16' title="bbox 539 1691 2197 1765">
     <span class='ocr_line' id='line_1_16' title="bbox 539 1691 2197 1765; baseline 0.001 -18"><span class='ocrx_word' id='word_1_98' title='bbox 539 1691 725 1765; x_wconf 85' lang='lat' dir='ltr'><strong>petiit.</strong></span> <span class='ocrx_word' id='word_1_99' title='bbox 772 1691 1008 1749; x_wconf 85' lang='lat' dir='ltr'><strong>Sciebat</strong></span> <span class='ocrx_word' id='word_1_100' title='bbox 1053 1692 1213 1749; x_wconf 87' lang='lat' dir='ltr'><strong>enim</strong></span> <span class='ocrx_word' id='word_1_101' title='bbox 1260 1708 1400 1749; x_wconf 90' lang='lat' dir='ltr'><strong>eum</strong></span> <span class='ocrx_word' id='word_1_102' title='bbox 1451 1692 1668 1749; x_wconf 89' lang='lat' dir='ltr'><strong>docere</strong></span> <span class='ocrx_word' id='word_1_103' title='bbox 1706 1694 1768 1749; x_wconf 89' lang='lat' dir='ltr'><strong>in</strong></span> <span class='ocrx_word' id='word_1_104' title='bbox 1809 1694 2039 1750; x_wconf 84' lang='lat' dir='ltr'><strong>Christo</strong></span> <span class='ocrx_word' id='word_1_105' title='bbox 2068 1694 2197 1749; x_wconf 90' lang='lat' dir='ltr'><strong>uni-</strong></span> 
     </span>
    </p>
   </div>
   <div class='ocr_carea' id='block_1_17' title="bbox 540 1781 2194 1855">
    <p class='ocr_par' dir='ltr' id='par_1_17' title="bbox 540 1781 2194 1855">
     <span class='ocr_line' id='line_1_17' title="bbox 540 1781 2194 1855; baseline 0.001 -17"><span class='ocrx_word' id='word_1_106' title='bbox 540 1798 678 1839; x_wconf 90' lang='lat' dir='ltr'><strong>cam</strong></span> <span class='ocrx_word' id='word_1_107' title='bbox 704 1798 833 1838; x_wconf 90' lang='lat' dir='ltr'><strong>esse</strong></span> <span class='ocrx_word' id='word_1_108' title='bbox 867 1781 1241 1839; x_wconf 84' lang='lat' dir='ltr'><strong>voluntatem</strong></span> <span class='ocrx_word' id='word_1_109' title='bbox 1272 1786 1329 1839; x_wconf 88' lang='lat' dir='ltr'><strong>et</strong></span> <span class='ocrx_word' id='word_1_110' title='bbox 1366 1784 1796 1855; x_wconf 85' lang='lat' dir='ltr'><strong>operationem.</strong></span> <span class='ocrx_word' id='word_1_111' title='bbox 1838 1783 2050 1840; x_wconf 90' lang='lat' dir='ltr'><strong>Scribit</strong></span> <span class='ocrx_word' id='word_1_112' title='bbox 2078 1786 2194 1839; x_wconf 90' lang='lat' dir='ltr'><strong>im-</strong></span> 
     </span>
    </p>
   </div>
   <div class='ocr_carea' id='block_1_18' title="bbox 538 1871 2194 1945">
    <p class='ocr_par' dir='ltr' id='par_1_18' title="bbox 538 1871 2194 1945">
     <span class='ocr_line' id='line_1_18' title="bbox 538 1871 2194 1945; baseline 0.001 -18"><span class='ocrx_word' id='word_1_113' title='bbox 538 1873 780 1944; x_wconf 88' lang='lat' dir='ltr'><strong>perator</strong></span> <span class='ocrx_word' id='word_1_114' title='bbox 802 1871 881 1929; x_wconf 89' lang='lat' dir='ltr'><strong>ad</strong></span> <span class='ocrx_word' id='word_1_115' title='bbox 906 1871 1178 1941; x_wconf 83' lang='lat' dir='ltr'><strong>Sergium</strong></span> <span class='ocrx_word' id='word_1_116' title='bbox 1218 1871 1293 1928; x_wconf 90' lang='lat' dir='ltr'><strong>de</strong></span> <span class='ocrx_word' id='word_1_117' title='bbox 1323 1872 1437 1928; x_wconf 93' lang='lat' dir='ltr'><strong>hac</strong></span> <span class='ocrx_word' id='word_1_118' title='bbox 1466 1872 1818 1945; x_wconf 85' lang='lat' dir='ltr'><strong>quaestione.</strong></span> <span class='ocrx_word' id='word_1_119' title='bbox 1852 1873 1953 1929; x_wconf 84' lang='lat' dir='ltr'><strong>Hic</strong></span> <span class='ocrx_word' id='word_1_120' title='bbox 1992 1877 2194 1929; x_wconf 91' lang='lat' dir='ltr'><strong>autem</strong></span> 
     </span>
    </p>
   </div>
   <div class='ocr_carea' id='block_1_19' title="bbox 539 1960 2190 2037">
    <p class='ocr_par' dir='ltr' id='par_1_19' title="bbox 539 1960 2190 2037">
     <span class='ocr_line' id='line_1_19' title="bbox 539 1960 2190 2037; baseline 0.001 -19"><span class='ocrx_word' id='word_1_121' title='bbox 539 1961 645 2034; x_wconf 90' lang='lat' dir='ltr'><strong>qui</strong></span> <span class='ocrx_word' id='word_1_122' title='bbox 660 1960 862 2034; x_wconf 89' lang='lat' dir='ltr'><strong>palam</strong></span> <span class='ocrx_word' id='word_1_123' title='bbox 881 1962 1398 2019; x_wconf 83' lang='lat' dir='ltr'><strong>Monothelitarum</strong></span> <span class='ocrx_word' id='word_1_124' title='bbox 1418 1962 1752 2020; x_wconf 89' lang='lat' dir='ltr'><strong>doctrinam</strong></span> <span class='ocrx_word' id='word_1_125' title='bbox 1775 1963 2190 2037; x_wconf 75' lang='lat' dir='ltr'><strong>proﬁtebatur,</strong></span> 
     </span>
    </p>
   </div>
   <div class='ocr_carea' id='block_1_20' title="bbox 535 2050 2196 2130">
    <p class='ocr_par' dir='ltr' id='par_1_20' title="bbox 535 2050 2196 2130">
     <span class='ocr_line' id='line_1_20' title="bbox 535 2050 2196 2130; baseline 0.002 -23"><span class='ocrx_word' id='word_1_126' title='bbox 535 2050 885 2124; x_wconf 89' lang='lat' dir='ltr'><strong>imperatori</strong></span> <span class='ocrx_word' id='word_1_127' title='bbox 912 2051 1241 2124; x_wconf 89' lang='lat' dir='ltr'><strong>respondet</strong></span> <span class='ocrx_word' id='word_1_128' title='bbox 1259 2051 1525 2125; x_wconf 89' lang='lat' dir='ltr'><strong>dicitque</strong></span> <span class='ocrx_word' id='word_1_129' title='bbox 1545 2058 1822 2125; x_wconf 90' lang='lat' dir='ltr'><strong>oportere</strong></span> <span class='ocrx_word' id='word_1_130' title='bbox 1849 2069 2036 2110; x_wconf 91' lang='lat' dir='ltr'><strong>unam</strong></span> <span class='ocrx_word' id='word_1_131' title='bbox 2058 2070 2196 2130; x_wconf 86' lang='lat' dir='ltr'><strong>Ope-</strong></span> 
     </span>
    </p>
   </div>
   <div class='ocr_carea' id='block_1_21' title="bbox 535 2140 2194 2203">
    <p class='ocr_par' dir='ltr' id='par_1_21' title="bbox 535 2140 2194 2203">
     <span class='ocr_line' id='line_1_21' title="bbox 535 2140 2194 2203; baseline 0.004 -7"><span class='ocrx_word' id='word_1_132' title='bbox 535 2140 833 2197; x_wconf 90' lang='lat' dir='ltr'><strong>rationem</strong></span> <span class='ocrx_word' id='word_1_133' title='bbox 854 2144 911 2197; x_wconf 89' lang='lat' dir='ltr'><strong>et</strong></span> <span class='ocrx_word' id='word_1_134' title='bbox 939 2156 1127 2197; x_wconf 89' lang='lat' dir='ltr'><strong>unam</strong></span> <span class='ocrx_word' id='word_1_135' title='bbox 1157 2140 1528 2200; x_wconf 86' lang='lat' dir='ltr'><strong>voluntatem</strong></span> <span class='ocrx_word' id='word_1_136' title='bbox 1549 2143 1787 2200; x_wconf 91' lang='lat' dir='ltr'><strong>docere.</strong></span> <span class='ocrx_word' id='word_1_137' title='bbox 1815 2147 2023 2202; x_wconf 89' lang='lat' dir='ltr'><strong>Postea</strong></span> <span class='ocrx_word' id='word_1_138' title='bbox 2051 2162 2194 2203; x_wconf 90' lang='lat' dir='ltr'><strong>vero</strong></span> 
     </span>
    </p>
   </div>
   <div class='ocr_carea' id='block_1_22' title="bbox 534 2229 2194 2306">
    <p class='ocr_par' dir='ltr' id='par_1_22' title="bbox 534 2229 2194 2306">
     <span class='ocr_line' id='line_1_22' title="bbox 534 2229 2194 2306; baseline 0.004 -20"><span class='ocrx_word' id='word_1_139' title='bbox 534 2230 858 2298; x_wconf 84' lang='lat' dir='ltr'><strong>Heraclius,</strong></span> <span class='ocrx_word' id='word_1_140' title='bbox 892 2247 1029 2287; x_wconf 91' lang='lat' dir='ltr'><strong>cum</strong></span> <span class='ocrx_word' id='word_1_141' title='bbox 1054 2231 1116 2285; x_wconf 92' lang='lat' dir='ltr'><strong>in</strong></span> <span class='ocrx_word' id='word_1_142' title='bbox 1142 2229 1353 2286; x_wconf 89' lang='lat' dir='ltr'><strong>urbem</strong></span> <span class='ocrx_word' id='word_1_143' title='bbox 1374 2231 1654 2301; x_wconf 86' lang='lat' dir='ltr'><strong>venisset,</strong></span> <span class='ocrx_word' id='word_1_144' title='bbox 1683 2236 2024 2306; x_wconf 84' lang='lat' dir='ltr'><strong>Cyrumque</strong></span> <span class='ocrx_word' id='word_1_145' title='bbox 2046 2236 2194 2293; x_wconf 90' lang='lat' dir='ltr'><strong>Pha-</strong></span> 
     </span>
    </p>
   </div>
   <div class='ocr_carea' id='block_1_23' title="bbox 536 2317 2193 2392">
    <p class='ocr_par' dir='ltr' id='par_1_23' title="bbox 536 2317 2193 2392">
     <span class='ocr_line' id='line_1_23' title="bbox 536 2317 2193 2392; baseline 0.004 -18"><span class='ocrx_word' id='word_1_146' title='bbox 536 2317 681 2375; x_wconf 62' lang='lat' dir='ltr'><strong>{idis</strong></span> <span class='ocrx_word' id='word_1_147' title='bbox 714 2319 816 2392; x_wconf 90' lang='lat' dir='ltr'><strong>qui</strong></span> <span class='ocrx_word' id='word_1_148' title='bbox 877 2334 1014 2374; x_wconf 89' lang='lat' dir='ltr'><strong>eum</strong></span> <span class='ocrx_word' id='word_1_149' title='bbox 1046 2318 1296 2386; x_wconf 88' lang='lat' dir='ltr'><strong>adierat,</strong></span> <span class='ocrx_word' id='word_1_150' title='bbox 1343 2318 1417 2375; x_wconf 90' lang='lat' dir='ltr'><strong>de</strong></span> <span class='ocrx_word' id='word_1_151' title='bbox 1464 2319 1581 2376; x_wconf 90' lang='lat' dir='ltr'><strong>hac</strong></span> <span class='ocrx_word' id='word_1_152' title='bbox 1627 2321 1904 2378; x_wconf 88' lang='lat' dir='ltr'><strong>doctrina</strong></span> <span class='ocrx_word' id='word_1_153' title='bbox 1942 2323 2193 2381; x_wconf 86' lang='lat' dir='ltr'><strong>interro-</strong></span> 
     </span>
    </p>
   </div>
   <div class='ocr_carea' id='block_1_24' title="bbox 536 2408 2191 2485">
    <p class='ocr_par' dir='ltr' id='par_1_24' title="bbox 536 2408 2191 2485">
     <span class='ocr_line' id='line_1_24' title="bbox 536 2408 2191 2485; baseline 0.003 -20"><span class='ocrx_word' id='word_1_154' title='bbox 536 2413 738 2480; x_wconf 87' lang='lat' dir='ltr'><strong>gasset</strong></span> <span class='ocrx_word' id='word_1_155' title='bbox 766 2408 1208 2481; x_wconf 89' lang='lat' dir='ltr'><strong>reperissetque</strong></span> <span class='ocrx_word' id='word_1_156' title='bbox 1238 2423 1374 2464; x_wconf 89' lang='lat' dir='ltr'><strong>eum</strong></span> <span class='ocrx_word' id='word_1_157' title='bbox 1409 2425 1548 2465; x_wconf 91' lang='lat' dir='ltr'><strong>cum</strong></span> <span class='ocrx_word' id='word_1_158' title='bbox 1573 2410 1776 2480; x_wconf 87' lang='lat' dir='ltr'><strong>Sergio</strong></span> <span class='ocrx_word' id='word_1_159' title='bbox 1807 2415 2191 2485; x_wconf 81' lang='lat' dir='ltr'><strong>concordem,</strong></span> 
     </span>
    </p>
   </div>
   <div class='ocr_carea' id='block_1_25' title="bbox 533 2497 2193 2572">
    <p class='ocr_par' dir='ltr' id='par_1_25' title="bbox 533 2497 2193 2572">
     <span class='ocr_line' id='line_1_25' title="bbox 533 2497 2193 2572; baseline 0.003 -18"><span class='ocrx_word' id='word_1_160' title='bbox 533 2500 733 2554; x_wconf 91' lang='lat' dir='ltr'><strong>lutosa</strong></span> <span class='ocrx_word' id='word_1_161' title='bbox 786 2497 969 2569; x_wconf 89' lang='lat' dir='ltr'><strong>hujus</strong></span> <span class='ocrx_word' id='word_1_162' title='bbox 1012 2497 1316 2570; x_wconf 90' lang='lat' dir='ltr'><strong>opinionis</strong></span> <span class='ocrx_word' id='word_1_163' title='bbox 1363 2500 1756 2572; x_wconf 87' lang='lat' dir='ltr'><strong>persuasione</strong></span> <span class='ocrx_word' id='word_1_164' title='bbox 1804 2501 1882 2557; x_wconf 89' lang='lat' dir='ltr'><strong>ab</strong></span> <span class='ocrx_word' id='word_1_165' title='bbox 1913 2503 2009 2557; x_wconf 93' lang='lat' dir='ltr'><strong>hic</strong></span> <span class='ocrx_word' id='word_1_166' title='bbox 2041 2520 2193 2560; x_wconf 85' lang='lat' dir='ltr'><strong>mer-</strong></span> 
     </span>
    </p>
   </div>
   <div class='ocr_carea' id='block_1_26' title="bbox 532 2587 2193 2663">
    <p class='ocr_par' dir='ltr' id='par_1_26' title="bbox 532 2587 2193 2663">
     <span class='ocr_line' id='line_1_26' title="bbox 532 2587 2193 2663; baseline 0.003 -18"><span class='ocrx_word' id='word_1_167' title='bbox 532 2587 807 2655; x_wconf 90' lang='lat' dir='ltr'><strong>cenariis,</strong></span> <span class='ocrx_word' id='word_1_168' title='bbox 854 2587 1101 2643; x_wconf 90' lang='lat' dir='ltr'><strong>minime</strong></span> <span class='ocrx_word' id='word_1_169' title='bbox 1150 2590 1350 2643; x_wconf 88' lang='lat' dir='ltr'><strong>autem</strong></span> <span class='ocrx_word' id='word_1_170' title='bbox 1390 2588 1738 2660; x_wconf 86' lang='lat' dir='ltr'><strong>pastoribus</strong></span> <span class='ocrx_word' id='word_1_171' title='bbox 1792 2591 2102 2663; x_wconf 86' lang='lat' dir='ltr'><strong>imbuitur,</strong></span> <span class='ocrx_word' id='word_1_172' title='bbox 2134 2598 2193 2651; x_wconf 90' lang='lat' dir='ltr'><strong>et</strong></span> 
     </span>
    </p>
   </div>
   <div class='ocr_carea' id='block_1_27' title="bbox 531 2674 1605 2734">
    <p class='ocr_par' dir='ltr' id='par_1_27' title="bbox 531 2674 1605 2734">
     <span class='ocr_line' id='line_1_27' title="bbox 531 2674 1605 2734; baseline -0.002 0"><span class='ocrx_word' id='word_1_173' title='bbox 531 2674 1049 2734; x_wconf 80' lang='lat' dir='ltr'><strong>Monothelitarum</strong></span> <span class='ocrx_word' id='word_1_174' title='bbox 1077 2675 1291 2732; x_wconf 66' lang='lat' dir='ltr'><strong>haeresi</strong></span> <span class='ocrx_word' id='word_1_175' title='bbox 1320 2676 1605 2734; x_wconf 74' lang='lat' dir='ltr'><strong>adhaeret.</strong></span> 
     </span>
    </p>
   </div>
   <div class='ocr_carea' id='block_1_28' title="bbox 2231 1746 2276 1800">
    <p class='ocr_par' dir='ltr' id='par_1_28' title="bbox 2231 1746 2276 1800">
     <span class='ocr_line' id='line_1_28' title="bbox 2231 1746 2276 1800; baseline 0 0"><span class='ocrx_word' id='word_1_176' title='bbox 2231 1746 2276 1800; x_wconf 94' lang='lat' dir='ltr'>B</span> 
     </span>
    </p>
   </div>
   <div class='ocr_carea' id='block_1_29' title="bbox 599 2942 2185 3021">
    <p class='ocr_par' dir='ltr' id='par_1_29' title="bbox 599 2942 2185 3021">
     <span class='ocr_line' id='line_1_29' title="bbox 599 2942 2185 3021; baseline 0.004 -21"><span class='ocrx_word' id='word_1_177' title='bbox 599 2948 653 3000; x_wconf 83' lang='lat'><strong>2.</strong></span> <span class='ocrx_word' id='word_1_178' title='bbox 714 2944 843 3010; x_wconf 89' lang='lat' dir='ltr'><strong>Quo</strong></span> <span class='ocrx_word' id='word_1_179' title='bbox 900 2944 1127 3013; x_wconf 89' lang='lat' dir='ltr'><strong>audito,</strong></span> <span class='ocrx_word' id='word_1_180' title='bbox 1178 2942 1551 3016; x_wconf 89' lang='lat' dir='ltr'><strong>Sophronius</strong></span> <span class='ocrx_word' id='word_1_181' title='bbox 1612 2946 2067 3021; x_wconf 57' lang='lat' dir='ltr'><strong>Hierosolymis,</strong></span> <span class='ocrx_word' id='word_1_182' title='bbox 2121 2950 2185 3007; x_wconf 89' lang='lat' dir='ltr'><strong>in</strong></span> 
     </span>
    </p>
   </div>
   <div class='ocr_carea' id='block_1_30' title="bbox 527 3031 2261 3111">
    <p class='ocr_par' dir='ltr' id='par_1_30' title="bbox 527 3031 2261 3111">
     <span class='ocr_line' id='line_1_30' title="bbox 527 3031 2261 3111; baseline 0.002 -21"><span class='ocrx_word' id='word_1_183' title='bbox 527 3031 920 3103; x_wconf 85' lang='lat' dir='ltr'><strong>magniﬁcam</strong></span> <span class='ocrx_word' id='word_1_184' title='bbox 950 3032 1326 3089; x_wconf 88' lang='lat' dir='ltr'><strong>Constantini</strong></span> <span class='ocrx_word' id='word_1_185' title='bbox 1373 3032 1589 3090; x_wconf 91' lang='lat' dir='ltr'><strong>urbem</strong></span> <span class='ocrx_word' id='word_1_186' title='bbox 1628 3035 1888 3109; x_wconf 88' lang='lat' dir='ltr'><strong>advenit,</strong></span> <span class='ocrx_word' id='word_1_187' title='bbox 1923 3054 2183 3111; x_wconf 87' lang='lat' dir='ltr'><strong>cumque</strong></span> <span class='ocrx_word' id='word_1_188' title='bbox 2222 3048 2261 3103; x_wconf 84' lang='lat' dir='ltr'><strong>c</strong></span> 
     </span>
    </p>
   </div>
   <div class='ocr_carea' id='block_1_31' title="bbox 526 3121 2184 3194">
    <p class='ocr_par' dir='ltr' id='par_1_31' title="bbox 526 3121 2184 3194">
     <span class='ocr_line' id='line_1_31' title="bbox 526 3121 2184 3194; baseline 0.001 -13"><span class='ocrx_word' id='word_1_189' title='bbox 526 3122 800 3193; x_wconf 84' lang='lat' dir='ltr'><strong>Sergium</strong></span> <span class='ocrx_word' id='word_1_190' title='bbox 831 3121 1094 3192; x_wconf 86' lang='lat' dir='ltr'><strong>adiisset,</strong></span> <span class='ocrx_word' id='word_1_191' title='bbox 1148 3136 1285 3177; x_wconf 89' lang='lat' dir='ltr'><strong>eum</strong></span> <span class='ocrx_word' id='word_1_192' title='bbox 1334 3122 1629 3194; x_wconf 87' lang='lat' dir='ltr'><strong>corrigere</strong></span> <span class='ocrx_word' id='word_1_193' title='bbox 1678 3127 1941 3193; x_wconf 87' lang='lat' dir='ltr'><strong>tentavit,</strong></span> <span class='ocrx_word' id='word_1_194' title='bbox 1976 3129 2184 3186; x_wconf 90' lang='lat' dir='ltr'><strong>dicens</strong></span> 
     </span>
    </p>
   </div>
   <div class='ocr_carea' id='block_1_32' title="bbox 524 3211 2183 3275">
    <p class='ocr_par' dir='ltr' id='par_1_32' title="bbox 524 3211 2183 3275">
     <span class='ocr_line' id='line_1_32' title="bbox 524 3211 2183 3275; baseline 0.003 -6"><span class='ocrx_word' id='word_1_195' title='bbox 524 3212 587 3269; x_wconf 92' lang='lat' dir='ltr'><strong>in</strong></span> <span class='ocrx_word' id='word_1_196' title='bbox 640 3212 802 3269; x_wconf 91' lang='lat' dir='ltr'><strong>idem</strong></span> <span class='ocrx_word' id='word_1_197' title='bbox 860 3212 1123 3269; x_wconf 90' lang='lat' dir='ltr'><strong>recidere</strong></span> <span class='ocrx_word' id='word_1_198' title='bbox 1182 3211 1427 3267; x_wconf 90' lang='lat' dir='ltr'><strong>unicam</strong></span> <span class='ocrx_word' id='word_1_199' title='bbox 1478 3212 1542 3269; x_wconf 89' lang='lat' dir='ltr'><strong>in</strong></span> <span class='ocrx_word' id='word_1_200' title='bbox 1605 3215 1836 3271; x_wconf 89' lang='lat' dir='ltr'><strong>Christo</strong></span> <span class='ocrx_word' id='word_1_201' title='bbox 1901 3222 2183 3275; x_wconf 86' lang='lat' dir='ltr'><strong>naturam</strong></span> 
     </span>
    </p>
   </div>
   <div class='ocr_carea' id='block_1_33' title="bbox 525 3300 2183 3382">
    <p class='ocr_par' dir='ltr' id='par_1_33' title="bbox 525 3300 2183 3382">
     <span class='ocr_line' id='line_1_33' title="bbox 525 3300 2183 3382; baseline 0.004 -24"><span class='ocrx_word' id='word_1_202' title='bbox 525 3302 742 3358; x_wconf 89' lang='lat' dir='ltr'><strong>docere</strong></span> <span class='ocrx_word' id='word_1_203' title='bbox 764 3306 819 3358; x_wconf 92' lang='lat' dir='ltr'><strong>et</strong></span> <span class='ocrx_word' id='word_1_204' title='bbox 840 3302 1084 3359; x_wconf 86' lang='lat' dir='ltr'><strong>unicam</strong></span> <span class='ocrx_word' id='word_1_205' title='bbox 1106 3300 1471 3358; x_wconf 88' lang='lat' dir='ltr'><strong>voluntatem</strong></span> <span class='ocrx_word' id='word_1_206' title='bbox 1489 3305 1796 3375; x_wconf 81' lang='lat' dir='ltr'><strong>operation</strong></span> <span class='ocrx_word' id='word_1_207' title='bbox 1806 3322 2024 3380; x_wconf 90' lang='lat' dir='ltr'><strong>emque</strong></span> <span class='ocrx_word' id='word_1_208' title='bbox 2048 3325 2183 3382; x_wconf 92' lang='lat' dir='ltr'><strong>pro-</strong></span> 
     </span>
    </p>
   </div>
   <div class='ocr_carea' id='block_1_34' title="bbox 525 3389 2183 3466">
    <p class='ocr_par' dir='ltr' id='par_1_34' title="bbox 525 3389 2183 3466">
     <span class='ocr_line' id='line_1_34' title="bbox 525 3389 2183 3466; baseline 0.004 -19"><span class='ocrx_word' id='word_1_209' title='bbox 525 3391 698 3461; x_wconf 81' lang='lat' dir='ltr'><strong>ﬁteri,</strong></span> <span class='ocrx_word' id='word_1_210' title='bbox 734 3396 913 3465; x_wconf 91' lang='lat' dir='ltr'><strong>atque</strong></span> <span class='ocrx_word' id='word_1_211' title='bbox 955 3391 1039 3445; x_wconf 89' lang='lat' dir='ltr'><strong>ita</strong></span> <span class='ocrx_word' id='word_1_212' title='bbox 1082 3389 1360 3446; x_wconf 87' lang='lat' dir='ltr'><strong>renovari</strong></span> <span class='ocrx_word' id='word_1_213' title='bbox 1398 3393 1950 3466; x_wconf 86' lang='lat' dir='ltr'><strong>Monophysitarum</strong></span> <span class='ocrx_word' id='word_1_214' title='bbox 1994 3397 2183 3453; x_wconf 78' lang='lat' dir='ltr'><strong>haere-</strong></span> 
     </span>
    </p>
   </div>
   <div class='ocr_carea' id='block_1_35' title="bbox 527 3478 2183 3556">
    <p class='ocr_par' dir='ltr' id='par_1_35' title="bbox 527 3478 2183 3556">
     <span class='ocr_line' id='line_1_35' title="bbox 527 3478 2183 3556; baseline 0.004 -19"><span class='ocrx_word' id='word_1_215' title='bbox 527 3481 663 3551; x_wconf 91' lang='lat' dir='ltr'><strong>sim,</strong></span> <span class='ocrx_word' id='word_1_216' title='bbox 691 3495 877 3553; x_wconf 89' lang='lat' dir='ltr'><strong>quam</strong></span> <span class='ocrx_word' id='word_1_217' title='bbox 902 3478 1411 3535; x_wconf 89' lang='lat' dir='ltr'><strong>Chalcedonensis</strong></span> <span class='ocrx_word' id='word_1_218' title='bbox 1454 3481 1759 3553; x_wconf 86' lang='lat' dir='ltr'><strong>synodum</strong></span> <span class='ocrx_word' id='word_1_219' title='bbox 1797 3486 2183 3556; x_wconf 87' lang='lat' dir='ltr'><strong>rejiciendam</strong></span> 
     </span>
    </p>
   </div>
   <div class='ocr_carea' id='block_1_36' title="bbox 527 3569 2185 3641">
    <p class='ocr_par' dir='ltr' id='par_1_36' title="bbox 527 3569 2185 3641">
     <span class='ocr_line' id='line_1_36' title="bbox 527 3569 2185 3641; baseline 0.003 -14"><span class='ocrx_word' id='word_1_220' title='bbox 527 3569 812 3627; x_wconf 88' lang='lat' dir='ltr'><strong>decrevit.</strong></span> <span class='ocrx_word' id='word_1_221' title='bbox 861 3572 1265 3641; x_wconf 85' lang='lat' dir='ltr'><strong>Hortatusque</strong></span> <span class='ocrx_word' id='word_1_222' title='bbox 1309 3573 1396 3624; x_wconf 90' lang='lat' dir='ltr'><strong>est</strong></span> <span class='ocrx_word' id='word_1_223' title='bbox 1451 3571 1719 3640; x_wconf 88' lang='lat' dir='ltr'><strong>Sergium</strong></span> <span class='ocrx_word' id='word_1_224' title='bbox 1771 3578 1833 3629; x_wconf 91' lang='lat' dir='ltr'><strong>ut</strong></span> <span class='ocrx_word' id='word_1_225' title='bbox 1862 3574 2185 3632; x_wconf 76' lang='lat' dir='ltr'><strong>Ecclesium</strong></span> 
     </span>
    </p>
   </div>
   <div class='ocr_carea' id='block_1_37' title="bbox 527 3656 2185 3727">
    <p class='ocr_par' dir='ltr' id='par_1_37' title="bbox 527 3656 2185 3727">
     <span class='ocr_line' id='line_1_37' title="bbox 527 3656 2185 3727; baseline 0.002 -11"><span class='ocrx_word' id='word_1_226' title='bbox 527 3673 655 3716; x_wconf 92' lang='lat' dir='ltr'><strong>non</strong></span> <span class='ocrx_word' id='word_1_227' title='bbox 681 3674 891 3714; x_wconf 86' lang='lat' dir='ltr'><strong>rursus</strong></span> <span class='ocrx_word' id='word_1_228' title='bbox 918 3657 979 3713; x_wconf 91' lang='lat' dir='ltr'><strong>in</strong></span> <span class='ocrx_word' id='word_1_229' title='bbox 1003 3657 1333 3714; x_wconf 91' lang='lat' dir='ltr'><strong>certamina</strong></span> <span class='ocrx_word' id='word_1_230' title='bbox 1352 3656 1640 3727; x_wconf 88' lang='lat' dir='ltr'><strong>injiceret.</strong></span> <span class='ocrx_word' id='word_1_231' title='bbox 1677 3662 1822 3716; x_wconf 89' lang='lat' dir='ltr'><strong>Cum</strong></span> <span class='ocrx_word' id='word_1_232' title='bbox 1851 3668 2051 3718; x_wconf 88' lang='lat' dir='ltr'><strong>autem</strong></span> <span class='ocrx_word' id='word_1_233' title='bbox 2084 3667 2185 3721; x_wconf 92' lang='lat' dir='ltr'><strong>So-</strong></span> 
     </span>
    </p>
   </div>
   <div class='ocr_carea' id='block_1_38' title="bbox 529 3745 2189 3823">
    <p class='ocr_par' dir='ltr' id='par_1_38' title="bbox 529 3745 2189 3823">
     <span class='ocr_line' id='line_1_38' title="bbox 529 3745 2189 3823; baseline 0.004 -19"><span class='ocrx_word' id='word_1_234' title='bbox 529 3748 822 3823; x_wconf 91' lang='lat' dir='ltr'><strong>phronius</strong></span> <span class='ocrx_word' id='word_1_235' title='bbox 842 3745 1365 3819; x_wconf 89' lang='lat' dir='ltr'><strong>Constantinopoli</strong></span> <span class='ocrx_word' id='word_1_236' title='bbox 1392 3747 1750 3816; x_wconf 88' lang='lat' dir='ltr'><strong>recessisset,</strong></span> <span class='ocrx_word' id='word_1_237' title='bbox 1790 3752 2090 3809; x_wconf 84' lang='lat' dir='ltr'><strong>Heraclius</strong></span> <span class='ocrx_word' id='word_1_238' title='bbox 2133 3758 2189 3810; x_wconf 93' lang='lat' dir='ltr'><strong>et</strong></span> 
     </span>
    </p>
   </div>
   <div class='ocr_carea' id='block_1_39' title="bbox 534 3835 2190 3916">
    <p class='ocr_par' dir='ltr' id='par_1_39' title="bbox 534 3835 2190 3916">
     <span class='ocr_line' id='line_1_39' title="bbox 534 3835 2190 3916; baseline 0.001 -19"><span class='ocrx_word' id='word_1_239' title='bbox 534 3838 777 3909; x_wconf 89' lang='lat' dir='ltr'><strong>Sergius</strong></span> <span class='ocrx_word' id='word_1_240' title='bbox 808 3837 919 3893; x_wconf 91' lang='lat' dir='ltr'><strong>sibi</strong></span> <span class='ocrx_word' id='word_1_241' title='bbox 949 3835 1421 3893; x_wconf 89' lang='lat' dir='ltr'><strong>consentientem</strong></span> <span class='ocrx_word' id='word_1_242' title='bbox 1452 3835 1745 3894; x_wconf 87' lang='lat' dir='ltr'><strong>Joannem</strong></span> <span class='ocrx_word' id='word_1_243' title='bbox 1769 3839 2061 3896; x_wconf 88' lang='lat' dir='ltr'><strong>habentes</strong></span> <span class='ocrx_word' id='word_1_244' title='bbox 2084 3843 2190 3916; x_wconf 89' lang='lat' dir='ltr'><strong>qui</strong></span> 
     </span>
    </p>
   </div>
   <div class='ocr_carea' id='block_1_40' title="bbox 532 3924 2189 4000">
    <p class='ocr_par' dir='ltr' id='par_1_40' title="bbox 532 3924 2189 4000">
     <span class='ocr_line' id='line_1_40' title="bbox 532 3924 2189 4000; baseline 0.002 -15"><span class='ocrx_word' id='word_1_245' title='bbox 532 3931 675 3986; x_wconf 88' lang='lat' dir='ltr'><strong>tunc</strong></span> <span class='ocrx_word' id='word_1_246' title='bbox 699 3926 985 4000; x_wconf 90' lang='lat' dir='ltr'><strong>temporis</strong></span> <span class='ocrx_word' id='word_1_247' title='bbox 1015 3924 1276 3999; x_wconf 80' lang='lat' dir='ltr'><strong>antiquae</strong></span> <span class='ocrx_word' id='word_1_248' title='bbox 1304 3926 1505 3980; x_wconf 74' lang='lat' dir='ltr'><strong>Romae</strong></span> <span class='ocrx_word' id='word_1_249' title='bbox 1531 3926 1912 3999; x_wconf 67' lang='lat' dir='ltr'><strong>praesidebat,</strong></span> <span class='ocrx_word' id='word_1_250' title='bbox 1946 3931 2189 3988; x_wconf 86' lang='lat' dir='ltr'><strong>unicam</strong></span> 
     </span>
    </p>
   </div>
   <div class='ocr_carea' id='block_1_41' title="bbox 533 4013 2189 4083">
    <p class='ocr_par' dir='ltr' id='par_1_41' title="bbox 533 4013 2189 4083">
     <span class='ocr_line' id='line_1_41' title="bbox 533 4013 2189 4083; baseline 0 -8"><span class='ocrx_word' id='word_1_251' title='bbox 533 4034 664 4075; x_wconf 88' lang='lat' dir='ltr'><strong>esse</strong></span> <span class='ocrx_word' id='word_1_252' title='bbox 691 4017 864 4074; x_wconf 87' lang='lat' dir='ltr'><strong>Verbi</strong></span> <span class='ocrx_word' id='word_1_253' title='bbox 890 4021 948 4072; x_wconf 90' lang='lat' dir='ltr'><strong>et</strong></span> <span class='ocrx_word' id='word_1_254' title='bbox 971 4014 1172 4072; x_wconf 92' lang='lat' dir='ltr'><strong>carnis</strong></span> <span class='ocrx_word' id='word_1_255' title='bbox 1213 4013 1583 4071; x_wconf 87' lang='lat' dir='ltr'><strong>voluntatem</strong></span> <span class='ocrx_word' id='word_1_256' title='bbox 1633 4015 1910 4083; x_wconf 91' lang='lat' dir='ltr'><strong>docuere,</strong></span> <span class='ocrx_word' id='word_1_257' title='bbox 1942 4018 2189 4077; x_wconf 88' lang='lat' dir='ltr'><strong>litteras-</strong></span> 
     </span>
    </p>
   </div>
   <div class='ocr_carea' id='block_1_42' title="bbox 535 4106 2192 4182">
    <p class='ocr_par' dir='ltr' id='par_1_42' title="bbox 535 4106 2192 4182">
     <span class='ocr_line' id='line_1_42' title="bbox 535 4106 2192 4182; baseline 0.001 -18"><span class='ocrx_word' id='word_1_258' title='bbox 535 4123 654 4182; x_wconf 90' lang='lat' dir='ltr'><strong>que</strong></span> <span class='ocrx_word' id='word_1_259' title='bbox 670 4106 746 4163; x_wconf 90' lang='lat' dir='ltr'><strong>de</strong></span> <span class='ocrx_word' id='word_1_260' title='bbox 782 4106 896 4162; x_wconf 91' lang='lat' dir='ltr'><strong>hac</strong></span> <span class='ocrx_word' id='word_1_261' title='bbox 926 4121 988 4161; x_wconf 90' lang='lat' dir='ltr'><strong>re</strong></span> <span class='ocrx_word' id='word_1_262' title='bbox 1018 4118 1387 4178; x_wconf 82' lang='lat' dir='ltr'><strong>quocunque</strong></span> <span class='ocrx_word' id='word_1_263' title='bbox 1416 4108 1712 4162; x_wconf 89' lang='lat' dir='ltr'><strong>terrarum</strong></span> <span class='ocrx_word' id='word_1_264' title='bbox 1765 4107 2062 4165; x_wconf 88' lang='lat' dir='ltr'><strong>mittentes</strong></span> <span class='ocrx_word' id='word_1_265' title='bbox 2092 4112 2192 4165; x_wconf 89' lang='lat' dir='ltr'><strong>Ec-</strong></span> 
     </span>
    </p>
   </div>
   <div class='ocr_carea' id='block_1_43' title="bbox 538 4194 1092 4253">
    <p class='ocr_par' dir='ltr' id='par_1_43' title="bbox 538 4194 1092 4253">
     <span class='ocr_line' id='line_1_43' title="bbox 538 4194 1092 4253; baseline -0.005 0"><span class='ocrx_word' id='word_1_266' title='bbox 538 4195 749 4253; x_wconf 88' lang='lat' dir='ltr'><strong>clesias</strong></span> <span class='ocrx_word' id='word_1_267' title='bbox 779 4194 1092 4250; x_wconf 88' lang='lat' dir='ltr'><strong>discidere.</strong></span> 
     </span>
    </p>
   </div>
   <div class='ocr_carea' id='block_1_44' title="bbox 612 4282 2194 4356">
    <p class='ocr_par' dir='ltr' id='par_1_44' title="bbox 612 4282 2194 4356">
     <span class='ocr_line' id='line_1_44' title="bbox 612 4282 2194 4356; baseline 0.002 -16"><span class='ocrx_word' id='word_1_268' title='bbox 612 4287 666 4341; x_wconf 87' lang='grc'><strong>3.</strong></span> <span class='ocrx_word' id='word_1_269' title='bbox 706 4285 1029 4356; x_wconf 90' lang='lat' dir='ltr'><strong>Postquam</strong></span> <span class='ocrx_word' id='word_1_270' title='bbox 1056 4285 1255 4338; x_wconf 88' lang='lat' dir='ltr'><strong>autem</strong></span> <span class='ocrx_word' id='word_1_271' title='bbox 1274 4282 1576 4340; x_wconf 79' lang='lat' dir='ltr'><strong>Heraclius</strong></span> <span class='ocrx_word' id='word_1_272' title='bbox 1596 4298 1628 4339; x_wconf 91' lang='lat' dir='ltr'><strong>e</strong></span> <span class='ocrx_word' id='word_1_273' title='bbox 1661 4285 1782 4341; x_wconf 86' lang='lat' dir='ltr'><strong>vita</strong></span> <span class='ocrx_word' id='word_1_274' title='bbox 1806 4285 2081 4356; x_wconf 84' lang='lat' dir='ltr'><strong>migravit</strong></span> <span class='ocrx_word' id='word_1_275' title='bbox 2098 4288 2194 4343; x_wconf 91' lang='lat' dir='ltr'><strong>tri-</strong></span> 
     </span>
    </p>
   </div>
   <div class='ocr_carea' id='block_1_45' title="bbox 544 4350 2269 4446">
    <p class='ocr_par' dir='ltr' id='par_1_45' title="bbox 544 4350 2269 4446">
     <span class='ocr_line' id='line_1_45' title="bbox 544 4350 2269 4446; baseline -0.001 -14"><span class='ocrx_word' id='word_1_276' title='bbox 544 4374 768 4433; x_wconf 90' lang='lat' dir='ltr'><strong>cesimo</strong></span> <span class='ocrx_word' id='word_1_277' title='bbox 799 4374 986 4430; x_wconf 88' lang='lat' dir='ltr'><strong>ferme</strong></span> <span class='ocrx_word' id='word_1_278' title='bbox 1006 4372 1241 4446; x_wconf 91' lang='lat' dir='ltr'><strong>imperii</strong></span> <span class='ocrx_word' id='word_1_279' title='bbox 1267 4373 1360 4430; x_wconf 89' lang='lat' dir='ltr'><strong>sui</strong></span> <span class='ocrx_word' id='word_1_280' title='bbox 1376 4389 1559 4437; x_wconf 90' lang='lat' dir='ltr'><strong>anno,</strong></span> <span class='ocrx_word' id='word_1_281' title='bbox 1584 4378 1640 4429; x_wconf 90' lang='lat' dir='ltr'><strong>et</strong></span> <span class='ocrx_word' id='word_1_282' title='bbox 1663 4376 1899 4444; x_wconf 85' lang='lat' dir='ltr'><strong>Sergius</strong></span> <span class='ocrx_word' id='word_1_283' title='bbox 1925 4383 2193 4433; x_wconf 83' lang='lat' dir='ltr'><strong>mortuus</strong></span> <span class='ocrx_word' id='word_1_284' title='bbox 2226 4350 2269 4404; x_wconf 72' lang='grc' dir='ltr'><strong>ι)</strong></span> 
     </span>
    </p>
   </div>
   <div class='ocr_carea' id='block_1_46' title="bbox 544 4461 2197 4540">
    <p class='ocr_par' dir='ltr' id='par_1_46' title="bbox 544 4461 2197 4540">
     <span class='ocr_line' id='line_1_46' title="bbox 544 4461 2197 4540; baseline -0.001 -17"><span class='ocrx_word' id='word_1_285' title='bbox 544 4465 673 4533; x_wconf 88' lang='lat' dir='ltr'><strong>fuit,</strong></span> <span class='ocrx_word' id='word_1_286' title='bbox 698 4464 904 4520; x_wconf 90' lang='lat' dir='ltr'><strong>sedem</strong></span> <span class='ocrx_word' id='word_1_287' title='bbox 942 4461 1106 4519; x_wconf 89' lang='lat' dir='ltr'><strong>illam</strong></span> <span class='ocrx_word' id='word_1_288' title='bbox 1155 4477 1465 4520; x_wconf 91' lang='lat' dir='ltr'><strong>successor</strong></span> <span class='ocrx_word' id='word_1_289' title='bbox 1512 4463 1743 4536; x_wconf 89' lang='lat' dir='ltr'><strong>accepit</strong></span> <span class='ocrx_word' id='word_1_290' title='bbox 1773 4464 2056 4536; x_wconf 84' lang='lat' dir='ltr'><strong>Pyrrhus,</strong></span> <span class='ocrx_word' id='word_1_291' title='bbox 2089 4470 2197 4540; x_wconf 84' lang='lat' dir='ltr'><strong>qui</strong></span> 
     </span>
    </p>
   </div>
   <div class='ocr_carea' id='block_1_47' title="bbox 621 4640 2194 4718">
    <p class='ocr_par' dir='ltr' id='par_1_47' title="bbox 621 4640 2194 4718">
     <span class='ocr_line' id='line_1_47' title="bbox 621 4640 2194 4718; baseline 0 -18"><span class='ocrx_word' id='word_1_292' title='bbox 621 4643 824 4718; x_wconf 79' lang='lat' dir='ltr'><strong>(1_)_Dic</strong></span> <span class='ocrx_word' id='word_1_293' title='bbox 850 4643 1209 4715; x_wconf 76' lang='lat' dir='ltr'><strong>Honorium,</strong></span> <span class='ocrx_word' id='word_1_294' title='bbox 1238 4640 1653 4718; x_wconf 66' lang='lat' dir='ltr'><strong>cujus_cau3ie</strong></span> <span class='ocrx_word' id='word_1_295' title='bbox 1694 4642 2032 4718; x_wconf 70' lang='lat' dir='ltr'><strong>tractandae</strong></span> <span class='ocrx_word' id='word_1_296' title='bbox 2070 4659 2194 4718; x_wconf 88' lang='lat' dir='ltr'><strong>non</strong></span> 
     </span>
    </p>
   </div>
   <div class='ocr_carea' id='block_1_48' title="bbox 552 4711 2195 4787">
    <p class='ocr_par' dir='ltr' id='par_1_48' title="bbox 552 4711 2195 4787">
     <span class='ocr_line' id='line_1_48' title="bbox 552 4711 2195 4787; baseline -0.002 -13"><span class='ocrx_word' id='word_1_297' title='bbox 552 4711 645 4774; x_wconf 82' lang='lat' dir='ltr'><strong>est</strong></span> <span class='ocrx_word' id='word_1_298' title='bbox 669 4711 767 4787; x_wconf 85' lang='lat' dir='ltr'><strong>hic</strong></span> <span class='ocrx_word' id='word_1_299' title='bbox 793 4715 960 4772; x_wconf 87' lang='lat' dir='ltr'><strong>locus</strong></span> <span class='ocrx_word' id='word_1_300' title='bbox 982 4733 997 4787; x_wconf 10' lang='lat'><strong>7;</strong></span> <span class='ocrx_word' id='word_1_301' title='bbox 1024 4711 1387 4787; x_wconf 78' lang='lat' dir='ltr'><strong>quanquam</strong></span> <span class='ocrx_word' id='word_1_302' title='bbox 1412 4712 1729 4787; x_wconf 70' lang='lat' dir='ltr'><strong>Sophronii</strong></span> <span class='ocrx_word' id='word_1_303' title='bbox 1758 4711 1817 4767; x_wconf 88' lang='lat' dir='ltr'><strong>in</strong></span> <span class='ocrx_word' id='word_1_304' title='bbox 1839 4713 2195 4787; x_wconf 85' lang='lat' dir='ltr'><strong>longissima</strong></span> 
     </span>
    </p>
   </div>
   <div class='ocr_carea' id='block_1_49' title="bbox 553 4783 2197 4865">
    <p class='ocr_par' dir='ltr' id='par_1_49' title="bbox 553 4783 2197 4865">
     <span class='ocr_line' id='line_1_49' title="bbox 553 4783 2197 4865; baseline -0.001 -21"><span class='ocrx_word' id='word_1_305' title='bbox 553 4786 847 4865; x_wconf 76' lang='lat' dir='ltr'><strong>synodica</strong></span> <span class='ocrx_word' id='word_1_306' title='bbox 896 4783 1143 4865; x_wconf 78' lang='lat' dir='ltr'><strong>epistola</strong></span> <span class='ocrx_word' id='word_1_307' title='bbox 1173 4783 1506 4865; x_wconf 62' lang='lat' dir='ltr'><strong>silentium</strong></span> <span class='ocrx_word' id='word_1_308' title='bbox 1542 4783 1632 4865; x_wconf 76' lang='lat' dir='ltr'><strong>de_</strong></span> <span class='ocrx_word' id='word_1_309' title='bbox 1666 4784 2080 4865; x_wconf 27' lang='lat' dir='ltr'><strong>Honoriohubi</strong></span> <span class='ocrx_word' id='word_1_310' title='bbox 2114 4791 2197 4843; x_wconf 90' lang='lat' dir='ltr'><strong>tot</strong></span> 
     </span>
    </p>
   </div>
   <div class='ocr_carea' id='block_1_50' title="bbox 551 4854 2194 4926">
    <p class='ocr_par' dir='ltr' id='par_1_50' title="bbox 551 4854 2194 4926">
     <span class='ocr_line' id='line_1_50' title="bbox 551 4854 2194 4926; baseline -0.002 -10"><span class='ocrx_word' id='word_1_311' title='bbox 551 4854 866 4918; x_wconf 67' lang='lat' dir='ltr'><strong>h&#39;znreticos</strong></span> <span class='ocrx_word' id='word_1_312' title='bbox 899 4854 1082 4914; x_wconf 77' lang='lat' dir='ltr'><strong>etiam</strong></span> <span class='ocrx_word' id='word_1_313' title='bbox 1127 4856 1396 4913; x_wconf 89' lang='lat' dir='ltr'><strong>viventes</strong></span> <span class='ocrx_word' id='word_1_314' title='bbox 1437 4854 1721 4926; x_wconf 90' lang='lat' dir='ltr'><strong>appellat,</strong></span> <span class='ocrx_word' id='word_1_315' title='bbox 1750 4856 1992 4911; x_wconf 85' lang='lat' dir='ltr'><strong>Honorii</strong></span> <span class='ocrx_word' id='word_1_316' title='bbox 2020 4857 2194 4914; x_wconf 92' lang='lat' dir='ltr'><strong>inno-</strong></span> 
     </span>
    </p>
   </div>
   <div class='ocr_carea' id='block_1_51' title="bbox 554 4927 2195 5007">
    <p class='ocr_par' dir='ltr' id='par_1_51' title="bbox 554 4927 2195 5007">
     <span class='ocr_line' id='line_1_51' title="bbox 554 4927 2195 5007; baseline -0.004 -18"><span class='ocrx_word' id='word_1_317' title='bbox 554 4930 811 4989; x_wconf 87' lang='lat' dir='ltr'><strong>centiam</strong></span> <span class='ocrx_word' id='word_1_318' title='bbox 837 4929 1125 5007; x_wconf 86' lang='lat' dir='ltr'><strong>denotare</strong></span> <span class='ocrx_word' id='word_1_319' title='bbox 1143 4928 1415 5007; x_wconf 41' lang='lat' dir='ltr'><strong>vi_det_ur..</strong></span> <span class='ocrx_word' id='word_1_320' title='bbox 1445 4927 1623 5007; x_wconf 41' lang='lat' dir='ltr'><strong>Certe.</strong></span> <span class='ocrx_word' id='word_1_321' title='bbox 1643 4928 1932 4981; x_wconf 84' lang='lat' dir='ltr'><strong>Joannem</strong></span> <span class='ocrx_word' id='word_1_322' title='bbox 1970 4943 2195 5007; x_wconf 84' lang='lat' dir='ltr'><strong>papam</strong></span> 
     </span>
    </p>
   </div>
   <div class='ocr_carea' id='block_1_52' title="bbox 552 4998 2197 5076">
    <p class='ocr_par' dir='ltr' id='par_1_52' title="bbox 552 4998 2197 5076">
     <span class='ocr_line' id='line_1_52' title="bbox 552 4998 2197 5076; baseline -0.001 -18"><span class='ocrx_word' id='word_1_323' title='bbox 552 5002 886 5076; x_wconf 71' lang='lat' dir='ltr'><strong>(quartam)</strong></span> <span class='ocrx_word' id='word_1_324' title='bbox 917 5016 1055 5056; x_wconf 90' lang='lat' dir='ltr'><strong>cum</strong></span> <span class='ocrx_word' id='word_1_325' title='bbox 1099 4998 1452 5076; x_wconf 52' lang='lat' dir='ltr'><strong>orthodogis</strong></span> <span class='ocrx_word' id='word_1_326' title='bbox 1500 4998 1700 5076; x_wconf 83' lang='lat' dir='ltr'><strong>potius</strong></span> <span class='ocrx_word' id='word_1_327' title='bbox 1744 4998 2197 5076; x_wconf 63' lang='lat' dir='ltr'><strong>connumeravit</strong></span> 
     </span>
    </p>
   </div>
   <div class='ocr_carea' id='block_1_53' title="bbox 549 5068 2194 5144">
    <p class='ocr_par' dir='ltr' id='par_1_53' title="bbox 549 5068 2194 5144">
     <span class='ocr_line' id='line_1_53' title="bbox 549 5068 2194 5144; baseline -0.003 -12"><span class='ocrx_word' id='word_1_328' title='bbox 549 5068 941 5144; x_wconf 71' lang='lat' dir='ltr'><strong>laudavitque</strong></span> <span class='ocrx_word' id='word_1_329' title='bbox 990 5074 1195 5144; x_wconf 78' lang='lat' dir='ltr'><strong>noster</strong></span> <span class='ocrx_word' id='word_1_330' title='bbox 1243 5068 1632 5141; x_wconf 88' lang='lat' dir='ltr'><strong>Sophronius,</strong></span> <span class='ocrx_word' id='word_1_331' title='bbox 1665 5071 1917 5144; x_wconf 12' lang='lat' dir='ltr'><strong>ites_te_SA.</strong></span> <span class='ocrx_word' id='word_1_332' title='bbox 1948 5070 2194 5144; x_wconf 64' lang='lat' dir='ltr'><strong>Maximi</strong></span> 
     </span>
    </p>
   </div>
   <div class='ocr_carea' id='block_1_54' title="bbox 548 5139 2191 5215">
    <p class='ocr_par' dir='ltr' id='par_1_54' title="bbox 548 5139 2191 5215">
     <span class='ocr_line' id='line_1_54' title="bbox 548 5139 2191 5215; baseline -0.002 -14"><span class='ocrx_word' id='word_1_333' title='bbox 548 5139 886 5215; x_wconf 76' lang='lat' dir='ltr'><strong>biographo</strong></span> <span class='ocrx_word' id='word_1_334' title='bbox 906 5144 968 5199; x_wconf 88' lang='lat' dir='ltr'><strong>in</strong></span> <span class='ocrx_word' id='word_1_335' title='bbox 992 5139 1345 5215; x_wconf 46' lang='lat' dir='ltr'><strong>codi_ce_Vat‘.</strong></span> <span class='ocrx_word' id='word_1_336' title='bbox 1373 5144 1498 5205; x_wconf 78' lang='lat'><strong>353,</strong></span> <span class='ocrx_word' id='word_1_337' title='bbox 1530 5155 1588 5211; x_wconf 92' lang='lat' dir='ltr'><strong>p.</strong></span> <span class='ocrx_word' id='word_1_338' title='bbox 1624 5143 1721 5195; x_wconf 84' lang='grc'><strong>139</strong></span> <span class='ocrx_word' id='word_1_339' title='bbox 1744 5139 1804 5204; x_wconf 92' lang='lat' dir='ltr'><strong>b,</strong></span> <span class='ocrx_word' id='word_1_340' title='bbox 1829 5139 1923 5194; x_wconf 91' lang='lat' dir='ltr'><strong>his</strong></span> <span class='ocrx_word' id='word_1_341' title='bbox 1953 5141 2148 5197; x_wconf 88' lang='lat' dir='ltr'><strong>verbis</strong></span> <span class='ocrx_word' id='word_1_342' title='bbox 2179 5160 2191 5197; x_wconf 94' lang='lat'><strong>:</strong></span> 
     </span>
    </p>
   </div>
   <div class='ocr_carea' id='block_1_55' title="bbox 552 5211 2194 5285">
    <p class='ocr_par' dir='ltr' id='par_1_55' title="bbox 552 5211 2194 5285">
     <span class='ocr_line' id='line_1_55' title="bbox 552 5211 2194 5285; baseline -0.003 -15"><span class='ocrx_word' id='word_1_343' title='bbox 552 5211 693 5270; x_wconf 66' lang='lat' dir='ltr'><strong>&#39;Emi.</strong></span> <span class='ocrx_word' id='word_1_344' title='bbox 758 5211 817 5268; x_wconf 72' lang='grc' dir='ltr'>δὲ</span> <span class='ocrx_word' id='word_1_345' title='bbox 879 5218 939 5267; x_wconf 88' lang='grc' dir='ltr'>τὸ</span> <span class='ocrx_word' id='word_1_346' title='bbox 1027 5213 1141 5266; x_wconf 90' lang='grc' dir='ltr'>κατ’</span> <span class='ocrx_word' id='word_1_347' title='bbox 1198 5211 1355 5264; x_wconf 73' lang='grc' dir='ltr'>ἐκεῖνο</span> <span class='ocrx_word' id='word_1_348' title='bbox 1420 5217 1627 5285; x_wconf 34' lang='grc' dir='ltr'>καιροῦ-</span> <span class='ocrx_word' id='word_1_349' title='bbox 1663 5215 1942 5285; x_wconf 77' lang='grc' dir='ltr'>Σωφρόνιος</span> <span class='ocrx_word' id='word_1_350' title='bbox 2003 5217 2090 5285; x_wconf 82' lang='grc' dir='ltr'><strong>τόν</strong></span> <span class='ocrx_word' id='word_1_351' title='bbox 2146 5215 2194 5265; x_wconf 83' lang='grc' dir='ltr'>ἐν</span> 
     </span>
    </p>
   </div>
   <div class='ocr_carea' id='block_1_56' title="bbox 546 5281 2195 5362">
    <p class='ocr_par' dir='ltr' id='par_1_56' title="bbox 546 5281 2195 5362">
     <span class='ocr_line' id='line_1_56' title="bbox 546 5281 2195 5362; baseline -0.009 -21"><span class='ocrx_word' id='word_1_352' title='bbox 546 5286 921 5362; x_wconf 66' lang='grc' dir='ltr'>Ἱεροσολύμοις</span> <span class='ocrx_word' id='word_1_353' title='bbox 985 5287 1162 5358; x_wconf 85' lang='grc' dir='ltr'><strong>θρόνον</strong></span> <span class='ocrx_word' id='word_1_354' title='bbox 1208 5281 1557 5362; x_wconf 69' lang='grc' dir='ltr'>ἐνεχειρίσθη,</span> <span class='ocrx_word' id='word_1_355' title='bbox 1606 5281 2019 5362; x_wconf 65' lang='grc' dir='ltr'>ἀνὴοεύσεϐείᾳ</span> <span class='ocrx_word' id='word_1_356' title='bbox 2068 5284 2195 5362; x_wconf 53' lang='grc' dir='ltr'>λάμ-</span> 
     </span>
    </p>
   </div>
   <div class='ocr_carea' id='block_1_57' title="bbox 548 5356 2195 5462">
    <p class='ocr_par' dir='ltr' id='par_1_57' title="bbox 548 5356 2195 5462">
     <span class='ocr_line' id='line_1_57' title="bbox 548 5356 2195 5462; baseline -0.004 -49"><span class='ocrx_word' id='word_1_357' title='bbox 548 5356 658 5413; x_wconf 77' lang='grc' dir='ltr'><strong>πων</strong></span> <span class='ocrx_word' id='word_1_358' title='bbox 716 5356 813 5411; x_wconf 66' lang='grc' dir='ltr'><strong>καί</strong></span> <span class='ocrx_word' id='word_1_359' title='bbox 881 5356 1057 5431; x_wconf 71' lang='grc' dir='ltr'>ἀρετῇ,</span> <span class='ocrx_word' id='word_1_360' title='bbox 1128 5357 1559 5462; x_wconf 69' lang='grc' dir='ltr'>συναθροίζονται</span> <span class='ocrx_word' id='word_1_361' title='bbox 1626 5358 1743 5426; x_wconf 84' lang='grc' dir='ltr'>περὶ</span> <span class='ocrx_word' id='word_1_362' title='bbox 1822 5363 2002 5407; x_wconf 83' lang='grc' dir='ltr'>τοῦτον</span> <span class='ocrx_word' id='word_1_363' title='bbox 2076 5356 2195 5409; x_wconf 84' lang='grc' dir='ltr'>ὅσον</span> 
     </span>
     <span class='ocr_line' id='line_1_58' title="bbox 549 5423 2195 5462; baseline 0 0"><span class='ocrx_word' id='word_1_364' title='bbox 549 5430 919 5462; x_wconf 66' lang='grc' dir='ltr'><strong>ε.-.,..,...-...λ..</strong></span> <span class='ocrx_word' id='word_1_365' title='bbox 954 5433 1041 5462; x_wconf 77' lang='lat'><strong>.....-.</strong></span> <span class='ocrx_word' id='word_1_366' title='bbox 1095 5425 1284 5462; x_wconf 59' lang='grc' dir='ltr'><strong>ληολρῖδη</strong></span> <span class='ocrx_word' id='word_1_367' title='bbox 1321 5446 1372 5462; x_wconf 63' lang='grc' dir='ltr'><strong>Α..</strong></span> <span class='ocrx_word' id='word_1_368' title='bbox 1445 5423 1721 5462; x_wconf 65' lang='lat' dir='ltr'><strong>A‘men’nm.</strong></span> <span class='ocrx_word' id='word_1_369' title='bbox 1782 5428 1867 5462; x_wconf 64' lang='lat' dir='ltr'><strong>ut...</strong></span> <span class='ocrx_word' id='word_1_370' title='bbox 1921 5430 2014 5462; x_wconf 66' lang='lat' dir='ltr'><strong>m‘...</strong></span> <span class='ocrx_word' id='word_1_371' title='bbox 2059 5428 2195 5462; x_wconf 59' lang='grc' dir='ltr'><strong>,ηις-,ς</strong></span> 
     </span>
    </p>
   </div>
   <div class='ocr_carea' id='block_1_58' title="bbox 546 5416 2197 5516">
    <p class='ocr_par' dir='ltr' id='par_1_58' title="bbox 546 5416 2197 5516">
     <span class='ocr_line' id='line_1_59' title="bbox 546 5416 2197 5516; baseline -0.003 -33"><span class='ocrx_word' id='word_1_372' title='bbox 546 5416 922 5516; x_wconf 61' lang='grc' dir='ltr'>ἀρχιερατικόν</span> <span class='ocrx_word' id='word_1_373' title='bbox 954 5416 1054 5482; x_wconf 61' lang='grc' dir='ltr'><strong>καί</strong></span> <span class='ocrx_word' id='word_1_374' title='bbox 1095 5416 1394 5516; x_wconf 47' lang='grc' dir='ltr'>ὀρρθόδοξον,</span> <span class='ocrx_word' id='word_1_375' title='bbox 1445 5416 1727 5512; x_wconf 67' lang='grc' dir='ltr'>διαϐάλλή</span> <span class='ocrx_word' id='word_1_376' title='bbox 1777 5428 1867 5497; x_wconf 67' lang='grc' dir='ltr'>μὲν</span> <span class='ocrx_word' id='word_1_377' title='bbox 1921 5430 2014 5478; x_wconf 82' lang='grc' dir='ltr'><strong>σύν</strong></span> <span class='ocrx_word' id='word_1_378' title='bbox 2058 5428 2197 5499; x_wconf 72' lang='grc' dir='ltr'>αὐτῷ</span> 
     </span>
    </p>
   </div>
   <div class='ocr_carea' id='block_1_59' title="bbox 547 5496 2195 5589">
    <p class='ocr_par' dir='ltr' id='par_1_59' title="bbox 547 5496 2195 5589">
     <span class='ocr_line' id='line_1_60' title="bbox 547 5496 2195 5589; baseline -0.003 -34"><span class='ocrx_word' id='word_1_379' title='bbox 547 5496 658 5555; x_wconf 63' lang='grc' dir='ltr'>καῖ’</span> <span class='ocrx_word' id='word_1_380' title='bbox 691 5496 975 5589; x_wconf 80' lang='grc' dir='ltr'>ἀναθέματι</span> <span class='ocrx_word' id='word_1_381' title='bbox 1016 5496 1320 5587; x_wconf 63' lang='grc' dir='ltr'>περὶϐάλλον</span> <span class='ocrx_word' id='word_1_382' title='bbox 1358 5501 1488 5589; x_wconf 28' lang='grc' dir='ltr'><strong>τοκὺς⁶</strong></span> <span class='ocrx_word' id='word_1_383' title='bbox 1532 5502 1657 5589; x_wconf 76' lang='grc' dir='ltr'>μίαν</span> <span class='ocrx_word' id='word_1_384' title='bbox 1706 5496 1790 5589; x_wconf 49' lang='lat' dir='ltr'><strong>Eni</strong></span> <span class='ocrx_word' id='word_1_385' title='bbox 1819 5505 1927 5589; x_wconf 38' lang='grc' dir='ltr'>(τοῦ</span> <span class='ocrx_word' id='word_1_386' title='bbox 1958 5496 2195 5585; x_wconf 71' lang='grc' dir='ltr'>Χριστοῦ</span> 
     </span>
    </p>
   </div>
   <div class='ocr_carea' id='block_1_60' title="bbox 548 5520 2193 5650">
    <p class='ocr_par' dir='ltr' id='par_1_60' title="bbox 548 5520 2193 5650">
     <span class='ocr_line' id='line_1_61' title="bbox 548 5520 2193 5589; baseline -0.003 -34"><span class='ocrx_word' id='word_1_387' title='bbox 548 5524 637 5555; x_wconf 87' lang='grc' dir='ltr'><strong>και</strong></span> <span class='ocrx_word' id='word_1_388' title='bbox 691 5520 975 5589; x_wconf 76' lang='grc' dir='ltr'>αναυεματι</span> <span class='ocrx_word' id='word_1_389' title='bbox 1016 5520 1320 5574; x_wconf 71' lang='grc' dir='ltr'>περιοαλων</span> <span class='ocrx_word' id='word_1_390' title='bbox 1358 5520 1480 5560; x_wconf 86' lang='grc' dir='ltr'>τους</span> <span class='ocrx_word' id='word_1_391' title='bbox 1577 5520 1657 5549; x_wconf 79' lang='grc' dir='ltr'><strong>ιαν</strong></span> <span class='ocrx_word' id='word_1_392' title='bbox 1706 5520 1789 5549; x_wconf 86' lang='grc' dir='ltr'><strong>επι</strong></span> <span class='ocrx_word' id='word_1_393' title='bbox 1837 5520 1927 5549; x_wconf 84' lang='grc' dir='ltr'><strong>του</strong></span> <span class='ocrx_word' id='word_1_394' title='bbox 1962 5520 2193 5571; x_wconf 64' lang='grc' dir='ltr'>Ᾱριο-του</span> 
     </span>
     <span class='ocr_line' id='line_1_62' title="bbox 548 5520 2193 5650; baseline -0.004 -23"><span class='ocrx_word' id='word_1_395' title='bbox 548 5578 776 5650; x_wconf 58' lang='grc' dir='ltr'>φυσικὴν</span> <span class='ocrx_word' id='word_1_396' title='bbox 840 5578 1109 5650; x_wconf 81' lang='grc' dir='ltr'>ενέργειαν,</span> <span class='ocrx_word' id='word_1_397' title='bbox 1164 5576 1254 5650; x_wconf 82' lang='grc' dir='ltr'><strong>καὶ</strong></span> <span class='ocrx_word' id='word_1_398' title='bbox 1302 5571 1351 5624; x_wconf 83' lang='grc' dir='ltr'>ἓν</span> <span class='ocrx_word' id='word_1_399' title='bbox 1392 5520 1707 5650; x_wconf 54' lang='grc' dir='ltr'>δοξάζοντας</span> <span class='ocrx_word' id='word_1_400' title='bbox 1764 5566 1981 5650; x_wconf 72' lang='grc' dir='ltr'>θέλημα,</span> <span class='ocrx_word' id='word_1_401' title='bbox 2037 5570 2193 5650; x_wconf 72' lang='grc' dir='ltr'>εὐφη-</span> 
     </span>
    </p>
   </div>
   <div class='ocr_carea' id='block_1_61' title="bbox 545 5636 2192 5721">
    <p class='ocr_par' dir='ltr' id='par_1_61' title="bbox 545 5636 2192 5721">
     <span class='ocr_line' id='line_1_63' title="bbox 545 5636 2192 5721; baseline -0.005 -19"><span class='ocrx_word' id='word_1_402' title='bbox 545 5636 674 5720; x_wconf 72' lang='grc' dir='ltr'>μοῦν</span> <span class='ocrx_word' id='word_1_403' title='bbox 712 5636 776 5699; x_wconf 70' lang='grc' dir='ltr'><strong><em>δῖ</em></strong></span> <span class='ocrx_word' id='word_1_404' title='bbox 814 5636 924 5701; x_wconf 80' lang='grc' dir='ltr'>καὶ’</span> <span class='ocrx_word' id='word_1_405' title='bbox 955 5636 1312 5721; x_wconf 71' lang='grc' dir='ltr'>ἀνακηρύττον</span> <span class='ocrx_word' id='word_1_406' title='bbox 1359 5648 1481 5705; x_wconf 82' lang='grc' dir='ltr'>τοὺς</span> <span class='ocrx_word' id='word_1_407' title='bbox 1522 5644 1650 5715; x_wconf 84' lang='grc' dir='ltr'>πρὸς</span> <span class='ocrx_word' id='word_1_408' title='bbox 1709 5646 1821 5701; x_wconf 85' lang='grc' dir='ltr'>ταῖς</span> <span class='ocrx_word' id='word_1_409' title='bbox 1875 5636 1973 5694; x_wconf 86' lang='grc' dir='ltr'><strong>δύο</strong></span> <span class='ocrx_word' id='word_1_410' title='bbox 2003 5636 2192 5713; x_wconf 72' lang='grc' dir='ltr'>φύσεσι</span> 
     </span>
    </p>
   </div>
   <div class='ocr_carea' id='block_1_62' title="bbox 1884 320 2569 380">
    <p class='ocr_par' dir='ltr' id='par_1_62' title="bbox 1884 320 2569 380">
     <span class='ocr_line' id='line_1_64' title="bbox 1884 320 2569 380; baseline 0.009 -6"><span class='ocrx_word' id='word_1_411' title='bbox 1884 320 2159 377; x_wconf 75' lang='grc' dir='ltr'><strong>ΝΙΟΕΤᾸΞ</strong></span> <span class='ocrx_word' id='word_1_412' title='bbox 2198 322 2569 380; x_wconf 65' lang='grc' dir='ltr'><strong>ΟΗΟΝΙΑΤΛΕ</strong></span> 
     </span>
    </p>
   </div>
   <div class='ocr_carea' id='block_1_63' title="bbox 3838 331 3926 383">
    <p class='ocr_par' dir='ltr' id='par_1_63' title="bbox 3838 331 3926 383">
     <span class='ocr_line' id='line_1_65' title="bbox 3838 331 3926 383; baseline 0 0"><span class='ocrx_word' id='word_1_413' title='bbox 3838 331 3926 383; x_wconf 78' lang='grc'><strong>84</strong></span> 
     </span>
    </p>
   </div>
   <div class='ocr_carea' id='block_1_64' title="bbox 2303 447 3928 525">
    <p class='ocr_par' dir='ltr' id='par_1_64' title="bbox 2303 447 3928 525">
     <span class='ocr_line' id='line_1_66' title="bbox 2303 447 3928 525; baseline 0.004 -26"><span class='ocrx_word' id='word_1_414' title='bbox 2303 451 2451 509; x_wconf 84' lang='grc' dir='ltr'>νίκας</span> <span class='ocrx_word' id='word_1_415' title='bbox 2489 447 2714 516; x_wconf 85' lang='grc' dir='ltr'>ἁνύοντι,</span> <span class='ocrx_word' id='word_1_416' title='bbox 2783 448 2857 521; x_wconf 76' lang='grc' dir='ltr'><strong>ἐφ’</strong></span> <span class='ocrx_word' id='word_1_417' title='bbox 2922 450 3002 511; x_wconf 83' lang='grc' dir='ltr'>αἶς</span> <span class='ocrx_word' id='word_1_418' title='bbox 3067 455 3157 502; x_wconf 82' lang='grc' dir='ltr'>καὶ</span> <span class='ocrx_word' id='word_1_419' title='bbox 3225 453 3414 524; x_wconf 88' lang='grc' dir='ltr'>χρόνος</span> <span class='ocrx_word' id='word_1_420' title='bbox 3452 448 3698 512; x_wconf 76' lang='grc' dir='ltr'>ἐπταετὴς</span> <span class='ocrx_word' id='word_1_421' title='bbox 3756 451 3928 525; x_wconf 76' lang='grc' dir='ltr'>ἐκμε-</span> 
     </span>
    </p>
   </div>
   <div class='ocr_carea' id='block_1_65' title="bbox 2304 536 3924 612">
    <p class='ocr_par' dir='ltr' id='par_1_65' title="bbox 2304 536 3924 612">
     <span class='ocr_line' id='line_1_67' title="bbox 2304 536 3924 612; baseline 0.003 -24"><span class='ocrx_word' id='word_1_422' title='bbox 2304 540 2577 608; x_wconf 84' lang='grc' dir='ltr'>μέτρηται,</span> <span class='ocrx_word' id='word_1_423' title='bbox 2646 538 2671 588; x_wconf 98' lang='lat'><strong>6</strong></span> <span class='ocrx_word' id='word_1_424' title='bbox 2755 546 2854 589; x_wconf 86' lang='grc' dir='ltr'>τῶν</span> <span class='ocrx_word' id='word_1_425' title='bbox 2917 536 3227 591; x_wconf 78' lang='grc' dir='ltr'>Ἰακωϐιτῶν</span> <span class='ocrx_word' id='word_1_426' title='bbox 3293 543 3541 612; x_wconf 88' lang='grc' dir='ltr'>πρόσεισι</span> <span class='ocrx_word' id='word_1_427' title='bbox 3626 540 3924 604; x_wconf 83' lang='grc' dir='ltr'>καθολικός</span> 
     </span>
    </p>
   </div>
   <div class='ocr_carea' id='block_1_66' title="bbox 2303 625 3919 701">
    <p class='ocr_par' dir='ltr' id='par_1_66' title="bbox 2303 625 3919 701">
     <span class='ocr_line' id='line_1_68' title="bbox 2303 625 3919 701; baseline 0.004 -25"><span class='ocrx_word' id='word_1_428' title='bbox 2303 630 2422 699; x_wconf 87' lang='grc' dir='ltr'>περί</span> <span class='ocrx_word' id='word_1_429' title='bbox 2463 646 2563 678; x_wconf 90' lang='grc' dir='ltr'><strong>που</strong></span> <span class='ocrx_word' id='word_1_430' title='bbox 2616 630 2710 684; x_wconf 78' lang='grc' dir='ltr'>τὴν</span> <span class='ocrx_word' id='word_1_431' title='bbox 2772 625 2973 679; x_wconf 79' lang='grc' dir='ltr'><strong>ἐκείνων</strong></span> <span class='ocrx_word' id='word_1_432' title='bbox 3027 633 3207 701; x_wconf 85' lang='grc' dir='ltr'>χώραν</span> <span class='ocrx_word' id='word_1_433' title='bbox 3264 625 3575 699; x_wconf 75' lang='grc' dir='ltr'><strong>ἀφικομένῳ·</strong></span> <span class='ocrx_word' id='word_1_434' title='bbox 3618 628 3671 680; x_wconf 87' lang='grc' dir='ltr'>ὃν</span> <span class='ocrx_word' id='word_1_435' title='bbox 3714 625 3844 682; x_wconf 83' lang='grc' dir='ltr'>ἰδὼν</span> <span class='ocrx_word' id='word_1_436' title='bbox 3887 631 3919 682; x_wconf 85' lang='grc' dir='ltr'><strong><em>ὁ</em></strong></span> 
     </span>
    </p>
   </div>
   <div class='ocr_carea' id='block_1_67' title="bbox 2307 712 3922 793">
    <p class='ocr_par' dir='ltr' id='par_1_67' title="bbox 2307 712 3922 793">
     <span class='ocr_line' id='line_1_69' title="bbox 2307 712 3922 793; baseline 0.004 -27"><span class='ocrx_word' id='word_1_437' title='bbox 2307 712 2552 787; x_wconf 82' lang='grc' dir='ltr'>βασιλεὺς</span> <span class='ocrx_word' id='word_1_438' title='bbox 2608 716 2885 787; x_wconf 73' lang='grc' dir='ltr'>ᾐτιάσατο,</span> <span class='ocrx_word' id='word_1_439' title='bbox 2943 719 3015 789; x_wconf 81' lang='grc' dir='ltr'>μὴ</span> <span class='ocrx_word' id='word_1_440' title='bbox 3081 720 3175 774; x_wconf 74' lang='grc' dir='ltr'>τὴν</span> <span class='ocrx_word' id='word_1_441' title='bbox 3236 714 3283 769; x_wconf 75' lang='grc' dir='ltr'>ἐν</span> <span class='ocrx_word' id='word_1_442' title='bbox 3331 713 3638 775; x_wconf 81' lang='grc' dir='ltr'>Χαλκηδόνι</span> <span class='ocrx_word' id='word_1_443' title='bbox 3690 723 3922 793; x_wconf 82' lang='grc' dir='ltr'>προσιέ-</span> 
     </span>
    </p>
   </div>
   <div class='ocr_carea' id='block_1_68' title="bbox 2305 802 3916 880">
    <p class='ocr_par' dir='ltr' id='par_1_68' title="bbox 2305 802 3916 880">
     <span class='ocr_line' id='line_1_70' title="bbox 2305 802 3916 880; baseline 0.001 -22"><span class='ocrx_word' id='word_1_444' title='bbox 2305 823 2451 869; x_wconf 78' lang='grc' dir='ltr'>μενον</span> <span class='ocrx_word' id='word_1_445' title='bbox 2501 802 2759 858; x_wconf 76' lang='grc' dir='ltr'><strong>σύνοδον·</strong></span> <span class='ocrx_word' id='word_1_446' title='bbox 2814 811 2904 859; x_wconf 86' lang='grc' dir='ltr'>καὶ</span> <span class='ocrx_word' id='word_1_447' title='bbox 2952 810 3170 879; x_wconf 68' lang='grc' dir='ltr'>παρῄνει</span> <span class='ocrx_word' id='word_1_448' title='bbox 3224 814 3318 868; x_wconf 83' lang='grc' dir='ltr'>τῆς</span> <span class='ocrx_word' id='word_1_449' title='bbox 3364 815 3463 859; x_wconf 87' lang='grc' dir='ltr'>τῶν</span> <span class='ocrx_word' id='word_1_450' title='bbox 3528 814 3916 880; x_wconf 77' lang='grc' dir='ltr'>Μονοφυσιτῶν</span> 
     </span>
    </p>
   </div>
   <div class='ocr_carea' id='block_1_69' title="bbox 2308 891 3916 971">
    <p class='ocr_par' dir='ltr' id='par_1_69' title="bbox 2308 891 3916 971">
     <span class='ocr_line' id='line_1_71' title="bbox 2308 891 3916 971; baseline 0.003 -26"><span class='ocrx_word' id='word_1_451' title='bbox 2308 891 2587 965; x_wconf 78' lang='grc' dir='ltr'><strong>ἀφιστάναι</strong></span> <span class='ocrx_word' id='word_1_452' title='bbox 2636 891 2812 962; x_wconf 85' lang='grc' dir='ltr'>δόξης,</span> <span class='ocrx_word' id='word_1_453' title='bbox 2875 900 2965 947; x_wconf 86' lang='grc' dir='ltr'>καὶ</span> <span class='ocrx_word' id='word_1_454' title='bbox 3020 898 3293 970; x_wconf 72' lang='grc' dir='ltr'><strong>κηρύττειν</strong></span> <span class='ocrx_word' id='word_1_455' title='bbox 3341 894 3425 948; x_wconf 78' lang='grc' dir='ltr'><strong>ἐπὶ</strong></span> <span class='ocrx_word' id='word_1_456' title='bbox 3489 904 3728 971; x_wconf 77' lang='grc' dir='ltr'>Χριστοῦ</span> <span class='ocrx_word' id='word_1_457' title='bbox 3785 895 3916 950; x_wconf 78' lang='grc' dir='ltr'>ἐπί-</span> 
     </span>
    </p>
   </div>
   <div class='ocr_carea' id='block_1_70' title="bbox 2310 980 3914 1059">
    <p class='ocr_par' dir='ltr' id='par_1_70' title="bbox 2310 980 3914 1059">
     <span class='ocr_line' id='line_1_72' title="bbox 2310 980 3914 1059; baseline 0.002 -24"><span class='ocrx_word' id='word_1_458' title='bbox 2310 1001 2403 1042; x_wconf 90' lang='grc' dir='ltr'><strong>σης</strong></span> <span class='ocrx_word' id='word_1_459' title='bbox 2443 991 2516 1055; x_wconf 62' lang='grc' dir='ltr'>τῷ</span> <span class='ocrx_word' id='word_1_460' title='bbox 2566 980 2856 1057; x_wconf 81' lang='grc' dir='ltr'>όρθοδόξων</span> <span class='ocrx_word' id='word_1_461' title='bbox 2913 989 3217 1056; x_wconf 75' lang='grc' dir='ltr'>συστήματι</span> <span class='ocrx_word' id='word_1_462' title='bbox 3282 981 3379 1036; x_wconf 86' lang='grc' dir='ltr'><strong>δύο</strong></span> <span class='ocrx_word' id='word_1_463' title='bbox 3428 987 3603 1057; x_wconf 65' lang='grc' dir='ltr'>φύσεις</span> <span class='ocrx_word' id='word_1_464' title='bbox 3654 984 3914 1059; x_wconf 82' lang='grc' dir='ltr'>ἀσυγχύ-</span> 
     </span>
    </p>
   </div>
   <div class='ocr_carea' id='block_1_71' title="bbox 2306 1071 3913 1145">
    <p class='ocr_par' dir='ltr' id='par_1_71' title="bbox 2306 1071 3913 1145">
     <span class='ocr_line' id='line_1_73' title="bbox 2306 1071 3913 1145; baseline 0.002 -22"><span class='ocrx_word' id='word_1_465' title='bbox 2306 1091 2406 1134; x_wconf 90' lang='grc' dir='ltr'><strong>τως</strong></span> <span class='ocrx_word' id='word_1_466' title='bbox 2466 1075 2726 1145; x_wconf 82' lang='grc' dir='ltr'>ἡνωμένας</span> <span class='ocrx_word' id='word_1_467' title='bbox 2783 1071 3044 1135; x_wconf 74' lang='grc' dir='ltr'>ἀλλήλαις,</span> <span class='ocrx_word' id='word_1_468' title='bbox 3113 1078 3354 1126; x_wconf 77' lang='grc' dir='ltr'>τουτέστι</span> <span class='ocrx_word' id='word_1_469' title='bbox 3399 1076 3619 1132; x_wconf 87' lang='grc' dir='ltr'>θεότητα</span> <span class='ocrx_word' id='word_1_470' title='bbox 3667 1079 3755 1126; x_wconf 84' lang='grc' dir='ltr'>καὶ</span> <span class='ocrx_word' id='word_1_471' title='bbox 3814 1074 3913 1127; x_wconf 89' lang='grc' dir='ltr'>ἀν-</span> 
     </span>
    </p>
   </div>
   <div class='ocr_carea' id='block_1_72' title="bbox 2309 1159 3914 1237">
    <p class='ocr_par' dir='ltr' id='par_1_72' title="bbox 2309 1159 3914 1237">
     <span class='ocr_line' id='line_1_74' title="bbox 2309 1159 3914 1237; baseline 0.001 -23"><span class='ocrx_word' id='word_1_472' title='bbox 2309 1162 2635 1237; x_wconf 87' lang='grc' dir='ltr'>θρωπότητα,</span> <span class='ocrx_word' id='word_1_473' title='bbox 2695 1163 2799 1234; x_wconf 85' lang='grc' dir='ltr'>εἰγε</span> <span class='ocrx_word' id='word_1_474' title='bbox 2866 1159 3106 1234; x_wconf 81' lang='grc' dir='ltr'>βούλοιτο</span> <span class='ocrx_word' id='word_1_475' title='bbox 3175 1164 3515 1236; x_wconf 77' lang='grc' dir='ltr'>πατριάρχης</span> <span class='ocrx_word' id='word_1_476' title='bbox 3581 1163 3914 1236; x_wconf 74' lang='grc' dir='ltr'>Ἀντιοχείας</span> 
     </span>
    </p>
   </div>
   <div class='ocr_carea' id='block_1_73' title="bbox 2306 1246 3912 1325">
    <p class='ocr_par' dir='ltr' id='par_1_73' title="bbox 2306 1246 3912 1325">
     <span class='ocr_line' id='line_1_75' title="bbox 2306 1246 3912 1325; baseline 0.001 -23"><span class='ocrx_word' id='word_1_477' title='bbox 2306 1251 2392 1303; x_wconf 84' lang='grc' dir='ltr'>ὑπ’</span> <span class='ocrx_word' id='word_1_478' title='bbox 2422 1250 2581 1303; x_wconf 76' lang='grc' dir='ltr'>αὐτοῦ</span> <span class='ocrx_word' id='word_1_479' title='bbox 2639 1249 3020 1325; x_wconf 78' lang='grc' dir='ltr'>προϐληθῆναι.</span> <span class='ocrx_word' id='word_1_480' title='bbox 3076 1251 3133 1302; x_wconf 75' lang='grc'><strong>’0</strong></span> <span class='ocrx_word' id='word_1_481' title='bbox 3194 1246 3254 1302; x_wconf 66' lang='grc' dir='ltr'>δὲ</span> <span class='ocrx_word' id='word_1_482' title='bbox 3299 1250 3575 1312; x_wconf 87' lang='grc' dir='ltr'>καθολικὸς</span> <span class='ocrx_word' id='word_1_483' title='bbox 3634 1259 3706 1323; x_wconf 83' lang='grc' dir='ltr'>τῷ</span> <span class='ocrx_word' id='word_1_484' title='bbox 3744 1271 3912 1324; x_wconf 86' lang='grc' dir='ltr'>μεγα-</span> 
     </span>
    </p>
   </div>
   <div class='ocr_carea' id='block_1_74' title="bbox 2304 1336 3911 1413">
    <p class='ocr_par' dir='ltr' id='par_1_74' title="bbox 2304 1336 3911 1413">
     <span class='ocr_line' id='line_1_76' title="bbox 2304 1336 3911 1413; baseline 0 -20"><span class='ocrx_word' id='word_1_485' title='bbox 2304 1340 2422 1411; x_wconf 86' lang='grc' dir='ltr'>λείῳ</span> <span class='ocrx_word' id='word_1_486' title='bbox 2451 1347 2542 1393; x_wconf 84' lang='grc' dir='ltr'><strong>τοῦ</strong></span> <span class='ocrx_word' id='word_1_487' title='bbox 2576 1342 2755 1413; x_wconf 83' lang='grc' dir='ltr'>θρόνου</span> <span class='ocrx_word' id='word_1_488' title='bbox 2804 1336 3096 1401; x_wconf 82' lang='grc' dir='ltr'>ἐνηδυνθεὶς</span> <span class='ocrx_word' id='word_1_489' title='bbox 3143 1343 3237 1399; x_wconf 76' lang='grc' dir='ltr'><strong>την</strong></span> <span class='ocrx_word' id='word_1_490' title='bbox 3271 1339 3457 1413; x_wconf 73' lang='grc' dir='ltr'>ψυχήν</span> <span class='ocrx_word' id='word_1_491' title='bbox 3497 1338 3549 1403; x_wconf 83' lang='grc' dir='ltr'><strong>ἐξ</strong></span> <span class='ocrx_word' id='word_1_492' title='bbox 3597 1340 3758 1401; x_wconf 72' lang='grc' dir='ltr'>αὐτῆς</span> <span class='ocrx_word' id='word_1_493' title='bbox 3807 1346 3911 1401; x_wconf 74' lang='grc' dir='ltr'>τὴν</span> 
     </span>
    </p>
   </div>
   <div class='ocr_carea' id='block_1_75' title="bbox 2305 1427 3912 1502">
    <p class='ocr_par' dir='ltr' id='par_1_75' title="bbox 2305 1427 3912 1502">
     <span class='ocr_line' id='line_1_77' title="bbox 2305 1427 3912 1502; baseline 0.002 -20"><span class='ocrx_word' id='word_1_494' title='bbox 2305 1428 2593 1502; x_wconf 72' lang='grc' dir='ltr'>μεταϐολὴν</span> <span class='ocrx_word' id='word_1_495' title='bbox 2649 1437 2744 1490; x_wconf 86' lang='grc' dir='ltr'>τῆς</span> <span class='ocrx_word' id='word_1_496' title='bbox 2790 1431 3031 1502; x_wconf 81' lang='grc' dir='ltr'>αἱρέσεως</span> <span class='ocrx_word' id='word_1_497' title='bbox 3086 1427 3443 1501; x_wconf 69' lang='grc' dir='ltr'><strong>ἐπηγγείλατο,</strong></span> <span class='ocrx_word' id='word_1_498' title='bbox 3502 1435 3592 1483; x_wconf 86' lang='grc' dir='ltr'>καὶ</span> <span class='ocrx_word' id='word_1_499' title='bbox 3672 1428 3766 1483; x_wconf 82' lang='grc' dir='ltr'><strong>δύο</strong></span> <span class='ocrx_word' id='word_1_500' title='bbox 3818 1429 3912 1485; x_wconf 81' lang='grc' dir='ltr'><strong>ἐπὶ</strong></span> 
     </span>
    </p>
   </div>
   <div class='ocr_carea' id='block_1_76' title="bbox 2306 1514 3904 1592">
    <p class='ocr_par' dir='ltr' id='par_1_76' title="bbox 2306 1514 3904 1592">
     <span class='ocr_line' id='line_1_78' title="bbox 2306 1514 3904 1592; baseline 0 -20"><span class='ocrx_word' id='word_1_501' title='bbox 2306 1526 2540 1591; x_wconf 82' lang='grc' dir='ltr'>Χριστοῦ</span> <span class='ocrx_word' id='word_1_502' title='bbox 2615 1514 2853 1582; x_wconf 73' lang='grc' dir='ltr'><strong>δοξάζειν</strong></span> <span class='ocrx_word' id='word_1_503' title='bbox 2924 1522 3105 1591; x_wconf 74' lang='grc' dir='ltr'>φύσεις</span> <span class='ocrx_word' id='word_1_504' title='bbox 3159 1521 3441 1572; x_wconf 77' lang='grc' dir='ltr'>κατέθετοο</span> <span class='ocrx_word' id='word_1_505' title='bbox 3509 1524 3629 1592; x_wconf 86' lang='grc' dir='ltr'>περὶ</span> <span class='ocrx_word' id='word_1_506' title='bbox 3691 1516 3750 1572; x_wconf 69' lang='grc' dir='ltr'>δὲ</span> <span class='ocrx_word' id='word_1_507' title='bbox 3795 1528 3904 1572; x_wconf 84' lang='grc' dir='ltr'>τῶν</span> 
     </span>
    </p>
   </div>
   <div class='ocr_carea' id='block_1_77' title="bbox 2309 1605 3906 1684">
    <p class='ocr_par' dir='ltr' id='par_1_77' title="bbox 2309 1605 3906 1684">
     <span class='ocr_line' id='line_1_79' title="bbox 2309 1605 3906 1684; baseline 0.001 -23"><span class='ocrx_word' id='word_1_508' title='bbox 2309 1607 2504 1682; x_wconf 86' lang='grc' dir='ltr'>θελημά</span> <span class='ocrx_word' id='word_1_509' title='bbox 2533 1627 2631 1660; x_wconf 87' lang='grc' dir='ltr'><strong>των</strong></span> <span class='ocrx_word' id='word_1_510' title='bbox 2664 1606 2861 1680; x_wconf 89' lang='grc' dir='ltr'>ἀγνοείν</span> <span class='ocrx_word' id='word_1_511' title='bbox 2908 1607 3089 1679; x_wconf 60' lang='grc' dir='ltr'>ἢεγεν,</span> <span class='ocrx_word' id='word_1_512' title='bbox 3124 1607 3166 1660; x_wconf 77' lang='grc' dir='ltr'>εἰ</span> <span class='ocrx_word' id='word_1_513' title='bbox 3224 1612 3397 1684; x_wconf 85' lang='grc' dir='ltr'>χρεὼν</span> <span class='ocrx_word' id='word_1_514' title='bbox 3436 1612 3525 1660; x_wconf 85' lang='grc' dir='ltr'>καὶ</span> <span class='ocrx_word' id='word_1_515' title='bbox 3580 1615 3744 1660; x_wconf 82' lang='grc' dir='ltr'>ταῦτα</span> <span class='ocrx_word' id='word_1_516' title='bbox 3800 1605 3906 1662; x_wconf 88' lang='grc' dir='ltr'>δο-</span> 
     </span>
    </p>
   </div>
   <div class='ocr_carea' id='block_1_78' title="bbox 2307 1693 3902 1772">
    <p class='ocr_par' dir='ltr' id='par_1_78' title="bbox 2307 1693 3902 1772">
     <span class='ocr_line' id='line_1_80' title="bbox 2307 1693 3902 1772; baseline 0.001 -24"><span class='ocrx_word' id='word_1_517' title='bbox 2307 1696 2477 1760; x_wconf 86' lang='grc' dir='ltr'>ξάζειν</span> <span class='ocrx_word' id='word_1_518' title='bbox 2527 1693 2704 1761; x_wconf 75' lang='grc' dir='ltr'>διττὰ,</span> <span class='ocrx_word' id='word_1_519' title='bbox 2734 1701 2826 1749; x_wconf 83' lang='grc' dir='ltr'><strong>καὶ</strong></span> <span class='ocrx_word' id='word_1_520' title='bbox 2873 1702 2967 1755; x_wconf 77' lang='grc' dir='ltr'>τὴν</span> <span class='ocrx_word' id='word_1_521' title='bbox 3025 1696 3078 1749; x_wconf 84' lang='grc' dir='ltr'>ἐκ</span> <span class='ocrx_word' id='word_1_522' title='bbox 3144 1702 3356 1772; x_wconf 88' lang='grc' dir='ltr'>Σεργίου</span> <span class='ocrx_word' id='word_1_523' title='bbox 3413 1704 3504 1749; x_wconf 87' lang='grc' dir='ltr'><strong>τοῦ</strong></span> <span class='ocrx_word' id='word_1_524' title='bbox 3562 1699 3902 1771; x_wconf 75' lang='grc' dir='ltr'>πατριάρχου</span> 
     </span>
    </p>
   </div>
   <div class='ocr_carea' id='block_1_79' title="bbox 2307 1783 3899 1863">
    <p class='ocr_par' dir='ltr' id='par_1_79' title="bbox 2307 1783 3899 1863">
     <span class='ocr_line' id='line_1_81' title="bbox 2307 1783 3899 1863; baseline 0 -24"><span class='ocrx_word' id='word_1_525' title='bbox 2307 1786 2893 1848; x_wconf 80' lang='grc' dir='ltr'>Κωνσταντινουπόλεως</span> <span class='ocrx_word' id='word_1_526' title='bbox 2966 1783 3206 1858; x_wconf 75' lang='grc' dir='ltr'>διδαχὴν</span> <span class='ocrx_word' id='word_1_527' title='bbox 3285 1785 3544 1859; x_wconf 69' lang='grc' dir='ltr'>ἐξῃτεῖτοο</span> <span class='ocrx_word' id='word_1_528' title='bbox 3612 1783 3733 1859; x_wconf 78' lang='grc' dir='ltr'>ᾔδει</span> <span class='ocrx_word' id='word_1_529' title='bbox 3791 1791 3899 1863; x_wconf 81' lang='grc' dir='ltr'><strong>γὰρ</strong></span> 
     </span>
    </p>
   </div>
   <div class='ocr_carea' id='block_1_80' title="bbox 2303 1872 3899 1949">
    <p class='ocr_par' dir='ltr' id='par_1_80' title="bbox 2303 1872 3899 1949">
     <span class='ocr_line' id='line_1_82' title="bbox 2303 1872 3899 1949; baseline 0.001 -22"><span class='ocrx_word' id='word_1_530' title='bbox 2303 1882 2482 1928; x_wconf 86' lang='grc' dir='ltr'>τοῦτον</span> <span class='ocrx_word' id='word_1_531' title='bbox 2541 1872 2831 1939; x_wconf 79' lang='grc' dir='ltr'>δοξάζοντα</span> <span class='ocrx_word' id='word_1_532' title='bbox 2880 1880 2965 1929; x_wconf 87' lang='grc' dir='ltr'>τὸν</span> <span class='ocrx_word' id='word_1_533' title='bbox 3020 1878 3251 1949; x_wconf 78' lang='grc' dir='ltr'>Χριστὸν</span> <span class='ocrx_word' id='word_1_534' title='bbox 3311 1875 3647 1948; x_wconf 85' lang='grc' dir='ltr'>μονοθέλητόν</span> <span class='ocrx_word' id='word_1_535' title='bbox 3693 1895 3747 1928; x_wconf 91' lang='grc' dir='ltr'><strong>τε</strong></span> <span class='ocrx_word' id='word_1_536' title='bbox 3802 1881 3899 1929; x_wconf 80' lang='grc' dir='ltr'>καὶ</span> 
     </span>
    </p>
   </div>
   <div class='ocr_carea' id='block_1_81' title="bbox 2303 1963 3894 2041">
    <p class='ocr_par' dir='ltr' id='par_1_81' title="bbox 2303 1963 3894 2041">
     <span class='ocr_line' id='line_1_83' title="bbox 2303 1963 3894 2041; baseline -0.001 -23"><span class='ocrx_word' id='word_1_537' title='bbox 2303 1969 2686 2039; x_wconf 82' lang='grc' dir='ltr'>μονενέργητον.</span> <span class='ocrx_word' id='word_1_538' title='bbox 2732 1967 2922 2041; x_wconf 74' lang='grc' dir='ltr'>Γράφει</span> <span class='ocrx_word' id='word_1_539' title='bbox 2976 1969 3147 2017; x_wconf 82' lang='grc' dir='ltr'>τοίνυν</span> <span class='ocrx_word' id='word_1_540' title='bbox 3196 1966 3221 2016; x_wconf 91' lang='lat'><strong>6</strong></span> <span class='ocrx_word' id='word_1_541' title='bbox 3276 1963 3523 2037; x_wconf 83' lang='grc' dir='ltr'>βασιλεὺς</span> <span class='ocrx_word' id='word_1_542' title='bbox 3566 1972 3638 2036; x_wconf 84' lang='grc' dir='ltr'>τῷ</span> <span class='ocrx_word' id='word_1_543' title='bbox 3705 1969 3894 2039; x_wconf 78' lang='grc' dir='ltr'><strong>Σεργίῳ</strong></span> 
     </span>
    </p>
   </div>
   <div class='ocr_carea' id='block_1_82' title="bbox 2301 2051 3896 2129">
    <p class='ocr_par' dir='ltr' id='par_1_82' title="bbox 2301 2051 3896 2129">
     <span class='ocr_line' id='line_1_84' title="bbox 2301 2051 3896 2129; baseline 0.001 -24"><span class='ocrx_word' id='word_1_544' title='bbox 2301 2058 2420 2128; x_wconf 87' lang='grc' dir='ltr'>περὶ</span> <span class='ocrx_word' id='word_1_545' title='bbox 2472 2051 2628 2107; x_wconf 81' lang='grc' dir='ltr'>τοῦδε</span> <span class='ocrx_word' id='word_1_546' title='bbox 2666 2061 2757 2106; x_wconf 81' lang='grc' dir='ltr'><strong>τοῦ</strong></span> <span class='ocrx_word' id='word_1_547' title='bbox 2800 2055 3049 2129; x_wconf 73' lang='grc' dir='ltr'>ῥήματος·</span> <span class='ocrx_word' id='word_1_548' title='bbox 3096 2055 3121 2105; x_wconf 90' lang='lat'><strong>6</strong></span> <span class='ocrx_word' id='word_1_549' title='bbox 3161 2051 3221 2106; x_wconf 73' lang='grc' dir='ltr'>δὲ</span> <span class='ocrx_word' id='word_1_550' title='bbox 3277 2056 3345 2105; x_wconf 82' lang='grc' dir='ltr'>τὰ</span> <span class='ocrx_word' id='word_1_551' title='bbox 3393 2061 3492 2106; x_wconf 86' lang='grc' dir='ltr'>τῶν</span> <span class='ocrx_word' id='word_1_552' title='bbox 3530 2051 3896 2110; x_wconf 80' lang='grc' dir='ltr'>Μονοθελητῶν</span> 
     </span>
    </p>
   </div>
   <div class='ocr_carea' id='block_1_83' title="bbox 2301 2141 3902 2218">
    <p class='ocr_par' dir='ltr' id='par_1_83' title="bbox 2301 2141 3902 2218">
     <span class='ocr_line' id='line_1_85' title="bbox 2301 2141 3902 2218; baseline 0.001 -23"><span class='ocrx_word' id='word_1_553' title='bbox 2301 2143 2463 2195; x_wconf 87' lang='grc' dir='ltr'>πάλαι</span> <span class='ocrx_word' id='word_1_554' title='bbox 2554 2142 2872 2218; x_wconf 80' lang='grc' dir='ltr'>πρεσϐεύων,</span> <span class='ocrx_word' id='word_1_555' title='bbox 2941 2142 3316 2196; x_wconf 85' lang='grc' dir='ltr'>ἀντεπιστέλλει</span> <span class='ocrx_word' id='word_1_556' title='bbox 3369 2150 3442 2214; x_wconf 86' lang='grc' dir='ltr'>τῷ</span> <span class='ocrx_word' id='word_1_557' title='bbox 3514 2141 3742 2216; x_wconf 81' lang='grc' dir='ltr'>βασιλεῖ,</span> <span class='ocrx_word' id='word_1_558' title='bbox 3803 2148 3902 2196; x_wconf 81' lang='grc' dir='ltr'>καὶ</span> 
     </span>
    </p>
   </div>
   <div class='ocr_carea' id='block_1_84' title="bbox 2302 2230 3903 2306">
    <p class='ocr_par' dir='ltr' id='par_1_84' title="bbox 2302 2230 3903 2306">
     <span class='ocr_line' id='line_1_86' title="bbox 2302 2230 3903 2306; baseline 0.001 -23"><span class='ocrx_word' id='word_1_559' title='bbox 2302 2240 2501 2304; x_wconf 83' lang='grc' dir='ltr'>χρῆναι</span> <span class='ocrx_word' id='word_1_560' title='bbox 2557 2231 2688 2303; x_wconf 79' lang='grc' dir='ltr'>λέγει</span> <span class='ocrx_word' id='word_1_561' title='bbox 2735 2237 2860 2305; x_wconf 89' lang='grc' dir='ltr'>μίαν</span> <span class='ocrx_word' id='word_1_562' title='bbox 2911 2231 3163 2306; x_wconf 76' lang='grc' dir='ltr'>ἐνέργειαν</span> <span class='ocrx_word' id='word_1_563' title='bbox 3231 2235 3322 2285; x_wconf 81' lang='grc' dir='ltr'>καὶ</span> <span class='ocrx_word' id='word_1_564' title='bbox 3377 2236 3500 2305; x_wconf 88' lang='grc' dir='ltr'>μίαν</span> <span class='ocrx_word' id='word_1_565' title='bbox 3551 2230 3755 2289; x_wconf 77' lang='grc' dir='ltr'>θέλησιν</span> <span class='ocrx_word' id='word_1_566' title='bbox 3809 2230 3903 2285; x_wconf 82' lang='grc' dir='ltr'><strong>ἐπὶ</strong></span> 
     </span>
    </p>
   </div>
   <div class='ocr_carea' id='block_1_85' title="bbox 2302 2317 3901 2396">
    <p class='ocr_par' dir='ltr' id='par_1_85' title="bbox 2302 2317 3901 2396">
     <span class='ocr_line' id='line_1_87' title="bbox 2302 2317 3901 2396; baseline 0.001 -24"><span class='ocrx_word' id='word_1_567' title='bbox 2302 2328 2536 2396; x_wconf 75' lang='grc' dir='ltr'>Χριστοῦ</span> <span class='ocrx_word' id='word_1_568' title='bbox 2602 2317 2958 2393; x_wconf 80' lang='grc' dir='ltr'>δογματίζειν.</span> <span class='ocrx_word' id='word_1_569' title='bbox 3038 2321 3117 2382; x_wconf 85' lang='grc' dir='ltr'><strong>Ἐς</strong></span> <span class='ocrx_word' id='word_1_570' title='bbox 3177 2320 3391 2393; x_wconf 82' lang='grc' dir='ltr'>ὕστερον</span> <span class='ocrx_word' id='word_1_571' title='bbox 3455 2317 3514 2373; x_wconf 78' lang='grc' dir='ltr'><strong>δε</strong></span> <span class='ocrx_word' id='word_1_572' title='bbox 3576 2320 3901 2394; x_wconf 79' lang='grc' dir='ltr'>Ἡράκλειος,</span> 
     </span>
    </p>
   </div>
   <div class='ocr_carea' id='block_1_86' title="bbox 2301 2407 3907 2484">
    <p class='ocr_par' dir='ltr' id='par_1_86' title="bbox 2301 2407 3907 2484">
     <span class='ocr_line' id='line_1_88' title="bbox 2301 2407 3907 2484; baseline 0 -21"><span class='ocrx_word' id='word_1_573' title='bbox 2301 2416 2394 2470; x_wconf 82' lang='grc' dir='ltr'>τὴν</span> <span class='ocrx_word' id='word_1_574' title='bbox 2446 2411 2593 2463; x_wconf 87' lang='grc' dir='ltr'>πόλιν</span> <span class='ocrx_word' id='word_1_575' title='bbox 2648 2410 2972 2480; x_wconf 81' lang='grc' dir='ltr'>καταλαϐὼν,</span> <span class='ocrx_word' id='word_1_576' title='bbox 3024 2416 3111 2463; x_wconf 81' lang='grc' dir='ltr'>καὶ</span> <span class='ocrx_word' id='word_1_577' title='bbox 3173 2417 3337 2484; x_wconf 83' lang='grc' dir='ltr'>Κῦρον</span> <span class='ocrx_word' id='word_1_578' title='bbox 3408 2412 3495 2462; x_wconf 88' lang='grc' dir='ltr'><strong>τόν</strong></span> <span class='ocrx_word' id='word_1_579' title='bbox 3558 2407 3783 2472; x_wconf 75' lang='grc' dir='ltr'>Φάσιδος</span> <span class='ocrx_word' id='word_1_580' title='bbox 3825 2411 3907 2473; x_wconf 83' lang='grc' dir='ltr'><strong>εἰς</strong></span> 
     </span>
    </p>
   </div>
   <div class='ocr_carea' id='block_1_87' title="bbox 2301 2496 3907 2573">
    <p class='ocr_par' dir='ltr' id='par_1_87' title="bbox 2301 2496 3907 2573">
     <span class='ocr_line' id='line_1_89' title="bbox 2301 2496 3907 2573; baseline 0.001 -23"><span class='ocrx_word' id='word_1_581' title='bbox 2301 2499 2420 2570; x_wconf 66' lang='grc' dir='ltr'>ὄψιν</span> <span class='ocrx_word' id='word_1_582' title='bbox 2461 2500 2600 2571; x_wconf 75' lang='grc' dir='ltr'>αὐτῷ</span> <span class='ocrx_word' id='word_1_583' title='bbox 2645 2499 2856 2552; x_wconf 82' lang='grc' dir='ltr'>ἐλθόντα</span> <span class='ocrx_word' id='word_1_584' title='bbox 2903 2504 3019 2573; x_wconf 84' lang='grc' dir='ltr'>περὶ</span> <span class='ocrx_word' id='word_1_585' title='bbox 3076 2502 3264 2552; x_wconf 85' lang='grc' dir='ltr'>τούτου</span> <span class='ocrx_word' id='word_1_586' title='bbox 3316 2506 3407 2551; x_wconf 91' lang='grc' dir='ltr'><strong>τοῦ</strong></span> <span class='ocrx_word' id='word_1_587' title='bbox 3457 2496 3721 2572; x_wconf 87' lang='grc' dir='ltr'>δόγματός</span> <span class='ocrx_word' id='word_1_588' title='bbox 3776 2498 3907 2572; x_wconf 83' lang='grc' dir='ltr'>ἐρω-</span> 
     </span>
    </p>
   </div>
   <div class='ocr_carea' id='block_1_88' title="bbox 2298 2587 3906 2663">
    <p class='ocr_par' dir='ltr' id='par_1_88' title="bbox 2298 2587 3906 2663">
     <span class='ocr_line' id='line_1_90' title="bbox 2298 2587 3906 2663; baseline 0.001 -23"><span class='ocrx_word' id='word_1_589' title='bbox 2298 2594 2479 2655; x_wconf 72' lang='grc' dir='ltr'>τήσας,</span> <span class='ocrx_word' id='word_1_590' title='bbox 2540 2593 2629 2641; x_wconf 87' lang='grc' dir='ltr'><strong>καὶ</strong></span> <span class='ocrx_word' id='word_1_591' title='bbox 2675 2597 2747 2659; x_wconf 86' lang='grc' dir='ltr'>τῷ</span> <span class='ocrx_word' id='word_1_592' title='bbox 2796 2594 2986 2660; x_wconf 82' lang='grc' dir='ltr'>Σεργίῳ</span> <span class='ocrx_word' id='word_1_593' title='bbox 3045 2587 3203 2663; x_wconf 82' lang='grc' dir='ltr'>εύρὼν</span> <span class='ocrx_word' id='word_1_594' title='bbox 3258 2590 3613 2661; x_wconf 80' lang='grc' dir='ltr'>ὁμογνώμονα,</span> <span class='ocrx_word' id='word_1_595' title='bbox 3663 2593 3756 2647; x_wconf 82' lang='grc' dir='ltr'>τὴν</span> <span class='ocrx_word' id='word_1_596' title='bbox 3814 2591 3906 2642; x_wconf 87' lang='grc' dir='ltr'>θο-</span> 
     </span>
    </p>
   </div>
   <div class='ocr_carea' id='block_1_89' title="bbox 2297 2674 3901 2752">
    <p class='ocr_par' dir='ltr' id='par_1_89' title="bbox 2297 2674 3901 2752">
     <span class='ocr_line' id='line_1_91' title="bbox 2297 2674 3901 2752; baseline 0.002 -23"><span class='ocrx_word' id='word_1_597' title='bbox 2297 2677 2444 2751; x_wconf 82' lang='grc' dir='ltr'>λεράν</span> <span class='ocrx_word' id='word_1_598' title='bbox 2497 2685 2588 2738; x_wconf 82' lang='grc' dir='ltr'>τῆς</span> <span class='ocrx_word' id='word_1_599' title='bbox 2646 2674 2807 2740; x_wconf 86' lang='grc' dir='ltr'>δόξης</span> <span class='ocrx_word' id='word_1_600' title='bbox 2860 2680 3056 2738; x_wconf 85' lang='grc' dir='ltr'>ταύτης</span> <span class='ocrx_word' id='word_1_601' title='bbox 3136 2682 3427 2752; x_wconf 83' lang='grc' dir='ltr'>ἀνατροπὴν</span> <span class='ocrx_word' id='word_1_602' title='bbox 3482 2678 3752 2738; x_wconf 78' lang='grc' dir='ltr'>ποτίζει-αι</span> <span class='ocrx_word' id='word_1_603' title='bbox 3801 2684 3901 2732; x_wconf 84' lang='grc' dir='ltr'>καὶ</span> 
     </span>
    </p>
   </div>
   <div class='ocr_carea' id='block_1_90' title="bbox 2298 2765 3903 2841">
    <p class='ocr_par' dir='ltr' id='par_1_90' title="bbox 2298 2765 3903 2841">
     <span class='ocr_line' id='line_1_92' title="bbox 2298 2765 3903 2841; baseline 0.001 -23"><span class='ocrx_word' id='word_1_604' title='bbox 2298 2766 2454 2828; x_wconf 66' lang='grc' dir='ltr'>αὐτὸς</span> <span class='ocrx_word' id='word_1_605' title='bbox 2517 2769 2662 2841; x_wconf 85' lang='grc' dir='ltr'>παρὰ</span> <span class='ocrx_word' id='word_1_606' title='bbox 2725 2774 2825 2818; x_wconf 85' lang='grc' dir='ltr'>τῶν</span> <span class='ocrx_word' id='word_1_607' title='bbox 2883 2768 3159 2839; x_wconf 81' lang='grc' dir='ltr'>μισθωτῶν</span> <span class='ocrx_word' id='word_1_608' title='bbox 3227 2765 3426 2820; x_wconf 73' lang='grc' dir='ltr'>ἐκείνων</span> <span class='ocrx_word' id='word_1_609' title='bbox 3490 2770 3580 2819; x_wconf 88' lang='grc' dir='ltr'>καὶ</span> <span class='ocrx_word' id='word_1_610' title='bbox 3643 2771 3715 2839; x_wconf 78' lang='grc' dir='ltr'>μὴ</span> <span class='ocrx_word' id='word_1_611' title='bbox 3779 2786 3903 2820; x_wconf 88' lang='grc' dir='ltr'>ποι-</span> 
     </span>
    </p>
   </div>
   <div class='ocr_carea' id='block_1_91' title="bbox 2295 2854 3895 2929">
    <p class='ocr_par' dir='ltr' id='par_1_91' title="bbox 2295 2854 3895 2929">
     <span class='ocr_line' id='line_1_93' title="bbox 2295 2854 3895 2929; baseline 0.001 -21"><span class='ocrx_word' id='word_1_612' title='bbox 2295 2860 2477 2928; x_wconf 83' lang='grc' dir='ltr'>μένων,</span> <span class='ocrx_word' id='word_1_613' title='bbox 2505 2860 2594 2907; x_wconf 85' lang='grc' dir='ltr'>καὶ</span> <span class='ocrx_word' id='word_1_614' title='bbox 2650 2862 2712 2928; x_wconf 74' lang='grc' dir='ltr'>τῇ</span> <span class='ocrx_word' id='word_1_615' title='bbox 2754 2863 2855 2907; x_wconf 86' lang='grc' dir='ltr'>τῶν</span> <span class='ocrx_word' id='word_1_616' title='bbox 2907 2854 3273 2914; x_wconf 84' lang='grc' dir='ltr'>Μονοθελητῶν</span> <span class='ocrx_word' id='word_1_617' title='bbox 3326 2857 3523 2929; x_wconf 81' lang='grc' dir='ltr'>αἱρέσει</span> <span class='ocrx_word' id='word_1_618' title='bbox 3572 2857 3895 2913; x_wconf 86' lang='grc' dir='ltr'>συντίθεται.</span> 
     </span>
    </p>
   </div>
   <div class='ocr_carea' id='block_1_92' title="bbox 2367 2941 3897 3018">
    <p class='ocr_par' dir='ltr' id='par_1_92' title="bbox 2367 2941 3897 3018">
     <span class='ocr_line' id='line_1_94' title="bbox 2367 2941 3897 3018; baseline -0.002 -19"><span class='ocrx_word' id='word_1_619' title='bbox 2367 2943 2436 3017; x_wconf 81' lang='grc' dir='ltr'><strong>β’.</strong></span> <span class='ocrx_word' id='word_1_620' title='bbox 2469 2951 2633 2997; x_wconf 90' lang='grc' dir='ltr'>Τοῦτο</span> <span class='ocrx_word' id='word_1_621' title='bbox 2688 2941 2737 2996; x_wconf 84' lang='grc' dir='ltr'>δ’</span> <span class='ocrx_word' id='word_1_622' title='bbox 2793 2944 2859 3005; x_wconf 88' lang='grc' dir='ltr'><strong>εἰς</strong></span> <span class='ocrx_word' id='word_1_623' title='bbox 2916 2942 3025 2997; x_wconf 84' lang='grc' dir='ltr'>ὦτα</span> <span class='ocrx_word' id='word_1_624' title='bbox 3089 2941 3361 3017; x_wconf 86' lang='grc' dir='ltr'>δεξάμενος</span> <span class='ocrx_word' id='word_1_625' title='bbox 3417 2945 3442 2996; x_wconf 89' lang='grc' dir='ltr'><strong>ὀ</strong></span> <span class='ocrx_word' id='word_1_626' title='bbox 3525 2943 3897 3018; x_wconf 86' lang='grc' dir='ltr'>Ἱεροσολύμων</span> 
     </span>
    </p>
   </div>
   <div class='ocr_carea' id='block_1_93' title="bbox 2293 3032 3897 3106">
    <p class='ocr_par' dir='ltr' id='par_1_93' title="bbox 2293 3032 3897 3106">
     <span class='ocr_line' id='line_1_95' title="bbox 2293 3032 3897 3106; baseline 0.001 -20"><span class='ocrx_word' id='word_1_627' title='bbox 2293 3038 2567 3106; x_wconf 75' lang='grc' dir='ltr'>Σωφόνιος,</span> <span class='ocrx_word' id='word_1_628' title='bbox 2621 3032 2689 3093; x_wconf 85' lang='grc' dir='ltr'><strong>εἰς</strong></span> <span class='ocrx_word' id='word_1_629' title='bbox 2752 3038 2846 3091; x_wconf 71' lang='grc' dir='ltr'><strong>την</strong></span> <span class='ocrx_word' id='word_1_630' title='bbox 2908 3038 3298 3087; x_wconf 82' lang='grc' dir='ltr'>Κωνσταντίνου</span> <span class='ocrx_word' id='word_1_631' title='bbox 3354 3032 3653 3086; x_wconf 88' lang='grc' dir='ltr'>καλλίπολιν</span> <span class='ocrx_word' id='word_1_632' title='bbox 3718 3053 3897 3101; x_wconf 88' lang='grc' dir='ltr'>παρα-</span> 
     </span>
    </p>
   </div>
   <div class='ocr_carea' id='block_1_94' title="bbox 2291 3126 3894 3197">
    <p class='ocr_par' dir='ltr' id='par_1_94' title="bbox 2291 3126 3894 3197">
     <span class='ocr_line' id='line_1_96' title="bbox 2291 3126 3894 3197; baseline 0.001 -23"><span class='ocrx_word' id='word_1_633' title='bbox 2291 3127 2512 3194; x_wconf 87' lang='grc' dir='ltr'>γίνεται,</span> <span class='ocrx_word' id='word_1_634' title='bbox 2557 3126 2647 3174; x_wconf 83' lang='grc' dir='ltr'>καὶ</span> <span class='ocrx_word' id='word_1_635' title='bbox 2707 3127 2898 3197; x_wconf 82' lang='grc' dir='ltr'>Σεργίῳ</span> <span class='ocrx_word' id='word_1_636' title='bbox 2960 3127 3349 3195; x_wconf 81' lang='grc' dir='ltr'>συγγενόμενος,</span> <span class='ocrx_word' id='word_1_637' title='bbox 3414 3128 3658 3196; x_wconf 85' lang='grc' dir='ltr'>πειρᾶται</span> <span class='ocrx_word' id='word_1_638' title='bbox 3709 3129 3894 3176; x_wconf 85' lang='grc' dir='ltr'>τοῦτον</span> 
     </span>
    </p>
   </div>
   <div class='ocr_carea' id='block_1_95' title="bbox 2293 3207 3894 3287">
    <p class='ocr_par' dir='ltr' id='par_1_95' title="bbox 2293 3207 3894 3287">
     <span class='ocr_line' id='line_1_97' title="bbox 2293 3207 3894 3287; baseline 0.001 -24"><span class='ocrx_word' id='word_1_639' title='bbox 2293 3211 2624 3287; x_wconf 78' lang='grc' dir='ltr'>ἐπανορθοῦν,</span> <span class='ocrx_word' id='word_1_640' title='bbox 2678 3211 2836 3264; x_wconf 88' lang='grc' dir='ltr'>λέθων</span> <span class='ocrx_word' id='word_1_641' title='bbox 2878 3207 3045 3284; x_wconf 72' lang='grc' dir='ltr'>μηδὲν</span> <span class='ocrx_word' id='word_1_642' title='bbox 3104 3231 3157 3263; x_wconf 91' lang='grc' dir='ltr'><strong>τι</strong></span> <span class='ocrx_word' id='word_1_643' title='bbox 3214 3208 3578 3283; x_wconf 80' lang='grc' dir='ltr'>διενηνοχέναι</span> <span class='ocrx_word' id='word_1_644' title='bbox 3635 3219 3726 3264; x_wconf 89' lang='grc' dir='ltr'><strong>τοῦ</strong></span> <span class='ocrx_word' id='word_1_645' title='bbox 3765 3215 3894 3284; x_wconf 86' lang='grc' dir='ltr'>μίαν</span> 
     </span>
    </p>
   </div>
   <div class='ocr_carea' id='block_1_96' title="bbox 2294 3298 3898 3375">
    <p class='ocr_par' dir='ltr' id='par_1_96' title="bbox 2294 3298 3898 3375">
     <span class='ocr_line' id='line_1_98' title="bbox 2294 3298 3898 3375; baseline 0.002 -22"><span class='ocrx_word' id='word_1_646' title='bbox 2294 3305 2448 3374; x_wconf 78' lang='grc' dir='ltr'>φύσιν</span> <span class='ocrx_word' id='word_1_647' title='bbox 2480 3302 2641 3373; x_wconf 84' lang='grc' dir='ltr'>λέγειν</span> <span class='ocrx_word' id='word_1_648' title='bbox 2682 3300 2766 3353; x_wconf 83' lang='grc' dir='ltr'><strong>ἐπὶ</strong></span> <span class='ocrx_word' id='word_1_649' title='bbox 2810 3309 3044 3374; x_wconf 86' lang='grc' dir='ltr'>Χριστοῦ</span> <span class='ocrx_word' id='word_1_650' title='bbox 3094 3304 3151 3353; x_wconf 88' lang='grc' dir='ltr'>τὸ</span> <span class='ocrx_word' id='word_1_651' title='bbox 3206 3298 3542 3374; x_wconf 78' lang='grc' dir='ltr'>δογματίζειν</span> <span class='ocrx_word' id='word_1_652' title='bbox 3590 3301 3638 3355; x_wconf 80' lang='grc' dir='ltr'>ἓν</span> <span class='ocrx_word' id='word_1_653' title='bbox 3695 3302 3898 3375; x_wconf 80' lang='grc' dir='ltr'>θέλημα</span> 
     </span>
    </p>
   </div>
   <div class='ocr_carea' id='block_1_97' title="bbox 2294 3389 3895 3465">
    <p class='ocr_par' dir='ltr' id='par_1_97' title="bbox 2294 3389 3895 3465">
     <span class='ocr_line' id='line_1_99' title="bbox 2294 3389 3895 3465; baseline 0.001 -22"><span class='ocrx_word' id='word_1_654' title='bbox 2294 3397 2382 3444; x_wconf 82' lang='grc' dir='ltr'>καὶ</span> <span class='ocrx_word' id='word_1_655' title='bbox 2412 3396 2535 3465; x_wconf 89' lang='grc' dir='ltr'>μίαν</span> <span class='ocrx_word' id='word_1_656' title='bbox 2573 3389 2847 3464; x_wconf 79' lang='grc' dir='ltr'>ἐνέργειαν,</span> <span class='ocrx_word' id='word_1_657' title='bbox 2898 3395 2988 3443; x_wconf 85' lang='grc' dir='ltr'>καὶ</span> <span class='ocrx_word' id='word_1_658' title='bbox 3041 3392 3107 3451; x_wconf 85' lang='grc' dir='ltr'>ὡς</span> <span class='ocrx_word' id='word_1_659' title='bbox 3158 3390 3293 3444; x_wconf 77' lang='grc' dir='ltr'>οὕτω</span> <span class='ocrx_word' id='word_1_660' title='bbox 3342 3390 3496 3443; x_wconf 89' lang='grc' dir='ltr'>πάλίν</span> <span class='ocrx_word' id='word_1_661' title='bbox 3543 3393 3573 3449; x_wconf 79' lang='grc' dir='ltr'>ἡ</span> <span class='ocrx_word' id='word_1_662' title='bbox 3628 3400 3727 3444; x_wconf 84' lang='grc' dir='ltr'>τῶν</span> <span class='ocrx_word' id='word_1_663' title='bbox 3774 3399 3895 3445; x_wconf 80' lang='lat' dir='ltr'><strong>Mo-</strong></span> 
     </span>
    </p>
   </div>
   <div class='ocr_carea' id='block_1_98' title="bbox 2293 3477 3900 3554">
    <p class='ocr_par' dir='ltr' id='par_1_98' title="bbox 2293 3477 3900 3554">
     <span class='ocr_line' id='line_1_100' title="bbox 2293 3477 3900 3554; baseline 0.001 -23"><span class='ocrx_word' id='word_1_664' title='bbox 2293 3488 2580 3553; x_wconf 77' lang='grc' dir='ltr'>νοφυσιτῶν</span> <span class='ocrx_word' id='word_1_665' title='bbox 2653 3481 2848 3554; x_wconf 80' lang='grc' dir='ltr'>αἵρεσις</span> <span class='ocrx_word' id='word_1_666' title='bbox 2895 3478 3245 3551; x_wconf 78' lang='grc' dir='ltr'>ἐπεισάγεται,</span> <span class='ocrx_word' id='word_1_667' title='bbox 3298 3480 3358 3539; x_wconf 70' lang='grc' dir='ltr'>ἦν</span> <span class='ocrx_word' id='word_1_668' title='bbox 3402 3481 3431 3538; x_wconf 82' lang='grc' dir='ltr'><strong>ἠ</strong></span> <span class='ocrx_word' id='word_1_669' title='bbox 3482 3478 3530 3531; x_wconf 81' lang='grc' dir='ltr'>ἐν</span> <span class='ocrx_word' id='word_1_670' title='bbox 3588 3477 3900 3539; x_wconf 82' lang='grc' dir='ltr'>Χαλκηδόνι</span> 
     </span>
    </p>
   </div>
   <div class='ocr_carea' id='block_1_99' title="bbox 2297 3565 3897 3645">
    <p class='ocr_par' dir='ltr' id='par_1_99' title="bbox 2297 3565 3897 3645">
     <span class='ocr_line' id='line_1_101' title="bbox 2297 3565 3897 3645; baseline 0.001 -24"><span class='ocrx_word' id='word_1_671' title='bbox 2297 3565 2519 3631; x_wconf 87' lang='grc' dir='ltr'>σύνοδος</span> <span class='ocrx_word' id='word_1_672' title='bbox 2558 3567 2843 3627; x_wconf 77' lang='grc' dir='ltr'>ἀπόϐλητον</span> <span class='ocrx_word' id='word_1_673' title='bbox 2900 3571 3081 3642; x_wconf 82' lang='grc' dir='ltr'>ἔκρινε.</span> <span class='ocrx_word' id='word_1_674' title='bbox 3127 3574 3228 3621; x_wconf 85' lang='grc' dir='ltr'><strong>Καὶ</strong></span> <span class='ocrx_word' id='word_1_675' title='bbox 3298 3568 3575 3644; x_wconf 85' lang='grc' dir='ltr'>παρεκάλει</span> <span class='ocrx_word' id='word_1_676' title='bbox 3631 3573 3717 3622; x_wconf 89' lang='grc' dir='ltr'><strong>τόν</strong></span> <span class='ocrx_word' id='word_1_677' title='bbox 3766 3574 3897 3645; x_wconf 84' lang='grc' dir='ltr'>Σέρ-</span> 
     </span>
    </p>
   </div>
   <div class='ocr_carea' id='block_1_100' title="bbox 2293 3656 3899 3732">
    <p class='ocr_par' dir='ltr' id='par_1_100' title="bbox 2293 3656 3899 3732">
     <span class='ocr_line' id='line_1_102' title="bbox 2293 3656 3899 3732; baseline 0 -21"><span class='ocrx_word' id='word_1_678' title='bbox 2293 3679 2425 3730; x_wconf 86' lang='grc' dir='ltr'>γιον,</span> <span class='ocrx_word' id='word_1_679' title='bbox 2471 3663 2540 3732; x_wconf 75' lang='grc' dir='ltr'>μὴ</span> <span class='ocrx_word' id='word_1_680' title='bbox 2605 3663 2696 3711; x_wconf 87' lang='grc' dir='ltr'>καὶ</span> <span class='ocrx_word' id='word_1_681' title='bbox 2736 3656 2887 3720; x_wconf 74' lang='grc' dir='ltr'>αὖθις</span> <span class='ocrx_word' id='word_1_682' title='bbox 2938 3664 3029 3716; x_wconf 71' lang='grc' dir='ltr'><strong>την</strong></span> <span class='ocrx_word' id='word_1_683' title='bbox 3066 3658 3378 3716; x_wconf 82' lang='grc' dir='ltr'>Ἐκκλησίαν</span> <span class='ocrx_word' id='word_1_684' title='bbox 3428 3659 3499 3719; x_wconf 80' lang='grc' dir='ltr'>εἰς</span> <span class='ocrx_word' id='word_1_685' title='bbox 3548 3657 3750 3730; x_wconf 84' lang='grc' dir='ltr'>ἀγῶνας</span> <span class='ocrx_word' id='word_1_686' title='bbox 3807 3658 3899 3732; x_wconf 72' lang='grc' dir='ltr'>έμ-</span> 
     </span>
    </p>
   </div>
   <div class='ocr_carea' id='block_1_101' title="bbox 2297 3744 3895 3823">
    <p class='ocr_par' dir='ltr' id='par_1_101' title="bbox 2297 3744 3895 3823">
     <span class='ocr_line' id='line_1_103' title="bbox 2297 3744 3895 3823; baseline 0 -23"><span class='ocrx_word' id='word_1_687' title='bbox 2297 3747 2485 3802; x_wconf 75' lang='grc' dir='ltr'>ϐαλεῖν.</span> <span class='ocrx_word' id='word_1_688' title='bbox 2533 3752 2820 3821; x_wconf 77' lang='grc' dir='ltr'>Σωφρονίου</span> <span class='ocrx_word' id='word_1_689' title='bbox 2882 3744 2940 3799; x_wconf 76' lang='grc' dir='ltr'>δὲ</span> <span class='ocrx_word' id='word_1_690' title='bbox 2978 3755 3075 3810; x_wconf 80' lang='grc' dir='ltr'>τῆς</span> <span class='ocrx_word' id='word_1_691' title='bbox 3129 3752 3520 3800; x_wconf 79' lang='grc' dir='ltr'>Κωνσταντίνου</span> <span class='ocrx_word' id='word_1_692' title='bbox 3576 3745 3895 3823; x_wconf 78' lang='grc' dir='ltr'>ἀπάραντος,</span> 
     </span>
    </p>
   </div>
   <div class='ocr_carea' id='block_1_102' title="bbox 2295 3835 3901 3909">
    <p class='ocr_par' dir='ltr' id='par_1_102' title="bbox 2295 3835 3901 3909">
     <span class='ocr_line' id='line_1_104' title="bbox 2295 3835 3901 3909; baseline 0.001 -20"><span class='ocrx_word' id='word_1_693' title='bbox 2295 3836 2590 3909; x_wconf 80' lang='grc' dir='ltr'>Ἡράκλειος</span> <span class='ocrx_word' id='word_1_694' title='bbox 2676 3841 2767 3888; x_wconf 83' lang='grc' dir='ltr'>καὶ</span> <span class='ocrx_word' id='word_1_695' title='bbox 2860 3840 3064 3908; x_wconf 82' lang='grc' dir='ltr'>Σέργιος</span> <span class='ocrx_word' id='word_1_696' title='bbox 3164 3835 3445 3908; x_wconf 73' lang='grc' dir='ltr'>σύμψηφον</span> <span class='ocrx_word' id='word_1_697' title='bbox 3548 3838 3754 3908; x_wconf 83' lang='grc' dir='ltr'>ἔχοντες</span> <span class='ocrx_word' id='word_1_698' title='bbox 3803 3843 3901 3890; x_wconf 83' lang='grc' dir='ltr'><strong>καὶ</strong></span> 
     </span>
    </p>
   </div>
   <div class='ocr_carea' id='block_1_103' title="bbox 2293 3924 3900 4000">
    <p class='ocr_par' dir='ltr' id='par_1_103' title="bbox 2293 3924 3900 4000">
     <span class='ocr_line' id='line_1_105' title="bbox 2293 3924 3900 4000; baseline 0 -22"><span class='ocrx_word' id='word_1_699' title='bbox 2293 3927 2530 3983; x_wconf 85' lang='grc' dir='ltr'>Ἰωάννην</span> <span class='ocrx_word' id='word_1_700' title='bbox 2621 3926 2697 3996; x_wconf 87' lang='grc'><strong>(1)</strong></span> <span class='ocrx_word' id='word_1_701' title='bbox 2772 3928 2858 3977; x_wconf 87' lang='grc' dir='ltr'><strong>τόν</strong></span> <span class='ocrx_word' id='word_1_702' title='bbox 2923 3934 3015 3985; x_wconf 77' lang='grc' dir='ltr'>τῆς</span> <span class='ocrx_word' id='word_1_703' title='bbox 3080 3924 3397 4000; x_wconf 85' lang='grc' dir='ltr'>παλαιτέρας</span> <span class='ocrx_word' id='word_1_704' title='bbox 3477 3924 3673 3998; x_wconf 82' lang='grc' dir='ltr'>Ῥώμης</span> <span class='ocrx_word' id='word_1_705' title='bbox 3747 3945 3900 3984; x_wconf 88' lang='grc' dir='ltr'>τηνι-</span> 
     </span>
    </p>
   </div>
   <div class='ocr_carea' id='block_1_104' title="bbox 2297 4010 3901 4090">
    <p class='ocr_par' dir='ltr' id='par_1_104' title="bbox 2297 4010 3901 4090">
     <span class='ocr_line' id='line_1_106' title="bbox 2297 4010 3901 4090; baseline 0 -23"><span class='ocrx_word' id='word_1_706' title='bbox 2297 4022 2467 4067; x_wconf 84' lang='grc' dir='ltr'>καῦτα</span> <span class='ocrx_word' id='word_1_707' title='bbox 2507 4010 2779 4089; x_wconf 83' lang='grc' dir='ltr'>πρόεδρον,</span> <span class='ocrx_word' id='word_1_708' title='bbox 2832 4014 2879 4066; x_wconf 81' lang='grc' dir='ltr'>ἓν</span> <span class='ocrx_word' id='word_1_709' title='bbox 2921 4014 3117 4087; x_wconf 82' lang='grc' dir='ltr'>θέλημα</span> <span class='ocrx_word' id='word_1_710' title='bbox 3164 4022 3256 4066; x_wconf 87' lang='grc' dir='ltr'><strong>τοῦ</strong></span> <span class='ocrx_word' id='word_1_711' title='bbox 3306 4019 3481 4086; x_wconf 88' lang='grc' dir='ltr'>Λόγου</span> <span class='ocrx_word' id='word_1_712' title='bbox 3512 4020 3601 4067; x_wconf 84' lang='grc' dir='ltr'>καὶ</span> <span class='ocrx_word' id='word_1_713' title='bbox 3630 4023 3721 4075; x_wconf 85' lang='grc' dir='ltr'>τῆς</span> <span class='ocrx_word' id='word_1_714' title='bbox 3767 4033 3901 4090; x_wconf 83' lang='grc' dir='ltr'>σαρ-</span> 
     </span>
    </p>
   </div>
   <div class='ocr_carea' id='block_1_105' title="bbox 2676 3841 2767 3888">
    <p class='ocr_par' dir='ltr' id='par_1_105' title="bbox 2676 3841 2767 3888">
     <span class='ocr_line' id='line_1_107' title="bbox 2676 3841 2767 3888; baseline 0.011 -1"><span class='ocrx_word' id='word_1_715' title='bbox 2676 3841 2767 3888; x_wconf 83' lang='grc' dir='ltr'>καὶ</span> 
     </span>
    </p>
   </div>
   <div class='ocr_carea' id='block_1_106' title="bbox 2298 4101 3902 4180">
    <p class='ocr_par' dir='ltr' id='par_1_106' title="bbox 2298 4101 3902 4180">
     <span class='ocr_line' id='line_1_108' title="bbox 2298 4101 3902 4180; baseline 0 -23"><span class='ocrx_word' id='word_1_716' title='bbox 2298 4109 2384 4165; x_wconf 83' lang='grc' dir='ltr'>κὸς</span> <span class='ocrx_word' id='word_1_717' title='bbox 2432 4101 2805 4177; x_wconf 71' lang='grc' dir='ltr'>ἐδογμάτισαν,</span> <span class='ocrx_word' id='word_1_718' title='bbox 2866 4110 2956 4157; x_wconf 83' lang='grc' dir='ltr'><strong>και</strong></span> <span class='ocrx_word' id='word_1_719' title='bbox 3018 4107 3306 4180; x_wconf 83' lang='grc' dir='ltr'>γράμματα</span> <span class='ocrx_word' id='word_1_720' title='bbox 3355 4109 3473 4177; x_wconf 86' lang='grc' dir='ltr'>περὶ</span> <span class='ocrx_word' id='word_1_721' title='bbox 3524 4107 3709 4157; x_wconf 86' lang='grc' dir='ltr'>τούτου</span> <span class='ocrx_word' id='word_1_722' title='bbox 3769 4124 3902 4157; x_wconf 88' lang='grc' dir='ltr'>παν-</span> 
     </span>
    </p>
   </div>
   <div class='ocr_carea' id='block_1_107' title="bbox 2300 4190 3898 4267">
    <p class='ocr_par' dir='ltr' id='par_1_107' title="bbox 2300 4190 3898 4267">
     <span class='ocr_line' id='line_1_109' title="bbox 2300 4190 3898 4267; baseline -0.001 -20"><span class='ocrx_word' id='word_1_723' title='bbox 2300 4201 2473 4267; x_wconf 84' lang='grc' dir='ltr'>ταχοῦ</span> <span class='ocrx_word' id='word_1_724' title='bbox 2553 4190 2980 4267; x_wconf 73' lang='grc' dir='ltr'>διεκπέμψαντες,</span> <span class='ocrx_word' id='word_1_725' title='bbox 3039 4197 3134 4256; x_wconf 81' lang='grc' dir='ltr'>τὰς</span> <span class='ocrx_word' id='word_1_726' title='bbox 3195 4194 3507 4257; x_wconf 83' lang='grc' dir='ltr'>Ἐκκλησίας</span> <span class='ocrx_word' id='word_1_727' title='bbox 3575 4191 3898 4247; x_wconf 83' lang='grc' dir='ltr'>διέσπασαν.</span> 
     </span>
    </p>
   </div>
   <div class='ocr_carea' id='block_1_108' title="bbox 2372 4279 3904 4358">
    <p class='ocr_par' dir='ltr' id='par_1_108' title="bbox 2372 4279 3904 4358">
     <span class='ocr_line' id='line_1_110' title="bbox 2372 4279 3904 4358; baseline 0 -22"><span class='ocrx_word' id='word_1_728' title='bbox 2372 4282 2437 4355; x_wconf 89' lang='grc' dir='ltr'><strong>γ’.</strong></span> <span class='ocrx_word' id='word_1_729' title='bbox 2468 4282 2769 4358; x_wconf 80' lang='grc' dir='ltr'>Ἡρακλείου</span> <span class='ocrx_word' id='word_1_730' title='bbox 2829 4279 2887 4335; x_wconf 70' lang='grc' dir='ltr'>δὲ</span> <span class='ocrx_word' id='word_1_731' title='bbox 2937 4286 3021 4335; x_wconf 88' lang='grc' dir='ltr'><strong>τόν</strong></span> <span class='ocrx_word' id='word_1_732' title='bbox 3071 4282 3130 4355; x_wconf 83' lang='grc' dir='ltr'>βι</span> <span class='ocrx_word' id='word_1_733' title='bbox 3242 4282 3579 4346; x_wconf 81' lang='grc' dir='ltr'>ἀπολιπόντος</span> <span class='ocrx_word' id='word_1_734' title='bbox 3632 4285 3765 4335; x_wconf 80' lang='grc' dir='ltr'>κατὰ</span> <span class='ocrx_word' id='word_1_735' title='bbox 3808 4288 3904 4336; x_wconf 84' lang='grc' dir='ltr'><strong>τόν</strong></span> 
     </span>
    </p>
   </div>
   <div class='ocr_carea' id='block_1_109' title="bbox 2304 4371 3907 4450">
    <p class='ocr_par' dir='ltr' id='par_1_109' title="bbox 2304 4371 3907 4450">
     <span class='ocr_line' id='line_1_111' title="bbox 2304 4371 3907 4450; baseline -0.001 -24"><span class='ocrx_word' id='word_1_736' title='bbox 2304 4377 2613 4450; x_wconf 84' lang='grc' dir='ltr'>τριακοστόν</span> <span class='ocrx_word' id='word_1_737' title='bbox 2691 4382 2892 4446; x_wconf 87' lang='grc' dir='ltr'>πρῶτον</span> <span class='ocrx_word' id='word_1_738' title='bbox 2947 4377 3136 4447; x_wconf 86' lang='grc' dir='ltr'>χρόνον</span> <span class='ocrx_word' id='word_1_739' title='bbox 3215 4380 3304 4433; x_wconf 79' lang='grc' dir='ltr'>τῆς</span> <span class='ocrx_word' id='word_1_740' title='bbox 3364 4372 3638 4445; x_wconf 79' lang='grc' dir='ltr'>βασιλείας</span> <span class='ocrx_word' id='word_1_741' title='bbox 3711 4371 3907 4442; x_wconf 70' lang='grc' dir='ltr'>αὐτοῦ,</span> 
     </span>
    </p>
   </div>
   <div class='ocr_carea' id='block_1_110' title="bbox 2304 4461 3905 4537">
    <p class='ocr_par' dir='ltr' id='par_1_110' title="bbox 2304 4461 3905 4537">
     <span class='ocr_line' id='line_1_112' title="bbox 2304 4461 3905 4537; baseline -0.001 -21"><span class='ocrx_word' id='word_1_742' title='bbox 2304 4469 2393 4516; x_wconf 88' lang='grc' dir='ltr'>καὶ</span> <span class='ocrx_word' id='word_1_743' title='bbox 2446 4467 2656 4537; x_wconf 86' lang='grc' dir='ltr'>Σεργίου</span> <span class='ocrx_word' id='word_1_744' title='bbox 2703 4466 2759 4515; x_wconf 87' lang='grc' dir='ltr'>τὸ</span> <span class='ocrx_word' id='word_1_745' title='bbox 2814 4462 2910 4535; x_wconf 72' lang='grc' dir='ltr'><strong>ζῇν</strong></span> <span class='ocrx_word' id='word_1_746' title='bbox 2960 4461 3440 4535; x_wconf 53' lang='grc' dir='ltr'>καταστρέψαντος,</span> <span class='ocrx_word' id='word_1_747' title='bbox 3494 4464 3519 4515; x_wconf 93' lang='lat'><strong>6</strong></span> <span class='ocrx_word' id='word_1_748' title='bbox 3696 4463 3905 4537; x_wconf 73' lang='grc' dir='ltr'>Πύρρος</span> 
     </span>
    </p>
   </div>
   <div class='ocr_carea' id='block_1_111' title="bbox 2305 4639 3905 4725">
    <p class='ocr_par' dir='ltr' id='par_1_111' title="bbox 2305 4639 3905 4725">
     <span class='ocr_line' id='line_1_113' title="bbox 2305 4639 3905 4725; baseline -0.001 -28"><span class='ocrx_word' id='word_1_749' title='bbox 2305 4648 2396 4697; x_wconf 86' lang='grc' dir='ltr'>καὶ</span> <span class='ocrx_word' id='word_1_750' title='bbox 2452 4646 2544 4705; x_wconf 84' lang='grc' dir='ltr'><strong>τὰς</strong></span> <span class='ocrx_word' id='word_1_751' title='bbox 2599 4639 2778 4703; x_wconf 78' lang='grc' dir='ltr'>διττὰς</span> <span class='ocrx_word' id='word_1_752' title='bbox 2830 4641 3076 4716; x_wconf 82' lang='grc' dir='ltr'>ἐνεργείας</span> <span class='ocrx_word' id='word_1_753' title='bbox 3105 4646 3235 4715; x_wconf 84' lang='grc' dir='ltr'>μετὰ</span> <span class='ocrx_word' id='word_1_754' title='bbox 3280 4650 3391 4725; x_wconf 34' lang='grc' dir='ltr'>τῶν.</span> <span class='ocrx_word' id='word_1_755' title='bbox 3417 4645 3546 4695; x_wconf 79' lang='grc' dir='ltr'>ἴσων</span> <span class='ocrx_word' id='word_1_756' title='bbox 3596 4642 3905 4725; x_wconf 52' lang='grc' dir='ltr'>θελημάτων</span> 
     </span>
    </p>
   </div>
   <div class='ocr_carea' id='block_1_112' title="bbox 2305 4710 3908 4787">
    <p class='ocr_par' dir='ltr' id='par_1_112' title="bbox 2305 4710 3908 4787">
     <span class='ocr_line' id='line_1_114' title="bbox 2305 4710 3908 4787; baseline -0.001 -19"><span class='ocrx_word' id='word_1_757' title='bbox 2305 4716 2681 4787; x_wconf 81' lang='grc' dir='ltr'>ὁμολογοῦντας</span> <span class='ocrx_word' id='word_1_758' title='bbox 2732 4719 2821 4767; x_wconf 86' lang='grc' dir='ltr'>καὶ</span> <span class='ocrx_word' id='word_1_759' title='bbox 2858 4710 3214 4787; x_wconf 61' lang='grc' dir='ltr'>περιέποντας.</span> <span class='ocrx_word' id='word_1_760' title='bbox 3273 4714 3580 4785; x_wconf 83' lang='grc' dir='ltr'>Βουλόμενος</span> <span class='ocrx_word' id='word_1_761' title='bbox 3620 4710 3684 4787; x_wconf 21' lang='grc' dir='ltr'>,δ’</span> <span class='ocrx_word' id='word_1_762' title='bbox 3716 4710 3740 4765; x_wconf 89' lang='lat'><strong>6</strong></span> <span class='ocrx_word' id='word_1_763' title='bbox 3768 4715 3908 4786; x_wconf 79' lang='grc' dir='ltr'>ἱερὸς</span> 
     </span>
    </p>
   </div>
   <div class='ocr_carea' id='block_1_113' title="bbox 2307 4775 3902 4860">
    <p class='ocr_par' dir='ltr' id='par_1_113' title="bbox 2307 4775 3902 4860">
     <span class='ocr_line' id='line_1_115' title="bbox 2307 4775 3902 4860; baseline -0.001 -21"><span class='ocrx_word' id='word_1_764' title='bbox 2307 4775 2623 4859; x_wconf 50' lang='grc' dir='ltr'>ούτοξάνὴρ</span> <span class='ocrx_word' id='word_1_765' title='bbox 2668 4775 2758 4838; x_wconf 84' lang='grc' dir='ltr'>καὶ</span> <span class='ocrx_word' id='word_1_766' title='bbox 2805 4775 3053 4860; x_wconf 69' lang='grc' dir='ltr'>μειζόνως</span> <span class='ocrx_word' id='word_1_767' title='bbox 3107 4775 3466 4860; x_wconf 83' lang='grc' dir='ltr'>διατρανὼσάι</span> <span class='ocrx_word' id='word_1_768' title='bbox 3504 4788 3568 4838; x_wconf 87' lang='grc' dir='ltr'><strong>τά</strong></span> <span class='ocrx_word' id='word_1_769' title='bbox 3608 4775 3902 4860; x_wconf 74' lang='grc' dir='ltr'>ἐκτεθέντα,</span> 
     </span>
    </p>
   </div>
   <div class='ocr_carea' id='block_1_114' title="bbox 2308 4857 3906 4930">
    <p class='ocr_par' dir='ltr' id='par_1_114' title="bbox 2308 4857 3906 4930">
     <span class='ocr_line' id='line_1_116' title="bbox 2308 4857 3906 4930; baseline -0.003 -18"><span class='ocrx_word' id='word_1_770' title='bbox 2308 4857 2462 4917; x_wconf 84' lang='grc' dir='ltr'>δηλοῖ</span> <span class='ocrx_word' id='word_1_771' title='bbox 2504 4857 2602 4909; x_wconf 84' lang='grc' dir='ltr'>ἀνὰ</span> <span class='ocrx_word' id='word_1_772' title='bbox 2650 4857 2811 4930; x_wconf 75' lang='grc' dir='ltr'>μέρος</span> <span class='ocrx_word' id='word_1_773' title='bbox 2840 4862 2955 4930; x_wconf 84' lang='grc' dir='ltr'>περὶ</span> <span class='ocrx_word' id='word_1_774' title='bbox 2986 4857 3153 4909; x_wconf 76' lang='grc' dir='ltr'>αὐτῶν</span> <span class='ocrx_word' id='word_1_775' title='bbox 3182 4857 3272 4909; x_wconf 80' lang='grc' dir='ltr'>καὶ</span> <span class='ocrx_word' id='word_1_776' title='bbox 3314 4858 3519 4929; x_wconf 75' lang='grc' dir='ltr'>Ἰωάννη</span> <span class='ocrx_word' id='word_1_777' title='bbox 3568 4865 3640 4927; x_wconf 82' lang='grc' dir='ltr'>τῷ</span> <span class='ocrx_word' id='word_1_778' title='bbox 3675 4857 3906 4928; x_wconf 80' lang='grc' dir='ltr'>Ῥώμης,</span> 
     </span>
    </p>
   </div>
   <div class='ocr_carea' id='block_1_115' title="bbox 2306 4929 3910 5003">
    <p class='ocr_par' dir='ltr' id='par_1_115' title="bbox 2306 4929 3910 5003">
     <span class='ocr_line' id='line_1_117' title="bbox 2306 4929 3910 5003; baseline -0.001 -20"><span class='ocrx_word' id='word_1_779' title='bbox 2306 4932 2440 4983; x_wconf 72' lang='grc' dir='ltr'>οὕτω</span> <span class='ocrx_word' id='word_1_780' title='bbox 2483 4932 2583 5003; x_wconf 79' lang='grc' dir='ltr'>γὰρ</span> <span class='ocrx_word' id='word_1_781' title='bbox 2630 4929 2856 5003; x_wconf 69' lang='grc' dir='ltr'>ἐκαλεῖτο</span> <span class='ocrx_word' id='word_1_782' title='bbox 2900 4929 3106 4999; x_wconf 82' lang='grc' dir='ltr'>ἐκεῖνος,</span> <span class='ocrx_word' id='word_1_783' title='bbox 3140 4933 3230 4980; x_wconf 86' lang='grc' dir='ltr'>καὶ</span> <span class='ocrx_word' id='word_1_784' title='bbox 3274 4933 3464 5003; x_wconf 85' lang='grc' dir='ltr'>Σεργίῳ</span> <span class='ocrx_word' id='word_1_785' title='bbox 3510 4935 3581 5003; x_wconf 76' lang='grc' dir='ltr'><strong>τῳ</strong></span> <span class='ocrx_word' id='word_1_786' title='bbox 3607 4934 3910 5003; x_wconf 61' lang='grc' dir='ltr'><strong>ΔΚωνστοινψ</strong></span> 
     </span>
    </p>
   </div>
   <div class='ocr_carea' id='block_1_116' title="bbox 2304 4984 3907 5073">
    <p class='ocr_par' dir='ltr' id='par_1_116' title="bbox 2304 4984 3907 5073">
     <span class='ocr_line' id='line_1_118' title="bbox 2304 4984 3907 5073; baseline -0.002 -18"><span class='ocrx_word' id='word_1_787' title='bbox 2304 4984 2657 5070; x_wconf 76' lang='grc' dir='ltr'>τινουπόλὲως,</span> <span class='ocrx_word' id='word_1_788' title='bbox 2702 4998 2827 5051; x_wconf 82' lang='grc' dir='ltr'><strong>ἀλλά</strong></span> <span class='ocrx_word' id='word_1_789' title='bbox 2876 5006 2981 5073; x_wconf 73' lang='grc' dir='ltr'>μὴν</span> <span class='ocrx_word' id='word_1_790' title='bbox 3034 4984 3120 5051; x_wconf 73' lang='grc' dir='ltr'>κάὶ</span> <span class='ocrx_word' id='word_1_791' title='bbox 3165 4984 3341 5073; x_wconf 51' lang='grc' dir='ltr'>Κύρῳ.</span> <span class='ocrx_word' id='word_1_792' title='bbox 3492 4984 3907 5073; x_wconf 36' lang='grc' dir='ltr'>ξΑλεξανδρελίας,</span> 
     </span>
    </p>
   </div>
   <div class='ocr_carea' id='block_1_117' title="bbox 2306 5067 3906 5145">
    <p class='ocr_par' dir='ltr' id='par_1_117' title="bbox 2306 5067 3906 5145">
     <span class='ocr_line' id='line_1_119' title="bbox 2306 5067 3906 5145; baseline -0.002 -20"><span class='ocrx_word' id='word_1_793' title='bbox 2306 5077 2423 5133; x_wconf 83' lang='grc' dir='ltr'>τοὺς</span> <span class='ocrx_word' id='word_1_794' title='bbox 2496 5075 2585 5145; x_wconf 71' lang='grc' dir='ltr'>μὲν</span> <span class='ocrx_word' id='word_1_795' title='bbox 2645 5067 2884 5145; x_wconf 60' lang='grc' dir='ltr'>’κακίζων</span> <span class='ocrx_word' id='word_1_796' title='bbox 2936 5077 3042 5145; x_wconf 24' lang='grc' dir='ltr'>,καὶ</span> <span class='ocrx_word' id='word_1_797' title='bbox 3096 5067 3265 5145; x_wconf 74' lang='grc' dir='ltr'>πολλα</span> <span class='ocrx_word' id='word_1_798' title='bbox 3303 5067 3587 5145; x_wconf 51' lang='grc' dir='ltr'>’φαυλίζων</span> <span class='ocrx_word' id='word_1_799' title='bbox 3622 5067 3906 5145; x_wconf 61' lang='grc' dir='ltr'>τοῦδόγέ</span> 
     </span>
    </p>
   </div>
   <div class='ocr_carea' id='block_1_118' title="bbox 2306 5139 3911 5217">
    <p class='ocr_par' dir='ltr' id='par_1_118' title="bbox 2306 5139 3911 5217">
     <span class='ocr_line' id='line_1_120' title="bbox 2306 5139 3911 5217; baseline -0.001 -20"><span class='ocrx_word' id='word_1_800' title='bbox 2306 5139 2505 5217; x_wconf 69' lang='grc' dir='ltr'>ματος,’</span> <span class='ocrx_word' id='word_1_801' title='bbox 2544 5148 2629 5195; x_wconf 83' lang='grc' dir='ltr'><strong>τον</strong></span> <span class='ocrx_word' id='word_1_802' title='bbox 2689 5139 2739 5195; x_wconf 80' lang='grc' dir='ltr'>δ’</span> <span class='ocrx_word' id='word_1_803' title='bbox 2772 5145 2838 5204; x_wconf 84' lang='grc' dir='ltr'>ὡς</span> <span class='ocrx_word' id='word_1_804' title='bbox 2905 5143 3067 5217; x_wconf 35' lang='grc' dir='ltr'>εἰκός-</span> <span class='ocrx_word' id='word_1_805' title='bbox 3102 5139 3451 5194; x_wconf 70' lang='grc' dir='ltr'>ἐπαινῶν’τὸν</span> <span class='ocrx_word' id='word_1_806' title='bbox 3510 5143 3747 5199; x_wconf 81' lang='grc' dir='ltr'>Ἰωάννην</span> <span class='ocrx_word' id='word_1_807' title='bbox 3794 5139 3911 5217; x_wconf 50' lang='grc' dir='ltr'><strong>-καὶ</strong></span> 
     </span>
    </p>
   </div>
   <div class='ocr_carea' id='block_1_119' title="bbox 2306 5212 3911 5290">
    <p class='ocr_par' dir='ltr' id='par_1_119' title="bbox 2306 5212 3911 5290">
     <span class='ocr_line' id='line_1_121' title="bbox 2306 5212 3911 5290; baseline 0.002 -23"><span class='ocrx_word' id='word_1_808' title='bbox 2306 5212 2509 5290; x_wconf 76' lang='grc' dir='ltr'>μυρίοις</span> <span class='ocrx_word' id='word_1_809' title='bbox 2539 5217 2871 5290; x_wconf 66' lang='grc' dir='ltr'>καταστέφων</span> <span class='ocrx_word' id='word_1_810' title='bbox 2896 5221 2999 5290; x_wconf 67' lang='grc' dir='ltr'>τοῖς</span> <span class='ocrx_word' id='word_1_811' title='bbox 3047 5213 3334 5287; x_wconf 83' lang='grc' dir='ltr'>ἐγκωμίοις.</span> <span class='ocrx_word' id='word_1_812' title='bbox 3371 5216 3490 5290; x_wconf 76' lang='lat' dir='ltr'><strong>H90</strong></span> <span class='ocrx_word' id='word_1_813' title='bbox 3527 5229 3639 5281; x_wconf 87' lang='lat' dir='ltr'><strong>ego</strong></span> <span class='ocrx_word' id='word_1_814' title='bbox 3686 5212 3911 5290; x_wconf 77' lang='lat' dir='ltr'><strong>perho-</strong></span> 
     </span>
    </p>
   </div>
   <div class='ocr_carea' id='block_1_120' title="bbox 2306 5284 3909 5356">
    <p class='ocr_par' dir='ltr' id='par_1_120' title="bbox 2306 5284 3909 5356">
     <span class='ocr_line' id='line_1_122' title="bbox 2306 5284 3909 5356; baseline 0 -14"><span class='ocrx_word' id='word_1_815' title='bbox 2306 5284 2621 5342; x_wconf 85' lang='lat' dir='ltr'><strong>noriﬁcum</strong></span> <span class='ocrx_word' id='word_1_816' title='bbox 2654 5284 2783 5339; x_wconf 85' lang='lat' dir='ltr'><strong>non</strong></span> <span class='ocrx_word' id='word_1_817' title='bbox 2805 5284 2879 5339; x_wconf 90' lang='lat' dir='ltr'><strong>de</strong></span> <span class='ocrx_word' id='word_1_818' title='bbox 2908 5288 3134 5340; x_wconf 83' lang='lat' dir='ltr'><strong>Joanne</strong></span> <span class='ocrx_word' id='word_1_819' title='bbox 3165 5284 3326 5356; x_wconf 88' lang='lat' dir='ltr'><strong>papa</strong></span> <span class='ocrx_word' id='word_1_820' title='bbox 3354 5284 3568 5340; x_wconf 91' lang='lat' dir='ltr'><strong>solum.</strong></span> <span class='ocrx_word' id='word_1_821' title='bbox 3598 5284 3909 5342; x_wconf 85' lang='lat' dir='ltr'><strong>sedetiam</strong></span> 
     </span>
    </p>
   </div>
   <div class='ocr_carea' id='block_1_121' title="bbox 2307 5356 3907 5429">
    <p class='ocr_par' dir='ltr' id='par_1_121' title="bbox 2307 5356 3907 5429">
     <span class='ocr_line' id='line_1_123' title="bbox 2307 5356 3907 5429; baseline 0 -16"><span class='ocrx_word' id='word_1_822' title='bbox 2307 5358 2382 5413; x_wconf 88' lang='lat' dir='ltr'><strong>de</strong></span> <span class='ocrx_word' id='word_1_823' title='bbox 2414 5357 2770 5429; x_wconf 83' lang='lat' dir='ltr'><strong>Sophronio.</strong></span> <span class='ocrx_word' id='word_1_824' title='bbox 2804 5357 3219 5429; x_wconf 15' lang='lat' dir='ltr'><strong>testimonium,</strong></span> <span class='ocrx_word' id='word_1_825' title='bbox 3235 5356 3486 5429; x_wconf 81' lang='lat' dir='ltr'><strong>libenter</strong></span> <span class='ocrx_word' id='word_1_826' title='bbox 3511 5356 3610 5412; x_wconf 89' lang='lat' dir='ltr'><strong>hic</strong></span> <span class='ocrx_word' id='word_1_827' title='bbox 3636 5356 3907 5429; x_wconf 77' lang='lat' dir='ltr'><strong>recitavi.</strong></span> 
     </span>
    </p>
   </div>
   <div class='ocr_carea' id='block_1_122' title="bbox 2306 5426 3915 5499">
    <p class='ocr_par' dir='ltr' id='par_1_122' title="bbox 2306 5426 3915 5499">
     <span class='ocr_line' id='line_1_124' title="bbox 2306 5426 3915 5499; baseline 0.001 -15"><span class='ocrx_word' id='word_1_828' title='bbox 2306 5426 2607 5484; x_wconf 48' lang='lat' dir='ltr'><strong>Adde—sis</strong></span> <span class='ocrx_word' id='word_1_829' title='bbox 2662 5427 3090 5499; x_wconf 84' lang='lat' dir='ltr'><strong>TheOphanem</strong></span> <span class='ocrx_word' id='word_1_830' title='bbox 3155 5428 3249 5483; x_wconf 93' lang='lat' dir='ltr'><strong>ed.</strong></span> <span class='ocrx_word' id='word_1_831' title='bbox 3318 5426 3499 5495; x_wconf 87' lang='lat' dir='ltr'><strong>Paris,</strong></span> <span class='ocrx_word' id='word_1_832' title='bbox 3544 5426 3800 5499; x_wconf 8' lang='lat' dir='ltr'><strong>_p.g2g74,</strong></span> <span class='ocrx_word' id='word_1_833' title='bbox 3847 5434 3915 5485; x_wconf 88' lang='lat' dir='ltr'><strong>et</strong></span> 
     </span>
    </p>
   </div>
   <div class='ocr_carea' id='block_1_123' title="bbox 2303 5497 3904 5623">
    <p class='ocr_par' dir='ltr' id='par_1_123' title="bbox 2303 5497 3904 5623">
     <span class='ocr_line' id='line_1_125' title="bbox 2303 5497 3904 5623; baseline 0 -69"><span class='ocrx_word' id='word_1_834' title='bbox 2303 5499 2433 5623; x_wconf 49' lang='lat' dir='ltr'><strong>l‘ege</strong></span> <span class='ocrx_word' id='word_1_835' title='bbox 2460 5497 3094 5623; x_wconf 46' lang='lat' dir='ltr'><strong>qqreﬁspribitcopiosc</strong></span> <span class='ocrx_word' id='word_1_836' title='bbox 3130 5499 3329 5554; x_wconf 86' lang='lat' dir='ltr'><strong>Bioius</strong></span> <span class='ocrx_word' id='word_1_837' title='bbox 3362 5497 3582 5561; x_wconf 62' lang='lat' dir='ltr'><strong>Concil;</strong></span> <span class='ocrx_word' id='word_1_838' title='bbox 3632 5497 3821 5553; x_wconf 88' lang='lat' dir='ltr'><strong>Labb.</strong></span> <span class='ocrx_word' id='word_1_839' title='bbox 3859 5504 3904 5556; x_wconf 90' lang='lat' dir='ltr'><strong>t.</strong></span> 
     </span>
     <span class='ocr_line' id='line_1_126' title="bbox 2354 5587 2698 5623; baseline 0 0"><span class='ocrx_word' id='word_1_840' title='bbox 2354 5613 2366 5623; x_wconf 92' lang='lat'><strong>.</strong></span> <span class='ocrx_word' id='word_1_841' title='bbox 2393 5587 2450 5623; x_wconf 84' lang='lat' dir='ltr'><strong>n.</strong></span> <span class='ocrx_word' id='word_1_842' title='bbox 2551 5594 2579 5623; x_wconf 79' lang='grc' dir='ltr'><strong>ο</strong></span> <span class='ocrx_word' id='word_1_843' title='bbox 2624 5602 2640 5610; x_wconf 92' lang='grc'><strong><em>-</em></strong></span> <span class='ocrx_word' id='word_1_844' title='bbox 2685 5612 2698 5623; x_wconf 92' lang='grc'>.</span> 
     </span>
    </p>
   </div>
   <div class='ocr_carea' id='block_1_124' title="bbox 2304 5573 2698 5643">
    <p class='ocr_par' dir='ltr' id='par_1_124' title="bbox 2304 5573 2698 5643">
     <span class='ocr_line' id='line_1_127' title="bbox 2304 5573 2698 5643; baseline 0.008 -18"><span class='ocrx_word' id='word_1_845' title='bbox 2304 5573 2366 5639; x_wconf 91' lang='lat' dir='ltr'><strong>v,</strong></span> <span class='ocrx_word' id='word_1_846' title='bbox 2393 5587 2450 5643; x_wconf 86' lang='lat' dir='ltr'><strong>p.</strong></span> <span class='ocrx_word' id='word_1_847' title='bbox 2484 5573 2698 5628; x_wconf 75' lang='lat'><strong>1756-7.</strong></span> 
     </span>
    </p>
   </div>
  </div>
