4040 6318
106 362 171 414 85
1487 357 1835 416 THESAURI
1872 357 2009 416 LIB.
2054 360 2161 417 XV.

3432 358 3505 415 88

100 486 183 535 τὸν
217 489 323 543 τῆς
383 484 685 556 ἱερωσύνης
745 480 1065 557 διαδέχεται
1104 487 1305 560 θρόνον,
1366 479 1619 555 όμόδοξος
1667 483 1703 534 ὦ

1814 533 1816 538 ,
1846 482 2061 539 eadem
2075 498 2145 539 ac
2165 480 2404 553 Sergius
2418 477 3160 553 proﬁtebatur,imperium
3174 493 3318 538 vero
3334 482 3503 539 sorti-

98 580 165 643 τῷ
210 578 442 647 Σεργίῳ,
507 578 605 632 τήν
670 570 731 627 δί
791 573 1064 647 βασιλείαν
1106 579 1492 633 Κωνσταντίνος
1550 573 1575 624 6
1613 579 1735 632 παῖς

92 662 405 736 Ἡρακλείου
479 664 805 739 κληροῦται.
893 668 1092 718 Τούτου
1170 661 1228 717 δὲ
1304 664 1562 738 φαρμάκῳ
1637 666 1731 720 τὴν

94 753 221 811 ζωὰν
259 751 684 816 καταλύσαντος
744 756 875 827 μετὰ
905 759 1097 829 χρόνον
1144 754 1230 807 ἕνα
1264 761 1355 814 τῆς
1412 754 1729 825 μοναρχίας,

89 841 154 902 εἰς
222 849 520 915 Μαρτίναν
588 849 684 895 καὶ
753 847 841 895 τόν
902 843 1252 920 Ἠρακλεωνᾶν
1304 845 1391 895 τόν
1449 839 1502 904 ἐξ
1571 840 1730 900 αὐτῆς

98 932 383 1003 Ηρακὶείῳ
468 930 835 1005 ἀποτεχθέντα
907 936 937 992 ἡ
1019 932 1268 1006 βασιλεία
1356 937 1659 1005 μεταχωρεῖ
1711 946 1725 961 ·

84 1024 408 1087 μισηθέντες
457 1019 519 1075 δὲ
559 1024 662 1075 ὑπὸ
714 1025 944 1095 πάντων,
999 1021 1092 1077 διὰ
1146 1027 1233 1076 τόν
1287 1030 1381 1075 τοῦ
1441 1028 1724 1075 Κωνσταν-

82 1118 219 1162 τίνου
288 1113 554 1181 θάνατον,
594 1121 691 1175 τῆς
748 1113 1041 1187 αύταρχίας
1088 1112 1449 1166 ἐκπίπτουσιν.
1498 1108 1722 1163 Ἐκϐάλ-

81 1199 217 1251 ista:
262 1196 335 1253 δὲ
396 1207 496 1254 καὶ
546 1201 753 1277 Πύρρος
804 1210 901 1265 τῆς
947 1202 1282 1272 Ἐκκλησίας,
1336 1205 1427 1253 καὶ
1467 1203 1636 1273 φυγὴν
1672 1197 1722 1262 ἐς

80 1295 203 1363 μέρη
288 1292 369 1342 τὰ
449 1291 671 1364 ἑσπέρια
742 1297 1128 1367 κατακρίνεται,
1226 1295 1297 1353 ὡς
1382 1293 1721 1361 συμμέτοχος

78 1378 426 1450 Ἠραχλεωνᾷ
489 1386 581 1433 καὶ
646 1387 884 1456 Μαρτίνη
947 1390 1045 1445 τῆς
1103 1390 1195 1434 τοῦ
1248 1379 1509 1454 βασιλέως
1567 1385 1719 1430 Κων-

80 1474 368 1521 ςταντίνου
436 1467 835 1543 δολοφονησεως
865 1488 878 1500 ·
919 1477 1008 1523 καὶ
1062 1471 1134 1534 εἰς
1192 1474 1281 1543 μὲν
1310 1473 1397 1521 τόν
1445 1466 1715 1540 βασίλειον

1845 576 1943 628 tus
1967 577 2054 628 est
2066 571 2445 628 Constantius
2460 569 2707 626 Heraclii
2732 568 2963 635 ﬁlius.Q
2975 585 3051 625 uo
3071 584 3179 642 per
3196 585 3499 629 venenum

1843 666 1980 733 post
1998 677 2188 717 unum
2212 660 2448 734 imperii
2473 675 2704 716 annum
2731 658 3163 730 absumpto,ad
3184 659 3497 717 Martinam

1841 755 1900 809 et
1937 752 2381 821 Heracleonem,
2415 766 2598 823 quem
2661 764 2728 805 ex
2771 764 2843 804 ea
2873 753 3165 818 genuerat
3192 749 3497 807 Heraclius

1838 841 2161 915 imperium
2198 842 2459 898 devenit.
2493 842 2639 895 Cum
2670 843 2873 897 autem
2907 838 3193 895 omnibus
3231 839 3311 895 ob
3342 841 3491 897 Con-

1839 931 2083 987 stantini
2114 937 2369 987 mortem
2418 929 2559 985 odio
2601 932 2824 996 essent,
2865 944 2902 984 a
2933 944 3177 985 summa
3205 928 3494 987 decidunt

1835 1026 2146 1094 potestate.
2190 1020 2512 1093 Expellitur
2536 1023 2593 1075 et
2630 1018 2892 1091 Pyrrhus
2924 1017 3003 1074 ab
3043 1017 3318 1086 ecclesia,
3342 1024 3400 1075 et
3425 1019 3489 1076 in

1833 1110 2233 1167 occidentales
2248 1115 2451 1183 partes
2462 1110 2523 1164 in
2537 1107 2811 1164 exsilium
2822 1107 3487 1181 irejubetur,tanquam

1832 1198 2074 1271 perﬁdae
2100 1198 2472 1255 Constantini
2504 1197 2687 1253 caedis
2717 1213 2855 1252 cum
2880 1196 3240 1253 Heracleone
3266 1202 3325 1253 et
3345 1200 3489 1255 Mar-

1828 1288 1953 1345 tina
2004 1290 2327 1362 particeps,
2379 1292 2435 1343 et
2479 1288 2538 1343 in
2589 1287 2821 1357 regiam
2875 1286 3081 1341 sedem
3112 1285 3485 1343 Constantini

1825 1376 1984 1432 ﬁlius
2013 1378 2305 1434 Constans
2336 1377 2656 1442 invehitur,
2689 1375 2751 1430 in
2781 1374 3112 1448 episcopali
3141 1391 3284 1432 vero
3314 1376 3484 1433 insti-

1826 1466 2007 1522 tuitur
2032 1467 2253 1523 Paulus
2286 1467 2469 1537 Sergii
2506 1468 2562 1522 et
2590 1464 2799 1538 Pyrrhi
2837 1464 3152 1537 opiniones
3173 1465 3404 1523 fovens.

79 1559 254 1629 θρόνον
287 1560 319 1610 ὁ
378 1567 479 1613 τοῦ
512 1565 904 1613 Κωνσταντίνου
943 1562 1050 1620 υἱός
1108 1567 1351 1619 Κώνστας
1384 1557 1650 1630 ἀνάγεται,
1705 1553 1774 1615 εἰς
1820 1551 1880 1607 δὲ
1929 1560 2014 1608 τὸν
2068 1557 2440 1631 ἀρχιερατικόν
2488 1555 2687 1616 Παῦλος
2739 1556 3109 1627 ὁμογνωμονῶν
3160 1558 3350 1629 Σεργίῳ
3389 1558 3476 1608 καὶ

138 1732 209 1791 δ’.
274 1738 407 1790 Ἐπὶ
479 1740 668 1789 τούτου
723 1737 985 1811 βασιλέως
1038 1739 1064 1790 6
1117 1736 1391 1810 φιλόσοφος
1442 1735 1703 1813 Μάξιμος,

79 1824 383 1900 anxyri-1's;
441 1827 512 1876 ὧν
564 1832 655 1878 καὶ
714 1830 860 1899 παρὰ
922 1826 1203 1899 βασιλεῦσι
1259 1829 1587 1898 τετιμημένος
1643 1825 1709 1874 τὰ

73 1920 332 1985 asyro-ra,
368 1917 549 1967 πάντα
586 1921 790 1990 παρεὶς,
840 1922 898 1969 τό
956 1917 1006 1969 ἐν
1058 1926 1122 1990 τῇ
1157 1916 1487 1990 Χρυσοπόλει
1538 1933 1705 1966 κατα-

72 2002 331 2075 )αμεοὶνει
407 2012 785 2078 μοναστήριον,
865 2012 955 2059 καὶ
1017 2011 1110 2065 τὴν
1183 2010 1443 2078 κοσμικὴν
1520 2003 1705 2056 ἀποτί-

77 2096 217 2145 Εεται
256 2100 465 2169 τρίχα,
520 2099 591 2166 μὴ
655 2099 817 2168 φέρων
861 2100 954 2153 τὴν
1010 2103 1111 2147 τῶν
1165 2094 1530 2151 Μονοθελητῶν
1569 2092 1707 2165 αἶρε-

80 2202 157 2234 σιν
216 2183 735 2257 παρρησιαζομένην
791 2186 936 2256 όρᾷν,
1000 2181 1132 2257 μηδ’
1191 2183 1500 2256 ἀνεχόμενος
1578 2201 1704 2234 συν-

407 2012 644 2076 μοναστή
651 2025 680 2080 ρ
690 2025 762 2057 ιον
771 2050 785 2073 ,

78 2268 303 2344 διάγειν,
344 2278 438 2325 καὶ
477 2281 735 2326 κοινωνεῖν
768 2273 975 2346 ὁμιλίας
1009 2273 1219 2346 βασιλεί
1273 2279 1363 2325 καὶ
1392 2274 1701 2346 πατριάρχη

76 2365 334 2435 hauri-1.07;
404 2366 657 2422 τοιαύτην
723 2364 1154 2437 ἐπικρατύνουσιν
1216 2366 1416 2437 αἰρεσιν
1450 2384 1463 2395 ·
1532 2365 1706 2414 ἔπειτα

74 2457 159 2504 καὶ
214 2453 293 2515 εἰς
341 2453 550 2525 Ῥὠριην
607 2459 700 2511 τὴν
752 2454 1119 2528 μεγαλώνυμον
1169 2456 1397 2520 ἄπεισιν,
1439 2455 1559 2505 ἔνθα
1615 2440 1705 2504 καὶ

74 2550 140 2592 τὼ
196 2541 398 2616 Πύρῥῳ
446 2542 521 2604 εἰς
584 2539 814 2606 διάλεξιν
874 2543 1025 2601 ἦλθεν
1088 2543 1253 2595 ἐκεῖσε
1303 2545 1702 2616 παραγενομένῳ

257 2636 366 2689 τὴν
434 2634 764 2706 καθαίρεσιν,
835 2638 927 2684 καὶ
1001 2634 1172 2684 πείθει
1247 2635 1333 2683 τόν
1409 2630 1700 2702 ἁγιώτατον

76 2738 185 2772 τετε
259 2723 453 2772 πάπαν
528 2728 788 2795 Μαρτίνον
853 2726 1075 2780 τοπικὴν
1140 2720 1389 2794 ἀθροῖσαι
1454 2716 1695 2788 σύνοδον,

75 2814 161 2859 καὶ
230 2806 431 2861 δοῦναι
484 2819 554 2880 τῷ
619 2809 907 2884 ἀναθεματι
963 2814 1080 2871 τοὺς
1133 2810 1219 2863 ἐπὶ
1284 2817 1516 2883 Χριστοῦ
1571 2814 1696 2882 μίαν

78 2894 506 2971 δογματίζοντας
560 2899 766 2957 θίλησιν
798 2919 812 2932 ο
870 2900 895 2952 ὃ
951 2906 1040 2953 καὶ
1098 2904 1298 2972 γέγονε,
1356 2898 1695 2952 συνελθόντων

76 2988 631 3041 ἐπιτιοπων“ἑκατόν
692 2994 787 3041 σὺν
845 2995 989 3043 πέντε
1047 2995 1138 3042 καὶ
1204 2992 1418 3042 εἰκόσιν.
1470 2990 1561 3042 Ἐκ
1638 2986 1697 3042 δὲ

249 3077 462 3149 Ῥώμης
537 3076 823 3130 ἐπανελθὼν
895 3078 1142 3152 Μάξιμος
1207 3081 1339 3151 μετὰ
1417 3086 1515 3129 τῶν
1600 3074 1696 3130 δύο

78 3085 169 3137 τῆς

1887 1735 1941 1787 4.
1962 1734 2089 1799 Quo
2119 1734 2775 1807 imperante,Maximus
2795 1732 3196 1806 philosophus
3221 1734 3327 1805 qui
3344 1736 3475 1791 erat

1816 1835 1853 1875 a
1894 1823 2134 1878 secretis
2173 1828 2232 1880 et
2285 1824 2554 1880 maximo
2601 1824 2832 1879 honore
2886 1822 2964 1879 ab
3001 1822 3471 1895 imperatoribus

1814 1911 2143 1983 colebatur,
2174 1916 2404 1970 cunctis
2440 1914 2623 1969 rebus
2672 1913 2994 1980 abdicatis,
3049 1912 3467 1986 Chrysopolim

1813 2000 1875 2066 in
1905 2003 2338 2059 monasterium
2385 2003 2700 2075 quoddam
2732 2018 2793 2057 se
2820 2001 3090 2068 contulit,
3133 2002 3467 2075 capitisque

1814 2096 2241 2148 ornamentum
2267 2108 2510 2149 comam
2538 2091 2841 2164 deposuit,
2875 2105 2999 2147 non
3027 2091 3331 2148 sustinens
3352 2093 3468 2149 Mo-

1814 2180 2240 2238 nothelitarum
2269 2182 2545 2239 haeresim
2576 2185 2743 2239 tanta
2781 2180 3038 2238 audacia
3055 2180 3266 2237 fretam
3299 2180 3464 2238 vide-

1813 2285 1896 2337 re,
1920 2286 2117 2345 neque
2141 2272 2351 2328 valens
2372 2271 2720 2330 conversari
2745 2276 2803 2328 et
2822 2269 3085 2343 colloqui
3101 2285 3239 2327 cum
3267 2270 3465 2343 impe-

1813 2365 2009 2417 ratore
2034 2377 2104 2418 ac
2129 2362 2473 2435 patriarcha
2499 2362 2658 2419 hanc
2676 2375 3022 2435 perversam
3050 2360 3331 2417 haresim
3363 2359 3466 2418 de-

1812 2448 2223 2507 fendentibus.
2284 2451 2505 2507 Deinde
2535 2451 2597 2507 in
2625 2450 2926 2523 insignem
2969 2448 3182 2507 urbem
3206 2451 3462 2507 Romam

1810 2539 2225 2611 proﬁciscitur,
2241 2545 2298 2597 et
2317 2557 2456 2597 cum
2481 2540 2707 2614 Pyrrho
2727 2540 2829 2613 qui
2851 2538 2992 2595 illuc
3011 2542 3146 2613 post
3165 2554 3341 2595 suam
3360 2539 3461 2597 de-

1809 2628 2171 2700 positionem
2202 2630 2619 2700 descenderat,
2642 2629 2702 2686 in
2729 2628 3097 2702 colloquium
3123 2629 3302 2697 venit,
3326 2644 3457 2701 per-

1809 2719 2118 2790 suasitque
2157 2718 2543 2775 sanctissimo
2582 2720 2759 2791 Papia
2816 2718 3065 2774 Martino
3100 2719 3168 2773 ut
3202 2716 3460 2775 localem

1807 2808 2110 2880 synodum
2135 2811 2491 2865 convocaret
2509 2807 2998 2880 anathematique
3014 2805 3148 2878 subj
3156 2805 3335 2863 iceret
3350 2822 3459 2865 eos

1804 2898 1908 2970 qui
1934 2898 2176 2954 unicam
2205 2900 2267 2954 in
2299 2898 2531 2955 Christo
2550 2897 2923 2955 voluntatem
2954 2912 3091 2953 esse
3132 2894 3453 2955 docebant.

1807 2989 1948 3054 Quae
1975 2991 2308 3044 convocata
2334 2992 2442 3053 est,
2474 2990 3006 3059 conveneruntque
3034 2985 3302 3058 episcopi
3321 3000 3457 3042 cen-

1807 3083 1934 3132 tum
1964 3077 2234 3149 quinque
2263 3080 2317 3133 et
2352 3075 2581 3147 viginti.
2615 3075 2941 3148 Postquam
2966 3088 3107 3130 vero
3135 3075 3326 3131 Roma
3361 3088 3455 3130 re-

79 3168 456 3219 Ἀναστασίων
510 3175 610 3219 τῶν
666 3167 827 3220 αὐτοῦ
879 3169 1148 3240 μαθητῶν,
1187 3170 1289 3220 ὑπὸ
1334 3176 1426 3228 τῆς
1466 3166 1692 3239 συγκλή-

1814 3166 1915 3222 diit
1962 3141 2254 3224 ﬁaximus
2283 3141 2693 3222 cum'duobus
2743 3141 3083 3221 A-thanasiis
3121 3164 3252 3235 ejus
3281 3162 3456 3220 disci-

77 3276 161 3309 του
206 3256 507 3321 εὐθύνεται,
556 3261 647 3309 καὶ
701 3259 838 3309 κατὰ
885 3262 980 3315 τὴν
1011 3260 1225 3333 Θρᾴκην
1273 3263 1474 3332 φρουρᾷ
1524 3276 1699 3330 παρα-

80 3342 323 3408 δίδοται,
375 3340 488 3397 εἶτα
533 3351 623 3397 καὶ
662 3351 757 3404 τήν
801 3353 958 3419 χεῖρα
1011 3351 1104 3398 καὶ
1154 3351 1241 3405 την
1294 3345 1524 3418 γλῶτταν
1562 3344 1697 3397 ἕκτέ-

78 3454 254 3503 gnatm
323 3436 461 3506 μετὰ
520 3440 610 3487 καὶ
674 3444 775 3486 τῶν
839 3435 999 3488 αὐτοῦ
1056 3438 1303 3508 μαθητῶν
1342 3451 1360 3467 ’
1420 3434 1548 3487 ἀλλὰ
1611 3438 1701 3487 καὶ

78 3531 347 3599 Μαρτῖνος
416 3525 442 3575 6
512 3524 800 3595 ἁγιώτατος
874 3523 1280 3598 ἐκσρενδονᾶται
1349 3532 1440 3577 τοῦ
1519 3526 1699 3598 Θρόνου

78 3620 164 3665 καὶ
208 3615 480 3687 ὑπερορίᾳ
526 3610 962 3681 καταδικάζεται,
1008 3614 1118 3687 ἑνῇ
1167 3617 1373 3667 καὶτὸν
1416 3612 1530 3687 βίον
1579 3617 1701 3667 οξπέ-

79 3702 213 3757 lure.

141 3794 198 3845 ε’.
265 3797 382 3844 Τοῦ
451 3787 513 3843 δὲ
567 3798 902 3855 Κώνσταντος
960 3793 1363 3855 τελευτήσαντος
1428 3794 1454 3845 6
1510 3795 1697 3845 τούτου

78 3889 196 3943 ταῖς
264 3887 686 3946 Κωνσταντῑνος,
743 3882 795 3942 6;
858 3883 1162 3942 ἐπεκέκλητο
1212 3884 1547 3954 Πωγωνάτος,
1606 3885 1698 3940 τὴν

79 3970 366 4042 βασιλείαν
432 3971 765 4045 παρείληφε*
834 3978 925 4025 καὶ
984 3973 1131 4033 οὗτος
1188 3970 1470 4047 ὁροόδοξος
1533 3973 1600 4023 ὡν
1650 3970 1698 4024 ἓν

78 4059 631 4113 Κωνσταντινουπολει
722 4059 943 4115 σύνοδον
1026 4068 1420 4136 συνεκρότησεν,
1509 4062 1697 4114 ἐνῶσαι

78 4154 168 4212 τὰς
227 4148 551 4210 Ἐκκλησίας
604 4148 935 4223 γλιχόμενος,
991 4153 1055 4213 ἧς
1115 4155 1337 4223 ἡγοῦντο
1400 4170 1694 4226 τοποτηρη-

80 4246 160 4291 ταὶ
230 4246 327 4292 τοῦ
402 4240 557 4291 πάπα
601 4238 802 4313 Ῥώμης
858 4241 1168 4312 Ἀγάθωνος,
1226 4247 1480 4315 Γεώργιος
1546 4248 1693 4294 Κων-

1460 4330 1693 4393 Ἀλεξαν-

81 4417 255 4493 δρείας
319 4416 386 4471 δὲ
434 4419 531 4471 οὐκ
580 4416 642 4476 ἦν
692 4424 1055 4494 πατριάρχης,
1096 4423 1212 4474 οὔτε
1252 4426 1356 4494 μὴν
1406 4420 1690 4494 Ἰεροσολύ-

82 4328 583 4397 ςταντινουπόλεως,
654 4333 918 4402 Θεοφάνης
999 4332 1319 4404 Ἀντιοχείας
1370 4352 1384 4366 ο

80 4530 230 4578 μεθ’

80 4617 156 4650 ται
198 4602 524 4669 κατείχοντο
558 4618 569 4630 ·
626 4603 710 4649 καὶ
765 4607 1018 4672 κυροῦται
1065 4604 1122 4652 τό
1182 4596 1279 4652 δύο
1332 4600 1565 4660 θελησεις
1600 4606 1689 4652 καὶ

83 4684 172 4741 δύο
246 4687 510 4760 ἐνεργείας
594 4693 677 4739 επὶ
740 4698 833 4741 τοῦ
914 4689 1021 4751 ἑνός
1079 4698 1314 4764 Χριστοῦ
1380 4696 1470 4743 καὶ
1543 4690 1688 4761 λέγε-

84 4781 201 4830 σθαι
270 4782 371 4829 καὶ
434 4779 804 4830 πιστεύεσθαι.
884 4778 1359 4838 Καθυπεϐλήθησαν
1436 4776 1493 4832 δὲ

86 4869 258 4939 θέματι
318 4867 375 4918 οἱ
451 4868 747 4938 προστάται
820 4876 913 4930 τῆς

81 4962 277 5027 ρέσεως,
361 4954 409 5007 εἰ
484 4959 576 5007 καὶ
650 4959 709 5007 τὸ
786 4956 881 5028 ζῇν
955 4957 1367 5033 προκατελυσαν,
1442 4958 1688 5031 Ὀνώριος

79 5043 284 5119 Ῥώμης,
360 5051 531 5120 Κῦρος
599 5042 1011 5120 Ἀλεξανδρείας,

80 5136 175 5205 ⁸ἐιες,
248 5132 466 5195 Ila-.316;
539 5152 593 5185 τε
657 5138 746 5186 καὶ
814 5139 1007 5208 Πέτρος
1076 5134 1684 5199 Κωνσταντινουπόλεως,

1567 4777 1688 4832 ἁνα-

992 4877 1086 4919 τών
1162 4868 1527 4927 Μονοθελητῶν
1602 4870 1685 4920 αἱ·

1094 5052 1303 5123 Σέργιος
1378 5054 1468 5100 καὶ
1550 5046 1687 5121 Πύρ-

84 5229 345 5301 Ηακάριος
424 5226 799 5296 ’Δντιοχείας,
891 5232 982 5279 καὶ
1068 5229 1093 5279 6
1175 5231 1362 5280 τούτου
1438 5232 1690 5300 φοιτητὴς

83 5319 341 5387 Στέφανος,
413 5319 509 5366 καὶ
573 5315 601 5365 6
664 5319 962 5388 νηπιόφρων
1022 5316 1375 5391 Πολυχρόνιος
1408 5338 1419 5350 ο
1491 5319 1687 5389 ἠγωνί-

88 5424 229 5457 σαντο
257 5402 319 5457 3':
350 5407 489 5457 κατὰ
514 5406 714 5462 ταύτην
770 5409 866 5462 τὴν
918 5401 1135 5458 σᾶνοδον
1171 5407 1402 5479 μάλιστα
1430 5408 1557 5479 ὑπὲρ
1596 5415 1687 5460 τοῦ

401 5491 687 5567 δόγματος,
780 5498 1027 5566 Στέφανος
1111 5495 1414 5571 Ἡρακλείας
1488 5501 1686 5550 Πόντου

90 5588 379 5649 ἐπίσκοπος,
421 5582 553 5659 ἀνὴρ
611 5583 783 5654 λόγιος
820 5589 909 5635 καὶ
962 5592 1153 5658 μικροῦ
1203 5591 1377 5637 πᾶσαν
1415 5590 1507 5644 τὴν
1549 5587 1686 5639 θείαν

93 5680 279 5747 req-hu
311 5673 397 5727 ἐπὶ
428 5674 690 5747 στόματος
719 5676 904 5747 φέρων,
934 5678 1024 5726 καὶ
1058 5675 1301 5736 Ἰωάννης
1334 5675 1601 5733 Ἀθηνῶν.

87 5495 310 5555 εὐσεϐοῦς
401 5495 687 5566 δόγματος,
780 5498 1027 5566 Στέφανος

1805 3256 1982 3329 pulis,
2025 3272 2061 3312 a
2110 3260 2320 3312 senatu
2348 3253 2827 3329 reprehenditur,
2867 3253 3004 3310 etin
3031 3253 3345 3310 Thraciam
3372 3268 3462 3309 re-

1805 3346 2041 3416 legatus
2069 3345 2501 3402 custodiendus
2532 3343 2803 3414 traditur,
2828 3342 3047 3399 deinde
3075 3346 3132 3399 et
3158 3357 3381 3400 manus
3402 3347 3461 3399 et

1806 3436 2013 3505 lingua
2044 3435 2237 3509 ipsius
2277 3439 2333 3491 et
2371 3434 2502 3505 ejus
2549 3432 2983 3505 discipulorum
3044 3435 3459 3505 amputantur.

1808 3523 1925 3582 Sed
1949 3529 2007 3580 ct
2033 3524 2447 3580 sanctissimus
2474 3522 2755 3581 Martinus
2799 3537 2836 3578 a
2879 3536 2992 3577 sua
3042 3520 3184 3577 sede
3211 3520 3460 3594 deponi-

1808 3618 1923 3677 tur,
1955 3618 2013 3670 et
2043 3614 2119 3670 ad
2142 3613 2417 3670 exsilium
2447 3612 2792 3680 damnatur,
2816 3611 2877 3668 in
2906 3626 3030 3684 quo
3052 3614 3109 3668 et
3137 3627 3170 3667 e
3198 3610 3323 3669 vita
3349 3610 3459 3669 mi-

1808 3704 2018 3775 gravit.

1879 3798 1930 3849 5.
1987 3795 2305 3850 Constante
2356 3797 2617 3860 mortuo,
2659 3792 2788 3864 ejus
2815 3790 2975 3847 ﬁlius
3030 3790 3457 3849 Constantinus

1806 3884 1906 3956 qui
1925 3886 2265 3955 Pogonatus
2284 3880 3086 3953 cognominabatur,regiam
3101 3880 3456 3951 dignitatem

1806 3974 2053 4045 accepit.
2090 3972 2201 4038 Qui
2230 3988 2369 4028 cum
2416 3971 2790 4027 orthodoxus
2835 3972 3013 4035 esset,
3045 3966 3457 4024 Constantino-

1804 4062 1991 4135 polim
2021 4061 2325 4135 synodum
2350 4058 2855 4130 coegit,ecclesias
2874 4057 3146 4113 adunare
3177 4055 3450 4129 cupiens,

1803 4153 1900 4208 cui
1964 4156 2259 4224 praeerant
2314 4150 2567 4206 Romani
2617 4164 2792 4222 papae
2854 4146 3181 4217 Agathonis
3221 4145 3452 4217 vicarii,

1802 4241 2088 4313 Georgius
2114 4237 3080 4311 Constantinopolis,'l‘heophanes
3104 4234 3450 4292 Antiochiae.

1800 4330 2157 4387 Alexandria
2186 4344 2327 4384 vero
2356 4343 2480 4383 non
2504 4324 2769 4383 habebat
2804 4324 3216 4398 patriarcham
3253 4339 3453 4397 neque

1799 4419 2217 4492 Hierosolyma
2249 4437 2262 4487 ;
2299 4433 2337 4473 a
2367 4415 2709 4473 Sarracenis
2749 4414 2901 4471 enim
2930 4414 3024 4470 hae
3053 4412 3235 4470 urbes
3276 4427 3454 4469 occu-

309 4510 418 4559 ὑπὸ
495 4511 597 4578 γὰρ
671 4517 772 4561 τῶν
846 4509 1185 4584 Σαῤῥακηνῶν
1251 4512 1304 4562 αἱ
1363 4510 1532 4571 πόλεις
1596 4510 1689 4562 αὗ-

1814 4514 1952 4565 )atae
2018 4511 2228 4574 erant;
2289 4504 2747 4577 decerniturque
2810 4502 2964 4559 duas
3009 4501 3347 4558 voluntates
3394 4503 3454 4557 et

1797 4598 1950 4654 duas
1972 4598 2347 4670 operationes
2374 4595 2435 4651 in
2458 4594 2688 4650 Christo
2716 4608 2851 4649 esse
2883 4591 3207 4648 dicendum
3246 4596 3304 4648 et
3328 4606 3451 4648 cre-

1796 4685 2357 4757 dendum.Subjecti
2386 4689 2589 4741 autem
2613 4686 2753 4739 sunt
2768 4682 3135 4740 anathemati
3151 4682 3449 4738 Monothe-

1794 4779 2036 4834 litarum
2065 4774 2308 4832 haeresis
2361 4772 2680 4847 principes,
2725 4771 2833 4828 etsi
2871 4772 3002 4843 jam
3024 4770 3225 4827 vivere
3262 4770 3450 4826 desie~

1795 4874 1952 4937 rant,
1976 4868 2270 4925 Honorius
2299 4868 2524 4929 Romae,
2551 4865 2737 4935 Cyrus
2779 4861 3175 4930 Alexandriae,
3208 4860 3448 4930 Sergius

1796 4966 1853 5017 et
1877 4959 2158 5032 Pyrrhus,
2188 4955 2528 5027 Paulusque
2553 4960 2609 5010 et
2633 4957 2837 5010 Petrus
2877 4948 3444 5021 Constantinopolis,

1796 5049 2083 5107 Macarius
2108 5044 2454 5115 Antiochiae,
2489 5046 2546 5099 et
2575 5042 3072 5115 Stephanus,ejus
3089 5037 3445 5110 discipulus,

1797 5144 1853 5195 et
1876 5138 2123 5194 insanus
2145 5132 2596 5207 Polychronius.
2617 5135 2964 5202 Pugnavere
2984 5131 3044 5185 in
3064 5130 3180 5185 hac
3209 5127 3448 5200 synodo

1796 5244 1907 5301 pro
1930 5228 2032 5300 pio
2062 5226 2345 5295 dogmate
2368 5222 2666 5296 imprimis
2686 5221 3024 5293 Stephanus
3058 5216 3355 5274 Heraclea:
3383 5218 3446 5275 in

1798 5322 1982 5375 Ponto
2003 5316 2341 5389 episcopus,
2373 5314 2465 5370 vir
2488 5313 2746 5368 disertus
2777 5315 2834 5366 et
2862 5308 2983 5365 fere
3016 5321 3262 5364 omnem
3291 5305 3447 5365 divi-

1796 5423 1942 5464 nam
1974 5405 2340 5478 Scripturam
2371 5402 2433 5458 in
2458 5401 2637 5459 labiis
2664 5400 2953 5464 fcrens,et
2977 5399 3241 5454 Joannes
3269 5395 3447 5455 Athe-

1796 5512 2035 5553 narum.
