4040 6318
576 352 648 408 87
1917 348 2195 405 ΝΙΕΕἹΕ
2222 346 2606 407 ΟΗΟΝΙΑΤᾸΕ

3872 363 3981 416 88

575 473 913 559 ,Ταερίηίαηί
939 474 1199 559 piissimi
1217 474 1596 559 imperat-oris
1617 489 1692 531 ea:
1717 474 1970 559 ept'stota
1986 474 2233 544 dogma-

2363 481 2720 559 [ουστινιανοᾷ
2748 486 2841 559 τοᾷ
2895 481 3268 537 εὐσεϐεστάτου
3301 481 3556 558 βασιλέως
3586 484 3642 559 ἐκ
3672 491 3750 559 ,τῆ
3764 505 3794 559 ςΔ
3818 486 3984 559 πρὸς

651 548 769 604 lica
796 546 877 602 ad
931 547 1171 603 Zoilum
1199 546 1595 604 Alexandriae
1639 547 2080 604 sanctissimum
2121 561 2233 617 pa-

651 618 981 677 triarcham

654 730 817 787 Unus
845 731 933 784 est
951 743 1094 798 ergo
1131 727 1416 799 Christus,
1457 743 1583 785 non
1612 727 1854 785 sublata
1877 731 2234 785 naturarum

581 817 916 875 differentia
938 833 1046 890 per
1066 816 1435 875 ineffabilem
1459 818 1766 888 unionem,
1806 817 2067 874 Verbum
2107 833 2232 874 cre-

582 908 741 965 ditus
778 908 1085 980 homoque
1133 907 1320 963 visus.
1378 910 1494 964 Nec
1546 912 1751 964 autem
1798 906 1943 965 unio
1990 908 2236 964 commi-

583 996 838 1054 stionem
860 996 1130 1064 exclusit,
1166 1012 1278 1053 nec
1306 995 1641 1053 differentia
1670 995 2146 1053 substantiarum
2172 996 2234 1053 iu

583 1102 654 1144 eo
685 1085 1035 1144 scissionem
1084 1090 1189 1142 aut
1241 1085 1597 1142 divisionem
1635 1085 1914 1143 admittit.
1956 1085 2237 1144 Miracula

581 1176 745 1234 enim
770 1175 982 1233 Christi
1005 1174 1301 1245 videntes,
1327 1174 1486 1231 illius
1515 1175 1892 1233 divinitatem
1941 1175 2236 1248 praedica-

580 1282 743 1336 mus,
768 1265 1148 1323 inﬁrmitates
1187 1280 1329 1321 vero
1361 1264 1771 1336 inspicientes,
1799 1264 2239 1322 humanitatem

583 1356 712 1428 ejus
740 1372 865 1413 non
894 1354 1243 1423 difﬁtemur;
1272 1370 1383 1411 nec
1412 1353 1704 1412 miracula
1733 1354 1861 1411 sine
1890 1371 2089 1426 carne,
2129 1371 2241 1411 nec

583 1447 817 1519 absque
828 1445 1137 1502 divinitate
1149 1442 1773 1501 inﬁrmitates.Verum
1790 1448 1988 1501 autem
2011 1460 2135 1501 non
2154 1449 2244 1502 est

584 1536 782 1594 dicere
808 1534 1011 1608 ipsum
1042 1550 1171 1590 esse
1193 1550 1445 1605 passum
1474 1539 1532 1591 et
1562 1549 1687 1590 non
1714 1549 1961 1606 passum
1986 1551 1999 1601 ;
2023 1550 2241 1608 passus

584 1630 674 1682 est
700 1623 1123 1697 quidem,quia
1140 1622 1456 1696 proprium
1483 1624 1614 1695 ejus
1635 1640 1853 1697 corpus
1883 1624 2240 1697 patiebatur,

586 1718 768 1788 atque
794 1714 859 1770 in
897 1728 1149 1786 corpore
1195 1713 1326 1785 ejus
1372 1712 1565 1770 inerat
1610 1713 1717 1787 qui
1744 1729 1869 1770 non
1917 1717 2241 1786 pateretur,

585 1804 812 1863 scilicet
833 1803 940 1877 qui
976 1808 1193 1861 natura
1241 1803 1398 1859 Deus
1440 1806 1585 1866 erat,
1625 1818 1770 1860 nam
1803 1802 2072 1860 Verbum
2110 1808 2239 1861 erat

582 1888 979 1969 impassibile.
1008 1896 1147 1950 Erat
1167 1893 1558 1966 incorporeus
1582 1894 1645 1949 in
1676 1909 1927 1967 corpore
1948 1893 2246 1967 passibili,

584 1999 927 2058 corpusque
952 1984 1082 2056 ejus
1110 1983 1174 2039 in
1229 1983 1552 2056 semetipso
1580 1982 1849 2040 habebat
1875 1982 2246 2056 impassibile

583 2074 866 2143 Verbum,
922 2072 1295 2129 inﬁrmitates
1344 2072 1534 2146 ipsius
1582 2073 1853 2145 corporis
1913 2072 2238 2143 auferens;

583 2163 1066 2241 unumquodque
1117 2162 1279 2219 enim
1314 2160 1500 2220 altero
1559 2162 1885 2218 comitante
1940 2166 2243 2234 operatur,

578 2257 753 2330 juxta
800 2252 970 2327 quod
1010 2252 1324 2325 proprium
1370 2251 1684 2320 habuerit;
1715 2250 1908 2307 Verbo
1954 2253 2121 2324 quod
2152 2256 2244 2308 est

582 2346 779 2415 Verbi,
811 2359 1061 2416 corpore
1088 2358 1234 2400 vero
1266 2343 1431 2415 quod
1458 2346 1547 2398 est
1574 2342 1843 2414 corporis
1876 2341 2239 2414 perﬁciente.

587 2435 679 2495 Sic
709 2433 872 2491 enim
921 2433 1097 2488 docet
1127 2436 1373 2488 sanctus
1404 2430 1674 2503 Cyrillus,
1706 2432 1768 2486 in
1800 2430 2097 2487 tricesimo
2154 2446 2242 2486 se-

585 2525 788 2583 eundo
819 2538 1096 2580 sermone
1130 2520 1436 2593 Thesauri,
1473 2521 1536 2576 in
1563 2521 1891 2594 Epistolam
1918 2520 1995 2576 ad
2029 2523 2240 2577 Roma-

584 2631 719 2674 nos:
738 2614 1096 2686 Neutiquam
1114 2628 1300 2669 unam
1318 2627 1451 2668 esse
1476 2616 1884 2684 operationem
1902 2611 2240 2667 naturalem

579 2705 683 2762 Dei
707 2708 765 2762 et
802 2707 1088 2760 creaturae
1135 2702 1428 2767 dicemus,
1455 2701 1538 2756 ita
1566 2705 1631 2756 ut
1659 2716 1770 2756 nec
1799 2701 1967 2773 quod
2012 2700 2239 2757 factum

580 2795 770 2854 estad
796 2792 1205 2850 substantiam
1233 2790 1506 2847 divinam
1540 2790 1890 2861 referamus,
1923 2806 2034 2847 nec
2073 2789 2240 2863 quod

579 2885 801 2943 divinas
830 2888 1063 2941 naturas
1111 2879 1412 2954 peculiare
1441 2885 1532 2936 est
1568 2880 1631 2935 in
1669 2879 1872 2936 locum
1924 2881 2239 2952 proprium

579 2974 817 3047 genitis,
847 2971 1289 3044 deprimamus.
1349 2969 1513 3026 Idem
1545 2973 1788 3025 sanctus
1834 2969 2024 3040 Pater,
2057 2969 2120 3024 in
2144 2968 2238 3025 his

579 3080 717 3138 quas
738 3062 819 3121 ad
843 3060 1401 3128 Theodosium,nos
1430 3058 1643 3114 eadem
1675 3057 1876 3113 docet:
1901 3060 2109 3114 Totum
2132 3056 2237 3113 toti

578 3153 816 3211 unitum
844 3150 1030 3208 fuisse
1068 3153 1289 3207 nostra:
1325 3146 1689 3204 humanitati
1725 3147 1985 3203 Verbum
2011 3146 2085 3202 de
2117 3150 2236 3203 Deo

579 3244 878 3302 dicimus:
912 3255 1034 3297 non
1062 3238 1227 3295 enim
1265 3237 1536 3305 forsitan,
1565 3236 1728 3309 quod
1778 3237 1993 3293 melius
2045 3241 2132 3293 est
2178 3237 2240 3292 in

580 3332 778 3398 nobis,
817 3330 879 3386 id
908 3333 1002 3387 est
1042 3328 1333 3394 animam,
1364 3326 1530 3381 nullo
1555 3326 1744 3381 verbo
1788 3326 2116 3397 judicasset
2158 3326 2243 3382 di-

583 3435 773 3489 gnum
800 3417 914 3474 soli
941 3416 1111 3472 carni
1133 3431 1321 3487 quam
1361 3413 1743 3469 inhabitabat
1767 3413 1949 3469 verba
1976 3415 2244 3471 tradens.

579 3506 715 3565 Istis
744 3506 1046 3564 ambabus
1079 3504 1234 3560 bene
1268 3502 1622 3575 mysterium
1658 3503 2010 3558 oeconomiae
2040 3503 2246 3575 imple-

581 3600 710 3666 bat;
728 3611 907 3653 carne
930 3600 995 3650 ut
1012 3594 1412 3651 instrumento
1434 3591 1711 3647 utebatur
1727 3591 1804 3646 ad
1824 3607 2011 3663 opera
2026 3593 2242 3657 carnis,

583 3686 962 3749 inﬁrmitates
994 3683 1219 3738 scilicet
1242 3698 1311 3738 ac
1332 3694 1734 3753 quaecumque
1757 3679 2042 3737 abessent
2067 3698 2102 3738 a
2127 3682 2247 3738 cul-

585 3792 688 3851 pa;
707 3775 913 3832 anima
927 3788 1070 3831 vero
1087 3770 1167 3828 ad
1181 3771 1457 3827 humana
1472 3767 1875 3840 innoxiasque
1898 3770 2213 3840 passiones
2233 3788 2245 3839 ;

587 3864 804 3923 dicitur
857 3862 1019 3920 enim
1057 3859 1356 3927 esuriisse,
1401 3873 1473 3913 ex
1528 3854 1726 3926 longis
1763 3856 2074 3914 itineribus
2120 3859 2247 3914 fati-

586 3954 859 4028 gationes
878 3950 1256 4015 sustinuisse,
1279 3948 1579 4012 timorem,
1605 3950 1911 4014 terrorem,
1926 3947 2216 4004 tristitiam
2230 3986 2244 4013 ,

588 4044 873 4115 agoniam
926 4046 1110 4114 atque
1160 4041 1223 4096 in
1263 4054 1435 4095 cruce
1473 4040 1749 4094 mortem.
1807 4039 2099 4110 Namque,
2147 4055 2248 4095 ne-

588 4134 751 4199 mine
775 4130 1324 4203 cogente,animam
1344 4143 1518 4184 suam
1535 4142 1644 4199 pro
1668 4125 1847 4182 nobis
1868 4142 1903 4182 a
1925 4127 2124 4200 seipso
2144 4146 2245 4202 p0-

592 4222 734 4292 suit,
765 4228 829 4277 ut
869 4221 1141 4277 vivorum
1194 4224 1375 4289 atque
1419 4223 1790 4273 mortuorum
1841 4216 2182 4274 dominetur
2202 4221 2245 4288 ⁵,

591 4324 956 4382 carnemque
970 4325 1146 4365 suam
1157 4307 1432 4364 omnium
1445 4307 1609 4362 carni
1622 4305 1878 4360 reddens
1891 4308 2121 4378 aequale
2134 4310 2247 4363 do-

590 4417 760 4472 num,
780 4399 1049 4456 animam
1068 4413 1177 4470 pro
1199 4396 1403 4453 anima
1421 4395 1681 4467 pretium
1701 4395 1974 4450 omnium
2000 4397 2244 4453 faciens.

595 4492 654 4548 Si
674 4493 878 4547 autem
916 4488 1129 4544 iterum
1151 4486 1272 4542 vita
1290 4488 1573 4542 revocata
1598 4482 1791 4550 fuerit,
1813 4500 1883 4538 eo
1910 4486 2073 4557 quod
2096 4494 2250 4543 esset

592 4579 771 4645 Deus,
800 4577 1163 4642 resurrexit;
1194 4590 1318 4631 non
1336 4575 1498 4630 enim
1529 4578 1684 4630 certe
1721 4573 1958 4642 justum
1981 4581 2139 4633 esset
2164 4576 2249 4632 di-

594 4684 726 4726 cere
754 4663 1168 4729 carnem,olim
1188 4664 1379 4721 Verbo
1409 4664 2049 4738 unitam,corruptione
2072 4680 2251 4737 posse

594 4755 1269 4829 detineri,animamque
1297 4753 1567 4811 divinam
1585 4756 1785 4829 ipsius
1809 4755 2024 4811 inferni
2055 4760 2253 4827 porta.

592 4865 731 4906 rum
749 4845 878 4903 ﬁeri
900 4845 1202 4918 captivam
1221 4860 1234 4897 :
1252 4844 1388 4900 Non
1410 4844 1730 4902 derelictus
1750 4848 1830 4902 est
1852 4846 1914 4901 in
1930 4846 2169 4915 inferno
2183 4845 2250 4916 δ’,

591 4940 764 5011 juxta
791 4935 958 5011 quod
1005 4933 1149 4992 dicit
1198 4938 1445 4991 sanctus
1486 4936 1715 4992 Petrus.
1764 4938 1890 4992 Non
1932 4939 2131 4990 autem
2172 4934 2260 4993 di-

595 5027 859 5087 cendum
887 5030 978 5082 est
1004 5027 1287 5082 naturam
1325 5024 1455 5096 ejus
1483 5025 2051 5099 incomprehensam
2078 5024 2259 5081 indis-

597 5119 982 5189 solutamque
1012 5113 1260 5171 omnino
1297 5112 1481 5170 fuisse
1512 5120 1727 5186 morte,
1758 5114 1863 5170 sed
1884 5114 2258 5170 divinitatem

596 5205 893 5278 Unigeniti
922 5204 985 5261 in
1015 5202 1216 5259 sinum
1242 5205 1413 5258 terrae
1466 5203 1823 5261 translatam
1862 5203 2041 5259 etiam
2072 5202 2257 5258 fuisse

595 5297 907 5364 dicemus;
966 5307 1092 5350 non
1143 5291 1305 5348 enim
1352 5295 1440 5349 est
1496 5292 1785 5364 mirabile,
1829 5293 1978 5350 siin
2022 5292 2257 5349 inferno

666 5480 690 5516 ⁸
719 5480 893 5536 Rom.
917 5491 1037 5546 XIV,
1068 5476 1123 5534 9.
1202 5475 1251 5511 5'
1273 5477 1401 5532 Act.
1440 5490 1504 5544 n,
1533 5475 1623 5532 27.

663 5643 743 5719 (1)
774 5641 924 5700 Citat
939 5640 1055 5719 hoc
1087 5640 1381 5719 scriptum.
1395 5638 1983 5719 _su11_m‘_Ju_stinianus
2019 5637 2081 5693 in
2121 5636 2253 5719 alio

595 5710 706 5776 suo
723 5710 1020 5789 opusculo
1050 5728 1087 5771 a
1108 5710 1287 5769 nobis
1313 5710 1473 5769 edito
1495 5710 1636 5768 Coll.
1670 5712 1797 5768 Vat.
1826 5715 1866 5767 t.
1887 5710 2001 5778 VII,
2025 5725 2083 5781 p.
2119 5713 2243 5765 309.

2414 548 2604 633 ξωῖλον
2661 552 2748 602 τὸν
2784 550 3098 633 ,ἁγιώτατον
3128 548 3487 633 ’πατρίάρχην
3554 548 3984 631 Ἀλεξανδρείας

2417 617 2451 672 δ
2455 631 2746 693 ογματικῆς
2775 617 3048 688 ἐπιστολῆς

2420 728 2485 791 ζ’.
2561 729 2649 790 Εἷς
2722 726 2808 782 οὖν
2886 731 3024 785 ἐστιν
3099 735 3126 786 ό
3203 739 3455 809 Χριστὸς,
3525 735 3618 788 οὐκ
3694 733 3982 807 ἀνημένης

2343 824 2438 879 τῆς
2468 825 2568 870 τῶν
2626 822 2824 890 φύσεων
2865 817 3121 898 διαφορᾶς
3162 821 3256 877 διὰ
3293 828 3385 884 τὴν
3425 826 3690 899 ἄφραστον
3738 824 3981 902 ἕνωσιν,

2346 911 2500 979 Δόγος
2553 911 2821 981 νοούμενος
2878 916 2968 963 καὶ
3030 913 3299 987 ἄνθρωπος
3361 916 3702 989 θεωρούμενος
3734 927 3749 942 ⁶

2344 1000 2444 1072 γὰρ
2547 999 2574 1057 ἡ
2670 1000 2846 1061 ἓνωσις
2922 1003 3191 1074 σύγχυσιν
3269 1002 3643 1078 ἀπειργάσατο,
3720 1005 3840 1055 οὔτε
3931 1003 3975 1059 ἡ

2348 1084 2577 1163 διαφορά
2631 1096 2730 1141 τῶν
2794 1092 2843 1142 ἓν
2897 1091 3034 1162 αὐτῷ
3100 1092 3289 1146 οὐσιῶν
3347 1098 3509 1166 τομὴν
3556 1097 3721 1147 εἶτουν
3797 1088 3983 1144 διαί-

2347 1197 2491 1252 ρεσιν
2543 1174 2874 1250 ἐπιδέχεται.
2951 1180 3229 1244 Βλέποντες
3280 1185 3381 1259 γάρ
3439 1191 3529 1236 τοῦ
3594 1188 3832 1258 Χριστοῦ
3886 1184 3987 1233 τὰ

2352 1268 2612 1340 θαύματα,
2673 1271 2994 1343 κηρύττομεν
3052 1271 3212 1324 αὐτοῦ
3268 1277 3361 1331 τὴν
3410 1274 3630 1330 θεότητα
3661 1289 3672 1300 ·
3734 1272 3988 1346 ὁρῶντες

2352 1358 2512 1410 αὐτοῦ
2550 1359 2617 1410 τά
2653 1360 2818 1427 πάθη,
2873 1359 2968 1412 οὐκ
3035 1359 3330 1436 ἀρνούμεθα
3386 1362 3547 1414 αὐτοῦ
3600 1366 3694 1420 τὴν
3756 1359 3990 1434 ἀνθρω-

2348 1452 2555 1506 πότητα
2587 1465 2599 1478 ·
2657 1445 2781 1501 οὐδὲ
2836 1452 2904 1501 τά
2958 1451 3202 1523 θαύματα
3256 1447 3397 1524 δίχα
3454 1454 3671 1526 σαρκὸς,
3728 1446 3854 1502 οὐδὲ
3896 1450 3989 1500 τὰ

2351 1538 2493 1595 πάθη
2533 1542 2705 1611 χωρὶς
2758 1546 2849 1598 τῆς
2908 1540 3165 1602 θεότητος.
3216 1545 3318 1594 Καὶ
3358 1542 3474 1593 ἔστι
3522 1536 3823 1615 παράδοξόν
3880 1540 3991 1590 ὅτι

2353 1626 2510 1686 αὐτὸς
2540 1622 2601 1684 ἦν
2627 1628 2652 1678 ό
2682 1628 2930 1699 πάσχων,
2955 1633 3046 1680 καὶ
3074 1633 3146 1702 μὴ
3187 1630 3444 1701 πάσχων
3475 1631 3703 1701 πάσχων
3729 1630 3842 1701 μὲν,
3879 1628 3990 1679 ὅτι

2352 1718 2411 1768 τὸ
2440 1712 2578 1769 ἴδιον
2599 1716 2757 1768 αὐτοῦ
2787 1719 2991 1789 ἔπασχε
3024 1726 3175 1792 σῶμα
3203 1736 3215 1749 ⁸
3272 1724 3361 1771 καὶ
3386 1718 3434 1772 ἐν
3474 1719 3615 1792 αὐτῷ
3643 1726 3717 1790 τῷ
3748 1724 3988 1790 σώματι

3830 916 3986 964 οὔτε

2279 1838 2318 1892 Β
2356 1801 2417 1864 ἧν
2443 1809 2513 1878 μὴ
2566 1808 2791 1876 πάσχων
2819 1808 2845 1858 ό
2884 1814 2946 1879 τῇ
2989 1809 3140 1879 φύσει
3196 1811 3321 1869 Θεὸς
3367 1809 3457 1875 ὢν,
3491 1811 3515 1860 ὁ
3555 1812 3722 1880 Λόγος
3748 1806 3987 1868 ἀπαθὴς

2356 1891 2440 1954 ἧν,
2502 1900 2605 1949 Καὶ
2648 1895 2804 1958 αὐτὸς
2847 1898 2935 1968 μὲν
2997 1898 3022 1948 ό
3072 1896 3349 1970 ἀσώματος
3408 1894 3469 1956 ἧν
3517 1896 3566 1950 ἐν
3621 1905 3693 1968 τῷ
3731 1899 3982 1967 παθητῷ

2358 1990 2563 2058 σώματι
2596 1998 2611 2015 ⁸
2680 1988 2738 2037 τὸ
2805 1981 2865 2037 δὲ
2922 1992 3075 2058 σῶμα
3137 1983 3275 2059 εἶχεν
3315 1986 3363 2038 ἐν
3402 1986 3568 2057 ἑαυτῷ
3622 1989 3710 2038 τὸν
3774 1984 3977 2045 ἀπαθῆ

2354 2078 2543 2146 Λόγον,
2607 2072 2923 2147 ἀφανίζοντα
2950 2077 3039 2136 τὰς
3102 2074 3366 2138 ἀσθενείας
3416 2075 3575 2128 αὐτοῦ
3629 2082 3720 2129 τοῦ
3773 2080 3983 2147 σώμα-

2353 2183 2441 2227 τος
2474 2184 2486 2197 ’
2547 2162 2733 2238 ἐνεργεί
2785 2166 2887 2238 γὰρ
2927 2164 3142 2239 ἑκατέρα
3195 2170 3367 2241 μορφὴ
3421 2167 3554 2238 μετὰ
3601 2172 3697 2225 τῆς
3737 2166 3980 2237 θατέρου

2353 2257 2641 2318 κοινωνίας,
2682 2255 2803 2327 ὅπερ
2853 2250 2992 2306 ἴδιον
3040 2257 3262 2326 ἔσχηκε,
3293 2262 3385 2308 τοῦ
3442 2258 3532 2327 μὶν
3560 2258 3734 2326 Λόγου
3774 2272 3983 2326 κατερ-

2351 2343 2638 2414 γαζομένου
2670 2350 2822 2395 τοῦτο
2870 2344 2992 2418 ὅπερ
3057 2342 3172 2396 ἐστὶ
3219 2351 3312 2396 τοῦ
3343 2348 3539 2416 Λόγου,
3594 2351 3685 2396 τοῦ
3731 2340 3790 2395 δὲ
3849 2348 3985 2395 σὼ-

2350 2451 2512 2503 ματος
2562 2429 2875 2492 ἐκτελοῦντος
2939 2432 3066 2507 άπερ
3133 2431 3245 2485 ἐστὶ
3308 2440 3401 2485 τοῦ
3468 2439 3728 2505 σώματος.
3792 2438 3981 2484 Τοῦτο

2350 2523 2450 2594 γὰρ
2504 2524 2594 2572 καὶ
2642 2522 2667 2572 ό
2718 2519 2765 2572 e’v
2806 2521 2978 2592 ἁγίοις
3034 2521 3277 2596 Κύριλλος
3330 2521 3377 2574 ἐν
3424 2529 3498 2592 τῷ
3553 2520 3634 2594 λβ
3689 2520 3826 2591 λόγῳ
3868 2528 3980 2573 τοῦ

2354 2612 2623 2685 θη⁶σαυροῡ
2692 2606 2942 2663 διδάσκει
3000 2616 3092 2670 τὴν
3159 2614 3291 2685 πρὸς
3340 2611 3621 2683 Ῥωμαίους
3669 2610 3981 2685 ἑρμηνεύων

2351 2695 2661 2758 Ἐπιστολήν
2694 2714 2707 2727 '

2348 2808 2491 2860 γειαν
2559 2785 2796 2862 δώσομεν
2855 2795 2982 2843 Θεοῦ
3046 2795 3136 2842 καὶ
3196 2795 3514 2862 ποιήματος,
3556 2791 3638 2842 ἵνα
3693 2795 3824 2861 μήτε
3904 2792 3978 2840 τὸ

2770 2700 2845 2752 Ού
2877 2697 3050 2758 δήπου
3103 2705 3224 2773 μίαν
3268 2699 3397 2753 εἶναι
3436 2704 3660 2772 φυσικὴν
3700 2704 3792 2757 την
3823 2698 3978 2773 ἐνέρ-

2349 2880 2560 2936 ποιηθεν
2624 2878 2697 2939 εἰς
2757 2883 2852 2937 τὴν
2922 2881 3061 2931 θείαν
3137 2877 3475 2951 ἀναγάγωμεν
3543 2878 3749 2948 οὐσίαν,
3826 2883 3978 2949 μήτε

2348 2971 2451 3039 μὴν
2493 2975 2590 3030 τῆς
2644 2970 2782 3029 θείας
2814 2970 3015 3040 φύσεως
3052 2971 3109 3021 τό
3154 2967 3411 3041 ἐξαίρετον
3452 2968 3519 3029 εἰς
3574 2971 3658 3020 τὸν
3697 2974 3804 3026 τοῖς
3842 2985 3978 3038 γεν-

2344 3063 2513 3117 νητοῖς
2567 3060 2829 3131 πρέποντα
2886 3058 3264 3128 καταγάγωμεν
3315 3061 3493 3126 τόπον,
3558 3055 3618 3109 Ὀ
3685 3056 3839 3117 αὐτὸς
3905 3052 3978 3112 δὲ

2346 3146 2492 3218 ἅγιος
2552 3151 2735 3221 Πατὴρ
2775 3143 2953 3198 καὶέν
3018 3153 3128 3208 τοῖς
3174 3149 3301 3221 πρὸς
3340 3143 3632 3200 Θεοδόσιον
3696 3147 3763 3198 τὰ
3824 3144 3978 3198 αὐτὰ

2351 3238 2487 3308 ἡμᾶς
2552 3232 2863 3288 ἐκδιδάσκει
2922 3234 3080 3307 λέγων
3123 3251 3135 3263 ·
3197 3257 3225 3287 ‹‹
3264 3234 3417 3288 Ὀλον
3475 3235 3564 3308 ὅλη
3622 3229 3978 3291 συνηνώσθαί

2351 3345 2509 3398 φαμεν
2559 3333 2619 3397 τῇ
2669 3326 2786 3377 καθ’
2844 3327 2982 3397 ἡμᾶς
3036 3323 3400 3399 ἀνθρωπότητι
3446 3328 3532 3377 τόν
3588 3323 3645 3375 ἐκ
3684 3330 3811 3377 Θεοῦ
3855 3328 3975 3377 Λό-

2352 3434 2440 3484 γον
2472 3430 2485 3443 '
2529 3414 2587 3465 ού
2638 3416 2739 3488 γάρ
2780 3433 2878 3465 που
2917 3418 2976 3465 τὸ
3027 3415 3233 3486 ἄμεινον
3292 3411 3340 3465 ἐν
3395 3415 3540 3486 ἡμῖν,
3582 3417 3822 3465 τουτέστι
3861 3412 3978 3483 ψυ-

2354 3509 2481 3576 χὴν,
2532 3501 2741 3566 οὐδενὸς
2780 3503 2839 3556 ἂν
2888 3504 3083 3566 ἠξίωσε
3128 3503 3281 3575 λόγου
3323 3508 3453 3577 μόνη
3521 3500 3842 3576 δωρούμενος
3900 3509 3973 3573 τῇ

2358 3599 2516 3667 σαρκὶ
2581 3602 2671 3654 τῆς
2734 3590 3019 3664 ἐπιδημίας
3080 3597 3201 3654 τοὺς
3256 3592 3459 3665 λόγους.
3513 3592 3827 3667 Ἐπράττετο
3910 3590 3980 3645 δὲ

2358 3680 2430 3735 δι’
2491 3681 2678 3755 ἀμφοῖν
2751 3682 2919 3743 καλῶς
2973 3691 3068 3744 τῆς
3135 3682 3433 3754 οἰκονομίας
3501 3684 3560 3733 τὸ
3621 3686 3917 3752 μυστήριον
3954 3698 3972 3713 ·

2358 3778 2767 3845 προσεχρήσατο
2816 3773 3048 3844 καθάπερ
3102 3770 3306 3844 ὀργάνῳ
3341 3778 3402 3843 τῇ
3459 3766 3575 3842 ἰδίᾳ
3628 3774 3786 3841 σαρκὶ
3836 3774 3977 3845 πρὸς

2353 3864 2418 3913 τὰ
2448 3865 2641 3935 σαρκὸς
2680 3863 2806 3935 ἔργα
2848 3880 2903 3912 τε
2948 3865 3041 3912 καὶ
3069 3859 3461 3934 ἀρρωστήματα
3490 3860 3688 3931 φυσικά
3739 3863 3832 3911 καὶ
3863 3862 3976 3912 ὅσα

2355 3957 2537 4024 μώμου
2578 3953 2779 4022 μακράν
2812 3970 2825 3982 ο
2869 3949 3022 4022 ψυχῇ
3054 3947 3103 4002 δ’
3145 3949 3275 4023 αὐτῇ
3326 3945 3444 4021 ἰδίᾳ
3479 3951 3612 4021 πρὸς
3655 3951 3720 4000 τὰ
3758 3945 3968 4022 ἀνθρω-

2353 4042 2480 4093 πινά
2533 4058 2587 4091 τε
2632 4044 2722 4090 καὶ
2772 4036 3053 4090 ἀνυπαίτια
3109 4040 3251 4096 πάθη
3286 4054 3299 4067 ⁸
3369 4043 3615 4095 πεινῆσαι
3669 4038 3771 4110 γὰρ
3821 4035 3976 4109 λέγε-

2354 4149 2460 4196 ται,
2518 4133 2701 4188 πόνους
2745 4147 2800 4182 τε
2865 4129 3156 4199 ὑπενεγκεῖν
3194 4130 3312 4190 τοὺς
3357 4125 3412 4178 ἐκ
3477 4134 3688 4198 μακρῶν
3745 4121 3973 4179 ὁδοιπο-

2353 4224 2501 4294 ριῶν,
2541 4221 2790 4277 πτοήσεις
2826 4236 2880 4268 τε
2933 4222 3022 4268 καὶ
3083 4215 3272 4289 φόϐους
3327 4219 3417 4269 καὶ
3468 4214 3635 4273 λύπην
3696 4218 3788 4266 καὶ
3830 4212 3975 4286 ἀγω-

2354 4313 2465 4360 νίαν
2526 4313 2616 4360 καὶ
2670 4311 2757 4359 τόν
2815 4306 2893 4359 ἐπὶ
2952 4314 3022 4377 τῷ
3074 4313 3283 4379 σταυρῷ
3345 4306 3585 4362 θάνατον.
3642 4308 3977 4376 Ἐπαναγκά-

2357 4398 2536 4459 qam;
2571 4400 2671 4470 γὰρ
2725 4394 2938 4459 οὐδενός
2974 4398 3151 4454 ἔθηκεν
3184 4395 3269 4467 ἀφ’
3318 4395 3503 4447 ἑαυτοῦ
3539 4399 3632 4453 τὴν
3682 4390 3824 4446 ἰδίαν
3858 4394 3975 4465 ψυ-

2356 4494 2463 4561 χὴν
2522 4489 2646 4562 ὑπὲρ
2715 4489 2880 4559 ἡμῶν,
2944 4488 3024 4538 ἶνα
3081 4490 3170 4538 καὶ
3226 4492 3414 4560 νεκρῶν
3467 4488 3557 4536 καὶ
3619 4484 3824 4543 ζώντων
3871 4504 3972 4537 κυ-

2357 4581 2540 4653 ριεύσῃ
2578 4594 2590 4607 ·
2635 4581 2807 4650 σάρκα
2848 4579 2937 4648 μὲν
2990 4580 3081 4633 τὴν
3139 4571 3279 4627 ἰδίαν
3331 4581 3424 4635 τῆς
3476 4571 3712 4625 ἁπάντων
3769 4578 3976 4646 σαρκός

2360 4667 2634 4728 ἀποτιννὺς
2685 4665 2888 4726 ἀληθῶς
2954 4662 3120 4737 δῶρον
3178 4662 3459 4726 ἀντάξιονο
3499 4662 3680 4734 ψυχὴν
3742 4658 3794 4714 δ’
3850 4660 3976 4717 ἀντὶ

3793 4752 3836 4804 εἰ
3872 4758 3975 4806 καὶ

2364 4844 2545 4898 ἀνεϐίω
2601 4848 2754 4898 πάλιν
2806 4845 2912 4905 ζωὴ
2976 4846 3111 4895 κατά
3166 4845 3320 4915 φύσιν
3373 4842 3629 4917 ὑπάρχων
3678 4842 3742 4902 ὡς
3782 4845 3911 4901 Θεὸς
3958 4858 3972 4872 ⁸

2359 4757 2544 4828 ψυχῆς
2588 4755 2887 4828 ἀντίλυτρον
2943 4762 3041 4807 τῶν
3101 4754 3339 4806 ἁπάντων
3377 4754 3680 4825 ποιούμενος
3713 4767 3727 4780 ⁸

2364 4936 2422 4989 ού
2470 4938 2571 5009 γάρ
2636 4955 2716 4987 τοι
2775 4936 2918 5005 θέμις
2974 4933 3130 4986 εἰπεῖν
3171 4934 3337 5004 φθορᾷ
3392 4935 3480 5004 μὲν
3541 4927 3804 4983 δύνασθαι
3840 4950 3972 5005 κρα-

2364 5028 2571 5079 τεῖσθαί
2622 5043 2744 5077 ποτε
2794 5023 3064 5075 ἐνωθεῐσαν
3104 5032 3174 5093 τῷ
3224 5026 3379 5093 Λόγῳ
3411 5023 3601 5093 σάρκα,
3635 5021 3866 5092 κάτοχον
3912 5018 3976 5073 δὲ

2366 5116 2546 5176 αύταίς
2587 5110 2721 5185 ᾅδου
2759 5112 2947 5173 πύλαις
2988 5117 3081 5171 τὴν
3115 5114 3252 5164 θείαν
3300 5112 3540 5182 γενέσθαι
3588 5108 3775 5181 ψυχήν
3809 5127 3820 5136 ·
3857 5110 3977 5163 Οὐκ

2366 5203 2727 5278 ἐγκατελείφθη
2796 5204 2898 5276 γὰρ
2968 5201 3033 5262 εἰς
3109 5197 3266 5271 ᾅδου,
3336 5200 3475 5252 καθά
3536 5203 3627 5250 καὶ
3682 5198 3708 5249 ὁ
3783 5199 3975 5252 θεσπέ-

2368 5308 2477 5358 σιος
2520 5297 2611 5367 ἔφη
2664 5296 2873 5367 Πέτρος.
2929 5291 3003 5343 Ού
3056 5294 3157 5364 γὰρ
3195 5291 3337 5344 ἔστιν
3390 5288 3546 5341 εἰπεῖν
3585 5289 3651 5349 ὡς
3699 5291 3792 5346 τὴν
3837 5287 3973 5347 άλη-

2364 5633 2512 5690 Citat
2533 5648 2739 5689 rursus
2761 5629 3018 5702 Agatho;
3040 5628 3289 5702 papain
3315 5626 3569 5702 epistola
3596 5627 3674 5684 ad
3704 5626 3969 5699 impera-

2361 5710 2589 5762 ratores
2624 5699 2846 5760 Concii'.
2882 5699 3069 5759 Labb‘.
3099 5699 3144 5758 ιζ
3176 5701 3270 5767 Vl,
3302 5699 3370 5772 p2
3398 5703 3502 5756 663
3524 5699 3588 5755 b.
