4040 6318
141 363 203 417 89
1464 359 1809 419 THESAURI
1857 364 1982 420 LIB.
2023 362 2185 421 XVII.
2624 314 2632 321 δ
3436 358 3506 412 90

846 430 874 471 τι

140 504 257 536 κτον
286 484 560 545 παντελῶς
570 490 662 538 καὶ
692 476 949 540 ἀνάλωτον
976 493 1049 558 τῷ
1070 488 1273 559 Θανάτῳ
1295 488 1476 559 φύσιν,
1505 490 1748 540 τουτέστι

1871 487 2223 545 habitaverit
2246 486 2322 544 de
2352 489 2473 543 Deo
2502 486 2785 554 Verbum,
2818 500 2957 543 cum
3005 483 3240 541 deitatis
3294 481 3508 538 virtute

142 578 225 631 risv
254 576 492 632 Θεότητα
516 583 613 628 τοῦ
643 582 962 647 Μονογενοῦς
991 577 1090 628 ύπό
1137 577 1311 648 χθόνα
1356 585 1543 649 μυχῶν
1572 574 1748 629 ἀνακε-

141 666 393 734 κεμσθαι
416 670 489 737 φή
500 684 659 738 σομεν
687 686 702 699 ·
735 666 794 718 ού
824 668 927 739 γὰρ
957 665 1019 716 ἂν
1038 666 1236 729 ἠξιώθη
1259 669 1318 718 τό
1337 673 1530 741 χρῆμα
1552 667 1751 738 θαύμα-

142 772 234 815 τος,
262 753 310 805 εἰ
341 758 637 827 μεμένηκεν
663 755 735 818 είς
765 758 851 807 τόν
876 751 950 826 οἶδ
955 776 1015 813 ην
1044 757 1071 807 ὁ
1098 753 1154 807 ἑκ
1180 763 1314 809 Θεοῦ
1347 761 1530 827 Λόγος,
1563 765 1626 829 τῇ
1661 765 1753 818 τῆς

144 843 382 904 ἑεότητος
412 844 652 918 ἐνεργείᾳ
677 863 734 897 τε
763 848 854 896 καὶ
884 847 1038 917 φύσει
1066 841 1380 919 παραδόξως
1409 864 1461 899 τε
1491 850 1580 896 καὶ
1623 846 1750 921 ὑπὲρ

140 931 285 1003 λόγον
337 932 564 1006 πληρῶν
595 936 662 986 τὰ
706 936 880 986 πάντα
925 934 1016 987 καί
1059 941 1172 996 τοίς
1207 941 1367 987 πᾶσιν
1398 931 1689 1007 ἐπιδημῶν.
1722 957 1751 985 ››

144 1016 263 1073 Εἶτα
287 1027 504 1096 προῖὼν
530 1032 605 1094 τῷ
624 1022 759 1096 λόγῳ
796 1030 967 1076 ταῦτα
988 1023 1143 1076 πάλιν
1172 1028 1329 1097 φησίν
1363 1045 1377 1057 ·
1407 1046 1436 1074 ι(
1467 1023 1752 1099 Ἀνθρὼπι-

139 1128 216 1161 νον
244 1114 344 1183 μὲν
369 1115 435 1163 τό
465 1113 712 1164 τεθνάναι
738 1114 926 1181 πάθος,
961 1111 1219 1187 ἐνέργημα
1249 1109 1308 1165 δὲ
1340 1114 1508 1165 θεῐκόν
1548 1117 1605 1166 τὸ
1636 1112 1757 1166 ἁνα-

141 1198 326 1251 ϐιῶναι
360 1222 374 1233 ·
413 1223 446 1252 ››
486 1198 692 1262 δεικνὺς
718 1201 755 1253 οἱ
783 1198 818 1254 δ
824 1202 857 1253 ι’
888 1201 1076 1275 ἀμφοῖν
1119 1206 1430 1277 γνωρίζεται
1471 1201 1587 1255 καθ’
1615 1205 1754 1276 ἡμᾶς

140 1307 189 1340 τε
215 1289 338 1362 ἅμα
367 1309 468 1342 και
500 1291 630 1365 ὑπὲρ
661 1292 802 1363 ἡμᾶς
821 1293 887 1351 ὡς
909 1294 1061 1353 Θεὸς.
1085 1297 1240 1365 Ὁρᾷς
1266 1293 1400 1352 ὅπως
1419 1293 1445 1344 ὁ
1469 1290 1756 1365 σεϐάσμιος

140 1378 293 1441 οὗτος
325 1384 523 1452 Πατὴρ
557 1382 647 1440 τὰς
673 1388 776 1432 τῶν
835 1376 932 1432 δύο
982 1382 1183 1452 φύσεων
1231 1379 1486 1454 ἐνεργείας
1533 1380 1616 1433 ἐπὶ
1664 1389 1755 1443 τῆς

138 1472 257 1537 μεὶς
294 1468 650 1530 ὓποστοὲσεως
676 1471 796 1527 ἦτοι
822 1476 913 1521 τοῦ
934 1468 1041 1531 ἐνὸς
1069 1475 1353 1543 προσώπου
1385 1478 1621 1545 Χριστοῦ
1662 1478 1754 1523 τοῦ

141 1564 274 1609 θεοῦ
306 1559 469 1628 ἡμῶν
496 1554 887 1631 παραδίδωσι;
935 1562 1035 1611 Καὶ
1093 1558 1201 1630 μετ’
1252 1559 1403 1631 ὀλίγα
1435 1581 1447 1594 ·
1494 1558 1622 1613 Εἶτα
1680 1556 1754 1613 δι’

142 1647 276 1717 ἡμᾶς
300 1647 586 1721 ἅνθρωπος
627 1653 915 1720 γενόμενος,
966 1649 1155 1721 ὁρατὸς
1191 1652 1281 1700 καὶ
1322 1648 1629 1719 ψηλαφητός
1672 1653 1756 1721 γέ-

142 1754 257 1804 γονε
291 1757 308 1769 ο
342 1741 440 1787 καὶ
472 1732 570 1788 διὰ
589 1745 688 1789 τῶν
722 1739 870 1789 θείων
899 1756 955 1790 τε
982 1743 1072 1789 καὶ
1121 1736 1453 1813 ἀνθρωπίνων
1498 1736 1754 1812 ἐνεργειῶν

1860 592 1931 634 ac
1960 580 2196 645 natura,
2229 576 2579 633 mirabiliter
2607 592 2678 632 ac
2710 590 2898 647 supra
2931 574 2993 630 id
3016 573 3185 647 quod
3237 571 3357 627 dici
3399 585 3508 642 po-

1858 670 1994 735 test,
2040 668 2247 724 omnia
2310 665 2576 739 impleat,
2629 670 2809 739 atque
2869 665 2930 720 in
2982 663 3161 721 nobis
3218 660 3507 719 omnibus

1858 756 2169 813 inhabitet.
2231 757 2453 813 Deinde
2505 772 2784 829 pergens,
2833 756 2965 812 haec
3017 755 3233 810 iterum
3290 751 3433 807 dicit
3492 766 3505 804 :

1866 868 1887 895 ι
1933 848 2206 902 Humana
2236 846 2555 903 inﬁrmitas
2585 850 2676 901 est
2704 860 2891 913 mors,
2923 843 3106 900 virtus
3137 857 3280 899 vero
3304 841 3511 897 divina

1860 937 2270 1002 resurrectio;
2331 957 2361 986 »
2426 936 2752 992 ostendens
2815 918 2984 1007 quod
3048 933 3140 989 his
3206 930 3510 988 ambabus

1864 1025 2228 1096 agnoscitur,
2253 1024 2475 1081 scilicet
2501 1025 2651 1080 inter
2674 1040 2787 1080 nos
2818 1039 2950 1079 esse
2995 1020 3174 1079 simul
3229 1025 3287 1076 et
3326 1033 3511 1091 supra

1863 1129 1975 1170 nos
2004 1119 2069 1170 ut
2099 1116 2307 1170 Deum.
2362 1113 2615 1169 Videsne
2658 1112 2969 1186 quomodo
3011 1111 3110 1167 hic
3149 1107 3511 1166 venerabilis

1865 1207 2033 1260 Pater
2062 1206 2321 1260 duarum
2344 1208 2697 1259 naturarum
2728 1202 2975 1258 virtutes
2998 1200 3059 1255 in
3088 1212 3211 1255 una
3225 1199 3511 1271 hyposta-

1865 1293 1913 1349 si
1943 1309 2050 1349 seu
2078 1308 2203 1348 una
2232 1308 2491 1364 persona
2519 1291 2730 1348 Christi
2757 1291 2856 1347 Dei
2883 1290 3071 1347 nostri
3093 1286 3509 1346 demonstrat?

1863 1384 1943 1438 Et
1968 1383 2157 1451 paulo
2176 1390 2311 1452 post
2338 1398 2351 1437 :
2386 1380 2632 1445 Deinde,
2663 1383 2908 1452 propter
2937 1393 3048 1435 nos
3082 1378 3266 1433 homo
3296 1374 3508 1440 factus,

1871 1470 2121 1526 visibilis
2146 1470 2598 1542 tractabilisque
2626 1469 2819 1525 factus
2848 1471 2959 1523 est.
3001 1468 3269 1537 Cumque
3297 1462 3510 1519 divinis

1866 1565 2048 1633 atque
2075 1559 2361 1616 humanis
2389 1558 2704 1616 virtutibus
2736 1558 2798 1613 in
2824 1556 3134 1613 divinitate
3169 1569 3241 1611 ac
3291 1552 3514 1609 huma-

1863 1651 2050 1707 nitate
2076 1665 2211 1707 esse
2243 1649 2642 1724 apparuisset,
2672 1647 2848 1705 nobis
2882 1644 3373 1719 cognoscendum
3401 1643 3512 1699 de-

1865 1740 1952 1795 dit
1979 1755 2041 1795 se
2071 1756 2143 1796 ex
2175 1741 2323 1813 ipsis
2378 1739 2703 1795 subsistere
2749 1736 2973 1811 quibus
3015 1734 3350 1808 patefactus
3400 1736 3510 1788 est.

146 1826 480 1898 mprs‘i;
507 1826 769 1898 ὑπάρχειν
796 1824 844 1878 ἓν
878 1829 1083 1885 θεότητι
1127 1831 1218 1879 καὶ
1257 1825 1638 1900 ἀνθρωπότητι,
1674 1823 1756 1879 δέ·

1871 1828 1960 1885 Sic
1982 1844 2125 1900 ergo
2151 1830 2342 1886 sancti
2364 1831 2564 1884 Patres
2584 1828 2697 1883 has
2713 1827 2926 1883 ambas
2942 1836 3121 1881 Voces
3136 1823 3512 1889 conﬁtentes,

148 1910 315 1966 δωκεν
347 1916 482 1987 ἡμὲν
510 1920 786 1985 γινώσκειν
816 1917 899 1968 ὅτι
927 1917 976 1968 ἐν
1007 1917 1085 1977 οἷς
1105 1914 1361 1988 ἐγνώσθη,
1391 1916 1445 1979 ἐξ
1476 1916 1642 1968 αὐτῶν
1668 1936 1757 1968 συ·

145 2009 401 2056 νίσταται
431 2025 445 2036 -
476 2004 613 2056 οὕτω
640 2007 739 2079 γὰρ
771 2009 861 2057 καὶ
882 2008 930 2058 οἱ
949 2004 1090 2077 ἅγιοι
1110 2008 1331 2078 Πατέρες
1358 2004 1644 2081 ἀμφοτέρας
1663 2008 1758 2069 τὰς

148 2095 317 2163 φωνὰς
349 2090 740 2163 ὁμολολοῡντες,
772 2098 1014 2146 τουτέστι
1045 2098 1137 2145 καὶ
1184 2098 1277 2152 τὴν
1307 2092 1360 2146 ἐκ
1402 2096 1638 2154 θεότητος
1667 2099 1754 2147 καὶ

147 2180 557 2254 ἁνθρωπότητος
584 2178 619 2234 δ
625 2181 657 2234 ι’
690 2182 935 2257 ἑκατέρας
964 2183 1131 2236 αὐτῶν
1161 2187 1220 2235 τὸ
1251 2181 1559 2255 ἀσύγχυτόν
1583 2203 1639 2236 τε
1668 2189 1758 2237 καὶ

146 2268 459 2348 ἀδιαίρετον
486 2281 582 2334 τῆς
609 2273 911 2347 οἰκονομίας
939 2282 1030 2326 τοῦ
1058 2273 1284 2347 μεγάλου
1315 2282 1449 2328 Θεοῦ
1471 2280 1560 2328 καὶ
1588 2282 1758 2335 Σωτῆ-

144 2382 233 2434 ρος
262 2364 421 2434 ἡμῶν
453 2363 634 2421 Ἰησοῦ
672 2371 909 2439 Χριστοῦ
938 2361 1353 2439 παραδιδόασιν.

1865 1933 2052 1973 unam
2088 1919 2309 1975 scilicet
2335 1918 2409 1973 de
2430 1918 2646 1972 deitate
2677 1922 2857 1989 atque
2885 1915 3134 1971 alteram
3174 1912 3249 1968 de
3299 1912 3514 1967 huma-

1864 2007 2073 2076 nitate,
2102 2023 2176 2063 ex
2202 2013 2456 2079 utraque
2484 2006 2892 2061 inconcretam
2925 2008 3105 2075 atque
3135 1999 3512 2056 individuam

1866 2096 2270 2152 mconomiam
2326 2094 2534 2165 magni
2582 2094 2683 2150 Dei
2742 2093 2929 2150 nostri
3000 2089 3319 2149 Salvatoris
3373 2090 3514 2144 Jesu

1867 2185 2075 2242 Christi
2106 2185 2369 2242 tradunt.

1256 2708 1326 2797 Ν
1334 2708 1674 2797 lCET/E
1840 2705 2420 2797 CHONIAT/E

716 2873 841 2941 EX
885 2871 1154 2942 LIBRO
1200 2873 1394 2943 XVII
1438 2870 1892 2943 THESAURI
1940 2869 2526 2939 ORTHODOX/E
2573 2868 2811 2937 FIDEI
2858 2868 2953 2958 (α)

486 3145 617 3215 Περὶ
647 3141 895 3214 αἱρέσεων
923 3147 1020 3194 τῶν
1048 3140 1438 3216 Ἀρμενίων

220 3263 289 3320 α’.
320 3266 429 3323 Τὴν
455 3269 580 3337 μίαν
606 3264 693 3318 ἐπὶ
732 3272 969 3338 Χριστοῦ
999 3270 1155 3339 φύσιν
1202 3272 1291 3319 καὶ
1339 3270 1463 3338 μίαν
1509 3264 1761 3339 ἓνὲργείαν

147 3355 291 3406 οὕτω
317 3362 606 3428 πειρῶνται
634 3353 895 3429 Ἀρμένιοι
918 3360 1186 3431 κρατύνειν
1212 3377 1225 3389 ·
1258 3356 1304 3408 εἰ
1328 3353 1426 3409 δύο
1448 3360 1604 3428 φασὶν
1627 3359 1761 3428 ἐνερ-

144 3450 300 3516 γείας
330 3442 421 3495 ἐπὶ
449 3451 686 3517 Χριστοῦ
715 3441 951 3516 δοίημεν,
980 3444 1290 3516 συνέψονται
1317 3447 1524 3506 πάντως
1546 3447 1760 3506 ταύταις

142 3538 237 3585 καὶ
272 3530 381 3585 δύο
409 3532 679 3606 Θελήματα
710 3555 722 3566 ·
753 3533 796 3586 εἰ
824 3530 885 3586 δὲ
913 3542 1086 3605 τοῦτο,
1113 3533 1167 3599 ἐξ
1196 3533 1427 3607 ἀνάγκης
1445 3540 1533 3588 καὶ
1548 3531 1644 3587 δυό
1670 3554 1761 3586 συ-

142 3623 615 3695 νεισαχθήσονται
640 3628 918 3699 πρόσωπα.

221 3716 374 3786 Πρὸς
405 3709 466 3764 δὲ
490 3720 654 3765 ταῦτα
677 3713 839 3775 οὕτως
871 3712 1044 3775 αὐτοῖς
1070 3713 1345 3767 ἀντέπεσον
1376 3715 1426 3766 οἰ
1456 3715 1691 3788 θεοφόροι

753 3806 978 3876 Πατέρες
1015 3805 1181 3876 ἡμῶν.

219 3930 296 3980 Τὸ
342 3930 569 3999 φυσικὸν
616 3926 812 3999 θέλημα
860 3924 1010 3979 οὐδὲν
1068 3926 1192 3981 ἄλλο
1253 3927 1394 3980 ἐστὶν
1443 3926 1471 3985 ἣ
1538 3923 1762 4000 δύναμις

141 4023 245 4068 τοῦ
286 4018 436 4068 κατὰ
485 4018 640 4087 φύσιν
669 4020 813 4079 ὄντος
857 4016 1133 4090 riparum,
1177 4021 1267 4069 καὶ
1309 4025 1408 4068 τῶν
1460 4012 1759 4088 ἰδιωμάτων

148 4110 445 4164 συνεκτικὴ
492 4114 594 4157 τῶν
640 4113 703 4177 τῇ
753 4108 901 4178 φύσει
954 4110 1254 4179 προσόντων
1306 4102 1598 4175 ούσιωδῶς,
1642 4105 1761 4157 καθ’

145 4197 210 4255 ἣν
288 4194 377 4248 ἀεὶ
432 4203 510 4267 τῷ
578 4197 732 4266 φύσει
804 4194 1054 4267 θελητικῷ
1123 4198 1182 4247 τὸ
1248 4198 1526 4267 πεφυκέναι
1601 4194 1759 4246 θέλειν

148 4285 448 4357 ἐμπέφυκεν
484 4305 499 4317 ·
556 4283 616 4335 ού
672 4288 861 4336 ταυτὸν
902 4281 962 4337 δὲ
1020 4287 1080 4336 τὸ
1139 4288 1415 4357 πεφυκέναι
1472 4283 1628 4336 θέλειν
1670 4288 1762 4336 καὶ

148 4375 313 4429 Θέλειν
361 4372 510 4426 ἐστίν
543 4394 556 4406 ·
614 4375 787 4448 ὥσπερ
837 4370 961 4426 οὐδὲ
1006 4376 1065 4425 τό
1120 4377 1399 4446 πεφυκέναι
1455 4371 1620 4425 λαλεῖν
1671 4377 1761 4425 καὶ

144 4464 320 4518 λαλεῖν

144 4554 293 4607 λαλεί
323 4550 388 4606 δὲ
441 4551 540 4604 ούκ
589 4550 668 4604 ἀεί
704 4573 717 4584 ·
770 4548 951 4610 ἐπειδὴ
1002 4555 1060 4604 τό
1108 4555 1199 4623 μὲν
1237 4552 1420 4613 ούσίας
1468 4549 1583 4603 ἐστὶ
1622 4549 1762 4623 λόγῳ

147 4648 362 4716 etiam;
426 4646 797 4714 συνεχόμενον,
861 4644 920 4693 τὸ
990 4637 1049 4694 δὲ
1118 4640 1334 4714 βουλῆς,
1387 4648 1449 4712 τῇ
1516 4647 1610 4692 τοῦ
1664 4639 1760 4692 λα-

146 4734 360 4794 λοῦντος
413 4737 603 4804 γνώμῃ
661 4724 1038 4803 τυπούμενον·
1096 4732 1229 4783 ὥστε
1277 4732 1479 4802 φύσεως
1538 4732 1628 4802 μεν
1682 4728 1762 4782 ἀεὶ

220 4913 302 4983 (1)
355 4912 583 4983 Contra
607 4909 810 4983 varias
855 4908 1125 4983 haereses
1166 4906 1586 4983 Armeniorum
1633 4921 1759 4962 non

152 4977 357 5054 pauca
390 4981 514 5036 alia
539 4980 891 5054 praecedunt
913 4979 973 5034 in
996 4979 1224 5054 codice,
1246 4994 1383 5052 quae
1410 4977 1629 5054 idcirco
1651 4993 1763 5032 nos

153 5048 483 5111 omisimus
539 5048 691 5124 quia
706 5066 783 5124 ea
808 5065 961 5124 pene
986 5050 1064 5106 ad
1101 5048 1355 5124 litteram
1383 5048 1546 5124 edita
1597 5064 1762 5124 repe-

150 5127 349 5182 rimus
436 5119 606 5195 apud
649 5119 1052 5195 Nicephorum
1082 5121 1426 5195 “Callistum
1472 5119 1611 5195 hist.
1656 5119 1760 5176 lib.

150 5214 317 5267 nm,
354 5198 446 5251 53.
478 5191 601 5251 Sed
630 5191 810 5267 quia:
832 5194 987 5267 inter
1044 5191 1193 5267 alios
1242 5191 1763 5248 schismaticorum

152 5263 586 5324 Armeniorum
612 5263 996 5321 illaudabiles
1019 5265 1170 5320 ritus
1202 5279 1373 5319 sacra
1394 5278 1639 5335 quoque
1666 5277 1765 5317 ca-

153 5340 457 5396 daverum
482 5353 595 5409 per
612 5337 826 5409 ‘oleum
882 5335 1086 5409 unctio
1115 5339 1477 5409 recensetur,
1508 5349 1633 5405 qua
1662 5348 1762 5409 sua

153 5427 262 5483 per
290 5424 356 5466 re
395 5405 738 5483 qn'emd‘am
782 5406 1020 5464 Macarii
1064 5406 1362 5483 Hierosol._
1383 5405 1676 5483 incertum
1709 5407 1767 5483 et

154 5474 725 5554 fortasse-Spurium
762 5494 1063 5535 canonem
1109 5478 1295 5534 citant
1346 5475 1585 5549 (videsis
1635 5474 1763 5531 Col-

2224 3138 2311 3195 De
2349 3137 2669 3195 haeresibus
2710 3135 3156 3193 Armeniorum.

1946 3269 1994 3321 1.
2020 3266 2209 3320 Unam
2241 3264 2302 3319 in
2331 3263 2560 3320 Christo
2591 3267 2871 3321 naturam
2899 3265 2955 3315 et
2978 3274 3165 3315 unam
3221 3253 3510 3329 operandi

1870 3353 2217 3410 facultatem
2248 3353 2491 3409 Armeni
2509 3353 2626 3409 hoc
2657 3351 2840 3407 modo
2853 3349 3210 3406 conﬁrmare
3231 3344 3472 3403 student
3497 3362 3509 3400 :

1873 3443 1930 3500 Si
1959 3443 2114 3500 duas
2148 3443 2378 3499 Christo
2404 3440 2697 3514 operandi
2752 3439 3063 3496 facultates
3113 3435 3511 3505 attribuimus,

1871 3532 2003 3589 duae
2031 3532 2370 3588 necessario
2394 3531 2732 3587 voluntates
2755 3527 3124 3585 stabiliendae
3147 3530 3290 3581 sunt
3313 3540 3326 3591 ;
3349 3523 3514 3596 quod

1872 3624 1925 3677 si
1952 3621 2317 3691 conceditur,
2341 3621 2478 3677 duae
2510 3635 2780 3692 personas
2810 3620 3094 3673 emanent
3120 3629 3362 3671 necesse
3384 3612 3512 3669 erit.

1975 3711 2074 3767 Ad
2103 3711 2215 3768 hoc
2244 3717 2441 3768 autem
2470 3711 2557 3766 sic
2593 3710 2717 3765 illis
2750 3708 2944 3764 divini
2972 3707 3186 3764 Patres
3215 3704 3410 3760 nostri

2463 3799 2919 3869 responderunt.

1942 3923 2236 3982 Naturalis
2264 3922 2542 3979 voluntas
2571 3921 2717 3979 nihil
2747 3920 2911 3977 aliud
2936 3923 3024 3975 est
3048 3933 3234 3991 quam
3282 3916 3374 3972 vis
3404 3916 3512 3971 hu-

1866 4014 1966 4086 jus
1991 4013 2156 4088 quod
2183 4012 2517 4068 secundum
2543 4017 2824 4067 naturam
2882 4012 2969 4065 est
3015 4006 3351 4080 appetitum
3390 4019 3516 4060 mo-

1870 4119 2012 4160 vens
2073 4102 2587 4176 proprietatesque
2644 4098 3047 4171 complectens
3094 4112 3231 4170 qua;
3287 4098 3516 4152 natura

1871 4191 2258 4248 essentialiter
2277 4191 2499 4258 insunt,
2523 4205 2596 4244 ex
2615 4204 2739 4261 qua
2760 4201 3000 4259 semper
3021 4185 3393 4243 voluntatem
3412 4182 3516 4239 ha-

1871 4281 2034 4337 benti
2065 4294 2241 4352 posse
2262 4277 2409 4333 velle
2437 4278 2608 4334 inest.
2642 4279 2770 4332 Non
2797 4281 2997 4333 autem
3026 4274 3187 4331 idem
3213 4279 3301 4331 est
3335 4287 3517 4347 posse

1871 4371 2023 4427 velle
2054 4373 2113 4425 et
2140 4368 2311 4433 velle,
2340 4365 2861 4441 quemadmodum
2887 4380 2997 4421 nec
3026 4364 3190 4420 idem
3219 4368 3309 4420 est
3333 4376 3518 4435 posse

377 4484 392 4496 ⁶
444 4466 643 4535 πέφυκε
700 4466 790 4535 μὲν
844 4465 945 4537 γὰρ
1001 4461 1079 4515 ἀεὶ
1130 4465 1187 4515 τὸ
1243 4461 1519 4521 λαλητικὸν
1570 4460 1756 4531 λαλεῖν,

1871 4458 2056 4548 loqui,
2085 4461 2141 4514 et
2171 4455 2356 4528 loqui.
2410 4454 2582 4521 Quod
2627 4453 2789 4509 enim
2838 4452 3183 4509 facultatem
3229 4448 3518 4523 loquendi

1869 4547 2073 4615 habet,
2105 4550 2301 4619 potest
2332 4558 2570 4617 semper
2591 4543 2778 4617 loqui,
2797 4557 2920 4598 non
2942 4546 3143 4598 autem
3168 4554 3407 4611 semper
3431 4538 3517 4594 lo—

1870 4637 2108 4711 quitur;
2142 4640 2206 4691 ut
2230 4635 2388 4691 enim
2417 4633 2630 4706 possit,
2661 4634 2722 4688 in
2743 4632 2971 4688 ratione
2994 4636 3224 4687 naturae
3251 4642 3521 4700 compre-

1870 4725 2154 4783 henditur
2177 4740 2190 4791 ;
2218 4728 2282 4780 ut
2303 4726 2505 4780 autem
2524 4721 2685 4792 velit,
2711 4720 3014 4794 loquentis
3032 4724 3230 4776 mente
3251 4715 3521 4773 determi-

1871 4903 2005 4960 lect.
2038 4905 2186 4972 Vat.,
2220 4906 2259 4957 t.
2294 4903 2355 4968 X,
2380 4899 2603 4972 ﬁn.,7p.
2632 4902 2728 4972 27A]
2759 4902 2815 4953 et
2834 4914 2924 4970 pr.
2948 4912 3011 4972 p_.
3048 4895 3223 4972 situ),
3277 4892 3378 4972 aio_
3409 4906 3519 4972 _me

1871 4974 2088 5031 vidisse
2119 4966 2405 5029 idoneam
2432 4966 2608 5041 hujus
2629 4970 2713 5026 rei
2743 4966 2858 5027 ms’.
2906 4966 3520 5041 refutationem__lNi_ce-

1873 5046 2049 5118 phori
2076 5033 3133 5118 patriarcha3_Constantinopolitani_
3161 5035 3281 5118 hoc
3302 5033 3515 5118 titu‘lo':

1875 5104 2001 5191 Ϊῐερὶ
2025 5104 2123 5169 τιῖῖν
2149 5115 2398 5191 λεγόντων
2430 5116 2511 5166 ὅτι
2539 5116 2648 5191 χρὴ
2699 5117 2789 5191 καὶ
2832 5104 2962 5182 μετά
2988 5112 3075 5160 τὸν
3109 5108 3324 5191 θάνατον
3345 5104 3520 5191 Αειξχέ-

1872 5175 2016 5242 λαὶον
2043 5175 2227 5241 ποιεῖνί
2263 5185 2473 5258 Incipit
2502 5175 2662 5240 ε’δύκ
2692 5175 2841 5258 οἷδα’
2862 5184 3015 5258 ποίαν
3058 5183 3149 5230 καὶ
3190 5175 3522 5258 ἐτασθαλίας

1875 5265 2071 5332 μεστήν
2101 5281 2117 5332 ς
2144 5258 2356 5332 Nescio
2378 5247 2558 5329 éuam
2588 5254 2866 5332 amentiae
2881 5253 3148 5332 plenam.
3190 5247 3419 5330 Videsis
3440 5251 3522 5303 ta-

1874 5320 2016 5386 inen
2045 5328 2226 5385 etiam
2257 5320 2459 5384 Graeca
2486 5326 2655 5398 apud
2685 5320 2977 5395 Cangium
3001 5320 3299 5378 contraria
3326 5334 3522 5375 excer—

1874 5404 1980 5475 pta
2005 5417 2136 5459 V00.
2161 5400 2375 5456 ’Ἐλαιον
2402 5400 2573 5471 οἷγιον.

230 5609 315 5679 (a)
347 5609 472 5679 Hoc
496 5605 664 5679 libro
687 5601 1121 5679 continebatur
1128 5602 1317 5679 etiam
1335 5600 1617 5679 secunda
1663 5595 1997 5672 Disputatio
2048 5594 2364 5654 Theoriani
2417 5608 2555 5649 cum
2595 5591 2854 5654 Nersete,
2909 5602 3096 5660 quam
3138 5584 3293 5642 inter
3339 5597 3524 5658 opera

159 5673 480 5737 Theoriani
504 5676 835 5747 edidimus,
865 5679 1012 5732 tom.
1041 5675 1308 5745 CXXXIII,
1332 5673 1497 5730 Emr.
1519 5674 1697 5730 Pun.
