4040 6318
521 356 585 409 91
1869 356 1914 410 Ν
1920 355 2136 410 ICETE
2176 353 2549 412 CHONIAT/E

3825 365 3918 419 92

523 477 789 534 minatur
816 475 901 533 ita
922 479 987 533 ut
1012 480 1238 534 naturae
1275 478 1523 550 quidem
1579 477 1653 535 sit
1698 493 1882 551 posse
1930 494 2170 551 semper

2298 482 2355 532 τὸ
2376 481 2654 552 πεφυκέναι
2682 476 2871 549 λαλεῖν,
2902 481 3076 555 ὡσπερ
3116 485 3208 534 καὶ
3257 485 3316 534 τό
3359 488 3636 556 πεφυκέναι
3684 485 3846 539 θέλειν
3893 507 3915 521 ·

520 566 707 639 loqui,
742 571 805 622 ut
829 570 887 622 et
915 582 1096 638 posse
1122 566 1288 623 velle.
1325 567 1382 622 Si
1427 572 1627 624 autem
1675 584 1855 641 posse
1904 567 2058 628 velle
2115 571 2172 624 et

521 655 1076 729 quomodocunque
1105 656 1255 713 velle
1277 672 1403 714 non
1426 661 1566 713 sunt
1601 657 1783 730 idem,
1825 657 1931 715 sei
1974 661 2169 730 poste-

521 744 647 801 rius
679 760 750 800 ex
801 742 1050 801 volentis
1092 744 1521 802 deliberatione
1570 746 1858 818 procedit,
1904 744 2171 802 habebat

520 833 701 905 igitur
721 849 897 906 posse
927 833 1076 890 velle
1101 835 1483 892 incarnatum
1514 835 1794 903 Verbum,
1850 838 1916 891 ut
1960 835 2168 899 homo,

524 940 638 981 sua
667 924 872 979 divina
900 923 1209 980 voluntate
1243 930 1476 981 motum
1502 930 1561 981 et
1590 925 1997 981 eﬂ'ormatum.
2030 925 2170 995 Ejus

523 1014 684 1070 enim
713 1013 1013 1082 voluntas,
1047 1013 1195 1069 nihil
1227 1017 1344 1069 Deo
1375 1014 1679 1087 opposita,
1711 1016 1961 1071 omnino
2000 1014 2169 1070 deiﬁ-

521 1108 656 1159 cata
680 1108 825 1160 erat.
863 1103 918 1160 Si
946 1107 1147 1160 autem
1173 1103 1588 1174 deiﬁcabatur,
1618 1108 1780 1176 patet
1822 1120 1959 1160 eam
2005 1103 2171 1161 deiﬁ-

523 1192 711 1249 cantis
741 1193 1097 1249 cohaerentia
1123 1192 1462 1250 deiﬁcatam
1497 1210 1649 1249 esse.
1701 1194 1989 1251 Deiﬁcum
2025 1209 2170 1251 vero

524 1286 580 1339 et
607 1281 952 1337 deiﬁcatum
980 1282 1104 1337 duo
1135 1287 1289 1339 certe
1342 1287 1514 1350 sunt;
1548 1282 1655 1339 sed
1712 1299 1836 1339 non
1891 1299 2082 1339 unum
2113 1286 2172 1340 et

522 1371 682 1428 idem
707 1377 955 1441 natura;
992 1372 1039 1427 si
1066 1372 1311 1445 quidem
1340 1389 1569 1441 eorum,
1602 1390 1738 1446 qum
1771 1379 1911 1430 sunt
1940 1374 2018 1429 ad
2063 1374 2170 1430 ali-

524 1460 690 1534 quid,
719 1460 1008 1516 deiﬁcans
1038 1465 1094 1516 et
1122 1460 1470 1519 deiﬁcatum
1504 1469 1662 1531 sunt,
1713 1478 1786 1519 ea
1835 1477 1976 1518 vero
2033 1479 2168 1534 quae

525 1554 665 1605 sunt
691 1548 771 1604 ad
800 1548 1029 1621 aliquid
1055 1555 1313 1621 possunt
1330 1550 1483 1606 inter
1509 1566 1571 1606 se
1598 1550 1770 1617 uniri,
1796 1551 2170 1623 alterumque

524 1653 632 1711 per
658 1637 911 1695 alterum
932 1638 1187 1711 concipi.
1210 1640 1479 1697 Habebat
1502 1640 1680 1711 igitur
1700 1641 2035 1699 naturalem
2062 1655 2172 1695 vo-

522 1728 837 1800 luntatem,
867 1734 929 1785 ut
957 1729 1164 1798 homo,
1197 1730 1468 1788 Salvator
1497 1747 1607 1787 sua
1636 1731 1839 1787 divina
1868 1732 2170 1787 voluntate

2289 571 2336 623 εἰ
2362 567 2421 623 δὲ
2449 574 2507 623 τὸ
2536 573 2815 642 πεφυκέναι
2849 569 3005 622 θέλειν
3042 577 3134 625 καὶ
3183 575 3244 624 τὸ
3291 581 3399 635 πῶς
3445 573 3603 627 θεἊειν
3653 576 3745 628 οὐκ
3777 578 3916 629 ἔστι

2282 663 2491 731 ταυτὸν,
2542 662 2601 711 τό
2657 656 2715 712 δὲ
2767 667 2857 720 τῆς
2921 668 3013 712 τοῦ
3071 661 3297 723 θέλοντος
3361 662 3594 736 ὑπάρχει
3658 663 3891 738 βουλῆς,

2284 747 2421 821 εἶχεν
2467 750 2569 824 ἄρα
2619 752 2678 801 τὸ
2727 753 3004 821 πεφυκέναι
3053 747 3210 803 θέλειν
3260 751 3286 803 ὁ
3341 755 3625 827 σαρκωθεὶς
3680 758 3890 826 Λόγος,

2282 841 2351 900 ὡς
2379 839 2667 911 ἄνθρωπος,
2717 845 2790 909 τῷ
2827 838 2987 890 αὐτοῦ
3034 840 3185 911 θεῑκῷ
3236 838 3536 913 βουλήματι
3584 845 3894 915 κινούμενον

2280 933 2372 981 καί
2422 931 2739 1001 τυπούμενον
2782 949 2796 961 ο
2849 932 2909 980 τό
2956 931 3054 1002 γὰρ
3094 928 3287 983 ἐκείνου
3343 930 3501 983 θελειν
3549 928 3700 984 οὐδὲν
3745 935 3894 984 ὑπε-

2279 1022 2479 1071 ναντίον
2526 1026 2660 1088 Θεῷ,
2712 1019 2893 1071 θεωθὲν
2945 1017 3060 1071 ὅλον
3094 1040 3107 1052 ·
3159 1019 3203 1071 εἰ
3252 1016 3313 1073 δὲ
3367 1022 3604 1082 τεθέωτο,
3664 1029 3725 1093 τῇ
3782 1028 3890 1073 τοῦ

2284 1110 2516 1170 θεοῡντος
2572 1105 2815 1165 δηλονότι
2846 1111 3084 1180 συμφυῑα
3129 1110 3365 1161 τεθέωτο.
3403 1112 3472 1162 Τό
3505 1106 3566 1163 δὲ
3611 1111 3750 1162 θεούν
3782 1116 3886 1163 καὶ

2284 1199 2548 1270 θεούμενον
2580 1193 2678 1249 δύο
2720 1197 2949 1265 πάντως,
2999 1196 3109 1249 ἀλλ’
3141 1198 3245 1269 οὐχ
3273 1198 3321 1250 ἓν
3347 1203 3437 1250 καὶ
3467 1201 3620 1270 φύσει
3662 1203 3886 1265 ταυτὸν,

2282 1289 2420 1361 εἴπερ
2451 1294 2548 1338 τῶν
2578 1305 2704 1361 προς
2733 1305 2785 1337 τι
2834 1289 2903 1338 τὰ
2951 1287 3096 1338 θεοῦν
3139 1292 3229 1339 καὶ
3276 1290 3334 1339 τό
3391 1289 3680 1360 θεούμενον,
3710 1290 3776 1340 τὰ
3820 1285 3891 1341 δὲ

2280 1380 2410 1448 πρός
2454 1395 2506 1427 τι
2554 1378 2754 1435 πάντως
2801 1373 3039 1436 ἀλλήλοις
3070 1377 3474 1446 συνεισάγεσθαι
3521 1380 3729 1448 πέφυκε,
3784 1382 3890 1429 καὶ

2283 1466 2479 1537 θατέρῳ
2547 1466 2962 1517 πνεπινοείσθαι
3029 1466 3257 1539 θάτερον.
3301 1463 3460 1536 Εἶχεν
3527 1466 3621 1517 οὖκ
3677 1466 3890 1538 θέλημα

2282 1556 2502 1626 φυσικόν
2564 1554 2634 1614 ὡς
2685 1554 2957 1626 ἄνθρωπος
3019 1555 3045 1604 ὁ
3111 1558 3288 1625 Σωτὴρ
3354 1561 3430 1624 τῷ
3493 1554 3653 1606 αὐτοῦ
3720 1556 3888 1626 θεῑκῷ

2283 1641 2534 1714 θελήματι
2563 1644 2976 1713 πντυπούμενον
3014 1647 3105 1694 καὶ
3136 1642 3398 1714 ἑνούμενον
3446 1648 3535 1695 καὶ
3582 1642 3676 1695 οὐκ
3736 1641 3888 1695 ἐδαν-

2278 1735 2543 1805 τιούμενον
2579 1753 2590 1765 ·
2627 1734 2682 1784 τὸ
2712 1735 2813 1805 γὰρ
2845 1731 2962 1783 κατ’
3016 1733 3188 1803 ἔφεσιν
3219 1730 3493 1804 όρεκτικῆς
3540 1732 3885 1807 ἐστερημένον

524 1817 903 1875 efformatam
956 1823 1012 1875 et
1066 1819 1418 1878 uniﬁcatam
1485 1825 1542 1876 et
1602 1836 1724 1876 non
1784 1820 2166 1876 contrariam.

2288 1827 2528 1881 κινήσεως
2580 1825 2669 1873 καὶ
2706 1826 2884 1882 πᾶσης
2929 1823 3153 1883 ζωτικῆς
3186 1817 3455 1893 δυνάμεως
3502 1822 3716 1895 ἄμοιρον
3752 1842 3764 1855 ·
3816 1826 3886 1874 τὸ

526 1907 696 1973 Quod
714 1907 872 1964 enim
899 1908 1225 1980 appetitivo
1253 1909 1314 1964 in
1340 1910 1605 1982 potentia
1626 1914 1793 1966 motu
1813 1913 1993 1979 caret,
2012 1913 2174 1966 caret

526 1996 704 2053 simul
728 1997 896 2053 omni
924 1998 1087 2055 vrtali
1118 2003 1446 2070 potestate;
1478 2000 1643 2072 quod
1670 2004 1873 2057 autem
1899 2016 1970 2055 ex
1999 2004 2174 2055 natu-

524 2103 594 2144 ra
620 2102 742 2144 non
771 2087 953 2145 habet
982 2088 1221 2145 vitalem
1262 2093 1638 2161 potestatem,
1680 2090 1932 2148 omnino
1971 2103 2171 2161 neque

522 2176 791 2235 animam
815 2178 1015 2236 habet.

522 2285 621 2340 Ad
649 2301 744 2342 eos
772 2288 875 2358 qui
903 2286 1109 2342 dicunt
1130 2299 1191 2341 se
1212 2289 1437 2343 nescire
1462 2288 1716 2342 alteram
1734 2293 1789 2342 et
1821 2287 2073 2343 alteram
2105 2287 2168 2341 in

598 2372 841 2431 Christo
866 2375 1261 2443 voluntatem,
1279 2375 1383 2431 sed
1403 2390 1586 2431 unam
1612 2380 1665 2430 et
1690 2375 1848 2431 hanc
1876 2375 2167 2441 divinam,

594 2477 660 2518 eo
679 2462 840 2533 quod
866 2463 1145 2532 deiﬁcata
1172 2464 1360 2532 fuerit
1384 2478 1528 2520 caro

594 2573 649 2624 2.
677 2568 795 2624 Nisi
817 2568 1005 2626 altera
1032 2573 1089 2627 et
1110 2569 1297 2626 altera
1324 2571 1401 2627 sit
1423 2570 1758 2626 secundum
1781 2575 2060 2627 naturam
2086 2568 2170 2625 di-

522 2657 667 2715 vina
716 2662 773 2715 et
800 2657 1073 2716 humana
1101 2660 1401 2727 voluntas,
1452 2660 1840 2716 manifestum
1893 2664 1985 2714 est
2033 2675 2169 2715 eam

524 2762 655 2803 esse
685 2762 868 2802 unam
899 2751 955 2803 et
980 2747 1261 2804 eamdem
1297 2753 1534 2805 natura.
1580 2748 1635 2805 Si
1687 2749 1771 2804 ita
1798 2752 1907 2814 est,
1956 2753 2173 2803 natura

524 2833 660 2907 ipsa
688 2836 1029 2893 necessaria
1050 2851 1173 2892 una
1202 2842 1261 2893 et
1290 2837 1505 2894 eadem
1531 2838 1657 2892 erit.
1688 2837 1796 2893 Ubi
1832 2837 1992 2892 enim
2048 2852 2171 2892 non

525 2923 941 2980 estdiversitas
958 2926 1246 2982 naturalis
1270 2925 1665 2996 voluntatum,
1681 2940 1875 2998 neque
1898 2925 2174 2981 substan-

525 3012 620 3069 tiae
650 3017 707 3069 et
733 3018 965 3070 naturae
989 3013 1108 3071 illic
1137 3014 1327 3071 aderit
1352 3015 1628 3071 varietas.
1646 3015 1705 3071 Si
1729 3019 1930 3071 autem
1962 3018 2176 3071 natura

526 3101 709 3160 altera
738 3107 795 3160 et
824 3102 1014 3160 altera
1056 3104 1393 3161 voluntates
1439 3105 1578 3176 sint,
1637 3106 1889 3164 omnino
1932 3105 2081 3160 inter
2112 3119 2174 3160 se

2284 1908 2343 1963 δὲ
2377 1914 2591 1973 ζωτικὴν
2622 1910 2715 1962 οὐκ
2754 1912 2877 1982 ἔχον
2918 1910 2971 1962 ἐκ
3003 1929 3199 1981 φυσεως
3230 1906 3453 1982 δύναμιν
3497 1912 3697 1972 πάντως
3749 1907 3886 1964 οὐδὲ

2281 2000 2482 2073 ψυχήν·

2282 2288 2418 2361 Πρὸς
2449 2289 2566 2345 τοὺς
2610 2285 2855 2356 λέγοντας
2897 2289 2969 2357 μὴ
3023 2283 3145 2336 ἄλλο
3194 2288 3284 2337 καὶ
3332 2283 3454 2338 ἄλλο
3508 2284 3591 2337 ἐπὶ
3638 2292 3886 2357 Χριστοῦ

2352 2370 2545 2427 εἰδέναι
2572 2373 2789 2445 θεῢημα,
2822 2372 2928 2424 ἀλλ’
2958 2373 3006 2426 ἓν
3032 2377 3121 2425 καὶ
3150 2380 3305 2425 τοῦτο
3336 2375 3523 2441 θεῑκόν,
3562 2369 3657 2425 διὰ
3681 2377 3738 2425 τὸ
3780 2377 3884 2431 τήν

2354 2465 2526 2537 σάρκα
2559 2465 2830 2521 θεωθῆναι.

2353 2569 2425 2643 β’.
2454 2570 2515 2623 Εἰ
2544 2569 2664 2622 ἄλλο
2701 2574 2789 2622 καὶ
2820 2568 2942 2621 ἄλλο
2974 2571 3110 2621 κατὰ
3138 2571 3293 2640 φύσιν
3342 2568 3437 2621 οὐκ
3474 2570 3589 2621 ἔστι
3634 2572 3692 2621 τό
3739 2570 3879 2621 θεῖον

2279 2663 2453 2712 καὶτὸ
2508 2658 2823 2733 ἀνθρώπινον
2881 2658 3100 2731 θέλημα,
3155 2654 3311 2717 δῆλον
3364 2660 3434 2718 ὡς
3483 2657 3531 2709 ἓν
3587 2660 3739 2730 φύσει
3785 2663 3885 2710 καὶ

3508 2745 3733 2820 ἀνάγκης
3780 2751 3888 2819 μία

3114 2836 3175 2889 οὔ
3224 2840 3325 2912 γὰρ
3385 2836 3621 2909 ἑτερότης
3678 2843 3880 2908 φυσικὴ

2287 2928 2584 3001 θελημάτων
2632 2926 2723 2981 οὐκ
2782 2931 2944 2995 ἔστιν,
3002 2923 3127 2979 οὐδὲ
3184 2927 3368 2989 οὐσίας
3420 2931 3511 2978 καὶ
3571 2929 3771 2999 φύσεως
3821 2930 3890 2977 τὸ

2282 3020 2528 3090 παράπαν
2589 3015 2753 3069 ἐκεῖσε
2800 3015 3130 3089 παραλλαγή.
3186 3015 3248 3068 Εἰ
3300 3012 3359 3068 δε
3418 3014 3540 3067 ἄλλο
3598 3017 3751 3088 φύσει
3791 3019 3893 3067 καὶ

2281 2754 2469 2802 ταυτόν
2502 2771 2514 2783 ο
2548 2755 2638 2801 καὶ
2684 2748 2728 2801 εἰ
2756 2756 2928 2814 τοῦτο,
2979 2753 3068 2801 καὶ
3107 2749 3136 2805 ἠ
3200 2751 3352 2820 φύσις
3404 2747 3456 2811 ἐξ

2281 2844 2365 2891 καὶ
2416 2837 2811 2914 ἀπαράλλακτος
2861 2840 3011 2890 ἔσται
3044 2859 3056 2870 ·

2284 3106 2428 3171 ἄλλο,
2490 3102 2718 3179 διάφοροι
2769 3106 2974 3167 πάντως
3027 3127 3038 3138 ·
3097 3108 3187 3157 καὶ
3241 3104 3283 3157 εἰ
3332 3101 3580 3177 διάφορα,
3632 3111 3741 3164 πῶς
3791 3105 3890 3155 τὸν

524 3191 833 3250 differunt.
874 3196 1052 3249 Porro
1076 3194 1125 3250 si
1155 3193 1460 3265 differunt,
1483 3195 1795 3267 quomodo
1821 3211 2029 3251 earum
2060 3210 2173 3250 nu-

2288 3196 2333 3248 ἐν
2389 3204 2538 3267 ποσῷ
2588 3198 2782 3248 τούτων
2844 3195 3065 3269 ἀριθμὸν
3127 3194 3232 3265 οὐχ
3279 3185 3607 3267 ὁμολογῆσαι
3660 3197 3828 3267 χρεών
3873 3210 3890 3259 ;

524 3294 759 3335 merum
791 3280 1059 3337 conﬁteri
1088 3298 1211 3338 non
1244 3299 1489 3339 necesse
1524 3290 1613 3340 est
1643 3290 1699 3341 et
1744 3290 1892 3357 quot
1939 3284 2057 3339 sint
2088 3284 2175 3339 in-

526 3367 761 3438 quirere
782 3369 809 3424 ?
835 3369 1152 3433 Quomodo
1178 3372 1340 3427 enim
1372 3372 1658 3444 possibile
1687 3379 1779 3430 est
1806 3387 1938 3427 esse
1967 3372 2176 3427 volun-

527 3460 677 3512 tates
698 3472 921 3532 easque
951 3473 1071 3515 non
1099 3462 1457 3518 numerari?
1478 3463 1655 3528 Quod
1685 3463 1844 3518 enim
1900 3461 2175 3517 deiﬁcata

528 3550 617 3602 est
665 3560 777 3604 sua
804 3562 943 3603 cum
975 3551 1094 3605 Deo
1124 3551 1348 3607 unione
1405 3565 1566 3617 caro,
1617 3566 1737 3605 non
1773 3551 1911 3606 ideo
1957 3551 2019 3605 in
2066 3566 2176 3607 sua

528 3634 826 3691 essentiali
857 3638 1123 3705 entitate,
1149 3643 1451 3711 quatenus
1492 3644 1708 3695 natura
1737 3638 2091 3694 rationalem
2120 3643 2177 3695 et

528 3729 729 3779 mente
792 3726 1109 3797 praeditam
1161 3728 1427 3782 animam
1488 3727 1687 3793 habet,
1750 3728 2171 3798 corrumpitur.

529 3813 1052 3877 Quemadmodum
1068 3831 1264 3888 neque
1284 3815 1506 3871 ferrum
1523 3816 1851 3887 corrumpit
1863 3816 1919 3870 in
1934 3816 2177 3888 propria

528 3907 745 3959 natura
774 3919 1017 3960 summa
1045 3909 1102 3959 et
1131 3903 1396 3976 perfecta
1429 3920 1568 3959 cum
1599 3905 1736 3974 igue
1762 3904 2099 3960 commistio
2122 3909 2179 3960 et

532 3991 711 4061 unio;
746 3992 854 4047 sed
881 3993 1275 4065 proprietates
1298 3992 1453 4062 ignis
1484 3992 1802 4060 contrahit,
1839 3993 1885 4048 si
1929 3993 2176 4065 quidem

528 4080 683 4151 ignis
707 4097 815 4153 per
845 4083 1133 4138 unionem
1164 4081 1392 4137 factum
1414 4086 1537 4149 est;
1575 4081 1973 4138 simulantem
1996 4098 2178 4153 grave

530 4175 617 4225 est
647 4175 864 4226 natura
894 4174 952 4228 et
982 4175 1164 4239 secat,
1198 4170 1343 4243 quia
1368 4187 1491 4227 non
1522 4173 1779 4245 propriae
1809 4177 2041 4228 natura;
2088 4173 2177 4244 ja-

530 4262 762 4313 cturam
786 4273 1039 4330 passum
1065 4263 1171 4325 est,
1185 4273 1383 4332 neque
1413 4260 1747 4317 naturalem
1774 4260 1896 4316 vim
1926 4261 2177 4317 omnino

530 4345 747 4411 amisit,
778 4347 886 4403 etsi
912 4364 1051 4404 cum
1072 4348 1211 4417 igne
1240 4350 1487 4405 exsistat
1526 4350 1862 4406 secundum
1893 4366 2079 4407 unam
2123 4355 2181 4407 et

531 4434 810 4492 eamdem
834 4437 1419 4510 hypostasim,atque
1450 4438 1627 4494 simul
1651 4444 1928 4511 operetur
1948 4456 2019 4495 ea
2044 4455 2177 4512 quae

531 4523 864 4581 secundum
886 4527 1195 4598 propriam
1216 4534 1497 4584 naturam
1540 4533 1701 4591 sunt,
1727 4530 2054 4585 sectionem
2097 4529 2174 4583 di-
2209 4540 2252 4594 ι)
2288 4552 2372 4595 σις
2415 4550 2426 4563 ·

530 4628 623 4683 co,
645 4628 974 4687 rursusque
1003 4631 1074 4672 ea
1099 4632 1233 4688 quae
1258 4633 1331 4672 ex
1353 4617 1572 4672 unione
1590 4617 1941 4689 procedunt,
1957 4633 2174 4690 nempe

526 4700 940 4771 adustionem;
975 4704 1166 4777 ipsius
1196 4711 1400 4762 autem
1427 4711 1534 4774 est,
1566 4706 2090 4778 quemadmodum
2121 4711 2176 4763 et

527 4790 703 4860 ignis,
728 4793 974 4848 secandi
1004 4794 1157 4851 actio
1179 4800 1425 4867 propter
1447 4811 1749 4850 summam
1778 4800 2173 4868 mutuamque

530 4879 1155 4939 circumincessionem
1186 4888 1243 4940 et
1266 4884 1782 4939 communionem.

974 5007 1053 5063 Et
1079 5022 1294 5063 rursus
1334 5008 1499 5064 circa
1530 5007 1683 5064 idem
1698 5051 1712 5063 .

600 5119 652 5171 3.
689 5115 747 5173 Si
775 5117 982 5173 omnia
1010 5131 1147 5189 quin
1178 5121 1404 5173 naturae
1439 5121 1580 5172 sunt
1605 5116 1926 5173 nobiscum
1964 5119 2177 5176 habuit

530 5202 791 5260 Christus
812 5205 1181 5274 communia,
1197 5206 1385 5261 Patris
1409 5204 1826 5262 benevolentia
1851 5213 1906 5263 et
1930 5208 2177 5280 Spiritus

530 5290 723 5348 sancti
778 5294 1201 5366 cooperatione
1254 5300 1500 5367 propter
1559 5299 1830 5351 nostram
1898 5297 2176 5368 salutem,

529 5381 841 5453 quomodo
871 5383 1051 5437 etiam
1098 5383 1436 5439 naturalem
1484 5400 1608 5440 non
1648 5385 2050 5458 participabat
2076 5403 2177 5443 vo-

528 5469 823 5527 luntatem
843 5472 871 5527 ?
900 5472 1218 5529 Peccatum
1250 5475 1407 5529 enim
1436 5474 1630 5530 solum
1655 5491 1777 5531 non
1803 5476 2180 5548 participavit

529 5559 788 5615 Verbum
820 5560 1220 5630 incarnatum,
1253 5565 1401 5637 quia
1452 5580 1647 5637 neque
1700 5566 1762 5622 id
1809 5571 2037 5625 natura:
2068 5572 2174 5639 est,

530 5646 636 5706 sed
660 5647 916 5706 deﬂexio
964 5654 1020 5708 et
1061 5650 1270 5726 lapsus
1319 5652 1539 5711 mentis
1599 5653 1753 5712 ultra
1804 5661 2036 5713 natura:
2087 5673 2179 5714 ra-

2286 3293 2398 3347 Πώς
2425 3288 2526 3358 γὰρ
2570 3281 2791 3337 δυνατόν
2842 3281 2972 3336 εἶναι
3019 3287 3086 3337 τὰ
3140 3283 3426 3356 θελήματα,
3474 3288 3563 3335 καὶ
3613 3286 3684 3353 μὴ
3736 3280 3891 3355 ἀριθ-

2283 3378 2534 3448 μεῖσθαι;
2581 3378 2650 3426 Τὸ
2710 3376 2809 3446 γὰρ
2867 3375 3119 3432 θεωθῆναι
3165 3380 3227 3446 τῆ
3278 3376 3405 3448 πρὸς
3440 3375 3528 3424 τὸν
3579 3375 3708 3425 Θεὸν
3753 3371 3889 3423 ἐνώ-

2286 3484 2387 3533 σει,
2441 3465 2581 3516 καθά
2617 3467 2708 3515 καὶ
2761 3468 2855 3521 τὴν
2902 3465 3057 3535 φύσιν
3115 3462 3277 3520 αὐτὴν
3334 3469 3432 3522 τῆς
3458 3460 3677 3533 λογικῶς
3705 3479 3759 3512 τε
3789 3459 3891 3511 καί

2282 3562 2470 3626 νοερώς
2517 3553 2863 3625 ἐψυχωμίνης
2919 3555 3128 3624 σαρκός,
3189 3559 3285 3612 τῆς
3332 3551 3448 3603 κατ’
3503 3549 3688 3603 οὐσίαν
3740 3548 3890 3602 ἀντό-

2281 3662 2433 3703 τητος
2484 3642 2579 3694 οὐκ
2625 3640 2916 3704 ἐξίστησιν,
2966 3642 3138 3715 ὥσπερ
3197 3637 3321 3693 οὐδὲ
3379 3648 3472 3701 τῆς
3530 3639 3725 3701 οἰκείας
3792 3641 3887 3690 τόν

2286 3729 2506 3806 σίδηρον
2555 3733 2757 3803 φύσεως
2808 3732 2838 3787 ἠ
2897 3730 3036 3803 ἄκρα
3098 3734 3188 3782 καὶ
3242 3725 3420 3782 διόλου
3472 3732 3602 3803 πρὸς
3666 3731 3725 3779 τὸ
3773 3733 3886 3801 πῦρ

2286 3819 2576 3895 ἀνάκρασίς
2631 3838 2683 3871 τε
2752 3823 2843 3871 καὶ
2909 3820 3088 3880 ἓνωσις
3149 3839 3162 3851 ·
3234 3817 3361 3869 ἀλλά
3422 3819 3628 3887 πάσχει
3671 3819 3760 3889 μὲν
3816 3818 3891 3867 τὰ

2284 3912 2462 3983 πυρὸς,
2514 3904 2693 3966 ἐπειδὴ
2752 3915 2855 3980 πῦρ
2904 3916 2967 3980 τῇ
3028 3907 3205 3959 ἑνώσει
3250 3911 3561 3979 γεγένηται·
3607 3904 3782 3979 βρίθει
3822 3901 3890 3958 δὲ

2284 3996 2437 4051 πάλιν
2489 3998 2625 4048 κατὰ
2685 3999 2840 4068 φύσιν
2897 4001 2986 4048 καὶ
3035 3999 3226 4068 τέμνει,
3279 3996 3359 4047 ὅτι
3410 3999 3483 4067 μὴ
3534 4004 3629 4057 τῆς
3687 3993 3891 4056 οἰκείας

2288 4088 2486 4157 φύσεως
2561 4084 2731 4143 λώϐην
2788 4087 3055 4151 πέπονθεν,
3110 4085 3140 4144 ἡ
3199 4091 3295 4146 τῆς
3357 4092 3581 4157 φυσικῆς
3634 4081 3894 4158 ὸεργείας

2287 4174 2463 4239 ἐξέστη
2510 4179 2567 4227 τὸ
2634 4174 2869 4242 σύνολον,
2954 4180 3128 4227 καίτοι
3202 4176 3333 4246 μετὰ
3404 4178 3567 4248 πυρός
3624 4174 3890 4246 ὑπάρχων

2286 4268 2422 4318 κατὰ
2471 4269 2565 4323 τὴν
2623 4265 2785 4323 αὐτὴν
2832 4269 2922 4318 καὶ
2974 4269 3097 4336 μίαν
3128 4265 3442 4335 ὑπόστασιν,
3467 4268 3557 4316 καὶ
3615 4258 3889 4316 ἀδιαστά-

2285 4373 2382 4415 τως
2432 4350 2569 4427 δρῶν
2618 4356 2685 4406 τὰ
2731 4372 2785 4406 τε
2832 4357 2964 4406 κατά
3017 4356 3170 4425 φύσιν
3248 4350 3410 4424 ἰδίαν,
3470 4352 3603 4425 λέγω
3675 4349 3743 4409 δὴ
3788 4356 3888 4410 τὴν

2285 4448 2470 4516 τομὴν,
2537 4448 2627 4496 καὶ
2674 4447 2737 4495 τὰ
2783 4443 2902 4495 καθ’
2932 4443 3113 4495 ἕνωσιν
3142 4438 3289 4503 αὖθις
3338 4443 3459 4516 ὅπερ
3509 4444 3651 4494 ἐστὶν
3682 4442 3711 4499 ἡ
3744 4448 3888 4492 καύ-

2485 4531 2643 4585 αὐτοῦ
2693 4551 2793 4606 ’γαρ
2846 4530 2978 4597 ἐστι,
3032 4532 3264 4603 καθάπερ
3323 4536 3414 4583 καὶ
3468 4538 3559 4583 τοῦ
3619 4548 3783 4601 πυρος
3850 4532 3882 4587 η

2283 4627 2439 4694 τομὴ,
2486 4619 2577 4675 διὰ
2635 4625 2728 4679 τὴν
2786 4621 2950 4693 ἄκραν
3003 4620 3077 4681 εἰς
3123 4619 3321 4678 ἄλληλα
3380 4624 3741 4693 περιχώρησιν
3788 4623 3888 4671 καὶ

2283 4708 2554 4764 ἀντίδοσιν
2570 4755 2581 4767 .

2705 5018 2805 5067 Καὶ
2835 5010 2984 5074 αὖθις
3010 5017 3128 5087 περὶ
3163 5020 3255 5066 τοῦ
3285 5013 3466 5067 αὐτοῦ.

2355 5122 2423 5195 γ’.
2492 5121 2552 5175 Εἰ
2615 5122 2820 5174 πάντων
2881 5128 2981 5172 τῶν
3042 5128 3133 5181 τῆς
3200 5123 3397 5193 φύσεως
3455 5118 3647 5182 ἐπίσης
3714 5138 3896 5173 κεκοι-

2286 5218 2507 5269 νώνηκεν
2560 5212 2686 5283 ἡμῖν
2742 5211 2768 5262 ό
2825 5215 3051 5284 Χριστός
3109 5207 3326 5283 εὐδοκία
3378 5212 3578 5285 Πατρός
3623 5212 3713 5261 καὶ
3763 5228 3899 5261 συν-

2288 5305 2461 5376 εργείᾳ
2512 5302 2811 5372 Πνεύματος
2860 5300 3009 5373 ἁγίου
3068 5295 3160 5351 διὰ
3230 5304 3323 5358 τὴν
3405 5302 3668 5372 σωτηρίαν
3716 5300 3896 5370 ἡμῶν,

2288 5392 2426 5451 ὅπως
2482 5388 2609 5459 οὐχὶ
2679 5394 2769 5442 καὶ
2840 5397 2934 5452 τῆς
3012 5397 3239 5461 φυσικῆς
3298 5394 3509 5460 μετεῖχε
3582 5386 3893 5456 θε).ήσεως;

2286 5478 2572 5552 Ἃμαρτίας
2611 5479 2713 5553 γὰρ
2764 5482 2923 5550 μόνης
2995 5478 3123 5550 οὐχὶ
3193 5478 3518 5551 μετέσχενό
3594 5476 3897 5551 σαρκωθεὶς

2291 5572 2478 5639 Λόγος,
2535 5568 2612 5619 ὅτι
2664 5563 2803 5639 μηδὲ
2841 5575 2935 5629 τῆς
2976 5570 3176 5640 φύσεως
3228 5566 3358 5625 αὕτη
3393 5564 3552 5633 ἐστὶν,
3584 5564 3712 5617 ἀ).λά
3752 5584 3899 5642 παρ-

2290 5661 2509 5731 εκτροπη
2574 5661 2665 5709 καὶ
2731 5658 2996 5730 ὀλίσθημα
3058 5662 3269 5730 ’γνώμης
3334 5659 3673 5729 κεκινημένης
3737 5661 3894 5731 παρὰ
