4040 6318
97 335 151 386 93
1437 328 1788 385 THESAURI
1827 327 1956 384 LIB.
1999 327 2154 384 XVII.
3402 321 3471 377 94

92 459 162 506 τόν
186 456 341 528 λέγον
372 466 471 519 τῆς
526 461 750 531 φύσεως·
809 455 1169 511 διαστέλλεται
1218 458 1318 528 γὰρ
1367 457 1425 508 τὸ
1475 473 1686 526 φυσικοὶ

1810 454 2034 510 tionem
2049 455 2385 520 commotas;
2408 451 2859 522 distinguuntur
2887 445 3468 506 enimnaturalisvo-

93 545 273 617 Εεὶημα
341 553 440 598 καὶ
512 552 574 600 τὸ
636 553 920 620 γνωμικὸν·
960 550 1017 598 τὸ
1058 549 1146 618 μὲν
1205 548 1306 618 γὰρ
1352 547 1569 616 φυσικὸν
1603 539 1694 594 δύ-

86 655 220 704 ναμις
277 637 532 709 ὑπάρχει
596 645 691 689 τοῦ
737 640 872 689 κατὰ
925 639 1079 708 φύσιν
1130 639 1270 694 ὄντος
1318 633 1580 708 ὁρεκτικὴ·
1636 636 1693 683 τὸ

88 721 134 774 ξε
167 731 450 796 γνωμικὸν
500 727 803 801 αὐθαίρετος
833 729 967 801 ὁρμὴ
1000 731 1089 776 καὶ
1149 725 1376 785 ζήτησις
1431 727 1548 796 περὶ
1602 729 1694 773 τοῦ

87 810 458 885 ἐγνοονμένου,
489 821 576 868 καὶ
623 818 801 878 κθίσις
825 821 914 867 καὶ
962 811 1195 873 διάθεσις
1236 817 1354 885 περὶ
1409 815 1466 864 τὸ
1497 812 1689 884 κριθέν-

84 908 156 953 ui
195 903 258 954 οὐ
303 908 524 975 φύσεως
589 908 1088 978 γαρακτηριστικὸν,
1159 902 1288 953 ἀλλὰ
1332 909 1424 953 τοῦ
1485 905 1691 973 προσώ-

85 1012 169 1042 τεν
227 998 440 1065 κυρίως
499 995 561 1046 οὗ
615 993 724 1047 ἐστι
777 999 868 1046 καὶ
931 1002 1026 1054 τῆς
1098 993 1452 1058 ὑποστάσεως,
1518 989 1692 1062 ὥσπερ

83 1086 158 1131 ui.
203 1086 265 1132 τὸ
309 1091 429 1144 πῶς
483 1083 642 1135 θέλειν
672 1090 760 1136 καὶ
808 1086 865 1135 τὸ
896 1092 1005 1143 πῶς
1042 1084 1166 1156 ὀρᾲν
1213 1084 1271 1133 οὐ
1329 1087 1424 1142 τῆς
1471 1081 1689 1150 ⁴μύσεως,

85 1170 198 1221 εξοά
262 1179 363 1231 τῆς
429 1174 684 1245 ἡμετέρας
726 1179 952 1245 γνώμης·
1003 1171 1118 1223 καθ’
1179 1172 1231 1222 ὄν
1295 1168 1446 1240 λόγον
1507 1171 1596 1219 καὶ
1665 1168 1690 1218 ὁ

83 1258 531 1334 ἀνθρωπολεὶτρης
598 1266 879 1336 Νεστόριος
952 1269 1164 1332 γνωμῶν
1222 1258 1402 1311 ἓνωσιν
1496 1254 1692 1316 ἀσεϐῶς

83 1345 462 1420 εδογμέτισεν,
518 1350 834 1424 ἶν’ἑκατέραν
891 1346 1208 1423 δι’ἐκατερας
1287 1351 1500 1418 κυρώση
1561 1346 1690 1396 ὑπὸ·

81 1457 282 1503 στασιν,
344 1445 444 1492 καὶ
484 1441 511 1492 ὁ
549 1439 702 1510 ψιλος
732 1439 1001 1512 ἅνθρωπος
1060 1439 1199 1508 αὐτῷ
1243 1438 1446 1511 τηρηθῆ
1507 1441 1685 1506 γνώμῃ

81 1535 168 1578 τινι
228 1533 328 1579 καὶ
377 1529 678 1604 αὐθαιρέτῳ
730 1535 936 1587 κινήσει
993 1533 1124 1602 πρὸς
1173 1532 1261 1580 τὸν
1315 1529 1442 1580 Θεὸν
1498 1530 1686 1594 Λόγον,

80 1624 155 1668 καὶ
187 1619 374 1680 αὸτὸς,
421 1623 580 1690 φησὶ,
621 1624 713 1678 τὴν
740 1621 920 1672 ἕνωσιν
941 1620 1323 1690 ’ποιησάμενος
1373 1616 1462 1677 Ὠς
1491 1614 1550 1666 ἆν
1582 1619 1690 1666 τοί-

81 1729 156 1756 νυν
212 1713 274 1759 τὸ
337 1709 533 1769 ἐντελὲς
584 1707 850 1781 ἰικριϐωθῇ
918 1716 1010 1769 τῆς
1063 1711 1264 1779 φύσεως
1298 1705 1380 1758 ἐπὶ
1436 1712 1529 1756 τοῦ
1566 1723 1694 1777 σαρ-

81 1799 331 1859 ιιυϐἐντος
381 1803 538 1866 Θεοῦ,
598 1803 688 1850 καὶ
743 1803 800 1850 τὸ
849 1797 1193 1870 ἀντικείμενον
1273 1792 1549 1869 διαρῥιφῇ·

85 1887 160 1936 κεν
232 1891 471 1957 φυσικὸν
531 1887 728 1960 θέλημα
786 1890 987 1962 ὡρίσθη
1063 1885 1146 1938 ἐπὶ
1197 1892 1451 1958 Χριστοῦ,
1525 1886 1584 1935 τὸ
1631 1878 1690 1934 δὲ

80 1979 343 2046 γνωμικὸν
403 1976 465 2028 οὗ
521 1981 712 2050 κυρίως
753 1975 951 2051 ἐρρέθη,
1007 1979 1073 2038 ὡς
1114 1981 1248 2048 μήτε
1298 1982 1359 2046 τῇ
1433 1970 1688 2045 διαιρέσει

81 2071 229 2137 χώρα
261 2061 404 2137 δοθῇ
432 2074 506 2135 τῷ
539 2067 846 2127 στασιάζειν
888 2064 933 2116 ἐν
980 2067 1164 2136 τούτῳ,
1219 2069 1348 2137 μήτε
1387 2071 1448 2135 τῇ
1493 2081 1686 2134 φαντα-

82 2161 166 2226 σία
185 2151 560 2228 παρείσδυσις
598 2162 669 2226 τῷ
691 2160 761 2227 μή
791 2156 1047 2229 ὑπάρχειν
1079 2153 1257 2208 ἐκεῖνο.

363 2315 574 2390 Ἕτερον
632 2316 913 2390 πρόϐλημα
951 2325 1050 2368 τῶν
1102 2317 1399 2390 Ἀρμενίων.

136 2474 206 2533 δ’.
233 2478 294 2531 Εἰ
324 2477 419 2530 ἐπὸ
453 2483 546 2529 τοῦ
588 2477 686 2539 ἐνὶς
732 2485 968 2551 Χριστοῦ
1000 2475 1097 2530 δύο
1163 2477 1424 2550 θελήματα
1458 2482 1546 2529 καὶ
1587 2474 1684 2530 δύο

73 2569 324 2642 ἐνεργείας
387 2566 584 2641 δῶμεν,
643 2571 848 2630 παντως
915 2567 1155 2630 ἀλλήλοις
1202 2568 1406 2621 ἐναντίοι
1482 2571 1684 2622 ἔσονται

74 2668 164 2710 ταῦ
191 2662 341 2712 θείου
376 2655 783 2731 διαμαχομένου
817 2667 889 2729 τῷ
946 2657 1271 2733 ἀνθρωπίνῳ9
1315 2663 1404 2711 καὶ
1451 2659 1476 2710 ὁ
1531 2660 1686 2719 αὐτὸς

76 2755 156 2800 καὶ
220 2750 298 2809 εἷς
355 2753 615 2823 Χριστος,
650 2753 680 2807 ἧ
728 2744 1129 2810 διαστασιάζων
1173 2747 1339 2818 ἐαυτῷ
1401 2748 1680 2820 εὑρεθήσε-

77 2859 178 2904 ται,
245 2843 276 2896 ἧ
329 2841 387 2890 αἰ
415 2840 596 2909 φύσεις
635 2833 1063 2910 διαιρεθήσονται
1115 2842 1205 2889 καὶ
1265 2833 1683 2903 ἰδιοΰπόστατοι,

77 2934 153 2980 καὶ
177 2932 236 2979 τὸ
263 2935 362 2980 τοῦ
385 2931 676 3001 Νεστορίου
700 2923 877 2998 δόγμα
904 2925 1350 3002 παῤῥησιάσεται,

375 3123 667 3185 ’Δντίθεσις
688 3125 818 3196 πρὸς
846 3130 995 3175 τοῦτο
1023 3130 1124 3174 τῶν
1156 3122 1396 3176 εὐσεϐῶν.

145 3322 198 3359 ε.
247 3303 313 3356 Εἰ
357 3304 450 3374 μὶν
490 3303 556 3354 τὰ
623 3298 720 3354 δύο
775 3301 1057 3374 θελήματα,
1099 3308 1157 3355 τό
1193 3322 1247 3355 τε
1298 3305 1430 3357 θεῖον
1495 3307 1582 3356 καὶ
1629 3307 1686 3356 τὸ

79 3391 429 3462 ἀνθρώπινον,
496 3390 607 3442 κατ’
684 3391 866 3444 οὐσίαν
935 3395 1060 3444 dare
1109 3388 1358 3465 διάφορα,
1411 3393 1682 3446 εὐσεϐεῖτε’

78 3481 114 3531 εἰ
164 3478 228 3532 δὲ
288 3480 645 3552 ἀντικείμενα,
697 3477 900 3550 ψευδὴς
955 3482 980 3532 ὁ
1031 3480 1201 3552 λόγος’
1255 3480 1378 3533 ἄλλο
1429 3484 1530 3556 γὰρ
1574 3485 1685 3535 θεό-

74 3589 224 3630 τητος
308 3574 402 3620 καὶ
451 3568 574 3621 ἁλὶο
643 3567 1036 3642 ὼθρωπὸτητος
1086 3569 1302 3643 θέλημαο
1366 3570 1689 3646 ἀντικείμενα

79 3656 130 3711 ἴε
219 3655 498 3730 οὐδαμῶς,

579 3660 648 3719 ὡς
709 3666 800 3711 τοῦ
869 3657 1189 3734 ἀνθρωπίνου
1267 3660 1550 3733 θελήματος
1614 3670 1686 3732 τῷ

79 3751 234 3818 Seiano}
298 3748 573 3820 ἑπομένου,
639 3769 728 3800 και
779 3754 1216 3821 συντυπουμένου⁶
1285 3749 1401 3803 οὒτε
1479 3753 1576 3826 γὰρ
1645 3753 1686 3803 εἶ

76 3859 124 3889 τι
194 3835 482 3911 διαφορον,
538 3839 738 3900 πάντως
785 3846 934 3890 τοῦτο
987 3842 1074 3890 καὶ
1124 3838 1489 3912 ἀντικείμενον
1564 3837 1686 3893 δια-

79 3931 214 4000 ,θρὰ
250 3930 361 4000 γὰρ
395 3923 684 3989 oga-man;-
741 3930 1000 3990 σύστασὶς
1040 3927 1152 3981 ἐστι
1216 3938 1315 3981 τῶν
1365 3929 1412 3981 ἐν
1460 3938 1522 4002 τῇ
1585 3933 1684 4002 φύ-

77 4038 155 4070 σει
185 4020 539 4091 πραγμάτοιν,
588 4017 646 4068 οὐ
687 4022 789 4089 μὴν
836 4017 1135 4078 ἐναντίωσις
1178 4022 1306 4092 πρὸς
1348 4023 1442 4076 τὴν
1490 4023 1684 4072 τούτων

77 4105 356 4160 διάλυσιν.
419 4107 810 4180 ’Δπαραίτητσν
870 4103 928 4159 δὲ
971 4111 1058 4159 τὸν
1126 4109 1458 4181 σαρκωθέντα
1517 4114 1684 4181 Λόγον

75 4204 311 4265 ςρυσωιῶς
383 4195 524 4266 ἔχειν
581 4201 671 4247 καὶ
719 4199 776 4248 τὸ
830 4195 1146 4270 ἀνθρώπινον
1201 4198 1399 4270 θελημα
1434 4203 1564 4274 πρὸς
1601 4205 1685 4252 πί-

78 4305 273 4336 στωσιν
321 4293 422 4345 τῆς
471 4291 646 4357 νοερᾶς
703 4285 863 4338 αὐτοῦ
927 4291 1018 4338 καὶ
1078 4286 1294 4358 λογικῶς
1338 4287 1685 4361 ἐψυχωμένης

79 4380 272 4449 σαρκός
306 4397 320 4407 ·
383 4379 524 4447 εἴπερ
605 4376 787 4436 τελειος
858 4375 1121 4451 ἅνθρωπος
1201 4382 1380 4448 γέγονε
1462 4375 1684 4450 μηδενὸς

1801 543 2004 599 luntas
2036 548 2092 599 et
2121 542 2400 598 mentalis
2429 560 2441 608 ;
2475 541 2765 597 naturalis
2797 539 3044 612 quidem
3091 541 3178 594 est
3229 537 3318 592 vis
3351 552 3458 609 ap-

1802 633 2052 704 petitum
2082 647 2332 686 movens
2356 631 2537 701 hujus
2587 630 2754 702 quod
2803 628 3136 684 secundum
3177 631 3459 681 naturam

1801 727 1922 788 est;
1966 720 2241 776 mentalis
2273 735 2414 774 vero
2435 719 2584 774 liber
2607 719 2867 791 impetus
2893 723 2946 774 et
2972 715 3277 788 inquisitio
3299 715 3457 770 circa

1800 809 2027 881 aliquid
2058 809 2266 876 ignoti,
2299 814 2353 864 et
2379 808 2536 864 circa
2590 808 2651 862 id
2695 807 2860 879 quod
2891 807 3196 861 decretum
3241 808 3329 859 est
3359 804 3452 874 ju-

1799 898 2024 954 dicium
2055 905 2109 954 et
2131 898 2470 970 dispositio;
2506 913 2701 969 neque
2734 903 2962 952 naturae
3003 900 3090 951 est
3119 894 3449 962 character,

1800 987 1903 1043 sed
1919 989 2157 1059 proprie
2171 1002 2441 1058 personae
2455 987 2549 1041 cui
2564 987 2715 1041 inest
2731 986 3214 1056 ethypostaseos,
3239 998 3447 1055 quem-

1799 1075 2133 1130 admodum
2157 1075 2360 1146 aliquo
2401 1074 2587 1129 modo
2617 1073 2763 1129 velle
2805 1080 2860 1129 et
2903 1073 3106 1144 aliquo
3134 1071 3315 1126 modo
3366 1071 3446 1125 vi-

1799 1165 1940 1220 dere
1968 1180 2087 1220 non
2135 1165 2211 1218 ad
2252 1170 2532 1219 naturam
2565 1165 2836 1235 pertinet,
2905 1161 3010 1216 sed
3063 1160 3141 1216 ad
3185 1165 3448 1215 mentem

1799 1259 2103 1320 nostram;
2137 1254 2296 1309 unde
2329 1259 2384 1308 et
2434 1251 2888 1324 anthropolatra
2930 1253 3233 1307 Nestorius
3287 1265 3450 1303 men-

1799 1344 1947 1398 tium
1971 1343 2259 1399 unionem
2291 1343 2473 1414 impie
2505 1343 2728 1410 docuit,
2769 1346 2834 1397 ut
2859 1340 3108 1396 alteram
3157 1355 3264 1410 per
3313 1337 3452 1393 alte-

1799 1447 1931 1487 ram
1963 1432 2350 1487 contirmaret
2374 1430 2778 1502 hypostasim,
2803 1433 2860 1484 et
2884 1432 3220 1482 servaretur
3251 1441 3452 1480 merus

1799 1520 1984 1576 homo
2025 1520 2230 1592 aliqua
2268 1527 2467 1576 mente
2517 1526 2573 1575 et
2619 1519 2808 1574 libero
2844 1518 2923 1573 ad
2966 1521 3153 1572 Deum
3193 1514 3453 1569 Verbum

1799 1614 1990 1676 motu,
2021 1615 2075 1665 et
2106 1612 2252 1682 ipse,
2284 1610 2496 1682 inquit,
2524 1610 2708 1665 homo
2756 1609 2914 1664 hanc
2954 1608 3245 1662 unionem
3270 1603 3452 1676 perfi-

1801 1697 1985 1752 ciens.
2013 1699 2276 1768 Utigitur
2304 1705 2529 1754 natura:
2554 1713 2796 1752 summa
2851 1698 2912 1752 in
2957 1696 3270 1750 incarnato
3329 1694 3448 1747 Deo

1631 1797 1689 1845 τὸ
1724 1805 1768 1859 Β
1801 1786 2224 1855 assignaretur,
2255 1788 2724 1858 oppositumque
2748 1785 3108 1855 rejiceretur,
3161 1779 3449 1837 naturalis

1798 1875 2044 1946 quidem
2076 1875 2356 1930 voluntas
2375 1875 2620 1930 deﬁnita
2651 1880 2736 1930 est
2767 1874 2842 1928 de
2875 1873 3126 1937 Christo,
3176 1869 3450 1926 mentalis

1797 1980 1935 2020 vero
1966 1980 2086 2019 non
2120 1965 2360 2036 proprie
2382 1964 2539 2019 dicta
2565 1969 2669 2033 est,
2704 1968 2763 2018 ut
2794 1978 2990 2033 neque
3029 1959 3312 2016 divisioni
3366 1958 3448 2014 lo-

1797 2069 1903 2108 cus
1952 2054 2216 2122 daretur,
2258 2054 2652 2109 dissensionis
2701 2055 2762 2108 in
2813 2054 2928 2108 hoc
2983 2050 3212 2121 gratia:
3252 2063 3446 2120 neque

1795 2142 2132 2214 phantasiaa
2161 2143 2461 2209 introitus,
2499 2147 2788 2215 tanquam
2821 2156 2944 2196 non
2976 2138 3195 2195 sitilla.

2090 2322 2305 2378 Altera
2334 2320 2753 2376 Armeniorum
2781 2317 3131 2389 propositio.

1866 2485 1918 2536 4.
1956 2481 2011 2538 Si
2044 2481 2102 2536 in
2128 2482 2359 2537 Christo
2376 2482 2530 2538 duas
2564 2497 2693 2537 esse
2720 2480 3058 2537 voluntates
3080 2480 3136 2533 et
3151 2475 3447 2548 operatio-

1796 2585 1905 2626 nes
1937 2569 2368 2639 concedamus,
2385 2571 2634 2625 omnino
2661 2569 2811 2625 inter
2833 2583 2897 2623 se
2919 2565 3230 2623 contrariae
3252 2567 3443 2630 erunt,

1796 2659 2000 2714 divina
2029 2659 2332 2714 voluntate
2353 2658 2646 2714 adversus
2677 2658 3011 2714 humanam
3040 2658 3446 2726 repugnante;

1797 2763 1866 2804 ac
1895 2747 2056 2803 idem
2087 2753 2144 2802 et
2163 2751 2336 2814 lunus
2364 2746 2733 2818 Christuslvel
2764 2763 2799 2802 a
2827 2747 3028 2817 seipso
3065 2741 3445 2808 dissentiens,

1796 2837 2153 2907 invenietur,
2186 2837 2279 2892 vel
2318 2843 2548 2892 natura;
2569 2835 2912 2892 dividentur
2953 2839 3009 2890 et
3031 2831 3280 2901 singulas
3309 2845 3447 2902 pro-

1795 2926 1991 2998 priam
2019 2925 2333 2982 habebunt
2351 2925 2768 2998 hypostaSIm;
2801 2929 2858 2980 et
2877 2921 3129 2980 Nestorii
3175 2919 3448 2976 doctrina

1799 3013 2115 3071 manifeste
2154 3014 2597 3087 praedicabitur.

2042 3160 2142 3215 Ad
2178 3159 2299 3215 haec
2347 3159 2650 3229 responsio
2696 3157 3190 3214 orthodoxorum.

1865 3324 1918 3375 5.
1942 3318 1995 3376 Si
2023 3318 2267 3391 quidem
2296 3319 2452 3374 duas
2474 3317 2834 3383 voluntates,
2860 3315 3130 3371 divinam
3161 3317 3216 3369 et
3230 3313 3442 3368 huma-

1793 3424 1962 3477 nam,
1993 3408 2326 3464 secundum
2356 3407 2681 3463 essentiam
2711 3405 2949 3461 differre
2977 3404 3192 3470 dicitis,
3212 3402 3312 3474 pie
3357 3401 3444 3458 di-

1794 3498 1960 3565 citis;
2009 3498 2055 3552 si
2105 3502 2305 3553 autem
2351 3495 2663 3568 oppositas
2716 3511 2869 3561 esse,
2915 3493 3239 3551 mendaces
3278 3491 3440 3546 estis.

1795 3585 1988 3641 Altera
2027 3586 2186 3642 enim
2227 3590 2313 3641 est
2364 3584 2691 3640 divinitatis
2741 3589 2798 3639 et
2839 3582 3024 3638 altera
3059 3578 3446 3636 humanitatis

1794 3673 2093 3743 voluntas;
2109 3675 2259 3730 inter
2272 3689 2333 3729 se
2356 3679 2556 3731 tamen
2574 3674 2822 3730 minime
2843 3672 3156 3744 oppositae,
3179 3685 3317 3725 cum
3338 3668 3444 3723 hu-

1795 3779 1982 3819 mana
2009 3763 2290 3819 voluntas
2313 3763 2579 3819 divinam
2601 3764 2969 3818 voluntatem
2992 3763 3276 3832 sequatur
3292 3761 3347 3814 et
3364 3756 3443 3814 ab

1793 3852 1891 3908 illa
1921 3851 2425 3908 eﬂ‘ormetur.Non
2438 3853 2598 3908 enim
2631 3852 2843 3924 siquid
2873 3849 3240 3914 diﬂ‘ert,ideo
3255 3861 3442 3918 oppo-

1793 3941 1988 4010 nitur;
2026 3940 2360 3998 differentia
2383 3941 2544 3998 enim
2583 3945 2675 3996 est
2699 3939 2970 3997 essentia:
3001 3957 3012 3994 :
3044 3951 3253 3993 eorum
3302 3949 3438 4004 quae

1793 4032 1856 4085 in
1895 4035 2112 4087 natura
2141 4036 2281 4086 sunt
2335 4030 2572 4087 collatio
2628 4035 2718 4085 est
2781 4043 2992 4085 eorum
3047 4022 3441 4096 sejunctiouis

1790 4120 1946 4185 loco,
1979 4135 2102 4175 non
2143 4135 2291 4176 sane
2321 4118 2644 4190 oppositio.
2663 4115 3005 4172 lnevitabile
3031 4119 3232 4172 autem
3252 4114 3442 4167 incar-

1791 4215 2002 4265 natum
2029 4209 2288 4264 Verbum
2317 4207 2664 4264 naturaliter
2693 4208 3028 4263 humanam
3070 4202 3440 4259 voluntatem

1791 4299 2036 4367 habere,
2055 4302 2119 4352 ut
2139 4298 2187 4368 ej
2201 4313 2266 4352 us
2288 4295 2635 4365 intelligenti
2652 4294 2992 4351 etrationali
3013 4293 3210 4350 carnis
3223 4291 3439 4348 animus

1792 4388 1943 4443 ﬁdes
1959 4388 2050 4448 sit,
2072 4387 2121 4441 si
2147 4385 2396 4458 quidem
2420 4385 2718 4456 perfectus
2740 4385 2919 4440 homo
2932 4385 3124 4441 factus
3145 4387 3252 4448 est,
3291 4379 3441 4436 nihil

74 4485 173 4515 των
221 4466 489 4536 ἡμετέρων
543 4464 854 4536 λειπόμενος,
913 4465 1074 4524 πὸλὴν
1114 4472 1276 4538 μόνης
1337 4475 1428 4527 τῆς
1507 4467 1681 4542 ἁμαρ-

1797 4478 1953 4548 quod
1982 4481 2252 4531 nostrum
2273 4476 2344 4530 sit
2366 4491 2487 4531 non
2517 4475 2628 4530 sibi
2651 4475 3004 4546 suscipiens,
3031 4477 3278 4543 excepto
3301 4485 3438 4542 pec-

74 4561 213 4615 τίας·
305 4556 480 4605 πάντα
557 4557 657 4627 γὰρ
708 4554 847 4626 ἔχων
918 4556 1019 4607 ὅσα
1074 4557 1227 4628 ἡμεῖς
1282 4554 1684 4631 ἀπαραλιίπτως

73 4648 132 4696 τὰ
187 4647 327 4696 κατὰ
384 4646 540 4715 φύσιν
609 4647 902 4696 συστατικὰ
970 4654 1063 4707 τῆς
1148 4648 1401 4719 ἡμετέρας
1476 4647 1680 4715 οὐσίας,

75 4735 224 4791 -ἑθελε
277 4739 374 4784 καὶ
412 4732 618 4805 ἐνήργει
672 4733 720 4785 ἐν
774 4733 987 4808 ἑκατέρᾳ
1031 4743 1201 4808 μορφῇ
1261 4738 1390 4808 μετὰ
1460 4745 1556 4799 τῆς
1597 4739 1686 4790 θα-

75 4830 226 4896 τέρου
271 4828 570 4883 κοινωνίας⁹
639 4823 706 4874 ὧν
749 4826 838 4895 μὲν
887 4826 987 4896 γὰρ
1050 4826 1078 4882 ἡ
1148 4825 1302 4891 αὐτὴ,
1357 4829 1548 4878 τούτων
1596 4831 1684 4879 καὶ

77 4915 101 4969 i:
141 4913 356 4973 653.1371;
396 4916 486 4964 καὶ
537 4914 568 4970 ἡ
639 4911 865 4984 ἐνέργεια
913 4915 940 4971 ἡ
985 4913 1145 4971 αὐτή·
1195 4915 1261 4964 ὧν
1317 4911 1375 4966 δὲ
1441 4911 1686 4987 διάφορος

77 5009 100 5059 '1:
136 5004 323 5069 οὐσία,
383 5005 578 5054 τούτων
629 4998 877 5074 διάφορος
907 5006 994 5054 καὶ
1024 5004 1054 5060 ἡ
1110 5003 1314 5064 θέλησις
1339 5008 1428 5070 καὶ
1485 5007 1514 5062 ἡ
1549 5003 1684 5078 ἐνέρ-

73 5113 208 5163 γεια.
258 5096 366 5146 Καὶ
395 5095 452 5142 τὸ
513 5090 784 5162 ἀνάπαλιν,
819 5092 887 5142 ὧν
944 5094 972 5150 ἡ
1007 5091 1216 5153 θέλησις
1257 5097 1346 5144 καὶ
1396 5095 1425 5152 ἡ
1461 5092 1688 5168 ἐνέργεια

74 5187 99 5239 ἡ
127 5184 286 5248 τᾶτή,
318 5185 516 5234 τούνων
545 5186 634 5232 καὶ
674 5182 704 5238 ἡ
762 5180 919 5232 οὐσία
957 5183 984 5238 ἡ
1025 5181 1178 5239 αὐτή.
1240 5182 1308 5233 ὧν
1348 5179 1407 5235 δὲ
1439 5178 1686 5256 διάφορος

76 5276 100 5328 i:
145 5274 362 5332 Θελησις
382 5275 471 5322 καὶ
501 5270 748 5342 ἐνέργεια,
773 5275 967 5323 τούτων
998 5275 1088 5323 καὶ
1127 5273 1155 5329 ἡ
1181 5271 1341 5324 οὐσία
1383 5268 1634 5346 διάφορος
1668 5295 1680 5306 ·

77 5359 154 5414 διὸ
186 5362 270 5414 ἐπὶ
342 5363 438 5432 μὲν
480 5363 686 5433 Πατρός
749 5365 838 5412 καὶ
877 5362 1003 5413 Tia-3
1062 5365 1153 5412 καὶ
1197 5361 1353 5432 ἁγίου
1386 5366 1686 5433 Πνεὺματος

78 5452 124 5503 ἐκ
177 5460 274 5514 εἰς
326 5455 653 5510 ταυτότητος
705 5458 803 5511 τῆς
876 5449 1128 5524 ἐνεργείας
1181 5456 1269 5502 καὶ
1325 5460 1416 5503 τοῦ
1459 5451 1682 5524 θελήμα-

76 5565 149 5604 τος
214 5548 306 5597 καὶ
386 5549 482 5603 τὴν
547 5549 851 5601 ταυτὸτητα
930 5550 1021 5603 τῆς
1073 5545 1272 5613 φυσεως
1334 5547 1679 5614 γινώσκομεν

78 5633 151 5686 ἐπὶ
186 5633 244 5688 δε
277 5644 379 5696 τῆς

79 5725 326 5798 ἐνεργειῶν
387 5731 478 5779 καὶ
525 5735 626 5780 τῶν
680 5724 980 5797 θεληματων
1032 5729 1121 5777 καὶ
1173 5727 1268 5782 τὴν
1320 5731 1415 5784 τῆς
1482 5726 1680 5794 φὺσεως

440 5637 576 5697 θείας
628 5636 946 5706 οἰκονομίας,
1023 5631 1077 5685 ἐκ
1129 5642 1218 5693 τῆς
1286 5628 1543 5707 διαφορᾶς
1580 5640 1679 5685 τῶν

1791 4572 1942 4622 cato.
1987 4565 2203 4622 Omnia
2231 4565 2392 4620 enim
2417 4580 2554 4636 quae
2587 4570 2642 4620 et
2673 4580 2784 4619 nos
2822 4563 3074 4632 habens,
3123 4560 3270 4617 nihil
3316 4573 3440 4614 non

1791 4653 2124 4726 suscipiens
2145 4669 2355 4708 eorum
2381 4669 2516 4725 quae
2540 4652 2875 4708 secundum
2903 4657 3184 4707 naturam
3218 4651 3440 4703 nostras

1791 4742 2065 4798 essentite
2097 4742 2420 4798 constituta
2451 4746 2608 4806 sunt,
2642 4741 2702 4796 in
2743 4747 2996 4812 utraque
3042 4739 3232 4794 forma
3283 4735 3440 4792 vole-

1792 4831 1898 4888 bat
1952 4831 2439 4904 operabaturque
2503 4847 2635 4886 cum
2695 4830 2937 4885 alterius
2990 4826 3436 4884 communione.

1795 4922 2060 4985 Quorum
2085 4924 2286 4976 autem
2315 4919 2599 4974 differens
2628 4924 2718 4974 est
2743 4918 3020 4984 essentia,
3053 4931 3261 4973 eorum
3293 4929 3443 4985 quo-

1793 5026 1911 5084 que
1937 5009 2217 5065 differens
2247 5014 2337 5064 est
2359 5014 2414 5064 et
2442 5009 2722 5064 voluntas
2762 5013 2819 5064 et
2844 5007 3136 5078 operatio;
3182 5018 3437 5075 quorum

1792 5116 1932 5155 vero
1950 5098 2230 5154 differens
2246 5102 2334 5153 est
2360 5097 2640 5152 voluntas
2654 5101 2711 5153 et
2749 5096 3036 5168 operatio,
3065 5109 3273 5150 eorum
3295 5107 3443 5164 quo-

1793 5204 1910 5261 que
1957 5187 2240 5243 differens
2289 5190 2376 5242 est
2432 5185 2710 5242 essentia.
2775 5185 2914 5240 Ideo
2966 5188 3022 5238 et
3069 5183 3130 5238 in
3161 5184 3326 5237 Patre
3385 5184 3443 5236 et

1793 5276 1940 5332 Filio
1981 5282 2037 5332 et
2061 5276 2280 5347 Spiritu
2312 5281 2520 5331 sancto
2551 5291 2623 5331 ex
2654 5273 2970 5329 voluntatis
2994 5277 3049 5328 et
3076 5269 3440 5343 operationis

1791 5365 2118 5429 identitate,
2147 5371 2202 5419 et
2229 5369 2460 5419 natura;
2492 5363 2865 5419 identitatem
2923 5361 3333 5428 agnoscimus.
3370 5359 3438 5414 In

1790 5453 1996 5509 divina
2026 5458 2229 5508 autem
2271 5451 2698 5508 incarnationis
2735 5449 3076 5506 oeconomia
3106 5465 3179 5504 ex
3225 5463 3439 5520 opera-

1792 5545 2022 5599 tionum
2051 5548 2107 5597 et
2135 5541 2514 5596 voluntatum
2553 5537 2905 5604 differentia,
2949 5542 3006 5593 et
3047 5542 3274 5594 naturae
3331 5534 3438 5590 dif-

1788 5631 2100 5688 ferentiam
2127 5629 2502 5685 confitemur.
2535 5630 2690 5684 Duas
2719 5642 2898 5700 porro
2954 5625 3292 5682 voluntates
3332 5640 3438 5678 na-

1790 5725 2062 5778 turarum
2088 5736 2215 5776 esse
2237 5719 2517 5785 dicimus,
2551 5733 2674 5773 non
2704 5715 3085 5790 personales;
3131 5728 3324 5786 neque
3347 5727 3434 5768 se-
