4040 6318
506 353 568 407 91
1854 355 1900 408 Ν
1906 353 2121 409 lCETE

2271 352 2534 411 ῧΝῙΑΤΑζ
3810 364 3907 418 92

508 475 773 532 minatur
801 474 886 533 ita
905 477 972 531 ut
997 478 1224 532 naturae
1261 476 1508 549 quidem
1564 476 1638 533 sit
1683 492 1867 549 posse
1915 493 2156 550 semper

2282 481 2341 531 16
2361 480 2638 551 πεφυκέναι
2667 476 2855 549 λαλεῖν,
2887 481 3062 554 ὡσπερ
3100 485 3193 533 καὶ
3242 484 3300 534 τὸ
3344 487 3623 555 πεφυκέναι
3671 486 3834 538 θέλειν
3884 507 3904 521 ο

504 564 692 637 loqui,
726 570 789 620 ut
813 569 871 620 et
899 579 1081 636 posse
1107 565 1275 621 velle.
1310 565 1367 621 Si
1413 571 1613 622 autem
1660 582 1841 640 posse
1890 566 2042 627 velle
2100 570 2157 623 et

505 653 1060 727 quomodocumque
1090 654 1239 711 velle
1262 670 1386 712 non
1410 660 1552 712 sunt
1587 656 1768 728 idem,
1810 656 1917 713 sei
1959 659 2154 729 poste—

506 742 631 799 rius
663 758 735 798 ex
786 741 1035 799 volentis
1077 742 1505 801 deliberatione
1555 744 1844 817 procedit,
1889 743 2156 800 habebat

505 831 686 903 igitur
706 847 882 904 posse
911 831 1061 888 velle
1086 833 1468 890 incarnatum
1499 833 1779 901 Verbum,
1835 839 1901 890 ut
1946 833 2153 899 homo,

509 938 622 979 sua
652 922 856 978 divina
884 921 1194 979 voluntate
1228 928 1461 980 motum
1488 928 1546 980 et
1575 924 1982 980 efl‘ormatum.
2015 923 2155 994 Ejus

508 1012 669 1068 enim
697 1011 998 1081 voluntas,
1032 1012 1179 1068 nihil
1212 1016 1329 1069 Deo
1360 1013 1663 1086 opposita,
1695 1014 1946 1070 omnino
1985 1013 2153 1069 deiﬁ-

506 1106 640 1158 cata
665 1107 810 1158 erat.
848 1102 904 1158 Si
930 1106 1132 1158 autem
1158 1101 1573 1172 deiﬁcabatur,
1602 1108 1764 1175 patet
1806 1119 1943 1159 eam
1990 1101 2156 1160 deiﬁ-

507 1191 696 1248 cantis
725 1190 1082 1247 cohaerentia
1107 1191 1447 1248 deiﬁcatam
1481 1208 1633 1248 esse.
1686 1193 1973 1249 Deiﬁcum
2009 1208 2154 1249 vero

509 1284 564 1336 et
591 1279 935 1336 deiﬁcatum
965 1280 1088 1336 duo
1119 1286 1273 1337 certe
1326 1286 1497 1350 sunt;
1532 1281 1639 1338 sed
1696 1298 1820 1338 non
1876 1298 2066 1341 unum
2097 1285 2157 1338 et

506 1369 666 1427 idem
693 1376 939 1439 natura;
976 1370 1294 1443 siquidem
1324 1387 1553 1439 eorum,
1586 1388 1722 1444 quae
1755 1376 1896 1428 sunt
1924 1372 2003 1428 ad
2047 1372 2155 1429 ali-

508 1458 675 1532 quid,
703 1458 992 1515 deiﬁcans
1022 1464 1079 1514 et
1106 1459 1455 1517 deiﬁcatum
1488 1467 1646 1529 sunt,
1697 1476 1770 1517 ea
1820 1476 1960 1517 vero
2018 1477 2152 1533 quae

509 1552 650 1603 sunt
675 1547 754 1602 ad
784 1547 1012 1619 aliquid
1040 1553 1297 1620 possunt
1315 1549 1467 1605 inter
1493 1565 1555 1605 se
1583 1549 1754 1617 uniri,
1780 1550 2154 1621 alterumque

508 1651 616 1710 per
642 1636 895 1693 alterum
916 1637 1172 1709 concipi.
1194 1639 1463 1695 Habebat
1486 1639 1664 1710 igitur
1684 1639 2020 1697 naturalem
2045 1654 2156 1693 vo-

506 1725 820 1798 luntatem,
851 1732 913 1783 ut
940 1728 1147 1797 homo,
1181 1729 1452 1787 Salvator
1481 1746 1590 1786 sua
1620 1730 1823 1786 divina
1852 1730 2154 1785 voluntate

2274 570 2321 621 εἰ
2347 566 2406 622 δὲ
2434 573 2492 622 τὸ
2521 572 2799 641 πεφυκέναι
2833 569 2989 622 θέλειν
3027 576 3118 624 καὶ
3168 574 3228 624 τὸ
3276 580 3384 635 πῶς
3431 573 3589 627 θέλειν
3639 574 3734 628 οὐκ
3765 578 3906 629 ἔστι

2267 662 2475 730 ταυτὸν,
2528 662 2586 710 τὸ
2641 655 2701 711 δὲ
2751 666 2842 720 τῆς
2906 667 2997 712 τοῦ
3055 660 3282 722 θέλοντος
3347 662 3580 736 ὑπάρχει
3646 663 3880 738 βουλῆς,

2269 747 2405 820 εἶχεν
2451 749 2554 823 ἄρα
2604 750 2662 799 1'6
2711 752 2989 820 πεφυκέναι
3038 747 3194 802 θέλειν
3246 750 3271 801 6
3326 754 3611 825 σαρκωθεὶς
3666 757 3878 826 Λόγος,

2266 841 2335 899 ὡς
2363 838 2651 910 ἄνθρωπος,
2702 844 2774 909 τῷ
2811 837 2971 889 αὐτοῦ
3019 839 3170 910 θείκῷ
3222 837 3521 913 βουλήματι
3570 844 3882 914 κινούμενον

2265 932 2357 979 καί
2407 930 2723 999 τυπούμενον
2767 948 2780 960 ·
2834 930 2893 979 τὸ
2940 931 3039 1001 γὰρ
3079 927 3271 982 ἐκείνου
3328 929 3485 983 θέλειν
3533 928 3686 984 οὐδὲν
3733 934 3880 984 ὑπε-

2264 1021 2463 1070 ναντίον
2510 1024 2645 1087 Θεῷ,
2696 1018 2877 1070 θεωθεν
2930 1016 3044 1069 ὅλον
3078 1038 3091 1051 ο
3143 1018 3189 1070 εἰ
3237 1015 3297 1072 δε
3352 1021 3588 1081 τεθίωτο,
3649 1028 3711 1093 τῇ
3769 1028 3876 1074 τοῦ

2268 1108 2500 1169 θεοῦντος
2557 1103 2799 1164 δηλονότι
2830 1110 3068 1179 συμφυίᾳ
3114 1110 3350 1161 τεθέωτο.
3387 1112 3457 1161 Τὸ
3491 1105 3550 1161 δὲ
3596 1111 3738 1162 θεοῠν
3772 1116 3873 1162 καὶ

2269 1198 2533 1268 οεούμενον
2565 1192 2662 1248 δύο
2705 1197 2933 1264 πάντως,
2983 1194 3093 1248 ἀλλ’
3126 1197 3230 1268 οὐχ
3257 1196 3306 1249 ἓν
3331 1203 3421 1250 καὶ
3452 1200 3605 1269 φύσει
3647 1204 3873 1263 ταυτὸν,

2266 1288 2405 1360 εἰπερ
2435 1292 2533 1338 τῶν
2562 1304 2688 1359 προς
2717 1304 2769 1335 τι
2819 1288 2885 1336 1'6
2935 1286 3080 1337 θεοῦν
3123 1290 3214 1339 καὶ
3260 1290 3320 1339 τὸ
3376 1288 3666 1359 θεούμενον,
3697 1290 3765 1339 τὰ
3807 1285 3877 1341 δὲ

2264 1378 2394 1446 πρός
2439 1394 2491 1426 τι
2538 1377 2738 1433 πάντως
2785 1372 3023 1435 ἀλλήλοις
3055 1376 3459 1446 συνεισάγεσθαι
3505 1380 3716 1448 πέφυκε,
3773 1381 3875 1429 καὶ

2267 1465 2462 1536 θατέρῳ
2531 1464 2946 1516 συνεπινοήσθαι
3013 1466 3243 1538 θάτερον.
3286 1462 3445 1536 Εἷχεν
3511 1466 3605 1517 οὔκ
3663 1465 3876 1539 θῶςημα

2267 1555 2486 1625 φυσικὸν
2547 1553 2618 1613 ὣς
2669 1553 2941 1625 ἄνθρωπος
3004 1553 3029 1603 ὁ
3095 1556 3273 1625 Σωτὴρ
3339 1560 3414 1623 τῷ
3478 1553 3638 1606 αὐτοῦ
3707 1556 3873 1626 θεῐκῷ

2268 1640 2518 1713 θελήματι
2547 1643 2961 1713 πντυπούμενον
3000 1645 3090 1693 καὶ
3120 1641 3382 1714 ἑνούμενον
3431 1647 3520 1694 καὶ
3566 1642 3660 1695 οὐκ
3721 1641 3872 1695 ἐναν-

2262 1734 2527 1803 τιούμενον
2562 1751 2574 1763 ·
2611 1733 2666 1782 τὸ
2696 1734 2797 1804 γὰρ
2829 1731 2946 1781 κατ’
3000 1733 3172 1802 ἔφεσιν
3204 1730 3478 1803 ὀρεκτικῆς
3525 1731 3870 1807 ἐστερημένον

508 1816 887 1873 eﬁ'ormatam
940 1823 995 1873 et
1050 1818 1402 1876 uniﬁcatam
1468 1823 1526 1875 et
1586 1835 1706 1875 non
1768 1818 2150 1875 contrariam.

2271 1825 2511 1880 κινήσεως
2564 1825 2654 1873 καὶ
2690 1825 2868 1881 πᾶσης
2913 1822 3137 1881 ζωτικῆς
3171 1816 3439 1892 δυνάμεως
3486 1821 3702 1895 ἄμοιρον
3736 1842 3749 1855 ο
3804 1825 3870 1874 τὸ

509 1905 679 1972 Quod
698 1905 856 1963 enim
883 1906 1209 1979 appetitivo
1237 1907 1297 1963 in
1324 1908 1588 1980 potentia
1608 1913 1776 1964 motu
1797 1912 1977 1978 caret,
1996 1912 2157 1964 caret

509 1995 687 2051 simul
711 1996 879 2053 omni
908 1997 1071 2054 νηδλί
1103 2002 1431 2069 potestate;
1462 1999 1626 2070 quod
1654 2003 1856 2057 autem
1883 2014 1954 2053 ex
1984 2002 2157 2055 natu-

507 2101 578 2143 ra
603 2101 726 2143 non
754 2086 937 2143 habet
966 2087 1205 2144 vitalem
1246 2091 1622 2159 potestatem,
1664 2089 1915 2146 omnino
1955 2102 2154 2160 neque

506 2175 774 2233 animam
799 2177 999 2235 habet.

506 2283 604 2339 Ad
632 2299 737 2340 eos
757 2287 859 2356 qui
886 2285 1093 2340 dicunt
1114 2298 1175 2339 se
1195 2287 1422 2341 nescire
1445 2286 1699 2341 alteram
1718 2291 1772 2341 et
1804 2286 2057 2342 atteram
2087 2285 2151 2340 in

582 2371 824 2430 Christo
850 2374 1245 2441 voluntatem,
1263 2374 1366 2429 sed
1386 2388 1569 2429 unam
1594 2379 1649 2429 et
1673 2373 1831 2430 hanc
1859 2373 2150 2440 divinam,

578 2475 643 2517 eo
663 2461 823 2532 quod
850 2461 1129 2531 deiﬁcata
1156 2463 1344 2531 fuerit
1368 2477 1529 2519 caro.

577 2571 632 2623 2.
660 2566 778 2622 Nisi
801 2567 989 2624 altera
1016 2572 1073 2627 et
1093 2568 1281 2624 altera
1308 2569 1385 2625 sit
1406 2569 1741 2625 secundum
1764 2574 2044 2625 naturam
2069 2566 2153 2623 di-

505 2656 649 2713 vina
699 2661 756 2713 et
784 2656 1056 2714 humana
1085 2658 1384 2725 voluntas,
1435 2658 1822 2714 manifestum
1876 2662 1968 2712 est
2016 2673 2152 2713 eam

507 2760 638 2802 esse
668 2760 852 2801 unam
883 2750 939 2802 et
964 2746 1243 2802 eamdem
1280 2751 1517 2803 natura.
1562 2747 1619 2803 Si
1670 2746 1753 2803 ita
1781 2750 1890 2813 est,
1938 2750 2156 2802 natura

506 2833 644 2905 ipsa
671 2834 1012 2892 necessaria
1033 2850 1156 2891 una
1184 2840 1244 2892 et
1273 2835 1488 2892 eadem
1514 2836 1641 2891 erit.
1670 2836 1779 2891 Ubi
1814 2835 1974 2891 enim
2031 2850 2155 2890 non

509 2922 923 2980 estdiversitas
940 2924 1229 2980 naturalis
1253 2924 1649 2995 voluntatum,
1664 2939 1858 2997 neque
1881 2923 2157 2980 substan-

508 3010 603 3068 tiaa
633 3015 691 3068 et
717 3017 949 3068 naturas
972 3013 1091 3069 illic
1120 3013 1310 3070 aderit
1336 3013 1611 3069 varietas.
1629 3013 1687 3069 Si
1712 3018 1913 3070 autem
1944 3016 2160 3069 natura

508 3100 693 3159 altera
721 3106 779 3158 et
808 3101 996 3159 altera
1040 3102 1376 3160 voluntates
1422 3104 1561 3175 sint,
1621 3104 1872 3162 omnino
1914 3103 2065 3159 inter
2095 3118 2157 3159 se

2268 1906 2327 1962 δὲ
2360 1913 2574 1972 ζωτικὴν
2607 1909 2699 1961 οὐκ
2738 1911 2861 1981 ἕχον
2902 1909 2955 1961 ἐκ
2986 1928 3183 1981 φυσεως
3215 1905 3438 1982 δύναμιν
3481 1912 3682 1972 πάντως
3733 1906 3869 1964 οὐδὲ

2264 1999 2466 2071 ψυχὴνο

2265 2287 2402 2359 Πρὸς
2432 2288 2549 2344 τοὺς
2594 2284 2839 2355 λέγοντας
2881 2288 2952 2356 μὴ
3007 2282 3129 2335 ἄλλο
3177 2287 3268 2336 καὶ
3315 2283 3438 2337 ἄλλο
3493 2283 3575 2336 ἐπὶ
3622 2291 3870 2356 Χριστοῦ

2336 2369 2528 2425 εἰδέναι
2556 2372 2773 2444 θελημα,
2806 2371 2912 2423 ἀλλ’
2941 2372 2990 2424 ἓν
3015 2376 3104 2424 καὶ
3134 2379 3288 2424 τοῦτο
3319 2375 3507 2441 θεῐκὸν³
3546 2368 3641 2425 διὰ
3665 2376 3723 2425 τὸ
3763 2376 3868 2430 τὴν

2337 2465 2509 2536 σάρκα
2542 2464 2814 2520 θεωθῆναι.

2336 2568 2408 2642 β’.
2438 2569 2498 2622 Εἰ
2527 2568 2648 2621 ἄλλο
2684 2573 2772 2621 καὶ
2803 2567 2925 2621 ἄλλο
2957 2570 3093 2620 κατὰ
3121 2570 3277 2641 φύσιν
3326 2567 3420 2620 οὐκ
3457 2570 3572 2621 ἔστι
3618 2571 3676 2620 1'6
3723 2569 3865 2621 θεῖον

2262 2664 2353 2711 καὶ
2377 2662 2437 2711 τὸ
2491 2657 2807 2732 ἀνθρώπινον
2864 2657 3084 2730 θέλημα,
3138 2653 3295 2716 δῆλον
3348 2659 3417 2718 ὡς
3467 2657 3515 2709 ἓν
3570 2660 3723 2729 φύσει
3769 2662 3870 2710 καὶ

2264 2752 2451 2801 ταυτὸν
2485 2769 2498 2781 ·
2532 2754 2621 2801 καὶ
2667 2747 2712 2800 εἰ
2740 2755 2912 2814 τοῦτο,
2962 2752 3052 2800 καὶ
3090 2749 3120 2805 ἠ
3184 2751 3335 2819 φύσις
3388 2746 3439 2810 ἐξ
3492 2744 3717 2819 ἀνάγκης
3764 2751 3873 2819 μία

2265 2842 2349 2889 καὶ
2400 2836 2795 2913 ἀπαράλλακτος
2843 2839 2994 2889 ἔσται
3027 2858 3040 2869 ·
3098 2836 3158 2888 οὗ
3207 2839 3309 2911 ’γὰρ
3368 2836 3605 2909 ἑτερότης
3662 2842 3865 2908 φυσικὴ

2271 2927 2568 3000 θελημάτων
2616 2925 2707 2979 οὐκ
2765 2930 2927 2993 ἔστιν,
2987 2922 3110 2978 οὐδὲ
3167 2926 3351 2988 οὐσίας
3403 2930 3494 2978 καὶ
3555 2928 3755 2998 φύσεως
3809 2929 3874 2977 16

2265 3019 2512 3089 παράπαν
2573 3014 2737 3068 ἐκεῖσε
2783 3014 3114 3087 παραλλαγή.
3170 3015 3230 3067 Εἰ
3283 3012 3342 3067 δὲ
3401 3014 3523 3066 ἄλλο
3581 3016 3735 3087 φύσει
3774 3019 3877 3067 καὶ

2268 3105 2411 3169 ἄλλο,
2473 3101 2701 3178 διάφορα
2752 3106 2958 3165 πάντως
3010 3126 3023 3137 ο
3080 3108 3170 3156 καὶ
3224 3103 3267 3156 εἰ
3316 3100 3564 3177 διάφορα,
3615 3111 3725 3164 πῶς
3774 3106 3874 3155 τὸν

507 3190 816 3249 differunt.
856 3195 1034 3248 Porro
1059 3193 1108 3249 si
1138 3192 1442 3263 differunt,
1466 3194 1778 3266 quomodo
1804 3209 2012 3249 earum
2043 3208 2156 3249 nu-

2271 3194 2316 3247 ἐν
2373 3202 2521 3266 ποσῴ
2572 3197 2765 3247 τούτων
2828 3193 3048 3267 ἀριθμὸν
3110 3194 3214 3264 οὐχ
3264 3192 3590 3266 ὁμολογῆσαι
3643 3197 3874 3267 χρεών;

508 3293 743 3334 merum
774 3279 1041 3336 conﬁteri
1072 3297 1195 3337 non
1228 3297 1472 3338 necesse
1507 3289 1597 3339 est
1627 3288 1683 3339 et
1727 3288 1875 3356 quot
1922 3282 2040 3337 sint
2070 3283 2159 3337 in-

509 3365 743 3437 quirere
763 3367 792 3422 ?
818 3368 1134 3433 Quomodo
1162 3370 1323 3425 enim
1355 3370 1641 3442 possibile
1670 3378 1762 3428 est
1789 3386 1920 3425 esse
1950 3370 2159 3425 volun-

510 3458 659 3511 tates
680 3471 903 3531 easque
933 3472 1053 3513 non
1082 3460 1440 3515 numerari?
1461 3461 1637 3526 Quod
1668 3461 1827 3516 enim
1883 3459 2159 3516 deiﬁcata

511 3548 599 3600 est
648 3558 760 3603 sua
787 3561 926 3601 cum
958 3549 1077 3603 Deo
1107 3548 1331 3605 unione
1388 3564 1549 3616 caro,
1600 3564 1721 3604 non
1756 3549 1893 3605 ideo
1940 3549 2003 3603 in
2049 3564 2160 3604 sua

510 3632 809 3689 essentiali
840 3635 1106 3703 entitate,
1132 3642 1434 3708 quatenus
1475 3643 1691 3693 natura
1721 3636 2074 3693 rationalem
2103 3642 2160 3693 et

510 3726 712 3777 mente
775 3724 1091 3795 praeditam
1143 3726 1409 3780 animam
1470 3725 1669 3791 habet,
1733 3726 2155 3796 corrumpitur.

511 3811 775 3875 Quemad
786 3812 1035 3868 modum
1051 3829 1247 3886 neque
1266 3813 1489 3870 ferrum
1506 3815 1834 3886 corrumpit
1845 3814 1903 3869 in
1917 3814 2161 3886 propria

510 3904 727 3956 natura
757 3916 999 3958 summa
1027 3907 1085 3958 et
1114 3902 1378 3974 perfecta
1411 3920 1550 3959 cum
1581 3904 1719 3974 igne
1744 3902 2082 3958 commistio
2105 3907 2163 3959 et

514 3989 693 4058 unio;
728 3989 836 4045 sed
864 3991 1256 4063 proprietates
1280 3991 1436 4062 ignis
1466 3992 1784 4060 contrahit,
1821 3992 1868 4047 si
1912 3991 2159 4064 quidem

509 4078 666 4149 ignis
690 4094 797 4150 per
827 4080 1114 4137 unionem
1145 4081 1374 4137 factum
1395 4087 1519 4149 est;
1556 4081 1738 4138 simul
1754 4085 1956 4138 autem
1978 4097 2160 4152 grave

511 4172 600 4223 est
629 4173 847 4225 natura
877 4172 934 4226 et
964 4176 1146 4240 secat,
1180 4171 1324 4243 quia
1350 4188 1473 4227 non
1505 4172 1761 4244 propriae
1791 4176 2023 4228 natura:
2070 4172 2159 4242 ja-

511 4260 743 4311 cturam
769 4272 1021 4328 passum
1046 4263 1152 4324 est,
1167 4273 1365 4331 neque
1394 4260 1729 4317 naturalem
1756 4259 1879 4316 vim
1909 4261 2160 4316 omnino

512 4344 730 4410 amisit,
760 4346 869 4402 etsi
894 4362 1033 4403 cum
1055 4347 1193 4417 igne
1222 4350 1468 4405 exsistat
1508 4349 1844 4405 secundum
1875 4365 2061 4406 unam
2105 4353 2163 4405 et

512 4434 792 4490 eamdem
817 4436 1400 4510 hypostasim,atque
1432 4438 1609 4493 simul
1633 4443 1911 4510 operetur
1931 4454 2001 4494 ea
2026 4453 2159 4510 quas

513 4522 847 4580 secundum
868 4526 1178 4596 propriam
1200 4533 1479 4582 naturam
1522 4532 1683 4590 sunt,
1710 4528 2037 4583 sectionem
2079 4528 2158 4582 di-
2191 4539 2235 4592 1)
2271 4550 2355 4593 σις
2397 4549 2409 4561 ·

511 4625 605 4681 co,
626 4627 956 4686 rursusque
985 4630 1057 4671 ea
1081 4630 1215 4686 quae
1241 4631 1313 4670 ex
1334 4616 1554 4671 unione
1573 4616 1922 4687 procedunt,
1939 4631 2156 4689 nempe

418 4706 425 4709 ’
508 4699 922 4769 adustionem;
956 4702 1148 4775 ipsius
1179 4708 1382 4759 autem
1409 4710 1517 4772 est,
1548 4704 2072 4776 quemadmodum
2103 4709 2158 4761 et

508 4788 684 4859 ignis,
709 4791 956 4847 secandi
986 4792 1140 4849 actio
1161 4797 1407 4864 propter
1429 4809 1731 4849 summam
1760 4798 2156 4866 mutuamque

512 4877 1137 4937 circumincessionem
1168 4885 1225 4937 et
1248 4882 1764 4938 communionem.

956 5005 1035 5060 Et
1061 5020 1276 5061 rursus
1316 5006 1481 5063 circa
1513 5006 1665 5063 idem
1680 5050 1694 5062 .

582 5118 634 5170 3.
670 5114 727 5171 Si
756 5114 964 5171 omnia
991 5130 1129 5187 quae
1160 5119 1387 5172 naturae
1421 5119 1562 5170 sunt
1587 5114 1908 5172 nobiscum
1947 5116 2159 5174 habuit

512 5201 772 5259 Christus
793 5203 1162 5273 communia,
1178 5204 1368 5259 Patris
1390 5203 1807 5261 benevolentia
1832 5211 1888 5261 et
1911 5206 2159 5279 Spiritus

512 5288 704 5348 sancti
759 5292 1183 5365 cooperatione
1236 5298 1482 5365 propter
1541 5298 1812 5351 nostram
1879 5295 2157 5367 salutem,

511 5380 822 5452 quomodo
852 5381 1032 5436 etiam
1080 5381 1418 5437 naturalem
1466 5398 1590 5438 non
1631 5384 2032 5457 participabat
2058 5402 2159 5442 vo-

510 5468 803 5525 luntatem
824 5470 851 5526 ‘?
881 5471 1199 5527 Peccatum
1231 5473 1389 5528 enim
1418 5472 1612 5528 solum
1636 5490 1758 5530 non
1784 5475 2162 5547 participavit

511 5557 768 5614 Verbum
800 5559 1201 5629 incarnatum,
1235 5563 1382 5636 quia
1433 5578 1629 5636 neque
1681 5564 1743 5621 id
1790 5569 2018 5623 natura;
2049 5571 2155 5637 est,

510 5646 616 5705 sed
641 5646 897 5705 deﬂexio
944 5653 1001 5706 et
1042 5649 1251 5724 lapsus
1300 5651 1521 5709 mentis
1581 5651 1735 5711 ultra
1785 5659 2018 5711 natura;
2067 5671 2161 5712 ra-

2269 3292 2382 3345 Πῶς
2408 3286 2509 3357 γὰρ
2552 3280 2774 3336 δυνατὸν
2824 3280 2955 3335 εἶναι
3001 3285 3069 3336 1'6:
3122 3282 3409 3355 θελήματα,
3458 3287 3547 3334 καὶ
3597 3286 3667 3353 μὴ
3719 3279 3875 3355 ἀριθ-

2266 3377 2517 3446 μεῖσθαι;
2564 3376 2633 3425 T6
2692 3374 2792 3445 γὰρ
2850 3373 3102 3430 θεωθῆναι
3148 3379 3211 3444 τῇ
3260 3375 3388 3448 πρὸς
3424 3374 3512 3424 τὸν
3564 3374 3691 3425 Θεὸν
3737 3370 3874 3422 ἑνώ-

2269 3482 2370 3531 σει,
2424 3464 2564 3514 καθὰ
2600 3466 2690 3513 καὶ
2744 3467 2838 3520 την
2886 3464 3040 3533 φύσιν
3098 3460 3261 3519 αὐτὴν
3317 3468 3416 3522 τῆς
3442 3459 3660 3532 λογικῶς
3687 3478 3742 3511 τε
3772 3459 3875 3511 καί

2265 3560 2453 3625 νοερώς
2500 3551 2846 3623 ἐψυχωμένης
2902 3552 3111 3623 σαρκὸς,
3171 3558 3268 3611 τῆς
3314 3550 3431 3603 κατ’
3486 3549 3671 3602 οὐσίαν
3724 3547 3875 3602 61:16-

2263 3660 2415 3701 τητος
2468 3640 2562 3693 οὐκ
2609 3639 2899 3703 ἐξίστησιν,
2948 3641 3120 3714 ὥσπερ
3180 3635 3303 3691 οὐδὲ
3362 3648 3455 3699 τῆς
3514 3638 3708 3701 οἰκείας
3776 3642 3872 3690 τόν

2269 3726 2489 3805 σίδηρον
2538 3732 2740 3801 φύσεως
2791 3730 2820 3786 ἠ
2880 3729 3019 3801 ἄκρα
3082 3733 3171 3780 καὶ
3225 3725 3404 3781 διόλου
3456 3731 3586 3803 πρὸς
3650 3730 3708 3778 τὸ
3757 3734 3870 3802 πῦρ

2269 3817 2559 3893 ἀνάκρασις
2614 3837 2666 3869 τε
2734 3822 2826 3869 καὶ
2891 3819 3072 3878 ἓνωσις
3131 3837 3145 3850 ο
3216 3816 3344 3869 ἀλλὰ
3406 3818 3611 3887 πάσχει
3655 3818 3744 3888 μὶν
3798 3818 3876 3868 16:

2266 3911 2446 3982 πυρὸς,
2497 3902 2676 3964 ἐπειδὴ
2735 3914 2838 3979 πῦρ
2887 3914 2949 3979 τῇ
3011 3906 3188 3958 ἐνὼσει
3232 3910 3544 3978 γεγένηται·
3591 3904 3766 3978 βρίθει
3805 3901 3874 3958 δὲ

2267 3995 2420 4049 πάλιν
2472 3997 2607 4047 κατὰ
2668 3998 2823 4066 φύσιν
2880 3999 2969 4047 καὶ
3018 3998 3209 4067 τέμνει,
3262 3995 3342 4046 ὅτι
3394 3998 3467 4066 μὴ
3516 4003 3611 4056 τῆς
3671 3993 3876 4056 οἰκείας

2271 4088 2469 4155 φύσεως
2544 4082 2714 4142 λώϐην
2771 4085 3037 4149 πέπονθεν,
3092 4084 3122 4142 ἦ
3182 4090 3278 4145 τῆς
3340 4091 3565 4156 φυσικῆς
3617 4081 3879 4157 ἐνεργεῐας

2269 4173 2446 4237 ἐξέστη
2492 4176 2550 4226 τὸ
2616 4172 2852 4241 σύνολον,
2936 4178 3111 4225 καίτοι
3184 4175 3316 4246 μετὰ
3386 4176 3549 4247 πυρὸς
3608 4173 3875 4246 ὑπάρχων

2268 4266 2405 4316 κατὰ
2454 4268 2548 4322 τὴν
2605 4263 2769 4322 αὐτὴν
2815 4268 2905 4316 καὶ
2956 4268 3079 4334 μίαν
3111 4263 3425 4334 ὑπόστασιν,
3449 4267 3540 4314 καὶ
3598 4258 3873 4315 ἀδιαστά-

2268 4372 2365 4414 τως
2415 4348 2552 4426 δρῶν
2601 4355 2667 4404 τὰ
2714 4372 2768 4405 τε
2815 4355 2947 4405 κατά
2999 4354 3152 4424 φύσιν
3230 4349 3392 4423 ἰδίαν,
3454 4350 3586 4424 λέγω
3659 4348 3725 4409 δὴ
3771 4355 3872 4409 τὴν

2268 4446 2453 4515 τομὴν,
2520 4447 2609 4494 καὶ
2656 4446 2720 4494 1'6:
2765 4441 2884 4493 καθ’
2915 4442 3095 4494 ἕνωσιν
3124 4437 3272 4502 αὖθις
3321 4442 3442 4515 ὅπερ
3491 4443 3635 4493 ἐστὶν
3665 4442 3694 4498 ἡ
3728 4446 3871 4491 καῦ-

2468 4530 2626 4583 αὐτοῠ
2675 4550 2776 4605 γαρ
2828 4528 2960 4596 ἐστι,
3015 4531 3246 4602 καθάπερ
3305 4535 3397 4582 καὶ
3451 4536 3541 4582 τοῦ
3601 4548 3766 4601 πυρος
3829 4531 3864 4586 ἠ

2266 4626 2422 4692 τομὴ,
2468 4618 2560 4673 διὰ
2616 4624 2711 4677 τὴν
2768 4620 2933 4692 ἄκραν
2985 4618 3059 4680 εἰς
3105 4618 3303 4677 ᾶλληλα
3362 4623 3725 4692 περιχώρησιν
3772 4622 3871 4670 καὶ

2266 4706 2536 4763 ἀντίδοσιν
2551 4753 2563 4766 .

2687 5017 2787 5066 Καὶ
2817 5008 2966 5073 αὖθις
2992 5016 3110 5086 περὶ
3145 5020 3237 5066 τοῦ
3267 5012 3448 5067 αὐτοῦ.

2337 5119 2405 5193 γ’.
2474 5119 2535 5174 Εἰ
2597 5121 2802 5173 πάντων
2863 5127 2963 5171 τῶν
3024 5127 3116 5181 τῆς
3181 5122 3379 5192 φύσεως
3438 5119 3629 5182 ἐπίσης
3697 5138 3876 5173 κεκοι-

2267 5216 2488 5268 νώνηκεν
2542 5210 2667 5282 ἡμῖν
2724 5210 2749 5261 ὁ
2807 5213 3032 5283 Χριστὸς
3092 5206 3308 5283 εὐδοκία
3359 5212 3559 5286 Πατρός
3604 5213 3696 5261 καὶ
3747 5229 3878 5262 συν-

2270 5303 2443 5374 εργείᾳ
2494 5301 2792 5371 Πνεύματος
2842 5298 2990 5371 ἁγίου
3050 5295 3143 5351 διὰ
3213 5303 3307 5358 τὴν
3388 5302 3650 5373 σωτηρίαν
3698 5300 3875 5371 ἡμῶν,

2270 5390 2409 5449 ὅπως
2463 5386 2591 5457 οὐχὶ
2661 5393 2750 5441 καὶ
2822 5396 2916 5451 τῆς
2993 5397 3221 5460 φυσικῆς
3280 5395 3492 5460 μετεῖχε
3564 5386 3871 5456 θελ.ἠσεως;

2268 5477 2553 5550 Ἀμαρτίας
2592 5478 2694 5551 ’γὰρ
2745 5480 2905 5549 μόνης
2977 5477 3105 5549 οὐχὶ
3174 5481 3430 5549 μετέσχεν
3474 5478 3501 5528 ὁ
3576 5478 3876 5551 σαρκωθεὶς

2272 5570 2460 5637 Λόγος,
2516 5566 2593 5617 ὅτι
2646 5562 2784 5638 μηδὲ
2822 5574 2916 5628 τῆς
2957 5568 3158 5638 φύσεως
3210 5566 3340 5624 αὕτη
3375 5563 3533 5632 ἐστὶν,
3565 5563 3695 5616 ἀλλὰ
3735 5585 3876 5641 παρ-

2271 5659 2490 5729 εκτροπη
2556 5660 2646 5708 καὶ
2712 5657 2978 5728 ο).ίσθημα
3039 5660 3251 5729 γνώμης
3316 5658 3655 5728 κεκινημένης
3719 5660 3873 5731 παρὰ
