4040 6318
95 324 161 377 93
1463 322 1815 381 THESAURI
1852 322 1983 380 LIB.
2024 324 2181 382 XVII.
3428 322 3498 379 94

91 447 177 497 τὸν
202 446 372 519 λὲγον
402 456 500 511 τῆς
554 452 777 524 φύσεως·
836 448 1196 504 διαστέλλεται
1243 452 1345 523 γὰρ
1393 452 1451 502 τὸ
1501 468 1686 522 φυσικο

1899 465 2061 507 mem
2075 452 2412 518 commotae;
2434 448 2886 521 distinguuntur
2913 448 3074 507 enim
3084 446 3380 515 naturalis
3391 462 3494 503 vo-

92 534 303 608 Sﬂxya
367 543 468 590 καὶ
539 544 599 592 τὸ
663 545 947 613 γνωμικὸν
984 542 1043 592 τὸ
1083 542 1172 611 μὲν
1230 541 1333 612 γὰρ
1376 541 1595 610 φυσικὸν
1629 535 1687 590 δέ

1889 544 2030 597 ntas
2062 544 2119 597 et
2147 539 2427 595 mentalis
2455 558 2468 607 ;
2500 539 2791 596 naturalis
2822 539 3071 613 quidem
3116 542 3205 595 est
3254 538 3344 594 vis
3377 553 3484 611 ap-

85 644 247 695 ’θεέιις
306 627 561 701 ὑπάρχει
622 637 719 682 τοῦ
764 633 899 682 κατά
950 632 1104 702 φύσιν
1155 632 1295 689 ὄντος
1343 627 1606 703 ὀρεκτική·
1660 647 1680 678 τ

1889 629 2079 685 etitum
2107 644 2359 684 movens
2381 629 2563 701 hujus
2613 628 2780 701 quod
2829 628 3162 684 secundum
3202 631 3484 683 naturam

89 709 147 766 ἴε
181 720 476 787 γνωμικὸν
525 719 830 794 αὐθαίρετος
859 721 992 795 ὁρμὴ
1025 723 1115 771 καὶ
1174 719 1403 780 ζήτησις
1456 722 1574 792 περὶ
1627 736 1684 769 το

1887 722 1948 785 st;
1990 717 2267 774 mentalis
2297 733 2440 773 vero
2459 717 2610 773 liber
2630 718 2892 790 impetus
2918 722 2973 774 et
2997 715 3303 790 inquisitio
3325 716 3482 771 circa

87 800 602 876 ἆγνοουμένου,ικαὶ
648 810 827 870 κθίσις
850 812 940 860 καὶ
986 803 1220 868 διάθεσις
1261 810 1380 881 περὶ
1433 809 1492 858 τὸ
1521 808 1682 880 κριθέπ

1887 806 2053 878 iquid
2082 806 2291 875 ignoti,
2323 811 2379 862 et
2404 806 2562 863 circa
2613 806 2677 861 id
2721 806 2886 879 quod
2916 806 3222 862 decretum
3265 808 3355 860 est
3383 804 3478 876 ju-

85 896 172 944 καὶ
217 893 289 945 οὐ
330 898 551 967 φύσεως
613 900 1113 971 γαρακτηριστικόν,
1184 895 1313 948 ἄλλὰ
1356 903 1449 948 τοῦ
1510 899 1680 969 προσὰ

1879 895 2050 951 icium
2079 901 2135 952 et
2156 895 2496 968 dispositio;
2530 911 2726 969 neque
2758 901 2988 953 naturae
3027 899 3116 951 est
3143 894 3474 964 character,

86 1001 188 1034 που
252 989 467 1057 κυρίως
523 986 587 1039 οὗ
638 985 751 1039 ἔστι
801 992 893 1040 καὶ
955 995 1051 1047 τῆς
1123 986 1478 1055 ὐποστάσεως,
1543 984 1681 1037 ὥσπε

1877 984 1929 1039 td
1942 984 2182 1056 proprie
2195 999 2466 1057 personae
2479 985 2576 1040 cui
2587 984 2740 1041 inest
2755 984 2858 1041 eth
2864 989 3239 1057 ypostaseos,
3263 998 3472 1055 quem-

86 1074 175 1122 καὶ
224 1076 296 1124 τὸ
334 1081 458 1135 πῶς
506 1074 667 1129 θέλειν
697 1082 785 1129 καὶ
832 1078 889 1128 τὸ
919 1084 1029 1137 πῶς
1066 1076 1191 1150 ὁρᾷν
1237 1078 1296 1127 οὐ
1352 1082 1449 1136 τῆς
1495 1075 1681 1147 ’θύσεως

1874 1071 2158 1128 :lmodum
2181 1072 2385 1145 aliquo
2425 1072 2611 1128 modo
2640 1072 2787 1129 velle
2828 1079 2884 1128 et
2926 1072 3131 1144 aliquo
3157 1071 3340 1126 modo
3390 1071 3469 1127 vi-

87 1159 221 1212 ἆλὶὰ
290 1170 392 1223 τῆς
454 1165 708 1239 ἡμετέρας
750 1171 975 1239 γνώμηςο
1026 1164 1143 1217 καθ’
1201 1166 1255 1217 ὃν
1318 1162 1471 1236 λόγον
1530 1166 1622 1215 καὶ

1876 1176 1965 1217 ere
1991 1177 2112 1217 non
2158 1162 2235 1217 ad
2275 1167 2555 1218 naturam
2588 1162 2860 1235 pertinet,
2928 1161 3035 1217 sed
3087 1160 3166 1217 ad
3209 1165 3471 1217 mentem

88 1248 556 1326 ἂνθρωπολάτρης
619 1258 904 1329 Νεστὸριος
975 1262 1188 1327 γνωμῶν
1245 1252 1426 1306 ἕνωσιν
1519 1249 1683 1304 ἀσεϐῶ

1879 1256 2126 1317 ostram;
2160 1252 2320 1307 unde
2353 1256 2409 1307 et
2456 1250 2912 1323 anthropolatra
2954 1251 3258 1308 Nestorius
3310 1265 3474 1305 men-

86 1334 486 1411 ἐδοτμοξτισεν,
541 1342 858 1418 ἶν’ἑκατέραν
913 1340 1232 1417 δι’ίκατερας
1310 1346 1526 1414 κυρὼση
1584 1342 1681 1393 ὑπὸ

1880 1356 1971 1395 um
1994 1340 2282 1397 unionem
2313 1340 2497 1413 impie
2527 1340 2751 1411 docuit,
2791 1345 2857 1397 ut
2882 1339 3133 1396 alteram
3180 1355 3288 1412 per
3336 1337 3475 1394 alte-

85 1447 312 1494 στασιν,
369 1435 469 1484 καὶ
506 1432 534 1484 6
571 1431 725 1503 ψιλος
754 1431 1025 1507 ἄνθρωπος
1082 1432 1222 1503 αὐτῷ
1266 1432 1470 1506 τηρηθῆ
1530 1435 1680 1502 γνώμη

1879 1444 1955 1483 ιω
1986 1428 2373 1485 conﬁrmaret
2396 1428 2802 1501 hypostasim,
2825 1432 2884 1484 et
2906 1432 3243 1483 servaretur
3275 1442 3474 1482 merus

85 1524 187 1570 τινὶ
252 1523 354 1571 καὶ
402 1520 699 1596 αὐθαιρέτῳ
752 1527 959 1581 κινήσει
1014 1526 1148 1596 πρὸς
1196 1526 1284 1574 τὸν
1337 1525 1466 1575 Θεὸν
1519 1524 1680 1589 Λόγοι.

1880 1532 2008 1573 )mo
2047 1517 2252 1591 aliqua
2290 1524 2491 1574 mente
2540 1524 2596 1575 et
2641 1517 2831 1575 libero
2866 1518 2946 1574 ad
2988 1520 3176 1573 Deum
3214 1515 3475 1571 Verbum

84 1612 171 1660 καὶ
204 1611 400 1672 αὸτὸς,
447 1615 601 1682 φησὶ,
640 1616 736 1671 τὴν
761 1611 1346 1685 ἓνωσινῗποιησάμενος.
1396 1610 1486 1672 Ὠς
1513 1610 1573 1661 ἂν
1604 1614 1679 1662 τοί

1878 1610 2012 1674 ιΟῖΠ,
2042 1612 2099 1662 et
2128 1608 2275 1679 ipse,
2305 1607 2519 1680 inquit,
2545 1608 2731 1664 homo
2777 1608 2937 1664 hanc
2976 1608 3269 1663 unionem
3292 1604 3473 1678 perﬁ-

86 1717 172 1748 νυν
230 1702 299 1750 1'6
359 1700 557 1761 ἐντελὲς
605 1699 875 1774 ἁκριϐωθῇ
940 1709 1033 1763 τῆς
1085 1704 1287 1774 φύσεως
1320 1699 1403 1753 ἐπὶ
1459 1706 1551 1752 τοῦ
1588 1718 1681 1773 σαρ

1880 1696 2299 1765 ens.Utigitur
2324 1702 2552 1753 naturae
2575 1712 2819 1753 summa
2872 1697 2934 1752 in
2979 1695 3293 1751 incarnato
3351 1695 3470 1749 Deo

88 1789 353 1851 κωθέντος
404 1793 561 1858 Θεοῦ,
618 1795 710 1843 καὶ
763 1795 823 1843 τὸ
871 1789 1215 1864 ἀντικείμενον
1294 1786 1571 1864 διαρῥιφῇο
1652 1808 1681 1841 τ

1876 1783 2246 1853 ssignaretur,
2276 1785 2746 1857 oppositumque
2769 1784 3130 1855 rejiceretur,
3182 1780 3471 1838 naturalis

89 1877 175 1947 μὲν
250 1880 493 1949 φυσικὸν
553 1879 751 1952 θέλημα
807 1882 1009 1956 ὡρίσθη
1084 1879 1168 1932 ἐπὶ
1217 1886 1474 1952 Χριστοῦ,
1546 1881 1605 1931 τὸ
1653 1873 1684 1930 δ

1876 1871 2066 1928 uidem
2097 1872 2378 1928 voluntas
2396 1872 2643 1929 deﬁnita
2672 1879 2759 1929 est
2788 1873 2864 1929 de
2896 1873 3147 1938 Christo,
3196 1869 3471 1929 mentalis

86 1970 364 2038 γνωμικὸν
425 1967 487 2020 οὐ
543 1973 732 2043 κυρίως
774 1967 972 2045 ἐρρέθη,
1027 1972 1095 2032 ὡς
1135 1973 1270 2042 μήτε
1319 1976 1382 2041 τῇ
1453 1964 1681 2041 διαιρίσε

1873 1976 1956 2017 aro
1986 1976 2108 2017 non
2141 1962 2381 2034 proprie
2402 1962 2561 2018 dicta
2586 1967 2691 2032 est,
2725 1967 2786 2018 ut
2814 1978 3012 2034 neque
3049 1959 3333 2017 divisioni
3386 1958 3468 2016 lo-

90 2061 249 2128 χὼπρα
282 2052 428 2129 δοθῇ
454 2065 528 2128 τῷ
560 2059 869 2120 στασιάζειν
907 2057 955 2110 ἐν
999 2061 1186 2130 τούτῳ,
1239 2063 1369 2131 μήτε
1408 2064 1470 2130 τῇ
1514 2076 1685 2130 φαντα·

1872 2066 1924 2104 is
1972 2050 2237 2121 daretur,
2279 2051 2674 2108 dissensionis
2723 2054 2784 2108 in
2834 2052 2950 2107 hoc
3003 2050 3234 2121 gratia;
3271 2064 3467 2121 neque

93 2150 179 2217 σία
197 2142 583 2219 παρείσδυσις
616 2154 689 2218 τῷ
710 2152 782 2220 μὴ
811 2148 1068 2223 ὑπάρχειν
1099 2146 1278 2202 ἐκεῖνο.

1815 2137 2153 2210 phantasiee
2180 2140 2483 2207 introitus,
2519 2145 2809 2213 tanquam
2841 2155 2965 2196 non
2996 2139 3069 2195 sit
3089 2138 3215 2196 illa.

381 2306 594 2382 Ἕτερον
650 2308 934 2383 πρόϐλημα
969 2318 1070 2362 τῶν
1122 2310 1419 2384 Ἀρμενίων.

2109 2317 2327 2375 Altera
2354 2317 2775 2375 Armeniorum
2801 2316 3151 2388 propositio.

150 2464 222 2524 δ’.
247 2468 316 2523 Εἰ
342 2467 439 2521 ἐπὸ
471 2474 566 2521 τοῦ
606 2468 706 2531 ἐνὶς
751 2477 987 2545 Χριστοῦ
1018 2469 1117 2524 δύο
1182 2470 1444 2544 Θελήματα
1477 2476 1566 2525 καὶ
1606 2469 1705 2526 δύο

1885 2480 1938 2532 4.
1975 2478 2031 2535 Si
2062 2477 2122 2533 in
2147 2478 2380 2535 Christo
2395 2479 2551 2536 duas
2584 2494 2714 2536 esse
2739 2478 3079 2536 voluntates
3099 2480 3156 2533 et
3170 2476 3467 2549 operatio-

84 2558 344 2633 ἐνεργείας
403 2557 604 2633 δῶμεν,
660 2563 869 2624 πάντως
934 2560 1174 2624 ἀλλήλοις
1221 2561 1426 2616 ἐναντία
1501 2566 1679 2617 ἕσοντα

1866 2582 1925 2622 es
1956 2566 2388 2639 concedamus,
2404 2568 2655 2624 omnino
2678 2567 2832 2624 inter
2852 2582 2918 2623 se
2939 2565 3250 2623 contrariae
3271 2567 3461 2632 erunt,

86 2657 181 2701 ταῦ
206 2652 356 2703 θείου
392 2646 803 2723 διαμαχομένων
836 2659 909 2722 τῷ
964 2650 1290 2726 ἀνθρωπίνῳ,
1334 2657 1423 2706 καὶ
1470 2655 1495 2705 ὀ
1549 2655 1675 2706 αὐτό

1870 2655 2019 2711 tvina
2047 2656 2351 2713 voluntate
2372 2656 2666 2713 adversus
2695 2657 3031 2714 humanam
3058 2657 3465 2727 repugnante;

88 2743 175 2791 καὶ
235 2740 318 2800 εἷς
371 2743 633 2814 Χριστός,
669 2743 699 2798 ἧ
747 2737 1148 2804 διαστασιάζων
1191 2740 1358 2813 ἐαυτῷ
1419 2743 1683 2814 εὑρεθήσε-

1868 2758 1886 2800 3
1913 2743 2074 2800 idem
2106 2750 2163 2801 et
2181 2748 2355 2812 iunus
2383 2746 2754 2818 Christuszvel
2783 2762 2819 2802 a
2845 2746 3048 2817 seipso
3084 2742 3463 2810 dissentiens,

90 2848 194 2894 ται,
260 2832 294 2888 ἦ
347 2831 404 2881 αἱ
432 2832 613 2901 φύσεις
651 2824 1082 2902 διαιρεθήσονται
1133 2835 1223 2884 καὶ
1283 2827 1681 2885 ἱδιοῦπόστατοι

1870 2833 2173 2905 ινοηὶθιιιῐι,
2205 2834 2299 2890 vel
2335 2840 2568 2891 natura
2588 2834 2931 2891 dividentur
2972 2839 3028 2890 et
3049 2832 3300 2902 singulm
3327 2846 3465 2904 pro-

90 2922 173 2970 καὶ
190 2922 254 2971 τὸ
279 2925 378 2971 τοῦ
399 2922 693 2993 Νεστορίου
717 2915 897 2991 δόγμα
922 2918 1369 2995 παῤῥησιάσεται,

1871 2922 2010 2979 riam
2037 2922 2352 2981 habebunt
2369 2924 2788 2997 hypostasim;
2820 2928 2877 2980 et
2894 2922 3149 2980 Nestorii
3193 2920 3466 2979 doctrina

1816 3010 2134 3069 manifeste
2171 3012 2615 3085 praedicabitur.

387 3114 684 3177 ’Δντίθεσις
703 3117 837 3190 πρὸς
864 3122 1012 3169 τοῦτο
1040 3124 1141 3169 τῶν
1172 3116 1414 3171 εὐσεϐῶν.
1741 3157 1784 3211 ο

1741 3157 1784 3211 Ο
2059 3156 2160 3213 Ad
2195 3156 2318 3213 haec
2364 3157 2669 3227 responsio
2714 3156 3208 3213 orthodoxorum.

161 3312 215 3349 ε.
261 3293 330 3346 Εἰ
504 3295 573 3345 τὰ
638 3291 736 3347 δύο
791 3294 1074 3367 Θελήματα,
1115 3301 1174 3350 τό
1209 3316 1264 3350 τε
1315 3299 1447 3352 θεῖον
1512 3302 1600 3353 καὶ
1646 3302 1698 3352 τὸ

1882 3321 1935 3372 5.
1958 3315 2013 3373 Si
2039 3315 2284 3389 quidem
2313 3315 2470 3373 duas
2491 3315 2853 3383 voluntates,
2878 3315 3148 3372 divinam
3178 3317 3234 3370 et
3248 3313 3459 3370 huma-

96 3382 444 3453 ἐνθρὼπινον,
510 3382 623 3435 κατ’
699 3383 884 3437 οὐσίαν
952 3387 1077 3438 άατὲ
1125 3382 1375 3462 διάφορα,
1427 3388 1691 3442 εὐσεϐεῖτε

1866 3420 1979 3474 am,
2009 3405 2344 3461 secundum
2373 3404 2699 3462 essentiam
2727 3404 2966 3461 differre
2995 3404 3209 3471 dicitis,
3228 3402 3330 3474 pie
3374 3402 3461 3459 di-

96 3471 133 3521 εἰ
181 3468 244 3524 δέ
303 3470 661 3545 ἀντικείμενα,
711 3470 918 3544 ψευδὴς
972 3475 997 3526 6
1047 3474 1218 3547 λόγος’
1271 3475 1395 3529 ἄλλο
1444 3479 1547 3551 γὰρ
1590 3480 1691 3532 θεό-

1862 3493 1977 3562 tis;
2025 3494 2072 3550 si
2121 3499 2322 3551 autem
2369 3494 2680 3566 oppositas
2732 3510 2886 3562 esse,
2932 3493 3257 3551 mendaces
3294 3492 3457 3548 estis.

93 3579 241 3622 me;
323 3566 416 3613 καὶ
466 3560 591 3614 ἄλλο
658 3560 1054 3636 ἀνθρωπότητος
1102 3564 1318 3639 θέλημα·
1382 3565 1688 3642 ἁντικείμενο

1866 3560 2006 3639 Ιιθιέο
2043 3582 2203 3639 enim
2243 3587 2329 3639 est
2379 3560 2708 3639 divinitatis
2757 3587 2815 3639 et
2854 3560 3041 3639 altera
3074 3580 3461 3637 humanitatis

96 3646 149 3702 ξε
233 3646 512 3723 οὐδαμῶς,
595 3653 664 3713 ὡς
724 3659 817 3704 τοῦ
885 3651 1206 3729 ἀνθρωπίνου
1284 3655 1567 3729 θελήματος
1629 3665 1691 3729 τᾷ

1866 3670 2109 3741 )luntas;
2124 3672 2276 3729 inter
2288 3687 2349 3728 se
2370 3677 2573 3729 tamen
2590 3672 2839 3730 minime
2858 3671 3173 3745 oppositas,
3195 3685 3334 3725 cum
3353 3669 3461 3726 hu-

96 3740 249 3809 θεῐκῷ
312 3739 588 3812 ἑπομένου,
654 3761 744 3793 και
793 3748 1232 3816 συντνπουμένου’
1300 3744 1417 3798 οὔτε
1495 3749 1594 3822 γὰρ
1662 3751 1691 3800 εἲ

1864 3776 1998 3816 lana
2024 3739 2307 3818 voluntas
2328 3761 2596 3818 divinam
2616 3739 2985 3818 voluntatem
3008 3739 3292 3833 sequatur
3308 3762 3364 3816 et
3380 3758 3459 3815 ab

94 3848 145 3879 τι
211 3825 497 3903 διάφορον,
552 3832 754 3894 πάντως
799 3838 951 3885 τοῦτο
1002 3836 1090 3885 καὶ
1139 3832 1506 3907 ἀντικείμενον·
1580 3833 1689 3889 δια·

1863 3850 1907 3905 la
1935 3849 2300 3906 eﬁ’ormetur.
2316 3853 2441 3907 Non
2453 3850 2615 3907 enim
2646 3851 2858 3924 siquid
2888 3825 3114 3916 differt:
3118 3849 3256 3904 ideo
3271 3862 3458 3920 oppo-

96 3921 230 3990 ρορὰ
264 3921 376 3992 γὰρ
408 3914 701 3982 οὐσιὼὃης·
755 3923 1017 3984 σύστασίς
1055 3921 1168 3976 ἔστι
1231 3931 1330 3976 τῶν
1380 3923 1428 3976 ἐν
1476 3932 1539 3998 τῇ
1600 3928 1691 3998 φύ-

1859 3937 2003 4007 itur;
2040 3937 2375 3996 differentia
2397 3939 2561 3996 enim
2598 3944 2691 3996 est
2715 3914 2986 3996 essentia:
3016 3956 3028 3993 :
3059 3951 3270 3994 eorum
3318 3949 3454 4006 qua:

96 4027 174 4060 σει
202 4010 555 4082 πραγμάτων,
603 4009 662 4061 οὐ
701 4014 805 4082 μὴν
851 4009 1150 4073 ἐναντίωσις
1193 4016 1322 4087 πρὸς
1362 4018 1458 4072 τὴν
1504 4017 1691 4067 τούτων

1860 4031 2127 4084 [natura
2155 4033 2296 4084 sunt
2350 4027 2587 4085 collatio
2642 4033 2734 4085 est
2796 4042 3008 4084 eorum
3062 4022 3455 4097 sejunctionis

96 4094 372 4152 διάλυσιν.
431 4098 825 4172 ’Δπαραίτητσν
884 4096 944 4153 δὲ
984 4104 1074 4153 τὸν
1140 4104 1473 4175 σαρκωθέντα
1530 4110 1691 4176 Λόγον

1861 4131 1960 4181 ιοο,
1993 4131 2117 4171 non
2157 4131 2306 4173 sane
2334 4114 3020 4189 oppositio.lnevitabile
3045 4094 3247 4172 autem
3266 4114 3456 4168 incar-

94 4194 328 4255 ?‘JC£Z!;JC
395 4186 539 4259 ἔχειν
596 4192 686 4240 καὶ
732 4192 791 4241 1'6
844 4187 1161 4264 ἀνθρώπινον
1215 4192 1414 4265 θελημα
1448 4198 1579 4270 πρὸς
1615 4199 1689 4248 πί-

1858 4210 2017 4261 etum
2043 4205 2302 4262 Verbum
2331 4186 2679 4262 naturaliter
2707 4206 3043 4262 humanam
3084 4201 3453 4261 voluntatem

98 4295 288 4328 στωσιν
336 4284 436 4338 τῆς
484 4284 661 4350 νοερᾶς
717 4277 877 4331 αὐτοῦ
940 4284 1032 4332 καὶ
1092 4278 1310 4353 λογικῶς
1352 4281 1693 4356 ἐψυχωμένης

1857 4294 2051 4364 abere,
2067 4298 2133 4350 ut
2152 4294 2281 4366 ejus
2300 4292 2652 4364 intelligenti
2665 4293 3007 4351 etrationali
3027 4292 3225 4350 carnis
3237 4291 3452 4348 animae

98 4370 288 4440 σαρκός
320 4387 335 4399 ·
395 4370 537 4439 εἴπερ
618 4366 802 4429 τέλειος
871 4367 1136 4445 ἅνθρωπος
1215 4375 1394 4443 ’γέγονε
1475 4369 1693 4445 μηδενὸς

1859 4384 1958 4440 des
1972 4384 2064 4448 sit,
2085 4383 2135 4439 si
2161 4383 2411 4455 quidem
2433 4383 2732 4456 perfectus
2753 4383 2933 4440 homo
2944 4383 3138 4441 factus
3159 4387 3267 4449 est,
3304 4380 3454 4437 nihil

96 4465 193 4507 τῶν
235 4457 502 4529 ἡμετέρων
557 4455 869 4529 λειπόμενος,
926 4458 1089 4518 πόλὴν
1127 4465 1291 4532 μόνης
1350 4469 1442 4523 τῆς
1520 4461 1691 4538 ἁμαρ-

98 4550 229 4566 ᾼηί,
324 4547 475 4566 κλμ
578 4549 628 4566 ν.
724 4545 742 4566 ε
938 4549 957 4564 .
1097 4550 1211 4566 .-
1305 4548 1319 4565 .
1476 4551 1552 4566 ς,

1890 4473 1968 4529 od
1996 4478 2267 4530 nostrum
2286 4474 2359 4529 sit
2379 4488 2501 4531 non
2531 4473 2644 4529 sibi
2665 4474 3018 4546 suscipiens,
3044 4476 3293 4544 excepto
3315 4486 3453 4543 pec-

95 4550 229 4606 τίας’
314 4547 494 4598 πάντα
569 4549 671 4620 γὰρ
721 4545 861 4618 ἒχων
931 4549 1033 4600 ὅσα
1087 4550 1241 4622 ἡμεῖς
1295 4548 1690 4626 ἂπαραλείπτως

1859 4568 1956 4618 tto.
2001 4562 2216 4620 Omnia
2244 4562 2407 4619 enim
2430 4579 2568 4636 quae
2601 4567 2657 4619 et
2685 4578 2797 4619 nos
2834 4545 3088 4633 habens,
3136 4560 3285 4618 nihil
3330 4574 3454 4616 non

94 4638 153 4688 τὰ
205 4637 342 4688 κατὰ
395 4637 553 4707 φύσιν
621 4640 916 4690 συστατικά
982 4647 1077 4701 τῆς
1161 4642 1414 4714 ἡμετέρας
1488 4641 1689 4712 οὐσίας,

1858 4649 2138 4724 recipiens
2157 4666 2369 4708 eorum
2394 4667 2530 4724 quae
2552 4650 2887 4707 secundum
2915 4655 3198 4707 naturam
3231 4653 3453 4705 nostrae

98 4724 240 4782 ἤθελε
290 4730 387 4776 καὶ
424 4723 631 4799 ἐνήργει
682 4724 733 4779 ἓν
785 4726 1001 4801 ἑκατέρᾳ
1044 4737 1215 4802 μορφῇ
1274 4732 1403 4803 μετὰ
1471 4740 1569 4795 τῆς
1608 4734 1693 4785 θα.

1857 4723 2079 4795 ιεθῑιιὶω
2109 4723 2434 4795 constituta
2463 4744 2622 4805 sunt,
2654 4740 2715 4795 in
2754 4744 3010 4812 utraque
3055 4738 3247 4795 forma
3297 4735 3452 4794 vole-

98 4818 241 4886 τὲρου
284 4818 583 4876 κοινωνίας·
650 4816 719 4867 ὧν
898 4818 1000 4890 γὰρ
1062 4819 1092 4876 ἠ
1161 4818 1316 4886 αὐτὴ,
1368 4823 1561 4873 τούτων
1607 4827 1693 4876 καὶ

1854 4833 1911 4885 at
1965 4828 2452 4903 operaliaturque
2515 4845 2648 4885 cum
2708 4829 2950 4885 alterius
3002 4826 3449 4885 communione.

98 4905 124 4960 ἡ
160 4904 370 4963 θέλησις
407 4908 499 4956 καὶ
550 4906 580 4962 ἠ
651 4904 878 4977 ἐνέργεια
924 4908 954 4965 ἡ
997 4907 1159 4966 αὐτή·
1207 4908 1275 4959 ὧν
1329 4905 1388 4962 δὲ
1452 4906 1693 4983 διάφορος

1860 4932 2073 4972 uorum
2097 4920 2299 4973 autem
2328 4917 2612 4973 differens
2640 4923 2729 4974 est
2755 4917 3033 4985 essentia,
3065 4931 3274 4973 eorum
3305 4929 3455 4986 quo-

99 4996 123 5049 it
156 4993 338 5061 οὐσία,
394 4996 591 5044 τούτων
640 4990 889 5067 διάφορος
918 4999 1007 5048 καὶ
1036 4997 1066 5055 ἡ
1123 4996 1327 5058 θέλησις
1351 5003 1440 5069 καὶ
1497 5001 1527 5058 ἠ
1560 4999 1694 5074 ἐνέρ-

1854 5022 1923 5064 ue
1948 5006 2230 5062 differens
2259 5010 2351 5062 est
2371 5011 2427 5062 et
2453 5006 2734 5063 voluntas
2773 5012 2831 5063 et
2854 5006 3149 5079 operatio;
3194 5017 3449 5076 quorum

96 5104 224 5155 761a.
271 5087 379 5137 Καὶ
405 5086 465 5133 τὸ
524 5081 795 5155 ἀνάπαλιν,
830 5084 898 5136 ὧν
955 5087 985 5144 ἡ
1019 5085 1229 5148 θέλησις
1269 5091 1359 5139 καὶ
1408 5089 1437 5146 ἠ
1472 5086 1691 5163 ἐνέργεια

1859 5111 1944 5152 ero
1961 5095 2242 5152 differens
2258 5099 2347 5151 est
2371 5094 2652 5151 voluntas
2665 5100 2722 5151 et
2759 5095 3049 5168 operatio,
3077 5108 3285 5149 eorum
3307 5107 3454 5164 quo-

98 5174 300 5241 ἑαύτή,
329 5175 530 5226 τοὺνων
556 5177 647 5225 καὶ
684 5174 716 5231 ἠ
772 5173 931 5226 οὐσία
967 5176 997 5233 ἡ
1036 5175 1191 5234 αὐτὴ.
1252 5176 1319 5228 ὧν
1359 5173 1420 5230 δὲ
1450 5173 1693 5252 διάφορος

1858 5199 1922 5240 ne
1968 5183 2252 5240 differens
2300 5188 2389 5240 est
2444 5183 2721 5241 essentia.
2784 5184 2926 5240 Ideo
2977 5187 3033 5239 et
3080 5181 3141 5237 in
3172 5184 3339 5237 Patre
3396 5183 3453 5237 et

100 5265 125 5320 ἑ
163 5263 376 5323 θελησις
392 5266 485 5314 καὶ
512 5260 759 5334 ἐνέργεια,
784 5267 979 5316 τοὺτων
1009 5269 1101 5317 καὶ
1137 5266 1168 5323 ἡ
1193 5265 1353 5318 οὐσία
1395 5263 1646 5341 διάφορος
1679 5290 1692 5303 ι

1856 5273 1951 5329 ilio
1992 5278 2048 5329 et
2072 5272 2292 5344 Spiritu
2323 5278 2532 5329 sancto
2562 5289 2635 5329 ex
2663 5272 2982 5329 voluntatis
3004 5276 3060 5328 et
3087 5269 3451 5343 operationis

102 5348 174 5404 διὸ
202 5352 283 5406 ἐπὶ
353 5354 450 5424 μὲν
492 5354 699 5425 Πατρός
758 5357 850 5405 καὶ
887 5356 1013 5407 Tim)
1072 5358 1165 5407 καὶ
1207 5354 1365 5426 ἁγίου
1396 5360 1697 5428 Πνεύματος

1853 5361 2130 5427 tentitate,
2158 5367 2214 5417 et
2240 5367 2472 5418 naturas
2502 5362 2876 5418 identitatem
2933 5361 3344 5429 agnoscimus.
3380 5359 3448 5415 In

102 5440 147 5493 ἐκ
193 5450 288 5505 τῆς
337 5445 666 5502 ταύτότητος
715 5450 814 5504 τῆς
886 5442 1141 5519 ἐνεργείας
1191 5450 1281 5497 καὶ
1336 5453 1427 5497 τοῦ
1470 5445 1694 5519 θελήμα-

1854 5450 2007 5507 tvina
2037 5454 2242 5506 autem
2282 5450 2709 5506 incarnationis
2746 5448 3087 5506 oeconomia
3116 5464 3190 5504 ex
3235 5463 3449 5520 opera-

102 5553 171 5595 τες
225 5538 317 5589 καὶ
394 5540 495 5594 τήν
559 5541 862 5595 ταύτότητα
940 5543 1032 5597 τῆς
1082 5538 1284 5608 φύσεως
1344 5542 1690 5609 γινώσκομενο

1853 5554 2033 5595 onum
2060 5544 2118 5595 et
2144 5538 2525 5596 voluntatum
2563 5536 2916 5605 differentia,
2959 5541 3016 5593 et
3056 5541 3285 5594 natura;
3340 5534 3448 5591 dif-

103 5621 172 5676 ἒπὶ
201 5622 258 5679 δί
288 5635 389 5688 τῆς
450 5627 591 5688 θείας
642 5627 957 5700 οἰκονομίας,
1033 5624 1087 5679 ἐκ
1139 5635 1229 5687 τῆς
1296 5622 1554 5701 διαφορᾶς
1590 5635 1691 5680 τῶν

1853 5629 2111 5685 ςτοηῐὶδω
2136 5627 2513 5684 conﬁtemur.
2544 5628 2701 5682 Duas
2728 5640 2908 5698 porro
2963 5625 3302 5682 voluntates
3341 5639 3448 5678 na-

105 5712 337 5788 ἐιεργειὼν
396 5721 493 5771 καὶ
540 5725 641 5771 τῶν
691 5716 991 5791 θελημάτων
1041 5721 1131 5771 καὶ
1183 5721 1278 5777 τὴν
1329 5725 1426 5780 τῆς
1492 5720 1691 5790 φύσεως

1849 5733 2072 5775 Irarum
2097 5733 2226 5774 esse
2247 5717 2527 5783 dicimus,
2561 5731 2685 5771 non
2713 5713 3094 5788 personales;
3140 5727 3334 5785 neque
3356 5727 3444 5768 se-
