4040 6318
577 337 645 391 95
1874 333 2150 393 NICETIE
2190 329 2623 392 CHRONIATIE
3871 335 3960 389 96

573 459 957 531 parationem
984 462 1329 521 inducimus
1349 465 1722 531 naturarum,
1765 461 1871 517 sed
1918 460 2220 528 eamdem,

2342 453 2587 529 itapoprkv
2639 455 3105 530 ιἰὐνομολογόῦριεν⁸

577 547 723 603 etin
742 548 857 605 hac
887 553 1111 609 unione
1166 558 1521 609 naturarum
1571 551 1948 608 ostendimus
1990 564 2224 606 conser-

577 638 901 709 vationem,

654 821 705 874 6.
737 819 861 874 Hoc
885 820 1064 879 etiam
1098 821 1306 879 dicunt
1345 822 1514 896 quod
1555 822 1682 878 solo
1730 820 2028 893 passionis
2079 821 2224 874 tem—

576 921 744 977 pore,
784 909 1031 980 quando
1057 912 1221 984 quod
1251 912 1439 969 nostri
1464 911 1831 984 estperfecte
1881 910 1943 965 in
1990 923 2051 963 se
2079 905 2225 962 refe-

578 994 749 1051 rebat
773 997 1041 1055 Christus
1064 1006 1121 1056 et
1149 1002 1302 1058 mori
1344 1001 1663 1057 recusabat
1708 1004 1772 1055 ut
1814 1000 2020 1068 homo,
2069 996 2224 1052 duas

577 1084 913 1143 voluntates
960 1090 1183 1147 habere
1222 1091 1386 1147 visus
1431 1096 1536 1147 est.
1586 1089 1760 1157 Quod
1812 1093 1903 1144 est
1950 1087 2222 1143 inconse-

578 1188 770 1244 quens
802 1194 812 1231 :
847 1177 894 1232 si
925 1179 1084 1235 enim
1114 1185 1251 1236 tunc
1275 1180 1563 1250 habebat,
1591 1185 1645 1235 et
1665 1178 1743 1234 ab
1773 1177 1939 1234 initio
1960 1175 2226 1232 habebat

576 1278 650 1317 ex
665 1278 787 1336 quo
816 1265 1006 1323 factus
1028 1273 1116 1326 est
1142 1271 1349 1337 homo,
1377 1286 1573 1343 neque
1601 1269 1663 1325 id
1692 1284 1765 1324 ex
1818 1275 2084 1339 tempore
2123 1264 2225 1321 ha-

574 1350 722 1408 buit.
747 1356 801 1411 Si
827 1362 1027 1413 autem
1045 1358 1123 1414 ab
1153 1359 1322 1416 initio
1354 1375 1477 1416 non
1512 1359 1799 1430 habebat,
1834 1372 2031 1430 neque
2083 1360 2224 1411 tem-

578 1457 718 1513 pore
740 1446 1044 1516 passionis
1070 1449 1300 1516 habuit,
1331 1450 1438 1505 sed
1457 1450 1772 1505 horrorem
1791 1452 2020 1505 tantum
2044 1445 2226 1500 simu-

577 1528 741 1600 lavit,
773 1538 829 1589 et
847 1537 1068 1606 pariter
1114 1539 1282 1610 juxta
1327 1538 1459 1595 illos
1507 1543 1720 1595 cmtera
1761 1552 1870 1610 per
1908 1552 2045 1609 quEB
2100 1532 2224 1589 sal-

582 1620 700 1675 vati
716 1624 1259 1699 sumus,lacrymas
1275 1643 1511 1701 nempe,
1533 1627 1855 1691 orationes,
1882 1638 2221 1687 mcerorem,

582 1711 885 1781 agoniam,
906 1730 1165 1785 crucem,
1185 1722 1439 1773 mortem
1470 1722 1526 1773 et
1549 1716 1940 1788 sepulturam.
1979 1714 2224 1783 Figura-

579 1796 685 1853 bat
713 1800 871 1856 enim
910 1803 972 1858 in
1008 1805 1206 1878 seipso
1235 1806 1496 1879 perfecte
1539 1805 1709 1879 quod
1752 1803 1939 1860 nostri
1991 1806 2078 1857 est
2120 1816 2226 1873 per
2258 1812 2298 1865 Β

578 1889 911 1947 naturalem
933 1894 1268 1950 secundum
1288 1911 1399 1950 nos
1417 1894 1721 1967 agoniam,
1739 1897 1802 1948 ut
1824 1897 1880 1947 et
1899 1889 2086 1948 abilla
2115 1904 2227 1944 nos

577 1974 874 2049 liberaret,
898 1986 953 2038 et
978 1985 1232 2056 propriae
1261 1984 1455 2041 carnis
1477 1988 1706 2039 natura:
1758 1981 1942 2036 ﬁdem
1984 1979 2223 2045 faceret,

578 2072 632 2121 et
651 2071 1051 2127 oeconomiam
1074 2073 1151 2129 ab
1183 2073 1347 2129 omni
1373 2071 1986 2145 phantasia‘alienam
2035 2067 2229 2124 efﬁce—

577 2158 692 2222 ret;
716 2159 1236 2229 quemadmodum
1268 2180 1391 2218 suae
1431 2164 1709 2219 humanae
1736 2159 2054 2216 voluntatis
2087 2174 2226 2213 cum

577 2247 823 2316 propria
867 2250 961 2304 sui
993 2252 1182 2324 ipsius
1216 2253 1529 2325 Patrisque
1577 2251 1885 2308 voluntate
1929 2249 2227 2306 cohaeren-

578 2334 728 2391 tiam
754 2342 810 2392 et
839 2339 1147 2407 unionem,
1174 2341 1236 2396 id
1279 2347 1546 2396 statuens
1575 2345 1630 2396 et
1654 2340 1860 2396 dicens
1884 2356 1895 2394 :
1940 2341 2066 2394 Non
2092 2352 2226 2391 mea

577 2422 878 2497 voluntas,
912 2428 1017 2484 sed
1045 2434 1149 2486 tua
1170 2430 1275 2486 ﬁat
1301 2432 1341 2485 ⁸.
1375 2451 1404 2479 ››

927 2591 1071 2649 Alia
1099 2593 1517 2649 Armeniorum
1542 2592 1882 2662 propositio.

649 2717 702 2766 7.
745 2713 803 2770 Si
841 2714 1225 2774 indivisibilis
1290 2723 1383 2775 est
1431 2718 1716 2783 Christus,
1778 2714 2225 2772 indivisibilium

575 2815 720 2857 vero
751 2819 872 2861 una
898 2810 989 2862 est
1007 2809 1277 2881 operatio
1327 2813 1385 2865 et
1411 2808 1718 2875 voluntas,
1749 2805 2060 2879 quomodo
2104 2819 2229 2860 non

574 2894 637 3037 (ei:
653 2890 729 2948 de
771 2893 1002 2953 Christo
1050 2913 1238 2955 unam
1285 2898 1699 2971 operationem
1742 2896 1806 2952 in
1856 2894 2230 2953 voluntatem

623 2979 888 3040 'cemus?

1213 3097 1557 3167 Responsio.

647 3216 800 3274 Nihil
829 3221 1219 3283 naturalium.
1267 3223 1329 3278 in
1370 3227 1671 3296 quantum
1728 3223 1823 3277 est
1861 3215 2230 3275 indivisibile

578 3312 754 3373 certe,
777 3309 880 3363 sed
903 3326 1012 3381 pro
1032 3311 1607 3385 hujusindivisibilis
1630 3315 1845 3367 natura
1881 3314 1937 3365 et
1970 3306 2232 3362 essentia

579 3393 980 3453 diﬁ‘erentiam
1024 3400 1227 3456 habet.
1281 3400 1515 3457 Naturis
1559 3401 1720 3455 enim
1769 3414 1892 3454 non
1948 3396 2232 3452 exsisten-

580 3484 762 3548 tibus,
814 3490 1117 3545 evanescit
1163 3506 1408 3562 quoque
1462 3489 1711 3545 omnino
1785 3486 1954 3558 quod
2001 3482 2231 3540 naturis

581 3579 839 3641 constat,
875 3579 1275 3649 compositam
1311 3578 1689 3651 hypostasim
1736 3577 1892 3631 dico.
1940 3575 1996 3629 Si
2026 3578 2229 3629 autem

583 3666 982 3736 compositam
1032 3668 1245 3723 Christi
1309 3668 1693 3741 hypostasim
1743 3664 2101 3721 conﬁtemur
2151 3662 2230 3717 ad

581 3770 767 3826 quam
797 3756 1099 3827 attollitur,
1141 3764 1196 3814 et
1223 3759 1660 3815 contrariorum
1713 3762 1768 3812 et
1812 3753 2229 3828 oppositorum

581 3859 776 3916 capax
794 3845 933 3901 erit:
957 3847 1227 3903 mortalis
1259 3848 1419 3904 enim
1452 3854 1509 3903 et
1546 3845 1925 3911 immortalis,
1976 3841 2227 3898 visnbilis

580 3936 635 3987 et
680 3932 1015 4004 invisibilis,
1066 3936 1235 3994 ﬁnita
1282 3942 1339 3993 et
1386 3936 1639 4001 inﬁnita,
1689 3934 1856 3989 initio
1904 3947 2115 3987 carens
2171 3936 2227 3985 et

577 4019 814 4078 initium
838 4023 1090 4081 habens.
1126 4026 1347 4099 Duplex
1370 4041 1610 4098 quoque
1652 4039 1879 4092 eorum,
1934 4026 2000 4077 ut
2032 4020 2220 4085 decet,

578 4110 687 4164 erit
715 4113 1014 4183 operatio;
1047 4119 1104 4171 et
1129 4115 1295 4171 aliter
1325 4121 1455 4171 utra
1485 4120 1702 4171 natura
1735 4112 1971 4183 absque
2010 4123 2220 4181 opera—

576 4197 738 4254 tione
763 4206 937 4268 esset,
991 4203 1087 4258 vel
1129 4209 1290 4261 extra
1336 4204 1676 4261 naturalem
1726 4219 1899 4259 suam
1929 4198 2223 4273 operatio-

578 4302 718 4342 nem
741 4289 770 4344 ?
800 4290 1117 4354 Quomodo
1156 4299 1358 4349 autem
1378 4293 1667 4366 possibile
1688 4298 1777 4347 est
1819 4296 1885 4346 ut
1933 4287 2224 4346 naturalis

578 4377 913 4433 secundum
951 4395 1194 4437 carnem
1217 4383 1449 4438 virtutis
1477 4399 1690 4454 expers
1739 4380 1997 4436 Verbum
2034 4378 2226 4433 incar-

578 4468 791 4519 natum
808 4466 1117 4524 hominem
1134 4470 1459 4542 perfectum
1476 4486 1545 4525 ac
1562 4466 2225 4540 simpliciterhominem

582 4554 852 4626 seipsum
881 4559 1202 4614 nominet?
1223 4563 1352 4615 Non
1375 4559 1534 4614 enim
1565 4564 1652 4614 est
1699 4558 1930 4628 absque
1970 4554 2224 4611 naturali

581 4644 929 4714 operatione
953 4646 1161 4705 homo.
1190 4648 1276 4703 Ad
1293 4649 1429 4713 hoc,
1459 4662 1655 4719 neque
1682 4644 2059 4701 indivisibilis
2090 4661 2228 4716 pro-

581 4732 708 4805 prie
737 4732 952 4791 dicitur
978 4735 1040 4791 in
1071 4736 1299 4793 Christo
1327 4736 1669 4809 composita
1688 4750 1968 4808 persona.
1994 4733 2229 4790 Nullam

582 4822 744 4878 enim
768 4823 1121 4881 relationem
1147 4826 1328 4882 habet
1347 4827 1425 4882 ad
1451 4841 1586 4881 eam
1619 4824 1979 4881 divisionem
1993 4838 2129 4895 quae
2157 4839 2230 4878 ex

580 4913 984 4971 remotissimo
1008 4930 1223 4985 genere
1244 4932 1353 4988 per
1378 4930 1599 4986 genera
1646 4915 1800 4970 inter
1849 4929 1911 4967 se
1958 4913 2231 4984 subjecta

584 5001 663 5057 ad
714 5004 1295 5077 propinquissimam
1339 5005 1602 5077 speciem
1652 5002 1920 5076 pervenit
1946 5002 2008 5058 in
2037 5018 2229 5074 eaque

584 5093 895 5164 proprium
925 5109 1312 5165 progressum
1340 5093 1771 5151 circumscribit

654 5181 707 5235 8.
733 5181 875 5238 Ideo
898 5182 1072 5254 juxta
1101 5183 1616 5256 sapientissimum
1667 5181 1953 5255 Cyrillum
2006 5196 2230 5237 nomen

587 5268 864 5327 Christus
901 5288 1024 5328 non
1054 5273 1177 5328 vim
1217 5273 1576 5329 deﬁnitionis
1620 5272 1820 5328 habet.
1895 5274 2023 5326 Non
2066 5271 2230 5326 enim

588 5363 677 5415 est
705 5361 932 5431 species
960 5361 1035 5416 de
1073 5360 1276 5418 multis
1302 5377 1555 5417 numero
1593 5361 1842 5416 diversis
1884 5360 2229 5432 praedicata,

587 5463 785 5521 neque
820 5449 1084 5522 aliquam
1135 5450 1389 5523 alicujus
1419 5450 1741 5506 essentiam
1792 5448 2084 5505 ostendit:
2110 5464 2234 5504 non

588 5541 751 5596 enim
777 5540 1005 5613 aliquid
1031 5540 1399 5598 indivisibile
1415 5545 1504 5597 est
1525 5540 1604 5598 ad
1632 5539 1894 5612 speciem
1918 5542 2024 5595 aut
2045 5552 2236 5608 genus

663 5712 684 5746 ⁶
716 5712 852 5767 Luc.
894 5726 1025 5779 xxn,
1039 5714 1106 5767 42
1120 5754 1133 5767 .

3187 458 3255 511 τὰ
3301 461 3476 530 μέντοι
3533 454 3631 510 δύο
3664 456 3963 530 θελήματα

2896 548 3002 619 οὐχ
3067 549 3415 601 ύποστατικιί·
3514 545 3639 601 οὐδὲ
3666 545 3957 619 διαίρεσιν

2333 636 2606 707 εἰσάγομεν
2671 644 2771 686 τῶν
2828 639 3047 709 φύσεων,
3107 636 3236 689 ἀλλὰ
3304 641 3398 695 τὴν
3475 636 3655 709 αὐτὴν,
3711 637 3809 688 κᾶν
3874 644 3953 708 τῇ

2333 547 2532 619 φυσικοί
2620 567 2800 619 φαμεν,

2334 724 2508 777 ἑνώσει
2539 720 2797 797 δηλοῦμεν
2828 730 3054 798 φυσικὴν
3085 730 3428 801 συντήρησιν.

2404 834 2471 878 ς’.
2521 812 2636 866 Ἐτι
2685 819 2838 866 τοῦτό
2892 820 3067 886 φασίν,
3124 817 3192 876 ὡς
3223 813 3271 867 ἐν
3328 822 3400 886 τῷ
3431 821 3598 890 καιρῷ
3649 819 3790 886 μόνῳ
3839 819 3953 866 τοῦ

2331 903 2547 970 πάθους,
2606 905 2763 961 ἡνίκα
2814 907 2874 956 τὸ
2915 906 3159 979 ἡμέτερον
3208 904 3396 957 ἐτύπου
3450 912 3834 978 πραγματικῶς
3891 903 3952 954 ἐν

3572 995 3785 1046 θάνατον
3864 994 3914 1043 ὡ
3926 1013 3952 1055 ς

2332 1081 2617 1154 ἄνθρωπος,
2682 1079 2778 1134 δύο
2824 1081 3084 1155 θελήματα
3135 1086 3271 1154 ἔχων
3312 1080 3593 1138 ἐδείκνυτο.
3661 1090 3827 1136 Τοῦτο
3878 1078 3952 1134 δὲ

2331 1173 2538 1224 ἄτοπον·
2595 1171 2639 1222 εἰ
2683 1174 2771 1243 μὲν
2814 1175 2914 1247 γὰρ
2970 1170 3083 1244 εἶχε
3140 1177 3274 1239 τότε,
3321 1178 3411 1226 καὶ
3464 1171 3551 1225 ἀπ’
3585 1171 3756 1246 ἀρχῆς
3790 1168 3951 1243 εἶχεν

2331 1261 2384 1324 ἐξ
2413 1257 2471 1313 οὖ
2501 1265 2702 1333 γέγονεν
2732 1263 3021 1335 ἄνθρωπος,
3057 1261 3281 1335 ἀλλὀὐχ
3332 1263 3547 1336 ὕστερον
3594 1258 3949 1334 ἐσχεδίασεν.

2332 1350 2375 1403 εἰ
2422 1347 2481 1403 δὲ
2534 1348 2621 1402 ἀπ’
2671 1349 2847 1425 ἀρχῆς
2903 1352 2998 1404 οὐκ
3055 1359 3217 1424 εῖχεν,
3268 1349 3394 1405 οὐδὲ
3439 1355 3573 1404 κατὰ
3620 1370 3708 1403 τον
3744 1354 3948 1425 καιρόν

2331 1439 2443 1512 εἶχε
2498 1448 2590 1492 τοῦ
2634 1442 2855 1507 πάθους,
2904 1440 3031 1494 ἀλλὰ
3084 1447 3237 1514 μόνον
3292 1441 3546 1514 ἐφάντασε
3594 1446 3689 1499 τὴν
3739 1444 3954 1514 παραί-

2330 1548 2506 1587 τησιν⁹
2551 1529 2666 1581 κατ’
2726 1530 2912 1591 αὐτούς
2970 1527 3030 1583 δὲ
3076 1536 3165 1583 καὶ
3222 1533 3288 1583 τὰ
3322 1531 3479 1584 λοιπὰ
3536 1528 3608 1583 δι’
3663 1531 3729 1581 ὧν
3762 1536 3949 1582 σεσώ-

2332 992 2497 1063 ἑαυτῷ
2555 994 2580 1043 ὁ
2635 997 2866 1066 Χριστὸς
2921 999 3011 1047 καὶ
3062 1002 3345 1068 παρῃτεῖτο
3395 997 3481 1045 τόν

2334 1620 2519 1691 σμεθα,
2579 1619 2683 1671 οἷον
2740 1622 2800 1672 1'6
2834 1616 3085 1693 δάκρυον,
3138 1625 3232 1679 τὴν
3281 1621 3468 1693 εὐχὴν,
3499 1624 3592 1679 τὴν
3616 1618 3807 1688 λύπην,
3838 1623 3949 1676 τὴν

2333 1706 2578 1779 ἀγωνίαν,
2638 1712 2724 1760 τὸν
2758 1713 3005 1782 σταυρὸν,
3044 1713 3127 1762 τόν
3171 1712 3409 1778 θάνατον,
3462 1715 3552 1762 καὶ
3597 1714 3690 1768 τὴν
3735 1714 3944 1781 ταφὴν·

2333 1796 2520 1850 ἐτύπου
2594 1801 2695 1872 γὰρ
2772 1799 2823 1850 ἐν
2890 1799 3054 1870 ἑαυτῷ
3108 1808 3481 1875 πραγματικῶς
3554 1802 3613 1851 1'6
3684 1800 3945 1872 ἡμέτερον

2335 1882 2430 1938 διὰ
2500 1894 2596 1947 τῆς
2684 1895 2910 1959 φυσικῆς
2994 1891 3121 1961 πρός
3182 1891 3321 1960 ἡμᾶς
3386 1886 3630 1959 ἀγωνίας,
3693 1888 3776 1938 ἱνα
3840 1891 3945 1938 καὶ

2333 1977 2524 2037 ταύτης
2575 1978 2712 2048 ἡμᾶς
2761 1974 3098 2051 ἐλευθερώσῃ,
3162 1982 3252 2029 καὶ
3299 1986 3396 2038 τῆς
3468 1976 3663 2036 οἰκείας
3738 1979 3950 2050 σαρκός

2334 2070 2427 2122 τήν
2473 2068 2628 2137 φύσιν
2667 2071 3024 2133 πιστώσηται,
3055 2071 3145 2118 καὶ
3201 2071 3294 2124 τὴν
3347 2066 3641 2139 οἰκονομίαν
3695 2067 3946 2138 καθαράν

2335 2157 2512 2215 πάσης
2581 2162 2867 2228 φαντασίας
2934 2154 3245 2230 ἐργάσηται·
3342 2158 3513 2230 ὥσπερ
3599 2159 3690 2213 τὴν
3769 2153 3947 2226 ἄκραν

2335 2251 2426 2295 τοῦ
2473 2243 2589 2296 κατ’
2636 2244 2791 2296 αὐτόν
2838 2243 3165 2319 ἀνθρωπικοῡ
3206 2248 3338 2319 πρός
3402 2249 3461 2297 τό
3527 2244 3714 2296 οἰκεῖον
3770 2243 3945 2295 αὐτοῦ

2336 2337 2427 2384 καὶ
2510 2337 2763 2406 πατρικὸν
2856 2333 3053 2406 θέλημα
3138 2336 3402 2406 συμφυΐαν
3464 2339 3553 2385 καὶ
3591 2334 3790 2401 ἕνωσιν,
3860 2340 3943 2402 τῷ

2337 2421 2616 2496 ἐπικρίνειν
2655 2431 2807 2475 τοῦτο
2862 2428 2953 2475 καὶ
3031 2426 3263 2496 φάσκειν·
3340 2427 3425 2481 Μὴ
3486 2426 3544 2475 τὸ
3620 2420 3760 2495 ἐμὸν,
3806 2418 3948 2474 ἀλλὰ

2334 2514 2393 2563 τό
2427 2515 2516 2564 σόν
2536 2514 2759 2585 γενέσθω
2791 2513 3007 2586 θέλημα.
3640 2510 3648 2517 ’

2646 2600 2849 2675 Ἕτερον
2892 2601 3170 2675 πρόϐλημα
3198 2608 3297 2654 τῶν
3329 2602 3631 2675 Ἀρμενίων.

2408 2688 2471 2750 ζ’.
2522 2690 2584 2743 Εἰ
2652 2692 2842 2764 ἄτομος
2896 2693 2920 2743 ό
2978 2694 3224 2767 Χριστός,
3301 2699 3397 2743 τῶν
3454 2687 3513 2743 δὲ
3586 2688 3788 2763 ἀτόμων
3839 2695 3949 2762 μίοι

2336 2776 2562 2854 ἐνέργεια
2617 2785 2703 2832 και
2756 2780 2984 2852 θελησις,
3038 2789 3146 2842 πῶς
3200 2779 3327 2852 οὐχὶ
3383 2786 3473 2834 καὶ
3543 2780 3628 2833 ἐπὶ
3696 2786 3945 2854 Χριστοῦ

2336 2874 2460 2942 μίαν
2490 2868 2743 2942 ἐνέργειαν
2766 2876 2856 2923 καὶ
2887 2870 3094 2929 θέλησιν
3126 2872 3344 2943 εἴπωμεν
3368 2886 3383 2938 ;

2977 3085 3264 3148 Ἀντίθεσις
3278 3127 3291 3140 .

2413 3208 2580 3264 Οὐδὲν
2635 3219 2735 3263 τῶν
2766 3218 2998 3283 φυσικῶν
3047 3210 3118 3273 εἰς
3169 3213 3227 3262 τό
3283 3210 3473 3282 ἄτομον
3513 3212 3942 3282 προηγουμένως,

2341 3299 2448 3352 ἀλλ’
2514 3301 2580 3361 εἰς
2622 3304 2716 3359 τὴν
2771 3303 2957 3352 τούτου
3001 3303 3155 3372 φύσιν
3229 3305 3320 3352 καὶ
3399 3299 3581 3351 οὐσίαν
3659 3297 3771 3370 ἔχει
3841 3303 3946 3356 τὴν

2341 3387 2617 3465 διαφοράν
2660 3393 2858 3462 φύσεων
2903 3392 3006 3462 γὰρ
3067 3389 3160 3441 οὐκ
3205 3388 3392 3455 ούσῶν,
3439 3392 3615 3440 καὶτὸ
3666 3386 3719 3450 ἐξ
3767 3387 3952 3440 αὐτῶν

2341 3476 2645 3550 ἀφανίζεται
2722 3481 2942 3546 παντως,
2993 3479 3023 3536 ἡ
3075 3479 3332 3545 σύνθετος,
3417 3476 3566 3548 λέγω,
3618 3477 3951 3538 ὑπόστασις,

2338 3567 2399 3619 Εἰ
2426 3564 2484 3620 δὲ
2516 3569 2757 3627 σύνθετος
2800 3569 2830 3624 ἡ
2860 3566 3151 3627 ὑπόστασις
3185 3566 3516 3640 ὡμολόγηται
3561 3572 3655 3617 τοῦ
3700 3570 3953 3638 Χριστοῦ

2338 3659 2464 3728 πρὸς
2530 3654 2590 3713 ἢν
2648 3654 2974 3729 ἀναφέρεται,
3033 3660 3124 3707 καὶ
3158 3653 3373 3713 δεκτικὴ
3424 3663 3523 3706 τῶν
3555 3652 3792 3706 ἐναντίων
3844 3660 3954 3707 καὶ

2340 3743 2906 3817 ἀντικειμένωνοθνητὴ
2964 3747 3063 3818 γὰρ
3117 3750 3207 3796 καὶ
3256 3743 3531 3812 ἀθάνατος,
3609 3744 3767 3817 ὁρατὴ
3844 3748 3952 3797 καὶ

2335 3833 2576 3904 ἀόρατος,
2643 3838 2969 3906 περιγραπτὴ
3051 3839 3141 3886 καὶ
3207 3831 3611 3909 ἀπερίγραπτος,
3700 3830 3951 3904 ἀναρχος

2334 3926 2424 3974 καὶ
2472 3920 2556 3974 ὑπ’
2610 3920 2798 3997 ἀρχὴν·
2854 3919 3014 3981 διπλῆ
3084 3925 3279 3975 τούτων
3344 3924 3479 3975 κατὰ
3542 3924 3602 3973 1'6
3664 3920 3794 3981 εἰκός
3840 3927 3945 3975 καὶ

2334 4013 2363 4068 ἡ
2420 4012 2642 4083 ἐνέργεια
2695 4013 2861 4063 ἔσται’
2937 4016 3026 4064 καὶ
3082 4011 3245 4072 ἄλλως
3294 4008 3353 4064 δὲ
3395 4016 3473 4071 τίς
3526 4013 3681 4083 φύσις
3729 4008 3940 4085 ἆνενέρ-

2331 4118 2514 4171 γητος,
2586 4101 2616 4158 ἦ
2682 4108 2911 4172 φυσικῆς
2970 4099 3223 4176 ὼεργείας
3302 4100 3482 4168 ἑκτός;
3537 4106 3648 4160 Πῶς
3716 4096 3775 4151 δὲ
3838 4108 3940 4155 καὶ

2333 4186 2554 4250 δυνατός
2608 4187 2926 4263 ἀμοιροῦντα
2976 4199 3201 4262 φυσικῆς
3252 4186 3520 4262 δυνάμεως
3579 4192 3715 4241 κατὰ
3758 4190 3943 4263 σάρκα

2329 4281 2415 4329 τὸν
2446 4276 2911 4353 ἐνανθρωπησαντα
2949 4284 3115 4350 Λόγον
3164 4281 3431 4355 ἄνθρωπον
3494 4278 3679 4331 τέλειον
3721 4279 3750 4338 ἡ
3804 4277 3942 4341 ὅλως

2331 4368 2600 4440 ἄνθρωπον
2678 4372 3058 4444 χρηματίρειν,
3137 4366 3278 4422 Οὐδὲ
3350 4371 3451 4443 γὰρ
3502 4365 3643 4440 δίχα
3704 4376 3943 4439 φυσικῆς

2334 4456 2587 4533 ἐνεργείας
2617 4458 2958 4534 όᾶνθρωπος·
3010 4463 3141 4533 πρὸς
3172 4456 3230 4512 δὲ
3284 4462 3505 4528 τούτοις,
3564 4455 3687 4510 οὐδὲ
3738 4456 3941 4531 ἄτομον

2336 4552 2525 4622 κυρίως
2575 4547 2773 4620 λέγεται
2839 4551 2897 4600 τὸ
2953 4568 3090 4601 κατα
3155 4551 3387 4624 Χριστόν
3468 4548 3706 4600 σύνθετον
3767 4553 3945 4622 πρόσ-

2340 4654 2495 4689 ωπον’
2554 4637 2611 4689 ού
2668 4641 2769 4711 γὰρ
2822 4641 3011 4709 σχέσιν
3061 4640 3326 4713 ἔχειπρός
3365 4641 3459 4696 την
3491 4637 3548 4689 ἐκ
3594 4643 3686 4689 τοῦ
3725 4654 3946 4707 γενικω-

2339 4727 2499 4778 τάτου
2541 4730 2720 4798 γένους
2762 4724 2856 4779 ὃιὰ
2901 4735 3000 4779 τῶν
3058 4726 3144 4780 ὑπ’
3186 4726 3380 4785 ἄλληλα
3436 4727 3748 4798 καθιεμένων
3781 4735 3944 4798 γενῶν

2339 4819 2470 4888 πρός
2497 4819 2553 4869 τό
2580 4813 2918 4869 εἰδικώτατον
2956 4812 3091 4877 εἶδος
3122 4813 3384 4891 διαίρεσιν
3413 4820 3503 4869 καὶ
3564 4813 3611 4867 ἐν
3661 4814 3801 4885 αὐτῷ
3840 4822 3944 4875 τὴν

2339 4906 2534 4960 οἰκείαν
2556 4903 2781 4981 πρόοδον
2807 4908 3254 4982 περιγράφουσαν.

2413 5176 2477 5236 η’.
2547 5180 2643 5230 Διά
2698 5184 2874 5243 τοῦτο,
2937 5178 3072 5228 κατὰ
3136 5179 3223 5228 τὸν
3293 5180 3588 5248 σοφώτατον
3664 5173 3944 5247 Κύριλλον,

2340 5270 2399 5319 τό
2439 5269 2669 5339 Χριστός
2715 5270 2876 5338 ὄνομα
2909 5265 3025 5318 οὒτε
3078 5269 3223 5338 ὅρου
3255 5261 3477 5337 δύναμιν
3525 5263 3660 5336 ἔχει·
3727 5263 3787 5315 ού
3838 5268 3947 5340 γὰρ

2344 5353 2485 5417 εἶδός
2532 5355 2645 5408 ἐστι
2688 5356 2883 5408 πολλῶν
2947 5355 3152 5429 ἀριθμῷ
3221 5352 3568 5427 διαφερόντων
3602 5358 3949 5426 κατηγορού-

2344 5467 2512 5522 μενον,
2556 5446 2672 5499 οὒτε
2750 5452 2853 5519 μὴν
2901 5453 2992 5506 τήν
3051 5465 3190 5506 τινος
3277 5445 3461 5497 ουσίαν
3506 5442 3676 5501 δηλοῖ*
3726 5442 3785 5494 ού
3841 5447 3951 5519 γὰρ

2345 5536 2536 5608 ἄτομον
2574 5541 2704 5610 πρός
2739 5533 2879 5598 εἶδος
2934 5537 2963 5595 ἡ
3022 5540 3161 5607 γένος
3201 5532 3447 5607 ἀγόμενον
3507 5534 3536 5592 ἦ
3579 5532 3689 5584 κατ’
3755 5530 3954 5585 οὐσίαν
