4040 6318
111 345 171 396 97
1440 341 1785 397 THESAURI
1826 342 1953 397 LIB.
1993 342 2146 397 XVII.
3413 355 3483 408 93

112 468 198 517 ὑπὸ
255 466 465 518 τούτων
534 470 974 541 περιγραφόμενον
1005 510 1025 536 ,ν
1079 465 1187 519 ἀλλ’
1244 467 1533 525 ὑπόστασις
1596 468 1718 517 σύν-

1861 465 2143 522 eductum
2173 470 2277 522 aut
2313 467 2648 524 secundum
2707 472 3028 529 essentiam
3077 473 3189 529 sub
3226 474 3339 530 illis
3372 474 3477 530 cir-

112 557 240 615 όετος
270 560 371 613 τὴν
416 560 654 628 φυσικὴν
722 564 822 608 τῶν
888 558 1060 631 ἄκρων
1132 553 1390 628 διαίρεσιν
1447 554 1494 607 ἐν
1562 554 1715 627 ἑαυτῇ

109 646 369 719 κατάκρας
435 649 788 711 ταυτίζουσα,
848 651 937 698 καὶ
976 646 1047 708 εὶς
1113 647 1161 697 ἓν
1228 647 1435 716 ἄγουσα
1621 652 1720 695 τῶν

106 734 304 785 οἰκείων
376 734 567 787 ἐνὼσει
656 744 823 810 μερῶν
874 754 885 764 ·
943 734 1053 788 ἐπεὶ
1120 731 1242 787 οὐδὲ

106 822 257 873 αὖε-όν
316 825 481 894 φύσει
511 826 634 875 Θεὸν
693 827 815 875 ὄντα
844 827 932 875 καὶ
960 825 1227 896 ἄνθρωπον
1282 818 1718 894 διαγινώσκομεν,

943 734 1053 788 ἐπεὶ
1120 734 1242 787 ουδὲ
1332 734 1569 807 ἑτέρωθεν
1636 736 1720 784 τὸν

106 914 132 966 ἦ
166 908 222 961 ἐκ
261 918 370 961 τῶν
456 912 636 972 Θεῑκὼς
692 911 805 984 ἃμα
856 916 946 965 καὶ
1000 914 1333 984 ἀνθρωπικῶς
1396 928 1726 983 χαρακτηρι-

110 1000 302 1059 ζὸντων
372 1000 540 1052 αὐτὸν
606 1000 841 1073 ἐμφύτων
919 998 1214 1073 ἰδιωμάτων
1289 1009 1383 1062 τῆς
1456 1019 1510 1052 τε
1585 1002 1724 1059 θείας

110 1088 376 1150 Gallicam;
432 1094 526 1142 καὶ
593 1088 849 1163 ἐνεργείας
879 1133 894 1159 ,
960 1095 1050 1143 καὶ
1112 1098 1208 1152 τῆς
1260 1089 1586 1163 ἁνθρωπικῆς
1632 1094 1723 1140 τοῦ

109 1177 268 1228 αὐτοῦ
336 1176 598 1238 θελήσεως
631 1195 645 1208 ·
686 1176 769 1240 αἷς
820 1183 910 1231 καὶ
961 1176 995 1230 δ
1001 1181 1035 1231 ι’
1071 1179 1140 1230 ὧν
1171 1181 1197 1232 ὅ
1241 1177 1301 1238 ἦν
1331 1184 1420 1231 καὶ
1450 1181 1475 1231 6
1500 1183 1723 1251 γέγονεν,

110 1266 479 1339 ἐπεσφρεὲγιζε
535 1283 548 1296 ·
619 1270 1030 1341 θαυματουργὼν
1103 1271 1193 1341 μὲν
1258 1271 1383 1343 ὑπὲρ
1451 1271 1589 1340 ἡμᾶς
1664 1270 1727 1326 ὡς

109 1359 239 1417 Θεὸς
274 1400 291 1425 ,
354 1358 592 1429 πάσχων
648 1353 707 1409 δὲ
768 1354 843 1409 δι’
892 1359 1027 1430 ἡμᾶς
1069 1359 1095 1410 6
1147 1359 1305 1419 αὐτὸς
1370 1360 1621 1419 ἑκουσίως
1660 1358 1729 1418 ὡς

108 1447 391 1519 οἱνθρωπος
466 1461 480 1475 ·
550 1451 641 1499 καὶ
704 1453 793 1498 νῦν
866 1450 956 1519 μεν
1024 1449 1366 1520 φθεγγόμενος
1438 1450 1569 1521 πρὸς
1640 1448 1727 1498 τὸν

110 1534 372 1587 Φίλιππον
417 1551 437 1566 ⁴
496 1535 573 1587 Ού
638 1538 902 1598 πιστεύεις
966 1534 1048 1588 ὁτι
1112 1536 1209 1609 ἐγὼ
1266 1536 1314 1588 ἐν
1389 1544 1460 1607 τῷ
1538 1540 1727 1609 Πατρὶ,

109 1627 195 1675 καὶ
274 1625 304 1674 6
386 1628 576 1698 Πατὴρ
649 1623 699 1676 ἐν
774 1624 933 1698 ἐμοί;
991 1630 1129 1693 καὶ,
1195 1625 1253 1678 Ὀ
1329 1625 1568 1700 ἑωρακὼς
1643 1624 1729 1698 ἐμὲ

111 1712 314 1786 ἑώρακε
382 1716 477 1766 τὸν
545 1717 792 1788 Πατέρα·
852 1719 978 1787 καὶ,
1040 1715 1171 1786 Ἐγὼ
1229 1720 1316 1768 καὶ
1360 1717 1385 1766 ὁ
1444 1719 1624 1789 Πατὴρ
1679 1715 1727 1767 ἓν

110 1802 265 1875 ἐσμεν
301 1844 319 1857 .

111 1894 161 1953 ὃς
187 1897 291 1951 τὴν
325 1891 581 1951 ἀλήθειαν
608 1891 868 1952 λελάληκα
890 1895 1012 1966 ὑμῖν
1037 1913 1050 1962 ;

519 1998 704 2073 Ἑτέρα
743 1999 999 2062 ἀντίθεσις
1037 2001 1336 2074 Ἀρμενίων.

185 2107 251 2163 θ’.
296 2113 414 2161 Πᾶν
482 2106 835 2183 ἑτεροκίνητον
892 2107 1261 2182 ἆνενέργητον·
1303 2111 1332 2167 ἡ
1393 2116 1485 2161 τοῦ
1536 2114 1730 2183 Κυρίου

110 2201 296 2249 τοίνυν
326 2195 468 2270 σάρξ
504 2199 604 2250 ὑπὸ
632 2205 726 2250 τοῦ
766 2197 1029 2259 ἐνωθέντος
1073 2198 1204 2270 αὐτῇ
1252 2202 1427 2271 Λόγου
1456 2205 1728 2273 κινουμένη

113 2285 468 2360 ἰενενέργητος
499 2282 580 2345 ἦν.

418 2394 709 2457 Ἀντίθεσις
739 2399 831 2448 καὶ
856 2393 1110 2467 ἀπολογία
1128 2399 1257 2471 πρὸς
1272 2404 1446 2455 τοῦτο.

1830 554 2283 626 cumscriptum,
2303 555 2407 611 scd
2432 555 2773 627 hypostasis
2796 562 3132 633 composita
3146 562 3482 619 naturalem

1831 648 2235 698 extremorum
2316 643 2673 700 divisionem
2738 649 2797 702 in
2862 665 2923 703 se
2976 651 3376 709 commiscens
3428 653 3484 706 et

1830 730 2232 793 identiﬁcans,
2265 736 2319 787 et
2358 732 2415 786 in
2460 749 2649 789 unum
2710 751 2896 805 agens
2928 741 3309 811 propriarum
3348 756 3482 812 par-

1833 820 1978 875 tium
2029 820 2413 889 adunatione,
2445 824 2734 894 quoniam
2779 841 2889 881 nec
2928 826 3169 883 aliunde
3198 828 3481 887 eumdem

1832 914 2049 965 natura
2078 912 2262 964 Deum
2287 915 2343 965 et
2372 910 2681 979 hominem
2698 916 3087 983 agnoscimus
3112 933 3297 990 quam
3318 934 3389 973 ex
3406 917 3479 973 iis

1834 1014 1970 1070 quae
1995 999 2191 1053 divine
2218 1003 2272 1054 et
2310 999 2574 1056 humane
2626 1002 2805 1058 simul
2835 1021 2974 1060 eum
3018 1006 3278 1078 signant,
3308 1007 3482 1063 inna-

1836 1084 1907 1138 tis
1943 1082 2408 1156 proprietatibus
2463 1085 2679 1142 divinae
2726 1087 3047 1146 voluntatis
3092 1091 3480 1163 operationis-

1834 1188 1952 1244 que
2005 1176 2062 1228 et
2106 1171 2391 1229 humanae
2436 1174 2566 1245 ejus
2612 1175 2952 1234 voluntatis.
2988 1179 3214 1245 Quibus
3280 1184 3336 1236 et
3378 1194 3484 1252 per

1834 1277 1991 1334 quas
2021 1261 2185 1333 quod
2212 1267 2337 1318 erat
2357 1268 2413 1317 et
2437 1264 2603 1335 quod
2633 1264 2827 1320 factus
2855 1271 2946 1322 est
2985 1267 3277 1339 signavit;
3311 1269 3484 1324 mira-

1838 1350 1972 1406 cula
2008 1350 2256 1423 quidem
2287 1367 2474 1423 supra
2492 1368 2602 1407 nos
2632 1369 2893 1425 operans
2934 1361 2999 1412 ut
3036 1361 3209 1424 Deus,
3251 1357 3485 1430 patiens

1837 1448 2039 1496 autem
2081 1445 2327 1513 propter
2363 1457 2476 1497 nos
2509 1442 2835 1500 voluntarie
2876 1449 2939 1502 ut
2974 1446 3178 1503 homo.
3215 1450 3281 1503 Et
3322 1462 3486 1503 nunc

1837 1529 2082 1601 quidem
2112 1530 2382 1603 Philippo
2416 1530 2658 1587 dicens:
2685 1554 2713 1581 ‹‹
2738 1535 2864 1589 Non
2901 1535 3092 1590 credis
3123 1536 3265 1608 quia
3291 1551 3401 1607 ego
3423 1536 3486 1591 in

1838 1621 2005 1674 Patre
2046 1623 2102 1674 et
2124 1621 2292 1674 Pater
2314 1620 2374 1674 in
2406 1636 2501 1676 me
2523 1622 2541 1654 ⁷
2562 1620 2589 1676 ?
2618 1642 2644 1669 η
2678 1624 2742 1677 Et
2773 1639 2785 1676 :
2813 1645 2839 1673 «
2867 1624 2973 1689 Qui
3000 1624 3157 1680 videt
3188 1641 3304 1695 me,
3328 1625 3489 1680 videt

1837 1709 2074 1763 Patrem
2102 1710 2122 1742 ⁸
2149 1727 2161 1776 ;
2191 1713 2264 1777 et,
2294 1730 2322 1758 «
2358 1711 2478 1780 Ego
2540 1715 2595 1764 et
2655 1713 2822 1767 Pater
2885 1729 3077 1768 unum
3133 1730 3345 1768 sumus
3368 1715 3388 1748 θ
3415 1731 3427 1768 :
3456 1732 3486 1766 ›

370 1809 487 1857 Νῦν
526 1799 587 1856 δέ
622 1808 674 1855 τί
734 1804 938 1864 ζητεῖτέ
974 1823 1039 1877 με
1092 1803 1413 1870 ἀποκτεῖναι,
1460 1807 1729 1879 ἄνθρωπον

1859 1812 2001 1852 iunc
2056 1812 2232 1853 vero:
2268 1820 2297 1847 «
2337 1797 2488 1863 Quid
2529 1800 2794 1871 quaeritis
2846 1817 2943 1857 me
3007 1802 3360 1872 interﬁcere,
3387 1802 3492 1858 ho-

1837 1886 2064 1944 minem
2102 1888 2207 1960 qui
2245 1887 2553 1944 veritatem
2589 1887 2824 1945 locutus
2854 1907 2988 1947 sum
3019 1891 3191 1947 vobis
3222 1892 3266 1928 ¹⁰
3286 1892 3314 1947 Ῡ
3345 1914 3373 1942 ››

2215 1995 2360 2051 Alia
2389 1996 2804 2052 Armeniorum
2835 1998 3105 2068 objectio.

1913 2106 1965 2158 9.
2009 2102 2182 2168 Quod
2233 2102 2312 2159 ab
2360 2102 2478 2159 alio
2526 2108 2818 2175 movetur,
2851 2105 3082 2178 absque
3146 2105 3493 2179 operatione

1842 2196 1967 2248 est:
1998 2191 2233 2248 Domini
2280 2192 2461 2261 igitur
2497 2208 2638 2248 caro
2682 2209 2818 2265 qua:
2855 2209 2894 2250 a
2930 2193 3118 2252 Verbo
3167 2195 3279 2251 sibi
3326 2194 3494 2252 unito

1843 2286 2137 2348 movetur,
2172 2281 2405 2353 absque
2431 2282 2779 2353 operatione
2817 2287 2924 2338 est.

1985 2390 2306 2459 Responsio
2336 2393 2390 2446 et
2421 2388 2601 2460 hujus
2630 2389 2976 2460 objectionis
3001 2392 3352 2463 confatalia.

1918 2500 2207 2554 Caeterum
2237 2512 2362 2554 non
2399 2496 2478 2554 ab
2500 2496 2755 2554 aliorum
2795 2503 3142 2555 sanctorum
3181 2514 3359 2555 carne
3387 2497 3497 2555 dif-

1846 2587 2075 2643 ferebat
2124 2586 2334 2642 Christi
2391 2600 2552 2642 caro.
2595 2586 2814 2659 Spiritu
2870 2587 2970 2642 Dei
3022 2587 3422 2643 movebantur
3444 2590 3503 2643 et

1848 2680 2076 2749 Moyses
2106 2681 2162 2731 et
2195 2675 2383 2732 David
2434 2680 2490 2731 et
2543 2675 2890 2748 quicunque
2921 2674 3019 2732 alii
3048 2676 3266 2732 divinas
3290 2691 3503 2748 opera-

1847 2766 2026 2823 tionis
2070 2780 2324 2837 capaces
2372 2764 2556 2820 fuere.
2587 2763 2757 2829 Quod
2799 2765 2877 2821 ad
2924 2780 3028 2821 eos
3078 2770 3324 2837 spectat,
3355 2765 3501 2821 ridi-

1850 2856 1983 2912 cula
2012 2854 2440 2926 essetobjectio
2473 2871 2486 2908 :
2519 2854 2625 2909 sed
2665 2857 2988 2927 postquam
3035 2855 3311 2910 omnium
3344 2857 3499 2911 Deus

122 2946 463 3007 καταλλήλως
492 2955 554 3019 τῇ
622 2947 785 2999 αὐτοῦ
840 2949 1045 3006 θεότητι
1100 2948 1247 3007 ἤθελέ
1292 2969 1346 3002 τε
1398 2955 1488 3002 καὶ
1518 2949 1739 3024 ἐνήργει,

1859 2946 2080 3018 absque
2100 2946 2431 3001 mutatione
2469 2943 2660 2999 factus
2690 2948 2778 2999 est
2803 2945 3008 3011 homo,
3042 2949 3099 3000 et
3126 2948 3187 3000 ut
3214 2948 3365 3000 Deus
3388 2959 3500 3016 pro

125 3042 217 3089 καὶ
242 3039 319 3097 ὡς
351 3037 622 3110 ἅνθρωπος
679 3035 1009 3099 καταλλὴλως
1153 3037 1313 3090 αύτού
1358 3038 1738 3115 ἀνθρωπότητι,

1859 3052 1962 3091 sua
1987 3034 2204 3090 deitate
2229 3032 2471 3089 volebat
2510 3037 2565 3088 et
2595 3031 3045 3104 operabatur,et
3072 3037 3137 3089 ut
3163 3033 3350 3089 homo
3392 3047 3503 3104 pro

124 3133 219 3178 τοῦ
283 3123 615 3199 ἀνθρωπείου
672 3124 960 3196 θελήματος
1011 3126 1097 3178 οἶα
1142 3131 1233 3178 καὶ
1300 3129 1570 3190 θεωθέντος
1601 3173 1617 3198 ,
1670 3139 1742 3201 τῷ

1859 3141 1965 3182 sua
1992 3122 2664 3191 humanitate,humana
2683 3121 2987 3177 voluntate
3014 3122 3188 3194 quasi
3204 3120 3503 3187 deiﬁcata,

128 3216 289 3284 θείκῷ
362 3212 666 3287 βουλήματι
730 3218 1031 3283 κινουμένου
1099 3220 1189 3268 καὶ
1254 3222 1576 3291 τυπουμένου
1611 3258 1623 3271 .
1657 3225 1742 3271 καὶ

1859 3221 1912 3273 et
1952 3230 2061 3288 per
2106 3212 2378 3269 divinam
2432 3211 2804 3267 voluntatem
2859 3214 3026 3267 mota
3053 3215 3111 3266 et
3160 3209 3499 3267 efformata.

126 3312 476 3379 μαρτυροῦσι
524 3311 676 3356 τοῦτο
732 3306 796 3356 τὰ
841 3303 1150 3376 εύαγγελικα
1220 3307 1434 3382 ῥήματα
1496 3309 1531 3361 οἷ
1591 3329 1742 3382 φασιν

1859 3309 2044 3377 Atque
2081 3302 2144 3358 id
2182 3304 2474 3357 testantur
2530 3299 2878 3371 evangelica
2926 3299 3110 3355 verba
3150 3315 3286 3372 quin
3332 3298 3417 3355 sic
3446 3314 3511 3355 se

127 3395 377 3445 οὑτωσί*
413 3414 442 3442 ι(
474 3398 549 3465 Τῇ
620 3391 866 3466 ἐπαύριον
941 3394 1189 3452 ἠθέλησεν
1244 3398 1270 3447 6
1311 3396 1512 3458 Ἰησοῦς
1587 3399 1742 3452 εἰσελ-

1859 3394 2121 3462 habent;
2164 3414 2193 3441 ‹‹
2232 3390 2502 3447 Crastina
2557 3389 2654 3445 die
2721 3388 2909 3445 voluit
2960 3389 3132 3445 Jesus
3169 3389 3387 3445 intrare
3448 3388 3513 3444 in

192 2505 297 2554 Καὶ
360 2501 546 2553 λοιπὸν
601 2501 660 2553 ού
716 2497 917 2574 διέφερε
971 2511 1070 2555 τῶν
1129 2503 1291 2555 ἄλλων
1345 2503 1506 2575 ἁγίων
1557 2507 1587 2563 ἡ
1641 2512 1735 2558 τοῦ

118 2596 322 2666 Κυρίου
385 2590 558 2663 σάρξ’
596 2593 814 2662 νεύματι
850 2598 983 2643 Θεοῦ
1041 2592 1298 2645 ἐκινοῦντο
1362 2613 1451 2646 και
1507 2601 1737 2655 Μωῠσῆς

119 2687 209 2731 καὶ
262 2676 441 2732 Δαϐὶὸ
476 2723 492 2749 ,
530 2684 621 2731 καὶ
670 2679 784 2732 ὅσοι
834 2679 979 2731 ἄλλοι
1015 2690 1112 2741 τῆς
1171 2683 1311 2743 θείας
1354 2682 1603 2758 ἐνεργείας
1627 2704 1738 2755 χω-

118 2772 340 2841 ρητικοί
390 2785 405 2798 ·
456 2776 609 2820 τοῦτο
662 2769 723 2820 δὲ
776 2770 965 2821 ἄτοπον
1000 2769 1179 2827 .²Αλλ’
1224 2770 1333 2823 ἐπεὶ
1386 2774 1410 2822 6
1458 2780 1558 2824 τῶν
1610 2772 1738 2825 ὅλων

122 2862 257 2918 Θεὸς
330 2856 596 2930 ἀτρέπτως
656 2862 862 2929 γέγονεν
926 2860 1237 2931 ἄνθρωπος,

456 2776 609 2820 τοῦτο
662 2765 723 2820 δὲ
776 2770 965 2821 ἄτοπον

1315 2865 1404 2912 καὶ
1462 2863 1526 2922 ὡς
1609 2865 1737 2924 Θεὸς

606 3481 885 3535 Γαλιλαίαν
910 3503 924 3516 ·
953 3504 983 3534 ››
1013 3489 1104 3537 καὶ
1159 3484 1313 3538 πάλιν
1347 3505 1358 3516 ·
1397 3510 1425 3537 ‹‹
1457 3487 1601 3541 Θελω
1666 3486 1751 3542 ἳνα

127 3572 261 3623 ὅπου
296 3570 412 3643 εἰμὶ
445 3569 545 3643 ἐγὼ
575 3613 589 3639 ,
620 3575 710 3625 καὶ
768 3571 917 3625 αὐτοὶ
960 3592 1061 3626 ωσι
1091 3587 1107 3604 ⁶
1141 3595 1170 3625 ››
1201 3579 1291 3627 καὶ
1321 3573 1385 3628 αὖ
1409 3593 1422 3606 ’
1457 3598 1485 3627 ιι
1524 3577 1600 3629 Oi}
1647 3580 1748 3653 γὰρ

125 3661 312 3719 ἔθελεν
380 3659 431 3712 ἐν
494 3668 556 3733 τῇ
650 3657 889 3734 Ἰουδαίᾳ
960 3671 1259 3739 περιπατεῖν
1299 3710 1314 3736 ,
1374 3666 1454 3718 ὁτι
1533 3666 1752 3728 ἐζήτουν

128 3752 292 3803 αὐτὸν
322 3752 377 3802 οἱ
406 3747 665 3803 Ἰουδαῖοι
704 3752 1007 3805 ἀποκτεῖναι
1042 3796 1055 3810 .
1097 3771 1129 3806 ›
1174 3761 1263 3808 καὶ
1302 3755 1510 3831 ἑτέρωθι
1540 3773 1552 3786 ·
1584 3778 1613 3807 ‹‹
1646 3754 1751 3811 Κὰ-

126 3842 303 3894 κείθεν
390 3838 676 3902 ἐξελθόντες
756 3840 1056 3915 ἐπορεύοντο
1125 3840 1217 3896 διὰ
1280 3852 1372 3906 τῆς
1437 3845 1750 3907 Γαλιλαίας·

127 3935 222 3985 καὶ
273 3927 378 3981 οὒκ
435 3929 611 3987 ἤθελεν
653 3931 738 3982 ἱνα
786 3950 869 3993 τις
903 3940 1009 4003 γνῷ
1044 3948 1056 3959 ·
1082 3953 1111 3983 )›
1142 3938 1233 3985 καὶ
1286 3932 1518 4007 ἀλλαχου
1544 3953 1556 3966 °
1591 3956 1619 3986 α
1654 3940 1757 3989 Καὶ

131 4017 450 4092 προσῆλθον
486 4019 626 4089 αὐτῷ
688 4021 735 4071 οἱ
787 4022 1022 4092 μαθηταὶ
1059 4022 1221 4074 αὐτοῦ
1270 4022 1500 4094 λέγοντες
1566 4024 1706 4097 αὐτῷ
1740 4041 1754 4056 ⁶

128 3485 234 3534 θεῖν
309 3481 383 3541 εἰς
440 3485 535 3539 τήν

134 4116 247 4161 Ποῦ
322 4106 487 4168 θέλεις
545 4106 842 4169 ἀπελθόντες
908 4109 1263 4184 ἑτοιμάσωμέν
1332 4130 1416 4165 σοι
1474 4120 1652 4186 φαγεῖν
1700 4118 1758 4167 τὸ

136 4201 387 4269 Hier/Cu;
434 4220 464 4245 »
491 4203 669 4249 Ταῦτα
712 4200 814 4270 γὰρ
854 4199 1025 4250 πάντα
1074 4202 1205 4252 καθὸ
1249 4202 1274 4252 6
1301 4204 1493 4275 Κύριος
1559 4204 1759 4279 ἄνθρω-

138 4308 234 4350 πος
271 4286 560 4358 ἐγθέγγετο
589 4330 604 4355 ,
636 4291 726 4337 καὶ
783 4287 840 4338 ού
893 4290 1024 4340 καθὸ
1056 4293 1187 4351 Θεός
1212 4330 1225 4343 .
1272 4295 1372 4343 Καὶ
1423 4291 1584 4353 ἄλλως
1622 4289 1681 4345 δὲ
1702 4296 1761 4345 τὸ

141 4382 212 4450 μὴ
266 4378 401 4449 ἕχον
470 4373 723 4449 ἐνέργειαν
766 4381 855 4428 καὶ
908 4381 1113 4436 κίνησιν
1171 4383 1397 4451 φυσικὴν
1447 4384 1622 4455 νεκρὸν
1674 4387 1763 4435 καὶ

1858 3484 2163 3543 Galilaeam
2195 3483 2235 3517 “
2271 3498 2283 3549 ;
2328 3502 2354 3530 »
2388 3484 2445 3536 et
2479 3495 2690 3535 rursus
2724 3497 2738 3535 :
2775 3500 2804 3531 «
2836 3478 2977 3535 Volo
3006 3482 3069 3534 ut
3096 3478 3181 3534 ibi
3210 3493 3344 3535 sum
3376 3493 3510 3550 ego,

1859 3573 2026 3632 etilli
2077 3571 2194 3627 sint
2225 3573 2304 3638 ¹²;
2333 3574 2391 3626 et
2436 3585 2646 3625 rursus
2679 3585 2692 3623 :
2728 3589 2758 3620 «
2799 3571 2929 3625 Non
2976 3567 3137 3624 enim
3180 3566 3423 3624 volebat
3447 3567 3512 3622 in

1859 3664 2072 3720 Judasa
2138 3658 2472 3729 ambulare,
2529 3659 2633 3731 qui
2702 3657 3059 3731 quaerebant
3118 3673 3259 3713 eum
3319 3656 3512 3715 Judaei

1860 3752 2191 3810 interficere
2220 3751 2284 3805 ιδ.
2328 3769 2357 3799 ››
2386 3752 2452 3804 Et
2503 3748 2645 3808 alibi
2677 3765 2690 3802 :
2724 3770 2745 3798 ι
2803 3749 2870 3803 Et
2910 3746 3051 3803 inde
3108 3745 3337 3817 egressi
3370 3761 3512 3819 per-

1864 3841 2260 3901 ambulabant
2313 3837 2652 3907 Galilaeam;
2685 3842 2744 3893 et
2793 3836 3036 3893 nolebat
3071 3840 3137 3892 ut
3177 3835 3314 3908 quis
3369 3851 3511 3891 eum

1865 3935 2220 4005 agnosceret
2243 3931 2323 3998 “;
2358 3949 2386 3979 ››
2418 3932 2474 3983 et
2503 3927 2644 3984 alibi
2675 3946 2687 3983 :
2721 3949 2749 3977 «
2783 3928 2848 3982 Et
2874 3929 3250 3981 accesserunt
3272 3923 3352 3979 ad
3371 3940 3512 3980 eum

1866 4020 2143 4093 discipuli
2203 4020 2334 4090 ejus
2391 4018 2696 4073 dicentes.
2744 4015 2852 4071 Ubi
2918 4013 3006 4069 vis
3076 4028 3361 4086 paremus
3404 4011 3514 4068 tibi

1867 4110 2235 4168 manducare
2256 4107 2483 4165 Pascha
2507 4107 2550 4142 ¹⁵
2568 4106 2595 4160 ‘?
2609 4126 2637 4156 ››
2656 4107 2788 4160 Haec
2817 4102 2978 4158 enim
2993 4102 3289 4169 omnia,ut
3306 4101 3512 4191 homo,

1870 4203 2157 4259 Dominus
2220 4198 2601 4271 loquebatur,
2659 4210 2782 4251 non
2838 4199 3040 4250 autem
3095 4195 3160 4248 ut
3216 4190 3392 4247 Deus.
3451 4190 3520 4244 Et

1870 4291 2111 4350 aliunde
2148 4288 2314 4361 quod
2361 4303 2484 4343 non
2539 4285 2723 4342 habet
2758 4282 3172 4357 operationem
3202 4285 3259 4337 et
3286 4282 3520 4336 motum

1869 4379 2208 4439 naturalem
2236 4421 2256 4449 ,
2305 4379 2614 4433 mortuum
2678 4377 2769 4430 est
2839 4376 2898 4429 et
2967 4371 3254 4428 inanime.
3287 4367 3525 4427 Domini

143 4466 370 4538 ἄψυχον
395 4481 410 4495 ·
444 4466 477 4523 ἡ
515 4461 577 4517 δὲ
625 4473 716 4518 τοῦ
747 4470 943 4539 Κυρίου
1000 4467 1133 4542 σὰρξ
1171 4470 1342 4531 ἔννους
1378 4475 1466 4524 καὶ
1496 4471 1740 4545 ἔμψυχος

1874 4474 2074 4529 autem
2107 4483 2244 4526 caro
2274 4470 2472 4524 mente
2497 4470 2555 4522 et
2581 4464 2786 4521 anima
2810 4460 3063 4535 praedita
3091 4464 3238 4518 erat.

534 4581 738 4655 Ἕτερον
765 4582 1045 4657 πρόϐλημα
1080 4584 1378 4660 Ἀρμενίων.

220 4699 273 4755 ι’.
315 4698 527 4772 ⁸Ὼσπερ
554 4697 641 4751 ἐπὶ
698 4706 930 4775 Χριστοῦ
975 4705 1067 4761 τὴν
1119 4710 1220 4754 τῶν
1266 4699 1364 4756 δύο
1418 4706 1616 4777 φύσεων
1645 4725 1768 4760 συν-

154 4785 367 4863 δρομὴν
408 4789 656 4840 σύνθετόν
721 4808 847 4861 φατε
892 4792 1187 4844 ὑπόστασιν
1218 4834 1233 4863 ,
1268 4793 1403 4847 ούτω
1466 4800 1635 4872 χρεὼν
1678 4800 1769 4850 καὶ

153 4884 278 4951 μίαν
312 4878 570 4930 σύνθετον
592 4877 754 4950 λέγειν
784 4879 1053 4954 ἐνέργειαν.

816 5009 1125 5072 Ἀντίθεσις.

229 5169 295 5223 Εἰ
344 5170 436 5221 τὸν
482 5171 713 5240 Χριστὸν
760 5167 810 5220 ἐν
850 5166 946 5223 δύο
1009 5173 1201 5244 φύσεσι
1261 5174 1602 5247 θεωρούμενον
1648 5178 1772 5249 μίαν

163 5254 337 5331 δῶμεν
395 5259 638 5311 σύνθενον
690 5259 833 5330 ἔχειν
871 5258 1125 5334 ἐνέργειαν
1156 5303 1172 5329 ,
1212 5263 1242 5321 ἡ
1301 5266 1517 5321 τοιαύτη
1571 5265 1774 5327 πάντως

164 5347 394 5423 ἐνέργεια
452 5348 484 5407 ἦ
543 5355 644 5399 τῶν
704 5346 866 5401 αὐτοῦ
922 5358 1087 5425 μερῶν
1155 5350 1370 5425 ἐσεῖται,
1410 5353 1441 5413 ἦ
1486 5353 1645 5407 αὐτοῦ
1706 5356 1777 5417 ὡς

235 5581 256 5615 τ
296 5583 475 5637 Joan.
533 5597 653 5650 xxv,
683 5582 779 5639 10.
855 5580 876 5615 ⁸
912 5580 1068 5639 Ibid.
1110 5586 1163 5639 9.
1241 5584 1264 5622 θ
1302 5586 1473 5643 Joan.
1523 5601 1577 5650 x,
1621 5588 1708 5644 30.

170 5652 219 5687 ³³
252 5652 430 5711 Joan.
460 5669 562 5723 vn,
588 5658 638 5711 1.
722 5653 771 5690 ²⁴
810 5651 957 5714 Ibid.
1037 5656 1085 5692 ³⁸
1123 5656 1321 5716 Matth.
1352 5673 1512 5732 xm,
1542 5660 1634 5720 17.

1786 5585 1836 5626 ¹ο
1869 5586 2047 5648 Joan.
2106 5585 2208 5657 vui,
2235 5588 2326 5642 20.

2209 4586 2357 4643 Alia
2380 4583 2805 4641 Armeniorum
2837 4579 3186 4650 propositio.

1948 4706 2034 4762 10.
2077 4700 2608 4770 Quemadmodum
2630 4699 2706 4755 de
2728 4696 2958 4754 Christo
2988 4695 3248 4752 duarum
3275 4694 3528 4750 natura-

1872 4810 2012 4857 rum
2027 4809 2391 4851 concursum
2405 4789 2808 4862 compositam
2821 4785 3205 4859 hypostasim
3219 4779 3528 4850 dicitis,sic

1877 4883 2200 4943 dicendum
2214 4887 2305 4940 est
2318 4896 2506 4938 unam
2522 4877 2920 4952 compositam
2939 4874 3353 4949 operationem
3373 4885 3526 4927 esse.

2534 5005 2872 5076 Responsio.

1954 5139 2011 5195 Si
2031 5136 2325 5194 Christum
2341 5135 2405 5191 in
2425 5132 2664 5191 duabus
2682 5128 2914 5189 naturis
2930 5124 3378 5184 consideratum
3392 5137 3533 5181 con-

1881 5226 2137 5284 cedamu
2147 5242 2173 5281 s
2186 5225 2429 5281 unicam
2441 5223 2665 5280 habere
2679 5218 3089 5293 operationem
3097 5212 3253 5285 ,talis
3266 5212 3535 5286 operatio

1880 5316 1979 5373 vel
2007 5316 2137 5388 ejus
2152 5314 2412 5388 partium
2444 5312 2572 5384 erit,
2598 5311 2694 5367 vel
2725 5310 2921 5383 ipsius
2938 5311 3028 5363 est
3045 5302 3380 5378 compositi.
3408 5300 3539 5358 Etsi

1884 5406 2131 5481 quidem
2174 5405 2303 5478 ejus
2351 5403 2616 5477 partium
2678 5402 2772 5473 sit,
2826 5397 3124 5457 dividetur
3173 5394 3253 5453 ad
3303 5397 3537 5451 utrum-

2408 5583 2451 5618 ”
2489 5582 2660 5638 Joan.
2711 5595 2754 5650 1,
2784 5581 2876 5637 43.
2955 5579 3000 5614 ¹²
3039 5578 3213 5637 Joan.
3259 5587 3395 5641 xvn,
3434 5572 3529 5629 24.
