4040 6318
603 359 680 412 99

1963 355 2228 411 NlCET/E
2275 358 2644 414 ΟΗΟΝΙΑΤΑΞ

3899 367 4018 418 100

599 497 717 553 que
747 480 936 535 scissa
957 483 1013 535 et
1041 478 1325 545 solvetur,
1356 481 1412 533 et
1436 477 1614 532 simul
1658 493 1729 532 ea
1757 493 1891 548 quae
1934 493 2037 549 per
2061 478 2219 551 ipsa:

2333 481 2532 538 ,ὃλου·
2566 487 2655 534 καὶ
2724 482 2768 534 εἰ
2832 485 2921 555 μεν
2983 490 3082 534 τῶν
3149 483 3308 535 αὐτοῦ
3365 491 3552 558 μερῶν,
3594 488 4018 558 μερισθήσεται

594 571 884 626 uniuntur
931 569 1139 625 solvet.
1190 570 1245 626 Si
1302 585 1441 624 vero
1490 568 1830 640 compositi,
1864 568 1997 640 ipsa
2041 571 2148 625 erit
2190 575 2255 626 ut

593 661 1029 717 contrariorum
1063 675 1256 730 capax
1289 658 1555 713 mortalis
1582 664 1638 712 et
1666 658 2253 721 immortalis,creata

593 755 648 806 et
676 751 958 814 increata,
981 747 1152 802 ﬁnita
1205 753 1259 801 et
1311 746 1567 802 inﬁnita.
1599 747 1655 802 Si
1684 747 1820 818 quis
1859 747 1972 802 hoc
2004 764 2249 804 conces-

595 839 750 908 serit,
783 837 889 892 erit
919 836 1182 891 Christus
1213 836 1518 907 propriam
1549 835 1782 890 habens
1812 837 2246 908 operationem,

597 931 980 982 exsistentem
1009 930 1066 980 et
1093 940 1215 980 non
1235 923 1982 993 exsistentem,secundum
2012 941 2248 997 posses-

594 1017 824 1072 sionem
855 1019 911 1070 et
951 1013 1287 1069 secundum
1318 1013 1740 1084 privationem.
1772 1014 1936 1069 Idem
1969 1020 2170 1070 autem
2191 1020 2250 1072 et

589 1105 664 1161 de
692 1105 1000 1160 voluntate
1021 1101 1344 1158 dicendum
1371 1107 1477 1157 est.
1506 1102 1717 1157 Dicunt
1738 1103 2248 1175 Armenii,quem-

591 1193 926 1250 admodum
975 1191 1186 1262 organi
1239 1195 1294 1246 et
1339 1190 1487 1246 illud
1542 1191 1842 1246 moventis
1891 1191 2105 1247 eadem
2161 1197 2248 1249 est

587 1283 877 1355 Operatio,
910 1282 994 1336 sic
1043 1287 1096 1359 et
1147 1279 1472 1335 divinitatis
1525 1285 1582 1334 et
1620 1279 2012 1336 humanitatis
2058 1298 2246 1337 unam

585 1389 712 1428 esse
741 1371 1175 1443 operationem.
1211 1369 1267 1425 Si
1297 1367 1471 1438 igitur
1513 1368 1809 1424 inducunt
1836 1385 2134 1440 organum
2156 1387 2248 1442 vel

585 1461 940 1528 coexistens,
975 1467 1038 1514 ut
1059 1463 1196 1513 sunt
1221 1473 1440 1528 corpus
1471 1463 1526 1513 et
1547 1458 1772 1525 anima,
1800 1459 2050 1516 omnino
2075 1461 2247 1530 juxta

583 1551 717 1607 illos
747 1549 1074 1605 dicendum
1107 1549 1213 1602 erit
1245 1553 1584 1603 creaturam
1615 1563 1745 1602 esse
1780 1547 2052 1604 divinam
2076 1554 2246 1606 natu-

583 1657 716 1697 ram
741 1638 832 1694 vel
857 1653 1079 1710 corpus
1110 1637 1468 1694 increatum.
1490 1637 1546 1691 Si
1580 1651 1720 1692 vero
1751 1637 1894 1692 artis
1923 1638 2240 1708 cujusdam

584 1743 882 1798 organum
913 1725 1139 1792 dicunt,
1170 1725 1316 1780 illud
1349 1725 1554 1780 anima
1594 1723 1841 1792 carebit,
1868 1741 1976 1781 nec
2005 1741 2245 1798 semper

583 1816 940 1886 movebitur,
975 1814 1083 1869 sed
1130 1813 1379 1886 quando
1409 1813 1682 1885 operanti
1709 1813 2026 1870 videbitur.
2068 1817 2218 1871 (laete

2352 1818 2426 1870 ἀεὶ
2485 1823 2778 1892 κινούμενον
2807 1863 2823 1888 ,
2871 1821 2980 1873 ἀλλ’
3021 1822 3103 1874 ὅτε
3153 1831 3224 1892 τῷ
3265 1821 3590 1896 ἐργαζομένῳ
3643 1819 3785 1884 δόξει

581 1923 719 1962 rum
778 1903 1144 1976 Apollinario
1206 1907 1263 1957 et
1311 1902 1448 1957 Ario
1515 1902 1915 1973 consentiunt,
1976 1919 2241 1975 quorum

580 1995 745 2068 prior
789 1993 1021 2065 absque
1063 1991 1285 2062 anima,
1315 1991 1720 2062 Apollinarius
1768 1997 1970 2048 autem
2008 1992 2240 2066 absque

579 2090 779 2141 mente
802 2099 930 2140 esse
958 2097 1202 2138 carnem
1239 2081 1452 2137 Christi
1480 2080 1740 2137 dicebat.

649 2204 736 2258 11.
774 2201 831 2258 Si
861 2200 1064 2255 dicant
1089 2197 1353 2254 Armenii
1402 2197 1698 2253 Christum
1721 2201 1776 2253 et
1797 2202 1938 2270 post
1964 2198 2239 2254 incarna-

575 2293 801 2349 tionem
863 2305 1054 2344 unum
1120 2303 1251 2342 esse
1311 2286 1522 2341 Filium
1570 2292 1628 2342 et
1657 2293 1882 2343 sanctis
1939 2289 2236 2344 Trinitatis

574 2397 766 2436 unum
802 2397 815 2446 ;
857 2382 1130 2433 sanctam
1163 2379 1363 2430 autem
1395 2375 1732 2430 Trinitatem
1763 2376 2006 2431 unicam
2032 2377 2238 2432 volun-

574 2474 760 2525 tatem
791 2472 848 2524 et
873 2467 1116 2522 unicam
1159 2464 1572 2536 operationem
1605 2465 1850 2535 habere,
1883 2470 2064 2537 atque
2092 2465 2234 2522 inde

576 2557 872 2613 Christum
901 2555 1143 2611 unicam
1164 2553 1449 2609 habuisse
1475 2553 1889 2625 operationem
1912 2560 1970 2610 et
1988 2555 2232 2612 unicam

574 2647 966 2711 voluntatem,
1017 2644 1103 2700 sic
1155 2643 1651 2715 respondendum
1699 2644 1854 2700 erit:
1889 2645 2062 2700 Pater
2106 2661 2229 2702 non

575 2742 640 2792 ut
679 2739 846 2792 Pater
896 2732 1154 2804 vult,sed
1197 2739 1260 2788 ut
1311 2734 1500 2801 Deus;
1536 2738 1592 2788 et
1619 2733 1912 2805 quoniam
1956 2737 2110 2789 Deus
2140 2742 2228 2792 est

571 2826 765 2897 Filius,
800 2831 857 2881 et
888 2827 1041 2880 Deus
1081 2827 1168 2878 est
1199 2823 1446 2894 Spiritus
1494 2825 1764 2893 Sanctus,
1801 2824 2135 2878 secundum
2161 2825 2224 2881 id

565 2915 768 2971 divina
805 2913 1056 2970 Trinitas
1106 2926 1293 2967 unam
1339 2910 1707 2967 voluntatem
1735 2912 1919 2968 habet
1947 2918 2004 2968 et
2035 2929 2220 2970 unam

559 3005 994 3076 operationem,
1032 3001 1209 3056 Fiiius
1266 3015 1450 3067 vero,
1499 3000 1817 3056 nobiscum
1863 3001 2212 3057 hominibus

551 3093 1008 3150 communicans
1039 3089 1236 3146 carnis
1271 3091 1710 3161 assumptione,
1732 3090 2035 3162 duplicem
2065 3107 2214 3163 quo-

549 3201 666 3257 que
718 3183 1091 3240 voluntatem
1136 3184 1191 3236 et
1242 3180 1655 3252 operationem
1703 3181 1960 3249 habuit;
2021 3197 2212 3238 unam

546 3273 796 3345 quidem
829 3277 892 3326 ut
923 3274 1041 3326 Deo
1072 3274 1129 3326 et
1179 3269 1332 3324 Patri
1375 3269 1928 3340 consubstantialis,
1963 3270 2214 3327 alteram

543 3368 745 3418 autem
796 3365 860 3415 ut
911 3360 1087 3414 nobis
1145 3358 1710 3414 consubstantialis.
1761 3365 2039 3417 Attamen
2084 3377 2212 3417 non

547 3455 854 3520 separatas
905 3447 1166 3503 dicimus
1227 3446 1646 3518 operationes,
1697 3463 1894 3520 neque
1959 3455 2210 3506 naturas

547 3539 873 3610 separatim
947 3535 1222 3609 operari;
1291 3536 1398 3591 sed
1464 3541 1784 3608 utramque
1868 3555 1992 3594 una
2073 3556 2213 3596 cum

549 3628 792 3686 alterius
850 3625 1281 3683 communione
1321 3625 1562 3696 operari
1589 3625 1650 3680 id
1681 3626 1845 3697 quod
1897 3627 2213 3700 proprium

549 3717 781 3774 habuit.
814 3720 1016 3788 Neque
1073 3713 1236 3770 enim
1289 3713 1560 3770 humana
1614 3714 1880 3770 humane
1929 3723 2212 3788 operatus

553 3812 644 3864 est
671 3826 683 3874 ;
724 3821 847 3863 non
877 3807 1036 3860 enim
1071 3803 1326 3876 simplex
1357 3802 1540 3858 homo
1567 3809 1695 3858 erat
1723 3822 1736 3872 ;
1779 3819 1976 3877 neque
2005 3805 2212 3864 divina

553 3896 890 3953 secundum
930 3898 1117 3951 Deum
1167 3899 1436 3962 tantum;
1469 3909 1593 3948 non
1625 3894 1785 3949 enim
1824 3895 2209 3952 solummodo

551 3991 678 4043 erat
704 3987 881 4041 Deus.
915 3983 1030 4040 Sed
1059 3983 1196 4039 duae
1219 3988 1450 4038 natura:
1481 3987 1619 4037 sunt
1647 3999 1806 4037 unus
1839 3984 2130 4054 Christus,
2153 3992 2208 4042 et

549 4091 708 4132 unus
767 4075 1031 4131 Christus
1096 4077 1184 4128 est
1239 4071 1377 4127 duae
1439 4077 1692 4128 naturte.
1738 4075 1801 4127 Et
1867 4072 2034 4129 aliter
2080 4091 2092 4129 :
2148 4076 2205 4132 Si

546 4147 734 4220 unam
799 4163 1171 4218 voluntatem
1222 4161 1550 4217 dixerimus
1605 4162 1680 4217 de
1730 4161 1957 4218 Christo
2015 4169 2080 4218 ut
2126 4164 2202 4220 de

545 4257 754 4308 sancta
819 4251 1140 4318 Trinitate,
1206 4251 1313 4305 erit
1377 4250 1626 4306 omnino
1691 4266 1814 4306 una
1868 4256 1926 4306 et
1984 4252 2198 4308 eadem

540 4340 822 4397 voluntas
880 4339 1063 4395 Patris
1113 4343 1169 4394 et
1222 4337 1394 4394 Verbi
1422 4345 1476 4395 et
1506 4340 1725 4396 carnis.
1746 4339 1838 4394 Ad
1893 4341 2022 4396 haec
2059 4357 2196 4414 quae

540 4430 842 4498 diximus,
882 4427 945 4482 id
1005 4427 1154 4482 forte
1228 4427 1512 4498 adjicient
1576 4429 1681 4500 qui
1740 4429 2052 4485 ratiocinio
2111 4431 2195 4488 uti

2366 574 2491 643 πρὸς
2582 569 2845 646 ἀμφότερα
2918 577 3195 644 τεμνομένη
3287 578 3376 624 καὶ
3453 573 3737 631 λυθήσεται
3794 618 3810 643 ,
3907 582 4017 627 καὶ

2368 657 2707 713 συνδιαλύσει
2746 664 2812 712 τὰ
2836 662 2952 712 κατ’
3001 661 3162 719 αὐτὴν
3203 663 3436 734 ἡνωμένα
3465 680 3476 691 °
3503 663 3545 714 εἰ
3580 659 3638 716 δὲ
3704 672 3798 716 τοῦ
3840 663 4011 723 ὅλου,

2364 747 2512 800 ἔσται
2569 751 2597 807 ἡ
2655 750 2785 808 αῦτη
2855 753 2921 812 ὡς
2985 747 3197 808 δεκτικὴ
3251 760 3350 802 τῶν
3402 751 3638 804 ἐναντίων
3689 755 3865 812 θνητή
3905 759 4013 806 καὶ

2363 835 2648 906 ἀθάνατος,
2714 843 2902 897 κτιστὴ
2965 844 3056 892 καὶ
3113 841 3398 907 ἅκτιστος,
3475 848 3806 916 περιγραπτὴ
3902 849 4011 894 καὶ

2360 925 2750 1001 ἆπερίγραπτος
2797 943 2810 958 ⁸
2881 934 2968 981 καὶ
3027 929 3069 981 εἰ
3132 937 3284 981 τοῦτο
3352 927 3514 982 δώσει
3544 951 3664 998 τις,
3723 935 3896 984 ἔσται
3975 934 4004 984 6

2358 1021 2588 1089 Χριστὸς
2624 1022 2715 1076 τὴν
2775 1018 2965 1071 οἰκείαν
3017 1021 3154 1090 ἔχων
3211 1017 3463 1092 ἐνέργειαν
3497 1064 3511 1088 ,
3541 1020 3700 1072 οὖσαν
3738 1026 3843 1072 καί
3913 1026 4000 1092 μὴ

2359 1101 2557 1172 οὖσαν,
2599 1109 2735 1158 κατὰ
2773 1106 2876 1169 ἕξιν
2921 1112 3011 1159 καὶ
3054 1112 3297 1182 στέρησιν
3330 1151 3342 1163 .
3383 1112 3452 1160 Τὸ
3480 1108 3604 1160 αὐτὸ
3637 1105 3823 1161 δὲκαὶ
3860 1114 4001 1183 περὶ

2359 1193 2643 1267 θελήματος
2699 1199 2838 1248 ἔστιν
2897 1196 3051 1248 εἰπεῖν
3083 1239 3096 1251 .
3138 1201 3395 1268 Λέγουσιν
3435 1199 3484 1248 οἱ
3533 1197 3791 1270 Ἀρμένιοι
3876 1201 3996 1264 ὅτι,

2356 1284 2528 1358 ὥσπερ
2567 1284 2785 1359 ὀργάνου
2825 1305 2914 1338 και
2965 1293 3057 1338 ¹ιοῦ
3115 1294 3374 1348 κινοῦντος
3406 1286 3532 1339 αὖτό
3584 1291 3682 1359 μία
3709 1285 3993 1361 ἐνέργεια,

2355 1369 2490 1423 οὓτω
2550 1377 2640 1424 καὶ
2698 1375 2941 1436 θεότητος
2986 1378 3076 1425 καὶ
3115 1373 3511 1448 ἁνθρωπότητος
3557 1379 3654 1447 μία
3705 1374 3992 1447 ἐνέργεια,

2355 1461 2416 1513 Εἰ
2445 1467 2614 1514 τοίνυν
2655 1463 2929 1535 εἰσάγουσι
2959 1468 3016 1516 τὸ
3058 1464 3273 1538 ὄργανον
3322 1470 3412 1518 καὶ
3461 1468 3753 1540 σύγχρονον
3782 1468 3990 1538 ὥσπερ

2356 1558 2509 1622 σῶμα
2537 1551 2804 1624 καὶψυχὴ
2833 1597 2848 1623 ,
2880 1556 3085 1614 πάντως
3130 1556 3280 1606 ἔσται
3317 1556 3436 1606 κατ’
3476 1555 3661 1614 αὐτοὺς
3691 1558 3720 1612 ἤ
3754 1560 3992 1627 κτίσμα

3922 1641 3991 1696 δὲ

2352 1732 2592 1799 τεχνικὸν
2622 1734 2680 1782 τό
2713 1735 2926 1805 ᾁογανον
2971 1732 3210 1804 λέγουσιν
3247 1774 3260 1798 ,
3309 1732 3523 1804 ἄψυχον
3560 1740 3710 1785 τοῦτο
3741 1738 3840 1784 καὶ
3877 1733 3986 1785 οὐκ

2351 1643 2443 1697 τὴν
2495 1643 2631 1692 θείαν
2671 1645 2823 1714 φύσιν
2869 1642 3028 1714 λέγειν
3077 1646 3106 1701 ἧ
3154 1647 3211 1695 τὸ
3265 1652 3416 1716 σῶμα
3467 1645 3714 1696 ἄκτιστον
3756 1659 3770 1674 '
3810 1644 3864 1696 εἰ

3827 1837 3846 1852 ⁶
3880 1828 3986 1875 καὶ

2349 1906 2528 1960 λοιπὸν
2597 1917 2982 1982 συμφρονοῦσιν
3055 1911 3429 1986 Ἀπολλιναρίῳ
3485 1930 3540 1963 τε
3603 1917 3694 1963 καὶ
3750 1912 3980 1984 Ἀρείῳ,

2349 1997 2416 2048 ὧν
2448 2000 2474 2050 6
2505 2001 2594 2071 μὲν
2651 1999 2864 2071 ἄψυχον
2892 2044 2907 2070 ,
2937 2000 3335 2073 ’Λπολλινάριος
3361 1997 3419 2053 δὲ
3451 2002 3604 2054 ἄνουν
3646 2005 3739 2060 τὴν
3780 2004 3983 2074 σάρκα

2347 2095 2436 2140 τοῦ
2451 2096 2685 2161 Χριστοῦ
2704 2089 2886 2160 ἔλεγεν.

2421 2203 2506 2262 ια’.
2549 2209 2703 2280 Εἴπερ
2762 2211 3022 2277 φήσουσιν
3081 2207 3130 2256 0i.
3191 2204 3450 2278 Ἀρμένιοι
3515 2207 3582 2266 ὡς
3640 2206 3666 2256 6
3721 2208 3976 2278 Χριστὸς

2345 2299 2434 2346 καὶ
2502 2297 2631 2366 μετὰ
2687 2299 2776 2352 τὴν
2846 2297 3112 2368 σάρκωσὶν
3153 2295 3224 2355 εἷς
3264 2291 3324 2352 ἦν
3391 2297 3512 2355 Υἱὸς
3575 2300 3666 2346 καὶ
3731 2291 3797 2354 εἷς
3869 2304 3973 2354 τῆς

2345 2382 2499 2453 ἁγίας
2551 2380 2798 2458 Τριάδος,
2843 2386 2872 2442 ἡ
2922 2380 2980 2437 δὲ
3025 2383 3153 2455 ἁγία
3211 2385 3368 2456 Τριὰς
3423 2388 3546 2456 μίαν
3607 2383 3814 2441 θέλησιν
3869 2390 3972 2436 καὶ

2341 2477 2465 2544 μίαν
2501 2471 2754 2546 ἐνέργειαν
2803 2476 2915 2544 ἔχει
2945 2513 2958 2538 ,
3013 2477 3103 2524 καὶ
3159 2475 3291 2524 κατά
3329 2480 3482 2524 τοῦτο
3533 2478 3622 2524 καὶ
3654 2475 3678 2524 6
3719 2478 3973 2546 Χριστὸς

2339 2567 2462 2633 μίαν
2525 2559 2665 2633 εἶχεν
2733 2561 2986 2635 ἐνέργειαν
3053 2567 3142 2614 καὶ
3203 2566 3326 2633 μίαν
3369 2562 3598 2626 θέλησιν,
3626 2562 3808 2636 ¹ῥητέον
3877 2563 3970 2621 οὗ,

2336 2671 2434 2712 τως
2466 2667 2478 2680 ·
2513 2654 2580 2714 ὡς
2621 2653 2646 2702 6
2705 2657 2886 2725 Πατὴρ
2935 2651 2993 2702 οὗ
3039 2653 3169 2703 καθὸ
3208 2655 3387 2726 Πατήρ
3432 2650 3581 2719 θέλει,
3644 2651 3773 2704 ἀλλὰ
3819 2655 3969 2704 καθὸ

2337 2746 2467 2801 Θεὸς
2500 2757 2513 2770 °
2548 2746 2638 2794 καὶ
2670 2739 2779 2792 ἐπεὶ
2829 2744 2957 2802 Θεὸς
2989 2742 3014 2792 6
3055 2745 3176 2800 Υίός
3203 2785 3218 2809 ,
3271 2744 3401 2802 Θεὸς
3445 2744 3617 2793 καὶτὸ
3649 2747 3868 2813 Πνεῦμα
3903 2745 3965 2792 τὸ

2332 2829 2478 2900 οἶγιον
2509 2871 2522 2895 ,
2564 2831 2702 2881 κατὰ
2730 2835 2883 2880 τοῦτο
2910 2830 2939 2886 ἡ
2975 2832 3065 2900 μεν
3120 2834 3541 2900 τρισυποστατος
3595 2835 3789 2889 Θεότης
3821 2834 3963 2901 μίαν

2333 2918 2539 2975 θέλησιν
2594 2920 2708 2989 ἔχει
2751 2923 2841 2968 καὶ
2893 2922 3018 2990 μίαν
3084 2920 3336 2991 ἐνέργειαν
3373 2936 3384 2948 ·
3438 2919 3462 2968 6
3516 2915 3574 2970 δε
3631 2920 3747 2978 Υἱὸς
3781 2959 3794 2985 ,
3843 2916 3962 2970 ἐπι-

2324 3016 2577 3059 κοινωνῶν
2626 3012 2716 3058 καὶ
2785 3013 2896 3068 τοῖς
2965 3007 3256 3080 ἀνθρώποις
3313 3009 3437 3078 ἡμῖν
3483 3014 3544 3078 τῇ
3597 3015 3690 3066 τῆς
3749 3013 3962 3082 σαρκὸς

2324 3095 2629 3168 πμοσλήψει
2662 3139 2675 3166 ,
2730 3093 2921 3154 διπλῆν
2973 3101 3063 3147 καὶ
3120 3100 3214 3154 τὴν
3279 3095 3485 3153 θέλησιν
3547 3097 3660 3168 εἶχε
3718 3100 3810 3147 καὶ
3855 3103 3957 3153 τὴν

2325 3184 2579 3258 ἐνέργειαν
2633 3223 2646 3235 .
2705 3189 2797 3243 τὴν
2863 3188 2953 3257 μὲν
3034 3188 3102 3246 ὡς
3195 3187 3476 3257 ὁμοοὺσιος
3542 3189 3608 3234 ὧν
3684 3192 3756 3254 τῷ
3827 3192 3954 3254 Θεῷ

2324 3280 2414 3327 καὶ
2457 3279 2662 3349 Πατρὶ,
2692 3279 2784 3332 τὴν
2836 3270 2894 3326 δὲ
2935 3276 3001 3334 ὡς
3043 3275 3416 3346 ὀμοούσιοςῶν
3469 3275 3594 3345 ἡμῖν
3625 3315 3639 3327 .
3680 3273 3820 3331 Πλὴν
3886 3273 3948 3324 οὐ

2327 3361 2651 3437 διῃρημένας
2715 3365 2875 3435 φαμεν
2937 3365 3031 3424 τὰς
3089 3361 3381 3436 ἐνεργείας,
3443 3359 3566 3414 οὐδὲ
3628 3364 3719 3422 τὰς
3759 3365 3950 3434 φύσεις

2325 3451 2688 3525 ἐνεργουμένας
2763 3455 3194 3525 κεχωρισμένως,
3263 3450 3371 3502 ἀλλ’
3461 3453 3728 3522 ἡνωμένως
3822 3451 3948 3502 ἐκά-

2328 3559 2453 3597 στην
2504 3543 2638 3612 μετὰ
2691 3549 2786 3602 τῆς
2845 3543 3061 3615 θατέρου
3110 3546 3375 3601 κοινωνίας
3432 3539 3736 3615 ἐνεργοῦσαν
3789 3541 3945 3592 τοῦθ’

2323 3630 2445 3703 ὅπερ
2497 3626 2632 3682 ἴδιον
2699 3631 2927 3701 ἔσχηκεν
2971 3647 2982 3658 ·
3043 3629 3161 3682 οὒτε
3225 3632 3322 3704 γὰρ
3379 3632 3446 3682 τὰ
3497 3628 3796 3703 ἀνθρώπινα
3853 3628 3944 3680 αν-

2325 3719 2593 3790 θρωπίνως
2645 3719 2925 3792 ἐνήργηκεν
2973 3763 2988 3789 ,
3041 3719 3098 3770 οὐ
3147 3722 3246 3793 γὰρ
3299 3718 3453 3789 ψιλὸς
3509 3715 3569 3776 ἦν
3626 3720 3928 3790 ἄνθρωπος’

2322 3808 2439 3858 οὔτε
2477 3810 2543 3858 τὰ
2610 3809 2724 3859 θεῖα
2782 3810 2917 3860 κατά
2972 3811 3100 3860 Θεὸν
3166 3813 3362 3879 μόνον,
3396 3807 3452 3858 οὐ
3507 3809 3604 3878 γὰρ
3674 3803 3733 3864 ἦν
3773 3812 3936 3878 μόνον

2322 3900 2450 3956 Θεὸς
2484 3911 2496 3924 ⁸
2537 3893 2642 3947 ἀλλ’
2676 3898 2732 3948 αἱ
2772 3893 2868 3948 δύο
2900 3900 3079 3968 φύσεις
3111 3893 3182 3956 εἷς
3235 3895 3346 3948 ἐστι
3413 3900 3654 3971 Χριστὸς,
3688 3900 3778 3948 καὶ
3809 3896 3834 3946 6
3863 3896 3933 3956 εἷς

2318 3988 2551 4057 Χριστὸς
2598 3981 2694 4036 δύο
2741 3989 2922 4057 φύσεις
2979 3985 3110 4038 ἐστί.
3169 3990 3269 4038 Καὶ
3335 3984 3499 4047 ἄλλως
3528 4000 3542 4014 ⁸
3576 3988 3634 4038 Εἰ
3673 3991 3794 4057 μίαν
3849 3987 3930 4036 θέ-

2315 4070 2469 4130 λησιν
2545 4075 2763 4146 εἴπωμεν
2814 4073 2896 4126 ἐπὶ
2949 4082 3040 4126 τοῦ
3105 4081 3338 4147 Χριστοῦ
3383 4079 3447 4134 ὤς
3496 4074 3578 4126 ἐπὶ
3633 4081 3728 4133 τῆς
3767 4074 3928 4144 ἁγίας

2311 4159 2576 4235 Τριάδος,
2610 4161 2756 4215 ἔσται
2806 4166 3014 4225 πάντως
3060 4168 3158 4236 μία
3202 4168 3292 4214 καὶ
3339 4165 3364 4220 ὁ
3402 4163 3531 4221 αὐτὴ
3577 4162 3781 4222 θέλησις
3829 4170 3925 4214 τοῦ

2313 4256 2512 4326 Πατρός
2579 4258 2670 4306 καὶ
2739 4261 2831 4305 τοῦ
2907 4258 3081 4324 Λόγου
3142 4258 3233 4305 καὶ
3291 4262 3380 4313 τῆς
3427 4258 3639 4326 σαρκός.
3681 4255 3817 4324 Πρὸς
3849 4253 3924 4312 οἷς

2309 4343 2584 4417 εἰρήκαμεν
2653 4346 2729 4396 ἔτι
2788 4347 2877 4395 καὶ
2933 4351 3086 4395 τοῦτο
3152 4346 3278 4404 ἴσως
3341 4345 3714 4407 προσθήσουσι
3791 4339 3921 4394 δια-

2307 4434 2638 4493 σκευάζοντες
2711 4432 3124 4504 συλλογιστικῶς
3158 4450 3168 4461 ·
3205 4433 3316 4484 Οὐκ
3355 4436 3469 4484 ἔστι
3519 4435 3670 4504 φύσις
3726 4431 3920 4485 ἀνυπο-

537 4519 740 4576 volent
789 4537 802 4574 :
861 4521 986 4574 Non
1033 4521 1122 4574 est
1167 4522 1383 4573 natura
1429 4517 1660 4589 absque
1715 4517 2030 4590 hypostasi
2087 4537 2193 4576 seu

2333 4543 2494 4584 ’τατος
2545 4527 2660 4580 ἤτοι
2719 4519 3034 4595 διπρόσωπος
3066 4537 3079 4551 °
3117 4522 3160 4574 εἰ
3208 4518 3294 4574 οὖν
3347 4518 3443 4574 δύο
3470 4564 3483 4588 ,
3516 4528 3646 4594 φασὶ
3671 4566 3684 4593 ,
3739 4526 3918 4594 φύσεις

537 4623 796 4682 persona
840 4626 852 4676 ;
925 4606 975 4661 si
1007 4605 1226 4676 igitur,
1276 4606 1560 4678 inquiunt
1613 4606 1767 4662 duas
1832 4613 2078 4664 naturas
2130 4610 2192 4666 in

539 4698 766 4756 Christo
803 4695 1149 4761 dixerimus,
1181 4695 1336 4750 duas
1365 4710 1610 4767 quoque
1641 4696 1999 4767 hypostases
2021 4698 2192 4754 indu-

538 4803 786 4855 cemus;
838 4790 1018 4857 atque
1069 4785 1151 4840 ita
1202 4801 1342 4840 cum
1393 4784 1664 4840 Nestorio
1717 4786 2043 4842 sentiemus
2088 4789 2194 4860 qui

539 4877 692 4934 duas
722 4877 1082 4949 hypostases
1112 4873 1173 4928 in
1198 4873 1430 4929 Christo
1461 4888 1591 4929 esse
1620 4873 1841 4930 docuit.

945 4991 1045 5047 Ad
1071 4990 1135 5047 id
1163 4989 1642 5060 respondendum
1675 4995 1780 5047 est.

609 5117 692 5167 12.
735 5111 840 5168 Pia
860 5110 1139 5178 Ecclesia,
1157 5108 1681 5181 quemadmodum
1723 5109 1962 5166 Sabellii
1998 5127 2190 5183 synae-

2303 4612 2386 4665 ἐπί
2440 4619 2676 4686 Χριστοῦ
2728 4615 2945 4684 εἴπωμεν
2975 4655 2990 4679 ,
3035 4608 3132 4663 δύο
3191 4616 3281 4663 καί
3328 4613 3650 4673 ὑποστάσεις
3709 4630 3916 4664 συνεισ-

2303 4705 2583 4772 ενέγκωμεν
2609 4718 2622 4731 ·
2655 4705 2746 4752 καί
2775 4701 2910 4753 οὕτω
2956 4708 3364 4773 συμφρονοῦντες
3391 4700 3614 4773 ἐσόμεθα
3641 4705 3912 4776 Νεστορίῳ

2304 4789 2400 4844 δύο
2430 4791 2750 4851 ὑποστάσεις
2789 4789 2870 4842 ἐπί
2893 4797 3128 4865 Χριστοῦ
3151 4787 3546 4862 δογματίζοντι.

2776 4995 2974 5054 Ῥητέον
3007 4993 3066 5048 6“:
3094 4999 3222 5071 πρὸς
3248 5003 3422 5051 τοῦτο.

2373 5111 2454 5169 ιϐ.
2494 5111 2578 5172 Ὠς
2624 5113 2652 5170 ἡ
2698 5111 2911 5174 εὐσεϐὴς
2952 5111 3256 5180 Ἐκκλησία,
3284 5114 3455 5188 ὥσπερ
3498 5115 3584 5170 τὴν
3630 5109 3901 5166 Σαϐελλίου

2300 5207 2596 5276 συναίρεσιν
2673 5199 3076 5274 ἆποπεμπομένη
3132 5244 3145 5270 ,
3223 5209 3354 5274 τρεῖς
3419 5203 3737 5262 ὑποστάσεις
3812 5206 3902 5253 καί

2295 5295 2417 5364 μίαν
2471 5293 2626 5364 φύσιν
2684 5291 2765 5343 ἐπί
2821 5300 2910 5352 τῆς
2967 5291 3122 5363 ἁγίας
3176 5289 3407 5365 Τριάδος
3463 5289 3747 5364 ὁμολογεῖ,
3812 5295 3900 5342 καί

2294 5385 2387 5440 τὴν
2448 5381 2645 5452 Ἀρείου
2715 5381 2785 5442 εἰς
2838 5380 3141 5456 ἑτερογενεῖς
3192 5388 3326 5457 τρεῖς
3388 5381 3704 5439 ὑποστάσεις
3769 5377 3897 5431 ἀπο-

2296 5468 2695 5531 σκυϐαλίζουσα
2739 5467 3030 5545 διαίρεσιν,
3081 5475 3203 5543 μίαν
3249 5473 3404 5542 φύσιν
3467 5469 3895 5544 τρισυποστάτου

2293 5563 2549 5620 Θεότητος
2599 5556 2850 5630 δοξάζει,
2891 5560 3026 5613 οὓτω
3071 5565 3160 5612 καί
3195 5567 3306 5620 τοῖς
3345 5563 3729 5632 Μονοφυσίταις
3769 5556 3893 5610 ἀπο-

2289 5651 2544 5722 μάχεταί,
2614 5651 2880 5723 φάσκουσι
2919 5655 3043 5724 μίαν
3083 5653 3237 5723 φύσιν
3275 5648 3359 5702 ἐπί
3414 5654 3644 5724 Χριστοῦ
3703 5643 3800 5702 διὰ
3837 5651 3890 5701 τὸ

528 5203 712 5258 resim
749 5201 1076 5274 repudians
1119 5204 1235 5255 tres
1264 5214 1560 5271 personas
1586 5203 1642 5255 et
1672 5216 1858 5256 unam
1904 5205 2186 5258 naturam

529 5291 927 5347 sanctissimae
984 5288 1279 5345 Trinitatis
1331 5289 1667 5356 conﬁtetur,
1699 5294 1756 5344 et
1802 5289 1922 5344 Arii
1977 5290 2038 5344 in
2069 5295 2186 5346 tres

529 5380 852 5436 dissimiles
877 5380 1234 5451 hypostases
1247 5377 1603 5433 divisionem
1623 5379 2184 5451 respuens,unicam

525 5474 808 5526 naturam
850 5468 1069 5522 divinae
1112 5466 1407 5522 Trinitatis
1455 5466 1649 5537 docet,
1674 5468 1757 5523 sic
1779 5473 1834 5522 et
1856 5469 2180 5542 Monophy-

527 5558 671 5614 sitas
695 5557 1015 5629 impugnat
1044 5555 1381 5612 dictitantes
1430 5570 1618 5612 unam
1648 5572 1778 5612 esse
1807 5560 2090 5629 naturam
2119 5557 2182 5614 in

529 5649 755 5706 Christo
784 5651 842 5704 et
871 5661 1058 5704 unam
1096 5661 1225 5704 esse
1277 5646 1679 5721 hypostasim.
1713 5647 1885 5712 Quod
1930 5652 2181 5720 praeten-
