4040 6318
52 294 137 346 1ῠ1
1405 289 1755 346 THESAURI
1791 288 1927 346 LIB.
1974 290 2132 347 XVII.

3354 309 3453 362 102

48 421 127 467 ui
206 420 329 475 τήν
410 420 714 472 ὑπόστασιν
781 416 912 472 εἶναι
969 419 1111 488 μίαν.
1192 417 1294 469 Καὶ
1366 415 1693 466 κατασκευά-

1818 414 1958 470 iunt
1985 415 2245 472 dicendo
2275 432 2398 474 non
2428 434 2559 475 esse
2611 424 2891 478 naturam
2950 423 3079 480 sine
3134 425 3455 499 hypostasi

47 508 196 565 ζουσι
249 514 435 559 τοῦτο
469 506 524 559 ἐκ
554 516 648 560 τοῦ
686 509 853 581 λέγειν
908 510 979 579 μὴ
1006 503 1155 558 -εῖναι
1192 506 1348 577 φύσιν
1389 503 1690 556 ἀνυπόστα-

46 614 117 646 τον
159 599 309 653 ἤτοι
352 598 682 671 διπρόσωπον
710 619 722 632 ·
775 592 898 650 οὑδὲ
926 597 1023 671 γὰρ
1054 597 1084 655 ἠ
1135 592 1183 645 ἓν
1230 601 1446 668 Χριστῷ
1490 592 1688 665 ἀνθρω-

42 688 153 741 τύξ
218 687 406 756 φύσις
472 684 831 747 ἀνυπόστατος
884 687 970 737 οἶα
1018 693 1091 755 τῷ
1152 688 1304 754 Λόγῳ
1342 683 1690 736 ἐνυποστᾶσα.

50 777 452 846 Προσεπάγειν
511 773 573 829 δε
608 782 702 830 καὶ
750 784 919 829 ταῦτα
946 779 1116 849 χρεὼν
1153 777 1280 848 πρὸς
1324 776 1391 825 τὰ
1417 774 1539 848 παρ’
1580 779 1692 847 Λρ-

52 867 234 914 ςιενίων
308 864 750 937 συλλογιστικῶς
804 870 1198 938 προτεινόμενα.
1244 862 1444 935 Ὠσπερ
1502 864 1559 914 αἱ
1597 859 1694 914 δύο

48 958 341 1021 γεννήσεις
420 962 690 1028 Χριστοῦ,
760 958 1025 1007 τουτέστιν
1100 956 1130 1012 ἡ
1191 956 1292 1027 πρὸ
1369 953 1565 1004 αἰώνων
1639 950 1697 1003 ἐκ

47 1046 261 1114 Ξιπτρός
323 1048 481 1096 κατὰ
530 1050 620 1104 τὴν
679 1047 919 1112 θεότητα,
951 1050 1043 1097 καὶ
1089 1046 1115 1102 ὁ
1179 1043 1257 1096 ἐπ’
1297 1041 1540 1115 ἕσχάτων
1597 1050 1697 1096 τῶν

47 1152 266 1203 lpum
306 1133 373 1185 ἐκ
426 1136 701 1208 Παρθένου
750 1137 890 1187 κατὰ
943 1126 1039 1192 τὴν
1076 1132 1479 1208 ἁνθρωπότητα,
1528 1131 1576 1184 ἐν
1629 1129 1693 1194 τῇ

51 1228 141 1291 ξιοᾷ
170 1231 283 1274 τοῦ
337 1230 492 1279 Θεοῦ
540 1228 720 1297 Λόγου
760 1226 1051 1281 ὑποστάσει
1085 1227 1375 1295 γινόμεναι,
1416 1222 1511 1274 οὑκ
1557 1221 1696 1275 ἐποί-

54 1330 182 1366 ισαν
256 1314 606 1385 προσθήκην
670 1314 1046 1373 ὑποστάσεως’
1117 1311 1277 1372 οὑτως
1328 1309 1442 1364 οὐδ’
1490 1310 1545 1363 ἐκ
1594 1320 1694 1363 τῶν

53 1396 137 1451 δύο
213 1401 361 1453 καθ’
437 1403 742 1455 ὑπόστασιν
807 1404 1074 1474 ἡνωμένων
1149 1404 1349 1474 φύσεων
1412 1402 1690 1476 προσθήκη

52 1497 365 1563 προσώπου
429 1490 653 1563 ἐγένετο.
729 1494 868 1566 Πρὸς
939 1499 1066 1563 γοῦν
1130 1494 1254 1553 τούς
1315 1491 1558 1563 λέγοντας
1618 1495 1689 1563 μὴ

54 1576 175 1630 εἶναι
261 1583 448 1652 φύσιν
527 1579 907 1650 ἀνυπόστατον,
981 1582 1163 1656 ρητεον
1228 1584 1297 1642 ὡς
1363 1578 1488 1633 οὐδὲ
1543 1586 1691 1641 τόκος

56 1670 190 1721 ἐστὶν
219 1668 595 1745 ἀπροσωπος.
640 1672 832 1723 Ἰστέον
861 1667 921 1723 δε
963 1672 1030 1732 ὡς
1074 1673 1123 1723 οἱ
1162 1675 1286 1742 μίαν
1324 1669 1411 1722 ἐπὶ
1458 1675 1693 1744 Χριστοῦ

1806 519 2257 575 εειιηρθτδοηει.
2331 509 2460 562 Non
2528 508 2688 565 enim
2759 526 2895 581 qum
2956 512 3016 567 in
3075 515 3302 573 Christo
3368 522 3458 575 est

1801 591 2074 649 humana
2104 599 2343 661 natura,
2386 596 2514 651 sine
2544 596 2859 669 hypostasi
2910 606 3017 667 est,
3077 619 3215 660 cum
3266 608 3455 663 Verbo

1803 689 2205 753 supponatur.
2262 686 2395 741 Htec
2451 691 2508 741 et
2554 688 2784 759 opponi
2814 696 3047 761 oportet
3091 693 3170 748 ad
3198 710 3270 751 ea
3314 712 3451 769 quae

1804 768 2172 840 syllogistice
2191 771 2400 829 dicunt
2421 776 2684 830 Armenii
2718 792 2730 829 :
2757 778 3286 842 Quemadmodum
3316 768 3453 841 duae

1805 858 2017 916 Christi
2093 862 2533 931 generationes,
2590 864 2652 919 id
2708 872 2814 932 est,
2885 873 3107 926 aeterna
3159 888 3231 927 ex
3289 877 3454 931 Patre

1808 949 2113 1016 generatio
2143 951 2478 1007 secundum
2508 953 2974 1027 divinitatem,et
2993 958 3051 1013 in
3083 959 3202 1015 ﬁne
3228 966 3455 1035 tempo-

1806 1051 1943 1092 rum
1974 1053 2047 1091 ex
2065 1037 2297 1109 Virgine
2323 1041 2628 1111 generatio
2659 1045 2993 1101 secundum
3012 1046 3454 1109 humanitatem

1806 1126 1868 1181 in
1896 1140 2017 1181 una
2048 1126 2151 1182 Dei
2174 1127 2341 1183 Verbi
2366 1127 2679 1201 hypostasi
2718 1132 2937 1189 habita:
2966 1151 3083 1191 non
3114 1137 3455 1210 hypostasis

1808 1214 2179 1272 additionem
2233 1216 2520 1287 effecere;
2576 1221 2660 1276 ita
2701 1236 2897 1295 neque
2940 1241 3013 1281 ex
3058 1226 3300 1286 duabus
3349 1246 3456 1303 per

1804 1304 2182 1376 hypostasim
2234 1308 2414 1363 unitis
2459 1310 2690 1365 naturis
2746 1328 3019 1383 personae
3048 1315 3207 1375 facta
3232 1324 3324 1377 est
3352 1320 3455 1377 ad-

1805 1393 1977 1450 ditio.
2025 1394 2114 1449 Ad
2144 1411 2249 1451 eos
2308 1396 2489 1466 igitur
2539 1399 2645 1470 qui
2691 1400 2894 1457 dicunt
2953 1419 3078 1461 non
3106 1421 3238 1463 esse
3280 1414 3456 1467 natu-

1803 1498 1935 1537 ram
2001 1483 2235 1555 absque
2298 1484 2635 1557 hypostasi,
2694 1488 3019 1547 dicendum
3079 1499 3192 1564 est,
3260 1512 3456 1571 neque

1806 1571 2017 1628 Christi
2048 1574 2497 1642 generationem
2527 1576 2757 1649 absque
2784 1594 3044 1651 persona
3081 1599 3230 1641 esse.
3264 1587 3459 1644 Scien-

1806 1660 1955 1717 dum
1983 1678 2123 1718 vero
2148 1679 2251 1719 eos
2276 1665 2377 1737 qui
2408 1665 2651 1722 unicam
2684 1683 2814 1724 esse
2836 1669 2897 1724 in
2927 1670 3158 1729 Christo
3177 1680 3457 1734 naturam

59 1762 207 1827 ῖονσιν
265 1755 602 1821 δοξάζοντες
638 1761 669 1819 ἡ
712 1764 808 1817 την
867 1761 1088 1817 θεὸτητα
1111 1768 1374 1833 τραπῆναι
1411 1767 1485 1819 εἰς
1525 1761 1698 1833 σάρκα

1818 1749 2150 1822 opinantur,
2209 1758 2313 1810 aut
2378 1755 2615 1827 opinari
2669 1756 3040 1816 divinitatem
3096 1762 3157 1818 in
3213 1780 3458 1823 carnem

63 1844 432 1914 δοξάζουσιν,
483 1849 514 1907 ἡ
571 1854 667 1907 τὴν
709 1851 883 1922 σάρκα
928 1849 1207 1921 όμοούσιον
1261 1856 1324 1921 τῇ
1383 1849 1589 1907 θεότητι
1616 1867 1697 1920 γε·

62 1940 276 2006 νὲσθοιι,
339 1939 482 2013 οἷπερ
530 1946 631 1991 τῶν
677 1936 967 2011 ἀμηχάνων
1030 1942 1121 1991 καὶ
1179 1934 1451 1990 ἀδυνάτων
1507 1936 1647 1991 εστίν
1680 1953 1694 1968 °

66 2026 101 2077 εἰ
126 2023 190 2079 δε
210 2024 530 2101 μηδέτερον
567 2030 788 2095 τούτων,
820 2027 968 2100 ἑτέρα
996 2030 1199 2088 πάντως
1235 2032 1326 2080 καὶ
1360 2027 1507 2100 ἑτέρα
1542 2030 1700 2099 φύσις

66 2116 111 2166 ἐν
141 2124 407 2189 Χριστῷ.

134 2258 227 2331 ιγ’.
265 2257 399 2313 Ἐτι
461 2257 507 2311 εἰ
560 2261 700 2311 κατά
741 2258 962 2333 ἀριθμὸν
1006 2268 1104 2312 τῶν
1145 2262 1345 2333 φύσεων
1399 2255 1698 2313 διδάσκου-

72 2367 146 2399 σιν
198 2344 352 2400 εἶναι
396 2352 494 2399 καὶ
539 2350 605 2399 τὰ
633 2352 894 2422 πρόσωπα
930 2354 1020 2401 καὶ
1058 2352 1115 2401 τὸ
1154 2348 1393 2422 ἔμπαλιν,
1424 2354 1514 2402 καὶ
1562 2345 1698 2424 τρεῖς

72 2439 169 2507 ipa
208 2440 413 2509 φύσεις
456 2433 541 2489 ἐπὶ
593 2444 685 2496 τῆς
723 2436 880 2508 ἁγίας
909 2433 1136 2509 Τριάδος
1169 2438 1501 2510 εἰσενέγκωσι
1552 2458 1698 2511 τρισ-

71 2528 390 2579 νποστάτον
444 2528 609 2587 οὔσης
653 2547 665 2559 ·
734 2527 765 2585 ἦ
829 2529 888 2578 τὸ
927 2526 1177 2579 ἀνάπαλιν
1231 2531 1359 2601 μίαν
1406 2529 1697 2580 ὑπόστασιν

74 2620 262 2668 eich
300 2612 407 2669 διὰ
457 2617 519 2667 τὸ
560 2611 801 2667 ἐναδικὸν
842 2624 933 2677 τῆς
964 2618 1185 2690 φύσεως.
1229 2623 1313 2669 Δεῖ
1349 2613 1407 2669 δὲ
1433 2621 1523 2669 καὶ
1547 2624 1699 2669 τοῦτο

76 2700 273 2756 ειδέναι
338 2705 414 2764 ὡς
466 2704 521 2754 οὶ
563 2702 864 2756 Ἰακωϐῖται
909 2709 1000 2757 καὶ
1047 2707 1096 2757 οἱ
1157 2705 1418 2778 Ἀρμένιοι
1472 2709 1572 2778 πρὸ
1610 2708 1700 2778 μὲν

77 2801 167 2854 τῆς
230 2793 483 2852 ὶνὼσεως
538 2788 636 2844 δύο
675 2795 857 2865 φύσεις
909 2792 993 2846 ἰπὶ
1050 2801 1283 2867 Χριστοῦ
1328 2795 1644 2867 ὁμολογοῦσι
1684 2811 1697 2823 ⁸

78 2885 206 2954 μετὰ
255 2879 324 2934 τῖε
380 2885 483 2939 τήν
548 2881 729 2934 ἕνωσιν
769 2886 889 2953 μίαν
938 2884 1177 2935 σύνθετον
1243 2887 1557 2955 συγχέοντες
1603 2882 1702 2957 ἀμ-

84 2978 300 3046 ῳτέρας
362 2975 463 3029 τήν
504 2990 559 3022 τι
617 2972 756 3023 θείαν
809 2976 900 3024 καὶ
937 2976 1032 3029 τὴν
1082 2970 1429 3046 ἀνθρωπίνην,
1482 2978 1572 3025 καὶ
1612 2969 1706 3025 διὰ

80 3068 235 3113 τοῦτο
285 3065 386 3111 καὶ
422 3062 552 3131 μίαν
592 3061 747 3132 φύσιν
774 3059 1121 3132 ὀνομάζουσιν
1153 3082 1166 3094 ·
1209 3063 1321 3114 ὅθεν
1376 3067 1465 3115 καὶ
1504 3058 1705 3114 δικαιο-

82 3149 402 3222 ἳγηοὺμενοι
452 3152 585 3223 πρὸς
636 3152 759 3211 τοὺς
807 3148 1050 3220 λέγοντας
1105 3150 1328 3213 εὐσεϐῶς
1374 3148 1468 3203 δύο
1536 3154 1710 3223 φύσεις

86 3240 168 3292 ἐπὶ
240 3246 517 3312 Χριστοῦ,
555 3238 768 3310 λέγουσι
824 3244 894 3311 μὴ
955 3237 1085 3292 εἶναι
1143 3243 1297 3313 φύσιν
1356 3239 1711 3294 ἀνυπόστατον

90 3334 204 3385 ἤτοι
254 3328 588 3402 ἀπροσωπον
632 3349 644 3360 ·
714 3333 804 3381 καὶ
854 3331 921 3390 ὡς
964 3334 1013 3381 οὶ
1053 3332 1333 3402 φάσκοντες
1388 3326 1482 3383 δύο
1532 3334 1713 3403 φύσεις

88 3416 170 3470 ἐπὶ
213 3425 469 3492 Χριστοῦ
513 3421 604 3469 καὶ
648 3413 746 3469 δύο
793 3419 1110 3481 ὑποστάσεις
1142 3420 1419 3491 εἰσάγουσι
1456 3424 1592 3472 κατὰ
1624 3424 1711 3472 τόν

89 3512 404 3581 hct-opm,
437 3511 528 3558 καὶ
567 3506 741 3559 οὐκέτι
797 3511 915 3580 τρία
950 3512 1208 3583 πρόσωπα
1259 3513 1375 3567 ἤτοι
1412 3516 1548 3583 τρεῖς
1579 3510 1712 3562 ὑπο-

92 3599 310 3656 στάσεις
382 3596 718 3670 εὑρίσκονται
779 3594 1007 3668 λέγοντες
1061 3594 1144 3649 ἐπὶ
1191 3605 1287 3659 τῆς
1352 3597 1506 3669 ἁγίας
1558 3600 1715 3673 Τριά-

90 3681 203 3754 δος,
246 3684 390 3737 ἀλλά
429 3689 523 3736 καὶ
550 3689 832 3759 τέσσαρας.
869 3691 968 3738 Καὶ
996 3689 1132 3738 κατὰ
1168 3694 1321 3739 τοῦτο
1360 3692 1449 3746 τὴν
1489 3686 1537 3739 ἐν
1577 3688 1706 3740 Χαλ-

89 3770 286 3832 κηδόνι
320 3768 552 3826 σύνοδον
602 3771 1096 3847 ἀναθεματίξουσιν,
1131 3778 1197 3837 ὡς
1247 3772 1405 3834 δῆθεν
1454 3772 1551 3829 δύο
1591 3778 1713 3829 ὑπο-

92 3866 317 3925 στάσεις
370 3861 457 3915 ἐπὶ
519 3870 755 3935 Χριστοῦ
812 3869 1128 3940 κυρώσασαν
1160 3879 1175 3895 ⁸
1236 3866 1372 3917 οὑτω
1419 3869 1520 3941 γὰρ
1578 3868 1714 3918 κατὰ

90 3960 182 4012 την
224 3952 409 4004 αὐτῶν
448 3947 608 4014 δόξαν
633 3955 726 4013 τὰς
764 3956 943 4025 φύσεις
982 3959 1131 4026 φασί.
1160 3962 1244 4025 Τῷ
1273 3951 1333 4008 δὲ
1361 3954 1491 4026 ἁγίῳ
1528 3954 1713 4030 Κυρίλ-

91 4044 163 4113 λῳ
196 4049 441 4114 συνεργῷ
481 4050 575 4103 τῆς
614 4042 782 4094 αὐτῶν
810 4045 1050 4117 αἱρέσεως
1094 4052 1332 4119 χρῶνται
1370 4043 1419 4094 ἐν
1468 4044 1545 4105 οἷς
1585 4063 1714 4116 φησι

96 4138 227 4204 μίαν
281 4133 448 4203 φύσιν
487 4138 580 4183 τοῦ
628 4136 799 4203 Λόγου
860 4137 1277 4207 σεσαρκωμένην,
1325 4137 1420 4191 τὴν
1470 4136 1715 4191 τοιαύτην

98 4232 258 4294 prima
298 4219 412 4292 οὐχ
468 4222 537 4282 ὡς
584 4219 766 4281 ἐκεῖνος
806 4223 990 4292 ἔφησεν
1029 4219 1447 4295 ἐκλαμϐάνοντες,
1499 4220 1606 4274 ἀλλ’
1646 4222 1718 4285 εἰς

102 4312 162 4369 ἦν
198 4309 355 4361 αὐτοί
384 4326 516 4380 φασι
559 4311 713 4380 φύσιν
759 4307 843 4361 ἐπὶ
874 4316 1108 4382 Χριστοῦ
1151 4314 1549 4382 συγκεχυμένην
1588 4312 1720 4383 μετὰ

106 4406 199 4457 τήν
239 4399 451 4467 ἕνωσιν²
480 4397 510 4455 ἣ
551 4396 742 4470 μᾶλλον
772 4397 1186 4471 μπαϐληθείσαν
1226 4399 1295 4461 εἰς
1337 4400 1571 4459 θεότητα.

180 4644 272 4701 ιδ’.
349 4647 511 4699 Πάλιν
571 4647 621 4700 οἱ
686 4647 836 4701 αὐτοὶ
894 4648 1115 4712 εὐσεϐῶς
1178 4657 1410 4713 νοοῦντες
1466 4655 1561 4710 τήν
1626 4658 1720 4704 τοῦ

112 4737 485 4810 οὖα-ηελιστοῦ
565 4737 801 4791 Ἰωάννου
878 4744 1083 4811 φωνὴν,
1163 4741 1275 4802 ἣτις
1350 4744 1480 4813 φησὶ
1525 4758 1539 4772 ’
1619 4746 1721 4795 Καὶ

113 4830 135 4880 ὁ
212 4832 388 4899 Λόγος
448 4825 582 4900 σὰρξ
635 4831 857 4899 ἐγένετο,
912 4831 1232 4902 παράγοντες
1286 4826 1345 4882 δε
1409 4834 1501 4883 καὶ
1562 4831 1720 4905 ῥῆσιν

111 4925 197 4969 τοῦ
248 4915 407 4988 ἁγίου
465 4914 782 4969 Ἀθανασίου
840 4916 972 4971 οὑτω
1029 4917 1283 4990 λέγουσαν
1314 4935 1326 4948 ·
1371 4940 1399 4969 ‹‹
1439 4925 1498 4971 '0
1549 4923 1719 4992 Λόγος

116 5006 245 5079 σὰρξ
284 5005 506 5077 ἐγένετο,
576 5006 659 5058 ἶνα
714 5011 805 5059 καὶ
869 5008 901 5065 ἡ
973 5007 1106 5080 σὰρξ
1159 5009 1371 5079 γίνηται
1430 5012 1646 5080 Λόγος⁹
1687 5030 1718 5060 ››

122 5096 245 5148 ἐξ)λά
313 5099 407 5146 καὶ
462 5099 751 5170 Γρηγόριον
824 5099 910 5148 τόν
978 5102 1232 5169 Θεο).όγον
1272 5099 1557 5170 φάσκοντα.
1619 5102 1721 5152 Καὶ

121 5184 287 5260 θαρῥῶ
324 5182 488 5255 λέγειν
545 5185 782 5257 όμόθιον,
823 5188 913 5237 καὶ
949 5189 1161 5258 γεγονός
1213 5188 1335 5262 ὅπερ
1374 5189 1433 5240 τό
1468 5191 1668 5263 χρίσαν
1700 5201 1716 5218 ⁸

122 5277 189 5326 ἔτι
247 5270 307 5327 δί
368 5278 457 5326 καὶ
521 5277 608 5326 τὸν
660 5278 949 5327 Νυσσαέων
1007 5279 1290 5351 Γρηγόριον
1347 5277 1542 5329 οὑτωσὶ
1580 5273 1720 5340 διεξ-

134 5368 273 5416 ιόντα
303 5385 317 5396 ·
398 5364 638 5418 Καθάπει
716 5368 924 5437 σταγὼν
982 5363 1131 5428 ὄξους
1194 5364 1455 5439 βληθεῖσα
1527 5364 1575 5418 ἓν
1647 5373 1721 5438 τῷ

126 5452 317 5525 πελάγει
389 5460 491 5514 τῆς
567 5453 845 5515 θαλάσσης
930 5454 1023 5506 οὐκ
1115 5457 1192 5508 ἔτι
1263 5454 1405 5508 ἐστὶν
1489 5454 1538 5507 ἓν
1611 5461 1722 5518 τοῖς

131 5538 271 5603 ἰδίοις
356 5550 450 5595 τοῦ
543 5541 698 5605 ὄξους
785 5539 1099 5615 ὶδιὼμασιν,
1178 5541 1308 5597 ἀλλὰ
1403 5546 1720 5617 μετεποιήθη

128 5635 201 5684 κοί
261 5633 553 5707 συνεκράθη
617 5629 671 5695 ἐς
734 5633 797 5685 τὸ
860 5639 953 5685 τοῦ
1007 5632 1265 5708 πελάγους
1337 5642 1439 5687 τῶν
1513 5629 1721 5688 ὑδάτων

1806 1854 1942 1896 esse
1971 1848 2460 1911 conversam,aut
2475 1860 2720 1902 carnem
2745 1845 3040 1906 divinitati
3064 1854 3461 1912 consubstan-

1806 1927 2009 1985 tialem
2040 1928 2260 1987 factam
2289 1947 2442 1997 esse,
2468 1948 2605 2005 quas
2634 1933 2906 1992 absurda
2953 1942 3009 1994 et
3056 1939 3458 2013 impossibilia

1807 2021 1983 2084 sunt;
2026 2018 2075 2074 si
2099 2034 2281 2090 porro
2307 2025 2591 2077 neutrum
2621 2038 2695 2079 ex
2721 2023 2836 2093 his,
2881 2025 3068 2085 altera
3118 2030 3368 2089 omnino
3399 2038 3459 2090 et

1806 2105 1993 2163 altera
2016 2107 2079 2163 in
2104 2108 2336 2166 Christo
2368 2114 2607 2167 natura.

1882 2255 1970 2308 t3.
2010 2252 2303 2309 Praeterea
2331 2252 2380 2308 si
2434 2270 2507 2310 ex
2535 2258 2891 2312 naturarum
2942 2272 3198 2316 numero
3237 2261 3461 2321 docent

1808 2357 1938 2398 esse
1973 2346 2032 2398 et
2058 2357 2352 2414 personas
2385 2359 2455 2399 ac
2494 2344 2623 2400 vice
2652 2361 2851 2413 versa,
2896 2350 2954 2403 et
2980 2352 3097 2405 tres
3126 2349 3304 2420 igitur
3350 2368 3461 2410 na-

1809 2435 1975 2488 turas
2008 2437 2233 2488 sanctae
2263 2431 2560 2488 Trinitatis
2592 2433 2903 2498 inducant,
2961 2452 3100 2493 cum
3148 2440 3225 2495 sit
3274 2440 3462 2498 tribus

1807 2521 2085 2594 personis
2129 2524 2455 2590 constans;
2488 2521 2583 2578 vel
2610 2538 2853 2580 rursum
2879 2526 3121 2583 unicam
3175 2527 3464 2603 hyposta-

1810 2609 1927 2665 sim
1958 2607 2178 2679 dicant,
2214 2626 2353 2666 cum
2387 2610 2567 2667 unica
2595 2611 2669 2667 sit
2697 2611 2878 2684 hujus
2904 2618 3139 2672 natura.
3172 2617 3236 2673 Id
3262 2623 3463 2676 autem

1809 2698 2122 2755 sciendum
2163 2703 2252 2754 est
2275 2699 2575 2756 Jacobitas
2621 2716 2866 2774 quoque
2896 2706 2952 2758 et
2988 2706 3299 2762 Armenios
3328 2711 3465 2764 ante

1812 2788 2095 2844 unionem
2119 2787 2367 2861 quidem
2393 2787 2544 2845 duas
2574 2794 2821 2846 naturas
2845 2789 2905 2846 in
2928 2792 3156 2850 Christo
3172 2795 3462 2865 conﬁteri;

1812 2881 1947 2950 post
1973 2876 2261 2933 unionem
2287 2892 2431 2933 vero
2452 2893 2639 2933 unam
2665 2881 3307 2951 compositam,amhas
3328 2900 3467 2941 con-

1813 2963 2152 3033 fundentes,
2183 2965 2453 3023 divinam
2502 2971 2557 3022 et
2593 2967 2949 3036 humanam,
3004 2974 3060 3026 et
3085 2971 3222 3029 ideo
3277 2990 3464 3031 unam

1816 3058 2095 3110 naturam
2127 3054 2458 3127 appellare.
2499 3055 2663 3112 Unde
2687 3057 2778 3111 sui
2802 3056 3161 3115 defendendi
3189 3077 3373 3119 causa
3393 3062 3466 3118 iis

1817 3144 1923 3219 qui
1969 3145 2065 3217 pie
2121 3143 2330 3199 dicunt
2369 3145 2524 3200 duas
2565 3161 2698 3200 esse
2736 3146 2798 3201 in
2845 3146 3074 3203 Christo
3099 3154 3346 3208 naturas
3377 3166 3465 3207 re-

1819 3233 2120 3306 spondent
2150 3247 2275 3288 non
2300 3248 2428 3288 esse
2458 3236 2739 3289 naturam
2761 3234 2990 3308 absque
3014 3236 3333 3308 bypostasi
3360 3255 3468 3296 seu

1819 3337 2108 3396 persona.
2148 3323 2215 3376 Et
2243 3337 2345 3378 eos
2374 3321 2479 3394 qui
2523 3321 2677 3377 duas
2706 3338 2835 3378 esse
2863 3323 2926 3378 in
2956 3324 3180 3382 Christo
3218 3332 3469 3385 naturas

1821 3411 2145 3484 opinantur
2183 3416 2240 3466 et
2282 3410 2434 3467 duas
2476 3410 2862 3483 hypostases,
2890 3416 2956 3468 ut
2983 3416 3337 3486 Nestorium,
3384 3417 3471 3474 in-

1821 3501 2061 3571 ducere,
2079 3505 2135 3557 et
2155 3515 2277 3558 non
2306 3505 2423 3557 tres
2444 3516 2735 3573 personas
2754 3518 2858 3557 seu
2879 3507 2995 3559 tres
3023 3503 3383 3578 hypostases
3407 3508 3471 3563 in

1824 3595 2037 3647 sancta
2065 3590 2341 3647 Trinitate
2370 3588 2638 3646 dicentes
2667 3591 2933 3662 reperiri,
2962 3592 3069 3649 sed
3102 3598 3159 3650 et
3186 3600 3466 3666 quatuor.

1824 3679 2039 3736 Elinde
2060 3677 2608 3736 Chalcedonensem
2628 3679 2931 3752 synodum
2945 3683 3469 3752 anathematizant,

1823 3774 2027 3842 utpote
2080 3785 2217 3843 quae
2251 3768 2405 3825 duas
2458 3769 2519 3824 in
2568 3769 2798 3826 Christo
2825 3769 3184 3844 hypostases
3212 3788 3340 3828 esse
3369 3772 3469 3829 de-

1822 3858 2071 3916 creverit
2100 3877 2112 3914 :
2144 3859 2225 3916 ita
2254 3860 2412 3915 enim
2436 3859 2767 3915 secundum
2802 3875 2980 3915 suam
3010 3860 3345 3919 doctrinam
3368 3877 3475 3935 ap-

1822 3949 2048 4021 pellant
2098 3953 2367 4005 naturas.
2424 3948 2641 4004 Sancto
2698 3954 2901 4004 autem
2954 3949 3169 4020 Cyrillo
3228 3955 3294 4006 ut
3346 3966 3471 4005 suae

1798 4030 2115 4093 'haareseos
2143 4036 2433 4108 complice
2473 4041 2742 4106 utuntur,
2771 4052 2843 4093 eo
2885 4037 3054 4109 quod
3100 4036 3313 4095 dixerit
3339 4039 3472 4094 uni-

1825 4143 1959 4183 cam
1991 4141 2120 4181 esse
2145 4130 2426 4181 naturam
2455 4125 2627 4180 Verbi
2651 4124 3050 4193 incarnatam,
3083 4126 3241 4182 hanc
3260 4142 3473 4183 vocem

1825 4231 1947 4272 non
1993 4214 2055 4271 in
2094 4214 2309 4269 eodem
2358 4229 2537 4269 sensu
2585 4229 2771 4285 quam
2820 4214 2916 4270 ille
2946 4221 3329 4289 usurpantes,
3367 4216 3475 4273 sed

1825 4306 1985 4362 hanc
2013 4308 2295 4361 naturam
2343 4318 2473 4359 esse
2521 4303 2895 4360 contendunt
2933 4320 3068 4362 eam
3096 4322 3287 4378 quam
3335 4310 3477 4379 post

1827 4393 2094 4451 unionen
2137 4392 2454 4449 confusam
2501 4408 2636 4448 esse
2691 4393 2917 4466 dicunt,
2949 4393 3075 4451 imo
3114 4394 3175 4451 in
3206 4395 3477 4453 divinita-

1746 4471 1792 4526 Ῑ)
1830 4489 1948 4542 tem
1977 4498 2354 4540 conversam.

1905 4647 1987 4703 14.
2064 4648 2290 4702 Rursus
2362 4644 2546 4701 iidem
2615 4644 2800 4717 impie
2870 4644 3029 4701 hanc
3093 4646 3475 4717 evangelista

1826 4734 2072 4794 Joannis
2127 4750 2339 4791 vocem
2402 4733 2760 4790 adhibentes
2805 4750 2817 4787 :
2875 4734 2957 4790 Et
3023 4736 3277 4792 Verbum
3334 4752 3475 4794 caro

1826 4828 2053 4899 factum
2096 4831 2225 4889 est;
2280 4823 2747 4895 invocantesque
2798 4823 2912 4879 has
2967 4823 3128 4881 beati
3164 4824 3478 4881 Athanasii

1827 4932 2005 4973 voces
2031 4933 2044 4971 :
2075 4936 2105 4965 «
2137 4912 2397 4969 Verbum
2425 4928 2565 4968 caro
2591 4911 2818 4969 factum
2860 4917 2970 4981 est,
3019 4918 3085 4969 ut
3112 4918 3168 4969 et
3196 4928 3338 4970 caro
3371 4913 3477 4970 ﬁat

1828 5005 2126 5069 Verbum;
2162 5023 2192 5053 »
2220 5001 2326 5058 sed
2357 5006 2414 5057 et
2461 5002 2811 5071 Gregorium
2855 5001 3227 5072 Theologum
3269 5000 3475 5058 dicen-

1828 5101 1947 5153 tem
1973 5112 1986 5151 :
2020 5116 2049 5145 «
2075 5092 2283 5149 Audeo
2312 5090 2508 5148 dicere
2539 5093 2660 5149 Deo
2682 5092 2936 5148 similem
2967 5095 3024 5147 et
3049 5090 3277 5146 factum
3310 5089 3479 5161 quod

1829 5192 1919 5244 est
1967 5183 2224 5241 Verbum
2280 5183 2618 5253 inungens;
2675 5205 2704 5233 »
2743 5187 2802 5239 et
2846 5181 2924 5238 ad
2952 5181 3083 5237 haec
3126 5180 3477 5251 Gregorium

1829 5278 2145 5348 Nyssaeum
2176 5273 2258 5329 sic
2287 5272 2697 5345 eloquentem:
2724 5293 2752 5322 α
2780 5269 3309 5336 Quemadmodum
3327 5270 3478 5328 aceti

1830 5368 1998 5436 gutta
2048 5363 2112 5419 in
2165 5362 2348 5419 maris
2406 5361 2622 5434 pelago
2670 5359 2962 5416 immersa
3005 5374 3130 5415 non
3166 5360 3297 5431 jam
3326 5360 3480 5418 aceti

1830 5452 2222 5527 proprietates
2271 5451 2503 5520 retinet,
2560 5448 2667 5504 sed
2707 5442 3000 5505 conver‘sa
3050 5452 3107 5505 et
3160 5448 3481 5506 commista

1831 5548 1922 5599 est
1973 5543 2036 5598 in
2081 5540 2267 5597 maris
2313 5553 2611 5612 aquarum
2650 5536 3081 5610 proprietates;
3134 5538 3217 5595 ita
3251 5554 3394 5595 sane
3424 5540 3481 5593 et

1832 5630 2282 5690 sanctissimum
2320 5626 2469 5686 illud
2506 5639 2728 5698 corpus
2765 5626 3157 5685 commistum
3184 5625 3481 5684 divinitati
