4040 6318
604 276 704 329 103

597 487 1031 544 ratiocinantur
1063 501 1075 538 :
1112 507 1139 536 ς
1174 484 1318 538 Cum
1352 494 1505 543 caro
1533 477 1793 532 Verbum
1838 477 2061 532 factum
2097 478 2170 533 sit
2198 483 2255 536 et

602 577 722 633 Deo
771 570 1321 637 consubstantialis,
1355 571 1413 624 et
1440 566 1633 622 Verbo
1665 565 1984 622 commista
2010 566 2084 623 sit
2105 571 2162 622 et
2190 568 2252 624 in

597 666 746 722 illud
773 678 1086 729 conversa,
1120 658 1433 733 quomodo
1464 660 1717 728 possunt
1742 655 1858 710 dici
1900 655 2038 711 duae
2082 662 2252 713 natu-

598 772 699 823 rae,
728 770 853 813 non
885 759 1084 811 autem
1114 751 1312 819 unica,
1334 763 1470 821 quas
1495 750 1584 802 est
1606 744 1927 802 divinitatis
1947 745 1975 799 ?
2002 766 2036 796 η

671 1027 758 1079 15.
799 1026 871 1078 At
896 1036 1033 1094 quae
1065 1024 1152 1076 est
1189 1015 1717 1090 respondendum:
1753 1014 1962 1069 Creata
1988 1015 2047 1069 et
2081 1011 2253 1069 ﬁnita

598 1120 817 1172 natura
834 1127 1079 1168 rursum
1105 1115 1162 1166 et
1185 1114 1326 1182 post
1346 1107 1635 1162 unionem
1656 1104 1717 1160 in
1739 1103 1860 1159 suis
1876 1103 2252 1159 naturalibus

597 1202 1063 1280 proprietatibus
1084 1198 1435 1273 permansit,
1455 1212 1577 1252 non
1605 1194 1854 1251 omnino
1880 1209 2171 1250 conversa
2191 1193 2253 1249 in

596 1297 933 1352 increatum
961 1295 1017 1347 et
1044 1289 1343 1346 inﬁnitum
1377 1291 1435 1343 et
1461 1286 1521 1341 in
1553 1283 1705 1340 Patri
1726 1288 2112 1361 eoa-tignum.
2145 1284 2256 1340 Per

596 1389 875 1441 naturam
951 1385 1152 1437 autem
1218 1377 1474 1433 invicem
1542 1373 1951 1430 accessionem
2012 1388 2256 1429 carnem

597 1476 941 1532 deiﬁcatam
983 1483 1135 1535 esse,
1188 1470 1377 1523 Deum
1417 1464 1724 1520 hominem
1759 1461 1980 1518 factum
2010 1477 2141 1518 esse
2171 1464 2258 1518 di—

596 1568 806 1624 cimus.
832 1559 948 1618 Nisi
980 1558 1142 1615 enim
1171 1557 1233 1611 id
1264 1553 1699 1619 concedamus,
1728 1553 1899 1622 juxta
1923 1551 2054 1608 illos
2079 1540 2259 1611 Verbi

594 1657 826 1711 naturae
856 1647 983 1713 erit,
1026 1659 1149 1700 non
1186 1646 1387 1698 autem
1441 1640 1729 1694 humanae
1765 1636 1825 1693 in
1879 1637 2110 1695 Christo
2152 1643 2261 1696 na'

1910 261 2190 319 NICETE
2226 261 2620 320 ΟΗΟΝΙΑΤΕ.

599 413 722 454 non
749 396 878 467 jam
908 394 1103 451 carnis
1155 391 1550 466 proprietates
1604 387 1831 444 retinet.
1875 407 1903 437 ››
1936 389 2128 460 Atque
2167 388 2250 444 sic

2367 385 2566 461 ἰδίωμα
2604 406 2617 420 ⁶

3784 248 3787 251 ’
3857 275 3962 330 104

2683 391 2817 443 οὕτω
2885 388 2952 451 δὴ
3015 397 3105 447 καὶ
3164 396 3223 446 τὸ
3283 395 3538 467 πανάγιον
3588 394 3747 449 ἐκεῖνο
3806 406 3966 469 σῶμα

2365 481 2747 552 συνανακραθεν
2825 487 2888 553 τῇ
2980 483 3204 551 θεότητι,
3269 484 3442 536 οὐκέτι
3514 484 3655 538 ἐστὶν
3724 485 3776 538 ἐν
3854 494 3965 549 τοῖς

2360 576 2455 629 τῆς
2520 572 2717 641 σαρκός
2770 565 3046 641 ἰδιώμασι.
3117 575 3219 624 Καὶ
3280 572 3676 645 συλλογίζονται
3740 576 3907 637 οὓτως
3948 598 3959 608 ·

2360 658 2430 718 ὠς
2458 657 2600 709 Ἐπεὶ
2655 662 2686 716 ἡ
2745 657 2878 732 σάρξ
2924 664 3099 732 γέγονε
3138 666 3306 733 Λόγος
3342 667 3433 715 καὶ
3480 665 3718 735 «ὀιιόθεος,
3753 685 3965 718 συνανε-

2358 748 2527 821 κράθη
2572 754 2645 817 τῷ
2696 752 2850 820 Λόγῳ
2905 754 2996 802 καὶ
3033 753 3372 823 μετεποιήθη,
3434 761 3546 814 πῶς
3598 750 3823 806 δυνατὸν
3867 751 3964 807 δύο

2359 835 2522 908 λέγειν
2563 840 2742 909 φύσεις
2803 842 2894 891 καὶ
2951 839 3079 911 οῦχὶ
3125 845 3251 913 μίαν
3302 846 3392 894 καὶ
3441 845 3637 901 ταύτην
3702 852 3802 906 τῆς
3859 846 3965 897 0:6-

2358 943 2548 993 τητος;

2433 1034 2506 1071 ιε.
2548 1019 2682 1089 Πρὸς
2709 1016 2838 1090 ἅπερ
2888 1015 3268 1093 ἀποκρίνασθαι
3300 1015 3384 1073 δεῖ
3436 1022 3505 1083 ὡς
3554 1022 3586 1079 ἡ
3642 1027 3838 1081 κτιστὴ
3879 1026 3967 1075 καὶ

2360 1110 2688 1179 περιγραπτὴ
2731 1109 2890 1177 φύσις
2942 1107 3095 1160 πάλιν
3146 1113 3236 1161 καὶ
3292 1112 3422 1182 μετά
3474 1113 3567 1170 τὴν
3633 1112 3817 1164 ἕνωσιν
3881 1111 3966 1167 ἐπὶ

2362 1200 2463 1246 τῶν
2516 1190 2664 1247 ἰδίων
2720 1200 2973 1268 μεμένηκε
3028 1206 3259 1269 φυσικῶν
3309 1194 3629 1273 ἰδιωμάτων,
3684 1197 3802 1254 οὐδ’
3845 1200 3970 1262 ὅλως

2365 1282 2750 1356 μεταϐληθεῖσα
2779 1285 2852 1347 εἰς
2900 1288 2959 1338 τὸ
2989 1286 3257 1355 οἴκτιστον,
3289 1293 3379 1341 καὶ
3423 1287 3837 1362 ἀσχημάτιστον
3879 1295 3969 1343 καὶ

2370 1370 2641 1426 συναίδιον
2679 1382 2751 1445 τῷ
2812 1379 2974 1450 Πατρί
3005 1392 3018 1407 °
3085 1372 3180 1429 διὰ
3225 1374 3285 1430 δὲ
3348 1383 3444 1437 τὴν
3494 1387 3594 1431 τῶν
3648 1380 3851 1451 φύσεων
3898 1380 3969 1442 εἰς

2368 1462 2566 1521 ἄλληλα
2619 1469 3006 1538 περιχὼρησιν,
3059 1469 3152 1524 τὴν
3222 1469 3396 1542 σάρκα
3435 1469 3690 1528 θεωθῆναι
3720 1484 3732 1500 ⁸
3774 1472 3869 1521 τὸν
3910 1464 3970 1521 δὲ

2370 1554 2498 1606 Θεὸν
2553 1552 2951 1626 ἐνανθρωπῆσαῐ
2989 1573 3150 1627 φαμεν
3184 1576 3197 1589 ·
3240 1555 3286 1608 εἰ
3323 1558 3424 1630 γὰρ
3482 1562 3553 1629 μὴ
3602 1565 3751 1610 τοῦτο
3825 1554 3970 1615 δοίη-

2368 1660 2479 1715 μεν,
2535 1643 2684 1694 ἔσται
2738 1640 2798 1693 ἂν
2835 1651 2925 1703 τῆς
2970 1652 3061 1696 τοῦ
3127 1647 3302 1716 Λόγου
3355 1648 3558 1718 φύσεως
3603 1647 3717 1700 κατ’
3757 1646 3968 1713 αὐτοὺς,

595 1747 765 1808 turea,
821 1737 1280 1798 incrementum,
1311 1729 1574 1796 Iactatio,
1605 1731 1819 1796 tactus,
1851 1724 2070 1794 fames,
2104 1727 2250 1793 sitis,

2367 1735 2458 1782 καὶ⁹
2496 1729 2625 1803 οὐχὶ
2664 1739 2759 1793 τῆς
2789 1729 2837 1782 ἐν
2889 1739 3102 1805 Χριστῷ
3138 1731 3461 1807 ἀνθρωπίνης
3499 1737 3720 1806 φύσεως,
3776 1737 3809 1794 ἡ
3878 1738 3970 1787 αὔ-

594 1825 885 1899 fatigatio,
942 1820 1182 1892 agonia,
1225 1823 1493 1890 sputum,
1555 1813 1883 1885 cruciﬁxio,
1919 1813 2253 1885 sepultura,

595 1934 780 1976 mors.
804 1913 868 1971 Id
898 1913 981 1969 ita
1011 1907 1288 1965 Patribus
1312 1904 1520 1973 videri,
1554 1918 1817 1976 quorum
1845 1902 2091 1959 oracula
2119 1920 2255 1977 pro-

594 2008 811 2072 ferunt,
837 2005 1130 2059 testantur
1160 2000 1376 2053 cmtera
1408 2009 1616 2049 eorum
1644 1992 1887 2063 scripta,
1911 1998 2163 2051 naturas
2191 1995 2254 2051 in

596 2096 824 2154 Christo
854 2106 977 2147 non
1012 2084 1303 2144 confundi
1333 2082 1613 2139 docentia
1652 2096 1850 2152 neque
1897 2097 2254 2139 conversam

594 2203 722 2244 esse
753 2197 995 2240 carnem
1025 2179 1085 2233 in
1117 2175 1496 2231 divinitatem
1523 2188 1536 2238 ;
1593 2171 1700 2226 sed
1739 2175 1796 2226 et
1830 2172 2019 2227 verba
2047 2171 2255 2229 Christi

594 2273 903 2347 discipulis
958 2271 1033 2324 de
1092 2271 1311 2323 Lazaro
1361 2262 1614 2318 dicentis
1672 2278 1685 2316 :
1730 2264 1996 2318 Mortuus
2037 2268 2150 2333 est,
2199 2268 2256 2320 et

595 2364 833 2438 gaudeo
863 2361 1107 2432 propter
1134 2370 1262 2421 vos,
1283 2352 1578 2425 quoniam
1609 2366 1731 2406 non
1754 2366 1921 2406 eram
1946 2350 2254 2408 ibi.Utrius

593 2451 933 2528 reputanda
953 2450 1043 2504 est
1062 2448 1190 2502 htec
1216 2459 1368 2499 vox:
1395 2463 1423 2493 ‹‹
1450 2442 1578 2498 Non
1605 2456 1771 2497 eram
1794 2440 2009 2497 ibim?»
2038 2442 2257 2498 Divini-

594 2542 789 2603 tatis?
820 2544 887 2597 Et
925 2534 1234 2611 quomodo
1283 2531 1419 2588 loco
1472 2528 1956 2602 circumscriptus
2012 2533 2103 2587 est
2149 2531 2255 2605 qui

596 2634 822 2706 ubique
862 2628 1033 2685 adest
1073 2628 1129 2680 et
1159 2637 1339 2694 super
1369 2619 1577 2676 omnia
1615 2618 1750 2674 est?
1783 2618 1842 2674 Si
1872 2634 2009 2674 vero
2032 2621 2251 2689 carnis,

592 2740 715 2799 quo
764 2719 949 2777 modo
975 2731 1095 2773 non
1131 2716 1273 2768 sunt
1320 2711 1455 2766 dum
1586 2708 1819 2764 Christo
1871 2714 2102 2799 naturae
2124 2710 2255 2799 ‘IﬁEt

590 2796 877 2884 lacrymaa
940 2804 1139 2862 Lazari
1198 2800 1393 2872 gratia
1457 2797 1689 2866 effusae,
1751 2796 1947 2852 carnis
2001 2798 2251 2853 omnino

592 2906 779 2969 erant,
813 2911 1008 2970 neque
1038 2890 1366 2950 divinitatis
1395 2907 1408 2958 ;
1465 2886 1991 2960 quemadmodum
2019 2887 2250 2944 homini

591 2989 872 3050 convenit
894 2984 1079 3043 illud:
1110 3004 1138 3032 «
1171 2979 1280 3037 Ubi
1312 2976 1595 3052 posuistis
1621 2992 1760 3032 eum
1782 2978 1809 3032 ?
1842 2997 1865 3026 ι

661 3261 750 3315 16.
793 3252 965 3322 Quod
998 3249 1045 3307 si
1071 3249 1133 3306 id
1163 3244 1523 3316 addiderint,
1554 3259 1687 3311 nos,
1732 3243 1780 3298 si
1812 3243 1969 3299 duas
1999 3245 2251 3300 naturas

587 3348 901 3408 distinctas
943 3336 1222 3398 habuerit
1250 3334 1539 3402 Christus,
1570 3332 1907 3388 humanam
1939 3347 2162 3405 nempe
2198 3329 2256 3390 et

586 3438 881 3503 divinam,
939 3430 1278 3485 creaturam
1342 3421 1619 3491 adorare,
1681 3420 1908 3492 quippe
1960 3420 2067 3492 qui
2117 3426 2255 3479 ante

585 3528 852 3585 creatam
876 3521 1159 3577 naturam
1188 3511 1579 3585 procidamus
1604 3525 1618 3575 ;
1647 3508 1743 3564 vel
1773 3508 1825 3563 si
1849 3508 2230 3579 minius,esse

579 3618 745 3675 idem
775 3615 833 3668 et
879 3623 1039 3665 unus
1070 3603 1335 3660 Christus
1367 3599 1653 3655 adoratus
1702 3601 1758 3653 et
1780 3612 1905 3653 non
1945 3598 2251 3660 adoratus.

586 3705 679 3764 Sic
737 3691 1257 3772 respondendum.
1321 3687 1532 3744 Filium
1590 3685 1693 3741 Dei
1749 3702 1888 3742 cum
1953 3687 2127 3743 Patre
2193 3694 2252 3746 et

584 3796 792 3852 sancto
815 3785 1036 3861 Spiritu
1066 3781 1418 3845 adoramus,
1447 3776 1575 3831 sine
1607 3791 1857 3847 corpore
1886 3779 2025 3832 ante
2057 3777 2251 3834 incar.

580 3882 891 3942 nationem
919 3873 1316 3934 existentem;
1366 3880 1529 3922 nunc
1575 3868 1778 3920 autem
1818 3863 2104 3920 eumdem
2158 3866 2247 3923 in-

582 3973 900 4031 carnatum
968 3967 1025 4020 et
1080 3961 1227 4018 citra
1284 3955 1568 4013 deitatem
1624 3952 1851 4009 factum
1910 3953 2247 4014 hominem.

580 4066 650 4118 Et
687 4060 843 4117 sicut
889 4055 1122 4125 lignum
1158 4054 1334 4105 tenue
1381 4044 1564 4101 tactui
1615 4057 1740 4099 non
1791 4046 1879 4099 est
1928 4043 2253 4100 inaccessi-

577 4149 718 4213 bile,
772 4152 996 4211 tamen,
1053 4141 1194 4212 igne
1247 4136 1475 4204 addito,
1527 4131 1940 4191 inaccessibile
1991 4132 2075 4205 ﬁt,
2125 4149 2251 4191 non

578 4236 828 4312 quidem
857 4249 964 4306 per
994 4246 1077 4301 se,
1110 4225 1218 4286 sed
1265 4226 1411 4300 quia
1436 4224 1599 4296 ignis
1632 4224 1901 4279 accessit.
1933 4226 2062 4281 Non
2088 4225 2250 4280 enim

580 4328 729 4399 ligni
782 4328 1000 4382 natura
1045 4316 1476 4377 inaccessibilis
1506 4318 1614 4382 est,
1646 4312 1753 4368 sed
1783 4312 1988 4381 carbo,
2019 4313 2057 4369 i.
2099 4329 2154 4371 e.
2182 4314 2251 4371 1i-

581 4432 772 4489 gnum
810 4413 1134 4477 adustum;
1170 4408 1252 4464 sic
1296 4422 1436 4465 caro
1461 4418 1708 4477 quoque
1741 4418 1852 4494 pro
1881 4406 2100 4459 natura
2138 4420 2249 4494 sua

2363 4407 2505 4485 θραξ,
2538 4411 2658 4465 ἤτοι
2684 4411 2741 4461 τὸ
2772 4413 3127 4484 φεπυρωμένον
3177 4408 3322 4474 ξὺλον
3354 4425 3370 4442 ⁸

578 4521 703 4563 non
724 4508 813 4561 est
841 4499 1180 4567 adoranda,
1209 4496 1272 4552 in
1300 4494 1491 4551 Verbo
1517 4497 1726 4549 tamen
1754 4491 2070 4547 incarnato
2101 4492 2246 4550 ado-

577 4598 783 4660 ratur;
832 4607 944 4648 nec
988 4588 1246 4645 dicimus
1284 4600 1397 4641 nos
1427 4597 1672 4639 carnem
1701 4579 1932 4637 nudam
1963 4580 2239 4656 adorare,

578 4685 689 4744 sed
742 4697 989 4740 carnem
1018 4679 1142 4747 Dei,
1171 4677 1209 4734 i.
1239 4693 1294 4735 e.
1326 4675 1516 4731 Deum
1545 4673 1948 4729 incarnatum.
1984 4671 2101 4728 Sed
2122 4672 2240 4730 hoc

578 4774 826 4849 quidem
865 4772 927 4828 in
972 4770 1261 4842 promptu
1289 4769 1347 4822 et
1373 4779 1481 4838 per
1509 4759 1959 4834 compendium.
1987 4760 2088 4818 Vir
2128 4777 2236 4819 au-

576 4870 699 4924 tem
735 4864 857 4922 otio
883 4863 1085 4918 fruens
1110 4857 1301 4916 multa
1326 4873 1357 4913 e
1398 4853 1717 4927 Scripturis
1744 4851 1929 4909 sacris
1950 4853 2235 4926 exempla

575 4952 995 5012 Armeniorum
1037 4949 1298 5006 haereses
1328 4948 1433 5003 aut
1476 4941 1845 5000 destruentia
1895 4943 1998 4997 aut
2026 4955 2230 5015 repro-

574 5044 785 5104 bantia
801 5044 865 5101 in
893 5040 1166 5101 medium
1187 5036 1450 5112 proferre
1484 5033 1765 5109 potuerit.

649 5365 696 5405 ¹⁶
715 5368 884 5425 Joan.
913 5380 994 5438 χι,
1031 5364 1116 5422 l5.

2367 1819 2538 1891 ξησις,
2585 1820 2617 1878 ἠ
2677 1822 3069 1893 σπαργάνωσις,
3130 1824 3160 1881 ἡ
3228 1821 3556 1895 ψηλάφησις,
3614 1825 3645 1882 ἡ
3714 1830 3885 1891 πεῖνα,
3934 1825 3965 1881 ἡ

2366 1905 2522 1979 δίψα,
2555 1910 2581 1960 6
2619 1912 2798 1981 κόπος,
2840 1911 2870 1968 ἠ
2915 1908 3132 1982 ἀγωνία,
3172 1915 3231 1964 τὸ
3268 1914 3511 1985 πτύσμα,
3548 1913 3579 1970 ἡ
3608 1912 3696 1965 ἐπὶ
3734 1921 3970 1988 σταυροῦ

2361 1998 2539 2065 πῆξις,
2597 2000 2626 2056 ἡ
2686 2002 2845 2070 ταφὴ,
2909 2004 2998 2052 καὶ
3053 2002 3079 2052 6
3134 2002 3366 2062 θάνατος.
3407 2001 3529 2055 Ὀτι
3595 1998 3655 2055 δὲ
3712 2008 3805 2055 καὶ
3860 2010 3969 2065 τοῖς

2365 2090 2633 2161 Πατράσιν
2687 2088 2821 2140 οὕτω
2878 2084 3043 2155 δοκεῖ,
3094 2092 3161 2141 ὡν
3216 2092 3311 2153 τὰς
3362 2096 3591 2167 χρήσεις
3640 2094 3968 2165 παράγουσι,

2363 2185 2690 2253 μαρτυροῦσι
2763 2180 2830 2230 τά
2891 2178 3050 2231 λοιπά
3112 2185 3331 2233 τουτωνὶ
3399 2184 3809 2256 συγγράμματα,
3892 2188 3966 2254 μὴ

2368 2268 2736 2338 συγκεχὺσθαι
2778 2269 2871 2328 τὰς
2901 2266 2949 2319 ἐν
2997 2275 3213 2344 Χριστῷ
3246 2273 3423 2342 φυσεις
3453 2267 3800 2337 διδάσκοντα,
3835 2278 3969 2343 μήτε

2367 2360 2469 2428 μὴν
2490 2357 2905 2429 μεταποιηθῆναι
2930 2360 3024 2416 τὴν
3047 2361 3219 2433 σάρκα
3241 2358 3310 2420 εἰς
3338 2359 3739 2417 θεότητα.Ἀλλὰ
3767 2365 3968 2413 καὶτοῦ

2369 2451 2601 2519 Χριστοῦ
2628 2465 2758 2520 προς
2794 2449 2911 2506 τοὺς
2946 2448 3189 2519 μαθητὰς
3223 2452 3342 2523 περὶ
3385 2456 3476 2501 τοῦ
3507 2449 3756 2522 Λαζάρου
3795 2449 3967 2521 λέγον-

2365 2553 2453 2588 τος
2491 2535 2573 2587 ὄτι
2611 2556 2639 2583 ‹‹
2670 2536 2935 2599 Ἀπέθανε,
2969 2540 3060 2587 καὶ
3098 2540 3275 2610 χαίρω
3307 2534 3381 2590 δι’
3419 2539 3550 2611 ὑμᾶς
3589 2540 3668 2591 ὅτι
3698 2538 3795 2591 οῦκ
3826 2543 3967 2612 ἤμην

2364 2621 2485 2675 ἐκεῖ.
2539 2646 2566 2673 ‹‹
2606 2626 2752 2686 Τίνος
2803 2627 3009 2683 νοητέον
3046 2628 3105 2677 τὸ
3143 2626 3289 2700 ῥῆμα
3339 2630 3397 2678 τὸ
3440 2649 3468 2679 ε(
3510 2627 3602 2680 οὐκ
3624 2631 3764 2701 ἤμην
3820 2627 3964 2695 ἐκεῖ;

2361 2718 2469 2773 Τῆς
2498 2714 2739 2776 θεότητος
2763 2731 2776 2780 ;
2821 2719 2921 2766 Καὶ
2952 2722 3063 2775 πῶς
3086 2720 3227 2788 τόπῳ
3252 2720 3600 2791 περιγραπτὸς
3640 2719 3664 2769 6
3686 2726 3966 2790 πανταχοῦ

2361 2808 2539 2878 παρὼν
2584 2806 2675 2855 καὶ
2704 2804 2829 2875 ὑπὲρ
2860 2806 2919 2855 τὸ
2947 2809 3049 2856 πᾶν
3092 2808 3192 2871 diu;
3250 2805 3311 2857 Εἰ
3354 2802 3412 2858 δὲ
3448 2814 3542 2868 τῆς
3591 2810 3807 2881 σαρκός,
3856 2815 3968 2870 πῶς

2361 2891 2490 2963 οὐχὶ
2547 2888 2644 2943 δὺο
2685 2895 2864 2963 φὺσεις
2914 2890 2997 2944 ἐπὶ
3026 2900 3303 2967 Χριστοῦ;
3362 2894 3463 2947 Καὶ
3496 2898 3554 2947 τὸ
3586 2894 3671 2948 ἐπὶ
3709 2899 3966 2971 Λαζάρου

2362 2978 2422 3032 δὲ
2463 2977 2691 3053 δάκρυον
2717 2989 2811 3043 τῆς
2846 2985 3041 3054 σαρκὸς
3075 2985 3279 3044 πάντως
3319 2979 3400 3055 ἦν,
3443 2989 3531 3037 καὶ
3570 2985 3696 3056 οῦχί
3734 2993 3827 3047 τῆς
3860 2989 3968 3039 θεό-

2360 3087 2512 3128 τητος
2543 3082 2559 3098 ⁶
2602 3069 2775 3144 ὥσπερ
2819 3067 3247 3144 ἀνθρωποπρεπὲς
3299 3077 3389 3124 καὶ
3427 3075 3485 3125 τὸ
3526 3071 3716 3147 ἐρωτᾷν
3776 3096 3806 3124 (ι
3856 3082 3965 3127 Ποῦ

2362 3158 2624 3209 τεθείκατε
2662 3157 2817 3210 αὐτόν
2842 3176 2857 3226 ;

2436 3245 2531 3311 ις-’.
2572 3247 2687 3300 Ἐὰν
2728 3244 2788 3301 δὲ
2839 3252 2928 3301 καὶ
2987 3256 3139 3302 τοῦτο
3198 3252 3598 3325 προσθήσουσιν
3654 3255 3738 3319 ὡς,
3780 3254 3826 3307 εἰ
3867 3250 3965 3307 δὺο

2364 3339 2540 3409 φυσεις
2578 3332 2716 3408 εἶχεν
2756 3338 2782 3388 6
2811 3339 3047 3412 Χριστὸς
3088 3336 3453 3411 ἀσυγχύτους,
3501 3338 3827 3414 ἀνθρωπίνην
3875 3348 3965 3396 καὶ

2365 3427 2560 3496 θεῑκὴν,
2601 3426 2706 3500 ἄρα
2732 3433 2795 3499 τῇ
2845 3429 3017 3478 κτίσει
3054 3425 3383 3502 λατρεὺομεν,
3424 3431 3493 3492 ὡς
3542 3438 3731 3504 κτιστῇ
3792 3452 3965 3508 προσ-

2362 3521 2635 3577 κανοῦντες
2686 3518 2838 3588 φὺσει
2870 3535 2884 3549 ο
2943 3515 2974 3575 ἦ
3034 3514 3077 3568 εἰ
3132 3521 3204 3587 μὴ
3245 3525 3419 3587 τοῦτο,
3460 3522 3538 3578 εἴη
3597 3518 3657 3571 ἂν
3711 3521 3737 3572 6
3806 3522 3967 3585 αὐτὸς

2362 3608 2451 3658 καὶ
2482 3605 2553 3666 εἷς
2604 3607 2838 3677 Χριστὸς
2886 3610 3248 3680 προσκυνητός
3293 3626 3346 3660 τε
3373 3611 3460 3661 καὶ
3515 3607 3914 3683 ἀπροσιὺνητος
3947 3633 3961 3646 ·

2360 3696 2556 3747 οὑτωσὶ
2584 3694 2780 3747 λεκτέον
2810 3714 2823 3727 ο
2883 3697 2981 3747 Τὸν
3024 3696 3143 3748 Υἱὸν
3189 3703 3280 3749 τοῦ
3341 3705 3474 3751 Θεοῦ
3534 3701 3627 3750 σὺν
3668 3706 3742 3770 τῷ
3791 3707 3963 3777 Πατρὶ

2357 3787 2448 3836 καὶ
2492 3790 2566 3854 τῷ
2612 3782 2746 3855 ἁγίῳ
2800 3786 3063 3856 Πνεῦματι
3099 3793 3511 3860 προσκυνοῦμεν,
3552 3786 3834 3861 ἀσώματον
3870 3793 3964 3863 μὲν

2355 3873 2457 3948 πρὸ
2500 3879 2595 3932 τῆς
2638 3869 3092 3946 ἐνανθρωπὴσεως,
3139 3880 3227 3925 νῦν
3276 3870 3336 3927 δὲ
3363 3879 3449 3927 τὸν
3488 3875 3644 3929 αὐτὸν
3677 3895 3962 3953 σεσαρκω-

2357 3966 2503 4035 μένον
2536 3964 2625 4013 καὶ
2675 3965 2940 4034 γενόμενον
2968 3963 3236 4038 ἄνθρωπον
3284 3967 3414 4038 μετά
3451 3972 3542 4018 τοῦ
3592 3964 3722 4018 εἶναι
3777 3972 3910 4022 Θεὸν
3943 3990 3959 4005 ·

2356 4055 2446 4103 καὶ
2477 4052 2649 4124 ὥσπερ
2700 4050 2845 4114 ξύλον
2874 4050 3027 4123 ψιλὸν
3065 4052 3159 4104 οῦκ
3198 4055 3337 4106 ἓστίν
3378 4053 3662 4128 ἀπρόσιτον
3710 4064 3773 4130 τῇ
3827 4058 3957 4131 ἀφῇ,

2355 4143 2485 4215 πυρὶ
2550 4136 2609 4193 δὲ
2672 4140 3089 4216 προσομιλῆσαν,
3150 4141 3434 4218 ἀπροσίτου
3493 4150 3690 4217 γίνεται
3761 4146 3823 4199 οῦ
3883 4144 3959 4200 δι’

2358 4229 2531 4297 ἑαυτὸ,
2582 4227 2709 4281 ἀλλά
2740 4226 2834 4282 διὰ
2877 4232 2937 4283 τὸ
2974 4235 3296 4304 συνημμένον
3346 4233 3488 4304 αὐτῷ
3525 4242 3627 4308 πῦρ
3662 4251 3676 4266 ⁸
3717 4239 3811 4288 καὶ
3852 4243 3957 4310 οῦχ

2356 4321 2387 4379 ἡ
2446 4326 2539 4373 τοῦ
2581 4318 2733 4382 ξύλου
2790 4323 2944 4392 φὺσις
2975 4321 3207 4396 ὑπάρχει
3265 4320 3567 4399 ἀπρόσιτος,
3621 4323 3728 4376 ἀλλ’
3778 4327 3805 4378 6
3865 4328 3957 4378 οἶν-

3425 4412 3590 4474 οῦτως
3625 4416 3716 4466 καὶ
3755 4415 3788 4473 ἡ
3822 4415 3959 4492 σὰρξ

2353 4500 2489 4550 κατὰ
2521 4499 2610 4571 μεν
2658 4500 2752 4556 τὴν
2811 4497 2998 4561 ἑαυτῆς
3055 4502 3207 4571 φῦσιν
3265 4501 3359 4552 οῦκ
3405 4504 3521 4554 ἔστι
3556 4510 3899 4577 προσκυνητή
3938 4522 3951 4537 ·

2349 4593 2721 4661 προσκυνεῖται
2773 4583 2833 4641 δὲ
2884 4586 2931 4639 ἐν
2982 4596 3052 4661 τῷ
3106 4595 3480 4665 σεσαρκωμένῳ
3511 4596 3666 4665 Λόγῳ
3698 4610 3710 4623 '
3767 4599 3860 4648 καὶ
3895 4595 3953 4647 οῦ

2349 4679 2510 4749 φαμὲν
2566 4678 2644 4729 ὅτι
2703 4678 2876 4752 σάρκα
2925 4686 3312 4753 προσκυνοῦμεν
3372 4679 3552 4752 ψιλὴν,
3595 4680 3725 4734 ἀλλά
3777 4687 3955 4758 σάρκα

2348 4772 2504 4837 Θεοῦ,
2543 4769 2661 4826 ἤτοι
2729 4770 3118 4840 σεσαρκωμένον
3175 4773 3324 4824 Θεόν.
3365 4776 3544 4823 Ταῦτα
3603 4772 3668 4832 ὡς
3732 4769 3788 4823 ἐκ
3826 4793 3953 4847 προ-

2342 4858 2530 4931 χείρου
2577 4858 2667 4907 καὶ
2728 4853 2779 4908 ἐν
2820 4854 3045 4929 ἔπιτὸμῳ
3077 4872 3092 4887 ⁸
3134 4857 3373 4932 εὐκαιρία
3428 4856 3489 4911 δέ
3541 4878 3616 4920 τις
3651 4866 3948 4935 χρώμενος,

2341 4949 2432 4997 καὶ
2487 4946 2635 5020 ἕτερα
2687 4943 2748 4997 ἂν
2802 4944 2958 4999 πλείω
3011 4944 3066 4998 ἐκ
3113 4955 3213 4999 τῶν
3265 4950 3409 5025 ἱερῶν
3473 4947 3686 5001 Βιϐλίων
3725 4948 3947 5004 ἐπισυν-

2341 5037 2538 5110 αγάγῃ,
2605 5036 2700 5098 τὰς
2752 5044 2851 5088 τῶν
2904 5034 3182 5110 Ἀρμενίων
3230 5040 3456 5113 αἱρέσεις
3497 5044 3944 5118 καταστρέφοντα,

2337 5127 2428 5178 καὶ
2464 5128 2557 5190 τὰς
2583 5122 2866 5188 ἀντιθέσεες
2894 5125 3062 5180 αὐτῶν
3094 5122 3129 5179 δ
3134 5125 3454 5202 ιελέγχοντα.
