4040 6318
78 397 173 453 ΠΒ

1438 380 1791 447 THESAURI
1823 388 1955 446 LIB.
1988 380 2094 447 XX.

80 512 3448 544 #WW

804 670 1559 814 ΝΙΟΕΤᾸΕ
1704 668 2739 811 ΟΗΟΝΙΑΤίἘ

1470 901 1595 970 EX
1630 899 1903 969 LIBRO
1938 901 2070 971 XX

662 1113 1397 1226 THESAURI
1485 1115 2416 1225 ORTHODOXXE
2497 1117 2881 1228 FIDEI

1321 1347 1475 1421 (Mai,
1518 1346 1791 1406 Biblioth.

202 1643 366 1693 ΠΕΡΙ
408 1643 545 1692 ΤΗΣ
588 1640 961 1692 ΘΡΗΣΚΕΙΑΣ
999 1641 1135 1692 ΤΩΝ
1176 1641 1556 1693 ΔΓΑΡΗΝΩΝ.
1719 1638 1770 1692 Δ

144 1764 209 1821 α’.
244 1763 411 1816 Ἐστι
442 1759 506 1816 δε
536 1768 631 1815 καὶ
661 1764 691 1821 ἠ
726 1767 890 1836 μέχρι
918 1770 1010 1815 τοῦ
1038 1770 1128 1815 νῦν
1158 1770 1431 1836 κρατοῦσα
1462 1760 1693 1814 λαοπλά-

81 1872 153 1914 νος
182 1855 462 1929 θρησκεία
488 1862 592 1905 τῶν
620 1852 964 1926 Ἰσμαηλιτῶν
992 1850 1296 1926 πρόδρομός
1324 1872 1401 1913 τις
1434 1860 1526 1905 τοῦ
1557 1849 1697 1904 ἀντι-

80 1950 336 2018 χρίστου.
372 1945 716 2016 Κατάγονται
746 1939 807 1996 δε
832 1941 932 1996 ἀπὸ
962 1950 1054 1996 τοῦ
1093 1942 1313 2016 Ἰσμαήλ
1359 1949 1456 1995 τοῦ
1505 1944 1559 1994 is
1606 1950 1699 2002 τῆς

86 2032 247 2106 Ἀγαρ
279 2035 574 2106 τεχθέντος
603 2040 679 2103 τῷ
703 2031 937 2106 Ἁϐραάμ
972 2052 986 2069 ο
1037 2029 1220 2106 διόπερ
1277 2032 1560 2107 Ἀγαρηνοὶ
1607 2036 1698 2083 καὶ

83 2122 429 2196 Ἰσμαηλῖται
459 2123 958 2197 προσαγορεύονται.
987 2120 1350 2196 Σαρῥακηνοῦς
1406 2117 1465 2173 δὲ
1512 2120 1698 2180 αὐτοὺς

80 2212 335 2266 καλοῦσιν
367 2214 444 2271 ὡς
470 2209 526 2262 ἐκ
553 2219 652 2273 τῆς
678 2210 876 2285 Σάρρας
904 2215 1076 2272 κενοὺς
1106 2212 1201 2281 (1),
1237 2207 1330 2263 διὰ
1356 2213 1416 2262 τὸ
1454 2210 1699 2283 εἰρῆσθαι

82 2303 175 2353 ’5πό
204 2310 312 2362 τῆς
344 2300 521 2374 ’Δγαρ
551 2307 625 2370 τῷ
656 2298 879 2371 ἀγγέλῳ,
915 2302 995 2353 ὅτι
1017 2299 1077 2353 Ἡ
1113 2298 1287 2374 Σὰρῥα
1314 2303 1464 2358 κενήν
1486 2318 1550 2371 με
1578 2297 1701 2351 ἁπέ-

84 2391 253 2449 ὶυσεν.
292 2391 469 2443 Οὗτοι
496 2392 588 2462 μὲν
612 2386 722 2454 οὖν,
756 2386 1295 2465 εἰδωλολατρήσαντες
1337 2394 1427 2441 καὶ
1462 2407 1698 2461 προσκυ-

85 2486 335 2540 νήσαντες
358 2488 437 2550 τῷ
489 2478 737 2553 ἑωσφόρῳ
767 2480 945 2552 ἄστρῳ
974 2486 1037 2551 τῇ
1068 2475 1377 2553 Ἀφροδίτῃ,
1410 2476 1471 2536 ἣν
1509 2474 1575 2535 δὴ
1609 2482 1699 2529 καὶ

88 2574 275 2644 Χαμαρ
313 2572 399 2641 (2)
449 2575 513 2640 τῇ
568 2567 763 2620 ἑαυτῶν
793 2567 1133 2640 ἐπωνόμασαν
1172 2567 1412 2640 γλώσσῃ,
1446 2568 1568 2639 ὅπερ
1602 2585 1698 2625 ση-

89 2666 255 2730 μαίνει
285 2657 553 2731 μεγάλην,
586 2658 678 2719 ἕως
718 2660 808 2729 μὶν
841 2665 940 2709 τῶν
967 2656 1268 2730 Ἡρακλείου
1312 2660 1518 2730 χρόνων
1565 2675 1699 2731 προ-

91 2757 249 2818 favi;
300 2743 759 2822 εἰδωλολάτρουν·
794 2745 897 2799 ἀπὸ
947 2743 1007 2800 δὲ
1046 2745 1348 2820 Ἡρακλείου
1406 2751 1496 2798 καὶ
1546 2741 1701 2819 δεῦρο

88 2833 545 2912 ψευδοπροφήτης
586 2834 759 2896 αὐτοῖς
789 2834 979 2908 (iisan
1019 2831 1256 2908 Μωάμεδ
1304 2834 1699 2908 ὀνομαζόμενος,

92 2927 141 2987 ὸς
158 2930 475 3001 περιτυχὼν
491 2921 758 3000 Ἑϐραίοις
777 2928 868 2977 καὶ
884 2931 1220 3000 Χριστιανοῖς
1241 2920 1400 2983 δῆθεν
1420 2921 1702 2997 Ἀρειανοῖς

92 3021 177 3068 καὶ
203 3021 610 3088 Νεστοριανοῖς,
626 3013 992 3085 ἁπανταχόθεν
1012 3010 1340 3086 ἀρυσάμενος
1361 3011 1415 3076 ἐξ
1430 3008 1700 3066 Ἰουδαίων
1729 3044 1778 3103 Β

92 3110 175 3174 μὲν
199 3108 536 3177 μοναρχίαν,
561 3101 614 3165 ἓξ
634 3100 908 3177 ’Δρειανῶν
936 3097 995 3154 δὲ
1022 3106 1191 3174 Λόγον
1218 3106 1310 3155 καὶ
1344 3107 1554 3173 Πνεῦμα
1582 3120 1701 3153 κτι-

97 3196 213 3261 ne,
238 3193 353 3246 ἀπὸ
388 3189 451 3246 δὲ
480 3198 844 3266 Νεστοριανῶν
871 3189 1375 3265 ἁνθρωπολατρείαν,
1396 3194 1489 3249 τήν
1511 3209 1565 3243 τε
1592 3198 1699 3243 Πα-

89 3282 238 3336 λαιὰν
265 3288 368 3335 καὶ
395 3285 595 3340 Καινὴν
622 3282 890 3339 Διαθήκην
920 3279 1161 3344 ἐπελθὼν,
1189 3285 1282 3332 καὶ
1329 3299 1431 3333 τινι
1460 3278 1704 3353 ’Λρειανῷ

92 3370 499 3446 προσομιλήσας
518 3370 819 3443 μονάζοντι,
844 3365 984 3421 ἰδίαν
1008 3372 1326 3427 συνέστησεν
1348 3371 1548 3442 αἳρεσιν
1577 3390 1591 3402 ·
1614 3373 1706 3422 καὶ

94 3465 360 3537 ξοσγάσει
390 3457 551 3520 δῆθεν
584 3461 872 3521 θεοσεϐείας
904 3462 963 3512 τὸ
988 3461 1131 3521 ἔθνος
1158 3459 1512 3525 ὑποποιήσας,
1546 3458 1599 3522 ἐξ
1622 3458 1705 3511 οὐ-

94 3561 259 3625 ροὼν
287 3555 507 3625 γραγήν
534 3552 637 3603 ὑπὸ
666 3557 759 3602 τοῦ
801 3554 939 3603 Θεοῦ
978 3550 1358 3621 κατενεχθῆναι
1395 3548 1517 3623 παρ’
1549 3548 1706 3601 αὐτόν

97 3638 454 3715 διεθρύλλησε
488 3659 502 3672 ·
532 3641 651 3692 τινὰ
680 3636 741 3691 δε
767 3639 1161 3713 συγγράμματα
1184 3636 1232 3690 ἓν
1274 3645 1348 3709 τῷ
1377 3640 1592 3708 τοιούτῳ
1624 3635 1708 3710 βι-

95 3729 221 3802 ϐλίῳ
249 3726 604 3805 διαχαράξας
640 3727 866 3800 γέλωτος
903 3726 1048 3796 ἄξια,
1098 3731 1157 3780 τό
1191 3726 1346 3790 σέϐας
1391 3726 1569 3788 αὐτοῖς
1610 3746 1708 3780 πα-

90 3816 315 3892 Fidon.

163 3960 240 4035 β’.
270 3963 437 4032 Λέγει
463 3960 551 4013 ἕνα
580 3962 710 4013 Θεὸν
740 3963 963 4018 ποιητήν
992 3968 1089 4012 τῶν
1112 3958 1238 4012 ὅλων
1269 3956 1397 4011 εἶναι
1427 3964 1560 4031 μήτε
1596 3977 1707 4030 γεν-

94 4055 321 4111 ηθέντα
350 4055 484 4123 μήτε
501 4054 848 4123 γεγεννηκότα
879 4071 892 4085 ·
923 4051 1059 4122 λέγει
1089 4054 1176 4102 τόν
1233 4053 1462 4125 Χριστὸν
1493 4052 1612 4103 Υὶὸν
1643 4046 1709 4101 εἶ-

96 4162 176 4194 ναι
199 4148 297 4194 τοῦ
329 4147 490 4207 Θεοῦ,
512 4144 603 4192 καὶ
623 4147 828 4213 πνεῦμα
847 4139 1028 4211 αὑτοῦ²
1049 4142 1262 4192 κτιστόν
1289 4135 1347 4192 δὲ
1374 4143 1462 4191 καὶ
1485 4134 1669 4191 δοῦλον
1691 4159 1703 4170 ·

98 4234 288 4283 καίὸτι
320 4227 383 4281 ἐκ
409 4233 619 4304 Μαρίας
666 4235 762 4291 τῆς
801 4225 1031 4301 ἀδελφῆς
1076 4232 1333 4288 Μωῦσέως
1376 4231 1465 4279 καὶ
1508 4226 1706 4300 Ἀαρὼν

98 4322 217 4373 ἔθευ
248 4324 456 4394 σπορᾶς
477 4315 691 4389 ἐτέχθη.
722 4317 781 4370 Ὀ
808 4319 910 4391 γὰρ
934 4323 1125 4388 Λόγος,
1154 4320 1305 4389 φησι,
1330 4324 1421 4369 τοῦ
1452 4324 1586 4368 Θεοῦ
1617 4320 1707 4368 καὶ

99 4414 156 4461 τό
180 4416 404 4483 Πνεῦμα
432 4406 666 4466 εἰσῆλθεν
696 4407 767 4469 εὶς
804 4411 898 4467 τὴν
944 4412 1152 4481 Μαρίαν
1183 4406 1284 4478 (3),
1333 4411 1423 4457 καί
1470 4404 1708 4476 ἐγέννησε
1739 4406 1779 4462 C

102 4503 186 4553 τὸν
241 4500 484 4564 Ἰησοῦν,
532 4502 802 4573 προφήτην
858 4500 981 4551 ὄντα
1031 4501 1122 4549 καὶ
1176 4492 1361 4549 δοῦλον
1406 4502 1497 4548 τοῦ
1543 4502 1698 4549 Οεοῦ.

101 4583 358 4642 Ἰουδαῖοι
406 4582 467 4639 δε
517 4590 977 4661 παρανομήσαντες
1027 4582 1287 4644 ἠθέλησαν
1345 4584 1501 4636 αὐτόν
1551 4602 1712 4636 σταυ-

104 4686 294 4751 ρῶσαι,
326 4680 424 4729 καὶ
446 4680 805 4748 κρατήσαντες
835 4673 1170 4748 ἐσταύρωσαν
1200 4673 1359 4727 αὐτοῦ
1398 4678 1492 4732 τὴν
1535 4675 1709 4728 σκιάν.

108 4766 270 4829 ⁴αὐτὸς
300 4762 368 4819 δῖ
398 4766 425 4817 ὁ
454 4767 687 4839 Χριστὸς
714 4764 808 4817 οὐκ
833 4762 1160 4838 ἐσταυρώθη,
1197 4768 1376 4835 φησὶν,
1409 4759 1532 4815 οὐδὲ
1581 4761 1711 4816 ἀπέ-

111 4858 248 4910 θανεν
278 4876 297 4892 ο
329 4855 363 4909 ὁ
388 4855 492 4928 γὰρ
515 4857 646 4917 Θεὸς
673 4852 847 4907 ἔλαϐεν
877 4853 1033 4907 αὐτὸν
1062 4852 1135 4915 εἰς
1154 4855 1241 4905 τὸν
1274 4852 1490 4925 οὐρανὸν
1532 4848 1627 4904 διὰ
1654 4854 1713 4903 τὸ

109 4946 263 5017 φιλεῖν
292 4943 482 5002 αὐτόν.
513 4947 616 4997 Καὶ
638 4949 794 4997 τοῦτο
824 4939 884 4996 δε
902 4942 1058 5015 λέγει,
1090 4944 1188 5013 ὅτι,
1213 4950 1306 4994 τοῦ
1334 4947 1572 5014 Χριστοῦ
1604 4940 1713 4993 ἀνευ

109 5033 316 5098 λθόντος
344 5033 417 5095 εἰς
443 5035 569 5095 τοὺς
592 5032 867 5107 οὐρανοὺς,
897 5030 1219 5106 ἐπηρώτησεν
1249 5030 1406 5084 αὐτόν
1435 5031 1463 5083 ό
1485 5033 1615 5093 Θεὸς
1638 5028 1715 5082 λέ-

111 5146 212 5197 γων
231 5143 251 5162 ο
278 5124 358 5179 Ὧ-
386 5122 593 5191 Ἰησοῦ,
628 5127 697 5176 σὺ
724 5119 871 5185 εἶπας
900 5125 987 5175 τὸν
1032 5121 1184 5195 λόγον
1225 5129 1431 5191 τοῦτον,
1472 5121 1554 5173 ὅτι
1596 5120 1717 5183 Υἱός

113 5214 216 5288 εἰμι
240 5219 340 5269 τοῦ
365 5217 500 5270 Θεοῦ
527 5217 619 5268 καὶ
641 5215 799 5282 Θεός;
832 5211 1137 5287 Ἀπεκρίθη,
1170 5215 1353 5285 φησὶν,
1392 5212 1418 5263 ό
1466 5209 1669 5272 Ἰησους
1699 5227 1713 5243 ·

181 5429 261 5500 (ρ)
290 5426 695 5487 Scribendum
715 5427 919 5500 itaque
938 5426 1140 5500 potius
1168 5421 1718 5500 esset_2a§,éaxm6;.

122 5496 429 5573 Sedenim
456 5502 662 5573 inepta
690 5496 929 5556 videtur
941 5496 1087 5555 haec
1117 5496 1503 5573 etymologia.

190 5570 269 5642 (2)
291 5574 379 5629 ita
405 5565 620 5628 codek.
653 5573 945 5642 Caeterum
971 5565 1263 5642 mendum
1294 5565 1481 5642 estin
1526 5580 1647 5642 pro
1666 5565 1718 5639 ὁ,

124 5638 265 5773 gain
293 5643 553 5772 Agabice
581 5642 742 5700 varie
767 5640 1030 5707 eﬂ‘ertur,
1063 5640 1310 5714 chabar,
1352 5638 1560 5710 cabar',
1587 5638 1724 5698 cho-

237 5754 254 5773 .
281 5730 350 5772 cu
395 5729 491 5773 ar.

237 5754 254 5787 ,
281 5729 491 5773 canar.

364 5803 623 5881 Kanon}
661 5804 762 5867 Gn.
804 5804 956 5864 CXL.

1828 1364 1971 1406 nov.
1991 1395 2006 1417 ,
2033 1352 2076 1407 t.
2117 1351 2231 1417 ιν.)

2030 1637 2120 1692 DE
2159 1636 2701 1694 SUPERSTITIONE
2736 1638 3223 1698 AGARENORUM

1882 1764 1933 1817 t.
1967 1761 2303 1818 Perseverat
2341 1778 2532 1834 usque
2566 1763 2644 1819 ad
2676 1762 3032 1820 hodiernam
3062 1764 3222 1821 diem
3258 1780 3452 1840 popu-

1805 1848 2002 1906 lorum
2024 1849 2333 1923 deceptrix
2356 1852 2563 1923 religio
2592 1854 3068 1911 Ismahehtarum
3095 1858 3271 1928 quasi
3297 1858 3455 1914 Anti-

1806 1937 2283 2011 christiquidam
2323 1955 2680 2012 praecursor.
2739 1942 2809 1997 Hi
2866 1958 3057 2011 genus
3117 1945 3347 2002 ducunt
3377 1946 3455 2002 ab

1806 2026 2123 2097 Ismahele,
2163 2043 2350 2101 quam
2378 2033 2538 2101 Agar
2560 2029 2909 2087 Abrahamo
2935 2034 3195 2104 peperit:
3245 2038 3455 2093 Sarra-

1808 2131 1989 2174 cenos
2019 2121 2219 2173 autem
2251 2118 2499 2173 eosdem
2526 2118 2855 2191 appellant,
2880 2121 3057 2193 quasi
3089 2138 3125 2177 a
3157 2123 3334 2180 Sarra
3352 2141 3456 2182 va-

1807 2220 1973 2272 cuos,
2005 2212 2327 2278 propterea
2374 2207 2542 2279 quod
2598 2212 2759 2277 Agar
2807 2207 3024 2265 dixerit
3063 2212 3299 2283 angelo,
3325 2230 3390 2270 se
3419 2231 3459 2271 a

1805 2296 2002 2355 Sarra
2032 2310 2284 2353 vacuam
2315 2297 2641 2353 dimissam.
2674 2297 2740 2352 Hi
2792 2313 2936 2368 ergo
2976 2300 3159 2355 cultui
3210 2302 3462 2360 idolola-

1807 2383 1956 2441 trico
1985 2383 2234 2451 addicti,
2264 2391 2320 2440 et
2342 2385 2659 2442 luciferum
2688 2389 2920 2443 astrum
2942 2389 3183 2446 Veneris
3204 2391 3458 2450 adoran-

1809 2477 1920 2541 tes,
1951 2489 2139 2545 quam
2172 2474 2430 2530 Chamar
2461 2490 2573 2531 sua
2603 2475 2812 2545 lingua
2833 2477 3170 2548 nominant,
3201 2482 3368 2553 quod
3387 2483 3462 2538 si-

1809 2561 2053 2633 gniﬁcat
2082 2577 2392 2632 magnam,
2417 2578 2609 2635 usque
2640 2564 2719 2620 ad
2750 2564 2998 2621 Heraclii
3029 2571 3301 2640 tempora
3331 2572 3459 2628 sine

1810 2650 1998 2707 dubio
2028 2652 2247 2707 ethnici
2276 2650 2533 2709 fuerant.
2559 2653 2826 2711 Heraclio
2852 2659 3057 2712 autem
3084 2665 3376 2730 regnante
3404 2666 3464 2719 et

1810 2739 2120 2812 deinceps,
2154 2740 2687 2813 pseudopropheta
2714 2747 2956 2799 exortus
2983 2747 3072 2801 est
3092 2746 3239 2818 ipsis
3267 2748 3462 2806 Moha-

1812 2828 2018 2886 medes
2044 2830 2311 2898 nomine,
2343 2832 2443 2901 qui
2471 2846 2840 2888 conversaris
2897 2849 3035 2892 cum
3092 2835 3378 2907 Hebraeis,
3407 2844 3465 2895 et

1810 2934 1955 2975 mox
1984 2934 2124 2975 cum
2157 2919 2501 2976 Christianis
2529 2921 2766 2977 Arianis
2815 2936 2887 2977 ac
2940 2925 3320 2996 Nestorianis,
3355 2944 3464 2984 un-

1811 3006 1994 3081 dique
2019 3007 2323 3074 hauriens,
2355 3024 2392 3065 a
2426 3007 2650 3065 Iudaeis
2707 3008 2954 3081 quidem
3010 3013 3111 3067 Dei
3150 3015 3462 3088 unitatem,

1813 3097 1892 3153 ab
1922 3096 2155 3153 Arianis
2185 3096 2445 3153 Verbum
2472 3102 2527 3153 et
2560 3097 2839 3169 Spiritum
2865 3105 3172 3157 creaturas
3202 3103 3463 3178 discens,

1814 3200 1850 3242 a
1879 3185 2240 3242 Nestorianis
2268 3186 2824 3258 anthrOpolatriam,
2849 3191 3093 3245 etvetus
3116 3204 3464 3266 novumque

1814 3279 2238 3331 testamentum
2270 3291 2649 3348 percurrens,
2680 3280 2737 3332 et
2763 3276 3044 3334 familiari
3077 3296 3222 3337 usus
3254 3284 3464 3341 Ariano

1815 3363 2138 3431 monacho,
2165 3364 2473 3436 propriam
2533 3365 2813 3422 conﬂavit
2864 3366 3163 3426 haeresim.
3214 3374 3466 3446 Moxque

1815 3453 2121 3523 religionis
2151 3459 2458 3526 praetextu,
2492 3454 2889 3513 subordinato
2916 3459 3166 3529 populo,
3197 3460 3272 3517 de
3302 3462 3467 3519 coelis

1817 3544 1891 3601 ad
1926 3559 1988 3599 se
2017 3543 2334 3601 dimissam
2366 3561 2402 3601 a
2449 3546 2570 3600 Deo
2621 3545 2979 3617 scripturam
3032 3548 3363 3609 dictitavit:
3411 3557 3469 3611 et

1818 3632 2092 3705 capitulis
2119 3634 2347 3705 aliquot
2374 3634 2436 3689 in
2494 3649 2565 3690 eo
2595 3633 2750 3690 libro
2810 3637 3065 3693 exaratis
3092 3640 3215 3696 risu
3245 3639 3464 3712 dignis,

1815 3722 2159 3794 religiosum
2190 3722 2417 3779 cultum
2449 3723 2694 3780 asseclis
2722 3725 2983 3783 tradidit.

1890 3960 1939 4011 2.
1974 3956 2121 4012 Dicit
2150 3972 2341 4013 unum
2372 3973 2573 4014 rerum
2604 3958 2880 4016 omnium
2907 3960 3217 4031 factorem,
3269 3978 3467 4038 neque

1818 4046 2086 4116 genitum
2113 4062 2309 4119 neque
2336 4047 2705 4119 gignentem.
2736 4048 2883 4104 Dicit
2917 4048 3216 4107 Christum
3271 4051 3464 4110 ﬁlium

1818 4150 1947 4191 esse
1976 4135 2096 4204 Dei,
2126 4137 2527 4208 spiritumque
2558 4138 2706 4208 ejus,
2751 4136 2857 4194 sed
2895 4143 3165 4199 creatum
3223 4157 3292 4199 ac
3342 4158 3462 4200 ser-

1817 4240 1994 4293 vum;
2029 4228 2086 4280 et
2114 4240 2187 4280 ex
2243 4225 2422 4281 Maria
2473 4225 2689 4295 Moysis
2744 4228 2926 4298 atque
2974 4229 3228 4287 Aaronis
3261 4247 3465 4290 sorore

1818 4312 2051 4385 absque
2076 4314 2301 4369 semine
2331 4318 2563 4371 natum.
2592 4317 2742 4371 Nam
2783 4314 3063 4386 Verbum,
3118 4319 3330 4392 inquit,
3364 4322 3467 4381 Dei

1816 4418 1889 4460 ac
1917 4402 2158 4474 spiritus
2177 4402 2475 4460 introiitin
2494 4403 2758 4475 Mariam,
2782 4406 3118 4479 pereritque
3138 4408 3239 4465 illa
3261 4412 3465 4467 Jesum

1816 4492 2175 4566 prophetam
2205 4508 2567 4565 servumque
2595 4493 2717 4551 Dei.
2751 4495 2827 4550 At
2879 4496 3063 4552 Judaei
3123 4505 3332 4560 contra
3379 4501 3466 4560 fas

1816 4581 2136 4638 voluerunt
2163 4582 2333 4643 illum
2362 4582 2730 4652 cruciﬁgere,
2766 4598 2960 4657 eoque
3008 4588 3175 4658 potiti
3227 4592 3468 4648 nonnisi

1819 4671 2101 4728 umbram
2126 4672 2258 4743 ejus
2299 4672 2721 4729 cruciﬁxerunt
2755 4692 2767 4742 ;
2822 4690 2967 4732 nam
3026 4680 3181 4734 Deus
3206 4680 3377 4739 illum
3406 4683 3467 4739 in

1820 4763 2042 4817 coelum
2074 4762 2328 4830 sustulit,
2356 4763 2458 4833 qui
2494 4779 2633 4819 eum
2665 4762 2969 4833 diligebat.
3006 4767 3125 4824 Hoc
3170 4769 3347 4827 etiam
3375 4772 3465 4827 di-

1821 4850 1915 4921 cit,
1949 4850 2117 4922 quod
2149 4850 2443 4907 Christum
2488 4852 2545 4907 in
2606 4852 2789 4910 coelos
2831 4852 3097 4911 delatum
3144 4858 3467 4931 interroga-

1820 4939 1971 4996 verit
2008 4942 2164 4997 Deus
2210 4939 2468 4995 dicens:
2506 4942 2548 4997 Ο
2598 4941 2759 5008 Jesu,
2812 4946 2953 4999 tune
3001 4944 3218 5017 dixisti,
3276 4948 3465 5005 ﬁlium

1823 5029 1926 5086 Dei
1953 5032 2011 5087 te
2036 5045 2168 5085 esse
2197 5045 2269 5086 ac
2319 5032 2506 5086 Deum
2537 5031 2566 5086 ?
2620 5031 2731 5097 Qui
2788 5035 3118 5105 respondit,
3172 5038 3469 5110 Propitius

1823 5121 1952 5176 esto
1983 5119 2151 5188 mihi,
2177 5118 2446 5191 Domine,
2476 5123 2542 5176 tu
2572 5120 2688 5176 scis
2743 5137 2842 5177 me
2887 5122 3000 5178 hoc
3049 5139 3172 5180 non
3228 5125 3467 5199 dixisse,

1824 5222 2022 5279 neque
2044 5205 2305 5280 superbe
2329 5206 2392 5263 id
2419 5206 2568 5263 mihi
2592 5207 2906 5278 adrogare,
2936 5210 3042 5281 qui
3095 5228 3302 5271 servus
3332 5222 3470 5274 tuus

1903 5421 1993 5497 (3)_
2012 5418 2164 5477 Dicit
2189 5418 2305 5477 hoc
2335 5419 2550 5497 diserte
2574 5418 2950 5497 Mohamedes
2981 5437 3102 5481 sur.
3127 5428 3258 5497 XXI,
3292 5434 3377 5489 91.
3404 5433 3474 5487 In

1828 5490 2093 5549 Mariam
2124 5506 2256 5563 qua:
2282 5494 2574 5548 munitam
2614 5494 2873 5549 servavit
2906 5497 3147 5554 vulvam
3187 5490 3358 5558 suam
3388 5505 3477 5560 in-

1829 5566 2212 5642 sufﬂammus
2243 5564 2316 5642 de
2334 5566 2559 5642 spiritu
2580 5569 2783 5642 nostra
2805 5565 3025 5642 (inquit
3052 5571 3249 5641 Deus).
3275 5575 3351 5630 Et
3376 5590 3479 5642 po-

1830 5637 2057 5691 suimus
2084 5650 2213 5692 eam
2236 5641 2291 5691 et
2313 5636 2507 5705 ﬁlium
2541 5637 2666 5704 ejus
2724 5637 2787 5691 in
2820 5636 3181 5699 miraculum
3210 5636 3479 5703 omnibus

1834 5708 2086 5765 saeculis.
2120 5706 2288 5765 Idem
2316 5705 2599 5778 repetitur
2630 5722 2752 5766 sur.
2784 5709 2964 5780 LXVI,
3000 5716 3090 5769 13.

2892 5798 2934 5859 li

3345 389 3525 452 106-
