4040 6318
547 373 552 378 .
645 319 744 371 107

1977 305 2092 367 NIC
2100 310 2248 366 ΕΤίΕ
2291 306 2660 372 ΟΗΟΝῙΑΤᾹΞ

3911 335 4010 386 1οε

638 455 795 496 sum.
825 443 895 494 At
917 439 1078 494 enim
1106 437 1385 494 homines
1402 441 1874 507 transgressores
1893 437 2173 492 dixerunt
2193 448 2273 488 me

2402 435 2573 500 Ἵλεώς
2600 462 2710 511 μοι,
2748 447 2904 516 Κύριε
2932 465 2943 476 ·
2974 449 3040 496 σὺ
3065 441 3218 506 οἶδας
3237 448 3317 497 ὅτι
3336 447 3437 498 οὐκ
3469 445 3629 512 εἷπον,
3651 449 3774 504 οὐδὲ
3801 453 4010 527 ὑπερη-

638 530 720 586 ita
745 528 1035 592 locutum,
1069 532 1245 582 etme
1273 525 1619 582 calumniati
1650 531 1808 589 sunt,
1853 525 2034 596 hique
2089 524 2150 578 in
2202 539 2287 578 er-

638 633 772 675 rore
801 619 1134 672 versantur.
1193 615 1658 688 Responditque,
1712 615 1927 687 inquit,
1976 613 2058 670 illi
2084 615 2238 669 Deus
2270 629 2286 668 :

642 707 773 762 Scio
807 711 858 762 te
879 706 1040 761 hunc
1062 720 1406 760 sermonem
1436 720 1558 760 non
1607 719 1738 760 esse
1785 703 2072 758 locutum.
2128 701 2286 757 Alia-

639 811 758 869 que
787 794 977 850 multa
1005 798 1416 850 monstrorum
1447 793 1683 858 similia,
1718 793 1964 864 risuque
2009 791 2196 862 digna
2224 791 2285 845 in

638 900 710 939 eo
739 884 891 939 libro
921 882 1208 948 scribens,
1237 882 1366 936 haec
1398 898 1434 938 a
1460 884 1578 936 Deo
1621 882 1701 937 ad
1754 897 1817 936 se
1863 880 2130 936 demissa
2159 879 2285 950 glo-

638 974 843 1028 riatur.

709 1176 759 1227 3.
794 1169 976 1226 Nobis
1005 1184 1148 1224 vero
1174 1166 1889 1237 rogantibus,Quodnam
1912 1170 2000 1222 est
2022 1167 2284 1221 testimo-

637 1259 802 1315 nium
835 1260 991 1315 dataa
1018 1258 1133 1331 ipsi
1165 1273 1202 1313 a
1232 1260 1352 1312 Deo
1385 1257 1692 1328 scripturae
1712 1258 1740 1312 ‘?
1768 1256 1858 1311 vel
1877 1256 2011 1328 quis
2033 1255 2283 1326 prophe-

636 1352 698 1405 ta
723 1347 887 1404 hunc
907 1349 1312 1403 surrecturum
1343 1344 1700 1416 prophetam
1751 1343 2075 1416 praedixit?
2123 1342 2286 1398 insu-

636 1451 864 1509 perque
893 1434 1250 1496 dicentibus,
1282 1435 1542 1504 Moysem
1575 1432 1638 1488 in
1697 1433 1836 1488 Sina
1879 1436 2102 1497 monte,
2149 1431 2288 1488 uni-

634 1541 808 1581 verso
837 1526 1141 1598 spectante
1165 1521 1412 1595 populo,
1462 1522 1524 1576 in
1579 1521 1762 1588 nube,
1815 1521 1975 1592 igne,
2028 1521 2287 1577 tenebris

636 1612 1019 1686 procellaque
1049 1615 1376 1683 apparente
1409 1612 1546 1677 Deo,
1573 1610 1768 1679 legem
1789 1609 2082 1681 recepisse
2108 1629 2121 1675 ;
2154 1626 2288 1682 pro-

634 1703 968 1775 phetasque
994 1715 1208 1756 omnes
1237 1715 1274 1756 a
1303 1703 1500 1772 Moyse
1530 1705 1586 1756 et
1627 1698 1914 1770 deinceps
1943 1697 2020 1754 de
2073 1699 2285 1756 Christi

2401 537 2538 597 φανώ
2565 529 2693 583 εἶναι
2725 530 2910 593 δοῦλος
2939 553 3034 584 σου
3061 555 3072 567 ·
3107 533 3214 585 ἀλλ’
3241 538 3290 586 οἱ
3320 536 3584 609 ἄνθρωποι
3614 542 3663 590 οἱ
3692 542 4010 613 παραϐάται

2397 616 2629 687 ἔγραψαν
2660 621 2736 672 ὅτι
2765 619 2906 672 εἶπον
2928 627 3014 673 τὸν
3046 623 3194 692 λόγον
3223 632 3533 690 τοῦτον,καὶ
3564 626 3854 698 ἐψεύσαντο
3889 634 4010 683 κατ’

2398 700 2540 774 ἐμοῦ,
2573 713 2663 760 καί
2690 710 2795 761 εἰσι
2820 711 3218 782 πεπλανημένοι.
3237 717 3337 765 Καὶ
3355 711 3630 787 ἀπεκρίθη,
3647 723 3830 789 φησὶν,
3860 721 4010 792 αῦτῳ

2396 793 2422 842 ὸ
2449 799 2578 855 Θεὸς
2607 817 2619 829 ο
2654 795 2794 850 Οἶδα
2820 801 2900 850 ὅτι
2931 800 2996 851 σύ
3029 800 3122 851 οὐκ
3153 803 3229 868 (4)
3260 801 3427 873 ἔλεγες
3473 809 3562 855 τὸν
3602 805 3746 877 λογον
3790 819 4010 864 τοῦτον.

2401 888 2500 972 καὶ
2531 884 2661 938 illa
2684 887 2848 939 πολλὰ
2877 888 3225 962 τερατολογῶν
3257 889 3305 942 ἐν
3336 900 3397 964 τῇ
3445 898 3660 968 τοιαύτη
3714 907 4010 972 συγγραφῇ

2394 971 2618 1041 ’γέλωτος
2645 975 2786 1046 ἄξια,
2821 985 2988 1028 ταῦτα
3015 981 3160 1051 παρὰ
3202 987 3294 1030 τοῦ
3335 987 3470 1032 Θεοῦ
3501 981 3577 1034 ἐπ’
3609 985 3762 1036 αὐτὸν
3794 971 4010 1039 κατενε-

2395 1061 2597 1130 χθῆναι
2617 1067 2948 1135 φρυάττεται.

2464 1169 2531 1238 γ’,
2561 1169 2731 1242 Ἠμῶν
2764 1168 2822 1223 δὲ
2863 1171 3130 1245 λεγόντων,
3187 1179 3286 1227 Καὶ
3329 1181 3405 1237 τίς
3452 1176 3591 1230 ἐστιν
3639 1180 3666 1230 6
3716 1193 4010 1256 μαρτυρῶν

2395 1260 2475 1310 ὅτι
2528 1260 2668 1332 αὐτῷ
2714 1267 2921 1336 γραφὴν
2980 1259 3206 1316 δέδωκεν
3261 1267 3287 1315 ὀ
3319 1270 3484 1332 Θεὸς;
3535 1269 3565 1326 ἢ
3599 1273 3674 1329 τίς
3725 1280 3830 1322 τῶν
3877 1292 4010 1344 προ-

2395 1357 2567 1420 φητῶν
2592 1356 2830 1423 προεῖπεν
2859 1353 2938 1404 ὅτι
2985 1360 3217 1416 τοιοῦτος
3260 1353 3531 1408 ἀνίσταται
3557 1365 3832 1432 προφήτης
3865 1379 3880 1427 ;
3917 1369 4010 1413 καὶ

2395 1440 2598 1500 τούτοις
2653 1436 2804 1500 αὖθις
2861 1439 3199 1516 ἐπιφερόντων
3249 1445 3328 1495 ὅτι
3381 1446 3406 1494 ὁ
3459 1452 3691 1510 Μωῦσῆς
3738 1453 3888 1502 κατὰ
3951 1454 4010 1502 τὸ

2397 1531 2518 1578 Σινᾶ
2572 1530 2687 1599 ὅρος
2735 1527 2811 1580 ἐπ’
2863 1529 2980 1600 ὄψει
3027 1534 3218 1592 παντὸς
3269 1539 3362 1584 τοῦ
3413 1532 3539 1586 λαοῦ
3590 1535 3640 1586 ἐν
3697 1538 3881 1611 νεφέλῃ
3918 1545 4010 1591 καὶ

2395 1621 2523 1690 πυρὶ
2565 1621 2655 1669 καὶ
2691 1623 2863 1690 γνόφῳ
2904 1623 2994 1671 καὶ
3040 1619 3219 1692 Θυέλλῃ
3263 1625 3502 1693 φανέντος
3546 1632 3638 1676 τοῦ
3687 1633 3829 1679 Θεοῦ
3881 1626 4010 1680 ἐδέ-

2396 1703 2518 1765 ξατο
2575 1707 2662 1757 τὸν
2711 1711 2882 1777 νόμον,
2932 1712 3023 1760 καὶ
3083 1709 3164 1759 ὅτι
3219 1711 3405 1772 πάντες
3460 1714 3510 1762 οἱ.
3563 1723 3834 1786 προφῆται
3898 1714 4010 1768 ἀπὸ

636 1791 898 1849 adventu
926 1789 1303 1855 vaticinatos,
1328 1789 1452 1845 fore
1479 1788 1701 1844 scilicet
1737 1792 1804 1843 ut
1860 1789 2013 1844 Deus
2063 1789 2273 1861 Deique

2397 1798 2653 1853 Μωῦσέως
2699 1799 2788 1846 καὶ
2827 1795 3048 1858 καθεξῆς
3091 1795 3367 1871 ἀρξάμενοι
3419 1807 3537 1873 μερὶ
3582 1783 3682 1863 τῆς.
3715 1810 3811 1854 τοῦ
3869 1812 4009 1878 Χρι-

637 1880 813 1937 Filius
843 1879 1188 1935 incarnatus
1217 1878 1540 1943 adveniret,
1578 1877 2040 1947 cruciﬁgeretur,
2089 1893 2283 1934 more-

632 1973 796 2026 retur
831 1972 1012 2041 atque
1035 1972 1390 2036 resurgeret,
1413 1981 1672 2038 eumque
1721 1965 1989 2036 judicem
2042 1981 2175 2022 esse
2207 1967 2284 2022 vi-

633 2074 850 2115 vorum
879 2073 950 2113 ac
989 2061 1406 2118 mortuorum;
1438 2071 1582 2110 mox
1608 2055 1809 2110 adhuc
1863 2054 2040 2111 nobis
2086 2055 2285 2112 dicere

634 2146 1058 2220 pergentibus:
1093 2146 1207 2201 Cur
1234 2159 1359 2201 non
1378 2145 1464 2201 ita
1483 2145 1777 2217 propheta
1798 2149 1992 2200 vester
2015 2145 2280 2213 advenit,

631 2241 698 2294 ut
721 2237 915 2293 caeteri
967 2236 1042 2291 de
1093 2250 1164 2289 eo
1196 2235 1390 2290 testati
1435 2239 1614 2289 antea
1661 2233 1966 2289 fuissent?
2009 2233 2117 2290 sed
2171 2250 2282 2289 nec

631 2324 917 2383 omnibus
979 2323 1150 2380 vobis
1220 2322 1624 2390 cernentibus,
1683 2328 1749 2378 ut
1801 2323 2002 2394 Moysi,
2053 2324 2282 2396 populo

631 2418 848 2471 cuncto
879 2417 1210 2485 spectante,
1241 2415 1299 2467 et
1326 2411 1596 2467 fumante
1645 2416 1847 2466 monte
1898 2411 2092 2480 legem
2121 2413 2279 2469 Deus

626 2503 812 2569 dedit,
842 2500 1176 2558 Mohamedi
1194 2515 1438 2571 quoque
1460 2504 1722 2556 vestram
1746 2499 1904 2555 hanc
1925 2501 2281 2572 scripturam

625 2590 1052 2658 contraditam,
1101 2594 1164 2647 ut
1201 2605 1312 2645 vos
1358 2605 1602 2662 quoque
1635 2588 2031 2645 fundamento
2073 2590 2278 2662 aliquo

623 2680 961 2740 niteremini
979 2683 1007 2735 ‘?
1038 2679 1241 2745 Nobis,
1265 2679 1536 2751 inquam,
1567 2680 1648 2734 ita
1669 2679 2006 2734 dicentibus
2025 2680 2278 2748 Agareni

622 2770 1011 2843 respondent,
1043 2784 1447 2842 quaecumque
1489 2767 1634 2832 vult,
1688 2769 1874 2823 Deum
1912 2767 2127 2824 facere.
2173 2773 2276 2826 Re-

622 2858 989 2934 plicantibus
1052 2856 1274 2913 nobis:
1318 2855 1609 2928 Equidem
1660 2857 1722 2912 id
1781 2857 1970 2928 probe
2029 2858 2271 2924 scimus,

621 2949 952 3023 quaerimus
977 2951 1185 3004 tamen
1207 2947 1522 3019 quomodo
1554 2947 1850 3018 scriptura
1885 2947 1961 3003 ad
2014 2948 2274 3020 prophe-

622 3043 748 3096 tam
770 3041 1042 3094 vestrum
1065 3035 1338 3093 venerit?
1384 3035 1770 3108 respondent,
1821 3051 1893 3092 eo
1941 3035 2273 3093 dormiente

2397 1889 2523 1932 στοῦ
2577 1889 2872 1957 παρουσίας
2923 1890 3318 1959 προηγόρευσαν
3364 1889 3430 1948 ὡς
3461 1894 3591 1951 Θεό-ς
3619 1891 3686 1942 ὡν
3719 1896 3811 1944 καὶ
3858 1901 4006 1946 Θεοῦ

2394 1971 2512 2031 Υἱὸς
2564 1975 2914 2046 σαρκούμενος
2971 1973 3104 2043 ἡξει,
3161 1980 3252 2027 καὶ
3300 1981 3734 2050 σταυρωθήσεται
3762 1986 3859 2033 καὶ
3910 1985 4006 2033 θα-

2391 2062 2752 2118 νπωθήσεται
2798 2067 2888 2114 καὶ
2938 2061 3316 2134 ἀναστήσεται,
3347 2072 3438 2118 καὶ⁹
3484 2069 3566 2119 ὅτι
3611 2075 3792 2140 κριτὴς
3846 2067 4002 2132 οὗτος

2394 2149 2596 2209 ζώντων
2645 2156 2734 2203 καὶ
2789 2161 2978 2224 νεκρῶν
3045 2152 3186 2205 ἔστιν
3229 2174 3242 2188 ο
3298 2153 3408 2208 εἶτα
3469 2161 3855 2231 προστιθέντων
3921 2163 4004 2212 ὅτι

2395 2244 2509 2300 Πῶς
2546 2239 2651 2310 οὐχ
2695 2242 2858 2301 οὕτως
2897 2237 3046 2299 ἦλθεν
3077 2243 3102 2293 ὸ
3141 2249 3406 2318 προφήτης
3453 2247 3616 2317 ὑμῶν,
3662 2247 3828 2299 ἄλλων
3859 2269 4001 2322 μαρ-

2389 2330 2679 2400 τυρούντων
2703 2334 2823 2400 περὶ
2854 2329 3046 2398 αὑτοῦ;
3082 2329 3187 2382 ἀλλ’
3220 2329 3343 2385 οὐδὲ
3389 2336 3594 2387 πάντων
3639 2337 3781 2407 ὑμῶν
3830 2340 3999 2411 ὁρών-

2390 2436 2488 2468 των
2536 2418 2562 2468 ὁ
2620 2423 2770 2485 Θεὸς,
2825 2422 2894 2480 ὡς
2945 2428 3016 2489 τῷ
3066 2428 3279 2474 Μωῦσεί
3329 2421 3607 2495 βλέποντος
3646 2431 3840 2488 παντὸς
3902 2435 3998 2479 τοῦ

2387 2505 2514 2558 λαοῦ
2567 2513 2656 2560 καὶ
2703 2510 3081 2581 καπνιζομένου
3134 2519 3226 2562 τοῦ
3265 2514 3414 2585 ὄρους
3466 2510 3665 2567 δέδωκε
3691 2519 3775 2567 τὸν
3802 2522 3992 2588 νόμον,

2386 2596 2606 2666 κάκείνῳ
2653 2601 2746 2655 τὴν
2810 2603 3009 2672 γραφὴν
3078 2601 3140 2657 ἦν
3213 2620 3338 2671 φατε
3394 2606 3678 2676 παρέσχεν,
3741 2607 3826 2657 ἶνα
3901 2613 3994 2657 καὶ

2385 2685 2526 2756 ὑμεῖς
2590 2690 2648 2738 τὸ
2716 2685 2928 2758 βέϐαιον
2967 2691 3127 2758 ἔχητε
3168 2707 3182 2755 ;
3240 2688 3606 2763 ἀποκρίνονται
3655 2695 3736 2746 ὁτι
3782 2696 3810 2745 6
3855 2700 3990 2756 Θεὸς

2385 2776 2484 2827 ὅσα
2524 2774 2652 2826 θέλει
2709 2783 2863 2830 ποιεῖ.
2908 2781 3174 2847 Λεοχὸντων
3222 2775 3281 2830 δὲ
3331 2781 3476 2851 ἡμῶν
3532 2783 3611 2834 ὅτι
3667 2789 3835 2836 Τοῦτο
3896 2790 3987 2835 καὶ

2383 2867 2534 2936 ἡμεῖς
2587 2861 2822 2933 οἴδαμεν,
2880 2865 3247 2939 ἀποκρίνονται
3302 2871 3384 2921 ὃτι
3435 2869 3484 2921 ἐν
3551 2873 3657 2941 ὅσῳ
3711 2871 3983 2945 ἐκοιμᾶτο,

2381 2952 2572 3011 κατέϐη
2623 2955 2653 3011 ἠ
2709 2959 2886 3026 γραφὴ
2937 2954 3105 3007 ἐπάνω
3163 2957 3324 3008 αὑτοῦ
3358 2979 3371 2990 ·
3429 2964 3518 3012 καὶ
3560 2964 3630 3012 Τὸ
3681 2961 3982 3031 γελοιῶδες,

2379 3040 2590 3113 λέγομεν
2632 3045 2785 3115 ἡμεῖς
2839 3047 2970 3118 πρὸς
3021 3045 3228 3111 αὐτοὺς,
3291 3049 3390 3112 ὅτι,
3442 3045 3623 3107 ἐπειδὴ
3664 3058 3984 3122 κοιμώμενος

618 3128 980 3201 scripturam
1009 3126 1269 3197 desuper
1292 3125 1347 3181 ei
1370 3125 1673 3182 traditam.
1705 3125 1883 3197 Atqui
1906 3125 2022 3181 hoc
2050 3125 2271 3182 ridicu-

2386 3127 2594 3193 ἐδέξατο
2631 3135 2726 3190 τὴν
2769 3137 2998 3206 γραφὴν,
3039 3140 3127 3186 καὶ
3166 3136 3260 3188 οὐκ
3312 3138 3502 3207 ᾔσθετο
3559 3146 3647 3198 τῆς
3703 3139 3981 3210 ἐνεργείας,

617 3217 746 3273 lum
766 3219 874 3287 est,
904 3214 1346 3289 respondemus
1379 3231 1392 3282 ;
1429 3217 1488 3270 et
1509 3215 1655 3286 quia
1683 3213 1990 3270 dormiens
2015 3215 2268 3287 scriptu-

601 3322 753 3365 ram
769 3305 1010 3377 recepit,
1024 3319 1220 3376 neque
1237 3303 1368 3371 eius
1391 3301 1475 3358 rei
1499 3318 1748 3358 sensum
1769 3303 2000 3370 habuit,
2014 3304 2268 3376 popula-

615 3411 680 3452 re
689 3395 752 3450 in
768 3409 840 3450 eo
851 3392 1241 3465 proverbium
1254 3391 1621 3464 completum
1640 3391 1768 3447 fuit.
1784 3393 2267 3464 cumquedenuo

617 3483 696 3541 ab
717 3483 790 3540 iis
813 3481 1204 3549 sciscitamur,
1236 3480 1352 3536 Cur
1371 3480 1720 3537 Mohamede
1742 3480 1909 3545 vobis
1940 3481 2266 3538 mandante

616 3573 678 3629 in
689 3571 802 3630 hac
823 3575 1024 3629 vestra
1040 3570 1353 3642 scriptura,
1377 3568 1603 3642 nequid
1619 3568 1852 3637 faciatis
1869 3575 1972 3638 aut
1993 3570 2266 3627 admitta-

615 3661 689 3718 tis
710 3660 943 3733 absque
964 3659 1378 3728 testibus,cur,
1396 3657 1670 3731 inquam,
1685 3673 1809 3714 non
1829 3658 1884 3718 ei
1903 3658 2171 3716 dixistis:
2197 3663 2267 3716 At

615 3752 682 3806 tu
698 3749 866 3822 prior
892 3747 1148 3805 testibus
1170 3747 1448 3820 approba
1467 3752 1524 3803 te
1544 3763 1680 3802 esse
1715 3746 2093 3820 prophetam,
2143 3753 2200 3804 et
2229 3765 2266 3805 a

617 3842 734 3895 Deo
763 3838 967 3896 venire
988 3839 1017 3893 ?
1040 3841 1099 3894 et
1126 3852 1409 3910 quasnam
1440 3835 1733 3907 scriptura
1757 3836 1832 3891 de
1862 3840 1916 3891 te
1973 3840 2218 3893 testetur
2237 3839 2266 3893 ?

613 3933 756 3984 tunc
783 3926 1015 4000 pudore
1045 3925 1256 3980 suffusi
1281 3924 1477 3980 silent.
1495 3927 1612 3980 Nos
1635 3928 1838 3979 autem
1858 3924 1993 3995 jure
2025 3925 2264 3981 merito-

610 4033 730 4091 que
755 4019 872 4074 illis
897 4017 1157 4073 dicimus
1186 4033 1200 4072 :
1239 4014 1535 4080 Quoniam
1575 4030 1821 4070 uxorem
1850 4014 2069 4070 ducere
2099 4015 2266 4073 haud

611 4108 747 4164 licet
764 4109 998 4179 absque
1025 4106 1304 4174 testibus,
1355 4120 1552 4176 neque
1579 4104 1851 4169 mercari,
1883 4120 2080 4176 neque
2106 4121 2263 4161 eme-

610 4211 695 4265 re,
717 4199 776 4252 et
802 4211 878 4251 ne
905 4196 1146 4252 asinum
1165 4194 1414 4267 quidem
1431 4197 1532 4249 aut
1549 4193 1844 4265 praedium
1867 4193 1994 4249 sine
2017 4194 2265 4250 testibus

610 4285 963 4359 adquiritis;
997 4285 1103 4340 sed
1133 4299 1370 4348 uxores,
1397 4287 1454 4339 et
1477 4282 1724 4354 praedia,
1757 4286 1814 4338 et
1840 4282 2061 4350 asinos,
2092 4292 2148 4339 et
2176 4299 2265 4339 re-

609 4375 796 4448 liqua,
825 4372 1226 4448 praesentibus
1250 4372 1502 4428 testibus
1534 4371 1797 4442 mancipi
1820 4371 2075 4440 habetis,
2109 4372 2266 4429 male

2379 3219 2452 3282 εἰς
2503 3220 2658 3272 αὐτόν
2709 3219 2981 3294 ἐπληρώθη
3037 3227 3098 3274 τὸ
3163 3233 3253 3284 τῆς
3323 3221 3611 3296 δημώδους
3671 3234 3974 3300 παροιμίας.

2379 3309 2540 3362 Πάλιν
2599 3311 2746 3382 ὑμῶν
2817 3309 3137 3385 ἐρωτώντων,
3205 3319 3320 3373 Πῶς
3393 3314 3555 3367 αὐτοῦ
3625 3315 3977 3388 ἐντειλαμένου

2376 3398 2497 3469 ὑμῖν
2527 3398 2577 3450 ἐν
2616 3406 2679 3470 τῇ
2711 3406 2884 3471 γραφῇ
2915 3401 3056 3470 ὑμῶν
3105 3398 3270 3472 μηδὲν
3299 3410 3460 3454 ποιεῖν
3502 3405 3532 3461 ἦ
3565 3401 3825 3474 δέχεσθαι
3856 3409 3976 3456 ἄνευ

2373 3491 2668 3562 μαρτύρων,
2721 3488 2815 3540 οὐκ
2858 3492 3032 3541 εῖπατε
3087 3491 3226 3560 αὐτῷ
3265 3492 3346 3542 ὃτι
3395 3499 3604 3564 Πρῶτος
3655 3493 3807 3554 αὐτὸς
3847 3494 3973 3546 611:6-

2376 3573 2543 3640 δειξον
2584 3574 2679 3629 διὰ
2715 3580 2991 3652 μαρτύρων
3030 3580 3095 3638 ὼς
3133 3585 3400 3651 προφήτης
3451 3577 3513 3647 εἴ,
3564 3587 3654 3634 καὶ
3694 3581 3795 3634 ἀπὸ
3837 3589 3972 3636 Θεοῦ

2374 3665 2598 3728 ἐξῆλθες,
2638 3672 2728 3718 καὶ
2765 3671 2891 3719 ποία
2944 3672 3117 3740 γραφὴ
3178 3677 3433 3744 μαρτυρεῖ
3485 3676 3604 3744 περὶ
3662 3680 3804 3738 σοῦ;
3851 3691 3971 3722 σιω-

2373 3763 2541 3806 πῶσιν
2581 3751 2903 3827 αἰδούμενοι.
2949 3761 3085 3828 Πρὸς
3124 3756 3211 3818 οὓς
3252 3757 3472 3828 εὐλόγως
3512 3763 3691 3830 φαμὲν,
3751 3757 3967 3816 Ἐπειδὴ

2373 3850 2598 3912 γυναῖκα
2649 3850 2821 3916 γῆμαι
2874 3845 2968 3894 οὐκ
3038 3845 3234 3907 ἔξεστιν
3303 3849 3421 3898 οἰνευ
3488 3851 3782 3920 μαρτύρων,
3849 3845 3971 3900 οὐδὲ

2377 3930 2670 4004 ἀγοράζειν,
2712 3930 2834 3985 οὐδὲ
2885 3935 3137 4008 κρᾶσθαι,
3178 3938 3296 3986 οὔτε
3335 3932 3395 3986 δὲ
3431 3938 3573 4006 ὑμεῖς
3628 3936 3775 3988 αὐτοὶ
3813 3957 3970 3988 κατα-

2377 4017 2603 4091 δέχεσθε
2651 4024 2760 4073 ὄνον
2819 4023 2847 4080 ἦ
2904 4029 3082 4094 κτῇμα
3139 4023 3432 4097 ἀμάρτυρον
3489 4029 3628 4092 ὄντα,
3699 4025 3825 4077 ἀλλὰ
3883 4032 3969 4078 καὶ

2374 4117 2620 4178 γυναῖκας
2677 4117 2766 4162 καὶ
2805 4116 3051 4182 κτήματα.
3103 4118 3190 4163 καὶ⁹
3231 4117 3372 4172 ὅνους
3428 4118 3516 4164 καί
3575 4117 3640 4164 τὰ
3695 4117 3847 4166 λοιπά
3879 4113 3971 4165 διὰ.

2375 4203 2650 4270 μαρτύρων
2689 4201 2904 4268 κτᾶσθε,
2947 4208 3115 4260 κακῶς
3159 4203 3262 4272 οἰρα
3298 4207 3459 4272 μόνην
3518 4209 3610 4259 τὴν
3667 4208 3842 4254 πίστιν
3882 4209 3968 4254 καὶ

2375 4293 2468 4346 τὴν
2507 4293 2711 4360 γραφὴν
2762 4288 3060 4362 ἀμάρτυρον
3115 4292 3262 4360 ἔχετε
3296 4311 3308 4323 ·

2373 4373 2644 4450 παραδοὺς
2697 4374 2986 4449 οὐδαμόθεν
3025 4380 3139 4448 ἔχει
3177 4382 3236 4429 τὸ
3273 4377 3483 4450 βέϐαιον
3518 4402 3531 4412 ·
3574 4376 3699 4432 οὐδέ
3726 4401 3807 4442 τις
3837 4399 3965 4453 προ-

3363 4293 3388 4340 ὸ
3436 4294 3538 4362 γὰρ
3597 4295 3792 4348 ταύτην
3851 4295 3966 4362 ὑμῖν

610 4461 877 4536 profecto
901 4461 1096 4518 solam
1123 4460 1307 4516 ﬁdem
1328 4463 1510 4532 atque
1532 4459 1893 4532 scripturam
1918 4460 2263 4517 intestatam

2386 4468 2572 4537 ιάρτυς
2605 4466 2764 4518 αὐτοῦ
2820 4471 3150 4540 γνωρίζεται,
3196 4465 3322 4519 ἀλλὰ
3373 4474 3686 4540 κοιμώμενος
3745 4467 3954 4531 ἐδέξατο

609 4551 856 4610 tenetis:
891 4565 1037 4609 nam
1090 4549 1196 4622 qui
1223 4549 1384 4606 hanc
1412 4547 1588 4604 vobis
1647 4549 1910 4619 tradidit,
1953 4565 2261 4623 nusquam

607 4641 793 4699 habet
818 4639 1214 4696 ﬁrmitatem:
1267 4653 1468 4710 neque
1511 4636 1668 4693 ullus
1719 4638 1885 4694 testis
1933 4639 2260 4712 praecessit,

610 4731 718 4788 sed
738 4729 963 4787 librum
987 4727 1297 4785 dormiam
1326 4725 1711 4783 Mohamedes
1740 4727 1981 4801 recepit.

675 4823 733 4876 4.
765 4817 1084 4892 Appellant
1110 4832 1251 4874 vero
1279 4831 1393 4872 nos
1423 4816 1813 4884 associantes,
1845 4816 1990 4888 quia
2019 4819 2158 4883 Deo,
2195 4821 2261 4875 ut

609 4911 796 4980 aiunt,
833 4907 1066 4965 socium
1106 4905 1519 4978 adjungimus,
1569 4905 1719 4961 dum
1766 4905 2066 4962 Christum
2109 4907 2257 4964 dici-

606 5016 746 5057 mus
763 4997 868 5054 Dei
898 4997 1108 5053 Filium
1129 5011 1203 5052 ac
1221 4997 1432 5051 Deum.
1456 4993 1686 5060 Quibus
1707 4995 2171 5067 respondemus,
2194 4996 2259 5053 ld

606 5088 827 5145 scilicet
854 5101 894 5142 a
919 5085 1224 5156 Scriptura
1247 5098 1421 5140 sacra
1466 5083 1892 5156 prophetisque
1920 5084 2205 5141 traditum
2239 5103 2252 5142 :

606 5190 842 5249 vosque
888 5174 1026 5246 ipsi,
1079 5177 1146 5229 ut
1208 5175 1367 5228 certe
1430 5171 1763 5235 afﬁrmatis.
1825 5173 2257 5245 prophetarum

609 5264 1024 5322 auctoritatem
1087 5261 1423 5319 admittitis.
1463 5260 1520 5317 Si
1563 5276 1707 5332 ergo
1754 5277 1938 5334 prave
1992 5261 2255 5320 dicimus

607 5353 908 5410 Christum
937 5351 1042 5410 Dei
1070 5351 1300 5417 Filium,
1331 5364 1519 5423 prave
1546 5349 1755 5423 utique
1782 5350 1866 5414 illi
1921 5350 2257 5410 docuerunt

2371 4557 2585 4612 ταύτην,

2441 4815 2506 4873 δ’.
2545 4817 2776 4872 Καλοῦσι
2806 4816 2865 4872 δε
2903 4820 3030 4893 ἐμᾶς
3060 4820 3414 4894 ἐταιριαστάς,
3449 4825 3550 4892 ὅτι,
3598 4830 3776 4895 φασὶν,
3826 4825 3962 4876 ἑταῖ-

2366 4927 2454 4982 ρον
2502 4915 2576 4978 τῷ
2630 4915 2743 4980 Θεῷ
2797 4913 3198 4984 παρεισάγομεν,
3262 4910 3494 4982 λέγοντες
3540 4910 3670 4965 εἶναι
3721 4917 3808 4965 τὸν
3840 4921 3962 4985 Χριο

2369 5001 2492 5048 στὸν
2535 4999 2654 5050 Υὶὸν
2704 5005 2795 5050 τοῦ
2843 5005 2978 5051 Θεοῦ
3030 5005 3119 5051 καὶ
3152 5004 3299 5055 Θεὸν.
3334 5005 3468 5074 Πρὸς
3521 5003 3606 5062 οῦς
3650 5023 3833 5075 φαμεν,
3883 5004 3959 5052 ὅτι

2366 5090 2530 5137 Τοῦτο
2569 5088 2599 5144 ἠ
2667 5090 2805 5160 ραφὴ
2865 5092 2957 5139 καὶ
3015 5088 3064 5138 οἱ
3123 5095 3389 5162 προφῆται
3459 5086 3904 5162 παραδεδώκασιν
3944 5108 3957 5119 ·

2367 5175 2516 5247 ὑμεῖς
2555 5171 2634 5242 δε,
2672 5177 2741 5236 ὡς
2780 5170 3218 5248 διισχυρίζεσθε,
3252 5180 3373 5238 τοὺς
3410 5183 3677 5253 προφήτας
3717 5175 3954 5252 δέχεσθε.

2366 5264 2427 5316 Εἰ
2463 5259 2552 5316 οὖν
2591 5271 2763 5324 κακῶς
2799 5262 3010 5336 λέγομεν
3049 5267 3135 5316 τὸν
3174 5268 3404 5337 Χριστὸν
3446 5271 3565 5318 Υίὸν
3603 5274 3759 5337 Θεοῦ,
3791 5266 3957 5325 κακῶς

2365 5353 2472 5426 ἄρα
2499 5351 2684 5406 ἐκεῖνοι
2731 5348 2982 5415 ἐδίδαξαν
3039 5357 3130 5406 καὶ
3168 5350 3482 5426 παρέδωκαν
3509 5358 3655 5428 ἡμῖν.
3691 5362 3791 5411 Καί
3829 5357 3954 5413 τινες

673 5551 757 5623 (4)
786 5553 872 5624 Ita
892 5550 1193 5624 Choniatae
1205 5547 1406 5624 codex
1424 5547 1626 5608 denuo
1651 5565 1690 5608 a
1711 5565 1808 5608 me
1829 5549 2157 5624 inspectus.
2183 5551 2256 5608 At
2281 5551 2346 5610 in
2360 5547 2560 5620 Spicil.
2591 5551 2647 5606 et
2665 5552 2822 5606 retro
2853 5563 2914 5621 p.
2942 5551 3066 5618 349,
3090 5563 3150 5604 n.
3173 5551 3227 5618 4,
3246 5549 3538 5608 mendose
3560 5551 3753 5609 fuerat
3773 5550 3945 5609 omis-

609 5619 994 5695 sa'p'articula
1018 5622 1301 5694 negativa
1320 5619 1441 5678 οὐκ.
