4040 6318
681 369 777 425 ili

2025 352 2291 413 NICETE
2328 352 2696 418 CHONIATE

3942 370 4040 431 111

678 489 1036 549 Sedentibus
1102 500 1245 557 ergo
1308 483 1441 549 illis,
1506 479 1589 540 ait
1642 476 2063 540 Mohamedes:
2128 476 2309 548 Zeide,

2443 484 2525 535 ἶνα
2574 483 2840 556 ἀπολύσῃς
2883 489 2977 546 τὴν
3020 486 3246 558 γυναῖκά
3285 505 3407 546 σου.
3445 487 3503 543 Ὀ
3542 487 3602 546 δι
3640 491 3861 550 ἀπέλυσε
3886 510 3904 529 ⁶
3952 504 4040 554 καὶ

676 581 833 637 Deus
873 575 1187 635 mandavit
1225 573 1393 639 mihi,
1425 575 1492 629 ut
1535 586 1785 628 uxorem
1819 574 1988 627 tuam
2034 568 2322 626 dimittas.

673 673 746 726 At
787 669 881 725 ille
914 667 1187 741 protinus
1234 663 1477 720 dimisit.
1529 665 1668 719 Post
1716 677 1947 735 paucos
1986 674 2128 717 vero
2173 659 2327 727 dies,

670 773 879 815 rursus
909 758 990 814 ait
1022 753 1406 813 Mohamedes
1439 770 1452 808 :
1500 752 1652 807 Deus
1704 749 2021 807 mandavit
2062 747 2228 819 mihi,
2262 753 2330 804 ut

672 863 944 916 uxorem,
985 860 1173 917 quam
1211 846 1275 899 tu
1326 839 1624 910 dimisisti,
1658 840 1805 896 mihi
1850 837 2170 911 accipiam.
2211 839 2328 893 Re-

671 935 915 1009 spondit
940 934 1036 991 ille
1068 950 1081 990 :
1132 935 1382 1003 Legatus
1420 946 1506 997 es,
1554 928 1845 1002 quicquid
1875 927 1980 985 tibi
2012 924 2328 983 mandavit

670 1028 843 1093 Deus,
903 1023 1150 1081 conﬁce.
1206 1024 1368 1078 Tunc
1414 1018 1517 1076 illa
1570 1018 1754 1075 ducta
1804 1015 2206 1084 Mohamedes,
2268 1020 2327 1073 et

2437 572 2553 643 μεθ’
2610 575 2803 651 ἡμέρας
2847 577 2993 638 τινάς
3048 595 3250 649 φησιν’
3312 583 3373 630 Ὁ
3430 581 3551 642 Θεὸς
3606 580 3883 640 ἐνετείλατό
3946 607 4040 661 μοι

2437 664 2530 719 τὴν
2587 671 2812 734 γυναῖκα
2869 664 2930 724 ἣν
2981 667 3047 719 σὺ
3104 663 3362 729 ἀπέλυσας
3417 667 3607 726 λαϐεῖν.
3670 672 3727 725 Ὀ
3786 671 3844 729 δὶ
3898 679 3995 750 ἔφη
4026 699 4040 712 ·

2438 750 2753 814 ’Λπόστολος
2794 750 2873 806 εἶ’
2916 758 3139 812 ποίησον
3186 757 3285 809 ὅσα
3324 758 3349 809 ὁ
3396 761 3524 821 Θεὸς
3566 758 3862 820 ἐνετείλατο.
3908 763 4040 820 Εἶτα

2433 838 2601 892 λαϐὼν
2653 847 2743 895 καὶ
2798 845 3091 916 μοιχεύσας
3131 844 3313 913 αὐτὴν,
3366 855 3600 901 τοιοῦτον
3651 852 3804 909 ἔθηκε
3832 857 3994 916 νόμον
4022 878 4036 889 ·

2431 925 2490 981 Ὀ
2539 927 2848 1004 βουλόμενος
2912 931 3176 985 ἀπολυέτω
3236 938 3331 993 τὴν
3394 924 3620 1007 γυναῖκα
3679 940 3837 995 αὐτοῦ
3861 911 3903 973 ’⁸
3950 943 4038 997 ἐὰν

2433 1013 2494 1070 δὲ
2525 1020 2657 1090 μετὰ
2693 1022 2753 1072 τὸ
2803 1019 3146 1089 ἀπολυθῆναι,
3191 1025 3322 1096 πρὸς
3368 1024 3525 1078 αὐτὸν
3564 1026 3886 1104 ἁναστρεψη,
3937 1054 4040 1106 γα-

666 1112 1195 1181 mcechatus,hanc
1211 1114 1422 1184 postea
1441 1109 1636 1179 legem
1655 1107 1806 1164 tulit:
1837 1119 2056 1178 nempe
2084 1109 2147 1161 ut
2162 1104 2325 1177 quis-

666 1204 804 1278 quis
855 1202 1127 1266 voluerit,
1182 1214 1430 1256 uxorem
1480 1213 1654 1254 suam
1713 1197 1992 1254 dimittat.
2044 1194 2221 1262 Quod
2274 1194 2323 1250 si

662 1292 766 1350 illa
818 1297 956 1366 post
1010 1289 1351 1363 repudium,
1412 1287 1491 1345 ad
1536 1288 1734 1344 virum
1784 1284 1990 1342 reverti
2045 1282 2317 1354 voluerit,

663 1382 849 1439 ducat
883 1381 1034 1437 alius
1086 1378 1389 1453 quispiam
1419 1394 1433 1432 :
1473 1392 1673 1449 neque
1704 1375 1866 1432 enim
1897 1390 1933 1431 a
1965 1373 2163 1446 priore
2191 1371 2320 1429 viro

662 1471 846 1544 recipi
875 1485 1011 1527 eam
1049 1468 1204 1531 licet,
1236 1467 1351 1522 nisi
1390 1466 1558 1539 prius
1601 1464 1767 1521 alteri
1806 1462 2095 1536 nupserit.
2148 1460 2320 1527 Quod

663 1559 714 1615 si
761 1557 942 1615 frater
988 1556 1290 1630 quispiam
1348 1554 1642 1626 repudiet,
1709 1553 1893 1610 ducat
1951 1567 2086 1609 eam
2137 1550 2322 1606 frater

659 1647 818 1704 illius
862 1648 909 1703 si
956 1645 1228 1702 voluerit.
1272 1648 1336 1700 In
1380 1642 1595 1700 eodem
1640 1646 1841 1699 autem
1883 1638 2146 1714 capitulo
2189 1638 2320 1694 haec

2429 1109 2590 1178 μείτω
2629 1107 2791 1167 αύτὴν
2834 1110 2994 1185 ἕτερος
3044 1129 3160 1173 τις’
3206 1115 3264 1164 ού
3304 1114 3403 1188 γὰρ
3443 1113 3611 1178 ἔξεστι
3644 1116 3817 1172 λαϐεῖν
3845 1121 4035 1192 αὐτὴν,

2430 1193 2474 1246 εἰ
2512 1199 2583 1267 μή
2633 1198 2846 1270 γαμηθῇ
2888 1198 2974 1271 ὑπ”
3004 1198 3200 1273 ἑτέρου.
3255 1200 3369 1255 Ἐὰν
3415 1199 3474 1256 δε
3511 1208 3609 1259 καῖ
3637 1203 3850 1280 ἁδελφὸς
3898 1209 4036 1265 ἄποια

2428 1281 2583 1372 λύσῃ,
2616 1291 2848 1372 γαμείτω
2876 1286 3038 1346 αὐτὴν
3072 1289 3104 1340 ‘6
3143 1287 3358 1363 ἁδελφὸς
3401 1292 3562 1346 αὐτοῦ
3605 1295 3632 1347 ὁ
3680 1294 3995 1372 βουλόμενος
4019 1322 4033 1335 ·

2431 1370 2510 1425 Ἐν
2564 1372 2693 1447 αὐτῇ
2752 1371 2811 1428 δὲ
2864 1382 2928 1448 τῇ
2977 1385 3151 1451 ’γραφῇ
3201 1386 3421 1433 τοιαῦτα
3458 1385 3797 1458 παραγγέλλει
3828 1370 3851 1418 ’ἡ
3900 1387 4035 1463 Ἐρ-

2426 1478 2590 1532 γασαι
2636 1466 2731 1522 τὴν
2775 1471 2876 1535 γῆν
2928 1464 2989 1524 ἣν
3037 1466 3189 1525 ἔθηκέ
3244 1487 3328 1521 σοι
3366 1470 3392 1521 ὁ
3435 1474 3585 1542 Θεὸς,
3614 1479 3703 1527 καὶ
3741 1475 4036 1549 φιλοκαλη-

2429 1567 2520 1601 σον
2560 1551 2744 1621 αὐτὴν,
2794 1558 2884 1607 καὶ
2930 1551 3054 1608 τόδε
3098 1562 3342 1626 ποίησον,
3379 1565 3469 1613 καὶ
3512 1561 3772 1619 ϊοιῶσὸ¹ε⁸
3821 1568 3906 1622 ἵνα
3952 1575 4029 1643 μὴ

2426 1640 2596 1692 πάντα
2619 1639 2771 1713 λέγω,
2803 1645 2872 1704 ὡς
2892 1642 3098 1713 ἐκεῖνος,
3122 1645 3356 1722 αἰσχρά.

660 1751 905 1810 quoque
931 1734 1144 1792 suadet
1173 1752 1186 1791 :
1216 1747 1467 1806 operare
1497 1736 1719 1820 terram
1749 1745 1936 1803 quam
1967 1728 2073 1786 tibi
2103 1729 2257 1784 Deus
2285 1724 2469 1798 dedit,
2496 1732 2555 1785 et
2595 1727 2871 1789 deliciare
2908 1732 2970 1789 in
3000 1748 3095 1802 ea,
3127 1739 3183 1793 et
3230 1735 3346 1795 hoc
3392 1740 3610 1799 ac‘tali
3647 1744 3831 1803 modo
3888 1760 4030 1820 age,

660 1825 807 1883 Nolo
837 1825 999 1881 enim
1031 1827 1245 1880 caetera
1283 1820 1500 1894 turpia,
1533 1819 1733 1889 utille,
1755 1820 1945 1894 loqui.

728 1920 782 1969 7.
811 1916 1034 1969 Rursus
1064 1911 1227 1968 aliud
1255 1908 1585 1983 capitulum
1613 1907 1955 1965 inscribitur
1974 1905 2050 1963 de
2080 1902 2311 1963 camelo
2342 1904 2382 1960 Β

656 2002 788 2070 Dei;
813 2003 873 2058 in
892 2000 1192 2075 quodixit,
1215 1999 1505 2057 exstitisse
1517 2014 1552 2056 a
1566 2001 1685 2054 Deo
1702 1996 1999 2054 camelum
2021 1994 2311 2051 feminam

657 2108 794 2166 qute
848 2092 1150 2161 integrum
1198 2087 1382 2146 ebibit
1434 2087 1681 2159 ﬂumen,
1742 2086 2094 2158 transiitque
2157 2083 2312 2140 inter

655 2182 812 2238 duos
836 2184 1182 2249 montes,ne
1204 2176 1833 2250 comprehenderetur.
1861 2174 2119 2247 Populos
2141 2187 2306 2242 vero,

655 2269 871 2343 inquit,
898 2270 961 2324 in
1003 2267 1137 2323 loco
1180 2270 1324 2330 erat,
1358 2265 1463 2337 qui
1508 2264 1705 2337 priore
1739 2264 1836 2320 die
1879 2278 2105 2335 aquam
2136 2260 2308 2330 bibit,

658 2361 897 2430 postera
917 2359 1119 2412 autem
1136 2353 1429 2411 camelus:
1454 2368 1591 2426 quae
1613 2368 1774 2426 aqua
1788 2356 1993 2425 potata
2013 2349 2309 2424 populum

658 2445 820 2515 aluit,
865 2444 960 2501 lac
1001 2460 1112 2516 pro
1151 2457 1312 2515 aqua
1354 2441 1650 2514 praebens.
1694 2440 1810 2497 Sed
1854 2442 2015 2496 enim
2064 2453 2310 2495 consur-

659 2536 867 2605 gentes
888 2533 997 2589 viri
1028 2533 1108 2588 illi
1135 2531 1415 2604 improbi,
1449 2528 1751 2586 camelum
1773 2529 2139 2585 occiderunt.
2174 2530 2310 2584 Erat

660 2627 863 2680 autem
912 2623 1093 2693 hujus
1139 2619 1359 2694 pullus,
1390 2635 1581 2692 parva
1618 2618 1905 2687 camelus,
1937 2634 2072 2692 quas
2119 2621 2308 2673 matre

659 2713 1042 2784 interempta,
1075 2709 1156 2767 ad
1182 2712 1370 2766 Deum
1407 2723 1615 2765 vocem
1644 2707 1871 2777 extulit,
1898 2707 2004 2780 qui
2033 2707 2201 2762 illam
2231 2704 2312 2761 ad

2497 1906 2557 1970 ζ’.
2605 1908 2765 1962 Πάλιν
2818 1909 2947 1970 ἄλλη
2995 1916 3170 1987 γραφη
3224 1916 3254 1973 ἠ
3305 1922 3401 1978 τῆς
3443 1918 3680 1993 καμήλου
3721 1931 3816 1977 τοῦ
3865 1932 4030 1991 Θεοῦ,

2421 1993 2470 2047 ἐν
2587 1996 2723 2070 λέγει
2771 2000 2852 2052 ὅτι
2900 1996 2962 2059 ἧν
3001 2000 3230 2074 κάμηλος
3270 2003 3340 2057 ’ἐκ
3382 2014 3534 2074 Θεοῦ,
3569 2015 3657 2064 καὶ
3702 2014 3869 2067 ἔπινεν
3909 2015 4032 2068 ὅλον

2419 2087 2506 2137 τὸν
2537 2090 2791 2159 ποταμὸν,
2820 2093 2909 2141 καὶ
2960 2085 3218 2163 διήρχετο
3257 2095 3452 2165 μεταξύ
3499 2094 3598 2151 δύο
3636 2101 3788 2175 ὁρίων
3819 2104 3899 2174 (ϐ)
3933 2100 4036 2157 διὰ

2416 2176 2476 2226 τὸ
2520 2179 2592 2247 μὴ
2642 2178 2961 2252 χωρεῖσθαι.
3007 2182 3145 2242 Λαὸς
3190 2181 3266 2248 δε,
3310 2189 3489 2255 φησιν,
3540 2183 3604 2245 ἦν
3646 2186 3695 2241 ἓν
3735 2197 3807 2261 τῷ
3857 2196 4034 2261 τόπῳ,

2417 2267 2507 2316 καὶ
2548 2267 2643 2323 ⁸ἰὴν
2676 2270 2799 2337 μίαν
2847 2268 3044 2340 ἡμέραν
3092 2268 3246 2333 αὐτὸς
3284 2274 3422 2326 ἔπινε
3459 2278 3517 2327 τὸ
3549 2273 3692 2352 ὕδωρ
3718 2300 3732 2313 ·
3773 2280 3805 2338 ἡ
3841 2277 3903 2334 (γε
3933 2250 4034 2335 κᾶ-

2417 2351 2580 2426 μηλος
2610 2361 2672 2426 τῇ
2716 2354 2829 2418 ἑξῆς
2852 2377 2866 2390 ·
2908 2361 3134 2410 πίνουσα
3173 2355 3233 2412 δὲ
3269 2364 3328 2413 τὸ
3364 2359 3530 2437 ὕδωρ,
3572 2351 3769 2442 ἔτρεφεν
3803 2369 4027 2442 αὐτούς,

2416 2443 2554 2513 γάλα
2602 2448 2935 2518 παρεχομένη
2992 2444 3105 2500 ἀντὶ
3156 2455 3248 2500 τοῦ
3294 2446 3510 2514 ὕδατος.
3558 2454 3879 2515 Ἀνέστησαν
3933 2458 4026 2513 οὖν

2420 2548 2468 2582 οι
2514 2527 2697 2606 ἄνδρες
2743 2531 2923 2585 ἐκεῖνοι
2980 2540 3200 2609 πονηροὶ
3240 2540 3395 2601 ὄντες,
3444 2546 3533 2595 καὶ
3578 2540 3879 2599 ἀπέκτειναν
3925 2555 4026 2607 τὴν

2418 2618 2669 2691 κάμηλον.
2711 2622 2817 2685 Τῆς
2886 2618 2945 2675 δι
2994 2626 3220 2698 γέννημα
3285 2628 3495 2703 ὑπῆρχε
3544 2635 3708 2706 μικρά
3762 2637 4026 2708 κάμηλος,

2421 2710 2557 2776 ἣτις,
2620 2715 2771 2782 φησὶ,
2825 2719 2917 2773 τῆς
2971 2718 3166 2786 μητρὸς
3223 2714 3579 2791 ἀναιρεθείσης
3643 2721 3827 2782 ἐϐόησε
3894 2733 4031 2802 πρὸς

663 2816 729 2857 se
761 2800 1000 2872 recepit.
1046 2802 1164 2855 Nos
1211 2798 1413 2873 itaque
1458 2797 1746 2867 Agarenis
1785 2796 2078 2852 dicimus:
2124 2795 2314 2852 Unde-

661 2904 809 2946 nam
834 2888 1102 2946 camelus
1127 2887 1229 2944 illa
1258 2889 1287 2944 ?
1336 2886 1583 2943 Dicunt:
1618 2894 1663 2942 A
1698 2888 1843 2942 Deo.
1884 2885 2191 2955 Pergimus
2221 2883 2312 2940 di-

663 2993 797 3035 cere
839 2997 852 3035 :
894 2980 1047 3035 Num
1102 2975 1343 3033 alterius
1383 2974 1596 3032 cameli
1656 2974 1936 3031 societate
1991 2990 2106 3030 usa
2161 2974 2309 3031 est?

2425 2974 2480 3028 ἐκ
2522 2982 2614 3027 τοῦ
2662 2983 2818 3034 Θεοῦ.
2879 2982 2979 3031 Καὶ
3036 2999 3234 3052 φαμενο
3294 2984 3647 3048 Συνεϐιϐάσθη
3711 2991 3841 3057 αὐτῇ
3899 2995 4035 3057 ἄλλη

665 3070 913 3139 Negant.
948 3065 1265 3156 Quomodo
1302 3064 1501 3136 igitur,
1531 3063 1859 3136 inquimus,
1911 3063 2199 3137 peperit?
2237 3063 2309 3118 vi-

2426 3063 2689 3136 κάμηλος;
2736 3070 2836 3119 Καὶ
2867 3065 3129 3138 λέγουσιν,
3167 3072 3264 3126 Οὔ.
3315 3074 3476 3126 Πόθεν
3523 3076 3630 3144 οὖν,
3677 3052 3864 3155 mag,
3895 3083 4040 3156 ἐγέν.

664 3159 881 3215 demus
932 3155 1095 3212 enim
1135 3154 1294 3210 hanc
1336 3152 1637 3210 camelum
1664 3155 1926 3208 vestram
1965 3126 2092 3208 sine
2127 3155 2309 3223 patre,

2494 3126 2504 3136 .
2679 3126 2704 3168 .,
2928 3126 2942 3138 .
3118 3126 3127 3134 ο
3532 3126 3630 3144 νην
3682 3126 3864 3155 ῖ·τ--’›
3895 3126 4040 3156 ’1”“

2426 3172 2624 3222 vna-ra;
2681 3163 2878 3229 ορῶμεν
2910 3159 3012 3231 γὰρ
3062 3161 3257 3219 ταύτην
3304 3166 3398 3221 τὴν
3439 3165 3671 3238 κάμηλον
3714 3170 3859 3243 ὑμῶν
3901 3172 4040 3227 ἀπάε

672 3248 800 3304 sine
817 3249 1027 3315 matre,
1040 3244 1168 3299 sine
1189 3241 1561 3314 genealogia.
1584 3239 1698 3297 Sed
1717 3244 2043 3313 postquam
2064 3221 2309 3313 peperit,

2614 3221 2618 3222 ν
2710 3221 2719 3229 .
2789 3221 2798 3228 -
2917 3221 2928 3229 υ
2982 3221 2991 3231 ι
3509 3221 3518 3238 Ι
3569 3221 3578 3224 ’
3746 3221 3756 3243 ι
3812 3221 3848 3224 ’⁷
3904 3221 4018 3227 "ﬂ"

2426 3260 2573 3318 τορα,
2625 3241 2886 3319 ἀμήτορα,
2935 3243 3355 3321 ἀγενεαλᾲγητον.
3398 3257 3702 3314 Γεννησασα
3739 3255 3819 3323 δὲ,
3868 3267 4040 3317 κακὸν

671 3334 829 3393 male
867 3349 1051 3407 passa
1089 3334 1195 3400 est,
1225 3346 1424 3403 neque
1463 3333 1716 3403 apparet
1750 3329 1886 3402 quis
1924 3328 1977 3385 ei
2005 3329 2129 3385 vim
2166 3328 2309 3386 intu-

2426 3334 2600 3400 ἔπαθε,
2643 3337 2732 3386 καὶ
2761 3330 2938 3387 οὐδὲό
2978 3332 3301 3410 βιασάμενος
3349 3347 3600 3413 φαίνεται.
3646 3345 3707 3400 Ἦ
3760 3344 3820 3402 δε
3860 3356 4040 3429 μικρὰ

670 3425 818 3482 lerit.
862 3429 933 3480 At
967 3436 1158 3495 parva
1185 3420 1418 3478 camela
1448 3418 1686 3476 sublata
1713 3417 1842 3474 fuit.
1887 3420 2087 3474 Vester
2113 3418 2309 3491 itaque

2425 3420 2653 3493 κάμηλος
2724 3420 3004 3495 ἀνελήφθη.
3085 3424 3145 3478 Ὀ
3219 3428 3308 3481 οὖν
3384 3437 3650 3504 προφήτης
3721 3417 3891 3510 ὑμῶν,

664 3511 1087 3589 propheta,cui
1103 3513 1349 3581 Deus,ut
1361 3509 1574 3576 dicitis,
1588 3508 1939 3573 estlocutus,
1955 3523 2061 3564 cur
2073 3483 2309 3566 nescivit

2423 3512 2596 3574 καθὼς
2632 3511 2818 3584 λέγετε,
2859 3512 3102 3572 ἐλάλησεν
3137 3517 3163 3568 ὁ
3216 3520 3366 3588 Θεὸς,
3416 3483 3511 3573 θεά
3555 3528 3605 3576 τί
3633 3483 3903 3598 ’περίῄτῆέ

667 3604 921 3662 ubinam
957 3617 1147 3675 parva
1184 3599 1423 3657 camela
1458 3601 1740 3671 pascatur
1764 3599 1793 3654 ?
1834 3601 1893 3653 et
1926 3596 2179 3670 quinam
2219 3598 2309 3656 lac

2420 3607 2549 3675 κρᾶς
2586 3600 2821 3674 καμήλου
2860 3601 2954 3654 οὐκ
2995 3605 3152 3676 ἔμαθε
3195 3612 3296 3658 ποῦ
3335 3604 3610 3680 βόσκεται,
3640 3596 3729 3668 καὶ
3770 3620 3905 3680 τίνες
3946 3596 4035 3674 ’τῶ

667 3695 797 3767 ejus
816 3691 1153 3763 mulgentes
1175 3690 1515 3745 nutriantur
1533 3688 1562 3743 ?
1582 3689 1639 3743 et
1663 3701 1743 3743 an
1761 3685 1893 3758 ipsa
1918 3685 2119 3756 etiam,
2140 3702 2309 3760 aeque

2419 3689 2641 3760 γάλακτι
2696 3693 2965 3763 τρέφονται
3020 3690 3183 3751 αὐτὴν
3240 3692 3591 3769 ἀμελγοντες;
3646 3702 3675 3762 ἦ
3726 3709 3814 3757 καὶ
3884 3679 4031 3770 άοτὲ,

667 3800 739 3841 ac
777 3786 988 3854 mater,
1016 3779 1179 3837 malo
1222 3778 1426 3851 aliquo
1465 3792 1613 3833 casu
1659 3776 1986 3849 intercepta
2025 3775 2309 3848 perierit?

2419 3782 2617 3850 μήποτε
2661 3786 2765 3840 τοῖς
2816 3787 2999 3844 κακοῖς
3053 3784 3120 3844 ὡς
3179 3780 3209 3841 ἡ
3264 3785 3441 3862 μὴτηρ
3480 3800 3850 3864 πιριτυχοῦσα
3901 3796 4033 3858 ἀνη-

662 3874 758 3931 vel
793 3872 994 3946 potius
1026 3871 1089 3926 in
1116 3867 1468 3942 paradisum
1508 3864 1684 3921 vobis
1723 3880 2098 3937 praecurrens
2126 3866 2309 3923 intro-

2419 3869 2540 3940 ρέθη
2574 3883 2588 3934 ;
2629 3868 2660 3926 ἣ
2702 3866 2750 3920 ἐν
2787 3876 2860 3940 τῷ
2887 3868 3197 3945 παραδείσῳ
3225 3862 3706 3951 πρόδρομος-ὑμῶν
3732 3862 4027 3951 εἰσῆλθεν]

661 3932 832 4020 ierit}
854 3974 1061 4033 exquo
1076 3932 1244 4015 lactis
1268 3955 1496 4011 ﬂumen
1515 3953 1690 4010 vobis
1715 3932 2102 4010 manaturum
2123 3969 2309 4024 nuga-

2419 3932 2426 3940 .
2576 3932 2583 3934 .
2830 3932 2839 3940 .
2963 3932 2972 3945 .
3168 3932 3177 3943 .
3265 3932 3274 3948 .
3368 3932 3443 3949 ,,
3513 3932 3527 3940 .
3599 3932 3608 3951 ,
3735 3932 3971 3947 μνη---

2420 3955 2506 4028 ἀφ’
2562 3958 2621 4018 ἧς
2671 3958 2697 4009 ὁ
2747 3962 2978 4031 ποταμὸς
3017 3961 3137 4031 ύμῖν
3182 3963 3330 4014 ἔσται
3375 3972 3469 4017 τοῦ
3516 3967 3786 4038 γάλακτος
3827 3975 3885 4026 ὃν
3929 3932 4030 4036 ληζ

658 4050 826 4108 mini.
855 4048 988 4105 Tria
1002 4046 1228 4119 quippe
1247 4042 1503 4133 ﬂumina
1518 4042 1583 4099 in
1611 4042 1874 4114 capitulo
1891 4045 2110 4114 vestro,
2144 4043 2309 4115 quod

2419 4053 2590 4119 ρεῖτε’
2650 4053 2789 4122 τρεῖς
2842 4050 2944 4133 γαρ
2992 4054 3219 4122 ποταμοὶ
3282 4049 3332 4103 ἐν
3383 4061 3446 4126 τῇ
3499 4066 3674 4129 γραφῇ
3725 4043 3894 4133 ὑμῶν,
3961 4075 4027 4126 τῆ

658 4137 1003 4196 inscribitur
1020 4107 1106 4191 ‘de
1136 4131 1442 4206 paradiso,
1468 4130 1654 4188 ﬂuere
1691 4130 1883 4187 dicitis
1931 4107 2112 4204 aqua,
2144 4107 2306 4189 vino.

2419 4107 2426 4119 ι
2682 4107 2691 4122 ι
2775 4107 2784 4110 ν
2850 4107 2863 4118 1
2914 4107 2924 4121 ι
3128 4107 3138 4122 ι
3421 4107 3441 4126 ε’
3506 4107 3545 4128 ιι
3594 4107 3670 4129 ΊΥ
3730 4107 3746 4111 ⁷
3801 4107 3894 4130 ’⁷⁷)
3969 4107 4026 4126 ..ί

2419 4139 2532 4209 περὶ
2578 4142 2669 4188 τοῦ
2720 4131 3069 4208 παραδείσου,
3113 4141 3239 4209 φατὶ
3282 4139 3413 4213 ῥέειν
3460 4139 3676 4213 ὕδατος,
3717 4107 3882 4213 οίνου,
3933 4128 4033 4209 κρέξ

658 4232 716 4286 et
741 4228 914 4284 lacte.
949 4225 1006 4281 Si
1034 4196 1177 4294 ergo
1201 4226 1369 4278 extra
1401 4196 1759 4294 paradisum
1788 4224 1878 4277 est
1912 4196 2309 4293 praecursoria

2480 4196 2488 4209 .
2796 4196 2805 4208 .
3060 4196 3065 4198 -
3119 4196 3130 4209 .
3282 4196 3292 4213 .
3722 4196 3852 4202 η--
3934 4196 4027 4209 η...

2419 4224 2692 4296 γάλακτος.
2738 4225 2799 4278 Εἰ
2844 4228 2934 4297 μεν
2983 4221 3070 4278 οὖν
3122 4224 3267 4289 ἐκτός
3313 4227 3425 4282 ἐστι
3471 4240 3565 4285 τοῦ
3606 4196 3945 4304 παραδείσου
3993 4247 4027 4304 ἡ

654 4320 853 4374 vestra
881 4311 1171 4383 camelus,
1201 4326 1274 4369 ea
1299 4310 1545 4385 quidem
1576 4309 1737 4367 fame
1764 4325 1835 4366 ac
1864 4288 1957 4366 siti
1988 4310 2177 4383 periit,
2215 4313 2307 4366 vel

2421 4288 2432 4296 .
2844 4288 2854 4297 .
3254 4288 3260 4289 γ
3680 4288 3939 4311 ,~«——v—-
3996 4288 3999 4296 ι

2419 4311 2713 4390 πρόδρομος
2742 4315 2884 4387 ὑμῶν
2922 4314 3172 4388 κάμηλος,
3215 4316 3469 4391 ἐξηράνθη
3524 4327 3671 4398 πείνη
3713 4331 3803 4380 καὶ
3851 4326 3999 4403 δίψη

654 4402 753 4462 alii
815 4403 969 4461 lacte
1025 4377 1168 4472 ejus?
1213 4377 1511 4457 fruuntur.
1581 4400 1945 4472 Frustraque
1990 4377 2305 4472 propheta

2419 4404 2443 4463 ἦ
2472 4403 2617 4457 ἄλλοι
2653 4410 2745 4457 τοῦ
2781 4402 3036 4476 ’γάλακτος
3074 4403 3233 4457 αὐτοῦ
3287 4385 3658 4469 ἀπολαύουσι..
3682 4420 3781 4468 Καὶ
3837 4377 4026 4490 [Mai-3;;

648 4497 845 4553 vester
874 4490 1162 4563 gloriatur
1184 4505 1321 4545 cum
1352 4492 1472 4545 Deo
1493 4487 1775 4561 colloqui,
1801 4487 2298 4560 quandoquidem

2419 4494 2436 4545 5
2480 4497 2748 4568 προφήτης
2799 4493 2959 4565 ὑμῶν
2990 4495 3303 4568 φρυάττεται
3342 4498 3408 4558 ὡς
3452 4499 3713 4572 ὁμιλήσας
3751 4487 3868 4572 Θεῷ
3896 4529 3910 4543 .
3958 4512 4023 4565 οὗ

649 4582 865 4641 cameli
892 4579 1248 4656 mysterium
1276 4591 1401 4636 non
1430 4577 1538 4634 fuit
1576 4577 1630 4635 ei
1661 4577 2009 4635 revelatum.
2043 4578 2216 4644 Quod
2245 4580 2294 4636 si

2419 4586 2506 4657 γάρ
2561 4585 2620 4635 τό
2659 4586 2951 4657 μυστήριον
3003 4581 3141 4653 αύτῷ
3205 4563 3540 4660 ἀπεκαλύφθη
3604 4563 3707 4654 τῆς*
3743 4563 4019 4668 καμήλουζ

2420 2802 2508 2850 τὸν
2553 2803 2718 2852 Θεὸν⁸
2765 2805 2854 2853 καὶ
2909 2798 3081 2854 ἔλαϐεν
3130 2802 3295 2863 αὐτὴν
3331 2810 3460 2880 πρὸς
3515 2808 3713 2867 ἑαυτὸν.
3752 2817 3894 2888 Πρὸς
3937 2798 4040 2881 ὀὖς

2424 2906 2584 2960 φαμεν
2617 2907 2630 2921 ο
2688 2890 2848 2941 Πόθεν
2896 2891 2927 2948 ἡ
2978 2890 3206 2963 κάμηλος
3240 2892 3450 2964 ἐκιίνης
3500 2903 3600 2952 Καὶ
3651 2899 3894 2974 λέγουσιν
3950 2908 4040 2961 ὅτι

647 4672 796 4730 forte
824 4672 886 4727 in
916 4669 1200 4743 paradiso
1224 4671 1333 4740 est,
1355 4681 1570 4723 rursus
1601 4681 1825 4738 aquam
1870 4665 2038 4734 bibit,
2059 4681 2294 4740 vosque

645 4777 820 4836 aqua:
842 4759 1112 4834 paenuria
1140 4757 1405 4814 arescitis
1433 4757 1495 4812 in
1524 4755 1725 4812 medio
1742 4754 2090 4812 deliciarum
2119 4773 2294 4829 para-

643 4853 778 4922 disi,
802 4856 859 4908 et
896 4864 1124 4923 aquam
1154 4861 1229 4903 ex
1257 4861 1378 4903 non
1408 4849 1754 4902 transeunte
1785 4845 1999 4918 cupitis
2039 4853 2287 4920 potare;

639 4941 793 4999 bibit
818 4940 978 4996 enim
1007 4941 1195 4994 totam
1227 4933 1518 4991 camelus.
1558 4935 1710 5005 Ergo
1749 4948 1983 4991 merum
2012 4934 2288 4994 bibentes

636 5044 827 5087 venas
853 5024 1328 5090 inﬂammabitis,
1350 5022 1620 5080 ebrietati
1647 5027 1704 5079 et
1747 5038 1986 5080 sommo
2018 5024 2286 5097 indulge-

636 5119 774 5176 bitis
797 5134 811 5173 :
844 5114 1166 5188 gravedine
1187 5116 1389 5169 autem
1407 5111 1777 5182 laborantes,
1797 5127 2131 5187 rursusque
2152 5118 2289 5187 post

634 5221 918 5264 somnum
931 5202 1314 5276 crapulantes
1330 5202 1496 5272 vino,
1507 5200 1777 5275 paradisi
1790 5202 2168 5275 voluptatum
2182 5204 2287 5261 ob-

630 5293 1009 5352 liviscemini.
1044 5294 1161 5349 Cur
1188 5291 1391 5364 itaque
1433 5291 1729 5364 propheta
1770 5296 1964 5349 vester
1991 5307 2114 5349 non
2145 5298 2285 5350 ante

630 5383 926 5458 cogitavit,
959 5396 1035 5440 ne
1063 5380 1213 5455 quid
1239 5380 1590 5453 hujusmodi
1616 5380 1679 5437 in
1706 5379 2060 5440 deliciarum
2105 5397 2282 5455 para-

2404 4671 2467 4726 Εἰ
2507 4668 2568 4724 δε
2597 4669 2647 4724 ἰν
2693 4679 2764 4742 τῷ
2808 4666 3118 4747 παραδείσῳ
3156 4670 3291 4737 ἐστὶ,
3342 4674 3498 4729 πάλιν
3534 4684 3671 4733 πίνει
3718 4686 3775 4736 τὸ
3812 4666 3974 4767 ὕδωρ
4006 4711 4021 4726 ο

2401 4764 2491 4812 καὶ
2533 4756 2954 4851 ὑμείςΔάνυδρίᾳ
3006 4758 3310 4851 ξηραίνεσθε
3347 4761 3395 4815 ἕν
3447 4770 3591 4840 μέσῳ
3650 4778 3751 4835 ’τῆς
3799 4756 4020 4851 τρυᾷῆς

2399 4856 2492 4901 τοῦ
2538 4845 2888 4925 παραδείσου,
2944 4852 3035 4901 καὶ
3074 4845 3218 4922 ὕδωρ
3268 4848 3324 4903 ἔκ
3363 4860 3456 4905 τοῦ
3509 4859 3580 4926 μὴ
3621 4845 4020 4933 παροδεύοντος

2398 4935 2746 5011 ἐπιθυμήσετε
2796 4943 3023 4991 ποτοῦν·
3080 4935 3263 4992 ἂπέπιε
3303 4941 3406 5014 γὰρ
3461 4941 3573 4996 ὅλον
3630 4948 3661 5006 ἠ
3730 4951 4014 5023 κάμηλος.

2396 5027 2621 5102 ἄκρατον
2667 5021 2754 5079 οὖν
2805 5030 3055 5097 πίνοντες,
3100 5025 3304 5100 μέλλετε
3341 5027 3645 5087 ἐκκαίεσθαι
3691 5021 4018 5112 καίήμέθαις

2394 5116 2853 5191 παραπέμπεσθαι,
2921 5119 3012 5168 καὶ
3070 5113 3344 5170 καθεύδειν
3374 5138 3388 5153 ο
3457 5122 3878 5199 καρηϐαροῦντες
3951 5131 4017 5189 δὲ

2391 5209 2481 5257 καὶ
2519 5204 2634 5276 μεθ’
2671 5204 2828 5256 ὕπνον
2873 5204 3342 5279 κεκραιπαληκότες
3389 5205 3442 5271 ἐξ
3488 5212 3649 5281 οἴνου,
3680 5222 3784 5268 τῶν
3825 5217 4015 5278 ἡδέων

2390 5300 2483 5345 τοῦ
2530 5289 2859 5367 παραδείσου
2902 5290 3320 5350 ἐπιλανθάνεσθε.
3374 5303 3487 5359 Πῶς
3528 5296 3617 5353 οὖν
3656 5303 3683 5354 ὁ
3720 5306 4013 5381 προφήτης

2390 5383 2532 5456 ὑμῶν
2584 5382 2679 5436 οὐκ
2726 5382 2961 5453 ἐνενοήθῃ
3002 5389 3186 5452 ταῦτα,
3231 5389 3436 5460 μήποτέ
3481 5406 3533 5441 τι
3583 5391 3760 5468 συμϐῇ
3813 5393 3871 5450 εν
3931 5409 4010 5468 τῷ

700 5618 776 5699 (6)
815 5613 1189 5701 ntale'itaque
1220 5613 1785 5701 Barth-Edessepus
1834 5614 1896 5672 in
1935 5614 2228 5701 opusculo
2265 5620 2478 5680 contra
2520 5614 2933 5676 Mohamedem
2958 5614 3102 5677 alibi
3129 5633 3168 5678 ο.
3203 5618 3383 5679 nobis
3420 5619 3601 5684 citato
3631 5575 3715 5685 ait
3735 5641 3800 5701 p.
3834 5631 3955 5693 444
3985 5651 4002 5696 :

623 5685 795 5744 Μέσον
825 5686 923 5744 δύο
955 5685 1118 5765 ὡρῶν,
1151 5690 1344 5759 spatio
1375 5688 1610 5744 circiter
1641 5685 1901 5746 duarum
1930 5685 2241 5748 horarum.
