4040 6318
70 253 137 307 ll3
1388 249 1737 309 THESAUR]
1779 249 1905 305 LIB.
1953 251 2058 307 XX.

3311 252 3412 310 ιιι

68 371 327 447 παραδείσῳ
367 381 437 436 τῆ
451 395 479 436 ς
524 384 766 450 τρυφῆς;
815 372 940 430 ούδὶ
986 382 1106 452 περὶ
1142 386 1234 439 τῆς
1270 377 1505 451 καμήλου
1544 396 1623 430 πε‹

1753 373 1884 431 diso
1921 374 2274 432 accideret?
2317 389 2513 448 neque
2559 373 2635 431 de
2679 373 2909 432 camelo
2948 373 3237 431 sollicitus
3274 376 3408 455 fuit,

72 475 303 540 φροντικεν,
337 465 497 526 ὅπως
537 472 625 516 νύν
673 462 848 538 διάγει
881 483 895 534 ;
925 464 1036 520 ἀλλ’
1085 463 1209 520 ούδᾶ
1248 467 1391 540 ὑμεῖς
1438 467 1640 540 ἠρωτή-

71 573 158 607 επε
205 552 386 623 αὐτὸν,
453 555 530 616 ὡς
575 556 699 626 Opi?
761 559 878 628 περὶ
933 564 1032 609 τῶν
1078 565 1236 632 τριῶν
1297 554 1640 631 διηγόρευσεν

70 641 516 715 ίπιροπολούμενος
575 651 872 716 ποταμῶνς
922 643 1055 699 Ἀλλ’
1105 647 1254 718 ἡμεῖς
1307 653 1481 718 σαφῶς
1547 650 1641 703 τὴν

71 736 330 803 iniunctis
387 733 542 805 ὑμῶν
594 733 828 806 κάμηλον
875 734 946 796 εὶς
991 739 1125 797 πόας
1159 731 1315 805 ᾅδου,
1367 737 1494 788 ὅπου
1553 739 1642 786 καὶ

70 824 169 891 igni;
214 819 428 892 με’λλετε
485 818 715 892 διάγειν,
767 824 836 885 ὡς
873 819 1175 892 κτηνώδεις,
1229 821 1641 898 προδραμοῦσαν

71 913 148 977 isis
193 908 650 983 ἕπειγγελλόμεθα.
715 911 919 966 Ἐκεῖσε
984 910 1043 966 δι
1097 917 1284 976 σκότος
1341 912 1480 967 ἐστὶν
1523 912 1642 976 ἐξώ-

69 1017 184 1068 τερον,
237 1004 326 1050 καὶ
376 999 611 1062 κόλασις
652 998 1007 1070 ἁτελεύτητος,
1052 1009 1156 1077 πῦρ
1197 1003 1388 1074 ἠχούν,
1432 1001 1640 1066 σκώληξ

71 1088 324 1158 ἐκείμητος,
354 1094 456 1142 καὶ
478 1091 738 1163 τάρταροι
768 1087 1031 1164 δαίμονες.

113 1176 162 1231 ι’.
193 1175 415 1249 Ἐναύτῇ
451 1174 518 1230 δε
556 1186 616 1251 τῇ
646 1187 819 1253 γραφῇ
853 1187 914 1253 τῇ
949 1185 1178 1254 περὶτοῦ
1204 1177 1531 1255 παραδείσου
1563 1180 1639 1232 λί-

69 1268 155 1330 γειο
182 1263 418 1338 Μωοίμεδ
449 1266 636 1320 ἑαυτὸν
667 1265 796 1321 εἶναι
827 1267 1137 1342 κλειδοῦχον
1166 1278 1258 1322 τού
1285 1267 1634 1345 παραδείσου,

69 1354 213 1405 uicit:
253 1363 670 1429 παραστήσεται
699 1365 933 1421 Μωυσῆς
972 1363 1064 1412 σύν
1107 1367 1212 1420 τοῖς
1262 1359 1630 1433 Ἰσραηλίταις·

70 1449 125 1493 ni
162 1445 219 1503 ὡς
268 1443 591 1516 παραϐάται
629 1453 722 1498 τοῦ
769 1451 926 1518 νόμου
969 1455 1030 1518 τῇ
1078 1447 1290 1500 κολάσει
1335 1456 1428 1500 τού
1471 1451 1633 1521 πυρὸς

68 1527 402 1588 ὶιδοθέσονται
435 1553 449 1566 ο
499 1534 550 1585 οἱ
581 1530 643 1587 δε
670 1541 1001 1608 Χριστιανοὶ,
1031 1537 1102 1596 ὡς
1132 1539 1217 1588 τὸν
1259 1539 1485 1611 Χριστὸν
1516 1539 1633 1589 ria»

70 1626 163 1671 Θεοῦ
206 1626 291 1673 καὶ
350 1625 492 1676 Θεὸν
561 1622 994 1694 ἁποκαλίσαντες,
1063 1631 1153 1678 καὶ
1215 1629 1628 1700 σεσαρκωμίνον,

68 1713 126 1759 αἱ
172 1707 566 1785 ἐσταυρωμένον
630 1711 787 1764 αὐτὸν
844 1709 1258 1786 δογματίσαντες
1315 1717 1471 1786 (φησί
1527 1717 1627 1789 γὰρ

67 1797 122 1847 ὅτι
151 1798 176 1854 ἡ
217 1801 340 1851 σκιὰ
390 1799 563 1852 αὐτοῦ
602 1798 908 1874 ἕσταυρώθη
953 1804 1053 1855 ύπὸ
1085 1811 1185 1856 τῶν
1216 1799 1531 1874 Ἰουδαίων),
1563 1811 1624 1876 τῇ

66 1893 129 1938 τεῦ
152 1891 300 1963 πυρὸς
325 1894 509 1963 γεέννῃ
540 1887 1029 1963 παραδοθήσονται.
1075 1889 1200 1946 Εἶτα
1247 1892 1425 1945 ἑαυτὸν
1471 1912 1627 1965 φησιν

67 1977 135 2027 ixi
162 1985 282 2031 Θεοῦ
311 1978 633 2052 κεκλῆσθαι,
665 1987 756 2034 καὶ
795 1985 860 2042 ὡς
899 1982 1040 2054 μάλα
1078 1981 1289 2041 θεοσεϐῆ
1341 1986 1430 2035 καὶ
1472 1988 1627 2036 παντὶ

69 2075 116 2132 τῷ
149 2067 301 2119 αὐτῶν
343 2070 479 2122 ἔθνει
530 2073 698 2122 αῖτιον
767 2071 1054 2132 θεοσεϐείας
1118 2072 1422 2146 ὑπάρξαντα
1478 2071 1625 2125 ἐπαι-

69 2155 240 2220 τεῖσῆαι,
289 2161 380 2208 καὶ
428 2160 625 2210 τούτου
671 2161 833 2232 χάριν
886 2157 1199 2232 κλειδοῦχον
1245 2167 1622 2232 χρηματίσαι·

72 2247 131 2293 ui
177 2243 498 2298 ἀπεστάλθαι
552 2255 645 2299 τοῦ
703 2246 924 2315 ἀνοῖξαι,
991 2254 1080 2302 καὶ
1143 2251 1626 2303 συνεισελεύσεσθαι

72 2331 171 2402 rita}
210 2331 533 2408 ὀατιρῥήτως
572 2336 727 2408 λόγου
771 2342 943 2410 χωρὶς
984 2344 1074 2390 καὶ
1113 2334 1430 2414 διακρίσεως
1474 2335 1625 2392 ἐϐδο-

73 2428 256 2490 μὲκοντα
306 2421 592 2494 χιλιάδας.
655 2431 756 2479 Καὶ
819 2431 938 2490 τοὺς
1003 2427 1212 2490 λοιπούς
1275 2430 1626 2501 κριθήσεσθαι

75 2512 233 2580 πίστει,
268 2518 355 2565 καὶ
395 2517 522 2576 τούς
560 2516 653 2587 μεν
685 2511 922 2576 δικαίους
965 2515 1326 2588 ἀναμφιϐόλως
1361 2525 1457 2578 τῆς
1495 2537 1624 2591 τρυ-

76 2606 140 2667 pi;
180 2599 487 2670 ἀπολαῦσαι,
545 2607 664 2665 τοὺς
715 2601 775 2658 δε
833 2606 1226 2680 εὑρισκομένους
1289 2605 1626 2679 ἁμαρτωλοὺς

74 2691 267 2741 τιττάκια
311 2696 536 2765 φορέσαι
601 2691 652 2744 ἐν
707 2701 813 2754 τοῖς
864 2695 1149 2768 τραχήλοις
1208 2691 1480 2768 δεδεμένα,
1535 2702 1624 2749 καὶ

77 2775 124 2836 ti;
159 2781 232 2829 τον
281 2775 612 2854 παράδεισον
660 2781 923 2847 εἰσελθεῖν,
979 2788 1068 2835 καὶ
1115 2786 1328 2844 τούτους
1376 2781 1622 2856 ίπονομά-

76 2865 211 2922 ζισθαι
251 2865 622 2944 ἀπελευθέρους
661 2878 753 2923 τού
798 2879 932 2924 Θεοῦ
968 2877 1058 2924 καὶ
1096 2880 1188 2925 τοῦ
1215 2868 1451 2945 Μωάμεδ
1485 2893 1497 2905 ·
1529 2875 1624 2935 τὰς

78 2948 116 3004 δι
139 2962 361 3024 γυναῖκας
413 2965 649 3013 συνεῖναι
704 2962 794 3031 μὲν
843 2960 1022 3022 αὐτοῖς
1063 2959 1298 3032 ἀπαθῶς,
1337 2966 1427 3012 καὶ
1477 2962 1622 3034 θερα-

1751 463 1999 520 ubinam
2025 464 2241 535 degat?
2267 480 2377 521 nec
2400 479 2508 520 vos
2527 463 2790 536 denique
2811 479 2950 521 eum
2975 463 3407 535 interrogastis,

1749 557 1817 609 ut
1846 552 2077 626 aliquid
2101 555 2177 609 de
2217 554 2395 611 trium
2440 553 2761 610 ﬂuminum
2801 552 3010 611 fabula
3050 553 3221 609 vobis
3268 569 3410 611 nar-

1748 648 1908 700 raret
1927 644 1953 698 ?
1983 643 2314 716 Caeteroqui
2340 659 2452 700 nos
2476 643 2603 699 sine
2620 642 2746 699 ulla
2772 642 3031 713 ambage
3053 643 3408 714 praeclaram

1748 733 1908 790 hanc
1937 732 2237 790 camelum
2266 736 2527 789 vestram
2557 733 2637 790 ad
2656 731 2871 790 inferni
2896 731 3136 801 herbas,
3164 733 3278 793 ubi,
3300 750 3406 790 vos

1749 835 1993 894 quoque
2035 820 2323 886 incoletis,
2374 821 2755 893 praecurrisse
2808 821 2980 877 vobis
3029 821 3407 880 nuntiamus.

1750 909 1836 966 Ibi
1883 925 2027 966 vero
2072 910 2331 968 tenebrae
2381 911 2721 978 exteriores,
2767 925 2950 982 poena
3006 910 3400 982 incessabilis,

1747 998 1904 1070 ignis
1933 998 2211 1069 stridens,
2243 998 2463 1056 vermis
2501 997 2660 1070 vigil,
2685 999 3116 1070 daemonesque
3143 1000 3397 1057 tartarei.

1819 1179 1876 1233 8.
1931 1177 1994 1232 In
2038 1175 2253 1233 eodem
2283 1176 2357 1232 de
2384 1175 2670 1249 paradiso
2701 1174 2966 1247 capitulo
2993 1175 3073 1231 ait
3103 1175 3400 1233 Mohame-

1745 1264 1852 1320 des
1879 1281 1944 1321 se
1965 1281 2098 1322 esse
2125 1264 2389 1338 paradisi
2415 1263 2968 1336 ostiarium,ibique
2988 1263 3115 1319 fore
3135 1266 3400 1336 Moysem

1744 1371 1884 1412 cum
1936 1355 2256 1412 lsraelitis:
2308 1355 2455 1427 legis
2499 1360 2702 1411 autem
2743 1359 3219 1424 transgressores
3249 1371 3396 1427 sup-

1744 1444 1922 1518 plicio
1966 1445 2122 1515 ignis
2163 1444 2446 1501 traditum
2493 1444 2582 1500 iri.
2626 1443 2996 1500 Christianos
3021 1443 3262 1516 pariter,
3288 1459 3397 1500 ceu

1741 1533 1848 1606 qui
1879 1533 2177 1591 Christum
2207 1535 2310 1591 Dei
2341 1533 2552 1590 Filium
2586 1536 2893 1606 Deumque
2939 1531 3392 1605 appellaverint,

1740 1627 1799 1677 et
1837 1621 2221 1679 incarnatum
2258 1623 2734 1695 crucifixumque
2777 1619 3211 1676 afﬁrmaverint
3245 1620 3396 1692 (ipse

1669 1725 1709 1780 Β
1739 1710 1902 1766 enim
1944 1712 2027 1767 ait
2069 1726 2106 1767 a
2151 1711 2374 1766 Judaeis
2418 1710 2702 1766 umbram
2753 1714 2983 1766 tantum
3019 1707 3177 1764 illius
3211 1709 3394 1765 eruci-

1737 1800 1968 1873 tixam),
2001 1801 2293 1872 gehennae
2319 1800 2521 1872 ignem
2552 1803 2927 1872 experturos.
2965 1797 3187 1854 Deinde
3218 1798 3300 1855 ait
3327 1813 3393 1854 se

1736 1904 1774 1946 a
1813 1892 1934 1946 Deo
1969 1895 2273 1952 vocatum,
2300 1894 2479 1962 atque
2517 1895 2582 1945 ut
2615 1888 2890 1960 apprime
2926 1885 3294 1957 religiosum,
3336 1892 3396 1944 et

1736 1977 2036 2035 universae
2084 1977 2244 2048 genti
2291 1993 2412 2032 suae
2455 1977 2758 2048 religionis
2799 1975 3024 2033 factum
3058 1979 3387 2047 auctorem,

1734 2067 1916 2125 laude
1970 2071 2299 2134 ornatum;
2361 2070 2418 2122 et
2469 2069 2788 2138 eapropter
2843 2064 3110 2138 paradisi
3166 2063 3389 2120 factum

1734 2157 2067 2222 ostiarium,
2098 2157 2478 2228 missumque
2526 2155 2607 2211 ad
2649 2154 3089 2227 aperiendum;
3141 2157 3199 2210 et
3250 2152 3390 2209 illuc

1735 2261 1941 2304 secum
1971 2247 2350 2316 ingressuros
2381 2243 2611 2317 absque
2642 2243 2811 2300 obice
2841 2248 2898 2300 et
2924 2241 3050 2298 sine
3082 2242 3204 2298 ulla
3246 2257 3388 2298 con-

1735 2335 2088 2392 tradictione
2119 2338 2223 2390 aut
2244 2333 2472 2404 judicio
2493 2333 2769 2390 homines
2791 2331 3171 2405 septuaginta
3204 2330 3383 2388 mille.

1734 2423 1814 2479 De
1860 2423 2106 2496 reliquis
2150 2423 2488 2494 judicatum
2528 2421 2600 2478 iri
2627 2423 2748 2490 ait;
2798 2427 2855 2478 et
2897 2421 3095 2492 justos
3137 2421 3384 2491 quidem

1734 2514 1862 2569 sine
1905 2512 2091 2569 dubio
2134 2512 2360 2568 deliciis
2398 2512 2735 2585 potituros;
2787 2526 2890 2566 eos
2933 2515 3135 2566 autem
3165 2509 3269 2582 qui
3299 2510 3383 2567 iu-

1733 2603 1889 2659 venti
1929 2602 2147 2658 fuerint
2175 2607 2541 2674 peccatores,
2572 2598 2806 2656 libellos
2851 2601 3190 2669 gestaturos
3230 2598 3382 2654 collo

1733 2705 2037 2763 appensos
2062 2709 2075 2758 ;
2103 2688 2494 2745 nihilominus
2515 2687 2865 2760 paradisum
2895 2687 3292 2758 ingressuros,
3326 2693 3382 2742 et

1734 2780 1834 2835 Dei
1864 2779 2108 2835 libertos
2146 2795 2216 2834 ac
2251 2777 2619 2834 Moliamedis
2659 2781 2934 2832 vocatum
2984 2777 3073 2831 iri.
3118 2775 3384 2831 Mulieres

1731 2883 1974 2941 quoque
2015 2885 2152 2923 cum
2193 2867 2305 2922 illis
2356 2867 2585 2922 futuras
2620 2867 2747 2921 sine
2777 2865 3124 2932 menstruis,
3153 2864 3381 2920 eisdem

1733 2957 2192 3020 ministraturas,
2227 2962 2280 3012 et
2301 2955 2551 3027 capillos
2580 2955 2668 3010 eis
2690 2960 3028 3010 ornaturas.
3060 2953 3172 3008 Sed
3203 2952 3380 3008 etiam

78 3047 198 3096 πνειν
226 3045 432 3118 αὐτοὺς,
473 3052 566 3100 καὶ
609 3047 898 3120 φιλοκαλεῖν
943 3050 1112 3103 αὐτῶν
1154 3051 1250 3112 τὰς
1291 3053 1477 3123 κόμας.
1520 3055 1620 3104 Καὶ

1733 3048 2140 3106 Samaritanos
2173 3045 2522 3118 paradisum
2551 3045 2694 3100 dicit
2720 3045 3114 3113 ingressuros,
3139 3058 3261 3098 non
3303 3042 3382 3097 ad

79 3137 160 3194 τοὺς
198 3141 515 3210 Σαμαρείτας
571 3141 666 3210 ἔφη
718 3139 1057 3213 εὶσέρχεσθαι
1101 3139 1148 3192 ἐν
1196 3148 1269 3210 τῷ
1312 3136 1618 3215 παραδείσῳ

82 3221 117 3270 ri
148 3229 252 3298 πρὸς
294 3231 351 3278 τὸ
391 3225 717 3295 ἀπολαῦσαι,
769 3227 876 3281 ἀλλ’
925 3229 1007 3282 ἵνα
1045 3232 1110 3282 τὰ
1152 3228 1366 3303 ἕκφόρια
1397 3233 1486 3281 καὶ
1526 3234 1619 3287 τὴν

83 3311 216 3380 ιὲτρον
252 3313 416 3366 αὐτῶν
471 3315 566 3367 τοῦ
608 3313 935 3388 παραδείσου
984 3316 1314 3387 ἑκϐάλλωσιν,
1371 3319 1504 3378 ὅπως
1558 3317 1618 3368 ἂν

85 3403 126 3464 με
149 3399 415 3463 ἀποζίσειεν
445 3405 474 3456 ὁ
503 3401 829 3477 παράδεισος
857 3428 869 3439 ·
902 3406 1120 3460 ἕκαστον
1149 3403 1207 3461 δε
1236 3409 1301 3467 ὡς
1345 3405 1406 3458 ἃν
1445 3405 1618 3459 ἐνταῦ-

87 3486 126 3535 θι
152 3486 357 3559 βιώσειεν
391 3497 494 3546 εἴτε
539 3491 588 3546 ἐν
643 3493 868 3567 πλούτῳ,
915 3499 1014 3548 εἴτε
1047 3495 1096 3549 ἂν
1136 3500 1305 3567 πενίᾳ,
1356 3495 1492 3548 οὕτω
1530 3500 1618 3548 καὶ

89 3570 215 3630 iiiis:
233 3575 264 3632 δ
267 3583 448 3653 ιάγειν.
468 3586 608 3643 Τοὺς
629 3578 688 3636 δε
704 3579 995 3647 Ἰουδαίους
1016 3589 1106 3637 καὶ
1135 3589 1250 3646 τούς
1268 3587 1616 3659 Χριστιανούς

88 3661 172 3734 illa
195 3667 307 3730 ξύλα
324 3674 490 3745 πυρὸς
517 3676 821 3744 γενομνους
848 3671 1216 3746 βληθήσεσθαι
1245 3673 1317 3734 εἰς
1347 3673 1494 3728 αύτὸ.

130 3755 174 3808 6'.
210 3757 354 3810 Πάλιν
396 3759 527 3818 ἄλλη
581 3766 755 3834 γραφή
806 3763 837 3820 ἡ
879 3767 997 3834 περὶ
1053 3771 1150 3825 τῆς
1195 3766 1478 3837 τραπέζης,
1536 3764 1616 3815 ὅτι

86 3841 256 3908 ﬁmo
282 3849 307 3900 ὁ
344 3853 579 3924 Χριστός
611 3850 875 3922 τράπεζαν
915 3854 1060 3926 παρὰ
1096 3859 1188 3905 τοῦ
1229 3859 1363 3906 Θεοῦ
1401 3854 1532 3925 μετὰ
1556 3855 1614 3905 τό

83 3931 408 4010 ιὶπρογορῆσαι
481 3936 662 4001 αὐτὸν,
739 3940 818 3992 ὅτι
889 3940 984 3992 ούκ
1058 3937 1192 3993 εἶπεν
1261 3940 1442 3994 ἑαυτὸν
1503 3943 1614 3994 υἱὸν

81 4022 195 4071 Θεοῦ·
230 4031 312 4077 καὶ
341 4031 611 4101 παρεσχεν
652 4027 791 4098 αὐτῷ
837 4028 990 4082 εἰπὼν
1021 4029 1186 4092 οὕτως
1215 4050 1228 4063 ·
1275 4027 1486 4083 Δίδωκά
1529 4050 1613 4084 σοι

82 4111 280 4181 τράπεζαν
325 4118 610 4190 ἄφθαρτον,
667 4119 752 4170 ἶνα
807 4117 1069 4192 εὐφραίνῃ.
1129 4123 1230 4172 Καὶ
1275 4121 1428 4172 πάλιν
1482 4119 1608 4178 eain

82 4205 204 4270 Ἱραοή
245 4203 271 4260 ἡ
312 4210 427 4277 περὶ
471 4213 566 4259 τοῦ
609 4203 847 4278 βοῐδίου,
896 4205 944 4259 ἐν
1066 4207 1200 4280 λέγει
1245 4211 1362 4262 τινὰ
1397 4209 1612 4283 ῥήματα

85 4284 242 4372 γελωτος
277 4293 411 4360 ἄξια,
456 4295 492 4346 ἂ
541 4292 638 4348 δια
683 4299 743 4348 τὸ
796 4295 988 4358 πλῆθος
1033 4293 1395 4372 παραδραμεῖν
1433 4301 1612 4371 οἴομαι

88 4367 174 4429 διδ.
229 4385 619 4454 Περιτὲμνεσθαι
694 4381 754 4436 δε
823 4384 1010 4447 αύτούς
1081 4367 1448 4458 νομοθετήσας,
1513 4367 1612 4440 *καὶ

89 4467 174 4529 μήτε
233 4469 570 4540 σαϐϐατίζειν,
659 4478 789 4545 μήτε
855 4471 1213 4546 βαπτίζισΰαι
1273 4475 1604 4549 προστάξας·

89 4557 145 4636 {ai
185 4564 262 4608 τῶν
306 4564 389 4630 μὲν
438 4570 511 4633 τῷ
562 4565 705 4633 νόμῳ
759 4560 1188 4636 ἀπηγορευμένων
1245 4563 1460 4633 ἐσθίειν,
1508 4574 1609 4617 τῶν

91 4633 127 4690 ὅἐ
153 4649 407 4717 ἀπέχεσθαι
447 4648 749 4727 παραδούς,
801 4652 1100 4706 οἱνοποσίαν
1168 4653 1427 4716 παντελῶς
1476 4653 1610 4713 ἀπη-

91 4732 266 4817 γὲιριυσιν
302 4739 327 4789 ὁ
360 4739 545 4803 πλάνος
575 4741 748 4802 οὗτος.
804 4744 939 4817 Πρὸς
986 4744 1190 4806 τούτοις
1242 4747 1435 4804 παντὸς
1479 4742 1609 4815 ἁγα-

94 4815 241 4874 θθῦιαὶ
268 4837 478 4900 πονηροῦ
527 4833 697 4882 αἴτιον
743 4831 1004 4904 ὑπάρχειν
1056 4835 1142 4884 τὸν
1199 4835 1330 4885 Θεὸν
1379 4827 1607 4906 ἐδογμά-

92 4921 180 4977 τισε,
212 4919 285 4966 καὶ
320 4924 413 4970 πᾶν
458 4921 582 4995 ὅπερ
635 4918 816 4993 ἐπέλθῃ
859 4919 914 4984 ἐξ
953 4919 1274 4996 ἕπηρεάσεως
1311 4929 1403 4974 τοῦ
1441 4941 1607 4980 πονη-

92 5006 152 5088 ξοῠ
187 5006 399 5075 ἐναντίου,
454 5006 510 5060 ἐκ
567 5015 704 5061 Θεοῦ
762 5006 892 5061 εἶναι
942 5011 1264 5084 ἐτερατεύετο
1297 5031 1309 5043 ·
1359 5015 1448 5062 καὶ
1489 5014 1608 5072 τούς

95 5090 229 5150 λζστὰς
265 5099 342 5146 καὶ
386 5101 688 5171 φαρμαοὺς
736 5102 827 5150 καὶ
875 5099 1030 5162 ὅσους
1081 5099 1141 5151 ἂν
1195 5098 1276 5151 ἐπ’
1320 5097 1609 5174 ἀπηγορευ-

95 5187 211 5236 Elim;
261 5184 546 5256 πράγμασιν
617 5185 830 5248 ἁλόντας
889 5191 978 5240 καὶ
1034 5186 1429 5261 ἀναιρουμένους
1497 5185 1608 5242 ἴδοι

99 5275 160 5329 τίὲν
189 5267 312 5337 τιῦτω,
354 5281 520 5345 φησίν,
567 5275 792 5351 ἔγραψεν
842 5278 867 5330 ὁ
913 5281 1033 5339 Θεὸς
1079 5279 1341 5349 γενέσθαι,
1382 5282 1472 5331 καὶ
1514 5279 1608 5332 ού-

99 5362 164 5409 τθς
201 5360 434 5414 ἀποθανεῖν
486 5363 780 5432 ἠϐουλήθη,
829 5369 1001 5437 τύχην
1059 5363 1424 5440 διορισάμενος
1480 5364 1609 5419 εἶναι

101 5450 162 5531 ιιι
199 5445 482 5521 ιὶμιιρμίνην,
542 5458 635 5506 καὶ
677 5453 860 5515 οῦλονς
910 5454 1187 5517 πλείστους
1239 5453 1430 5530 λήρους
1458 5476 1470 5489 ο
1533 5458 1611 5516 οἷς

105 5533 478 5614 ονιιροποληθίντες
530 5543 580 5598 οἱ
637 5541 810 5602 ἄθλιοι
859 5549 958 5605 τῶν
1010 5541 1228 5612 αἰωνίων
1281 5539 1488 5624 ἀγαθῶν
1545 5545 1611 5616 ὡς

1731 3137 2074 3205 fruendum,
2097 3135 2201 3190 sed
2224 3135 2298 3191 ad
2333 3133 2570 3190 illorum
2589 3138 2847 3188 stercora
2868 3130 3151 3204 paradiso
3174 3146 3382 3202 expor-

1730 3227 1937 3294 tanda,
1978 3241 2051 3280 ne
2083 3225 2232 3281 forte
2258 3223 2580 3296 paradisus
2621 3222 2843 3277 foeteat.
2879 3223 3380 3292 Unumquemque

1728 3331 1889 3383 vero,
1923 3319 2102 3386 prout
2148 3315 2207 3368 in
2248 3313 2362 3368 hac
2404 3313 2526 3367 vita
2570 3311 2738 3366 dives
2769 3310 2963 3374 fuerit,
2999 3314 3102 3365 aut
3127 3324 3377 3381 pauper,

1727 3405 1809 3461 ita
1832 3403 1948 3459 illic
1971 3403 2264 3461 futurum.
2298 3405 2604 3457 Postremo
2629 3399 2871 3456 Judaeos
2897 3403 3076 3471 atque
3107 3397 3382 3456 Christia-

1727 3510 1838 3550 nos
1866 3492 1947 3549 ait
1975 3493 2100 3548 fore
2140 3497 2428 3564 tanquam
2459 3491 2622 3561 ligna
2666 3489 2786 3560 igni
2819 3488 3123 3561 deputata,
3154 3504 3289 3561 quae
3319 3487 3379 3544 in

1725 3582 1892 3640 illum
1925 3581 2328 3655 projicientur.

1799 3765 1849 3816 9.
1874 3763 2097 3816 Rursus
2121 3759 2287 3816 aliud
2321 3756 2649 3831 capitulum
2672 3757 2746 3812 de
2767 3771 2979 3812 mensa
3003 3754 3376 3821 inscribitur;

1724 3851 1870 3923 quia
1900 3865 2120 3922 nempe
2155 3847 2541 3921 postulaverit
2567 3846 2831 3902 Christus
2857 3862 2893 3900 a
2923 3849 3038 3899 Deo
3077 3859 3372 3923 mensam,

1725 3920 2064 4012 postquam
2089 3938 2142 3994 ei
2157 3920 2578 4010 persuaserat.
2627 3951 2691 3990 se
2722 3934 2825 3989 ﬁlii
2872 3933 2970 3989 Dei
3001 3947 3223 3988 nomen
3254 3920 3374 3986 non

1723 4043 2072 4099 usurpasse.
2115 4027 2279 4082 Hanc
2323 4025 2403 4080 illi
2450 4028 2604 4080 Deus
2647 4022 2904 4095 praebuit
2941 4020 3147 4076 dicens
3183 4037 3195 4073 :
3233 4018 3377 4073 Dedi

1722 4116 1825 4174 tibi
1857 4132 2131 4173 mensam
2159 4119 2526 4188 perpetuam,
2552 4116 2706 4168 utea
2726 4110 2960 4167 fruaris.
2985 4109 3190 4164 Adhuc
3213 4107 3377 4164 aliud

1721 4205 2054 4278 capitulum
2099 4209 2190 4259 est
2236 4203 2312 4258 de
2359 4201 2601 4272 bucula,
2631 4202 2694 4256 in
2732 4216 2854 4273 quo
2881 4198 3066 4256 verba
3091 4197 3375 4270 quaedam

1720 4295 1863 4352 dicit
1889 4295 2017 4350 risu
2047 4292 2252 4363 digna,
2285 4306 2442 4364 quae,
2472 4305 2547 4345 ne
2577 4290 2690 4346 sim
2730 4287 3017 4362 prolixus,
3045 4285 3376 4344 omittenda.

1640 4426 1686 4480 Β
1717 4385 1943 4456 iudico.
1985 4385 2254 4456 Cumque
2285 4381 2409 4437 suis
2439 4379 2909 4436 circumcisionis
2937 4378 3133 4448 legem
3161 4382 3374 4432 statue-

1718 4475 1812 4543 rit,
1844 4490 2041 4546 neque
2068 4471 2392 4528 sabbatum
2411 4485 2606 4542 neque
2637 4468 3014 4541 baptismum
3035 4466 3370 4538 imperavit.

1719 4565 1863 4623 Item
1918 4563 2109 4619 vetitis
2157 4577 2194 4617 a
2237 4561 2368 4631 lege
2412 4565 2607 4616 vetere
2650 4559 2870 4631 partim
2919 4557 3096 4621 vesci,
3151 4555 3372 4628 partim

1719 4653 2021 4709 abstinere
2059 4651 2306 4715 docens,
2339 4648 2456 4703 vini
2483 4653 2630 4720 potu
2659 4662 2907 4720 prorsus
2935 4644 3237 4700 interdixit
3265 4643 3373 4699 im—

1717 4747 1924 4816 postor
1960 4741 2078 4796 hic.
2128 4745 2375 4810 Insuper
2417 4737 2644 4808 dogma
2673 4737 2870 4792 sanxit
2897 4735 3040 4790 boni
3072 4734 3269 4790 omnis
3301 4749 3372 4790 ac

1718 4831 1860 4890 mali
1894 4846 2145 4887 causam
2179 4831 2364 4885 Deum
2412 4843 2546 4884 esse
2579 4845 2594 4894 ;
2639 4830 2696 4882 et
2739 4823 3038 4898 quidquid
3077 4840 3148 4880 ex
3177 4823 3372 4879 hostis

1717 4921 1964 4991 maligni
1995 4918 2135 4975 dolo
2177 4917 2354 4974 nobis
2385 4916 2620 4984 accidit,
2647 4915 2712 4972 id
2749 4931 2784 4971 a
2826 4916 2945 4970 Deo
2993 4929 3126 4968 esse
3163 4910 3370 4984 prodi«

1718 5011 1887 5081 giosa
1916 5009 2222 5081 impietate
2250 5006 2410 5062 dicit.
2445 5008 2508 5060 Et
2556 5004 2607 5060 si
2637 5004 2824 5060 oculis
2851 5005 3169 5059 occurrant
3194 5001 3370 5056 latro-

1715 5115 1842 5165 nes,
1913 5096 2180 5164 veneﬁci,
2249 5100 2303 5153 et
2361 5094 2611 5168 quilibet
2672 5093 2992 5149 vetitorum
3033 5088 3369 5146 facinorum

1716 5189 1820 5251 rei,
1850 5191 2029 5260 atque
2059 5186 2134 5242 ob
2168 5201 2241 5242 ea
2269 5184 2626 5256 interempti,
2661 5182 2761 5251 ita,
2808 5179 3019 5252 inquit,
3055 5181 3208 5235 Deus
3242 5178 3371 5235 fieri

1717 5277 2056 5349 scripserat,
2087 5279 2146 5332 et
2183 5275 2268 5330 sic
2297 5290 2399 5329 eos
2443 5273 2596 5330 mori
2632 5271 2822 5328 voluit
2853 5288 2866 5338 ;
2917 5285 3038 5342 quo
3068 5268 3225 5324 dicto
3254 5268 3370 5326 for-

1717 5370 1879 5422 tunae
1903 5380 2130 5422 numen
2162 5380 2232 5421 ac
2261 5362 2449 5420 fatum
2481 5361 2782 5418 constituit
2815 5379 2828 5429 ;
2861 5364 3038 5430 atque
3071 5359 3218 5415 alias
3243 5374 3369 5427 ger-

1719 5472 1818 5513 ras
1862 5455 2153 5527 plurimas
2189 5470 2202 5522 ;
2243 5452 2466 5526 quibus
2512 5437 3071 5518 infelices'Agareni
3110 5447 3366 5519 decepti,

1723 5543 1958 5605 aeternis
1987 5541 2226 5618 gaudils
2252 5545 2317 5600 ut
2349 5537 2691 5614 blasphemi
2731 5536 3020 5612 impiique
3051 5533 3368 5594 excluden-
