4040 6318
1993 296 2260 353 ΝΙΟΕΤᾸΞ
2301 296 2670 354 CHONIATIE

3912 307 4008 364 Ml

643 411 758 480 iur.
810 424 949 480 Orta
995 427 1084 480 est
1129 427 1329 480 autem
1378 423 1507 478 haec
1561 421 1998 480 Ismaelitarum
2049 421 2296 478 haeresis

2427 422 2616 488 Ξισεϐεἰς
2662 430 2753 479 καὶ
2797 425 3104 499 βλάσφημοι
3147 424 3629 498 απαλλοτριοῦνται.
3685 427 3908 500 Ἀνεφύη
3965 423 4008 480 δ

645 513 895 570 Heraclii
925 512 1276 585 imperantis
1303 515 1498 582 aetate,
1530 511 1607 568 ad
1638 529 1818 585 quem
1859 512 1938 569 ab
1967 511 2113 569 orbe
2153 527 2297 569 con-

645 600 771 661 dito
800 602 944 660 anni
973 601 1275 659 ﬂuxerunt
1298 603 1362 658 Vl
1393 604 1442 660 Μ
1473 604 1665 660 CXLV.

723 788 808 840 to.
853 785 924 840 Ut
969 785 1170 838 autem
1216 782 1516 855 praedictis
1547 781 1928 852 adjiciamus,
1956 777 2123 853 quod
2152 777 2301 836 nihil

647 873 772 930 veri
798 871 1180 929 Mohamedes
1199 871 1378 940 dicat,
1411 887 1521 944 age
1550 871 1674 927 haec
1698 871 2016 927 recitemus
2042 887 2111 926 ex
2144 871 2302 941 ejus-

649 961 790 1018 dem
841 959 994 1016 libro
1037 964 1336 1031 excerpta.
1391 959 1600 1016 Christi
1651 961 2024 1016 mentionem
2071 959 2300 1014 faciens

651 1053 830 1122 atque
875 1048 1195 1118 Evangelii,
1229 1049 1309 1104 ait
1337 1048 1518 1104 veluti
1555 1065 1629 1104 ex
1671 1064 1930 1122 persona
1962 1049 2101 1104 Dei:
2151 1048 2303 1104 Misi-

650 1153 790 1194 mus
817 1142 1186 1209 postremum
1207 1137 1636 1208 prophetarum
1660 1137 1933 1193 omnium
1959 1140 2160 1192 Jesum
2193 1139 2304 1193 Ma-

651 1225 754 1284 ria:
780 1225 992 1292 ﬁlium,
1025 1229 1089 1282 ut
1117 1241 1252 1298 quae
1283 1231 1418 1281 ante
1449 1241 1584 1281 eum
1620 1226 1878 1295 fuerant,
1905 1232 2035 1283 rata
2063 1225 2303 1293 faceret,

654 1320 835 1388 atque
863 1315 943 1371 ad
971 1331 1110 1371 eum
1149 1315 1507 1371 demisimus
1540 1315 1948 1386 Evangelium,
1980 1316 2041 1371 in
2067 1330 2189 1388 quo
2219 1319 2309 1370 est

654 1403 902 1461 directio
959 1419 1030 1460 ac
1067 1403 1317 1474 justitia,
1369 1404 1702 1460 secundum
1756 1405 2033 1461 virtutem
2089 1418 2305 1476 praece-

656 1494 850 1550 dentis
894 1492 948 1550 ei
984 1493 1154 1563 legis.
1197 1494 1374 1566 Atqui
1411 1496 1462 1549 si
1492 1495 1620 1550 haec
1650 1495 1855 1550 omnia
1883 1496 2024 1550 Jesu
2054 1495 2309 1566 ejusque

657 1581 979 1652 Evangelio
1011 1598 1296 1638 concessa
1324 1581 1582 1653 fuerunt,
1603 1583 1747 1655 quid
1774 1583 1876 1639 tibi
1897 1583 2193 1656 reliquum
2224 1582 2307 1638 fe-

659 1672 810 1738 cisti,
856 1687 892 1728 o
941 1671 1304 1742 Mohamede,
1357 1673 1521 1744 quod
1565 1672 1912 1729 hominibus
1956 1673 2256 1728 conferres
2284 1675 2312 1727 ?

2411 516 2442 573 ἠ
2487 519 2705 574 τοιαύτη
2749 523 2849 568 τῶν
2889 514 3234 587 Ἰσμαηλιτῶν
3275 517 3478 589 αἵρεσις
3523 514 3607 568 ἐπὶ
3656 524 3756 568 τῶν
3801 521 4007 592 χρόνω

2408 604 2709 679 ’Ἡρακλείου
2761 613 2854 657 τοῦ
2921 603 3201 677 βασιλέως,
3274 607 3343 666 ὡς
3406 602 3534 658 εἶναι
3597 611 3785 682 μέχρις
3845 606 4008 659 αῦτοτ

2410 692 2510 746 ἀπὸ
2541 698 2756 755 κτίσεως
2785 697 2988 765 κόσμου
3016 696 3102 751 ἔτη
3134 692 3276 768 ςρμί

2483 782 2531 837 ι’.
2589 782 2700 836 Ἵνα
2757 780 2817 835 δε
2879 783 3190 855 προσθῶμεν
3244 791 3352 844 τοῖς
3418 783 3705 858 εἰρημένοις
3753 787 3812 836 τὸ
3876 804 4010 836 κατι

2409 870 2576 946 μηδὲν
2631 877 2718 926 τὸν
2786 869 3022 944 Μωάμεδ
3087 871 3276 934 ἀληθὲς
3337 873 3515 945 λέγειν,
3583 875 3848 946 εἰρήσεται
3932 893 4010 928 κα

2408 971 2578 1015 ταῦτα
2632 961 2687 1015 ἐκ
2742 971 2839 1024 τῆς
2893 962 3054 1014 αὐτοῦ
3114 960 3298 1034 βίϐλου
3353 963 3790 1034 παρεκϐληθίντα.
3859 964 4010 1018 Ἐπε-

2412 1055 2663 1126 μνησθεὶς
2713 1061 2806 1106 τοῦ
2852 1059 3086 1127 Χριστοῦ
3132 1058 3221 1106 καὶ
3264 1061 3356 1105 τοῦ
3393 1054 3731 1125 Εύαγγελίου,
3763 1060 3934 1125 φησὶν
3960 1056 4006 1105 ὡ

2413 1141 2468 1195 ἐκ
2527 1148 2809 1215 προσώπου
2873 1150 3006 1195 Θεοῦ
3040 1163 3055 1176 ·
3106 1142 3508 1214 ’Ἀπεστείλαμεν
3569 1141 3851 1196 ἀκόλουθον
3923 1151 4008 1194 τῶ

2413 1240 2687 1306 προφητῶν
2725 1234 2930 1284 πάντων
2986 1231 3212 1291 Ἰησοῦν,
3271 1234 3360 1283 τὸν
3403 1233 3516 1283 υἱὸν
3558 1237 3782 1304 Μαρίας,
3834 1232 3908 1292 εἰς
3973 1251 4011 1283 τη

2414 1318 2807 1391 ἀγαθοποιῆσαι
2877 1323 2943 1373 τά
3015 1323 3116 1394 πρὸ
3182 1320 3360 1380 αὑτοῦ,
3437 1326 3810 1392 καταγαγόντες
3896 1325 4012 1395 πρὸ

2416 1412 2572 1462 αύτὸν
2599 1415 2656 1462 τὸ
2699 1409 3029 1481 Εὐαγγέλιον,
3063 1409 3111 1462 ἐν
3151 1410 3190 1479 ᾧ
3222 1409 3362 1462 ἔστιν
3405 1407 3686 1480 ὁδηγησις,
3733 1415 3889 1482 φησὶ,
3938 1430 4012 1462 κα

2419 1497 2732 1557 δικαιοσύνη
2764 1503 2895 1551 κατὰ
2931 1503 3024 1557 τὴν
3073 1496 3294 1571 δύναμιν
3344 1506 3436 1551 τοῦ
3482 1503 3583 1574 πρὸ
3627 1499 3786 1551 αὑτοῦ
3830 1504 4010 1570 νόμον

2420 1589 2481 1642 Εἰ
2529 1596 2654 1660 γοῦν
2692 1596 2860 1640 ταῦτα
2901 1591 3071 1642 πάντα
3117 1595 3190 1657 τῷ
3245 1588 3422 1646 Ἰησοῦ
3468 1593 3555 1640 καὶ
3600 1595 3672 1658 τῷ
3723 1587 4012 1658 Εὑαγγελίι

2421 1678 2581 1730 αύτοῦ
2627 1673 2862 1745 δέδοται,
2898 1682 2983 1730 σοὶ
3028 1682 3081 1729 τί
3123 1677 3377 1736 λέλοιπας,
3418 1674 3457 1728 ὦ
3496 1673 3748 1748 Μωάμεδ,
3783 1694 4013 1728 συνεισε

660 1759 813 1817 Nihil
864 1759 1024 1816 aliud
1074 1776 1320 1834 prorsus
1366 1776 1553 1833 quam
1598 1778 1880 1825 errorem,
1925 1767 1982 1820 et
2029 1779 2306 1818 verorum

2427 1773 2614 1837 νεγκεῖν
2680 1773 2784 1825 τοῖς
2851 1764 3196 1840 ἀνθρώποιςς
3260 1761 3428 1818 Οὐδὲν
3489 1766 3656 1837 ἕτερον
3728 1766 3941 1824 πάντως
4007 1771 4014 1814 2‘

661 1849 1018 1919 dogmatum
1045 1850 1509 1923 perversionem.
1541 1853 1768 1906 Rursus
1795 1856 2086 1925 tanquam
2116 1867 2190 1907 ex
2213 1852 2312 1908 Dei

661 1953 926 2014 persona
956 1939 1037 1995 ait
1063 1957 1076 1995 :
1111 1940 1257 1995 Cum
1284 1938 1588 2009 regionem
1623 1939 1891 2012 aliquam
1921 1941 2315 2013 pessumdare

663 2028 982 2091 voluimus,
1018 2027 1230 2084 incolis
1272 2027 1404 2099 ejus
1449 2030 1895 2092 mandavimus.
1929 2037 1995 2086 ut
2035 2031 2117 2086 ibi
2146 2030 2317 2087 luxu-

663 2119 819 2176 riose
853 2122 1100 2189 agerent
1132 2135 1145 2172 :
1196 2122 1378 2190 atque
1405 2117 1486 2174 ita
1511 2118 1672 2189 justa
1700 2119 1892 2176 evasit
1922 2120 2212 2176 sententia
2241 2119 2317 2175 de

663 2205 902 2265 illorum
959 2207 1314 2279 perditione,
1372 2212 1431 2262 et
1493 2206 1568 2262 de
1627 2207 1792 2264 illato
1855 2207 1969 2265 illis
2033 2209 2314 2266 decreto:

665 2295 1030 2366 damnisque
1042 2294 2058 2370 eosdamniﬁcavimus.multosque
2072 2314 2317 2370 pessum

667 2385 970 2442 dedimus.
1013 2383 1189 2456 Atqui
1237 2399 1357 2439 non
1401 2383 1655 2452 luxurie,
1685 2385 1957 2458 inquam,
1989 2402 2185 2460 neque
2216 2388 2318 2443 ho-

670 2474 901 2529 minum
933 2473 1110 2528 exitio
1131 2472 1355 2542 gaudet
1383 2475 1558 2542 Deus,
1590 2471 1692 2528 sed
1721 2475 1771 2529 is
1798 2475 1995 2546 potius
2020 2476 2125 2548 qui
2149 2475 2318 2532 luxu-

668 2561 812 2618 riari
838 2560 1088 2617 mandat
1112 2559 1414 2619 diabolus.

747 2650 834 2706 ll.
881 2647 1078 2705 Solem
1126 2665 1198 2705 ac
1239 2648 1445 2706 lunam
1491 2651 1757 2723 equitare
1805 2651 1966 2722 dicit,
2033 2653 2320 2721 ignorans

673 2738 855 2794 miser
876 2737 1002 2792 haec
1031 2742 1235 2809 utpote
1274 2739 1606 2797 inanimata
1636 2741 1793 2798 haud
1826 2757 2006 2814 posse
2033 2743 2318 2816 equitare.

675 2826 989 2892 Quomodo
1009 2826 1148 2882 item
1177 2827 1335 2900 equi,
1360 2830 1684 2886 caruncula
1713 2831 2078 2902 corruptibili
2107 2831 2321 2898 induti,

674 2933 886 2972 currus
933 2917 1092 2986 ignei
1134 2919 1324 2974 vicem
1381 2925 1668 2991 praestare
1715 2921 2050 2993 poterunt?
2097 2922 2321 2977 Etenim

671 3004 756 3062 illi
786 3007 964 3062 Heliae
993 3007 1152 3075 ignei
1183 3008 1340 3080 equi,
1373 3008 1535 3064 haud
1567 3009 1712 3066 tales
1750 3017 1965 3067 natura
1994 3017 2183 3076 erant,
2216 3011 2323 3068 sed

2421 1855 2637 1924 πλάνην,
2668 1859 2758 1907 καὶ
2797 1863 2895 1907 τῶν
2942 1853 3143 1912 ἀληθῶν
3183 1851 3457 1925 δογμάτων
3505 1851 3814 1925 διαφθοράν.
3860 1852 4013 1906 Πάλι

2420 1943 2556 2014 λέγει
2609 1946 2678 2004 ὡς
2729 1941 2783 1994 ἐκ
2835 1949 3118 2017 προσώπου
3170 1949 3261 1994 τοῦ
3319 1949 3491 1995 Θεοῦ·
3554 1941 3710 1993 Ὀταν
3775 1941 4014 2013 ηθῦομε

2425 2030 2675 2084 ἀπολέσαι
2725 2037 2942 2106 χωρίον,
2999 2031 3289 2104 ἐκελεύομεν
3330 2039 3442 2092 τοῖς
3497 2030 3715 2083 ἑστῶσιν
3761 2028 3811 2082 ἓν
3858 2030 4014 2098 αὐτῷ

2423 2127 2513 2174 καὶ
2543 2121 2804 2180 ὴσώτευον
2845 2120 2892 2172 ἐν
2933 2120 3073 2189 αύτῷ
3103 2141 3115 2153 ·
3165 2125 3256 2172 καὶ
3300 2116 3602 2172 ἐδικαιοῦτο
3648 2117 3814 2170 ἐπάνω
3858 2119 4014 2170 αύτῶ

2425 2213 2452 2263 6
2499 2209 2650 2282 λόγος
2691 2211 2717 2262 6
2765 2217 2860 2270 τῆς
2906 2207 3162 2270 ἀπωλείας
3200 2208 3392 2275 αὐτῶν,
3439 2213 3530 2260 καὶ
3571 2215 3666 2269 τῆς
3703 2207 3817 2259 κατ’
3859 2207 4016 2258 αὐτῶ

2428 2298 2774 2370 ἀποφάσεως·
2826 2303 2915 2350 καὶ
2963 2294 3300 2370 ἐδαμάσαμεν
3353 2298 3539 2356 αύτούς
3596 2293 3888 2367 δαμάσεσι,
3946 2315 4016 2348 κοι

2427 2386 2646 2448 πολλοὺς
2713 2385 3067 2459 ἀπωλέσαμεν.
3134 2385 3245 2437 Οὐκ
3313 2384 3564 2446 ἀσωτίαις
3637 2389 3727 2436 καὶ
3801 2383 4016 2455 ὄλεθροι

2429 2475 2709 2546 ἀνθρώπων
2761 2481 2942 2549 χαίρει
3003 2479 3148 2540 Θεὸς,
3219 2473 3326 2525 ἀλλ’
3391 2475 3417 2525 6
3470 2472 3684 2526 κελεύων
3747 2471 4016 2525 ἀσωτεύει

2431 2561 2467 2617 δ
2473 2564 2644 2617 ιάϐολο
2654 2585 2692 2626 ς.

2504 2654 2587 2710 ια’.
2646 2658 2746 2707 Τὸν
2790 2653 2932 2714 ἣλιον
2980 2657 3069 2705 καὶ
3113 2657 3208 2710 τὴν
3267 2651 3484 2710 σελήνην
3533 2650 3608 2724 ἐφ’
3657 2653 3848 2712 ἵππους
3904 2647 4018 2702 εἵνα

2430 2763 2586 2817 φησιν
2621 2759 2634 2772 ⁸
2702 2742 2796 2796 οῦκ
2844 2739 2996 2803 εἰδὼς
3046 2743 3073 2794 6
3116 2740 3294 2801 οἶθλιος
3331 2743 3395 2801 ὡς
3441 2740 3636 2812 ἄψυχα
3674 2747 3841 2791 ταῦτα
3885 2744 4018 2791 ὄντα

2433 2836 2663 2885 ἱππεύειν
2716 2832 2774 2884 οῦ
2834 2827 3073 2886 δύναται.
3141 2837 3256 2891 Πῶς
3323 2826 3383 2882 δε
3442 2835 3532 2881 καὶ
3581 2831 3748 2898 ἵπποι,
3810 2833 4016 2900 σαρκίο

2433 2924 2657 2995 φθαρτὸν
2704 2925 3068 2995 περικείμενοι,
3123 2923 3307 2990 ὄχημα
3363 2922 3523 2991 πυρὸς
3589 2916 3716 2970 εἶναι
3780 2919 4017 2975 ύποστὴ·

2435 3027 2657 3076 σονται;
2718 3012 2784 3062 Οἱ
2835 3006 2894 3062 δε
2949 3011 3084 3060 κατά
3137 3012 3224 3060 τὸν
3279 3007 3456 3059 Ἠλίαν
3506 3010 3728 3079 Ξμπυροι
3779 3008 3938 3058 ἵπποι
3983 3027 4017 3059 ο·

674 3110 970 3167 equorum
1001 3095 1424 3152 tantummodo
1464 3097 1722 3170 speciem
1745 3115 1870 3171 prae
1920 3114 1981 3154 se
2021 3099 2313 3156 ferebant.

2432 3102 2606 3171 φύσιν,
2659 3097 2789 3150 ἀλλὰ
2842 3106 3034 3169 σχῆμα
3097 3102 3249 3169 μόνον
3313 3098 3480 3148 ἵππων
3546 3099 3878 3168 περιέκειντο.
3951 3095 4017 3147 'E:

674 3185 757 3241 Ex
783 3183 1060 3240 hirudine
1088 3185 1354 3256 genitum
1403 3185 1546 3242 dicit
1581 3187 1912 3244 hominem.
1952 3189 2324 3244 Animalibus

674 3273 960 3330 omnibus
997 3275 1159 3330 vesci
1201 3274 1494 3338 hortatur,
1522 3283 1921 3349 praeterquam
1955 3294 2080 3333 sue.
2117 3283 2324 3335 Come-

675 3363 815 3428 dite,
875 3363 1088 3435 inquit,
1139 3379 1208 3419 ex
1266 3364 1337 3420 iis
1384 3379 1524 3436 qum
1570 3365 1632 3420 in
1680 3372 1836 3422 terra
1875 3373 2055 3422 sunt:
2107 3369 2323 3423 etenim

675 3451 907 3507 munda
937 3458 1077 3507 sunt
1109 3468 1180 3508 ac
1216 3452 1398 3521 bona,
1429 3469 1538 3508 nec
1581 3456 1812 3510 Satanae
1838 3456 2088 3524 vestigia
2115 3472 2324 3528 sequa-

675 3541 870 3609 mini;
933 3543 1216 3598 Satanam
1285 3542 1506 3599 scilicet
1571 3543 1883 3615 appellans
1951 3548 2159 3602 Deum.
2221 3547 2325 3619 qui

675 3631 908 3688 munda
929 3632 1314 3688 etimmunda
1335 3631 1692 3702 designavit.
1721 3636 1850 3688 lam
1875 3634 1920 3688 si
1947 3636 2194 3692 Satanas
2215 3643 2320 3707 est,

675 3737 714 3778 ο
747 3720 949 3781 delire.
981 3721 1085 3792 qui
1123 3726 1384 3778 veterem
1432 3721 1623 3788 legem
1672 3723 1818 3790 tulit,
1851 3740 1957 3778 cur
1997 3741 2135 3780 eum
2183 3727 2322 3784 alibi

675 3812 863 3866 Deum
906 3811 1186 3866 nominas
1214 3812 1242 3868 τ
1279 3813 1356 3865 De
1395 3811 1625 3881 jejunio
1667 3811 1860 3878 legem
1903 3814 2168 3869 scribens
2194 3817 2274 3871 ait
2306 3835 2318 3872 :

675 3899 905 3957 Sufficit
928 3899 1100 3955 vobis
1121 3915 1239 3954 nox
1259 3899 1340 3972 jej
1352 3899 1471 3955 unii
1497 3900 1576 3955 ad
1597 3917 1852 3956 uxorum
1874 3909 2204 3959 vestrarum
2228 3921 2323 3960 co-

671 3989 880 4062 pulam
916 4007 928 4044 :
970 3989 1063 4045 hie
1101 3989 1325 4064 quippe
1357 3994 1496 4044 sunt
1523 3990 1694 4045 vobis
1724 3991 2186 4062 operimentum.
2217 3997 2322 4048 No-

670 4081 838 4134 verat
857 4079 1015 4134 enim
1036 4079 1331 4144 Deus,vos
1357 4078 1594 4134 animas
1610 4085 1840 4134 vestras
1859 4079 2240 4136 fraudaturos
2262 4084 2321 4138 in

665 4167 917 4238 jejunio.
949 4166 1175 4239 fuitque
1202 4167 1374 4224 vobis
1405 4168 1765 4239 indulgens:
1804 4169 2173 4226 misceamini
2205 4171 2320 4227 illis

670 4254 749 4312 ad
779 4255 1076 4317 solatium,
1110 4260 1168 4311 et
1193 4256 1485 4312 comedite
1514 4273 1764 4329 vespere
1792 4273 1862 4312 ac
1893 4257 2095 4326 bibite,
2127 4260 2318 4315 donec

668 4343 834 4416 quod
865 4345 923 4398 in
955 4349 1129 4399 nocte
1155 4344 1390 4413 nigrum
1420 4350 1532 4412 est,
1575 4346 1830 4401 interdiu
1872 4346 2077 4402 album
2123 4364 2317 4420 appa-

2431 3197 2527 3251 τῆς
2566 3185 2790 3262 βδέλλας
2837 3193 2968 3259 φησί
3021 3189 3262 3258 γενέσθαι
3310 3189 3398 3237 τὸν
3455 3187 3724 3256 ἄνθρωπον
3774 3187 3894 3250 (8)⁶
3953 3205 4020 3236 κοι

2430 3280 2599 3329 πάντα
2643 3280 2710 3329 τὰ
2775 3276 2885 3338 ζῶα
2946 3274 3262 3351 βιϐρώσκειν
3322 3278 3684 3348 προτρέπεται,
3745 3273 3880 3331 πλὴν
3947 3294 4020 3325 το

2431 3372 2621 3440 χοίρου
2655 3383 2668 3396 ο

2431 3459 2636 3529 καθαρὰ
2681 3458 2780 3530 γὰρ
2838 3459 2928 3506 καί
2987 3453 3140 3512 καλὰ,
3199 3457 3289 3504 καί
3345 3456 3417 3524 μὴ
3486 3451 3868 3514 ἐξακολουθειτε
3935 3461 4020 3502 τοὶ

2430 3546 2609 3615 ἴχνεσι
2663 3551 2756 3595 τοῦ
2813 3549 3048 3595 Σατανᾶν
3091 3537 3346 3593 ’Σατανᾶν
3402 3543 3490 3592 τὸν
3549 3543 3677 3592 Θεὸν
3735 3537 4020 3591 ἀποκαλῶν

2720 3369 2911 3436 Φάγετε
2951 3368 3075 3437 γὰρ,
3117 3369 3295 3436 φησιν,
3347 3361 3402 3415 ἔκ
3441 3372 3540 3415 τῶν
3571 3367 3726 3414 ὄντων
3754 3361 3802 3414 ἓν
3840 3371 3907 3434 τῇ
3944 3370 4018 3433 γῇ

2430 3638 2514 3685 τὸν
2553 3637 2618 3685 τὰ
2647 3637 2737 3706 μὲν
2776 3635 2998 3704 καθαρὰ,
3033 3634 3099 3683 τὰ
3137 3627 3197 3682 δε
3237 3629 3508 3704 ἀκάθαρτα
3544 3632 4020 3703 προσηγορευκότα

2433 3727 2534 3774 Καὶ
2578 3723 2620 3775 εἰ
2669 3728 2917 3785 Σατανᾶς,
2961 3719 3000 3772 ὦ
3043 3721 3184 3791 λῆρε,
3220 3721 3244 3771 6
3291 3722 3376 3771 τὸν
3427 3719 3651 3770 παλαιὰν
3691 3722 3845 3785 νόμον
3894 3720 4020 3788 θέμι

2429 3831 2533 3871 νος,
2574 3820 2680 3871 πῶς
2723 3810 2770 3862 ἐν
2813 3810 2986 3871 ἄλλοις
3029 3812 3156 3861 Θεὸν
3205 3808 3360 3859 αὐτὸν
3401 3806 3710 3878 ὀνομάζεις;
3773 3812 3902 3877 Περί
3953 3828 4017 3863 νη

2432 3906 2607 3963 στείας
2657 3902 2944 3972 νομοθετῶν
2987 3900 3122 3951 οὕτω
3171 3904 3327 3971 φησίν
3363 3915 3374 3928 '
3426 3896 3662 3959 Ἔξεστιν
3699 3898 3820 3968 ὑμῖν
3868 3898 3900 3954 ἡ
3947 3902 4011 3948 νύ

2429 4000 2520 4050 τῆς
2570 3994 2814 4050 νηστείας
2867 3989 2933 4049 εἰς
2985 3989 3122 4060 μίξιν
3188 3996 3287 4040 τῶν
3333 3995 3591 4057 γυναικῶν
3637 3987 3820 4057 ὑμῶν’
3875 3987 4020 4037 αὔτα

2427 4083 2526 4152 γαρ
2576 4081 2718 4152 ὑμῶν
2776 4079 2880 4130 εἰσι
2936 4080 3320 4148 σκεπάσματα·
3374 4079 3502 4146 ἔγνω
3553 4077 3652 4147 γὰρ
3699 4076 3722 4126 ὁ
3773 4078 3905 4135 Θεὸς
3958 4078 4019 4127 ὀτ

2427 4167 2876 4242 παραϐουλεύεσθε
2927 4175 3042 4228 ταῖς
3088 4165 3297 4236 ψυχαῖς
3345 4167 3487 4236 ὑμῶν
3542 4163 3590 4215 ἐν
3651 4169 3888 4233 νηστεία,
3949 4185 4020 4216 κα

2429 4259 2572 4319 ἵλεως
2610 4261 2731 4325 ὑμῖν
2770 4262 2969 4328 γίνεται
3003 4278 3014 4288 ·
3060 4258 3294 4327 μίχθητε
3337 4254 3521 4315 αύταίς
3561 4253 3628 4314 εἰς
3673 4253 4017 4325 παράκλησιν

2425 4352 2514 4398 καί
2581 4359 2762 4419 φάγετε
2823 4347 3045 4420 ἑσπέρας
3088 4350 3177 4396 καί
3219 4349 3380 4411 πίετε,
3443 4344 3533 4403 ἕως
3587 4346 3644 4393 τὸ
3697 4351 3792 4403 τῆς
3843 4348 4011 4394 νυκτὸ

667 4437 814 4488 reat.
860 4431 1178 4498 Quodnam
1236 4449 1425 4502 genus
1465 4434 1673 4503 jejunii
1722 4441 1827 4504 est,
1869 4451 1906 4490 o
1947 4435 2181 4507 impure
2247 4453 2313 4494 ac

2427 4436 2580 4509 μέλαν
2632 4444 2761 4508 φανῇ
2813 4434 2990 4487 λευκὸν
3048 4431 3142 4486 διὰ
3183 4441 3275 4494 τῆς
3325 4434 3540 4505 ἡμέρας.
3602 4436 3736 4483 Ποία
3787 4438 4016 4487 νηστεία

667 4521 979 4590 ﬂagitiose,
1011 4521 1100 4576 vel
1131 4537 1411 4593 quaenam
1447 4522 1545 4578 Dei
1586 4523 1699 4587 lex,
1732 4528 1854 4579 tota
1885 4531 2057 4580 nocte
2086 4526 2314 4598 epulari

666 4615 724 4666 et
758 4609 1058 4666 libidinari
1088 4611 1116 4664 ?
1161 4612 1306 4666 Tum
1352 4610 1426 4666 de
1466 4613 1862 4683 temperantia
1905 4629 2040 4668 cum
2083 4615 2193 4669 illis
2233 4616 2315 4671 lo-

665 4714 878 4771 quens,
905 4699 986 4754 ait
1015 4716 1028 4754 :
1064 4701 1283 4754 Uxores
1315 4704 1524 4754 vestrae
1554 4715 1698 4769 ager
1727 4706 1916 4756 vester
1939 4709 2104 4758 sunt:
2131 4704 2316 4773 ingre-

663 4785 876 4843 dimini
915 4787 975 4842 in
1016 4802 1230 4854 agrum
1274 4793 1534 4843 vestrum
1580 4804 1717 4843 cum
1750 4789 2072 4857 volueritis,
2108 4799 2163 4848 et
2193 4793 2312 4848 ani-

662 4877 881 4932 mabus
923 4876 1134 4932 vestris
1184 4875 1414 4942 favete;
1463 4877 1521 4931 id
1565 4883 1651 4932 est
1687 4894 1930 4933 omnem
1971 4882 2312 4936 animarum

659 4971 996 5021 vestrarum
1050 4963 1436 5037 cupiditatem
1491 4965 1763 5038 explete:
1833 4972 2014 5039 atque
2062 4971 2311 5025 utamini

659 5052 949 5110 uxoribus
987 5053 1196 5109 vestris
1241 5053 1540 5125 utrinque,
1584 5055 1758 5121 Quid,
1805 5071 1932 5126 oro,
1981 5057 2076 5113 his
2117 5059 2311 5114 verbis

656 5140 1040 5199 libidinosius
1065 5147 1121 5198 et
1149 5141 1574 5198 exsecrabilius
1599 5142 1628 5197 ?

734 5321 814 5374 l2.
855 5318 1128 5376 Asseclas
1151 5334 1290 5374 suos
1321 5318 1398 5376 ad
1436 5319 1660 5376 bellum
1703 5328 1910 5380 contra
1937 5339 2048 5379 nos
2081 5340 2304 5381 acuens

655 5531 666 5542 '
721 5461 800 5542 ρ)
848 5462 1162 5542 lta_c_odex
1208 5463 1802 5542 ChoniatgnaReapse
1843 5471 2041 5542 tamen
2084 5467 2304 5542 hegirae

650 5533 884 5608 initium
934 5533 1043 5588 fuit
1080 5551 1262 5608 anno
1286 5535 1494 5608 mundi
1535 5533 1932 5608 6129,'Christi
1971 5542 2095 5606 621,
2130 5539 2300 5594 Hera—

652 5599 746 5659 clii
773 5604 1122 5678 imperantis
1145 5606 1483 5674 undecimo.
1543 5628 1551 5645 '-

2425 4522 2649 4598 βδελυρέ
2696 4530 2786 4576 καί
2835 4523 3111 4595 ἀκάθαρτε,
3175 4525 3205 4581 ἦ
3261 4530 3408 4582 ποῖος
3457 4527 3609 4593 νόμος
3661 4529 3795 4574 Θεοῦ
3844 4526 3907 4573 τό
3964 4520 4020 4574 δι

2423 4616 2542 4676 ὅλης
2590 4618 2776 4675 νυκτὸς
2819 4613 3008 4666 ἐσθίειν
3056 4617 3147 4664 καί
3205 4610 3563 4682 ἀσελγαίνειν;
3635 4615 3758 4681 Περί
3817 4629 4020 4684 σωφρος

2425 4708 2580 4764 σύνης
2663 4703 2837 4762 αὐτοῖς
2912 4699 3286 4772 διαλεγόμενος,

3379 4705 3577 4771 prmia“
3665 4701 3728 4752 Ai
3788 4709 4016 4769 γυναῖκε

2423 4795 2562 4864 ὑμῶν
2617 4796 2793 4852 νεατὸς
2845 4793 2986 4863 ὑμῶν
3016 4811 3028 4823 ·
3091 4789 3339 4842 εἰσέλθετε
3375 4789 3442 4848 εὶς
3491 4792 3606 4847 τοῦς
3643 4791 3849 4848 νεατούς
3883 4789 4020 4859 ύμῶτ

2422 4883 2544 4932 ὅταν
2591 4880 2858 4952 βούλεσθε,
2916 4884 3005 4931 καί
3071 4879 3335 4931 συνέλθετε
3397 4885 3512 4939 ταῖς
3572 4877 3777 4948 ψυχαῖς
3839 4878 3992 4946 ὑμῶν

2421 4974 2680 5032 τουτέστι,
2728 4977 2898 5022 πᾶσαν
2943 4968 3219 5039 ἐπιθυμίαν
3267 4976 3366 5019 τῶν
3403 4967 3596 5037 ψυχῶν
3639 4968 3780 5037 υμῶν
3818 4965 4011 5039 πληρώ

2423 5079 2545 5113 σατε
2573 5076 2585 5088 ·
2634 5065 2722 5111 καί
2757 5061 3041 5132 χρήσασθε
3087 5065 3202 5119 ταῖς
3253 5057 3490 5126 γυναιξίν
3536 5057 3679 5126 ὑμῶν
3729 5053 4020 5129 ἀμφοτέρω-

2421 5151 2520 5204 θεν.
2576 5154 2639 5201 Τί
2695 5158 2794 5200 τῶν
2847 5149 3096 5222 ῥημάτων
3153 5149 3350 5198 τούτων
3404 5145 3770 5216 ἀσελγέστερὸν
3827 5163 3884 5198 τε
3939 5166 4020 5197 και

2416 5244 2733 5311 μιαρώτερον
2758 5254 2771 5303 ;

2489 5323 2580 5398 ιβ’.
2642 5325 2724 5386 Εἰς
2783 5329 2871 5377 τὸν
2913 5324 3030 5376 καθ’
3083 5327 3228 5397 ἡμῶν
3286 5323 3504 5394 πολεμον
3561 5322 3830 5394 ἐπεγείρων
3900 5325 4020 5383 τοὺς

2485 5470 2563 5529 (8)
2595 5467 2804 5522 Recole
2835 5466 2908 5521 de
2940 5467 3033 5522 his
3065 5477 3120 5521 et
3150 5465 3278 5522 aliis
3309 5463 3660 5536 hujusmodi
3690 5478 3825 5534 quae
3849 5463 4020 5536 dicta

2412 5546 2549 5608 sunt
2598 5537 2688 5592 vel
2739 5538 3061 5594 emendata
3111 5539 3170 5593 in
3219 5535 3436 5598 nostris
3491 5536 3569 5593 ad
3619 5535 4019 5608 Byzantinum

2411 5607 2926 5685 adnotationibus.
3663 5607 3670 5608 “
3841 5610 3845 5612 ’
