4040 6318
107 323 192 374 HT

1466 313 1808 371 THESAURI
1849 312 1978 370 LIB.
2015 313 2122 369 XX.

3377 317 3474 369 H8

105 446 341 513 μαθητὰς
405 444 597 513 αὐτοῦ,
660 446 826 514 φησι·
889 443 1174 494 Φονεύσατε
1221 440 1412 502 αὐτοὺς
1467 441 1596 492 ὅπου
1658 437 1718 490 ἂν

1831 436 1967 493 dicit
2011 455 2023 492 :
2063 438 2322 497 Occidite
2366 440 2520 506 illos,
2573 439 2922 510 ubicunque
2964 437 3037 493 iis
3081 439 3475 496 occurreritis.

107 538 472 590 συναντήσητε
510 532 716 593 αὐτοῖς.
769 531 848 582 Οὐ
904 536 1073 582 ταῦτα
1101 526 1162 583 δέ
1200 534 1351 602 μόνον
1383 533 1563 602 φησὶν,
1594 527 1720 580 ἀλλὰ

99 631 182 673 και
219 624 379 696 παρὰ
418 629 499 692 τῷ
559 628 674 690 Θεῷ
719 615 1149 692 μισθαποδοσίαν
1188 621 1396 672 κεῖσθαι
1429 626 1534 678 τοῖς
1562 638 1717 670 κατα-

104 715 432 780 χραίνουσιν
504 709 696 771 αὐτοὺς
746 717 859 772 τοῖς
911 717 1010 760 τῶν
1077 716 1409 782 Χριστιανῶν
1479 708 1716 781 αἷμασιν.

104 799 253 853 Ἀλλά
319 805 425 851 καὶ
501 804 596 858 τήν
674 802 914 870 πέμπτην
971 806 1157 872 μοῖραν
1222 805 1339 848 τῶνν
1367 797 1720 871 αἰχμαλώτων

99 895 186 941 καὶ
234 897 345 940 τῶν
408 887 584 940 ἄλλων
624 887 824 940 σκύλων
866 885 1203 940 ἀνατίθεσθαι
1248 894 1320 958 τῷ
1368 895 1483 958 Θεῷ
1539 888 1722 939 ὑποτί-

103 982 247 1047 θησι,
309 982 414 1030 καὶ
467 985 546 1048 τῷ
600 981 840 1052 προφήτῃ
908 971 1164 1048 Μωοξμιδ.
1215 982 1463 1050 Παραινεῖ
1515 971 1574 1029 δί
1634 979 1724 1028 καὶ

99 1069 542 1120 κατατάττεσθαι
609 1073 716 1127 τοῖς
762 1073 1124 1140 Χριστιανοῖς,
1173 1065 1217 1118 εἰ
1254 1069 1348 1122 τὴν
1385 1073 1484 1118 τῶν
1523 1064 1722 1140 Σαῤῥα-

99 1165 267 1214 κενῶν
343 1158 644 1231 θρησκείαν
710 1154 1077 1208 ἐπανιλωνται’
1150 1158 1242 1206 καὶ
1323 1155 1392 1214 εἰς
1475 1151 1724 1226 ἀδελφοὺς

102 1247 296 1307 αὐτοὺς
341 1242 787 1318 παραδέχεσθαι,
865 1242 919 1295 ἐκ
993 1252 1084 1304 τῆς
1147 1244 1308 1316 ἄκρας
1376 1243 1622 1304 ἁπηνείας
1665 1247 1724 1296 τό

103 1335 403 1408 ἀκρότατον
457 1343 555 1396 τῆς
612 1332 822 1404 ἀγάπης
869 1332 1318 1406 ἐπαναιρούμενος.
1353 1332 1507 1386 Ἐστι
1564 1329 1621 1385 δέ
1665 1336 1724 1385 τό

100 1425 155 1476 ἐκ
219 1427 428 1477 τούτου
490 1425 790 1495 μηχάνημα
844 1420 1158 1494 ἐξόμνυσθαι
1198 1425 1318 1484 τοὺς
1365 1419 1726 1495 ἀφελεστέρους

101 1515 164 1564 τὰ
224 1521 339 1565 τῶν
392 1518 731 1586 Χριστιανῶν
795 1511 968 1582 ὅρκια,
1011 1514 1347 1583 σαινομένους
1377 1518 1452 1580 τῷ
1493 1514 1726 1584 περιόντι

103 1611 195 1662 τῆς
259 1598 649 1670 ἁδελφότητος.
719 1605 970 1672 Παραινιῐ
1018 1607 1125 1660 τοῖς
1174 1595 1333 1660 ἰδίοις
1382 1597 1570 1670 λέγων’
1637 1603 1721 1656 Μή

101 1693 318 1758 γίνεσθε
403 1687 780 1761 ἀντιληπτορες
846 1686 1118 1741 Ἰουδαίων
1197 1693 1286 1740 καὶ
1345 1696 1720 1761 Χριστιανῶν·

1825 528 2029 599 Neque
2059 528 2121 584 id
2153 529 2346 585 solum
2379 529 2541 599 dicit,
2575 528 2677 585 sed
2723 528 2903 583 etiam
2942 527 3316 598 propositam
3347 543 3479 584 esse

1828 630 1864 670 a
1894 619 2013 671 Deo
2038 618 2379 674 mercedem
2412 619 2506 675 his
2559 618 2668 690 qui
2718 631 2779 671 se
2838 615 3307 672 Christianorum
3344 629 3482 672 san-

1829 705 2008 776 guine
2039 705 2438 778 impiaverint.
2469 708 2750 775 Quintam
2771 721 2914 761 vero
2945 706 3320 777 captivorum
3342 705 3482 762 alia-

1826 809 2086 865 rumque
2110 796 2539 853 manubiarum
2565 801 2796 869 partem
2825 797 2944 850 Deo
2964 793 3162 850 oﬁ'erri
3178 795 3485 850 constituit

1830 897 1901 938 ac
1929 882 2263 940 Mohamedi
2294 884 2623 958 prophetas.
2667 885 2946 940 Hortatur
2973 883 3154 938 etiam
3191 886 3258 938 ut
3279 897 3486 939 recon-

1832 971 2104 1028 cilientur
2132 973 2500 1038 Christianis,
2534 975 2584 1030 si
2633 976 3099 1030 Sarracenorum
3136 971 3482 1043 religionem

1831 1062 2222 1133 susceperint,
2277 1064 2554 1136 atquein
2604 1061 2855 1119 fratrum
2906 1060 3041 1117 loco
3089 1059 3393 1128 habeant;
3447 1078 3486 1118 a

1833 1165 2078 1206 summa
2099 1151 2446 1208 crudelitate
2490 1151 2569 1208 ad
2600 1151 2882 1208 eximiam
2916 1149 3268 1206 charitatem
3295 1156 3486 1208 trans-

1828 1239 1983 1294 iens.
2016 1241 2116 1296 Est
2145 1245 2346 1296 autem
2376 1241 2491 1296 hoc
2520 1255 2764 1313 quoque
2801 1238 3138 1305 artiﬁcium,
3167 1244 3232 1295 ut
3262 1239 3485 1313 simpli-

1833 1329 2024 1383 ciores
2055 1343 2230 1384 sacra
2267 1329 2741 1386 Christianorum
2785 1327 3012 1384 faedera
3035 1326 3339 1398 abjurent,
3370 1329 3488 1386 fra-

1829 1417 2124 1472 ternitatis
2178 1418 2582 1489 praerogativa
2647 1417 2844 1473 illecti.
2926 1417 3257 1488 Caeteroqui
3340 1432 3486 1473 suos

1831 1511 2058 1571 monet,
2090 1520 2166 1563 ne
2214 1507 2332 1562 sint
2377 1505 2723 1562 Judmorum
2781 1510 2838 1562 et
2890 1504 3361 1562 Christianorum
3388 1505 3486 1562 de-

1832 1593 2120 1650 fensores.
2177 1595 2463 1668 Quisquis
2520 1596 2704 1664 enim,
2760 1594 2976 1666 inquit,
3043 1598 3304 1650 vestrum
3355 1593 3488 1651 illos

1832 1685 2112 1756 protegit,
2148 1682 2246 1740 hic
2289 1684 2539 1757 perinde
2577 1699 2646 1740 ac
2680 1699 2842 1740 unus
2861 1682 3103 1739 illorum
3123 1686 3232 1738 est.
3267 1683 3489 1740 Deinde

105 1785 244 1839 ὁστις
286 1783 399 1853 γὰρ
463 1778 880 1850 ὑπερασπίζεται
936 1778 1104 1828 αὐτῶν
1143 1776 1198 1840 ἐξ
1236 1779 1398 1849 ὑμῶν,
1432 1778 1457 1828 6
1495 1784 1718 1837 τοιοῦτος

1833 1773 2072 1829 ιιιόιιεοε
2128 1777 2309 1846 atque
2348 1773 2714 1829 Christianos
2764 1771 2945 1828 veluti
2990 1770 3316 1843 deplorans
3358 1772 3484 1828 ait:

106 1869 152 1929 ἐξ
207 1867 393 1919 αὐτῶν
451 1868 704 1939 ὑπάρχει.
769 1871 870 1918 Καὶ
916 1864 1070 1917 πάλιν
1128 1865 1414 1926 ταλανίζων
1472 1873 1727 1937 Χριστια-

105 1962 215 2017 wh;
277 1961 376 2007 καὶ
435 1951 725 2016 Ἰουδαίους
771 1954 945 2025 λέγει·
1010 1953 1143 2006 Οὐαὶ
1195 1956 1336 2026 ὑμῖν,
1387 1955 1568 2006 οἰκεῖοι
1599 1960 1726 2029 Γρα-

105 2046 246 2114 eam!
311 2041 474 2097 οὐδὲν
532 2046 677 2096 ἔσται
745 2045 888 2115 ὑμῖν,
951 2045 1041 2103 ἕως
1107 2043 1167 2094 ἂν
1228 2042 1598 2106 ἐξακολουθῆτι
1654 2052 1726 2115 τῷ

101 2143 240 2205 νόμῳ
299 2138 395 2184 καὶ
455 2140 527 2202 τῷ
580 2132 894 2204 Εὐαγγιλίῳ.
958 2136 1056 2185 Καὶ
1097 2135 1230 2184 κατά
1267 2135 1356 2204 μὲν
1397 2139 1725 2206 Χριστιανῶν

99 2231 274 2275 ταῦτα
346 2225 713 2294 φθεγγόμενος,
769 2217 922 2274 οὐδέν
984 2242 1037 2273 τι
1112 2226 1287 2274 καινόν
1346 2218 1726 2295 διαπράττεται

105 2332 162 2370 ως
210 2316 313 2362 καὶ
372 2319 549 2382 μισῶν
575 2309 780 2371 ἀὐτοῦς
805 2312 941 2362 κατὰ
968 2313 1160 2384 κράτος
1185 2331 1196 2344 ’
1240 2307 1530 2372 Ἰουδαίους
1562 2307 1724 2374 δὶ,ὧν

102 2407 192 2457 τήν
249 2404 556 2474 περιτομὴν
616 2399 938 2465 ἀσπάζεται,
1021 2405 1112 2452 καὶ
1171 2400 1334 2452 πολλὰ
1383 2407 1487 2452 τῶν
1535 2398 1725 2471 ἕθίμων

102 2499 285 2562 τηρεῖν
347 2485 725 2562 παραδίδωσι,
775 2489 895 2542 καθ’
940 2492 1114 2542 ὅντινα
1149 2490 1298 2561 λόγον
1343 2488 1726 2562 ἐπιμεριμᾶται

103 2580 166 2630 τὰ
192 2575 498 2647 πάνδεινα;

174 2697 265 2766 ιγ’.
344 2695 513 2748 Πάλιν
573 2696 737 2766 ἐαυτῷ
793 2697 1198 2758 κατασκευάζων
1277 2699 1336 2749 τὸ
1422 2695 1725 2760 ἀξιόπιστον

109 2787 309 2856 εὲσάγει
353 2789 446 2836 τόν
516 2789 643 2837 Θεὸν
671 2794 1039 2859 μαρτυροῦντα
1080 2790 1198 2858 περὶ
1228 2785 1410 2851 αὐτοῦ,
1435 2791 1522 2839 καὶ
1561 2787 1723 2860 ὀμνύ-

105 2894 276 2938 νοντα,
309 2878 406 2926 καὶ
452 2873 701 2944 λέγοντα’
754 2877 843 2927 Μὰ
872 2879 929 2926 τὸ
952 2876 1145 2947 ἄστρον
1194 2879 1252 2927 τὸ
1313 2871 1584 2948 δυόμενον,
1631 2876 1724 2928 οὐκ

108 2964 376 3020 ἐπλανήθη
422 2964 451 3014 6
494 2962 697 3036 ἑταῖρος
773 2965 936 3035 ὑμῶν,
995 2960 1118 3016 οὐδὲ
1170 2964 1422 3037 ηνόμησι,
1485 2970 1574 3018 καὶ
1631 2965 1724 3017 οὐκ

107 3053 399 3123 ἐφθέγξατο
442 3050 498 3103 ἐκ
541 3051 851 3124 θελήματοςο
909 3051 1038 3105 ἀλλὰ
1076 3057 1167 3105 καὶ
1234 3053 1461 3125 Ἰησοῦν,
1503 3057 1590 3106 τόν
1628 3062 1724 3115 τῆς

107 3147 318 3216 Μαρίας
399 3143 544 3208 Υἱόν,
619 3149 982 3214 προφητεῦσαι
1055 3146 1174 3213 περὶ
1239 3143 1400 3195 αὑτοῦ
1466 3143 1673 3196 εἰπόντα
1706 3165 1718 3176 ·

107 3233 233 3300 Ἐγὼ
279 3229 585 3292 ἀπόστολος
659 3230 764 3300 εἰμι
830 3238 922 3282 τοῦ
979 3235 1105 3283 Θεοῦ
1170 3235 1302 3303 πρός
1344 3230 1719 3302 ῦμᾱς,ὰληθο-

105 3330 262 3372 ποιῶν
324 3322 393 3371 τὰ
435 3321 726 3394 ἔμπροσθέν
780 3340 880 3392 μου
937 3325 1001 3372 τὰ
1039 3328 1131 3372 τοῦ
1174 3326 1355 3392 νόμου,
1395 3322 1696 3393 εὐαγγελιζό

106 3430 246 3469 αὖος
310 3408 610 3460 ἀπόστολον
666 3409 950 3482 ἐρχόμενον
1003 3409 1110 3480 μετ’
1182 3408 1287 3482 ἐμὲ,
1357 3415 1516 3482 ὄνομα
1581 3412 1720 3480 αὐτῲ

105 3493 372 3570 Medusa.
430 3503 532 3550 Καὶ
601 3504 700 3548 ποῦ
762 3506 915 3549 τοῦτο
978 3500 1414 3572 προεφήτευσενὸ
1469 3505 1717 3573 Χριστὸς,

105 3589 128 3641 ὲ
163 3586 210 3637 ἐν
247 3592 385 3656 ποία
433 3595 608 3658 γραφῇ
666 3589 897 3657 εἶρηκενς
943 3585 1021 3639 Ἐν
1061 3583 1284 3658 οὐδεμιᾷ
1307 3589 1546 3650 πάντως·
1590 3591 1719 3640 ὥστε

103 3672 481 3747 -ξδενδορῥάφος
550 3679 639 3724 καὶ
725 3673 958 3725 ἀπατεὼν
1017 3678 1042 3725 6
1105 3673 1358 3746 Μωαμεδ,
1428 3683 1719 3751 μαρτυρίας

103 3766 257 3815 {Iva
345 3767 482 3834 πρός
567 3762 747 3814 ἑαυτὸν
814 3771 905 3814 τοῦ
986 3770 1242 3838 Χριστοῦ,
1298 3763 1358 3824 ἃς
1406 3761 1581 3826 οὐδεὶς
1625 3775 1719 3817 τῶν

104 3851 506 3924 Χοιστωνῦμων
564 3851 864 3905 ἐπίσταται.
947 3856 1206 3922 Λέγουσιν
1276 3855 1325 3904 οἱ
1401 3853 1719 3927 Σαρῥακηνοὶ

105 3944 214 3992 ἶσον
278 3937 415 3991 εἶναι
449 3945 506 3990 τὸ
537 3945 632 3995 τὴν
672 3943 922 4013 παρθένον
966 3949 1146 4004 τεκεῖν,
1199 3946 1285 3993 καὶ
1333 3946 1391 3993 τό
1421 3942 1718 4002 πλασθῆναι

102 4035 186 4079 τόν
222 4025 413 4099 ’Δδὰμ
441 4027 540 4079 ἀπό
572 4035 661 4078 τοῦ
703 4033 846 4098 χοός.
891 4031 1057 4099 Φαμὲν
1110 4026 1165 4080 δὲ
1223 4031 1393 4099 ἡμεῖς,
1426 4031 1494 4091 ὡς
1534 4033 1559 4081 6
1593 4038 1716 4104 Χρι-

105 4123 230 4179 στός
281 4117 344 4168 ἐκ
384 4119 650 4187 Παρθένου
689 4123 1014 4187 γεγέννηται,
1047 4114 1140 4170 διόι
1192 4121 1251 4168 τό
1291 4116 1420 4170 εἶναι
1451 4122 1576 4179 Θεὸς
1605 4139 1718 4171 και-

101 4212 393 4264 νποιήσας
453 4205 509 4256 ἐκ
572 4209 764 4266 ταύτης
820 4203 1084 4278 πρόοδον⁸
1137 4201 1245 4257 ὁδὶ
1271 4202 1466 4277 Ἀδὰμ,
1498 4206 1716 4279 πλάσμα

104 4303 192 4344 τοῦ
253 4302 396 4346 Θεοῦ
449 4299 734 4364 γενόμενος,
787 4298 876 4344 καὶ
929 4299 998 4364 μὴ
1059 4292 1114 4345 ἐκ
1166 4298 1567 4368 προγενεστέρας
1601 4293 1716 4348 δια-

105 4380 279 4452 δοχῆς
312 4388 410 4438 τὴν
441 4386 640 4452 γένεσιν
668 4381 848 4447 ἕλκων,
901 4381 956 4433 ἐκ
998 4382 1162 4439 πηλοῦ
1217 4379 1554 4454 διηρτισταισ
1584 4385 1712 4436 πολὺ

1837 1867 1932 1917 Vae
1953 1861 2126 1918 vobis
2155 1861 2596 1934 Scripturarum
2618 1860 2896 1916 asseclis!
2927 1860 3075 1916 nihil
3101 1859 3490 1918 emolumenti

1835 1951 2008 2008 vobis
2059 1949 2336 2016 exstabit,
2399 1949 2673 2023 quandiu
2738 1949 2937 2019 legem
3001 1949 3337 2019 sequemini
3387 1955 3490 2007 aut

1837 2040 2249 2112 Evangelium.
2303 2041 2457 2095 Sane
2496 2039 2624 2094 haec
2653 2037 2729 2095 de
2769 2037 3122 2096 Christianis
3148 2037 3488 2106 clamitans,

1835 2129 1984 2186 nihil
2013 2139 2238 2184 nOVum
2289 2127 2430 2197 agit,
2458 2128 2601 2200 quia
2629 2126 2763 2183 illos
2813 2130 2938 2182 toto
2981 2126 3187 2183 animo
3211 2127 3358 2184 odit.
3389 2129 3487 2184 Ju-

1835 2215 1984 2270 daeis
2035 2219 2260 2282 autem,
2304 2229 2568 2287 quorum
2607 2213 3126 2270 circumcisionem
3171 2214 3402 2283 retinet,
3432 2221 3490 2272 et

1834 2302 2052 2373 legalis
2069 2303 2259 2360 multa
2277 2303 2590 2360 observari
2619 2303 2910 2376 praecipit,
2928 2318 3037 2359 cur
3051 2316 3159 2376 per
3180 2315 3488 2361 sermones

1835 2391 2106 2465 singulos
2126 2391 2479 2463 gravissime
2522 2391 2943 2450 interminatur
2959 2392 2989 2448 ?

1914 2693 1998 2745 t3.
2039 2691 2182 2744 Item
2213 2687 2324 2744 sibi
2345 2687 2531 2744 ﬁdem
2556 2687 2904 2757 concilians,
2936 2690 3126 2744 Deum
3164 2687 3393 2746 inducit
3413 2689 3488 2744 de

1834 2777 1968 2850 ipso
2012 2782 2349 2846 testantem,
2403 2777 2830 2850 jurantemque
2883 2792 2954 2833 ac
3002 2776 3346 2834 dicentem:
3384 2778 3490 2834 Per

1835 2865 2002 2922 sidus
2032 2866 2374 2927 occiduum,
2409 2880 2532 2921 non
2563 2866 2781 2922 erravit
2807 2865 3032 2922 sodalis
3055 2870 3264 2933 vester,
3292 2881 3490 2940 neque

1836 2971 1872 3011 a
1897 2970 2112 3011 norma
2133 2954 2427 3022 discessit,
2441 2971 2638 3026 neque
2659 2953 2904 3026 propria
2921 2953 3232 3010 voluntate
3251 2952 3488 3008 locutus

1835 3048 1948 3099 est.
1978 3042 2092 3098 Sed
2131 3048 2187 3098 et
2231 3045 2433 3098 Jesum
2467 3042 2662 3098 Marias
2705 3041 2916 3097 Filium
2969 3040 3044 3096 de
3098 3040 3231 3113 ipso
3285 3040 3488 3096 vatici-

1755 3133 1795 3189 C
1834 3138 2079 3190 nantem
2095 3131 2254 3201 facit,
2270 3137 2450 3204 atque
2475 3131 2774 3187 dicentem
2800 3148 2813 3187 :
2838 3134 2960 3201 Ego
2983 3146 3120 3186 sum
3143 3130 3242 3186 Dei
3253 3129 3488 3200 legatus

1834 3223 1912 3280 ad
1953 3238 2077 3290 vos,
2100 3237 2246 3278 vera
2266 3237 2395 3277 esse
2417 3221 2848 3277 demonstrans
2882 3236 3019 3293 quae
3040 3223 3178 3276 ante
3200 3235 3296 3276 me
3316 3219 3489 3276 exsti-

1834 3317 2035 3369 terunt
2065 3312 2124 3367 in
2148 3311 2298 3382 lege,
2328 3310 2613 3366 nuntians
2664 3309 2911 3382 insuper
2945 3308 3213 3380 legatum
3233 3313 3372 3382 post
3389 3324 3487 3365 me

1833 3406 2173 3468 venturum,
2197 3401 2291 3455 cui
2314 3415 2536 3455 nomen
2568 3399 2968 3455 Mohamedes.
3009 3398 3187 3471 Atqui
3233 3397 3486 3455 ubinam

1832 3493 1947 3548 hoc
1975 3494 2144 3546 Jesus
2165 3489 2522 3545 vaticinatus
2543 3492 2649 3553 est,
2680 3488 2775 3544 vel
2799 3503 3072 3561 quanam
3092 3489 3154 3543 in
3185 3487 3486 3567 Scriptura

1832 3582 1947 3637 hoc
1977 3579 2171 3636 dixit?
2220 3577 2396 3634 Plane
2429 3578 2484 3632 in
2508 3577 2698 3634 nulla.
2733 3577 3142 3644 Quamobrem
3173 3576 3484 3632 falsidicus

1833 3671 2245 3743 impostorque
2290 3667 2691 3738 Mohamedes,
2746 3667 2851 3740 qui
2895 3666 3102 3723 Christi
3147 3665 3486 3722 testimonia

1830 3759 1909 3814 ad
1967 3775 2027 3813 se
2073 3756 2270 3828 trahit,
2332 3772 2467 3828 quae
2519 3771 2702 3811 nemo
2764 3755 3242 3813 Christianorum
3293 3754 3481 3811 novit.

1829 3849 2010 3904 Aiunt
2042 3846 2351 3903 Sarraceni
2382 3845 2631 3918 perinde
2671 3861 2802 3900 esse
2840 3844 3133 3914 virginem
3159 3859 3389 3915 parere,
3413 3859 3482 3898 ac

1828 3939 2133 3994 Adamum
2163 3935 2408 3991 fcrmari
2440 3935 2514 3989 de
2541 3934 2806 4006 pulvere.
2834 3936 2953 3988 Nos
2995 3935 3197 3988 autem
3225 3931 3479 3986 dicimus

1828 4027 2125 4084 Christum
2146 4025 2221 4080 de
2248 4023 2482 4093 Virgine
2511 4027 2747 4086 natum,
2783 4021 2928 4094 quia
2965 4023 3173 4092 utpote
3211 4022 3366 4075 Deus
3395 4019 3480 4074 in-

1827 4115 2068 4171 solitum
2099 4109 2213 4169 sibi
2245 4111 2502 4168 confecit
2547 4111 2623 4166 de
2670 4109 2770 4166 illa
2806 4122 3217 4182 progressum.
3246 4110 3316 4163 At
3335 4122 3479 4165 vero

1825 4205 2094 4260 Adamus
2149 4201 2249 4257 Dei
2301 4199 2552 4268 factura,
2596 4214 2793 4271 neque
2857 4213 2930 4253 ex
2984 4197 3276 4254 anteriore
3328 4197 3479 4254 serie

1825 4299 2022 4351 ortum
2055 4291 2318 4354 trahens,
2350 4289 2425 4345 de
2454 4289 2581 4346 luto
2616 4287 2726 4344 fuit
2773 4286 3200 4344 conformatus.
3233 4284 3477 4342 Multum

1823 4385 2023 4455 itaque
2071 4381 2312 4436 interest
2350 4379 2501 4436 inter
2551 4378 2652 4434 Dei
2703 4376 3076 4434 nativitatem
3124 4380 3183 4432 et
3213 4374 3478 4432 hominis

104 4469 187 4521 ο-Ῐσν
211 4476 272 4521 τό
307 4478 470 4541 μέσον
498 4479 630 4524 Θεοῦ
678 4477 965 4542 γεννήσεως
1021 4477 1110 4522 καὶ
1149 4469 1422 4543 ἀνθρώπου
1453 4472 1710 4534 πλάσεως.

1831 4471 2264 4529 formationem.

175 4673 266 4730 ιδ’.
312 4681 477 4728 Φασὶν
507 4679 556 4728 οἱ
605 4677 926 4750 Σαρρακηνοὶ
971 4681 1033 4738 ὡς
1059 4680 1085 4730 6
1125 4673 1359 4749 Μωάμεδ
1388 4676 1530 4729 ἐστὶν
1560 4680 1586 4730 6
1619 4675 1714 4736 δη-

102 4765 352 4835 )οᾶμενος
405 4764 454 4815 ἐν
503 4774 574 4836 τῷ
614 4765 803 4824 Δανιὴλ
857 4768 974 4818 ἄνευ
1019 4770 1199 4840 χειρὸς
1231 4765 1282 4828 ἐξ
1313 4770 1458 4840 ὁλοους
1487 4765 1710 4826 τιληθῆ-

105 4875 183 4903 ναι
231 4854 408 4912 λίθος⁴
465 4853 718 4907 ἀκούουσι
769 4851 846 4920 δὲ,
903 4858 971 4916 ὡς
999 4862 1090 4917 Τίς
1127 4860 1381 4926 μετουσία
1419 4863 1491 4924 τῷ
1524 4856 1711 4914 Δανιὴλ

105 4950 189 4991 καί
257 4949 336 5010 τῷ
395 4939 652 5015 Μωάμεὸ,
704 4945 838 4996 ὥστε
902 4949 1018 5017 περὶ
1086 4944 1245 4995 αὑτοῦ
1299 4947 1384 4994 τόν
1439 4948 1709 5014 προφήτην

103 5038 322 5082 τοιαῦτα
370 5030 555 5101 λέγειν,
623 5031 1026 5102 κακολογοῦντος
1075 5037 1304 5085 Μωῦσέα
1348 5037 1438 5084 καὶ
1504 5036 1589 5082 τόν
1634 5039 1710 5084 νό-

103 5137 232 5187 μους
299 5126 465 5172 Ποίαν
521 5117 581 5172 δὲ
633 5127 722 5174 καὶ
762 5122 932 5173 εἰκόνα
975 5125 1001 5173 6
1063 5118 1300 5194 Μωάμεὸ
1346 5119 1567 5184 ἐπάταξε
1621 5128 1709 5174 καὶ

103 5208 384 5276 ὐέπτυνῖι,
435 5212 505 5269 ὡς
539 5210 564 5260 ὁ
619 5214 851 5283 Χριστὸς
899 5214 990 5267 τὴν
1041 5209 1337 5276 πολυθεῖανν
1384 5209 1434 5269 ὃς
1460 5216 1548 5262 καί
1594 5209 1708 5282 ἐγέ-

101 5315 207 5347 νετο
247 5298 319 5359 εἰς
360 5303 482 5371 ὄρος
539 5303 695 5370 μέγα,
756 5304 846 5350 καὶ
885 5298 1151 5373 ἐπλήρωσε
1213 5305 1387 5350 πᾶσαν
1431 5303 1524 5356 τὴν
1567 5309 1706 5370 γῆνς

104 5385 255 5437 Πνῖλιν
314 5386 554 5458 λέγουσι,
605 5392 655 5438 τί
703 5388 938 5458 ὠφέλοιεν
999 5391 1137 5461 ἡμᾶς
1186 5390 1212 5439 6
1265 5391 1384 5448 Υἱός
1428 5394 1518 5438 τοῦ
1574 5396 1708 5440 Θεοῦ

106 5479 414 5544 σαρκωθείς;
488 5483 590 5529 Καί
650 5497 810 5549 φαμεν
861 5480 1009 5549 ἡμεῖς
1067 5482 1133 5539 ὡς
1193 5483 1249 5530 τὸ
1320 5485 1409 5538 τῆς
1479 5475 1707 5552 Τριαδος

102 5577 384 5638 μυστήριον
465 5565 831 5638 ἀπεκαλύφθη,
901 5573 990 5618 καὶ
1063 5567 1382 5638 ἐπεγνώσθη,
1447 5572 1535 5619 καὶ
1603 5567 1707 5618 ἐπι-

105 5657 278 5713 στεύθη
340 5658 413 5727 τῷ
471 5662 660 5726 κόσμω
705 5660 898 5707 παντί’
948 5657 976 5714 ἡ
1009 5653 1068 5708 δὲ
1106 5661 1204 5718 τῆς
1251 5655 1548 5716 Ἑλληνικῆς
1577 5653 1707 5707 ἁπά-

1900 4683 1986 4735 14.
2028 4676 2240 4732 Dicunt
2288 4675 2616 4744 Sarraceni,
2665 4672 3083 4731 Mohamedem
3122 4687 3254 4728 esse
3305 4673 3474 4728 illum

1823 4783 1859 4823 a
1891 4766 2130 4823 Daniele
2144 4770 2471 4827 ostensum,
2488 4763 2717 4836 absque
2734 4778 2953 4819 manus
2974 4777 3158 4834 Opera
3178 4777 3251 4816 ex
3271 4765 3475 4817 monte

1821 4855 2125 4910 divulsum
2152 4853 2435 4925 lapidem.
2471 4852 2585 4909 Sed
2607 4869 2641 4907 a
2662 4850 2837 4907 nobis
2858 4850 3146 4907 audiunt:
3183 4851 3473 4915 Quasnam

1822 4950 1910 4999 est
1937 4942 2310 5016 participatio
2365 4940 2620 4996 Danielis
2661 4957 2799 4996 cum
2853 4937 3222 5008 Mohamede,
3278 4937 3362 4992 ita
3407 4941 3473 4992 ut

1819 5033 1916 5089 ille
1967 5032 2042 5087 de
2085 5031 2198 5086 hoc
2229 5031 2370 5086 talia
2392 5029 2569 5094 dicat,
2601 5029 2704 5100 qui
2745 5029 2932 5098 Moysi
2963 5025 3267 5084 maledicit
3295 5039 3366 5080 ac
3396 5024 3472 5079 le-

1819 5121 1922 5191 gi?
1949 5122 2289 5186 Quamnam
2304 5122 2564 5174 statuam
2578 5117 2958 5173 Mohamedes
2976 5114 3272 5188 percussit
3292 5117 3472 5185 atque

1820 5208 2194 5276 comminuit,
2259 5207 2427 5262 sicuti
2472 5206 2946 5279 polytheismum
2975 5203 3263 5272 Christus,
3286 5201 3390 5274 qui
3416 5205 3472 5258 et

1819 5299 1881 5354 in
1928 5302 2198 5353 montem
2243 5311 2532 5364 magnum
2573 5294 2850 5363 excrevit,
2900 5296 3080 5364 atque
3124 5291 3470 5347 universam

1819 5392 2040 5444 terram
2090 5385 2405 5458 implevit?
2453 5384 2662 5439 Adhuc
2685 5386 2918 5451 rogant,
2948 5379 3094 5453 quid
3124 5379 3302 5436 nobis
3329 5396 3468 5452 pro-

1819 5476 1993 5531 fuerit
2024 5475 2125 5529 Dei
2146 5473 2323 5530 Filius
2350 5474 2697 5528 incarnatus
2723 5471 2750 5526 ?
2801 5473 2917 5527 Nos
2961 5486 3098 5526 vero
3137 5468 3468 5542 responde-

1817 5582 1980 5633 mus,
2004 5565 2086 5620 sic
2115 5564 2447 5620 revelatum
2475 5561 2660 5617 fuisse
2702 5565 2760 5616 et
2802 5561 3114 5633 cognitum
3145 5564 3202 5616 et
3229 5559 3307 5616 ab
3340 5558 3469 5613 uni-

1815 5669 1991 5723 verso
2068 5653 2213 5713 orbe
2280 5652 2573 5711 creditum
2653 5649 2948 5707 Trinitatis
3033 5649 3387 5721 mysterium
3452 5663 3464 5703 :
