4040 6318
551 261 655 316 119
730 296 733 301 -

1870 246 2152 339 moerin
2198 248 2578 312 CHONIATE

3807 260 3981 324 120

547 382 855 443 ethnicum
908 378 1490 454 vero‘polytheismi
1550 393 1814 437 errorem
1874 376 2207 446 sublatum,

2330 396 2413 440 mg
2462 379 2712 435 πολυθεΐα
2758 380 3065 453 ἠφάνισται,
3125 386 3362 455 μαντεία,
3430 388 3520 439 καὶ
3595 394 3970 463 φαρμακεία,

550 472 985 535 divinationem
1016 470 1183 537 item,
1219 474 1275 525 et
1296 470 1587 539 magiam,
1615 473 1672 525 et
1705 466 2039 524 diabolicas
2062 481 2209 538 prae-

554 563 762 633 stigias
788 558 997 633 procul
1020 558 1363 615 submotas.
1392 558 1733 632 Baptismus
1752 573 1895 615 vero
1919 572 2042 629 quo
2072 554 2214 611 ado-

554 653 827 728 ptionem
852 649 1307 720 consequimur,
1359 648 1415 704 et
1469 647 1826 720 redemptio,
1868 651 2047 721 atque
2078 645 2215 701 cha-

555 743 873 799 rismatum
898 737 1159 793 diribitio
1191 738 1420 795 cunctis
1447 737 1827 794 credentibus
1856 738 2209 811 patuerunt;

560 848 598 891 a.
619 829 761 886 solis
787 833 918 884 ortu
940 842 1133 899 usque
1182 826 1261 883 ad
1299 843 1587 884 occasum
1619 825 2013 896 Evangelium
2035 822 2215 881 diffu-

558 935 730 987 sum;
788 916 1026 974 medius
1065 916 1342 972 maceriae
1382 917 1582 989 paries
1630 916 1894 988 antiquae
1926 931 2066 970 cum
2096 916 2216 970 Deo

557 1007 882 1066 inimicitiae
920 1006 1283 1077 destructus,
1329 1005 1713 1063 reconciliata
1750 1004 1926 1062 nobis
1961 1004 2083 1060 Deo
2111 1018 2219 1075 per

560 1099 691 1170 ejus
714 1096 841 1152 Filii
872 1096 1364 1152 intercessionem
1390 1114 1404 1163 ;
1448 1111 1708 1167 regnum
1736 1094 2028 1151 ccelorum
2056 1096 2219 1167 pate-

558 1186 1067 1258 factum,a1iaque
1099 1185 1287 1242 multa
1316 1185 1460 1242 data
1482 1184 1834 1241 hominibus
1863 1183 2027 1241 dona
2056 1185 2213 1254 sunt,

559 1293 698 1351 quae
730 1275 1036 1346 sigillatim
1066 1291 1546 1331 commemorare
1577 1275 1928 1331 omittimus.

637 1372 722 1423 15.
765 1366 912 1421 Item
942 1363 1113 1420 aiunt
1142 1381 1154 1420 :
1187 1363 1290 1420 Vel
1340 1364 1550 1421 volens
1598 1364 1864 1420 Christus
1899 1362 2218 1419 cruciﬁxus

561 1456 692 1526 fuit,
743 1455 840 1513 vel
886 1454 1138 1525 nolens:
1175 1454 1228 1510 si
1274 1454 1504 1522 volens,
1555 1454 1822 1510 insontes
1860 1457 1999 1509 sunt
2034 1453 2220 1509 cruci-

561 1544 783 1603 ﬁxores
815 1562 828 1600 :
866 1545 915 1599 si
943 1559 1087 1600 vero
1117 1543 1352 1613 nolens,
1402 1544 1461 1599 id
1506 1544 1560 1599 ei
1609 1543 2018 1599 inﬁrmitatem
2038 1545 2219 1616 atque

561 1634 984 1711 impotentiam
1013 1633 1291 1706 imputat.
1316 1637 1496 1691 Porro
1520 1650 1634 1690 nos
1675 1633 2143 1707 respondemus,
2165 1636 2222 1688 et

2321 472 2409 522 καὶ
2465 465 2822 545 δαιμονιώδης
2883 475 3175 544 μαγγανεία
3208 468 3442 528 ἐκποδὼν
3496 479 3665 549 ᾤχετο
3692 496 3705 509 ·
3746 481 3929 532 υἰοθε

2325 561 2439 620 σίας
2483 555 2541 612 δὲ
2591 558 2896 634 βάπτισμα,
2941 565 3031 613 καὶ
3086 559 3466 638 ἀπολύτρωσις,
3524 571 3613 618 καί
3666 564 3982 641 διανομαί

2322 651 2673 722 χαρισμάτων
2733 655 2868 703 πᾶσι
2922 657 3032 712 τοῖς
3094 654 3444 707 πιστεύσασιν
3506 653 3899 718 ἐξηπλώθησαν
3944 674 3973 688 °

2324 734 2424 790 ἀπὸ
2478 736 2731 793 ἀνατολῶν
2790 739 2939 798 ἡλίου
2969 744 3134 814 μέχρι
3174 737 3392 814 δυσμῶν
3420 739 3636 803 διεδόθη
3668 749 3726 799 τὸ
3751 747 3983 819 Εὐαγ-

2322 826 2516 899 γέλιον·
2567 832 2626 881 τὸ
2674 836 2766 882 τοῦ
2825 837 3067 904 φραγμοῦ
3122 838 3220 893 τῆς
3269 831 3495 896 παλαιᾶς
3533 835 3727 909 ἔχθρας
3782 844 3977 890 Θεοῦ

2323 921 2415 969 καί
2452 915 2734 992 ἀνθρώπων
2790 923 3106 992 μεσότοιχον
3174 916 3491 993 διαλέλυται,
3569 924 3979 998 καταλλαγέν-

2323 1026 2411 1069 τος
2441 1009 2565 1078 ἡμῖν
2592 1015 2684 1062 τοῦ
2715 1015 2849 1063 Θεοῦ
2878 1015 2941 1082 τῇ
2983 1005 3124 1065 ἰδίου
3163 1011 3287 1063 Υἱοῡ
3320 1015 3584 1085 μεσιτείᾳ·
3619 1019 3709 1066 καί
3744 1016 3774 1074 ἡ
3819 1023 3975 1068 τῶν

2325 1095 2553 1170 οὐρανῶν
2602 1094 2848 1169 βασιλεία
2910 1095 3180 1170 ἀνέῳκται,
3256 1102 3347 1151 καί
3422 1099 3551 1154 οῖλλα
3599 1100 3775 1174 ἁγαθὰ
3816 1112 3975 1165 τοῖς

2325 1182 2617 1259 ἀνθρώποις
2668 1188 3010 1260 κεχάρισται,
3060 1188 3127 1238 ὧν
3182 1190 3317 1241 κατὰ
3379 1193 3533 1262 μέρος
3589 1197 3971 1265 μνημονεύειν

2324 1279 2653 1349 παρήκαμεν.
3002 1332 3003 1335 η

2400 1363 2473 1420 ιε’.
2506 1363 2623 1417 Ἐτι
2667 1370 2823 1439 φασίν
2880 1368 2946 1428 ὡς
3000 1365 3152 1420 θελων
3190 1367 3217 1420 6
3256 1371 3489 1441 Χριστός
3517 1367 3851 1446 ἐσταυρώθη,
3906 1375 3965 1433 ἣ

2325 1458 2397 1527 μὴ
2442 1453 2624 1507 θέλων·
2675 1461 2765 1508 καί
2824 1456 2868 1509 εἰ
2912 1458 3004 1528 μὲν
3041 1455 3216 1524 θελων,
3253 1455 3521 1513 ἀνεύθυνοι
3571 1461 3622 1513 οἱ
3678 1467 3972 1536 σταυρὼ-

2330 1544 2537 1605 σαντες·
2601 1543 2645 1596 εἰ
2699 1540 2758 1597 δὲ
2809 1547 2881 1615 μὴ
2935 1542 3108 1612 θέλων,
3160 1542 3425 1598 ἀσθένειαν
3473 1546 3610 1618 αύτῷ
3649 1554 3806 1602 τοῦτο
3836 1556 3973 1602 καί

2330 1627 2624 1706 ἀδυναμίαν
2696 1634 2988 1706 περιάπτει.
3071 1632 3486 1709 Ἀποκρινόμεθα
3540 1631 3627 1689 οὖν
3696 1638 3774 1691 ὅτι
3837 1645 3972 1692 καί

561 1724 866 1781 volentem
914 1722 1215 1779 Christum
1263 1722 1619 1780 cruciﬁxum
1664 1723 1870 1793 fuisse,
1923 1727 1982 1779 et
2017 1725 2215 1779 tamen

2333 1720 2485 1775 θέλων
2541 1720 2867 1796 ἐσταύρωται
2905 1723 2930 1775 ὁ
2964 1725 3219 1797 Χριστὸς,
3251 1728 3455 1787 καὶτῆς
3501 1724 3743 1798 ἐσχάτης
3764 1746 3968 1781 κατοι-

513 1816 519 1820 ’
564 1813 1229 1873 extremadamnatione
1240 1813 1458 1885 dignos
1478 1829 1614 1870 esse
1631 1812 2031 1870 cruciﬁxores.
2048 1811 2223 1878 Quod

567 1910 785 1977 sponte
811 1904 884 1961 sit
911 1919 1156 1977 passus,
1186 1903 1449 1960 ostendit
1485 1903 1614 1976 ipse
1652 1903 1801 1959 dum
1826 1905 1962 1959 ante
1990 1901 2222 1974 passio-

563 2011 705 2051 nem
760 1995 1275 2052 aitzPoiesiatem
1332 1994 1516 2051 habeo
1574 1993 1912 2064 deponendi
1955 1994 2219 2050 animam

561 2101 774 2149 meam,
816 2091 870 2141 et
895 2090 1245 2155 potestatem
1285 2085 1471 2141 habeo
1501 2086 1719 2141 iterum
1748 2084 2024 2141 sumendi
2049 2095 2224 2155 eam;

560 2181 615 2233 et
644 2190 815 2233 nemo
845 2190 974 2231 eam
1001 2188 1038 2230 (ι
1067 2189 1160 2230 me
1190 2176 1375 2243 tollit,
1400 2175 1503 2230 sed
1522 2189 1627 2244 ego
1653 2173 1884 2244 depono
1909 2188 2036 2230 eam
2060 2188 2098 2229 ιι
2129 2187 2222 2229 me

558 2265 746 2334 ipso'.
789 2263 906 2320 Sed
948 2268 1005 2319 et
1061 2278 1478 2335 saepenumero
1525 2278 1666 2318 cum
1706 2262 1768 2317 in
1815 2278 1956 2318 eum
1999 2277 2219 2318 manus

558 2354 802 2423 injicere
827 2353 1017 2409 Judaei
1044 2352 1283 2419 vellent,
1315 2368 1439 2407 non
1471 2356 1673 2409 tamen
1704 2351 2217 2424 injecerunt,quia

556 2442 923 2515 praefinitum
954 2440 1257 2513 passionis
1288 2444 1529 2513 tempus
1549 2439 1825 2496 nondum
1847 2440 2071 2496 aderat.
2089 2440 2215 2497 Pati

557 2536 758 2588 autem
807 2530 995 2586 voluit
1022 2533 1089 2584 ut
1125 2533 1378 2585 mortem
1411 2529 1762 2598 destrueret,
1810 2528 2097 2602 viamque
2135 2528 2215 2585 ad

553 2619 1057 2677 resurrectionem
1103 2634 1174 2673 ex
1228 2618 1481 2677 mortuis
1518 2617 1799 2674 muniret.
1844 2620 1956 2674 Cur
2011 2623 2212 2675 autem

553 2709 639 2764 rei
667 2714 807 2765 sunt
851 2708 1286 2765 crucifixores?
1336 2707 1487 2773 Quia
1526 2724 1664 2763 cum
1716 2706 1912 2778 legem
1960 2724 2030 2764 ac
2079 2724 2213 2781 pro-

550 2798 767 2870 phetas
813 2797 1098 2867 legerent,
1138 2797 1239 2869 qui
1292 2800 1529 2869 tempus
1583 2797 1877 2852 adventus
1904 2797 2031 2868 ejus
2060 2813 2212 2853 nun-

553 2885 806 2954 tiabant,
846 2902 970 2942 non
1019 2885 1216 2942 solum
1272 2901 1399 2942 non
1448 2891 1824 2957 agnoverunt
1852 2887 2052 2959 ipsum
2081 2903 2210 2943 esse

550 2976 652 3048 qui
683 2975 761 3031 ob
802 2991 1191 3031 communem
1222 2974 1478 3031 salutem
1514 2980 1777 3041 venerat,
1809 2975 1914 3030 sed
1958 2979 2014 3032 et
2055 2974 2209 3032 mul-

2329 1815 2554 1886 κρίσεως
2591 1813 2640 1864 οἱ
2680 1816 2977 1886 σταυρωταὶ
3022 1810 3180 1875 ἄξιοι.
3249 1812 3374 1866 ’Ὁτι
3421 1810 3481 1867 δι
3527 1814 3776 1879 ἑκουσίως
3806 1818 3975 1870 ἕποι-

2333 1902 2435 1970 θεν,
2486 1900 2642 1962 αὐτὸς
2692 1896 2855 1963 ἔδειξε
2906 1902 3006 1976 πρὸ
3058 1907 3149 1954 τοῦ
3216 1903 3399 1955 παθεῖν
3456 1902 3700 1978 εἰρηκώς·
3751 1905 3974 1966 Ἐζου-

2332 1993 2449 2041 σίαν
2506 1991 2614 2062 ἔχω
2686 1990 2847 2042 θεῖναι
2909 1993 3004 2047 τὴν
3070 1989 3256 2062 ψυχήν
3330 2011 3453 2064 μου,
3538 1997 3627 2045 καὶ
3686 1992 3966 2057 ἐξουσίαν

2330 2080 2438 2150 ἔχω
2504 2077 2656 2131 πάλιν
2697 2076 2868 2132 λαϐεῖν
2925 2078 3116 2137 αὐτήν·
3186 2084 3275 2132 καί
3342 2076 3517 2143 οὐδείς
3568 2084 3703 2156 αἴρει
3766 2083 3969 2142 αὐτὴν

2331 2166 2418 2220 ἀπ’
2477 2165 2623 2240 ἐμοῦ,
2691 2166 2800 2220 ἀλλ’
3051 2170 3239 2241 τίθημι
3304 2168 3465 2228 αύτην
3533 2168 3620 2223 ἀπ’
3677 2169 3957 2243 ἐμαυτοῦ-

2332 2256 2485 2309 Ἀλλὰ
2526 2261 2617 2309 καί
2671 2255 2920 2317 πολλάκις
2973 2254 3308 2329 βουληθέντες
3361 2258 3502 2329 αύτῷ
3530 2266 3717 2334 χεῖρας
3749 2259 3957 2314 ἐπιϐα-

2326 2345 2428 2398 λεῖν
2491 2341 2762 2415 Ἰουδαῖοι,
2817 2344 2911 2398 ούκ
2968 2344 3228 2417 ἐπέϐαλον,
3265 2342 3359 2399 διὰ
3400 2350 3457 2399 τὸ
3505 2354 3663 2419 μήπω
3692 2352 3778 2401 τόν
3802 2369 3957 2425 προς

2325 2439 2606 2507 ωρισμένον
2658 2442 2749 2488 τοῦ
2809 2437 3005 2497 πάθους
3057 2434 3351 2494 ἐληλυθέναι
3425 2442 3624 2513 καιρόν.
3675 2438 3951 2499 Ἠθέλησε

2325 2520 2384 2577 δὲ
2410 2526 2592 2577 παθεῖν
2629 2525 2711 2577 ἵνα
2750 2529 3062 2599 καταργήσῃ
3097 2528 3182 2577 τὸν
3225 2526 3460 2597 θάνατον,
3491 2531 3582 2579 καί
3618 2524 3935 2603 ὀδοποιὴσῃ

2321 2618 2415 2672 τὴν
2454 2612 2508 2666 ἐκ
2559 2622 2748 2689 νεκρῶν
2802 2613 3111 2668 ἀνάστασιν.
3140 2621 3258 2677 Πῶς
3317 2612 3375 2668 δὲ
3420 2624 3844 2691 κατηγοροῦνται
3882 2620 3943 2671 οἱ

2324 2709 2651 2779 σταυρωταί;
2711 2703 2852 2771 Ὀτι,
2885 2707 3038 2776 νόμον
3090 2708 3181 2756 καί
3223 2708 3485 2778 προφήτας
3542 2704 3945 2778 ἀναγινώσκον-

2320 2811 2422 2858 τες,
2479 2796 2564 2845 τὸν
2606 2795 2787 2865 καιρόν
2834 2800 2927 2856 τῆς
2980 2792 3139 2845 αὐτοῦ
3185 2798 3481 2867 παρουσίας
3531 2796 3946 2869 προκαταγγέλ-

2319 2880 2516 2949 λοντας,
2572 2881 2629 2934 ού
2688 2886 2840 2954 μόνον
2880 2882 2974 2934 ούκ
3026 2884 3255 2954 ἔγνωσαν
3314 2882 3467 2936 αὐτὸν
3516 2880 3643 2937 εἶναι
3694 2888 3785 2937 τὸν
3860 2886 3948 2949 εἰς

2319 2975 2496 3030 κοινὴν
2550 2976 2812 3046 σωτηρίαν
2869 2971 3169 3047 ἐρχόμενον,
3226 2971 3354 3025 ἀλλὰ
3408 2977 3497 3026 καί
3552 2972 3742 3037 πολλὰς
3786 2974 3944 3052 εὐερ-

550 3069 751 3122 torum
768 3065 1200 3122 beneﬁciorum
1226 3068 1531 3123 auctorem
1552 3063 1612 3119 in
1636 3080 1877 3120 crucem
1899 3064 2207 3123 sublatum

2330 3064 2500 3131 γεσίας
2523 3055 2906 3131 ἐπιδειξάμενον
2930 3058 3119 3112 ἀνεῖλον
3149 3065 3560 3134 σταυρώσαντες.

552 3154 984 3210 exstinxerunt.

628 3270 712 3320 16.
756 3267 901 3321 Item
932 3264 1100 3319 aiunt
1127 3281 1140 3318 :
1170 3263 1239 3321 Si
1259 3264 1610 3320 maledic-tus
1633 3266 1719 3319 est
1739 3265 1927 3320 omnis
1949 3264 2054 3334 qui
2066 3279 2208 3334 pen—

554 3354 649 3409 c’et
684 3354 747 3407 in
777 3353 942 3422 tigno
969 3354 1013 3419 9,
1068 3350 1340 3408 sublatus
1364 3357 1566 3407 autem
1596 3352 1658 3407 in
1683 3368 1921 3408 crucem
1950 3352 2211 3409 Christus

557 3455 804 3513 quoque
835 3440 963 3508 fuit,
989 3439 1085 3493 hic
1114 3439 1338 3511 pariter
1365 3439 1722 3495 maledictus
1752 3446 1863 3496 est.
1897 3441 2211 3506 Quomodo

557 3535 759 3587 autem
810 3545 845 3584 a
884 3528 1206 3583 maledicto
1257 3527 1597 3584 benedictio
1642 3527 1932 3585 dabitur?
1971 3530 2084 3586 Sed
2111 3547 2213 3587 au-

557 3617 731 3673 diunt
757 3632 792 3672 a
821 3615 998 3671 nobis
1031 3634 1044 3671 :
1079 3616 1247 3688 quod
1279 3618 1431 3671 Deus
1460 3632 1650 3689 quum
1675 3622 1851 3685 esset,
1902 3617 2093 3675 factus
2124 3623 2215 3676 est

555 3710 804 3778 propter
823 3720 937 3759 nos
960 3704 1167 3773 homo,
1191 3708 1245 3759 et
1269 3704 1648 3759 inﬁrmitates
1676 3711 1911 3762 nostras
1934 3708 2213 3779 portavit,

560 3796 616 3849 et
644 3793 967 3863 languores
994 3791 1252 3864 pertulit,
1309 3796 1365 3847 et
1418 3797 1672 3848 mortem
1715 3795 1990 3864 gustavit,
2021 3799 2085 3851 ut
2104 3811 2216 3851 nos

560 3883 738 3939 morti
795 3898 866 3938 ac
924 3880 1246 3936 maledicto
1273 3880 1667 3937 subtraheret.
1699 3885 1849 3938 Nam
1902 3885 2212 3952 sententia,

563 3973 688 4038 Quo
719 3972 814 4028 die
845 3986 893 4027 ρ(
916 3971 1239 4036 mederi/is,
1272 3976 1461 4027 morte
1480 3973 1817 4027 moriemini
1837 3974 1897 4044 3;
1925 3976 2001 4041 et,
2028 3974 2216 4030 Mate-

561 4062 726 4117 dicta
748 4067 911 4116 terra
950 4066 1009 4115 in
1037 4060 1313 4129 operibus
1336 4061 1452 4116 tuis
1482 4062 1523 4126 ⁸,
1556 4060 1685 4116 haec
1738 4061 1992 4118 humani
2030 4062 2217 4118 nostri

564 4149 799 4219 generis
821 4148 1055 4221 punitio
1086 4153 1191 4205 est.
1229 4149 1321 4205 Sic
1361 4150 1541 4205 etiam
1585 4150 1926 4207 maledictio
1957 4151 2218 4208 Christus

564 4238 757 4294 dictus
786 4238 914 4301 fuit,
944 4243 999 4292 et
1029 4243 1226 4293 tamen
1267 4254 1303 4295 a
1350 4239 1500 4311 legis
1543 4239 1959 4297 maledictione
1986 4256 2097 4296 nos
2124 4257 2215 4297 re-

564 4326 769 4383 demit.
804 4329 870 4381 Et
901 4325 1054 4382 sicut
1104 4326 1165 4381 in
1218 4326 1452 4384 Adamo
1491 4344 1705 4384 omnes
1734 4330 1955 4386 mortui
1985 4346 2214 4397 sumus,

2394 3255 2482 3320 ις’.
2538 3255 2699 3308 Πάλιν
2751 3255 3020 3327 λέγουσιν’
3084 3255 3144 3309 Εἰ
3196 3255 3577 3333 ἐπικατάρατος
3612 3262 3711 3318 πᾶς
3748 3258 3776 3309 6
3806 3277 3941 3332 κρεο

2322 3347 2546 3418 μάμενος
2587 3344 2674 3397 ἐπί
2734 3343 2912 3414 ξύλου,
2973 3343 3239 3417 ἀνηρτηθη
3289 3343 3349 3399 δε
3373 3347 3778 3419 καίὸΧριστός
3836 3349 3941 3400 ἐπί

2324 3434 2495 3506 ξύλου,
2556 3435 2930 3509 ἐπικατάρατος
2986 3435 3091 3508 ἄρα
3143 3439 3235 3487 καί
3285 3435 3428 3497 οὗτός
3483 3433 3613 3492 ἐστι.
3659 3440 3758 3489 Καί
3812 3444 3942 3499 πῶς

2324 3523 2424 3577 ἀπὸ
2477 3530 2568 3576 τοῦ
2625 3522 3006 3597 ἐπικαταράτου
3052 3524 3261 3597 εύλογία
3291 3521 3420 3584 δοθή
3433 3543 3609 3590 σεταις
3635 3525 3860 3579 Ἀκούου
3872 3546 3941 3579 σι

2325 3611 2383 3666 δὲ
2441 3612 2493 3676 ἐξ
2534 3615 2700 3686 ἡμῶν,
2733 3616 2813 3666 ὅτι
2858 3614 3056 3685 Ὠσπερ
3111 3616 3136 3666 6
3195 3617 3323 3677 Θεὸς
3353 3614 3419 3666 ὢν
3469 3618 3644 3687 γέγονε
3673 3611 3747 3667 δι’
3777 3616 3941 3688 ἡμᾶς

2323 3705 2616 3777 ἄνθρωπος,
2688 3708 2777 3755 καί
2837 3706 2930 3766 τὰς
2988 3702 3252 3765 ἀσθενείας
3312 3706 3456 3776 ἡμῶν
3510 3701 3621 3779 ἦρε,
3674 3708 3764 3756 καί
3826 3708 3941 3769 τὰς

2322 3798 2505 3854 νόσους
2558 3792 2837 3862 ἐϐάστασε,
2896 3799 2986 3846 καί
3046 3795 3266 3846 θανάτου
3314 3792 3584 3864 ἐγεύσατο,
3657 3793 3718 3846 ἶν’
3784 3795 3942 3867 ἡμᾶς

2323 3888 2415 3935 καί
2461 3889 2553 3935 τοῦ
2604 3884 2827 3935 θανάτου
2880 3888 2969 3935 καί
3020 3890 3114 3944 τῆς
3171 3884 3405 3956 κατάρας
3457 3880 3807 3956 ἐλευθερώση-
3865 3887 3940 3937 τὸ

2324 3974 2448 4046 γὰρ,
2506 3978 2576 4025 Ἥ
2634 3968 2685 4023 δ’

2328 4062 2438 4127 σθε,
2490 4065 2579 4113 καί
2634 4063 2713 4132 τὸ,

2764 3970 2824 4024 ἂν
2887 3974 3058 4045 ἡμέρᾳ
3108 3974 3322 4044 φάγητε,
3386 3972 3589 4043 θανάτῳ
3653 3970 3942 4026 ἀποθανεῖ-

2793 4061 3197 4131 Ἐπικατάρατος
3261 4063 3291 4118 ἠ
3352 4068 3420 4132 γῆ
3481 4060 3529 4113 ἐν
3584 4068 3692 4122 τοῖς
3754 4062 3942 4132 ἔργοις

2329 4169 2445 4219 σου,
2497 4158 2596 4203 τῶν
2651 4148 2930 4227 ἀνθρώπων
2996 4152 3137 4222 ἡμῶν
3191 4148 3485 4223 ἐπιτίμιον·
3538 4151 3670 4204 οὕτω
3702 4155 3793 4202 καί
3833 4170 3940 4204 κοι-

2326 4243 2461 4315 τάρα
2515 4244 2730 4310 ἤκουσε,
2770 4245 2859 4293 καί
2900 4247 2993 4303 τῆς
3045 4238 3100 4292 ἐκ
3150 4247 3240 4294 τοῦ
3285 4244 3445 4313 νόμου
3498 4242 3728 4315 κατάρας
3788 4242 3942 4313 ἡμᾶς

2327 4329 2644 4403 ἐξηγόρασε·
2691 4335 2782 4382 καί
2833 4332 3005 4404 ὥσπερ
3056 4327 3104 4380 ἐν
3148 4337 3219 4399 τῷ
3274 4325 3450 4401 Ἀδὰμ
3494 4332 3677 4391 πάντες
3733 4327 3938 4383 ἀπεθά-

565 4416 650 4471 sic
682 4418 741 4471 in
774 4416 1004 4472 Christo
1035 4430 1248 4470 omnes
1270 4416 1567 4473 vivemus.
1614 4418 1770 4473 Licet
1809 4420 1990 4475 etiam
2021 4435 2215 4475 exem-

2330 4438 2493 4492 νομεν,
2538 4420 2701 4483 οὕτως
2750 4417 2797 4471 ἐν
2862 4426 2934 4489 τῷ
2963 4426 3179 4488 Χριστῳ
3204 4419 3385 4478 πάντες
3417 4418 3667 4491 ζήσομεν.
3712 4417 3941 4481 Ἔξεστι

564 4504 666 4577 plo
695 4504 810 4560 hoc
840 4504 1276 4561 demonstrare.
1308 4509 1373 4561 In
1403 4505 1639 4562 deserto
1661 4511 1963 4579 serpentes
1983 4509 2215 4564 morde-

564 4595 715 4651 bant
746 4593 1022 4650 Hehreeos
1056 4612 1068 4649 :
1105 4596 1399 4666 serpentis
1439 4600 1662 4666 autem,
1711 4597 1815 4669 qui
1864 4596 2006 4653 olim
2037 4598 2217 4653 male-

566 4683 761 4739 dictus
791 4684 1002 4751 fuerat,
1049 4684 1210 4741 facta
1258 4700 1428 4740 aenea
1478 4685 1742 4756 imagine
1772 4688 2023 4757 Moyses,
2052 4687 2215 4757 ligno

565 4789 701 4829 eam
735 4772 1065 4843 suspendit,
1097 4771 1364 4845 dixitque
1395 4790 1407 4828 :
1444 4773 1558 4840 Qui
1604 4788 1641 4829 α
1682 4782 1954 4844 serpente
1987 4792 2217 4834 morsus

563 4865 772 4933 fuerit,
842 4863 923 4918 ad
981 4863 1142 4918 [tunc
1179 4868 1507 4931 serpentem
1566 4865 1867 4933 respiciat,
1921 4872 1973 4921 et
2019 4868 2218 4923 salvus

562 4956 665 5021 fiet
688 4954 729 5009 ⁵.
764 4954 897 5008 Erat
927 4956 1129 5007 autem
1159 4950 1208 5006 is
1236 4966 1483 5023 serpens
1511 4952 1725 5009 Christi
1752 4952 1967 5025 ﬁgura.

643 5137 727 5185 t7.
769 5135 1021 5202 insuper
1058 5129 1139 5185 illi
1171 5130 1338 5186 aiunt
1372 5146 1385 5185 :
1420 5133 1554 5200 Vos,
1582 5131 1915 5201 Christiani,
1966 5135 2047 5191 ita
2092 5150 2221 5191 cru-

568 5236 696 5276 cem
725 5220 1033 5275 honoratis
1089 5220 1610 5292 quemadmodum
1632 5223 1860 5280 Christo
1889 5223 1998 5297 ipsi
2030 5226 2220 5282 hono-

566 5324 695 5365 rem
725 5308 991 5364 dcfei-tis.
1023 5309 1219 5380 Atqui,
1252 5323 1364 5364 nos
1406 5308 1734 5381 inquimus,
1763 5312 2059 5369 calumnia
2090 5315 2220 5371 haec

570 5398 887 5454 manifesta
918 5404 1024 5454 est.
1061 5400 1206 5455 Nam
1242 5399 1502 5456 Christus
1534 5416 1570 5457 a
1595 5401 1769 5458 nobis
1798 5403 2127 5461 honoratur
2156 5409 2222 5461 ut

2327 4506 2387 4562 δὲ
2437 4513 2527 4561 καί
2587 4508 2688 4560 ἀπὸ
2744 4504 3173 4582 παραδείγματος
3222 4516 3570 4582 παραστῆσαι
3617 4514 3768 4560 τοῦτο
3801 4524 3815 4538 ⁸
3876 4509 3938 4560 ἓν

2326 4606 2386 4671 τῇ
2458 4597 2632 4671 ἐρήμῳ
2684 4600 2733 4651 οἱ
2779 4601 2912 4670 ὄφεις
2985 4599 3103 4657 τούς
3159 4594 3431 4670 Ἐϐραίους
3476 4592 3718 4649 ἔδακνον⁹
3752 4595 3939 4650 εἰκόνα

2328 4683 2386 4740 δὲ
2441 4685 2648 4760 χαλκῆν
2693 4690 2871 4758 ὄφεως,
2922 4684 2973 4747 ὃς
3024 4684 3398 4757 ἐπικατάρατος
3452 4688 3667 4753 ἤκουσε,
3700 4690 3938 4749 ποιήσοις

2326 4784 2551 4843 Μωϋσῆ,
2621 4774 2984 4851 ἀνεσταύρωσε
3006 4793 3062 4827 τε
3094 4778 3318 4841 τουτονί,
3354 4778 3445 4826 καί
3501 4773 3636 4827 εἶπεν
3666 4790 3680 4805 ·
3728 4773 3787 4827 Ὀ
3825 4770 3935 4827 δα-

2327 4872 2567 4939 κνόμενος
2605 4867 2704 4917 ὑπὸ
2772 4869 2930 4937 ὄφεως
2971 4867 3278 4938 προσεχέτω
3320 4867 3489 4935 τούτῳ
3526 4872 3599 4935 τῷ
3667 4868 3796 4936 ὄφει,
3834 4870 3936 4919 καί

2332 4959 2472 5016 σωθὴ
2485 4976 2649 5011 σεται.
2683 4955 2778 5008 Ἦν
2812 4951 2870 5008 δὲ
2900 4955 2925 5007 6
2944 4958 3056 5026 ὄφις
3085 4954 3235 5015 οὗτος
3263 4952 3537 5015 ἀντίτυπος
3557 4961 3648 5007 τοῦ
3672 4960 3931 5029 Κριστοῡ.

2403 5136 2488 5198 ιζ’·
2537 5137 2671 5210 Πρός
2711 5137 2916 5195 τούτοις
2938 5133 3179 5206 λέγουσιν
3227 5134 3292 5194 ὡς
3335 5132 3507 5206 Ὑμεῖς
3536 5134 3583 5186 οἱ
3620 5140 3940 5208 Χριστιανοί

2329 5227 2464 5279 ούτω
2520 5231 2705 5298 τιμᾶτε
2752 5226 2839 5276 τὸν
2890 5225 3136 5298 σταυρὸν,
3181 5224 3350 5284 καθὼς
3406 5224 3510 5296 ἄρα
3563 5228 3653 5275 καί
3693 5226 3780 5276 τὸν
3806 5231 3937 5297 Χρι-

2332 5320 2450 5387 στὸν
2494 5320 2697 5386 τιμᾶτε.
2762 5319 2922 5366 Τοῦτο
2977 5309 3036 5365 δέ
3083 5311 3196 5364 ἐστι
3252 5317 3571 5385 συκοφαντία
3618 5308 3879 5387 πρόδηλος
3916 5332 3932 5346 ·

2331 5406 2355 5457 6
2394 5408 2483 5477 μεν
2514 5405 2614 5476 γὰρ
2643 5405 2873 5477 Χριστός
2903 5408 3119 5474 τιμᾶται
3164 5402 3286 5477 παρ’
3326 5404 3471 5475 ἡμῶν
3511 5404 3578 5465 ὡς
3616 5395 3768 5474 Θεὸς,
3809 5404 3837 5456 6
3869 5401 3933 5489 δξ

648 5580 664 5614 ί
704 5579 871 5636 Joan.
905 5594 963 5647 χ,
995 5578 1204 5650 18,19.
1243 5581 1265 5616 ³
1305 5580 1622 5652 Deut.xx1,
1644 5585 1743 5652 23;
1773 5581 1959 5642 Galat.
1984 5598 2067 5650 ιιι,
2100 5584 2188 5655 13.

2330 5588 2433 5653 ten.
2460 5598 2525 5659 ιι,
2559 5583 2645 5639 17.
2688 5582 2710 5618 ⁴
2750 5583 2896 5647 Gen.
2924 5597 3008 5654 ιιι,
3040 5586 3124 5647 t7.
3168 5582 3191 5620 ⁵
3229 5583 3406 5643 Num.
3437 5598 3554 5657 ιιι,
3588 5584 3639 5667 8τ
