4040 6318
494 286 593 341 123

1824 274 2108 332 meum
2145 255 2515 332 caenum

3755 264 3914 333 1'24

1417 432 3913 456 Mm

1664 628 1972 747 ΤΟΥ
2045 626 2661 746 ΝΙΚΗΤΑ

772 871 961 922 ΤΑΞΙΣ
1002 872 1353 922 ΓΙΝΟΜΕΝΗ
1395 871 1505 920 ΕΠΙ
1543 848 1694 919 ΤΟῙΣ
1733 870 1871 918 ΛΠΟ
1910 866 2321 919 ΣΑΡΑΚΗΝΩΝ
2360 868 2825 925 ΕΠΙΣΤΡΕΦΟΥΣῙ
2868 871 3035 920 ΠΡΟΣ
3073 871 3209 920 ΤΗΝ
3250 873 3568 921 ΚΑΘΑΡΑΝ

1365 942 1479 991 ΚΔῙ
1519 942 1757 992 ΑΛΗΘΗ
1800 943 2021 991 ΠΙΣΤῙΝ
2063 943 2258 991 ΗΜΩΝ
2290 943 2422 990 ΤΩΝ
2465 941 2872 991 ΧΡΙΣΤΙΔΝΩΝ
2900 939 2999 1008 (1).
3412 942 3417 943 ⁷

1921 1244 2005 1339 Ν
2015 1243 2432 1339 ΙΟΕΤλλΕ

573 1461 802 1528 ORDO
877 1462 1025 1537 QUI
1096 1461 1674 1524 OBSERVATUR
1744 1460 2028 1523 SUPER
2098 1459 2214 1520 IIS
2287 1458 2434 1534 QUI
2498 1461 2547 1519 A
2620 1458 3104 1523 SARACENIS
3178 1462 3294 1523 AD
3366 1460 3785 1524 NOSTRAM

816 1542 1541 1606 CHRISTIANORUM
1586 1541 1899 1604 PURAM
1941 1539 2426 1615 VERAMQUE
2475 1539 2740 1603 FIDEM
2788 1540 2889 1602 SE
2935 1541 3530 1605 CONVERTUNT.

1182 1728 1289 1799 (Ex
1320 1726 1621 1799 Sylburgii
1650 1726 2048 1795 Saracenicis,
2080 1725 2269 1781 in-le.
2309 1723 2568 1781 Coloniae
2597 1725 2940 1798 Agrippinae
2980 1728 3164 1797 1595.)

568 2047 832 2105 Primum
860 2049 910 2104 is
938 2049 1044 2122 qui
1088 2047 1167 2105 ad
1210 2054 1435 2105 rectam
1494 2047 1677 2104 ﬁdem
1720 2047 1972 2117 accedit,
1994 2046 2150 2119 jeju-

2334 2050 2743 2121 Προηγουμένως
2793 2050 2884 2119 μὲν
2932 2046 2959 2098 6
2989 2051 3221 2120 προσιὼν
3247 2054 3309 2120 τῇ
3342 2046 3469 2119 ὀρθῇ
3529 2052 3707 2099 πίστει
3764 2068 3890 2106 νη-

498 2140 604 2194 nat
628 2136 707 2192 ad
738 2136 894 2193 duas
929 2139 1322 2210 septimanas,
1354 2136 1725 2210 doceturque
1767 2135 1943 2193 nobis
1973 2152 2010 2192 a
2048 2137 2162 2191 Do-

496 2225 669 2282 mino
703 2230 911 2283 nostro
962 2228 1100 2283 Jesu
1152 2226 1383 2283 Christo
1432 2226 1494 2282 in
1538 2226 1759 2282 divinis
1817 2224 2160 2296 sanctisque

500 2314 829 2383 evangeliis
860 2314 1139 2372 traditam
1186 2315 1616 2387 precationem,
1648 2320 1706 2369 et
1735 2330 1976 2371 sacrum
2019 2306 2160 2370 ﬁdei

495 2402 1095 2475 symbolum.Deinde
1120 2403 1407 2459 sacerdos
1433 2402 1868 2460 sacerdotalem
1896 2402 2010 2458 sibi
2041 2407 2159 2459 sto-

498 2492 623 2549 lam
672 2491 1159 2564 circumponens,
1190 2493 1251 2548 in
1289 2492 1734 2566 baptisterium,
1764 2492 2162 2566 praesentibus

505 2581 688 2637 etiam
720 2580 852 2637 aliis
889 2579 1192 2648 ﬁdelibus,
1218 2586 1517 2654 quotquot
1571 2581 1791 2638 adesse
1844 2580 2162 2648 voluerint,

503 2669 754 2727 arcessit
795 2668 1008 2725 illum:
1077 2674 1134 2727 et
1188 2674 1325 2727 ante
1376 2675 1652 2727 sanctam
1690 2670 1991 2743 piscinam
2020 2686 2159 2726 eum

503 2763 726 2815 retecto
748 2758 941 2832 capite
975 2762 1265 2826 statuens,
1292 2758 1370 2815 ad
1401 2759 1603 2831 ipsum
1637 2760 1749 2816 ait:
1797 2762 1881 2816 Tu
1917 2758 2013 2815 ille
2055 2759 2160 2832 qui

504 2863 541 2903 a
567 2846 884 2905 Saracenis
904 2847 1085 2904 hodie
1107 2847 1185 2903 ad
1208 2847 1680 2904 Christianorum
1701 2849 1883 2905 ﬁdem
1903 2848 2160 2913 accedis,

505 2953 630 2994 non
661 2936 720 2994 vi
750 2935 954 3011 aliqua
979 2936 1069 2993 vel
1120 2937 1498 3009 necessitate,
1531 2953 1730 3010 neque
1773 2937 1914 2994 dolo
1951 2943 2056 2993 aut
2080 2937 2158 2993 si-

508 3025 860 3093 mulatione,
884 3025 988 3081 sed
1014 3030 1137 3082 toto
1167 3025 1397 3095 animo,
1427 3027 1606 3083 corde
1628 3042 1784 3100 puro
1813 3042 1885 3082 ac
1927 3025 2158 3089 sedulo.

504 3115 800 3171 Christum
851 3115 1189 3189 Christique
1237 3115 1424 3172 ﬁdem
1469 3120 1756 3172 amante:
1811 3115 2010 3191 [dic,]
2059 3119 2162 3172 Re-

500 3204 715 3260 nnntio
768 3205 872 3261 toti
933 3205 1369 3261 Saracenorum
1426 3204 1719 3274 religioni,
1770 3204 2162 3261 anathemati-

502 3308 691 3365 zoque
714 3293 1108 3359 Moamedem,
1131 3294 1231 3366 qui
1259 3299 1316 3348 et
1340 3294 1680 3350 Muchumet
1702 3294 1949 3363 dicitur;
1975 3311 2160 3368 quem

503 3381 783 3436 Saraceni
805 3385 870 3436 ut
892 3380 995 3437 Dei
1013 3381 1354 3453 apostolum
1374 3388 1432 3437 et
1452 3383 1813 3455 prophetam
1835 3382 2155 3439 honorant.

502 3469 728 3541 Illoque
758 3469 1140 3537 assentiente,
1182 3470 1519 3543 eademque
1553 3470 1739 3527 verba
1777 3472 2032 3538 dicente,
2065 3473 2159 3528 vel

504 3574 612 3632 per
642 3574 725 3628 se,
755 3557 848 3613 vel
905 3572 1012 3630 per
1063 3559 1468 3630 interpretem,
1503 3561 1551 3615 si
1594 3560 1723 3632 ipse
1767 3563 1964 3616 Graece
1992 3561 2159 3634 loqui

502 3647 749 3713 nesciat,
780 3646 876 3703 vel
896 3662 1003 3719 per
1033 3653 1440 3719 susceptorem
1478 3665 1681 3718 suum,
1714 3650 1763 3704 si
1819 3655 1907 3706 est
1958 3665 2108 3721 puer
2140 3669 2153 3706 :

502 3752 743 3793 rursum
773 3735 1051 3792 sacerdos
1104 3736 1278 3791 infert
1320 3736 1669 3809 sequentia:
1722 3738 2059 3811 iterumque
2091 3738 2158 3796 tit

501 3824 817 3897 responsio
846 3824 918 3881 ad
955 3823 1215 3880 eundem
1264 3825 1541 3882 modum.
1597 3828 1862 3899 Totoque
1913 3828 2155 3883 anathe-

502 3914 787 3970 matismo
809 3912 1129 3986 completo,
1157 3913 1454 3970 diaconus
1487 3913 1588 3981 ait,
1631 3915 1680 3969 A
1709 3916 1955 3971 Domino
1981 3922 2154 3985 peta-

501 4018 675 4058 mus:
719 4009 773 4059 et
802 4002 1087 4075 populus,
1123 4003 1388 4069 Domine,
1438 4003 1739 4071 miserere,
1784 4008 1843 4059 et
1895 4019 2032 4076 qua:
2064 4021 2155 4060 se-

502 4095 748 4162 quntur,
776 4093 840 4147 Et
867 4096 1005 4159 post
1031 4091 1243 4160 Amen,
1270 4108 1409 4147 eum
1462 4092 1706 4161 signans
1760 4092 2046 4162 dimittit;
2101 4098 2157 4150 et

503 4178 599 4235 die
629 4179 982 4250 insequente
1008 4186 1439 4237 annumeratur
1459 4182 1928 4238 catechumenis.

577 4534 650 4603 (1)
677 4532 1011 4588 Catechesis
1040 4532 1155 4589 ista
1187 4534 1618 4589 Saracenorum
1644 4535 1722 4590 ad
1753 4535 2153 4591 Christianam

502 4603 687 4659 ﬁdem
720 4603 1155 4672 accedentium,
1190 4619 1221 4658 e
1277 4620 1398 4658 ms.
1445 4604 1722 4660 Palatinae
1776 4605 2155 4661 bibliothecae

502 4674 658 4730 libro
689 4675 833 4748 satis
882 4680 1080 4748 vetere
1137 4674 1461 4748 desumpta
1501 4682 1628 4748 est:
1680 4676 1740 4748 in
1771 4692 1894 4748 quo
1951 4676 2154 4732 multae

505 4751 645 4801 sunt
664 4745 977 4817 ejusmodi
991 4745 1438 4817 constitutiones
1465 4747 1586 4800 sive
1609 4745 2036 4815 ordinationes,
2060 4764 2156 4802 su-

502 4832 610 4888 per
640 4815 711 4872 iis
734 4816 835 4888 qui
864 4815 942 4872 ab
967 4816 1177 4888 haeresi
1196 4815 1416 4887 aliqua,
1441 4817 1797 4886 gentilismo,
1821 4818 2155 4884 Judaismo,

504 4832 610 4888 per
640 4833 711 4872 ns
734 4832 835 4943 (gn
864 4832 942 4872 an
968 4832 1177 4872 naeresn
1196 4832 1416 4887 aliqua,
1441 4832 1797 4886 genuusmo,
1821 4832 2154 4884 Juaalsmo,

504 4894 561 4944 et
590 4887 761 4944 simili
815 4903 904 4952 us,
938 4888 1015 4942 ad
1056 4887 1447 4959 Christianam
1480 4889 1824 4957 religionem
1875 4906 2001 4945 sese
2050 4904 2154 4959 ag-

504 4965 788 5032 gregant:
840 4974 1036 5032 quam,
1077 4965 1134 5014 et
1172 4958 1382 5032 Nicetes
1433 4960 1735 5032 Choniatze
1783 4958 2155 5032 temporibus

505 5029 632 5102 sub
671 5029 953 5102 Manuelis
1006 5029 1292 5086 Comneni
1341 5030 1595 5102 imperio
1650 5033 1712 5087 in
1770 5029 2151 5099 usu—fuisse,

500 5101 658 5158 infra
687 5101 1018 5157 docebitur.

577 5173 653 5243 (2)
692 5174 832 5227 Post
859 5176 1038 5224 πίστιν
1086 5171 1577 5243 subaudiendum
1622 5172 1756 5243 λέγε,
1810 5172 1905 5228 vel
1960 5173 2154 5229 simile

501 5242 682 5314 quid;
707 5243 995 5298 sacerdos
1017 5243 1176 5298 enim
1197 5242 1293 5297 hic
1313 5242 1882 5314 baptizandoverba
1901 5244 2150 5300 solemni

500 5329 669 5370 m0re
694 5314 883 5371 nrmit.

572 5329 751 5455 ῗέζῗῐξιί
766 5329 1306 5456 1:‘igIristitutionihus
1337 5382 1449 5456 illis
1471 5400 1606 5456 quae
1636 5386 1689 5440 S.
1733 5385 2154 5456 Apostolorum

503 5453 634 5511 esSe
664 5453 1074 5527 perhibentur.
1098 5471 1157 5525 p.
1188 5458 1305 5512 133.
1337 5453 1545 5510 similis
1572 5453 1829 5511 formula
1851 5464 1961 5511 est.
1994 5457 2155 5519 Εὕξα-

504 5529 615 5597 σθε,
683 5528 731 5577 οἱ
783 5528 1193 5597 κατηχούμενοι·
1262 5531 1352 5577 καὶ
1426 5529 1607 5589 πάντες
1670 5530 1718 5579 οἱ
1781 5532 1963 5580 πιστοί
2022 5532 2156 5580 κατά

502 5596 737 5652 διάνοιαν
774 5599 902 5669 ὑπὲρ
924 5596 1111 5650 αὐτῶν
1149 5600 1655 5671 προσευχέσθωσαν,
1685 5598 1931 5670 λέγοντες,
1975 5605 2150 5675 Κυριε,

2272 2138 2440 2189 στεύει
2493 2133 2577 2188 ἐπὶ
2651 2132 2950 2207 ἑϐδομάδας
2988 2132 3106 2206 δύο⁹
3162 2140 3251 2189 καὶ
3290 2131 3607 2190 διδάσκεται
3668 2140 3766 2195 τὴν
3827 2137 3891 2189 ἐν

2267 2232 2378 2287 τοῖς
2437 2226 2594 2287 θείοις
2669 2230 2758 2277 καὶ
2824 2225 2995 2296 ἁγίοις
3067 2224 3399 2297 Εὐαγγελίοις
3470 2221 3892 2300 παραδοθεῖσαν

2269 2318 2393 2387 ἡμῖν
2439 2316 2539 2366 ὑπὸ
2574 2322 2680 2366 τοῦ
2714 2319 2908 2386 Κυρίου
2965 2316 3110 2386 ἡμῶν
3143 2314 3319 2373 Ἰησοῦ
3350 2322 3586 2388 Χριστοῦ
3641 2334 3894 2389 προσευ-

2268 2408 2396 2476 χὴν,
2430 2408 2520 2454 καὶ
2572 2406 2630 2455 τό
2689 2405 2821 2477 ἱερὸν
2868 2410 2963 2463 τῆς
3007 2407 3231 2463 πίστεως
3281 2402 3556 2474 σύμϐολον·
3592 2400 3704 2455 εἶτα
3725 2423 3896 2478 περιο

2268 2494 2530 2563 τιθέμενος
2596 2497 2689 2550 τὴν
2759 2494 3020 2564 ἱερατικὴν
3089 2491 3275 2550 στολὴν
3342 2494 3368 2544 6
3438 2494 3612 2564 ἱερεὺς,
3681 2495 3729 2545 ἐν
3801 2501 3894 2563 τῷ

2272 2580 2666 2653 βαπτιστηρίῳ,
2714 2585 3091 2653 συμπαρόντων
3144 2585 3234 2632 καὶ
3290 2581 3470 2654 ἐτέρων
3521 2589 3721 2634 πιστῶν
3750 2583 3895 2635 ὅσοι

2272 2669 2570 2743 βούλονται,
2623 2670 2989 2743 μετακαλεῖται
3032 2678 3245 2722 τοῦτον*
3280 2675 3368 2722 καὶ
3415 2671 3570 2721 ἱστῶν
3620 2674 3718 2742 πρὸ
3772 2679 3891 2733 τῆς

2270 2758 2419 2829 ἁγίας
2480 2758 2843 2832 κολυμϐήθρας
2903 2758 3314 2831 ἀπερικοίλυπτον
3387 2762 3579 2830 ἔχοντα
3641 2762 3732 2817 τὴν
3792 2779 3891 2812 κιο

2270 2848 2454 2920 φαλὴν,
2488 2853 2618 2920 φησί
2658 2852 2786 2923 πρὸς
2837 2850 3011 2901 αὐτόν·
3043 2848 3101 2899 Ὀ
3150 2845 3296 2901 δεῖνα
3342 2849 3367 2900 6
3426 2847 3526 2900 ἀπό
3558 2855 3887 2921 Σαρακηνῶν

2272 2943 2496 3012 σήμερον
2553 2942 2973 3013 προσερχόμενος
3032 2946 3093 3009 τῇ
3152 2943 3330 2990 πίστει
3368 2945 3468 2989 τῶν
3534 2944 3886 3008 Χριστιανῶν

2269 3026 2362 3078 οὐκ
2390 3029 2446 3078 ἔκ
2477 3046 2609 3087 τινος
2641 3025 2763 3098 βίας
2794 3030 2823 3084 ἤ
2876 3027 3072 3097 ἀνάγκη
3087 3048 3127 3093 ς,
3164 3022 3288 3079 οὐδὲ
3319 3025 3419 3078 ἀπό
3470 3022 3625 3078 δόλου
3679 3027 3708 3084 ἢ
3742 3027 3886 3078 ὑπο-

2269 3120 2507 3189 κρίσεως,
2539 3114 2644 3167 ἀλλ’
2700 3114 2752 3177 ἐξ
2800 3114 2920 3177 ὅλης
2965 3114 3148 3187 ψυχῆς
3204 3120 3291 3167 καὶ
3357 3110 3579 3187 καρδίας
3633 3116 3889 3187 καθαρᾶς

2267 3208 2358 3256 καὶ
2410 3201 2623 3271 ἀδόλου,
2656 3207 2743 3256 τόν
2786 3207 3016 3276 Χριστόν
3076 3202 3367 3274 ἀγαπώσης
3418 3209 3509 3256 καὶ
3556 3207 3651 3262 τὴν
3708 3201 3886 3257 αὐτοῦ

2268 3299 2447 3346 πίστιν
2471 3295 2566 3361 (2).
2628 3293 3028 3364 Ἀποτάσσομαι
3078 3295 3225 3365 πάσῃ
3274 3300 3335 3364 τῇ
3398 3302 3496 3344 τῶν
3557 3300 3884 3365 Σαρακηνώυ

2199 3396 2240 3450 Β
2273 3384 2545 3455 θρησκεία,
2586 3388 2674 3434 καὶ
2732 3380 3097 3454 ἀναθεματίζω
3150 3378 3384 3454 Μωοὲμεδ
3440 3385 3525 3433 τόν
3586 3388 3675 3434 καὶ
3722 3387 3884 3434 Μου-

2267 3474 2488 3542 χούμετ,
2556 3470 2608 3522 ὃν
2688 3470 2736 3522 οἱ
2802 3475 3090 3545 Σαρακηνοὶ
3157 3478 3380 3542 τιμῶσιν
3438 3474 3503 3531 ὡς
3575 3468 3880 3527 ἀπόστολον

2636 3564 2927 3632 προφήτην.
3005 3559 3253 3613 Κάκείνου
3322 3562 3704 3631 συντιθεμένου,
3772 3564 3880 3609 καὶ

2266 3649 2502 3720 λέγοντος
2552 3652 2618 3702 τὰ
2674 3649 2809 3701 αὐτὰ
2849 3650 3063 3723 ῥήματα
3092 3650 3121 3707 ἦ
3185 3645 3257 3701 δι’
3297 3649 3483 3701 ἑαυτοῦ
3526 3649 3555 3707 ἦ
3592 3644 3663 3700 δι’
3711 3647 3883 3722 ἑρμη-

2268 3565 2394 3613 Θεοῦ
2474 3564 2563 3612 καὶ

2267 3744 2409 3800 νέως,
2442 3737 2525 3790 ἐὰν
2553 3738 2709 3799 αὐτὸς
2764 3744 2835 3810 μὴ
2894 3738 3172 3811 Γραικίζη,
3206 3739 3234 3797 ἡ
3294 3734 3387 3790 διὰ
3442 3744 3533 3790 τοῦ
3592 3733 3879 3808 ἀναδόχου

2269 3828 2448 3897 αὐτοῦ,
2497 3828 2539 3880 εἰ
2576 3824 2791 3879 παιδίον
2858 3827 2991 3897 ἐστὶ,
3055 3826 3208 3879 πάλιν
3253 3828 3279 3878 6
3336 3829 3498 3901 ἱερεὺς
3547 3825 3772 3899 ἐπιφέρει
3803 3831 3881 3881 τὰ

2268 3914 2545 3968 ἀκόλουθα·
2575 3920 2665 3967 καὶ
2694 3912 2846 3977 αὖθις
2905 3921 3094 3986 γίνεται
3164 3918 3192 3973 ἡ
3254 3914 3535 3987 ἀπόκρισις
3592 3918 3723 3967 κατὰ
3777 3919 3876 3968 τὸν

2266 4005 2422 4057 αὐτόν
2475 4010 2683 4076 τρόπον.
2740 4010 2839 4057 Καὶ
2899 4013 2989 4056 του
3049 4003 3473 4077 ἁναθεματισμοῡ
3517 4007 3705 4063 παντὸς
3738 4003 3878 4063 πλη-

2263 4097 2536 4167 ρουμένου,
2595 4097 2754 4164 φησὶν
2806 4094 2830 4144 6
2878 4089 3139 4154 διάκονος.
3181 4099 3283 4144 Του
3325 4098 3520 4164 Κυρίου
3581 4088 3876 4162 δεηθῶμεν¹

2264 4188 2355 4234 καί
2412 4183 2437 4233 ό
2469 4181 2612 4247 λαός,
2667 4184 2844 4253 Κύριε,
2879 4180 3119 4238 ἐλέησον·
3180 4187 3268 4232 καί
3325 4184 3387 4233 τὰ
3444 4180 3579 4243 ἑξῆς.
3628 4182 3771 4233 Μετὰ
3811 4177 3879 4233 δὲ

2264 4276 2322 4323 τό
2392 4270 2557 4343 Ἀμην
2619 4270 2921 4341 σφραγίζων
2990 4270 3145 4321 αὐτόν
3207 4268 3436 4321 ἀπολύει·
3497 4274 3587 4320 καί
3641 4276 3703 4341 τῇ
3748 4269 3876 4330 ἑξῆς

2266 4362 2436 4432 ἡμέρᾳ
2469 4361 2866 4431 συναριθμεῖται
2894 4367 3001 4418 τοῖς
3023 4362 3437 4430 κατηχουμένοις

2264 4533 2495 4591 ἐλέησον.
2530 4534 2589 4588 Id
2620 4538 2729 4593 est.
2771 4534 2950 4589 Orate
2980 4533 3411 4598 catechumem’,
3444 4547 3761 4603 omnesque
3799 4534 3873 4600 ﬁ-

2263 4606 2421 4661 deles
2443 4607 2641 4660 animo
2672 4619 2744 4660 ac
2769 4610 2964 4660 mente
2991 4620 3096 4659 sua
3124 4618 3237 4672 pro
3268 4604 3347 4660 eis
3394 4610 3738 4672 precentur,
3773 4604 3862 4657 di-

2264 4682 2482 4746 centes,
2513 4677 2778 4742 Domine,
2804 4678 3100 4746 miserere.
3136 4676 3199 4728 Et
3238 4689 3501 4742 rursum,
3537 4678 3659 4740 134,
3682 4673 3741 4733 b,
3770 4676 3870 4726 Εὖ-

2265 4746 2442 4815 ξασθε,
2473 4748 2521 4797 οἱ
2564 4747 2941 4818 φωτίζόμενοιε
2976 4745 3180 4806 ἐκτενῶς
3218 4747 3267 4796 οἱ
3295 4750 3477 4797 πιστοί
3507 4748 3692 4806 πάντες
3732 4746 3867 4817 ὑπὲρ

2264 4818 2432 4869 αὐτῶν
2487 4816 2926 4891 παρακαλέσωμεν
2961 4834 2972 4845 ·
3042 4818 3181 4877 ὅπως
3229 4818 3255 4866 ό
3314 4818 3503 4890 Κύριος
3555 4816 3864 4889 καταξιωσῃ

2264 4889 2465 4955 αὐτοὺς,
2523 4888 2816 4960 μυηθέντας
2900 4888 2965 4948 εἰς
3016 4906 3099 4939 τον
3162 4888 3253 4939 τοῦ
3335 4888 3566 4960 Χριστοῦ
3621 4890 3864 4960 θάνατον,

2265 4956 2650 5017 συναναστῆναι
2677 4959 2838 5029 αὐτῷ,
2863 4964 2952 5011 καί
3000 4962 3256 5030 μετόχους
3285 4956 3527 5029 γενέσθαι
3562 4968 3655 5018 τῆς
3707 4956 3866 5030 βασις

2260 5030 2401 5091 λείας
2457 5030 2655 5083 αὐτοῦ·
2707 5035 2796 5081 καί
2852 5033 3119 5089 κοινωνοὺς
3169 5037 3270 5081 τῶν
3329 5034 3635 5104 μυστηρίων
3677 5029 3862 5100 αὖ·ιόιῖ9

2263 5101 2427 5174 ἐνώση
2459 5107 2550 5174 καί
2595 5100 2976 5174 συγκαταλέξηΔ
3001 5100 3187 5162 αὐτοὺς
3230 5100 3362 5172 μετὰ
3409 5100 3520 5152 τῶν
3553 5100 3864 5174 σωζομένων

2263 5173 2310 5225 ἐν
2345 5171 2413 5244 τῇ
2465 5173 2589 5244 ἁγίᾳ
2632 5171 2793 5223 αὐτοῦ
2844 5171 3145 5243 Ἐκκλησία.
3204 5171 3374 5224 Σῶσον
3428 5176 3518 5224 καί
3559 5171 3867 5229 ἀναστησον

2262 5231 2452 5325 αὐτοὺς
2654 5250 2719 5324 σῇ
2752 5245 2961 5325 χαριτι.
2998 5242 3058 5324 Id
3091 5230 3198 5303 est,
3241 5243 3441 5325 Orate,
3470 5244 3866 5325 iliuminandi

2262 5316 2351 5385 (h.
2392 5331 2446 5370 e.
2505 5314 2905 5386 baptizandi):
2957 5316 3130 5370 enixe
3158 5329 3353 5369 omnes
3399 5314 3604 5386 ﬁdeles
3631 5330 3742 5383 pro
3777 5316 3865 5370 eis

2261 5385 2650 5449 Obsecremus,
2682 5391 2747 5441 ut
2777 5386 3066 5440 Dominus
3091 5400 3185 5440 eos
3215 5387 3277 5439 in
3334 5385 3562 5439 Christi
3611 5391 3859 5441 mortem

2262 5460 2557 5523 initiatos,
2590 5473 2722 5512 cum
2765 5458 2963 5512 eodem
2983 5471 3303 5526 resurgere,
3338 5458 3629 5523 regnique
3670 5458 3861 5522 ipsius

2261 5530 2585 5598 participes
2599 5530 2733 5596 ﬁeri
2743 5528 3045 5598 dignetur;
3067 5529 3197 5584 etin
3215 5529 3684 5584 communionem
3703 5544 3861 5599 mys-

2261 5601 2545 5659 teriorum
2573 5600 2757 5672 ipsius
2787 5606 3068 5668 receptos,
3096 5600 3267 5656 uniat
3291 5605 3473 5670 atque
3500 5606 3858 5657 annumeret
