4040 6318
218 426 289 486 29
1538 425 1887 490 THESAURI

184 571 293 608 ται.
365 552 764 628 ’Δναθεματίξω
839 557 958 620 τοὺς
1023 556 1433 631 ὀνομαζομένους
1509 559 1654 632 παρὰ
1708 564 1800 610 τοῦ
1830 558 1879 612 Α

184 638 435 716 διε-ιαμ.εό
499 642 775 716 ἀγγέλους,
829 651 917 699 τόν
977 665 1032 700 τε
1065 647 1237 724 Ἀρῶθ
1293 652 1383 701 καὶ
1440 651 1526 701 τὸν
1583 649 1804 723 Μαρὼθ,

185 737 277 785 καὶ
334 735 433 786 τὸν
467 737 658 809 Τζάφα
707 739 915 789 καὶτὸν
956 741 1176 812 Μαρούα
1201 753 1217 769 ⁸
1259 737 1349 802 οὓς
1395 737 1451 792 ἐκ
1488 746 1588 791 τῶν
1643 736 1802 791 σεϐα-

188 825 362 894 σμίων
406 819 544 901 εἶναι
596 832 688 877 τοῦ
748 832 883 879 Θεοῦ
932 830 1258 902 τερατεύεται
1291 849 1304 862 '
1339 832 1472 902 πρὸς
1503 830 1704 890 τούτοις
1746 823 1806 880 δε

183 917 277 963 καὶ
353 916 487 975 τοὺς
563 914 943 987 μυθευομένους
1006 915 1093 968 ὑπ’
1160 916 1324 969 αὐτοὺ
1376 922 1642 990 προφήτας
1715 920 1805 969 καὶ

183 997 548 1066 ἆποστόλους,
583 1004 747 1054 εἶτουν
776 1005 863 1055 τόν
904 999 1053 1057 Χοὺδ
1082 1011 1171 1058 καὶ
1223 1005 1418 1067 Τζαλετ
1449 1007 1479 1065 ᾖ
1513 1004 1680 1078 Σάλεχ
1704 1008 1801 1077 (8),

182 1093 277 1142 καὶ
323 1091 422 1141 τόν
477 1092 674 1142 Συνάῑπ
722 1096 813 1144 καὶ
868 1095 954 1145 τὸν
989 1090 1203 1169 Ἐδρῆς,
1244 1100 1335 1147 καὶ
1371 1098 1458 1147 τὸν
1498 1093 1806 1167 Δουαλκιφὶλ

180 1181 277 1229 καὶ
346 1181 442 1230 τὸν
497 1181 734 1252 Λοκμοὶν.
775 1181 1167 1255 Ἀναθεματίζω
1223 1187 1400 1246 πασας
1455 1187 1547 1247 τὰς
1602 1203 1805 1259 μαρτυ-

181 1269 302 1339 ρίας
339 1274 444 1319 τοῦ
499 1265 755 1342 Μωαμεδ,
789 1270 919 1333 ὅσας
948 1269 1003 1323 ix
1040 1279 1131 1334 τῆς
1186 1272 1407 1335 παλαιᾶς
1456 1270 1613 1333 δῆθεν
1666 1280 1804 1348 Γρα-

183 1351 303 1425 ﬁ:
341 1356 453 1427 (9),
500 1353 831 1430 διαστρέφων
868 1358 1029 1419 αὐτὴν
1080 1366 1171 1414 καὶ
1215 1363 1454 1431 νοθεύων,
1513 1367 1603 1416 καὶ
1640 1368 1807 1438 μυρία

180 1440 657 1517 καταψευδόμενος
712 1455 804 1499 τοῦ
842 1454 955 1501 Νῶε
1009 1454 1100 1502 καὶ
1154 1449 1413 1526 Ἀϐραὰμ,
1474 1457 1565 1505 καὶ
1622 1452 1804 1506 Ἰσαὰκ

180 1537 276 1584 καὶ
338 1533 558 1603 Ἰακὼϐ,
609 1539 701 1587 καὶ
749 1536 943 1610 Ἰωσὴφ
989 1544 1079 1592 καὶ
1122 1539 1260 1604 Ἰὼϐ,
1312 1547 1402 1595 καὶ
1453 1546 1684 1605 Μωσέως
1719 1545 1807 1595 καὶ

186 1626 402 1694 Δαρὼν,
459 1627 551 1675 καὶ
612 1620 782 1677 Δαϐἱδ
838 1630 930 1679 καὶ
970 1627 1309 1702 Σολομῶντος,
1374 1636 1466 1685 καὶ
1515 1630 1665 1685 Ἠλία
1717 1636 1807 1685 καὶ

187 1708 362 1777 Ἰωνᾶ,
397 1717 493 1763 καὶ
541 1719 814 1787 Ζαχαρίου
869 1723 962 1767 τοῦ
1017 1722 1215 1794 πατρὸς
1245 1719 1504 1775 Ἰωάννου.
1530 1720 1647 1775 Ἔτι
1687 1720 1806 1774 ἀνα-

187 1799 467 1870 θεματίζω
495 1801 598 1853 ὅσα
626 1802 931 1875 φυσιολογεῖ
960 1802 1244 1881 βαρϐάρως
1295 1814 1386 1862 καὶ
1435 1808 1647 1882 ἀμαθῶς
1686 1814 1805 1885 περὶ

184 1905 241 1939 τι
300 1895 408 1940 τῶν
464 1887 629 1941 ἄλλων
692 1900 785 1944 τοῦ
848 1900 982 1946 Θεοῦ
1027 1901 1353 1969 ποιημάτων,
1393 1903 1484 1951 καὶ
1536 1903 1654 1974 περὶ
1714 1906 1806 1952 τοῦ
1831 1910 1878 1967 Β

186 1974 343 2034 ἡλίου
406 1983 502 2029 καὶ
551 1986 640 2039 τῆς
698 1979 935 2051 σελήνης,
985 1982 1144 2055 λέγων
1184 1984 1372 2049 αὐτοὺς
1428 1986 1808 2063 καϐαλλαρίους

189 2061 346 2120 εἶναι.
391 2064 790 2141 Ἀναθεματίζω
844 2074 937 2129 τὴν
979 2075 1123 2146 παρὰ
1160 2081 1270 2137 τοῖς
1308 2083 1627 2151 Σαρακηνοίς
1674 2076 1808 2131 ἁπό-

186 2172 391 2227 κρυφον
462 2151 821 2210 διδασκαλίαν
878 2164 967 2212 καὶ
1022 2163 1317 2235 ὑπόσχεσιν
1377 2174 1470 2219 τοῦ
1524 2162 1759 2240 Μωάμεδ
1790 2181 1807 2197 ⁸

189 2245 314 2305 ἥτις
352 2248 491 2315 φησὶ
554 2241 869 2319 κλειδοῦχον
925 2248 1077 2309 αιὶτὸν
1127 2255 1445 2323 γενήσεσθαι
1496 2263 1589 2308 τοῦ
1636 2274 1808 2328 παρα-

191 2326 408 2401 δείσου,
459 2336 553 2384 καὶ
604 2333 829 2399 εἰσάξειν
876 2339 965 2409 μὲν
1008 2336 1057 2389 έν
1107 2342 1273 2413 τούτῳ
1313 2339 1673 2416 ἑϐδομήκοντα
1723 2364 1813 2417 χι·

186 2417 383 2481 λιοίδας
458 2428 767 2497 Σαρακηνῶν
844 2422 1081 2495 δικαίων,
1152 2434 1272 2492 τοὺς
1351 2428 1410 2485 δε
1471 2432 1812 2509 ἁμαρτωλοὺς

190 2511 557 2581 κριθήσεσθαι
595 2515 739 2585 παρὰ
786 2522 877 2566 τοῦ
909 2523 1041 2568 Θεοῦ
1076 2537 1088 2551 ·
1129 2523 1219 2571 καὶ
1261 2525 1543 2574 πιττακίων
1581 2522 1655 2584 εἰς
1696 2526 1814 2585 τοὺς

190 2597 510 2672 τραχήλους
578 2601 746 2653 αὐτῶν
814 2606 1224 2678 περι-τιθεμένων,
1292 2609 1455 2672 οὕτως
1535 2611 1815 2668 εἰσελεύσε-

203 2688 335 2738 σθαι
388 2692 484 2741 καὶ
532 2693 749 2753 τούτους
787 2692 862 2755 εἰς
904 2697 990 2745 τόν
1018 2692 1364 2769 παράδεισον,
1406 2698 1819 2775 ὀνομαζομένους

204 2773 593 2851 ἀπελευθέρομς
652 2779 908 2855 Meonian}.
964 2782 1354 2857 Ἀναθεματιζω
1415 2791 1528 2862 (i0)
1585 2773 1676 2853 τὰς
1730 2810 1819 2845 νο·-

197 2866 467 2937 μοθεσίας
509 2875 602 2920 τοῦ
644 2868 901 2943 Μωάμεδ,
954 2875 1043 2935 τὰς
1098 2880 1216 2950 περὶ
1261 2879 1442 2950 γάμων
1498 2885 1588 2934 καὶ
1626 2879 1819 2943 λύσεως

196 2958 413 3027 γάμων,
492 2962 583 3009 καὶ
652 2960 986 3034 καθαρισμοῦ
1069 2971 1455 3039 μοιχευομένων
1532 2978 1814 3040 γυναικῶν,

198 3048 292 3096 καὶ
355 3043 587 3118 ἀριθμοῦ
624 3058 886 3120 γυναικῶν
923 3056 1013 3104 καὶ
1076 3052 1410 3108 παλλακίδων
1439 3073 1452 3087 ⁸
1520 3063 1610 3113 καὶ
1646 3062 1817 3113 πάντα

199 3136 269 3185 τά
322 3138 450 3209 περὶ
476 3138 723 3188 τοιούτων
781 3136 1055 3213 ἀκάθαρτα
1102 3138 1430 3217 διδάγματα.
1472 3145 1815 3220 ’Δναθεματί-

203 3220 282 3281 ξω
322 3225 418 3279 τὴν
474 3231 563 3275 τοῦ
617 3224 856 3299 Μωάμεδ
886 3226 1228 3303 βλασφημίαν
1274 3238 1368 3292 τὴν
1419 3234 1671 3307 λέγουσαν
1736 3240 1813 3291 ὅτι
1855 3267 1896 3324 C

200 3309 228 3361 ὁ
272 3314 433 3377 Θεὸς,
490 3310 545 3365 ὃν
598 3312 748 3381 ϐέλει,
806 3315 976 3388 πλανᾲ
1007 3336 1021 3351 ο
1076 3325 1166 3373 καὶ
1212 3319 1265 3373 ὃν
1306 3321 1454 3389 θέλει,
1502 3321 1691 3396 ὁδηγεῖ
1746 3326 1817 3390 εἰς

206 3397 412 3470 ἀγαθόν
442 3420 456 3434 ο
509 3406 600 3454 καὶ
655 3404 735 3456 ὅτι
774 3406 801 3456 ὁ
851 3409 981 3468 Θεὸς
1036 3408 1231 3476 ἤθελεν,
1292 3410 1386 3463 οὐκ
1429 3411 1491 3463 ἄν
1539 3411 1817 3487 ἐπολέμουν

208 3484 461 3551 ἀλληλοις
506 3491 557 3542 οἱ
607 3491 872 3564 ἅνθρωποι
900 3514 914 3528 ο
971 3492 1081 3547 ἀλλ’
1118 3497 1276 3560 αὐτὸς
1320 3508 1453 3553 ποιεῖ
1504 3503 1626 3575 ὅπερ
1682 3501 1818 3576 βού-

206 3574 359 3630 λεται
392 3592 407 3605 ·
451 3582 540 3631 καὶ
594 3584 781 3643 παντὸς
814 3581 1013 3654 ἀγαθοῦ
1052 3590 1142 3639 καὶ
1187 3596 1415 3663 πονηροῦ
1445 3593 1613 3652 αῖτιος
1664 3592 1818 3654 αὐτὸς

208 3664 333 3719 ἑστι
366 3687 381 3700 ·
430 3672 523 3720 καὶ
551 3672 694 3740 τύχη
724 3675 815 3723 καὶ
847 3673 1125 3747 εἱμαρμένη
1175 3679 1378 3729 πάντων
1430 3687 1628 3753 κρατεῖ.
1665 3680 1820 3734 Ἀνα-

212 3757 488 3827 θεματίζω
533 3761 627 3816 τὴν
674 3767 766 3812 τοῦ
808 3759 1044 3835 Meurig.er
1101 3763 1374 3840 φλυαρίαν,
1413 3772 1507 3827 τὴν
1568 3768 1821 3841 λέγουσαν

208 3845 295 3897 ὅτι
327 3846 355 3897 ὁ
414 3846 603 3920 Κύριος
643 3853 733 3901 καὶ
776 3853 907 3911 Θεὸς
956 3851 1162 3915 Ἰησοῦς
1208 3855 1234 3906 ὀ
1286 3859 1515 3928 Χριστὸς
1564 3855 1664 3911 ἀπο
1704 3865 1819 3912 Μα-

207 3940 334 4005 ρίας
393 3942 490 3997 τῆς
555 3933 783 4010 ἀδελφῆς
843 3948 935 3993 τοῦ
998 3947 1222 4005 Μωσέως
1277 3950 1366 3998 καὶ
1430 3946 1625 4019 ’Λαρὼν
1682 3947 1821 4021 ἐγεν-

205 4025 346 4081 νὲθη
388 4024 511 4075 ἄνευ
558 4032 757 4099 σπορᾶς
802 4026 858 4080 ἐκ
898 4037 991 4081 τοῦ
1027 4035 1202 4103 Λόγου
1259 4040 1349 4086 τοῦ
1399 4042 1532 4087 Θεοῦ
1586 4042 1676 4090 καὶ
1728 4046 1820 4091 τοῦ

208 4114 513 4184 Πνεῦματος
540 4130 556 4143 ⁸
609 4120 700 4167 καί
765 4118 840 4169 ἔτι
890 4123 1073 4182 νήπιος
1131 4121 1220 4191 ὢν,
1270 4125 1476 4175 πετεινὰ
1541 4123 1596 4176 ἔκ
1652 4125 1820 4184 πηλοῦ

206 4199 597 4276 ἑπλαστούργει
625 4218 637 4232 ’
700 4210 789 4258 καὶ
837 4204 1097 4280 ἐμφυσῶν,
1133 4209 1293 4265 ἐποίει
1357 4210 1495 4265 αὐτὰ
1535 4216 1644 4277 ζῶα
1677 4236 1689 4248 ·
1730 4221 1820 4269 καὶ

203 4288 435 4361 τυφλοὺς
472 4289 603 4356 ἰᾶτο,
660 4298 752 4346 καὶ
799 4300 1012 4370 νεκροὺς
1057 4301 1234 4374 ἤγειρε
1268 4321 1281 4333 ·
1340 4304 1431 4352 καὶ
1488 4303 1569 4354 ὃτι
1620 4302 1675 4355 ἐκ
1712 4322 1820 4357 πα-

203 4377 511 4452 ρακλήσεως
566 4388 666 4433 τῶν
714 4380 1012 4437 ἀποστόλων
1079 4387 1312 4460 ᾐτήσατο
1368 4392 1455 4441 τὸν
1521 4394 1670 4459 Θεὸν,
1730 4399 1820 4447 καὶ

202 4474 524 4538 κατήνεγκεν
563 4467 620 4520 ix
666 4478 759 4523 τοῦ
817 4473 1035 4549 οὐρανοῦ
1082 4478 1363 4551 τράπεζαν,
1409 4485 1500 4532 καὶ
1556 4479 1820 4555 ἐξέθρεψεν

206 4556 407 4618 αὐτούς
442 4576 457 4589 ·
517 4564 608 4612 καὶ
653 4561 735 4612 ὅτι
772 4564 892 4615 οὔτε
930 4561 1258 4640 έσταυρώθη,
1313 4570 1431 4620 οὔτε
1485 4572 1623 4621 κατά
1694 4569 1820 4629 ἀλή-

210 4647 354 4698 θειαν
386 4643 639 4700 ἀπέθανεν
679 4651 750 4711 ὡς
794 4652 1065 4727 ἄνθρωπος
1096 4670 1110 4684 ⁸
1166 4653 1295 4709 ἀλλὰ
1343 4660 1480 4709 κατὰ
1533 4665 1820 4731 φαντασίαν

210 4740 375 4806 μόνην
434 4743 606 4790 ταῦτα
650 4743 794 4812 παρὰ
844 4749 943 4793 τῶν
989 4741 1237 4817 Ἐϐραίων
1298 4746 1499 4805 ὑπέστη
1531 4764 1546 4780 °
1616 4752 1702 4801 καὶ
1740 4751 1822 4802 ὃτι

210 4821 492 4897 ἐρωτηθεὶς
544 4829 692 4900 παρά
731 4836 824 4881 τοῦ
882 4837 1037 4902 Θεοῦ,
1078 4831 1122 4885 εἰ
1168 4833 1432 4907 ὠνόμασεν
1472 4834 1652 4889 ἑαυτὸν
1693 4841 1822 4891 Θεὸν

211 4909 262 4963 ἐν
296 4920 373 4983 τῷ
430 4918 638 4987 κόσμῳ,
697 4916 984 4990 ἠρνήσατο,
1050 4920 1206 4993 λέγων
1253 4925 1334 4976 ὃτι
1400 4927 1468 4977 Σὺ
1519 4927 1688 4979 πάντα
1742 4946 1824 4999 γι-

210 5006 429 5065 νώσκεις
468 5009 561 5057 καὶ
609 5001 762 5069 οἶδας
801 5008 897 5060 οὐκ
949 5011 1025 5062 ὅτι
1072 5010 1167 5064 οὐκ
1191 5010 1442 5086 ὠνόμασα
1489 5014 1667 5069 ἑαυτὸν
1694 5020 1824 5069 Θεὸν

213 5089 243 5146 ἦ
283 5093 403 5143 Υἰὸν
447 5109 545 5145 σου
576 5110 592 5123 ·
636 5090 823 5159 δοῦλος
870 5100 972 5174 γάρ
1024 5103 1120 5152 σού
1159 5101 1286 5175 εἰμι,
1353 5109 1445 5156 καὶ
1506 5104 1613 5177 οὐχ
1670 5105 1825 5181 ὑπερ-

214 5183 535 5254 ηφανεύομαε
618 5192 769 5238 τοῦτο
869 5187 1167 5249 καλεῖσθαι.
1242 5191 1636 5265 Ἀναθεματίζω
1727 5199 1824 5253 τὴν

213 5262 455 5342 διδαχὴν
510 5279 605 5324 τοῦ
665 5273 921 5350 Μωάμεδ,
973 5283 1066 5338 τὴν
1115 5279 1367 5353 λέγουσαν
1423 5262 1496 5355 μὴ
1553 5279 1681 5335 εἶναι
1735 5286 1824 5336 τόν

216 5362 439 5429 Χριστόν
496 5362 619 5414 Υίὸν
667 5370 758 5416 τοῦ
810 5369 957 5440 Θεοῦ,
1011 5365 1121 5420 ἀλλ’
1161 5368 1448 5423 ἀπόστολον
1484 5375 1575 5425 καὶ
1612 5376 1822 5445 προφή-

214 5461 343 5503 τηνο
382 5450 575 5503 καθότι
605 5453 816 5525 (φησὶν)
856 5457 882 5508 ὁ
942 5460 1070 5521 Θεὸς
1119 5462 1358 5513 κοινωνὸν
1413 5459 1508 5513 οὐκ
1546 5463 1660 5534 ἔχει
1688 5478 1701 5490 ·
1732 5465 1823 5514 καὶ

1852 4615 1897 4671 D

215 5607 476 5738 magna
504 5613 820 5688 prophetis
848 5615 977 5683 istis
1007 5623 1067 5677 et
1094 5620 1379 5692 apostolis
1417 5620 1555 5679 vide
1588 5588 1821 5695 'Euthyo

216 5752 221 5757 ’
284 5753 357 5825 (9)
384 5756 522 5813 Post
540 5751 758 5834 Γραφῆς
773 5757 1147 5821 desideratur
1175 5742 1502 5839 προφέρεται,
1521 5767 1625 5824 aut
1654 5758 1821 5824 aliud

1924 425 2053 488 LIB.
2095 433 2203 490 XX.
3456 438 3563 496 130

1908 560 2132 615 nantur
2159 554 2377 629 angeli,
2408 554 2593 612 Aroth
2622 555 2679 611 et
2707 551 2953 623 Maroth,
2984 554 3222 628 Tzapha
3251 558 3308 614 et
3326 560 3558 618 Marua:

1908 659 2063 717 quos
2094 645 2156 703 in
2186 643 2631 719 venerabilibus
2665 644 2780 699 Deo
2802 657 2931 699 esse
2957 643 3304 716 prodigiose
3328 647 3562 707 fabula-

1909 736 2023 788 tur.
2047 733 2272 791 Adhmc
2293 733 2477 791 etiam
2503 748 2607 789 eos
2637 732 2741 803 qui
2769 730 3047 787 fabulose
3076 731 3155 790 ab
3192 733 3297 791 illo
3343 737 3557 808 pradi-

1910 829 2125 880 cantur
2184 823 2494 897 prophetae
2552 826 2734 894 atque
2791 820 3066 894 apostoli,
3123 838 3346 897 nempe
3390 826 3563 883 Chud

1910 914 1968 966 et
2025 910 2219 968 Tzalet
2268 912 2391 967 sive
2442 908 2673 976 Salech,
2727 909 2869 965 item
2927 909 3152 982 Synaip
3204 916 3260 967 et
3316 913 3558 980 Hedres,

1911 997 2252 1072 Dualkiphil
2281 1005 2340 1056 et
2370 1001 2652 1057 Locman.
2684 997 3134 1055 Analhematizo
3173 1001 3378 1058 omnia
3412 1004 3562 1060 Moa-

1908 1089 2103 1147 medis
2133 1089 2498 1158 testimonia,
2542 1093 2839 1162 quotquot
2885 1104 2916 1143 e
2960 1088 3174 1145 veteris
3202 1092 3562 1150 'l‘estamenti

1910 1179 2215 1253 Scriptura
2244 1181 2409 1250 citat,
2434 1184 2782 1252 pervertens
2807 1193 2944 1234 eam
2975 1184 3156 1251 atque
3188 1179 3557 1255 adulterans,

1909 1273 1968 1326 et
2017 1270 2339 1326 innumera
2390 1284 2686 1342 spargens
2723 1266 3044 1324 mendacia
3092 1268 3167 1324 de
3213 1272 3351 1340 Noe,
3381 1271 3563 1329 Abra-

1910 1357 2120 1431 hamo,
2156 1358 2382 1429 lsaaco,
2423 1357 2670 1427 Jacobo,
2699 1355 2979 1429 Josepho,
3006 1355 3174 1429 Jobo,
3218 1360 3397 1429 Mose,
3454 1364 3564 1419 Aa-

1909 1463 2076 1520 rone,
2133 1448 2374 1516 Davide,
2416 1446 2758 1516 Solomone,
2808 1447 2950 1516 Elia,
2983 1445 3156 1518 Jona,
3192 1454 3249 1503 et
3278 1449 3565 1506 Zacharia

1909 1536 2155 1593 Joannis
2196 1541 2388 1609 patre.
2434 1536 2888 1592 Anathematizo
2940 1535 3122 1591 etiam
3169 1536 3379 1593 omnia
3428 1554 3564 1611 quae

1909 1624 2178 1682 barbara
2227 1624 2561 1697 inscitaque
2594 1623 2975 1697 physiologia
3004 1630 3064 1679 et
3089 1622 3164 1678 de
3205 1625 3430 1681 caeteris
3463 1628 3565 1683 Dei

1912 1714 2199 1772 creaturis
2222 1718 2277 1770 et
2307 1713 2384 1769 de
2422 1713 2547 1770 sole
2577 1729 2648 1771 ac
2676 1712 2823 1769 luna
2853 1711 3177 1783 fabulatur,
3210 1712 3566 1771 caballarios

1911 1818 2015 1861 eos
2045 1819 2174 1859 esse
2203 1802 2430 1860 dicens.
2473 1802 2923 1859 Anathematizo
2952 1802 3371 1875 apocrypham
3399 1803 3566 1861 illam

1913 1891 2075 1965 apud
2103 1892 2433 1950 Saracenos
2463 1890 2801 1947 doctrinam
2827 1896 2884 1948 et
2908 1890 3376 1963 promissionem
3402 1895 3565 1950 Moa-

1914 1981 2154 2038 medis:
2209 1997 2347 2055 quae
2397 1980 2540 2037 dicit
2586 1997 2726 2037 eum
2781 1979 3053 2036 futurum
3108 1996 3237 2036 esse
3298 1982 3569 2053 paradisi

1915 2070 2306 2143 clavigerum,
2356 2074 2414 2126 et
2455 2068 2515 2125 in
2567 2085 2708 2125 eum
2755 2068 3240 2129 introduclurum
3278 2085 3407 2126 esse
3437 2086 3569 2143 sep-

1914 2161 2186 2232 tuaginta
2212 2158 2402 2215 millia
2431 2160 2868 2216 Saracenorum
2893 2158 3192 2229 justorum
3226 2174 3240 2212 :
3272 2164 3333 2215 at
3354 2174 3567 2231 pecca-

1915 2255 2075 2308 tores
2100 2264 2138 2306 a
2173 2246 2655 2319 Deojudicatum
2682 2247 2792 2317 iri;
2839 2246 3247 2319 appensisque
3298 2246 3379 2303 ad
3416 2246 3569 2305 colla

1917 2354 2130 2397 eorum
2171 2337 2450 2410 pittaciis,
2481 2336 2567 2393 ita
2597 2341 2656 2392 et
2681 2334 2853 2408 ipsos
2900 2336 2961 2391 in
3004 2334 3355 2408 paradisum
3384 2336 3569 2393 intra-

1919 2433 2089 2485 turos
2118 2441 2268 2489 esse,
2301 2441 2373 2482 ac
2396 2423 2723 2481 Moamedis
2752 2424 2996 2481 libertos
3048 2424 3426 2481 nominatum
3474 2424 3567 2481 iri.

1919 2514 2368 2574 Anathematizo
2379 2513 2541 2585 leges
2553 2529 2589 2570 a
2600 2512 3073 2571 Moamedelatas
3087 2513 3160 2568 de
3173 2512 3570 2570 matrimoniis

1920 2610 1979 2663 et
1997 2603 2522 2662 matrimoniorum
2547 2601 2861 2669 solutione,
2884 2601 2960 2657 de
2980 2601 3414 2658 mmchantium
3444 2619 3573 2657 mu-

1919 2693 2134 2751 lierum
2157 2691 2595 2766 puriﬁcatione,
2630 2690 2705 2746 de
2759 2705 3015 2747 uxorum
3045 2696 3102 2747 et
3137 2689 3416 2763 pellicum
3448 2706 3567 2745 nu-

1921 2798 2112 2852 mero,
2145 2794 2512 2852 omnemque
2564 2777 2641 2835 de
2690 2778 2907 2836 talibus
2936 2779 3241 2851 impuram
3289 2782 3418 2849 ejus
3467 2778 3570 2834 do-

1922 2872 2198 2929 ctrinam.
2260 2868 2709 2926 Anathematizo
2754 2868 3079 2926 Moamedis
3124 2868 3574 2940 blasphemiam

1923 2976 2061 3034 qua;
2085 2958 2228 3015 dicit
2248 2960 2458 3026 Deum,
2480 2972 2663 3029 quem
2688 2956 2833 3023 vult,
2863 2956 2924 3012 in
2951 2971 3215 3012 errorem
3244 2955 3575 3028 impellere,

1922 3055 1980 3107 et
1998 3064 2182 3123 quem
2210 3046 2352 3113 vult,
2368 3046 2430 3102 in
2445 3045 2672 3103 bonam
2698 3045 2855 3101 viam
2881 3044 3211 3113 deducere;
3239 3050 3315 3114 et,
3344 3046 3392 3101 si
3419 3048 3574 3102 Deus

1921 3138 2115 3205 vellet,
2146 3152 2271 3193 non
2320 3135 2473 3192 inter
2525 3150 2589 3190 se
2617 3132 2947 3190 bellaturos
2976 3149 3107 3189 esse
3136 3133 3434 3205 homines,
3471 3135 3576 3191 sed

1921 3227 2126 3301 ipsum
2154 3224 2353 3281 facere
2374 3223 2542 3298 quod
2566 3222 2713 3294 vult,
2754 3222 3075 3295 omnisque
3094 3222 3239 3279 boni
3266 3223 3485 3295 pariter
3523 3231 3580 3282 et

1924 3315 2069 3373 mali
2094 3319 2405 3371 auctorem
2452 3313 2654 3385 ipsum
2683 3327 2839 3382 esse,
2870 3316 2999 3369 tum
3028 3310 3335 3369 fortunam
3374 3317 3432 3368 et
3486 3313 3579 3371 fa-

1924 3410 2055 3461 tum
2078 3402 2345 3461 obtinere
2372 3401 2435 3458 in
2465 3401 3227 3458 omnibus.Anathematizo
3256 3400 3582 3458 Moamedis

1925 3493 2265 3552 futilitatem
2293 3507 2431 3564 quae
2461 3490 2604 3547 dicit
2623 3489 2945 3546 Dominum
2964 3491 3274 3563 Deumque
3303 3497 3580 3547 nostrum

1927 3584 2135 3640 Jesum
2163 3581 2481 3651 Christum,
2516 3586 2577 3635 ct
2602 3579 2785 3637 Maria
2810 3579 2983 3637 Mosis
3015 3585 3072 3636 et
3098 3580 3349 3636 Aaronis
3378 3596 3583 3647 sorore

1928 3672 2163 3745 absque
2193 3670 2420 3727 semine
2445 3674 2656 3726 natum
2686 3684 2835 3740 esse,
2853 3666 3263 3742 [conceptum]
3291 3669 3366 3725 de
3396 3670 3584 3729 Verbo

1930 3777 2001 3819 ac
2028 3760 2245 3833 Spiritu
2270 3759 2400 3815 Dei:
2425 3764 2484 3815 et
2514 3774 2652 3814 cum
2675 3758 2876 3815 adhuc
2896 3757 3089 3814 infans
3112 3763 3287 3825 esset,
3309 3758 3584 3815 volucres

1931 3865 1962 3907 e
1985 3849 2113 3906 luto
2150 3848 2413 3915 tinxisse,
2436 3845 2768 3918 inﬂatuque
2798 3863 2908 3902 suo
2939 3846 3277 3903 animantes
3320 3862 3423 3903 eas
3446 3847 3582 3903 red-

1930 3938 2177 4005 didisse,
2206 3936 2313 3993 sed
2359 3941 2416 3992 et
2445 3950 2637 3992 caecos
2666 3951 2939 4004 sanasse,
2970 3941 3242 3991 mortuos
3268 3934 3581 4001 excitasse,

1931 4027 2465 4101 apostolorumque
2492 4028 2712 4093 rogatu
2761 4039 2798 4079 a
2824 4027 2944 4080 Deo
2974 4023 3233 4095 petiisse,
3266 4028 3323 4079 et
3370 4039 3584 4083 mensa

1931 4133 1963 4172 e
1992 4116 2156 4172 ccelis
2187 4113 2447 4170 deducta
2477 4128 2580 4169 eos
2611 4112 2849 4176 aluisse,
2873 4127 3071 4184 neque
3096 4110 3447 4181 cruciﬁxum
3479 4119 3584 4169 aut

1929 4220 2140 4262 revera
2170 4209 2477 4260 mortuum
2506 4217 2636 4257 esse
2665 4205 2727 4257 ut
2761 4200 3204 4267 hominem,sed
3226 4201 3581 4274 imaginarie

1930 4292 2316 4351 solummodo
2344 4290 2476 4346 haec
2504 4294 2584 4346 ab
2630 4289 2890 4347 Hebrteis
2918 4305 3170 4362 passum
3198 4306 3332 4346 esse
3363 4304 3375 4343 :
3409 4295 3465 4346 et
3491 4291 3579 4346 in-

1929 4388 2297 4453 terrogatum
2315 4397 2351 4436 a
2373 4382 2492 4435 Deo
2514 4394 2593 4436 an
2613 4394 2675 4435 se
2691 4382 2880 4436 Deum
2899 4379 2958 4435 in
2984 4378 3217 4435 mundo
3232 4379 3579 4444 nominarit,

1928 4487 2203 4545 negasse,
2236 4487 2305 4527 ac
2334 4469 2556 4526 dixisse
2587 4485 2601 4523 :
2638 4469 2725 4524 Tu
2755 4471 2953 4525 omnia
2981 4470 3156 4538 nosti,
3184 4475 3237 4525 et
3274 4473 3385 4526 scis
3429 4470 3585 4541 quod

1928 4579 2049 4620 non
2073 4559 2433 4618 nominarim
2469 4573 2559 4613 me
2579 4558 2768 4614 Deum
2799 4564 2905 4614 aut
2952 4558 3177 4614 Filium
3207 4563 3396 4614 tuum.
3437 4558 3581 4614 Sum

1930 4652 2088 4710 enim
2113 4663 2318 4707 servus
2340 4653 2612 4709 tuus,ncc
2628 4647 2715 4702 ita
2738 4646 3029 4716 superbus
3044 4661 3171 4702 sum
3197 4650 3363 4703 utsic
3379 4647 3587 4703 vocari

1931 4734 2721 4798 detreclem.Anathematizo
2742 4735 3071 4793 Moamedis
3089 4735 3429 4793 doctrinam
3443 4751 3583 4808 quae

1931 4830 2076 4886 dicit
2096 4827 2392 4883 Christum
2414 4839 2536 4880 non
2562 4839 2693 4879 esse
2726 4822 2939 4879 Filium
2965 4824 3086 4891 Dei,
3107 4824 3212 4880 sed
3241 4823 3583 4896 apostolum

1933 4925 1991 4977 et
2028 4918 2435 4993 prophetam:
2493 4912 2779 4985 quoniam
2814 4912 3046 4986 (inquit)
3100 4915 3257 4968 Deus
3314 4927 3583 4967 commu-

1932 5008 2132 5068 nionis
2182 5006 2413 5064 socium
2459 5019 2582 5060 non
2633 5002 2864 5060 habet:
2910 5007 2969 5059 et
3012 5017 3223 5058 omnes
3271 5001 3376 5076 qui
3426 5001 3586 5059 Chri-

1932 5105 2090 5158 stum
2123 5097 2178 5155 ei
2201 5093 2647 5154 communionis
2675 5092 2908 5150 socium
2937 5091 3164 5160 dicunt,
3192 5091 3254 5147 in
3306 5091 3587 5162 gehenna

1934 5188 2091 5260 ignis
2110 5186 2455 5261 punientur.
2477 5182 2926 5241 Anathematizo
2958 5179 3283 5239 ﬂoamedis
3313 5180 3585 5238 fabulam

1936 5279 1994 5336 in
2020 5294 2145 5351 qua
2167 5276 2310 5333 dicit
2341 5277 2456 5331 Deo
2484 5273 2738 5330 domum
2766 5271 3126 5345 precationis
3140 5270 3219 5328 ab
3239 5272 3586 5329 Abrahamo

1935 5373 1991 5425 et
2048 5366 2299 5423 lsmaele
2346 5368 2630 5420 structam
2689 5377 2823 5417 esse
2861 5360 2926 5416 in
2982 5361 3209 5418 Bacche
3249 5363 3374 5419 sive
3419 5361 3587 5420 Make

1934 5460 2040 5515 aut
2070 5454 2316 5514 Makech
2347 5473 2361 5510 :
2390 5468 2577 5526 quam
2602 5450 2878 5511 nominat
2919 5449 3332 5510 adoratorium
3383 5450 3588 5509 obser-

1933 5613 2648 5695 hujustnodiverbum.“
2698 5683 2733 5695 η
2871 5683 2883 5695 θ

2007 5683 2119 5763 (10)
2147 5687 2384 5746 Plenius
2413 5684 2577 5758 apud
2608 5683 3018 5758 Euthymium.
