4046 6310
571 394 669 456 ί3ὃ
1910 384 2181 451 ΝΙΕΕΤΑΞ
2224 382 2594 447 ΟΗΟΝΙΑΤΕ
3831 385 3955 444 136

568 521 718 580 mini
739 522 769 577 J
776 536 883 578 esu
903 520 1112 579 Christi
1131 532 1350 592 corpus
1377 532 1448 576 ac
1479 517 1837 590 sanguinem
1864 531 2017 586 esse,
2035 520 2214 573 trans-

2343 507 2564 586 δυνάμει
2628 519 2809 589 νοερῶς
2860 531 2914 566 τε
2960 516 3050 566 καὶ
3085 509 3339 587 ἀοράτως,
3379 510 3506 585 ὑπερ
3546 514 3718 564 πᾶσαν
3779 529 3955 584 φυσι-

568 614 781 683 mutaa
836 608 1153 684 [videlicet]
1188 606 1396 665 divina
1450 606 1607 665 illius
1665 606 1935 682 potentia
1984 623 1999 663 :
2048 604 2214 678 idque

2340 605 2435 660 κήν
2476 603 2688 674 ἔννοιαν,
2756 604 2825 664 ὡς
2882 599 2995 656 οἶδε
3049 606 3201 676 μόνος
3258 601 3445 663 αὐτός’
3484 605 3574 654 καὶ
3611 601 3745 654 οὕτω
3779 599 3953 672 κάγώ

573 705 774 758 mente
823 704 881 756 et
924 714 1047 755 non
1093 698 1280 755 oculis
1314 696 1705 771 perceptibili,
1733 698 2100 768 omnemque
2128 709 2214 750 na!

2339 690 2735 763 μεταλήψεσθαι
2787 695 2978 745 τούτων
3035 693 3360 765 συντίθεμαι,
3415 692 3484 752 ὡς
3519 691 3650 744 κατὰ
3693 686 3956 750 ἀλήθειαν

572 789 830 846 turalem
862 788 1285 859 cogitationem
1306 793 1625 861 superante
1658 785 1863 855 modo,
1892 800 2069 859 quem
2101 782 2214 857 ipse

2339 783 2495 833 ὄντων
2573 784 2766 854 σαρκός
2818 800 2870 834 τε
2924 786 3015 836 καὶ
3068 782 3288 854 αἳματος
3340 779 3526 849 αὐτοῦ,
3565 784 3656 832 καὶ
3676 779 3745 841 εἰς
3780 779 3957 852 ἁγια-

574 877 739 935 solus
782 877 946 934 novit
978 894 990 933 :
1024 881 1203 950 atque
1233 876 1316 934 ita
1343 879 1400 933 et
1451 889 1563 946 ego
1590 891 1689 932 me
1714 874 1814 932 illa
1843 890 1984 930 cum
2005 871 2214 930 centeri:

2339 872 2471 941 σμόν
2535 869 2724 943 ψυχῆς
2775 889 2830 924 τε
2859 875 2949 924 καὶ
2995 876 3252 944 σώματος,
3291 874 3382 923 καὶ
3419 869 3558 931 ζωὴν
3587 869 3815 940 αἰώνιον,
3841 874 3957 923 καὶ

576 970 961 1040 sumpturum
992 965 1307 1032 assentior,
1330 968 1393 1021 ut
1411 980 1544 1038 quae
1566 980 1706 1020 vere
1736 978 1878 1022 caro
1900 968 1956 1019 et
1981 959 2214 1033 sanguis

2338 956 2612 1031 βασιλείας
2689 959 2915 1036 οὐρανῶν
2991 958 3334 1034 κληρονομίαν
3385 956 3950 1032 μεταλαμϐανομένων,

572 1056 703 1128 ejus
719 1055 922 1117 sint.et
936 1054 1013 1113 ad
1027 1054 1247 1111 animus
1264 1052 1651 1127 corporisque
1670 1051 2214 1115 sanctiﬁcationem1

2336 1054 2446 1110 τοῖς
2485 1047 2652 1101 αὐτῶν
2692 1047 2740 1102 ἐν
2778 1054 2958 1103 πίστει
3002 1048 3171 1121 τελείᾳ
3206 1052 3512 1123 μετέχουσι.
3556 1051 3657 1101 Καὶ
3693 1049 3753 1100 τὸ
3781 1048 3952 1121 ἅγιον

571 1144 756 1202 vitam
814 1149 1121 1211 aeternam,
1181 1144 1468 1217 regnique
1521 1141 1776 1199 caelestis
1820 1141 2214 1203 hmreditatem

2335 1144 2428 1190 τοῦ
2480 1145 2716 1212 Χριστοῦ
2785 1137 3066 1213 βάπτισμα
3137 1141 3268 1213 μετά
3331 1140 3560 1211 καθαρᾶς
3601 1141 3691 1191 καὶ
3736 1132 3951 1191 ἀδόλου

573 1232 1033 1309 adipiscendam
1052 1237 1391 1300 sumantur,
1410 1232 1488 1289 ab
1509 1232 1621 1288 illis
1651 1233 1755 1306 qui
1781 1247 1852 1288 ea
1879 1230 1941 1288 in
1969 1228 2214 1303 perfecta

2334 1225 2518 1298 ψυχῆς
2572 1232 2663 1280 καὶ
2718 1223 2966 1302 καρδίας,
3024 1232 3114 1281 καὶ
3173 1232 3401 1289 πίστεως
3466 1226 3785 1302 εἰλικρινοῦς,
3818 1225 3951 1281 ἑπι-

573 1324 692 1381 tide
743 1323 1126 1397 participant.
1167 1323 1575 1395 Sanctumque
1641 1320 1854 1378 Christi
1900 1317 2214 1393 baptisma,

2338 1318 2480 1379 ζητῶ
2521 1312 2797 1387 δέξασθαι,
2862 1317 3337 1392 πληροφορούμενος
3407 1315 3608 1380 ἀληθῶς
3672 1318 3949 1393 κάθαρσιν

572 1427 725 1486 puro
758 1410 1089 1484 seduloque
1138 1410 1343 1467 animo
1392 1415 1449 1466 et
1497 1410 1698 1479 corde,
1731 1425 1800 1467 ac
1828 1408 1948 1466 ﬁde
1974 1408 2214 1479 sincera,

2335 1404 2462 1457 αύτὸ
2527 1409 2718 1465 νοητήν
2773 1402 2922 1474 εἶναι,
2981 1410 3072 1459 καὶ
3113 1404 3448 1478 ἀναγεννησιν
3502 1405 3684 1478 ψυχῆς
3736 1424 3794 1458 τε
3842 1412 3950 1460 καὶ

572 1501 844 1577 accipere
865 1499 1178 1567 desidero;
1235 1502 1394 1555 certo
1442 1514 1513 1555 ac
1557 1514 1694 1555 vere
1732 1513 2090 1572 persuasum
2119 1496 2214 1554 ha-

2337 1499 2591 1567 σώματος.
2647 1499 2748 1549 Καὶ
2785 1499 2872 1548 τὸν
2931 1494 3215 1568 σεϐάσμιον
3267 1492 3326 1549 δὲ
3378 1497 3601 1571 σταυρὸν
3642 1502 3736 1548 τοῦ
3769 1496 3946 1549 αὐτοῦ

571 1589 744 1661 hens,
794 1589 940 1646 illud
993 1593 1192 1645 mente
1245 1588 1690 1662 perceptibilem
1748 1586 2214 1661 puriﬁcationem

2334 1580 2580 1642 ἀληθινοῦ
2609 1592 2844 1657 Χριστόν
2887 1590 2976 1638 καὶ
3019 1592 3154 1638 Θεοῦ
3207 1586 3375 1658 ἡμῶν,
3425 1587 3490 1646 ὡς
3533 1583 3712 1638 οὐκέτι.
3735 1585 3945 1658 φθορᾶς

571 1694 726 1745 esse,
749 1676 1057 1750 animique
1081 1676 1300 1750 pariter
1320 1682 1376 1732 et
1397 1678 1663 1750 corporis
1688 1675 2214 1746 regenerationem

2332 1677 2422 1726 καὶ
2474 1671 2599 1746 ἀρᾶς
2651 1677 2887 1749 ὄργανον,
2928 1672 3037 1726 ἀλλ’
3067 1673 3355 1749 ἐλευθερίας
3392 1678 3481 1726 καὶ
3512 1674 3647 1736 ζωῆς
3694 1672 3943 1743 αἰωνίου,

574 1767 686 1826 Sed
711 1772 768 1823 et
792 1767 1196 1823 venerabilem
1254 1781 1494 1823 crucem
1542 1765 1815 1838 ejusdem
1862 1765 1985 1822 veri
2019 1764 2214 1821 Christi

2332 1766 2423 1814 καί
2464 1770 2677 1835 σημεῖον
2728 1771 2825 1825 τῆς
2871 1765 3006 1816 κατά
3057 1771 3149 1815 τοῦ
3191 1760 3438 1816 διαϐόλου
3481 1767 3571 1815 καί
3608 1764 3834 1815 θανάτου
3860 1767 3947 1815 vi-

574 1857 796 1931 Deique
846 1856 1052 1924 nostri,
1081 1861 1145 1912 ut
1173 1872 1311 1928 quas
1355 1870 1476 1912 non
1516 1854 1779 1928 amplius
1824 1853 2214 1927 corruptionis

2333 1870 2445 1912 κης.
2501 1850 2620 1904 Ἐτι
2682 1847 2740 1904 δε
2799 1857 2889 1904 καί
2940 1855 3034 1913 τὰς
3092 1851 3412 1924 σεϐασμίους
3460 1851 3656 1913 εἰκόνας
3718 1860 3811 1913 τῆς
3879 1870 3945 1904 τε

573 1951 629 2003 et
654 1945 1096 2013 exsecrationis,
1146 1943 1255 2000 sed
1283 1943 1573 2000 libertatis
1605 1948 1663 2000 et
1691 1944 1827 2000 vita:
1867 1946 2103 2001 asternaa
2140 1942 2214 1999 in-

2333 1942 2469 1993 κατὰ
2516 1943 2688 2017 σάρκα
2752 1945 2885 2016 πρὸς
2950 1939 3248 2016 ἀνθρώπους
3304 1940 3595 2014 ἐπιφανείας
3653 1948 3745 1994 τοῦ
3802 1945 3943 1995 Θεοῦ

572 2040 995 2101 strumantum,
1040 2034 1422 2107 victoriaeque
1468 2033 1757 2090 adversus
1804 2033 2114 2090 diabolum
2153 2047 2214 2089 ac

2335 2034 2532 2103 Λόγου,
2608 2035 2700 2083 καί
2772 2038 2867 2094 τῆς
2913 2029 3191 2103 ἀφράστως
3244 2030 3396 2083 αὐτόν
3461 2032 3711 2092 τεκούσης
3765 2029 3945 2102 ἁγνῆς

574 2130 826 2182 mortem
885 2124 1125 2194 signum
1182 2122 1254 2179 sit
1305 2140 1319 2179 :
1377 2126 1665 2195 praeterea
1727 2127 1781 2178 et
1852 2121 2214 2179 venerabiles

2335 2121 2596 2195 Παρθένου
2645 2124 2736 2172 καί
2800 2125 3146 2194 Θεομήτορος,
3210 2124 3298 2172 καί
3360 2128 3459 2172 τῶν
3501 2115 3737 2173 θεοειδών
3774 2117 3945 2190 ἀγγέ-

567 2214 883 2287 imagines,
940 2218 997 2269 et
1055 2210 1422 2286 [salutiferas]
1483 2210 1642 2267 illius
1697 2212 1800 2268 Dei
1844 2212 2017 2268 Verbi
2059 2210 2224 2283 apud

566 2303 845 2359 homines
873 2303 931 2358 in
965 2317 1142 2356 carne
1174 2301 1589 2373 apparitionis,
1640 2304 1697 2356 et
1734 2304 1863 2369 ejus
1906 2316 2043 2374 qua:
2072 2299 2224 2356 inef-

568 2390 825 2447 fabiliter
871 2389 1037 2445 istud
1090 2388 1321 2461 peperit
1376 2394 1558 2444 castas
1582 2388 1835 2458 Virginis
1864 2388 2085 2460 Deique
2107 2390 2223 2444 Ma-

569 2480 691 2549 tris,
728 2477 1195 2549 divinorumquc
1239 2477 1618 2547 angelorum,
1646 2483 1702 2533 et
1722 2481 2067 2533 sanctorum
2098 2493 2225 2533 om-

565 2569 758 2634 nium,
816 2570 879 2623 ut
929 2566 1369 2639 primitivorum
1420 2564 1723 2638 symbola,
1772 2570 1827 2622 et
1871 2570 2138 2639 accepto,
2168 2570 2225 2622 et

564 2657 800 2714 honoro
828 2662 1007 2729 atque
1047 2656 1378 2713 exosculor.
1442 2656 1557 2712 Sed
1605 2661 1662 2712 et
1685 2656 1853 2728 ipsos
1883 2672 2085 2712 sacros
2115 2671 2223 2713 an-

567 2748 752 2819 gelos,
790 2751 1153 2819 sanctosque
1185 2760 1418 2815 omnes,
1454 2746 1558 2819 qui
1592 2747 1746 2802 bene
1773 2747 1893 2802 Deo
1922 2744 2222 2818 placuere,

565 2842 631 2894 ut
661 2852 864 2893 servos
916 2835 1094 2903 illius,
1136 2834 1417 2908 fidosque
1460 2834 1786 2902 ministros,
1828 2840 2071 2907 propter
2115 2835 2224 2891 ho-

564 2940 774 2983 norem
804 2924 886 2981 illi
923 2923 1222 2993 habitum,
1267 2924 1501 2981 honoro
1527 2929 1584 2980 et
1607 2939 1860 2981 veneror
1891 2942 1904 2979 :
1938 2928 2117 2996 atque
2143 2924 2225 2980 ita

566 3020 689 3073 toto
721 3014 925 3071 animo
951 3018 1008 3070 et
1037 3014 1236 3081 corde,
1287 3029 1548 3087 veroque
1573 3013 1761 3070 animi
1786 3014 2116 3086 proposito,
2146 3013 2214 3070 ad

2333 3012 2604 3084 όλοψύχου
2651 3017 2739 3064 καί
2794 3007 3022 3086 καρδίας
3081 3014 3168 3065 τόν
3207 3015 3437 3087 Χριστόν
3496 3010 3801 3084 ἀγαπώσης,
3852 3016 3937 3071 εἴη

567 3105 1035 3162 Christianorum
1083 3102 1267 3160 ﬁdem
1318 3102 1564 3159 accedo.
1611 3101 1668 3160 Si
1709 3119 1853 3159 vero
1882 3119 2022 3159 cum
2044 3102 2214 3158 simu-

2332 3121 2424 3175 μοι
2463 3100 2693 3174 ἀνάθεμα
2731 3104 2819 3153 καί
2847 3102 3138 3174 κατάθεμα,
3170 3106 3260 3154 καί
3296 3104 3326 3160 ή
3367 3100 3523 3175 ψυχή
3564 3120 3663 3174 μου
3701 3103 3937 3174 ταχθείη

561 3194 786 3266 latione
838 3207 909 3249 ac
945 3191 1086 3248 dolo
1128 3193 1257 3248 haec
1279 3191 1435 3255 dico.
1478 3196 1533 3248 et
1563 3207 1685 3248 non
1716 3207 1790 3247 ex
1820 3191 2013 3249 solida
2043 3191 2214 3247 totius

2334 3192 2466 3264 μετὰ
2501 3198 2591 3243 τοῦ
2631 3196 2833 3244 Σατανᾶ
2868 3194 2959 3242 καί
2994 3199 3095 3243 τῶν
3143 3186 3425 3264 δαιμόνων.

564 3281 752 3339 animi
784 3280 923 3349 ﬁde,
958 3280 1379 3354 Christumque
1402 3280 1632 3337 amanti
1663 3280 1865 3350 corde,
1925 3281 1999 3337 sit
2039 3279 2190 3337 mihi
2239 3280 2566 3338 anathema
2598 3283 2654 3337 et
2688 3278 3048 3352 catathema,
3082 3279 3411 3354 animaque
3438 3295 3579 3339 mea
3606 3278 3940 3339 collocetur

567 3385 706 3426 cum
736 3371 956 3426 Satana
981 3374 1038 3425 et
1057 3369 1457 3426 daemonibus.

1316 3674 1443 3816 Ν
1452 3672 2069 3822 ΙΟΕΤᾸΕ

2324 3671 3277 3820 HONIATZE

1878 3931 2003 3997 EX
2045 3926 2317 3998 LIBRO
2362 3930 2597 3998 XXIII

1048 4118 1794 4242 THESAUBI
1935 4114 2883 4240 ORTHODOX/E
3028 4117 3432 4241 FIDEI

1130 4333 1256 4405 (Ap.
1283 4332 1356 4388 Le
1370 4331 1541 4399 Quien
1566 4332 1756 4390 Oriens
1774 4331 2129 4389 Christianus
2162 4334 2202 4402 Ι,
2219 4332 2347 4403 649,
2375 4331 2428 4386 in
2453 4330 2729 4389 Eustratio
2751 4331 2945 4387 Nicaeae
2962 4331 3348 4404 metropolita.)

2331 2208 2450 2275 λων,
2501 2214 2592 2262 καί
2632 2218 2731 2262 τῶν
2787 2209 2950 2282 ἁγίων
2990 2209 3248 2277 ἁπάντων,
3291 2212 3355 2270 ὡς
3387 2208 3622 2282 σύμϐολα
3652 2217 3751 2262 τῶν
3790 2228 3944 2282 πρω-

2332 2302 2589 2367 τοτύπων,
2633 2303 2724 2351 καί
2793 2295 3026 2371 δέχομαι
3088 2302 3180 2351 καί
3244 2307 3380 2371 τιμώ
3441 2302 3530 2353 καί
3583 2295 3932 2370 ἀσπάζομαι.

2335 2393 2437 2441 Καί
2466 2388 2652 2449 αύτούς
2680 2385 2739 2441 δε
2759 2391 2876 2449 τοὺς
2930 2391 3096 2462 ἱεροὺς
3158 2387 3423 2459 ἀγγέλους,
3459 2392 3551 2440 καί
3585 2391 3704 2450 τοὺς
3742 2387 3946 2459 ἁγίους

2333 2476 2587 2547 ἅπαντας,
2632 2481 2754 2540 τοὺς
2804 2486 2876 2548 τῷ
2916 2485 3030 2548 Θεῷ
3074 2476 3543 2553 εὐαρεστήσαντας,
3588 2476 3658 2538 ὡς
3713 2471 3945 2538 δούλους

2333 2564 2524 2619 ἐκείνου
2568 2571 2659 2619 καί
2719 2570 2937 2627 πιστοὺς
3001 2568 3329 2639 θεράποντας,
3369 2574 3503 2638 τιμῶ
3559 2569 3649 2618 καί
3709 2564 3942 2638 σέϐομαι

2335 2653 2429 2709 διὰ
2487 2659 2581 2715 τὴν
2629 2659 2755 2732 πρὸς
2795 2654 2980 2708 ἐκεῖνον
3010 2660 3198 2728 τιμήν·
3240 2660 3328 2707 καί
3374 2656 3536 2718 οὕτως
3576 2653 3629 2718 ἐξ
3666 2654 3783 2716 ὅλης
3832 2655 3945 2728 ψυ-

2334 2752 2438 2816 χῆς
2493 2749 2583 2797 καί
2627 2741 2869 2819 καρδίας,
2910 2748 2998 2796 καί
3049 2747 3398 2819 προαιρέσεως
3424 2744 3669 2812 ἀληθοῦς,
3695 2749 3940 2818 προσέρ-

2332 2853 2504 2907 χομαι
2546 2841 2607 2892 τῆ
2654 2838 2831 2886 πίστει
2871 2841 2969 2886 τῶν
3033 2840 3382 2908 Χριστιανῶν.
3420 2833 3484 2887 Εἰ
3537 2829 3597 2886 δε
3651 2833 3762 2907 μεθ’
3803 2834 3939 2887 ὑπο-

2333 2928 2555 2999 κρίσεως
2601 2927 2692 2975 καί
2727 2918 2882 2975 δόλου
2941 2924 3108 2975 ταῦτά
3166 2942 3322 2996 φημι,
3361 2927 3452 2975 καί
3492 2922 3588 2975 οὐκ
3617 2919 3673 2974 ἐκ
3700 2926 3942 2986 πίστεως

630 4632 949 4707 Aliquanto
971 4637 1237 4708 tempore
1264 4633 1492 4706 elapso,
1507 4632 1835 4706 discipulus
1858 4633 2016 4689 illius
2038 4634 2211 4689 Joan-

2393 4635 2591 4705 Χρόνου
2644 4634 2776 4694 τινός
2851 4628 3237 4705 διαγενομένου,
3300 4634 3487 4687 τούτου
3519 4633 3776 4703 (Ἰωάννου
3819 4639 3922 4686 τοῦ

559 4724 653 4779 nis
684 4723 809 4778 ltali
840 4722 1122 4779 monachi
1143 4738 1315 4779 novre
1345 4720 1587 4777 alterius
1630 4721 1918 4777 doctrinae
1951 4720 2210 4776 auctoris

2324 4720 2542 4793 Ἰτάλου)
2600 4723 2846 4793 μαθητής
2883 4720 3224 4796 Εὐστράτιος,
3279 4722 3335 4786 ὃς
3383 4731 3479 4784 τῆς
3532 4730 3631 4775 τῶν
3685 4722 3920 4775 Βιθυνῶν

560 4812 906 4877 Eustratius,
933 4811 1037 4883 qui
1061 4811 1270 4867 Nicaea;
1310 4810 1595 4883 Bithyniae
1642 4809 1987 4882 metropolis
2017 4809 2210 4881 ponti—

557 4903 657 4958 fex
697 4906 843 4967 erat,
889 4916 1027 4957 cum
1073 4916 1233 4974 saepe
1264 4915 1470 4957 coram
1499 4899 1876 4971 imperatoris
1923 4897 2210 4955 tribunali

558 5007 699 5047 cum
732 4990 950 5047 Latinis
995 4989 1363 5062 disputasset
1415 4988 1490 5044 de
1528 4988 1756 5061 azymis
1803 4987 1962 5044 etde
1990 4986 2209 5060 Spiritu

558 5084 789 5148 sancto,
811 5078 1103 5135 mandare
1132 5078 1366 5151 scriptis
1392 5076 1600 5134 volens
1629 5093 1766 5149 quas
1798 5076 2017 5133 Latinis
2042 5079 2206 5133 attu-

555 5167 722 5239 lerat,
757 5183 1013 5240 quaaque
1044 5167 1121 5224 ab
1149 5166 1233 5223 eis
1260 5167 1410 5222 inter
1446 5163 1882 5237 disputandum
1912 5164 2204 5237 audierat,

556 5270 680 5313 non
704 5261 1001 5325 accurate,
1026 5271 1137 5312 nec
1160 5253 1541 5312 laudabiliter
1580 5270 1721 5309 suos
1770 5269 1985 5310 sensus
2013 5268 2208 5310 enun-

555 5344 742 5401 tiavit.
787 5344 939 5409 Quin
969 5344 1149 5400 etiam
1196 5360 1337 5400 cum
1394 5341 1789 5415 Philippopoli
1815 5342 1877 5399 in
1902 5343 2209 5401 audientia

554 5433 932 5505 imperatoris
946 5447 1085 5489 cum
1106 5432 1389 5489 Armenio
1400 5432 1668 5504 quodam
1691 5430 1766 5487 de
1787 5430 2029 5488 duabus
2052 5431 2208 5489 Chri-

557 5523 629 5578 sti
676 5521 905 5577 naturis
942 5520 1399 5595 colloqueretur,
1450 5519 1748 5577 nonnulla
1793 5520 1868 5577 de
1918 5523 2037 5578 Deo
2083 5537 2207 5578 non

558 5608 834 5669 consulta
870 5622 1122 5682 prorsus
1147 5608 1368 5681 injecit,
1413 5611 1470 5664 et
1497 5607 1666 5665 nullo
1703 5607 1936 5680 pudore
1974 5608 2204 5680 effutiit,

550 5698 680 5770 jam
729 5698 874 5756 olim
903 5714 1186 5772 nuncque
1218 5702 1596 5771 assumptam
1629 5713 1667 5755 a
1709 5696 1897 5757 Verbo
1924 5702 2207 5759 naturam

2318 4808 2511 4871 πόλεως
2580 4816 2801 4872 Νικαίας
2870 4809 3249 4885 ἀρχιερατικῶς
3302 4809 3612 4888 προήδρευε,
3667 4810 3921 4873 πολλάκις

2319 4896 2403 4950 ἐπί
2441 4896 2722 4971 βασιλικοῦ
2781 4898 3020 4973 βήματος
3088 4903 3219 4974 μετὰ
3293 4906 3525 4955 Λατίνων
3586 4901 3659 4962 εἰς
3724 4899 3919 4973 λόγους

2318 4984 2473 5039 ἐλθὼν
2526 4993 2643 5060 περί
2703 5008 2757 5042 τε
2813 4987 3024 5062 ἀζύμων
3076 4995 3166 5043 καί
3219 4998 3311 5044 τοῦ
3387 4994 3525 5045 θείου
3592 4993 3918 5064 Πνεύματος,

2317 5080 2406 5128 καί
2433 5076 2651 5139 θελήσας
2676 5086 2845 5153 γραφῇ
2875 5075 3206 5152 παραδοῦναι
3271 5082 3372 5133 ὅσα
3408 5084 3581 5154 εἴρηκε
3628 5083 3754 5153 πρὸς
3790 5083 3923 5143 τοῦς

2319 5170 2596 5237 Λατίνους,
2649 5171 2741 5219 καί
2789 5168 2875 5221 οἷα
2936 5168 3063 5243 παρ’
3091 5167 3291 5222 ἐκείνων
3349 5167 3397 5221 ἐν
3448 5177 3522 5240 τῷ
3575 5165 3921 5241 διαλέγεσθαι

2318 5252 2551 5319 ἀκηκόει,
2616 5255 2712 5308 οὐκ
2778 5255 3040 5329 ἀσφαλῶς,
3107 5252 3231 5311 οὐδὲ
3277 5256 3549 5320 ἕπαινετῶς
3616 5261 3734 5320 τοὺς
3795 5264 3924 5330 περί

2316 5351 2411 5397 τοῦ
2487 5346 2786 5417 Πνεύματος
2850 5345 3036 5419 λόγους
3092 5344 3345 5420 ἐξήνεγκε,
3406 5349 3599 5401 Ἐνίοτε
3664 5344 3725 5401 δε
3778 5352 3924 5402 κατὰ

2317 5432 2721 5488 Φιλιππούπολιν
2779 5435 2856 5489 ἐπ’
2915 5434 3162 5510 ἀκροάσει
3217 5444 3309 5490 τοῦ
3361 5436 3621 5512 βασιλέως
3666 5436 3744 5491 ἐπ’
3798 5437 3925 5513 Ἀρ-

2316 5526 2492 5595 μενίου
2542 5527 2679 5585 τινὸς
2731 5529 2849 5600 περί
2912 5533 3013 5578 τῶν
3074 5522 3172 5579 δύο
3232 5534 3323 5580 τοῦ
3401 5532 3640 5602 Χριστοῦ
3712 5530 3920 5599 φύσεων

2316 5614 2614 5684 ποιούμενος
2672 5617 2765 5673 τὴν
2827 5610 3076 5685 διάλεξιν,
3141 5613 3392 5669 οὐδέποτε
3442 5619 3776 5679 καθηκόντως

2319 5696 2570 5777 θεηγορίᾳ
2625 5701 2882 5772 ἐπέϐαλεν,
2966 5702 3071 5758 ἀλλ’
3122 5692 3355 5770 ἀναιδῶς
3439 5703 3739 5782 ἐφθέγξατο,
3821 5712 3917 5762 καί
