4046 6310
585 312 690 378 130

1917 282 2191 347 ΝΙΟΕΤᾹΞ
2236 287 2619 349 ΟΗΟΝΙΛΤΕ

3857 283 3994 343 140

584 402 763 463 Erant
791 417 994 475 autem
1019 414 1082 471 bi
1113 432 1127 472 :
1162 413 1502 473 Soterichus
1530 415 1971 485 Pantsugenus,
1987 413 2235 485 patriar-

2352 412 2492 467 οὗτοι
2518 426 2533 441 ·
2568 414 2873 482 Σωτήριχος
2916 409 2996 481 (1)
3045 410 3103 460 ό.
3138 411 3477 480 Παντώγενος
3524 407 3827 479 suum“
3890 409 3989 459 ὢν

585 502 703 559 cha
727 502 1076 575 designatus
1111 502 1440 559 Antiochiae
1476 501 1760 575 Syriacae,
1792 502 1842 573 ej
1853 518 1923 558 us
1964 502 2241 558 videlicet

583 605 773 665 quam
802 593 1050 649 Orontes
1087 591 1275 661 alluit,
1300 595 1357 649 et
1396 589 1708 663 Zephyrus
1750 597 1967 651 ventus
1992 589 2237 662 perﬂat:

584 679 931 737 Eustathius
973 679 1262 752 Dyrrachi
1314 679 1655 752 episcopus,
1704 678 2029 748 Basilaces,
2058 684 2241 751 atque

586 767 975 841 Nicephorus,
1017 772 1074 823 et
1112 767 1551 824 Thessalonicae
1608 768 1933 841 episcopus
1975 766 2239 835 Michael,

584 855 693 931 qui
715 871 926 912 omnes
950 855 1146 928 gradu
1168 872 1281 913 suo
1306 855 1478 913 modi
1504 855 1765 914 fuerunt.
1798 861 1991 931 Atque
2032 872 2108 913 ex
2146 855 2244 911 his

584 944 805 1019 partim
840 945 1088 1017 quidem
1136 950 1363 1002 secreto
1417 944 1806 1014 mussabant,
1846 945 2067 1018 partim
2102 959 2242 1001 vero

584 1032 840 1090 ﬁdenter
865 1049 938 1090 ac
959 1032 1273 1091 manifeste
1299 1035 1627 1092 sententias
1653 1050 1800 1090 suas
1826 1033 2240 1104 enuntiabant,

585 1136 657 1177 ac
676 1122 1073 1178 multitudinis
1101 1121 1348 1179 auribus
1377 1121 1762 1180 occinebant.
1793 1122 2051 1178 Demum
2083 1123 2244 1178 Sote-

582 1210 787 1268 richus
816 1212 1235 1281 Panteugenus
1263 1211 1493 1282 dogma
1524 1227 1702 1268 suum
1732 1211 1955 1284 scripto
1979 1210 2244 1281 tradidit,

586 1304 645 1357 et
681 1301 900 1373 cuique
922 1299 1146 1356 volenti
1174 1299 1555 1356 noscendum
1582 1300 1816 1368 obtulit,
1848 1299 1912 1356 in
1942 1315 2131 1372 quam
2168 1299 2248 1355 vi-

586 1389 800 1446 delicet
824 1391 954 1462 ipse
983 1390 1346 1447 sententiam
1386 1388 1678 1458 ﬂecteret;
1729 1405 1800 1446 ac
1830 1388 2092 1446 Platonis
2117 1388 2247 1444 imi-

584 1483 746 1537 tatus
767 1478 1066 1550 dialogos,
1091 1479 1448 1551 hujusmodi
1474 1479 1947 1552 disputationem
1974 1478 2247 1535 instituit.

642 1569 883 1627 PHILO.
920 1569 1306 1639 Compertum
1331 1567 1480 1623 mihi
1505 1573 1616 1636 est,
1644 1584 1841 1641 nuper
1862 1568 2018 1625 duos
2043 1568 2106 1622 in
2145 1583 2249 1639 sy-

583 1656 750 1712 nodo
778 1655 1066 1712 diaconos
1103 1656 1179 1712 de
1217 1656 1488 1728 quodam
1512 1656 1799 1728 dogmate
1827 1657 1985 1713 inter
2011 1671 2074 1713 se
2106 1671 2250 1713 con-

583 1744 841 1801 tendisse
866 1763 881 1813 ;
907 1749 1089 1818 atque
1126 1745 1347 1801 horum
1367 1745 1604 1819 utrique
1632 1745 1853 1803 favisse
1902 1746 2142 1819 aliquos
2169 1762 2243 1802 ex

581 1833 677 1891 his
694 1833 801 1908 qui
845 1835 1013 1908 apud
1048 1850 1163 1892 nos
1183 1834 1470 1891 doctrinae
1497 1835 1828 1907 primatum
1856 1840 2082 1892 tenent.
2146 1838 2245 1891 Ve-

579 1927 926 1980 rumtamen
966 1923 1231 1996 cupienti
1280 1924 1428 1981 mihi
1481 1940 1831 1981 sermonum
1890 1928 2246 1997 argumenta

581 2026 965 2085 cognoscere,
1011 2012 1290 2069 nondum
1341 2012 1526 2070 licuit.
1581 2012 1698 2070 Sed
1752 2028 1903 2069 num
1946 2018 2031 2081 tu,
2068 2028 2243 2069 vene-

578 2099 768 2157 rande
788 2100 1001 2168 amice,
1030 2116 1179 2157 num
1219 2104 1303 2168 tu,
1328 2100 1604 2175 inquam,
1632 2101 1959 2159 intereras?

651 2189 1114 2247 SOTERICHUS.
1169 2189 1467 2263 Equidem
1499 2189 1761 2258 interfui,
1819 2190 1904 2246 mi
1928 2190 2242 2262 jucundis-

578 2277 750 2351 sime,
777 2282 836 2335 et
861 2278 1186 2335 amborum
1205 2279 1543 2336 orationem
1563 2293 1859 2351 perquam
1890 2283 2110 2336 attente
2131 2295 2239 2335 au-

578 2366 872 2423 scultavi:
908 2382 1106 2440 neque
1135 2371 1338 2424 tamen
1383 2368 1481 2424 his
1518 2367 1851 2425 delectatus
1884 2384 2043 2435 sum,
2093 2368 2240 2441 quia

574 2453 716 2527 plus
734 2455 1137 2513 contentionis
1164 2470 1354 2528 quam
1372 2456 1873 2513 considerationis
1887 2456 2232 2514 habebant:

574 2543 702 2601 imo
720 2542 906 2615 hujus
923 2542 1233 2601 seditionis
1255 2543 1607 2601 auctoribus
1634 2545 2075 2614 subirascebar,
2092 2545 2237 2619 quia

576 2646 719 2688 cum
745 2648 842 2689 res
874 2632 1094 2690 divina
1116 2632 1348 2690 silentio
1363 2632 1563 2707 potius
1585 2634 2065 2691 transmittendse
2096 2635 2233 2707 sint,

575 2725 759 2794 prout
786 2720 1026 2778 illarum
1051 2721 1333 2779 abstrusa
1355 2726 1573 2780 natura
1600 2723 1883 2796 postulat,
1908 2727 1966 2780 et
1992 2726 2235 2781 Patrum

575 2809 810 2867 monita
831 2809 1107 2880 suadent,
1129 2811 1194 2868 hi
1207 2810 1446 2882 jamdiu
1464 2811 1713 2869 deﬁnita
1740 2813 2236 2885 praetergrediun-

576 2901 693 2969 tur,
724 2902 783 2957 et
836 2899 1070 2959 silentio
1092 2915 1131 2958 a
1157 2900 1460 2957 veteribus
1509 2916 1729 2973 pressa
1753 2902 2084 2971 suscitant;
2132 2917 2232 2959 ne-

576 3001 697 3060 que
715 2993 1087 3062 praeceptum
1107 2988 1394 3062 sapientis
1415 2989 1738 3061 cujusdam
1755 2991 1867 3047 viri
1884 2990 1948 3048 in
1965 2994 2233 3048 mentem

575 3082 885 3149 revocant,
912 3077 1016 3151 qui
1036 3077 1151 3135 soli
1179 3081 1237 3135 et
1274 3078 1399 3150 igni
1427 3093 1524 3135 res
1546 3078 1787 3135 divinas
1846 3095 2230 3153 comparans,

575 3166 887 3236 monebat,
906 3182 983 3223 ne
1011 3171 1242 3225 rectum
1267 3170 1477 3224 contra
1507 3166 1694 3225 solem
1724 3168 1924 3225 visum
1954 3168 2232 3226 intenda-

575 3269 743 3323 mus,
766 3255 1087 3313 connivere
1121 3255 1284 3313 enim
1315 3259 1497 3329 atque
1541 3256 1865 3314 hebescere
1897 3258 2106 3315 oculos
2133 3274 2232 3315 ne-

577 3359 746 3400 cesse
775 3350 903 3400 est:
935 3359 1061 3401 non
1088 3343 1312 3401 idcirco
1339 3348 1541 3401 tamen
1566 3344 1646 3401 ab
1670 3345 1788 3403 hoc
1825 3346 2232 3419 pulcherrimo

577 3436 828 3504 aspectu
881 3431 1331 3497 abstinendum,
1384 3432 1491 3488 sed
1538 3447 1609 3489 eo
1655 3438 1830 3489 caute
1884 3434 2231 3501 fruendum,

577 3524 880 3593 quantum
902 3519 1072 3577 licet:
1105 3520 1246 3576 item
1274 3521 1401 3592 igni
1420 3535 1546 3576 non
1574 3536 1705 3578 esse
1730 3522 2067 3580 admodum
2096 3538 2233 3596 pro-

576 3609 960 3680 ximandum,
1007 3624 1085 3666 ne
1137 3610 1592 3676 comburamur,
1638 3609 2036 3667 nihilominus
2058 3610 2233 3668 haud

576 3698 762 3756 nimis
806 3698 1021 3772 procul
1066 3697 1545 3765 consistendum,
1596 3698 1645 3754 si
1671 3703 1828 3757 certe
1880 3699 2078 3757 calore
2116 3701 2232 3757 frui

578 3786 886 3847 volumus.

646 3876 833 3936 PHIL.
864 3878 1058 3944 Quam
1086 3876 1262 3945 bene,
1294 3893 1332 3933 ο
1379 3876 1633 3934 charum
1668 3881 1871 3950 caput,
1904 3878 1979 3935 de
2016 3879 2233 3936 divinis

570 3966 837 4040 judicasl
876 3968 1123 4023 Prorsus
1163 3966 1324 4022 enim
1348 3965 1412 4022 in
1448 3965 1545 4022 his
1598 3966 1876 4037 religiose
1924 3967 2231 4038 agendum

576 4060 686 4127 est,
716 4061 774 4112 et
800 4055 1096 4112 curiosius
1130 4055 1400 4112 studium
1424 4055 1849 4113 omittendum.
1883 4056 2040 4122 Quin
2077 4057 2230 4117 adeo

575 4144 953 4201 medicorum
982 4142 1280 4200 servanda
1304 4147 1394 4199 est
1414 4143 1489 4198 de
1513 4143 1803 4201 hellebori
1821 4161 1939 4201 usu
1965 4146 2230 4218 praescri-

574 4233 723 4306 ptio,
755 4248 939 4305 quem
960 4248 1168 4289 crasso
1207 4231 1396 4289 frusto
1439 4238 1754 4306 sumptum
1809 4236 2229 4307 purgationem

575 4320 772 4378 facere
800 4321 1006 4387 aiunt;
1043 4320 1485 4378 comminutum
1512 4327 1738 4389 autem,
1759 4328 2024 4379 utentem
2050 4324 2231 4381 suﬂ‘o-

574 4424 736 4467 care.
787 4409 905 4466 Sed
944 4408 1105 4465 enim
1152 4408 1395 4465 illorum
1424 4409 1747 4467 audaciam
1769 4427 2052 4469 accusare
2099 4413 2229 4483 jam

573 4499 946 4564 desinamus,
983 4497 1090 4570 qui
1109 4496 1363 4569 juvenili
1389 4498 1620 4570 impetu
1666 4500 1932 4556 mediam
1981 4502 2226 4568 lineam,

574 4590 643 4644 ut
660 4586 933 4643 laconico
954 4601 1097 4641 cum
1125 4585 1271 4658 ipsis
1308 4585 1548 4658 loquar,
1578 4589 1951 4659 praetervecti
1976 4592 2127 4645 sunt.
2144 4591 2230 4647 Tu

571 4690 717 4733 vero
746 4672 1172 4748 praedictorum
1200 4673 1539 4731 orationem
1574 4675 1725 4731 mihi
1751 4691 1955 4734 narra.

645 4763 797 4822 SOT.
832 4762 1059 4835 Oratio,
1087 4766 1156 4818 ut
1175 4761 1390 4835 paucis
1415 4761 1637 4835 dicam,
1679 4768 1807 4821 erat
1833 4764 2224 4838 hujusmodi:

569 4852 741 4929 quod
766 4850 1043 4909 videlicet
1069 4849 1400 4923 adsumpta
1424 4867 1462 4909 a
1498 4851 1690 4909 Verbo
1718 4856 1957 4923 natura,
1987 4856 2227 4925 sangui-

570 4958 713 5001 nem
737 4957 920 5000 suum
948 4955 1076 4997 non
1104 4939 1214 4997 soli
1252 4940 1431 5009 Patri,
1457 4955 1671 4999 verum
1712 4941 1894 5000 etiam
1930 4944 2228 5016 Unigeniti

640 5122 718 5192 (1)
761 5118 1104 5201 Soterichus
1157 5115 1377 5172 dicitur
1417 5116 1649 5201 adhue_
1667 5118 1962 5201 diaconus
2009 5120 2229 5201 i_n_hac

571 5188 706 5265 ipsa
730 5206 922 5272 quam
950 5189 1271 5272 vulgantur.
1312 5188 1570 5272 synodo.
1609 5192 1791 5272 Porro
1825 5190 1909 5272 lin
1953 5193 2229 5272 catalogo

570 5260 690 5344 ms:
730 5260 1017 5343 codicum
1054 5261 1487 5339 Stortianorum
1734 5264 1860 5344 Vat.
1890 5278 2019 5346 reg.
2064 5260 2227 5346 209-9)

574 5333 693 5405 legi
715 5347 828 5409 ego
852 5337 1126 5409 notitiam
1166 5336 1346 5409 etiam
1384 5329 1629 5409 alterius
1664 5348 1863 5405 operis
1888 5334 1990 5409 hu]
2002 5351 2072 5392 us
2095 5337 2227 5409 vrri,

619 5348 693 5405 gi
715 5348 828 5458 el:st
852 5348 1126 5389 nouuam
1166 5348 1346 5412 etiam
1384 5348 1629 5387 alterius
1664 5348 1863 5405 operis
1888 5348 1990 5407 nu]
2002 5351 2072 5392 us
2095 5353 2227 5409 VIN,

619 5420 701 5459 ua
747 5404 756 5413 '
807 5407 972 5476 enter
991 5403 1242 5476 lectores
1268 5402 1599 5476 impertior,
1628 5418 1889 5476 nempe:
1938 5406 2231 5465 Soterichi

618 5476 822 5550 iac-oni
874 5474 1530 5550 Cmgmptﬁwgogolitani
1554 5474 1847 5550 tractatus
1876 5478 1950 5534 de
1983 5493 2231 5550 genera-

578 5548 740 5604 tione
766 5553 997 5605 zterna
1025 5544 1173 5616 Εέιϋ
1196 5544 1327 5616 Παῤ,
1352 5548 1415 5599 et
1449 5560 1564 5614 pro
1588 5546 1926 5616 defensione
1953 5544 2096 5608 οὖσα
2104 5550 2232 5607 buli

580 5632 697 5691 quo
725 5633 868 5676 usus
894 5622 983 5675 est
1024 5614 1227 5674 beatus
1252 5614 1543 5687 Basilius,
1562 5614 1671 5691 qui
1710 5632 1958 5679 carnem
1989 5624 2233 5680 Domini

2260 4459 2308 4513 D

2345 511 2440 564 τῆς
2496 502 2634 553 κατά
2689 503 2876 572 Συρίαν
2936 497 3284 570 Ἀντιοχείας,
3346 498 3405 555 ἣν
3446 497 3697 572 Ὀρόντης
3742 498 3989 557 ποτίζει

2347 596 2439 644 καὶ
2461 593 2687 661 Ζέφυρος
2747 594 2999 643 καταπνεῖ
3043 588 3247 659 ἄνεμος-
3300 589 3325 638 ὁ
3380 585 3679 661 Δυρραχίου
3740 587 3987 639 Edunt-

2350 682 2481 748 θιος,
2528 680 2556 732 ὁ
2603 676 2926 751 βασιλάκης,
2970 682 3060 729 καὶ
3106 680 3426 749 Νικηφόρος,
3478 681 3571 731 καὶ
3623 677 3650 727 ὁ
3682 676 3987 735 Θεσσαλο-

2347 774 2497 831 νίκης
2516 764 2734 838 Μιχαὴλ
2762 754 2866 837 (2),
2897 764 2947 817 οἱ
2975 770 3065 818 καὶ
3105 767 3433 838 καθηρηνται
3473 767 3684 827 πάντες.
3740 768 3983 817 Τούτων

2351 853 2411 911 δὲ
2468 858 2517 909 οἰ
2566 859 2657 928 μὲν
2700 854 2847 913 ἄλλοι
2876 855 2964 906 ὑπ’
3012 850 3200 906 ὀδόντα
3238 857 3487 929 ἔμυσσον,
3523 851 3646 907 οὐδὲ
3675 852 3985 928 παρρησίᾳ

2350 950 2441 998 καὶ
2496 938 2790 1018 διαρρήδην
2870 943 2962 1002 τὰς
3010 946 3202 997 ἑαυτῶν
3261 943 3489 1017 ἐξέφερον
3568 946 3798 1014 γνώμας,
3863 946 3983 994 καὶ

2350 1042 2456 1093 τοῖς
2509 1041 2607 1085 τῶν
2655 1030 2853 1087 πολλῶν
2905 1030 3128 1102 ἐνηχουν
3176 1035 3341 1086 ὠσίν*
3395 1033 3422 1082 ό
3478 1028 3536 1083 δὲ
3591 1036 3902 1103 Σωτήριχος
3940 1033 3979 1082 ὁ

2355 1126 2693 1194 Παντεύγενος
2757 1120 3071 1193 λογογραφεί
3124 1124 3182 1173 τὸ
3240 1117 3436 1192 δόγμα,
3493 1126 3582 1173 καί
3650 1126 3981 1195 παρίστησι

2352 1220 2458 1274 τοῖς
2492 1211 2824 1283 ϐουλομένοις
2866 1210 3022 1281 ὁποίᾳ
3048 1217 3149 1262 τῶν
3208 1207 3374 1273 δοξῶν
3427 1213 3785 1284 προονένευκε,
3814 1210 3947 1262 Illa:

2353 1302 2581 1362 τωνίζων
2623 1302 2717 1371 τῇι
2745 1295 2987 1365 διαλέξει,
3034 1303 3125 1351 καὶ
3158 1298 3295 1351 οὕτω
3332 1301 3397 1352 τὰ
3452 1302 3715 1371 γραφέντα
3763 1300 3976 1352 συνθέ-

2355 1410 2521 1462 μενος.

2425 1574 2658 1623 ΦΙΛΩΝ.
2693 1566 2989 1638 Ἐπυθόμην
3024 1568 3093 1627 ὡς
3122 1566 3171 1619 ἓν
3215 1562 3421 1638 συνόδῳ
3471 1561 3699 1618 διακόνω
3728 1561 3795 1621 δή
3848 1584 3978 1617 τινε

2354 1664 2472 1733 περὶ
2530 1655 2794 1729 δόγματος
2851 1652 3208 1731 δωφερέσθην,
3264 1661 3353 1709 καὶ
3411 1658 3480 1717 ὡς
3532 1654 3794 1727 ἑκατέροιν
3833 1658 3974 1706 τού-

2283 1757 2462 1811 Βτοιν
2516 1751 2843 1804 συνέστησαν
2903 1742 3089 1820 ἄνδρες
3154 1744 3233 1798 ἐπ’
3293 1747 3451 1818 ἄκρον
3504 1751 3600 1806 τῆς
3655 1742 3772 1796 καθ’
3816 1744 3977 1815 ἡμᾶς

2352 1834 2602 1898 παιδείας
2668 1834 2958 1897 ἐλάσαντες.
3009 1836 3427 1909 Προθυμουμένῳ
3490 1830 3550 1886 δέ
3623 1852 3715 1906 μοι
3766 1833 3977 1904 μαθεῖν

2350 1932 2472 1989 τοὺς
2526 1926 2708 1997 λόγους
2761 1924 2854 1976 οὐκ
2906 1924 3157 1996 ἐξεγένετο
3184 1942 3196 1954 ⁶
3256 1932 3431 1999 παρῆς
3489 1918 3578 1975 οὖν
3633 1922 3806 1988 αὐτὸς,
3842 1923 3974 1994 ἱερὰ

2353 2018 2585 2089 φιλότης,
2614 2022 2726 2070 τότε
2753 2024 2953 2089 παρῆς;

2420 2202 2820 2252 ΣΩΤΗΡῙΧ()Σ.
2862 2202 3063 2268 Παρῆν,
3118 2192 3159 2245 ὦ
3215 2194 3459 2267 μακάριε,
3519 2196 3610 2244 καὶ
3674 2196 3777 2241 τῶν
3832 2189 3968 2242 ἐκοὶ-

2352 2304 2489 2346 στοις
2526 2284 2808 2358 λεγομένων
2868 2288 2936 2344 ὡς
2997 2281 3377 2355 ἐπιμελέστατα
3430 2285 3619 2340 ἤκουον
3644 2297 3657 2309 ’
3723 2279 3782 2331 οὐ
3855 2282 3968 2331 σὺν

2348 2371 2513 2446 ἡδονῇ
2581 2377 2672 2447 μὲν
2731 2378 2853 2434 τούς
2934 2372 3121 2443 λόγους
3185 2367 3573 2443 ἀποδεχόμενος
3652 2367 3967 2440 φιλονείκως

2346 2464 2570 2535 ἔχοντας
2624 2462 2814 2535 μᾶλλον
2870 2463 2900 2520 ἣ
2961 2460 3302 2533 ἐσκεμμένως,
3359 2458 3649 2532 ἀχθόμενος
3735 2453 3795 2508 δὲ
3861 2461 3964 2508 καὶ

2343 2559 2455 2614 τοῖς
2496 2552 2684 2614 αἰτίοις
2737 2554 2928 2611 ταύτης
2979 2557 3071 2611 τῆς
3126 2552 3380 2617 στάσεως,
3413 2550 3492 2600 ὅτι
3539 2545 3653 2600 δέον
3704 2550 3961 2619 παριέναι

2346 2647 2522 2714 σιωπῇ
2581 2643 2649 2693 τὰ
2717 2642 2869 2694 θεία⁹
2912 2646 3065 2692 τοῦτο
3112 2641 3213 2713 γὰρ
3268 2640 3299 2696 ἣ
3351 2657 3403 2689 τε
3458 2637 3612 2709 φύσις
3660 2634 3831 2687 αὐτῶν
3881 2638 3958 2694 ὡς

2345 2727 2784 2791 δυσκατάληπτος
2841 2728 3070 2796 ἀπαιτεῖ,
3126 2731 3215 2780 καὶ
3267 2730 3296 2785 ἠ
3368 2728 3584 2801 πάτριος
3639 2730 3957 2799 παραίνεσις

2343 2820 2665 2873 ὑποτίθεται·
2735 2820 2785 2872 οἱ
2838 2815 2899 2871 δὲ
2943 2820 3010 2870 τὰ
3088 2816 3376 2889 ἐσκεμμένα
3425 2835 3480 2869 τε
3543 2814 3951 2890 ὑπερϐαίνουσι,

2341 2913 2432 2961 καὶ
2470 2911 2537 2962 τὰ
2585 2907 2757 2970 καλῶς
2806 2925 3128 2980 σεσιγημενα
3167 2914 3277 2966 τοῖς
3320 2905 3564 2966 παλαιοῖς
3611 2901 3955 2971 διακαίουσι,

2344 2994 2485 3070 μηδὲ
2540 3006 2637 3059 τῆς
2691 2992 2881 3070 ἀνδρός
2924 3014 3059 3056 τινος
3098 3002 3260 3066 σοφοῦ
3313 2997 3627 3066 μεμνημένοι
3678 3012 3955 3066 παραγγε-

2275 3085 2481 3166 αλίας,
2513 3084 2570 3147 ὃς
2623 3084 2755 3157 ἡλίῳ
2802 3084 3085 3158 παρείκαζε
3131 3088 3220 3137 καὶ
3250 3090 3378 3156 πυρὶ
3440 3084 3506 3134 τὰ
3560 3083 3690 3151 θεῖα,
3723 3100 3957 3153 παρηνει

3224 3167 3646 3245 σκαρδαμύττειν
3700 3171 3804 3243 γάρ
3857 3175 3957 3221 καὶ

3230 3264 3357 3325 μήτε
3412 3257 3781 3311 ἀπολείπεσθαι
3853 3266 3954 3309 τοῦ

2345 3170 2407 3227 δὲ
2461 3179 2595 3247 μήτε
2645 3174 2895 3227 ἁντωπείν
2951 3172 3080 3243 ἡλίῳ
3132 3189 3144 3203 ⁸

2345 3262 2716 3336 ἀμαυροῦσθαι
2753 3263 2818 3314 τὰ
2893 3264 3104 3333 ὄμματα
3143 3274 3156 3289 ’

2342 3349 2622 3404 καλλίστου
2691 3353 2877 3403 τούτου
2953 3351 3226 3421 θεάματος,
3281 3347 3388 3399 ἀλλ’
3448 3346 3720 3400 ἀπολαύειν
3779 3346 3953 3398 αὐτοῦ

2343 3449 2768 3515 παρατηροῦντας
2820 3439 2885 3499 ὡς
2939 3435 3044 3490 οἶόν
3100 3457 3155 3490 τε
3181 3451 3197 3468 ·
3247 3444 3320 3509 τῷ
3378 3455 3433 3488 τι
3490 3440 3619 3510 πυρὶ
3670 3439 3742 3507 μὴ
3804 3438 3951 3487 πάνυ

2340 3549 2392 3581 τι
2417 3532 2806 3603 προσεγγίζειν·
2856 3529 3101 3580 καίεσθαι
3140 3528 3242 3600 γάρ
3268 3546 3282 3560 ο
3333 3524 3462 3577 ἀλλά
3499 3520 3628 3596 μηδ’
3681 3522 3951 3575 ἀπωτάτω

2344 3616 2693 3689 ἀφίστασθαι,
2749 3624 2846 3678 τῆς
2902 3618 3218 3689 θερμότητος
3293 3613 3638 3686 βουλομένους
3684 3612 3955 3683 μεταλαγ-

2341 3726 2547 3780 χανειν,

2414 3888 2549 3940 ΦΙΛ.
2600 3884 2685 3945 Ὡς
2738 3880 2792 3936 εὖ
2846 3903 2928 3956 γε,
2978 3883 3019 3934 ὦ
3051 3882 3170 3955 φίλη
3228 3901 3319 3954 μοι
3387 3879 3603 3953 κεφαλὴ,
3665 3882 3783 3950 περί
3837 3886 3948 3929 τῶν

2344 3974 2489 4025 θείων
2540 3968 2766 4044 διανοῇῐ
2834 3973 2970 4024 πάνυ
3027 3972 3129 4046 γάρ
3196 3969 3280 4023 ἐπι
3345 3972 3550 4031 τούτοις
3610 3965 3950 4021 εὐλαϐεῖσθαι

2342 4057 2447 4127 δεῖ,
2479 4066 2571 4121 τὴν
2614 4060 2920 4133 λεπτολόγον
2977 4063 3424 4135 παραιτουμένους
3478 4057 3742 4134 ἀκρίϐειαν
3774 4072 3787 4085 ’
3850 4062 3947 4109 καὶ

2340 4154 2433 4208 τὴν
2467 4148 2539 4223 ἐφ’
2579 4149 2823 4223 ελλεϐόρῳ
2880 4158 2980 4202 τῶν
3032 4148 3220 4223 ἰατρῶν
3250 4146 3345 4199 κάν
3396 4150 3600 4209 τούτοις
3652 4143 3947 4218 διαφυλάτο

2339 4258 2444 4291 τειν
2502 4234 2764 4307 διάταξιν,
2933 4238 3281 4310 καθαίρεσθαί
3347 4255 3476 4308 φασι
3539 4234 3947 4309 παρειλημμένῳ

2339 4336 2686 4402 παχυμερῶς,
2740 4327 2813 4387 εἰς
2860 4322 2919 4378 δὲ
2972 4325 3261 4378 λεπτότατα
3320 4328 3608 4397 τεμνομένῳ
3668 4326 3754 4375 τὸν
3800 4343 3949 4396 χρη-

2344 4419 2559 4488 σάμενον
2617 4416 3021 4486 ἀποπνίγεσθαι,
3071 4413 3226 4467 Ἀλλά
3289 4415 3348 4465 τό
3411 4416 3503 4486 μὲν
3567 4411 3776 4473 ἐκείνοις
3841 4419 3945 4475 τῆς

2337 4505 2530 4577 τόλμης
2586 4503 2818 4576 ἐγκαλεῖν
2901 4502 3154 4575 ἀφείσθω,
3210 4510 3415 4575 νεανικῇ
3501 4502 3771 4577 προθυμίᾳ
3842 4505 3944 4559 τὴν

2339 4597 2503 4658 μέσην
2550 4594 2667 4664 ικαὶ
2722 4592 2843 4645 κατ’
2895 4591 3100 4663 αὐτοὺς,
3173 4589 3468 4652 λακωνικῶς
3520 4590 3719 4663 friatis,
3782 4589 3947 4665 ὑπερ-

2338 4681 2598 4735 ϐαίνουσιο
2635 4685 2701 4734 σὺ
2734 4677 2795 4734 δέ
2822 4701 2913 4754 μοι
2938 4679 3195 4751 τὸνλόγον
3223 4676 3433 4742 διέξιθι.

2409 4776 2553 4826 ΣΩΤ.
2617 4769 2676 4822 ¢0
2719 4771 2811 4843 μὲν
2866 4770 3039 4843 λόγος,
3099 4770 3167 4830 ὡς
3226 4768 3380 4820 εἰπεῖν
3434 4763 3756 4837 συλλήϐδην,
3816 4765 3944 4820 ἀπε-

2338 4863 2544 4932 φαίνετο
2595 4863 2691 4917 τὴν
2738 4858 3159 4933 προσληφθεῖσα)
3216 4864 3286 4926 τῷ
3363 4861 3518 4929 Λόγῳ
3590 4859 3746 4929 φύσιν
3804 4862 3943 4928 μήτε

2337 4956 2409 5020 τῷ
2460 4953 2630 5023 Πατρὶ
2680 4951 3117 5021 προσενηνοχέναι
3169 4949 3328 5018 μόνῳ,
3384 4944 3513 4998 ἀλλά
3563 4950 3651 4999 καὶ
3703 4954 3767 5018 τῇ
3820 4948 3942 4999 θεό-

2340 5126 2573 5199 vocam‘t
2604 5128 2865 5199 θεοφόρον,
2889 5127 2971 5182 ad
2997 5127 3352 5186 Michaelem
3377 5126 3813 5199 patriar-clpam.
3846 5124 3947 5181 Mi-

2337 5198 2608 5273 chaelein
2632 5197 2896 5273 intelligi}
2921 5199 3278 5273 secundum,
3300 5197 3407 5273 qui
3426 5197 3946 5273 sedemﬁqqgtan;

2337 5268 2802 5343 tinopolitanam
2824 5265 3132 5343 abdicavit
3150 5265 3550 5343 anno-Christi
3572 5266 3849 5343 MQXLVI,
3880 5265 3947 5343 id

2337 5344 2427 5396 est
2446 5338 2741 5397 decennio
2762 5344 2902 5397 ante
2946 5342 3106 5398 hanc
3133 5342 3441 5417 synodum
3467 5355 3607 5415 quae
3627 5338 3949 5396 damnavit

2340 5411 2732 5468 Soterichum.

2378 5426 2732 5467 orericnum.

2411 5482 2489 5553 (2)
2514 5483 2787 5547 Quatuor
2805 5482 2888 5551 lii,
2912 5497 3051 5539 cum
3076 5483 3384 5541 nonnullis
3403 5482 3701 5553 dissonis,
3714 5479 3945 5553 favisse

2340 5549 2645 5624 Sotericho
2675 5549 2960 5611 dicuntur
2986 5553 3170 5612 etiam
3196 5556 3260 5612 in
3286 5557 3493 5613 Graeco
3512 5549 3751 5613 scholia
3766 5549 3946 5624 quod

2340 5623 2555 5683 Hiceta
2584 5624 2888 5695 etiam
2914 5626 3111 5692 codici
3138 5626 3507 5700 appingitur.
