4046 6310
615 348 717 411 143

1945 347 2222 406 ΝΙΟΕΤΛΕ
2256 338 2638 405 CHONIATE

3898 351 4018 413 144

611 476 920 550 duplicem
964 477 1094 531 eSse
1151 470 1706 541 sanctiﬁcationem,
1768 472 2019 530 alteram
2072 486 2262 545 quam

2385 479 2439 545 τῇ
2483 476 2641 548 σαρκὶ
2687 469 2972 545 μετέδωκεν
3019 472 3178 539 αὐτὸς
3219 474 3439 549 ὸωθεὶς,
3476 480 3562 532 τὸν
3620 474 3682 532 δέ
3735 475 4013 554 δεύτερον

608 568 740 641 ipse
770 564 936 623 carni
965 563 1211 621 contulit
1229 578 1368 619 cum
1395 563 1448 620 ei
1485 562 1862 636 hypostatice
1907 562 2114 617 unitus
2152 563 2259 629 est,

609 656 858 715 alteram
909 670 1050 711 vero
1095 669 1284 726 quam
1322 668 1430 725 per
1461 651 1826 710 sacriﬁcium
1857 653 2143 725 operatus
2173 652 2265 706 est

607 745 775 820 quod
796 745 946 801 Patri
977 741 1208 799 obtulit.

677 836 854 892 PHIL.
906 831 1085 905 Atqui
1133 832 1181 887 si
1233 846 1500 901 carnem,
1551 830 1707 887 dicet
1752 830 1994 904 aliquis,
2038 828 2262 885 unione

608 941 720 981 sua.
738 926 869 996 jam
909 922 1406 991 sanctiﬁcaverat,
1442 937 1549 978 cur
1576 920 1762 978 altera
1784 919 2261 977 sanctiﬁcatione

601 1013 696 1069 vel
723 1010 1085 1084 perfectione
1115 1025 1269 1082 opus
1299 1009 1407 1066 fuit
1427 1009 1458 1068 ἳ

676 1101 826 1158 SOT.
881 1098 1139 1169 Longius
1178 1113 1215 1154 a
1260 1097 1572 1170 proposito
1618 1112 1776 1165 meo,
1808 1097 2033 1169 optime
2070 1094 2257 1166 Philo,

532 1200 539 1203 ‘
602 1189 880 1246 aberrare
919 1204 1016 1244 me
1062 1187 1320 1245 dicendo
1365 1186 1578 1257 cogis;
1632 1190 1898 1242 attamen
1940 1185 2026 1241 tui
2072 1199 2260 1241 causa

601 1280 764 1336 hunc
791 1277 1062 1335 laborem
1093 1276 1440 1349 suscipiam.
1471 1276 1548 1331 lis
1578 1276 1682 1348 qui
1706 1276 1965 1332 invicem
1993 1273 2258 1330 reconci-

598 1368 821 1424 liantur
850 1382 985 1423 mos
1016 1370 1104 1421 est
1132 1365 1322 1421 mutui
1344 1364 1574 1437 aliquid
1601 1364 1888 1433 muneris,
1916 1362 2091 1436 quasi
2118 1378 2257 1419 con-

602 1457 909 1528 glutinata;
925 1454 1198 1512 amicitiis
1220 1452 1809 1526 arrham,impertiri.
1835 1452 2127 1519 Quoniam
2149 1450 2258 1507 ita-

601 1561 719 1618 que
745 1549 802 1601 et
829 1560 962 1613 nos,
993 1546 1130 1615 post
1158 1542 1261 1598 Dei
1294 1541 1610 1612 offensam,
1641 1541 2012 1598 reconciliari
2058 1540 2257 1597 eidem

601 1630 1004 1706 oportebat,is
1025 1631 1269 1703 quidem
1294 1646 1526 1686 morem
1548 1646 1670 1686 suae
1699 1629 1985 1686 bonitatis
2006 1628 2255 1684 minime

602 1722 904 1787 omittens,
933 1721 1166 1794 primus
1195 1719 1321 1794 ipse
1348 1718 1501 1775 Deus
1529 1718 1809 1782 Verbum,
1834 1718 1937 1791 qui
1976 1717 2055 1774 ab
2085 1717 2255 1774 initio

2376 560 2429 613 ὃν
2496 562 2779 637 εἰργάσατο
2834 560 2927 617 διὰ
2992 564 3201 636 θυσίαν,
3259 567 3331 629 εἰς
3381 571 3467 621 τὸν
3523 573 3731 643 Πατέρα
3780 573 4011 630 ταύτην

2372 649 2670 725 ἀνενεγκών.

2443 834 2580 886 ΦΙΛ.
2641 829 2780 885 Ἀλλ’
2843 833 2982 908 εἴπερ
3042 832 3095 899 ἐξ
3147 833 3311 898 αὐτῆς
3374 837 3562 909 ἠγίακε
3616 840 3820 897 ταύτην
3872 837 4009 892 ἐνώ-

2373 938 2520 991 σεως,
2577 924 2703 993 φαίη
2754 940 2834 984 τις
2873 921 2953 989 ἂν,
2993 927 3045 975 τί
3080 920 3164 977 δεῖ
3200 944 3324 979 ποτε
3370 931 3460 980 καὶ
3504 924 3676 1001 ἐτέρου
3722 925 4003 1001 δευτέρου

2371 1010 2637 1082 ἀγιασμοῦ
2661 1026 2675 1077 ;
2706 1015 2860 1073 ποίας
2882 1008 2942 1065 δε
2968 1011 3272 1077 τελειώσεως
3303 1031 3318 1082 ;

2440 1104 2583 1152 ΣΩΤ.
2616 1102 2925 1175 Μακρὸτερά
2962 1120 3026 1174 με
3062 1107 3154 1155 καὶ
3203 1110 3295 1156 τοῦ
3330 1102 3509 1175 λόγου,
3553 1106 3735 1179 ἄριστε
3786 1106 3999 1179 Φίλων,

2371 1183 2678 1258 ἀναγκάζεις
2731 1187 2894 1261 λέγειν
2923 1206 2936 1219 ’
2983 1190 3240 1262 πλὴνὶκαι
3287 1201 3440 1247 τοῦτο
3481 1198 3579 1253 σὴν
3620 1198 3833 1265 εἷρηταε
3880 1198 4002 1269 χοί-

2366 1293 2471 1347 ριν,
2520 1273 2676 1337 Ἕθος
2727 1284 2834 1338 τοῖς
2887 1278 3379 1353 καταλλαττομίνοις
3427 1280 3539 1336 ἔστί
3587 1282 3878 1357 λαμϐάνειν
3938 1304 3998 1338 τε

2365 1362 2490 1436 παρ’
2561 1362 2789 1423 ἀλλήλων
2847 1374 2942 1429 τῆς
3007 1365 3513 1444 ἐμπεδωθησομένης
3590 1372 3758 1445 φιλίας
3823 1372 4000 1446 ἐχέγ-

2365 1473 2526 1525 γυον·
2581 1450 2785 1529 ἐπείπερ
2839 1452 2927 1508 οὖν
2973 1462 3062 1510 καὶ
3115 1460 3254 1532 ἡμᾶς
3317 1457 3391 1513 δι’
3440 1463 3635 1536 ἔχθρας
3688 1468 3997 1536 γεγονότας

2367 1550 2481 1614 Θεῷ
2521 1540 2686 1618 ἐχρῆν
2732 1544 3200 1618 καταλλάττεσθαι,
3245 1555 3341 1612 τῆς
3386 1551 3524 1614 θείας
3578 1550 3673 1604 οὐκ
3723 1550 3993 1625 ἀνασχό-

2364 1653 2517 1707 μενος
2590 1632 2874 1707 ἀφεστάναι
2951 1633 3242 1703 διαπαντὸς
3305 1641 3651 1713 ἁγαθότητος,
3716 1648 3994 1718 πρότερον

2366 1723 2522 1787 αὐτὸς
2560 1724 2587 1777 ὀ
2633 1729 2724 1778 καὶ
2767 1729 2862 1785 τὴν
2901 1725 3075 1802 ἀρχὴν
3122 1730 3433 1794 ὑποστήσας
3475 1737 3647 1804 Λόγος
3694 1737 3793 1792 τὴν
3843 1736 3993 1807 ἦμες

601 1809 1250 1880 subsistebat,substan
1260 1808 1337 1864 tia
1348 1812 1552 1865 nostra
1563 1811 2257 1881 suscepta,peccatorum

2385 1811 2544 1872 ΐαπην
2598 1813 2817 1888 εἰληφὼς
2867 1815 3051 1870 οὐσίαν
3118 1814 3403 1873 ἀντέδωκεν
3468 1822 3595 1895 ἡμῖν
3657 1822 3993 1899 ἁμαρτημά-

600 1900 1021 1958 remissionem
1054 1896 1231 1954 nobis
1274 1896 1523 1969 largitus
1560 1901 1667 1965 est,
1700 1902 1882 1970 atque
1910 1912 1983 1954 ex
2007 1895 2259 1968 antiqua

603 1989 815 2046 fraude
840 1988 1077 2061 eripuit,
1107 1987 1309 2044 multis
1339 1987 1626 2060 mirisque
1669 1986 1899 2043 collatis
1928 1985 2257 2042 beneﬁciis.

605 2080 721 2138 Sed
740 2080 883 2152 quia
901 2079 1081 2135 etiam
1097 2077 1331 2135 Patrem
1344 2120 1356 2144 ,
1369 2077 1471 2151 qui
1490 2076 1815 2150 adoptione
1832 2092 1947 2133 nos
1968 2075 2261 2148 dignaba-

605 2177 720 2240 tur,
738 2168 961 2241 aliquid
986 2184 1021 2225 a
1049 2167 1227 2224 nobis
1248 2167 1520 2240 accipere
1549 2182 1792 2240 aequum
1807 2170 1950 2238 erat,
1965 2165 2143 2222 nobis
2158 2181 2262 2222 au-

606 2265 727 2316 tem
744 2258 890 2314 nihil
911 2272 1130 2330 purum
1154 2255 1381 2323 aderat,
1406 2260 1510 2312 aut
1530 2255 1631 2311 Dei
1654 2256 1968 2327 majestate
1983 2255 2258 2327 dignum,

607 2352 858 2420 peccato
874 2345 1083 2402 omnia
1093 2343 1828 2414 commaculante,idcirco
1843 2344 2046 2416 ipsum
2060 2343 2265 2399 thean-

611 2435 841 2492 dricum
872 2434 1589 2506 Verbum,paupertatem
1611 2438 1883 2489 nostram
1902 2448 2012 2489 ceu
2040 2431 2267 2489 media-

611 2530 705 2582 tor
741 2523 1049 2596 supplens,
1078 2521 1471 2578 humanitatis
1525 2520 1723 2577 forma
1770 2521 2042 2591 indutus,
2083 2536 2262 2577 suum

613 2613 828 2670 obtulit
848 2611 1226 2682 sanguinem,
1240 2610 1546 2666 victimam
1561 2609 2035 2682 immaculatam,
2051 2610 2270 2667 saluta-

616 2717 744 2759 rem
764 2700 1048 2771 h0stiam,
1068 2700 1144 2755 ad
1161 2715 1273 2756 nos
1297 2715 1437 2755 cum
1458 2701 1626 2756 Patre
1645 2698 2055 2755 conciliandos
2072 2698 2274 2757 efﬁca-

617 2790 942 2847 cissimam.
966 2790 1160 2855 Quam
1180 2803 1309 2844 rem
1334 2803 1494 2861 sazpe
1523 2785 1791 2844 declarat
1818 2787 1991 2844 divus
2018 2788 2267 2846 Paulus:

616 2879 942 2950 Justiﬁcati
968 2879 1145 2947 enim,
1180 2878 1263 2934 ait
1288 2878 1692 2949 in,sanguine
1726 2877 1893 2947 Filii,
1928 2893 2038 2948 per
2076 2880 2271 2949 ipsum

618 2970 776 3027 salvi
805 2970 1024 3024 erimus
1048 2969 1089 3024 ί.
1121 2970 1187 3023 Et
1216 2982 1425 3022 rursus
1450 2982 1462 3020 :
1507 2966 1621 3034 Qui
1642 2967 1870 3022 inimici
1896 2981 2154 3038 eramus,
2177 2982 2272 3023 re-

621 3058 933 3116 conciliati
948 3072 1151 3113 sumus
1165 3071 1277 3126 per
1293 3057 1649 3127 sanguinem
1673 3055 1821 3112 Filii
1843 3058 1971 3127 ejus
1987 3058 2029 3111 ³.
2055 3056 2275 3123 Quidni

2366 1923 2464 1968 των
2529 1905 2733 1977 ἄγεσιν,
2787 1909 2881 1965 τὴν
2948 1903 3003 1958 ἔκ
3067 1914 3164 1969 τῆς
3226 1908 3426 1971 πλάνης
3491 1907 3818 1984 ἀπαλλαγὴν,
3893 1914 3995 1973 τὰς

2367 1990 2556 2054 πολλὰς
2635 1991 2827 2055 ἐκείνας
2891 1992 3189 2071 ἐνηργηκὼς
3252 1997 3550 2072 εὐεργεσίας
3615 2005 3705 2053 καὶ
3771 2001 3993 2073 θαυμα-

2373 2082 2544 2143 στάςο
2607 2079 2716 2135 ἐπεὶ
2768 2079 2828 2136 δὲ
2884 2089 2975 2137 καὶ
3025 2088 3112 2138 τὸν
3166 2091 3376 2163 Πατέρα
3425 2086 3591 2161 ἕχρῆν
3635 2087 3871 2143 λαϐόντα
3912 2108 3994 2143 γτε

2369 2168 2493 2243 παρ’
2547 2171 2693 2243 ἡμῶν
2749 2176 2842 2232 τὴν
2904 2175 3168 2228 υἱοθεσίαν
3222 2173 3698 2252 ἁντιχαρίσασθαι,
3763 2186 3992 2254 προσῆν

2374 2253 2432 2311 δε
2475 2260 2601 2333 ἡμῖν
2634 2257 2783 2315 οὗδὶν
2837 2265 3087 2337 καθαρὸν,
3125 2260 3252 2317 οὐδὲ
3293 2271 3385 2326 τῆς
3427 2265 3586 2319 αὐτοῦ
3625 2253 3990 2339 μεγαλειότη-

2371 2367 2459 2411 τος
2514 2348 2678 2418 ἄξιον,
2737 2358 2827 2412 τῆς
2874 2350 3132 2427 ἁμαρτίας
3188 2355 3358 2407 πάντα
3402 2353 3763 2420 ἐπιθολούσης,
3816 2356 3992 2420 αὐτὸς

2374 2443 2400 2494 ὁ
2468 2440 2789 2515 θεανθρωπος
2869 2446 3063 2513 Λόγος,
3126 2445 3186 2494 τὸ
3247 2449 3343 2506 τῆς
3409 2440 3688 2517 ἡμεδαπῆς
3753 2443 3989 2522 ἀπορίας

2375 2529 2682 2603 ἀναπληρῶν
2749 2528 2840 2583 ἆτε
2894 2534 3132 2603 μεσίτης,
3194 2529 3242 2583 ἐν
3297 2537 3563 2606 προσώπῳ
3613 2541 3710 2595 τῆς
3764 2532 3987 2611 ἀνθρω-

2375 2624 2601 2682 πότητος
2676 2622 2735 2671 τὸ
2810 2617 2970 2672 αὐτοῦ
3044 2625 3427 2694 προσενήνοχεν
3493 2623 3645 2697 αξαα,
3710 2624 3993 2699 ἄχραντον

2381 2711 2540 2781 θῦμα,
2585 2713 2839 2782 σωτήριον
2895 2708 3235 2784 καλλιέρημα,
3289 2718 3381 2772 τῆς
3435 2715 3564 2786 πρὸς
3618 2716 3706 2766 τὸν
3771 2716 3995 2788 Πατέρα

2378 2797 2707 2869 καταλλαγῆς
2761 2798 2887 2869 ἡμῖν
2954 2797 3256 2851 αἰτιώτατον
3289 2815 3304 2829 ⁶
3364 2798 3390 2852 ὃ
3446 2800 3717 2873 πολλαχοῦ
3753 2806 3848 2855 καὶ
3913 2803 3995 2855 θε-

2384 2891 2601 2948 σπέσιος
2675 2884 3013 2959 ἀποφαίνεται
3087 2887 3291 2950 Παῦλος
3330 2903 3346 2919 ⁶
3416 2892 3785 2953 Δικαιωθέντες
3856 2893 3992 2967 γὰρ,

2384 2980 2562 3049 φησὶν,
2626 2973 2675 3028 ἐν
2731 2983 2804 3047 τῷ
2869 2976 3056 3049 αἵματι
3115 2984 3208 3030 τοῦ
3272 2979 3396 3031 Υίοῦ
3460 2980 3813 3053 σωθησόμεθα
3916 2976 3997 3033 δι’

2384 3065 2578 3118 αὐτοῦ’
2652 3067 2744 3116 καὶ
2813 3061 2961 3126 αὖθις
2994 3082 3005 3094 ·
3084 3065 3304 3142 Ἐχθροὶ
3378 3071 3518 3131 ὄντες
3589 3068 3994 3142 κατηλλάγημεν

624 3165 767 3220 ergo
803 3147 981 3204 valde
1019 3147 1093 3203 sit
1132 3146 1468 3203 absurdum
1510 3145 1728 3216 dicere,
1756 3145 2121 3203 sacriﬁcium
2158 3146 2270 3205 hoc

2385 3163 2455 3226 τῷ
2495 3161 2610 3225 Θεῷ
2659 3149 2753 3207 διὰ
2788 3162 2880 3207 τοῦ
2918 3156 3140 3228 αἵματος
3179 3164 3274 3210 τοῦ
3321 3159 3447 3211 Υἰοῦ
3491 3158 3678 3216 αὐτοῦ.
3739 3164 3858 3221 Πῶς
3899 3154 3995 3213 οὖν

625 3240 745 3294 Deo
774 3236 967 3292 Verbo
993 3235 1176 3292 fuisse
1202 3234 1472 3292 oblatum
1495 3233 1524 3289 7
1563 3233 1716 3301 Quid
1745 3234 1907 3291 enim
1934 3235 2133 3307 ipsum
2175 3250 2277 3292 ne~

626 3340 794 3381 cesse
823 3330 951 3382 erat
990 3324 1365 3381 reconciliari
1402 3323 1602 3391 nobis,
1629 3323 1734 3396 qui
1757 3324 1886 3395 jam
1916 3324 2056 3381 inde
2085 3324 2164 3380 ab
2203 3340 2275 3381 eo

627 3421 918 3486 tempore,
945 3429 1067 3486 quo
1089 3430 1151 3469 se
1180 3413 1348 3470 carni
1369 3412 1889 3484 conjunxit,nobis
1916 3418 2044 3470 erat
2070 3428 2277 3470 recon-

628 3504 862 3560 ciliatus
885 3503 915 3559 ‘i
954 3505 1070 3559 Cur
1096 3517 1310 3558 rursus
1341 3517 1465 3558 non
1497 3502 1573 3557 sit
1597 3502 1904 3569 insanum,
1935 3517 2044 3575 per
2070 3503 2277 3575 hujus-

628 3591 794 3649 modi
811 3588 1165 3648 sacriﬁcium
1184 3589 1635 3663 sibimetipsum
1647 3605 1775 3645 esse
1786 3590 2234 3648 reconciliatum
2247 3591 2276 3647 ?

629 3684 741 3736 Ant
755 3686 1034 3737 naturam
1050 3678 1297 3751 quidem
1309 3678 1439 3750 ejus
1457 3694 1530 3734 ex
1542 3677 1717 3734 nobis
1729 3684 2277 3753 sumptam,pacem

627 3769 851 3826 habere
866 3768 1215 3836 nobiseum;
1248 3766 1522 3838 ejusdem
1538 3783 1680 3823 vero
1696 3766 1976 3825 deitatem
2000 3769 2278 3826 humani-

627 3861 734 3918 tati
764 3858 1017 3921 unitam,
1044 3861 1319 3931 oportere
1346 3856 1523 3913 nobis
1551 3872 1659 3932 per
1687 3857 2047 3915 sacriﬁcium
2073 3874 2279 3915 recon-

628 3949 810 4007 ciliari
838 3951 868 4007 ?
899 3948 1077 4015 Quasi
1115 3938 1255 4003 eum
1283 3946 1467 4004 Paulo
1496 3945 1771 4004 dicamus
1804 3963 1817 4003 :
1869 3949 2023 4003 Num
2052 3947 2277 4003 divisus

626 4044 719 4096 est
765 4038 1033 4097 Christus
1065 4039 1094 4095 ?
1139 4037 1221 4094 ita
1258 4040 1323 4093 ut
1358 4052 1502 4110 pars
1540 4036 1689 4108 ejus,
1720 4034 1937 4108 amica,
1969 4052 2110 4109 pars
2141 4051 2279 4094 vero

629 4129 765 4199 alia,
793 4127 1141 4186 adversaria
1171 4127 1247 4184 sit
1272 4129 1301 4183 τι*

700 4220 878 4276 PHlL.
901 4221 971 4274 At
990 4216 1173 4280 enim,
1197 4215 1245 4272 si
1262 4204 1443 4288 quod
1472 4216 1628 4274 Patri
1657 4216 1924 4287 offertur,
1955 4231 2062 4290 per
2089 4219 2279 4274 Deum

628 4306 889 4363 Verbum
918 4304 1163 4363 offertur
1188 4322 1202 4362 :
1235 4305 1416 4363 Nemo
1442 4308 1620 4371 enim,
1648 4305 1735 4362 uti
1757 4306 2047 4379 scriptum
2077 4307 2282 4377 est,ad

628 4397 871 4455 Patrem
900 4396 1061 4453 venit
1081 4395 1201 4451 nisi
1222 4409 1333 4464 per
1359 4396 1489 4450 me3
1515 4410 1528 4461 ;
1559 4395 1870 4467 quomodo
1898 4396 2027 4452 ﬁeri
2046 4400 2282 4470 poterat

2385 3242 2478 3296 οὐκ
2543 3240 2773 3304 ἐπιεικῶς
2845 3241 2987 3296 ἐστιν
3050 3245 3243 3298 ἄτοπον
3311 3248 3507 3305 ταύτην
3567 3249 3995 3321 προσενεχθῆναι

2382 3337 2477 3392 τὴν
2531 3333 2717 3385 θυσίαν
2762 3330 2926 3404 λέγειν
2977 3341 3050 3405 τῷ
3098 3341 3213 3406 Θεῷ
3256 3339 3451 3408 Λόγῳ;
3511 3341 3663 3400 Τίνος
3727 3339 3832 3410 γὰρ
3860 3339 3993 3411 ἡμῖν

2383 3423 2515 3496 πρὸς
2562 3428 2714 3474 τοῦτο
2763 3417 2870 3475 ἔδει
2911 3421 3257 3495 καταλλαγῆς,
3301 3423 3352 3485 ὃς
3400 3422 3455 3488 ἐξ
3491 3424 3659 3489 αὐτῆς
3711 3427 3840 3498 ἡμῖν
3892 3444 3991 3479 κα-

2382 3508 2659 3568 τήλλαττεν
2715 3516 2812 3573 τῆς
2854 3509 3126 3579 ἕνὼσεως;
3191 3518 3304 3573 Πῶς
3371 3508 3430 3566 δέ
3481 3512 3577 3566 οὐκ
3633 3512 3851 3573 ἀνόητον
3913 3513 3992 3567 λί-

2382 3607 2492 3671 γειν
2540 3595 2635 3652 διὰ
2687 3605 2779 3661 τῆς
2818 3601 3002 3662 θυσίας
3048 3602 3238 3662 ταύτης
3287 3600 3444 3655 αὐτὸν
3488 3601 3652 3674 ἐαυτῷ
3690 3602 3990 3657 καταλλάτ-

2384 3690 2610 3757 τεσθαι;
2670 3689 2700 3748 ἢ
2763 3692 2852 3747 την
2901 3691 2993 3762 μὲν
3040 3688 3093 3753 ἐξ
3148 3691 3293 3763 ἡμῶν
3339 3690 3764 3767 προσληφθεῖσαν
3826 3695 3990 3766 φύσιν

2386 3779 2527 3849 ἔχειν
2582 3779 2711 3854 πρὸς
2778 3778 2914 3851 ἡμᾶς
2975 3777 3194 3846 οἰκείως,
3253 3784 3347 3839 τὴν
3410 3776 3464 3833 δ’
3518 3780 3789 3835 ἐνωθεῖσαν
3848 3777 3986 3853 αὐτῇ

2390 3867 2609 3925 θεοῖ-ητα
2657 3862 2870 3919 δεῖσθαι
2915 3875 3011 3928 τῆς
3053 3871 3184 3940 πρὸς
3230 3869 3371 3942 ἡμᾶς
3411 3864 3697 3932 διάθυσίας
3733 3869 3988 3924 καταλλα-

2384 3962 2530 4025 γῆς;
2572 3961 2637 4008 Ἢ
2695 3957 2828 4009 κατὰ
2872 3955 3074 4009 Παῦλον
3131 3956 3325 4009 εἰπεῖν’
3393 3961 3721 4034 Μεμέρισται
3756 3960 3783 4012 ὁ
3854 3966 3993 4033 Χρε-

2390 4046 2554 4111 στός;
2610 4045 2675 4105 ὡς
2722 4040 2852 4097 εἶναι
2896 4047 2954 4097 τὸ
3001 4052 3092 4117 μὲν
3159 4043 3300 4118 φίλον
3348 4044 3510 4119 αὐτῷ,
3561 4049 3620 4099 τὸ
3679 4042 3738 4100 δὲ
3791 4044 3991 4101 ἀντίθε-

2386 4150 2472 4185 τον
2480 4175 2492 4188 υ

2461 4226 2597 4278 ΦῙΛ.
2643 4220 2776 4274 Ἀλλ’
2827 4225 2989 4298 εἴπερ,
3048 4226 3202 4295 φησὶ,
3242 4226 3301 4276 τὸ
3357 4230 3430 4296 τῷ
3450 4228 3618 4299 Πατρὶ
3659 4228 3990 4298 προσαγόμε-

2388 4329 2470 4363 νον
2519 4307 2615 4363 ὃιὰ
2659 4318 2752 4364 τοῦ
2815 4316 2943 4365 Θεοῦ
3004 4316 3165 4384 Δόγου
3219 4314 3580 4388 προσάγει-αι’
3608 4310 3798 4376 Οὐδεὶς
3861 4316 3987 4387 γὰρ,

2389 4404 2538 4473 φησὶ,
2601 4403 2732 4473 πρὸς
2783 4403 2868 4454 τὸν
2935 4404 3143 4476 Πατέρα
3198 4402 3410 4477 ἔρχεται
3467 4402 3511 4456 εἰ
3556 4406 3628 4475 μη
3698 4398 3773 4455 δι’
3835 4404 3985 4476 ἐμοῦ,

630 4491 696 4542 ut
737 4483 853 4540 hoc
908 4482 1270 4540 sacriﬁcium
1318 4482 1648 4554 offerretur,
1698 4483 1811 4539 nisi
1861 4488 2041 4542 antea
2087 4484 2270 4558 ipsius

2386 4497 2497 4552 πῶς
2553 4487 2667 4549 ἐνῆν
2728 4491 3147 4566 προσενηνέχθαι
3210 4494 3304 4549 τὴν
3373 4492 3564 4545 θυσίαν
3628 4494 3847 4561 ταύτην,
3911 4494 3983 4564 μὴ

630 4572 924 4643 Unigeniti
952 4571 1157 4629 deitati
1181 4570 1392 4628 fuisset
1420 4569 1693 4629 oblatum
1719 4573 1748 4628 ?

701 4752 849 4810 SOT.
891 4752 1021 4806 Non
1056 4748 1231 4807 Verbi
1257 4749 1469 4820 deitas,
1502 4764 1538 4805 ο
1566 4748 1766 4818 sodes,
1791 4764 2058 4823 namque
2083 4751 2161 4808 ad
2190 4751 2276 4825 ip-

631 4857 768 4897 sum
794 4838 1128 4897 orationem
1148 4853 1352 4895 meam
1372 4842 1677 4906 converto,
1713 4838 1823 4896 sed
1857 4839 2278 4899 theandricum

626 4933 954 5005 ipsummet
972 4928 1257 4998 Verbum,
1281 4942 1392 4985 ceu
1411 4928 1472 4984 in
1493 4932 1810 5001 assumpta
1831 4933 2051 4988 natura
2077 4932 2279 5004 ponti-

628 5021 745 5092 fex,
767 5023 826 5076 et
851 5024 996 5075 tunc
1032 5017 1348 5091 proprium
1384 5017 1744 5087 sanguinem
1782 5018 2014 5091 obtulit,
2038 5025 2096 5078 et
2120 5036 2282 5078 nunc

629 5109 895 5165 salvatos
935 5106 1088 5165 Patri
1127 5103 1322 5172 offert,
1359 5111 1427 5162 ut
1468 5107 1663 5176 gratia
1701 5122 1815 5163 sua
1852 5107 2090 5167 deiﬁcet
2121 5126 2133 5166 :
2184 5110 2283 5167 hic

628 5197 853 5271 quippe
882 5201 972 5255 est
999 5196 1319 5254 oblationis
1346 5195 1501 5253 ﬁnis.
1544 5195 1839 5267 Intelliges
1878 5202 2078 5256 autem
2117 5201 2284 5273 quod

628 5285 886 5359 dicimus
913 5285 1007 5342 vel
1027 5302 1099 5342 ex
1127 5284 1227 5344 illo
1257 5285 1424 5358 quod
1447 5284 1509 5342 in
1536 5284 1734 5355 ﬁgura
1756 5285 1942 5344 ﬁebat
1969 5288 2282 5362 sacriﬁcio,

629 5374 773 5431 Nam
802 5371 1066 5447 quatuor
1089 5375 1151 5430 in
1170 5374 1408 5445 ﬁgurali
1434 5373 1536 5431 illo
1558 5373 2003 5449 spectabantur,
2035 5377 2283 5448 oblatio,

628 5463 1019 5532 consecratio,
1062 5462 1333 5533 elevatio,
1382 5463 1669 5537 expiatio.
1711 5462 2085 5524 Offerebatur
2122 5469 2285 5528 enim

703 5642 718 5674 ¹
763 5616 932 5699 Rom.
958 5655 1016 5729 v,
1045 5641 1099 5699 9.
1176 5640 1199 5676 ²
1237 5639 1390 5700 Ibid.
1431 5644 1517 5701 to.
1593 5642 1616 5677 ³
1650 5644 1824 5706 Joan.
1855 5658 1969 5714 xxv,
2011 5647 2064 5706 6.

2386 4582 2632 4654 πρότερον
2694 4586 2757 4653 τῇ
2825 4584 2917 4632 τοῦ
2980 4585 3294 4653 Μονογενοῦς
3356 4582 3801 4655 προσενεχθεῖσαν
3871 4583 3985 4635 θεό-

2386 4686 2505 4727 τητι
2537 4683 2552 4735 ;
3828 4724 3833 4729 .

2457 4763 2601 4813 ΣΩΤ.
2658 4757 2782 4831 Οὐχ
2842 4758 2872 4817 ἡ
2928 4763 3020 4810 τοῦ
3071 4763 3242 4832 Λόγου
3305 4760 3507 4826 θεότης,
3556 4757 3597 4813 ὦ
3633 4760 3801 4831 οὗτος,
3860 4760 3986 4834 πρὸς

2386 4848 2488 4922 γὰρ
2534 4845 2720 4899 ἐκεῖνον
2759 4850 2957 4921 στρέφω
3004 4851 3091 4900 τὸν
3127 4846 3299 4921 λόγον,
3347 4850 3399 4901 ἓν
3436 4856 3550 4912 ταῖς
3585 4854 3719 4923 πρὸς
3752 4852 3843 4903 τὸν
3884 4855 3987 4903 Πα-

2389 4941 2514 5013 τέρα
2558 4942 2931 5009 προσαγωγαῖς
2988 4934 3339 5010 ἐμεσίτευσεν,
3395 4936 3522 4990 ἀλλ’
3584 4938 3742 5001 αὐτὸς
3790 4940 3817 4991 ὁ
3870 4939 3986 4992 sciv-

2393 5027 2593 5101 θρωπος
2660 5030 2830 5099 Λόγος
2894 5031 3238 5101 χρηματίσας
3300 5028 3437 5080 κατὰ
3501 5032 3595 5087 τὴν
3662 5027 3987 5104 πληροφορη-

2395 5117 2569 5169 θείσαν
2630 5117 2784 5188 φύσιν
2842 5112 3133 5190 ἀρχιερεὺς,
3190 5120 3280 5169 καί
3332 5119 3446 5169 τότε
3486 5119 3546 5170 τὸ
3608 5118 3797 5171 οἰκεῖον
3862 5116 3992 5188 αἷμα

2392 5208 2764 5279 προσαγαγὼν,
2824 5208 2915 5256 καὶ
2971 5211 3060 5257 νῦν
3115 5207 3236 5268 τοὺς
3300 5204 3629 5279 σωζομένους
3689 5202 3763 5259 δι’
3830 5205 3989 5261 αὐτοῦ

2392 5294 2670 5367 προσάγων
2713 5300 2787 5365 τῷ
2840 5297 3029 5366 Πατρὶ,
3081 5296 3165 5348 ἱνα
3216 5295 3382 5367 θεώση
3427 5301 3490 5368 τῇ
3539 5296 3732 5371 χάριτι
3761 5316 3775 5331 ο
3843 5300 3988 5350 τοῦτο

2392 5374 2494 5458 γὰρ
2524 5387 2622 5445 τὴς
2658 5392 3009 5457 προσαγωγῆς
3046 5385 3106 5436 τὸ
3149 5383 3308 5446 τέλος.
3359 5385 3565 5448 Μάθοις
3607 5380 3658 5438 δ’
3698 5383 3758 5438 ἂν
3806 5390 3896 5439 καὶ
3934 5380 3987 5435 ἐκ

2394 5481 2490 5535 τῆς
2530 5475 2667 5528 κατὰ
2721 5476 2881 5528 τύπον
2945 5474 3132 5538 θυσίας
3188 5473 3216 5528 ὃ
3262 5472 3510 5548 λέγομεν·
3580 5477 3817 5549 τέσσαρσί
3878 5489 3989 5528 τινα
