4046 6310
538 283 679 373 ‘m

1893 318 2161 375 Nicena
2204 304 2589 375 CHONIATAE

3872 314 4022 375 141

574 430 746 496 alibi:
782 431 971 498 Unica
997 439 1149 496 sitim
1197 436 1497 497 oblatione
1524 443 1951 498 consummavit
1975 456 2087 507 eas,
2122 442 2227 514 qui

2368 446 2513 495 αυτὸν
2595 440 2886 515 ἀνενέγκας
2952 449 3044 497 καὶ
3111 429 3367 519 ἆλλαχοῧ⁸
3436 453 3551 501 Μιᾱ
3602 420 3702 521 γὰρ
3759 463 4022 521 προσ-

573 526 829 593 bertant,
851 532 916 585 in
939 534 1293 601 perpetuum
1314 531 1360 587 ³.
1379 530 1523 587 Cum
1542 544 1686 601 ergo
1711 531 2030 603 Apostolus
2043 531 2223 599 dicat,

577 616 762 674 semel
786 618 844 673 et
877 617 1117 673 unicam
1168 612 1351 674 fuiSSe
1395 618 1526 691 ejus
1566 617 1957 687 oblationem,
1995 622 2057 676 tu
2085 637 2225 677 eum

579 703 770 763 semet
791 703 1005 762 oﬁ'erre
1026 702 1296 778 quotidie
1318 705 1589 764 afﬁrmas
1606 707 1635 764 ‘2

649 882 832 945 PHIL.
886 882 958 946 Se
1009 887 1215 961 ipsum
1254 887 1502 961 quidem
1558 887 1743 945 semel
1792 888 2025 957 obtulit,
2058 889 2232 946 offert

579 981 782 1036 tamen
815 981 873 1033 et
926 984 1114 1041 nunc,
1160 980 1227 1033 ut
1272 977 1558 1044 diximus,
1609 993 1713 1034 eos
1741 977 1846 1051 qui
1892 994 2000 1051 per
2027 978 2230 1051 ipsum

581 1065 733 1124 salvi
750 1066 925 1123 ﬁunt.
954 1065 1210 1124 Oﬂ‘ertur
1229 1066 1491 1138 denique
1517 1067 1894 1138 perhostiam
1918 1068 2068 1125 mire
2092 1083 2231 1123 con-

581 1171 823 1213 versam
872 1155 934 1213 in
966 1156 1097 1228 ejus
1146 1155 1449 1221 viviﬂcum
1497 1160 1555 1212 et
1584 1156 1845 1213 salutare
1896 1172 2117 1230 corpus
2160 1172 2232 1214 ac

582 1240 965 1316 sanguinem.
990 1247 1197 1301 Nonne
1214 1244 1375 1300 enim
1390 1246 1732 1302 sacerdotes
1744 1245 1920 1302 audis
1942 1245 2006 1302 in
2030 1246 2230 1316 singu-

581 1331 656 1391 lis
682 1332 888 1391 missis
913 1332 1213 1391 dicentes:
1247 1355 1275 1385 ‹‹
1304 1334 1652 1393 lmmolatur
1681 1336 1890 1404 Agnus
1912 1333 1940 1390 ?

660 1513 808 1572 SOT.
866 1510 1149 1570 Praeclare
1193 1510 1440 1585 quidem
1496 1511 1613 1569 hoc
1659 1513 1739 1570 ab
1796 1513 1941 1587 ipsis
1997 1512 2233 1576 dicitur,

586 1599 736 1658 dum
754 1603 1018 1657 veterem
1036 1600 1200 1659 illam
1212 1601 1562 1674 passionem
1574 1607 1719 1675 tanq
1728 1618 1863 1659 uam
1882 1608 2239 1676 praesentem

588 1688 953 1762 exprimunt.
977 1690 1154 1758 Quasi
1182 1691 1343 1747 enim
1370 1692 1692 1764 praesentia
1725 1707 1794 1748 ac
1829 1707 1987 1748 nova
2007 1692 2241 1765 peragit

2337 537 2471 605 φορᾴ
2577 530 2864 586 τετελείωδιε

2339 616 2594 683 διηνεκές.

2966 538 3086 595 τοὺς
3192 535 3602 609 ἀγωνιζομένους
3704 536 3778 598 εἰς
3947 536 4022 585 τε

2678 621 2830 674 Οὕτω
2894 630 2985 674 τοῦ
3058 622 3380 681 Ἀποστολου
3463 624 3718 696 λέγοντος,
3800 623 4022 676 ἅτταὲ

2338 714 2428 762 καὶ
2482 714 2606 781 μίαν
2653 705 2784 762 εἶναι
2831 714 2924 768 τὴν
2975 710 3161 764 ἑαυτοῦ
3212 716 3536 788 προσφορὰν,
3595 716 3659 766 σὺ
3709 716 4022 786 προσφέ-

2338 818 2443 872 ρειν
2473 798 2651 850 ἑαυτὸν
2671 797 2789 851 καθ’
2807 799 3031 857 ἑκάστην
3051 800 3216 872 λέγεις
3239 819 3252 869 ;

2410 892 2549 947 ΦΙΛ.
2637 886 2793 940 Ἀλλὰ
2862 892 3187 964 προσήνεγκε
3263 893 3353 963 μὲν
3450 889 3633 943 ἑαυτὸν
3710 886 4022 961 ἐφάπαξ,

2338 979 2617 1050 προσφέρει
2675 972 2733 1029 δὲ
2782 981 2873 1029 καὶ
2913 986 3000 1030 νῦν
3048 981 3168 1041 τοὺς
3212 975 3285 1032 δι’
3366 979 3528 1032 αὐτοῦ
3587 978 4022 1053 σωζομένους.

2340 1070 2407 1127 ὡς
2461 1067 2667 1137 ἔφημεν.
2727 1071 3077 1142 Προσφέρεται
3142 1063 3202 1120 δὲ
3253 1065 3345 1120 διὰ
3405 1077 3498 1128 τῆς
3545 1067 3611 1129 εἰς
3670 1070 3731 1120 τὸ
3783 1066 4022 1120 αὐτοῦ

2342 1155 2597 1215 ζωποιὸν
2632 1154 2740 1207 ’καὶ
2793 1160 3051 1231 σωτήριον
3101 1160 3254 1229 σῶμα
3318 1162 3407 1208 καὶ
3459 1158 3591 1229 αἷμα
3629 1155 4022 1229 μιταϐαλλα

2342 1245 2497 1316 μένης
2550 1244 2818 1318 ὑπερφυῶς
2871 1246 3072 1306 θυσίας’
3131 1245 3285 1298 Ἀλλὰ
3344 1254 3444 1297 τῶν
3518 1248 4022 1317 ἱερουργούντων,

2344 1336 2519 1405 φησίν,
2565 1332 2659 1384 οὐκ
2706 1332 2897 1393 ἐπαίεις
2961 1334 3077 1386 καθ’
3130 1334 3356 1392 εκάστην
3413 1336 3703 1408 ἱερουργίαν
3760 1332 4022 1405 λεγόν-

2346 1439 2464 1471 των·
2496 1442 2523 1469 (ι
2549 1423 2741 1474 Θύεται
2767 1422 2792 1473 ὁ
2825 1420 3019 1494 ἁμνὸς;
3052 1441 3083 1475 ν

2418 1516 2563 1567 ΣΩΤ.
2612 1513 2830 1581 Λέγεται
2867 1514 2957 1583 μὲν
3006 1512 3130 1584 παρ’
3187 1511 3366 1573 αὐτοῖς
3395 1531 3455 1583 γε
3502 1518 3655 1563 τοῦτο
3684 1516 3781 1564 καὶ
3849 1510 4022 1564 λίαν

2347 1597 2530 1665 καλῶς,
2591 1602 2648 1650 τὸ
2700 1603 2816 1651 τότε
2864 1604 3130 1671 γενόμενον
3187 1607 3445 1673 σωτήριον
3503 1597 3673 1663 πθδος
3699 1599 4021 1655 τελοῦσιν

2350 1690 2419 1749 ὡς
2478 1686 2712 1749 ἐνεστώς.
2762 1694 2845 1749 Ὠς
2903 1687 3154 1741 ἐνεστῶτα
3204 1691 3307 1763 γὰρ
3380 1692 3448 1741 τὰ
3524 1689 3684 1742 πάλαι
3736 1708 4021 1760 γεγενη-

587 1772 2076 1853 imaginando,velpotius‘repraesentandoeaquae
2095 1780 2237 1836 olim
2278 1779 2478 1849 Βμένα
2543 1780 2762 1840 καινίζει
2824 1786 3196 1850 φανταπικώς,
3262 1781 3292 1836 ἤ
3370 1775 3558 1849 μᾶλλον
3608 1778 3764 1830 εἰπεῖν
3820 1777 4015 1830 εἰκο-

590 1871 831 1941 patrata
859 1866 1042 1936 fuere,
1072 1866 1329 1924 ritusille
1350 1884 1482 1924 com
1493 1867 1895 1937 memorandi,
1920 1884 2103 1941 quem
2130 1885 2240 1924 nos

590 1953 909 2013 observare
941 1958 1218 2014 Servator
1238 1957 1433 2028 jussit.
1475 1956 1638 2015 More
1668 1958 1890 2014 scilicet
1916 1958 2240 2030 panegyri-

591 2061 800 2103 carum
821 2046 1187 2116 orationum,
1216 2046 1438 2120 quibus
1464 2047 1764 2119 praeterita
1781 2051 2075 2120 tanquam
2094 2064 2242 2120 prae-

592 2135 786 2192 sentia
811 2135 1132 2203 habentur,
1158 2152 1523 2209 quocunque
1544 2136 1794 2193 demum
1823 2137 1918 2192 die
1968 2136 2244 2192 solemni-

592 2228 684 2282 tas
715 2224 837 2283 ﬁat.
872 2226 1015 2283 Hinc
1051 2223 1186 2282 illas
1237 2222 1590 2295 locutiones,
1635 2226 1901 2282 Christus
1954 2226 2240 2293 nascitur,

592 2312 690 2368 vel
714 2312 1066 2385 baptizatur,
1098 2313 1354 2370 oratorie
1405 2328 1801 2386 usurpamus.
1857 2314 1949 2370 Sic
1977 2313 2052 2370 de
2104 2330 2245 2387 pas-

596 2400 764 2457 sione
783 2417 1027 2475 quoque
1047 2402 1358 2458 Dominica
1386 2401 1554 2474 loqui
1584 2402 1868 2458 solemus.
1894 2405 2047 2472 Haec,
2086 2420 2123 2459 ο
2154 2420 2244 2458 re-

595 2480 858 2545 vereude
880 2489 1027 2546 mihi
1075 2506 1146 2546 ac
1172 2489 1542 2557 dulcissime,
1585 2491 1715 2546 viro
1744 2489 1822 2545 illi
1879 2490 2051 2547 refer.
2084 2494 2151 2548 Et
2195 2491 2243 2546 si

595 2576 701 2633 tibi
728 2577 892 2635 salus
917 2579 1046 2651 ejus
1076 2577 1244 2635 cordi
1275 2582 1380 2646 est,
1402 2584 1466 2636 ut
1490 2595 1527 2636 a
1547 2595 1658 2636 suo
1679 2579 1964 2651 dogmate
1980 2581 2244 2650 recedat,

596 2668 810 2725 suade.

667 2757 845 2813 PHlL.
880 2757 1094 2815 Omitte
1114 2756 1290 2816 hanc.
1318 2756 1385 2815 'o
1400 2757 1564 2814 bone
1607 2773 1850 2824 curam;
1905 2762 2125 2815 etenim
2170 2775 2245 2815 ne

594 2842 764 2902 illum
784 2846 1035 2918 quidem
1075 2846 1302 2903 diutius
1339 2847 1801 2904 adversaturum
1850 2847 2087 2920 opinor,
2136 2848 2245 2904 sed

593 2933 905 3008 palinodia
932 2935 1136 3007 potius
1162 2940 1402 2993 cantata
1445 2936 1804 2993 sententiam
1848 2941 2240 3004 mutaturum,

596 3023 974 3097 Quapropter
996 3023 1079 3080 illi
1114 3024 1556 3096 ignoscendum
1582 3040 1620 3082 a
1646 3024 1824 3082 nobis
1866 3025 2161 3096 existimo,
2188 3031 2245 3083 et

600 3112 665 3170 in
692 3112 950 3183 gratiam
972 3113 1373 3171 redeundum.

671 3203 819 3258 SOT.
850 3203 973 3275 Ego
1003 3218 1247 3276 quoque
1296 3202 1423 3275 tibi,
1468 3201 1822 3270 clarissime,
1851 3203 2157 3277 indulgeo,
2191 3209 2249 3260 et

595 3287 968 3361 resipiscenti
1025 3289 1336 3347 dexteram
1392 3291 1661 3363 porrigo:
1718 3293 2050 3363 praesertim
2104 3293 2248 3365 quia

596 3377 728 3443 haec
756 3392 1145 3449 nequaquam
1173 3394 1245 3434 ex
1264 3379 1682 3450 praemeditato
1713 3379 1832 3435 dici
1884 3381 2098 3447 solent,
2140 3381 2246 3438 sed

598 3464 779 3538 quasi
792 3480 864 3521 ex
884 3464 1144 3539 abrupto
1172 3465 1559 3540 loquentibus
1579 3467 1881 3525 excidunt.

1361 3593 1707 3649 SYNODUS.

673 3716 1153 3773 Commentarius
1175 3730 1358 3790 super
1397 3719 1733 3791 quaestione
1762 3734 1899 3792 quae
1937 3721 2251 3793 proposita

600 3802 711 3862 fuit
764 3804 828 3861 in
857 3802 1000 3861 aula
1028 3805 1432 3877 patriarchali,
1475 3808 1854 3877 congregatis
1905 3806 1987 3864 ibi
2045 3807 2249 3865 multis

554 3968 555 3971 η
601 3892 923 3967 episcopis,
946 3894 1005 3951 et
1024 3910 1098 3950 ex
1118 3899 1331 3952 senatu
1362 3910 1487 3951 non
1518 3897 1748 3968 paucis,
1795 3897 1899 3968 qui
1946 3912 2158 3973 omnes
2189 3897 2251 3953 in

598 3981 716 4039 hac
765 3981 1106 4040 orthodoxa
1158 3984 1451 4040 sententia
1488 4000 1607 4040 uno
1646 3999 1748 4040 ore
1790 3991 2248 4053 consenserunt,

600 4066 769 4144 quod
797 4082 924 4127 non
949 4066 1106 4128 Patri
1138 4071 1358 4135 solum,
1397 4088 1600 4129 verum
1630 4073 1810 4129 etiam
1852 4073 1992 4130 Filio
2026 4090 2091 4129 ac
2126 4074 2251 4146 Spi-

599 4158 736 4214 ritui
767 4164 996 4227 sancto,
1018 4160 1134 4237 puni
1166 4161 1387 4217 scilicet
1414 4160 1642 4226 Deitati,
1696 4162 1990 4236 pretiosus
2044 4163 2252 4233 Unige-

602 4246 713 4303 niti
738 4248 986 4317 sanguis
1008 4247 1181 4304 fuerit
1204 4249 1466 4307 oblatus.

674 4336 889 4393 Mensis
915 4334 1183 4395 Januarii
1238 4340 1335 4395 die
1373 4341 1661 4398 vicesima
1707 4346 1894 4411 sexta,
1928 4338 2253 4398 indictione

2348 1872 2520 1929 νικῶς,
2583 1866 2613 1923 ἠ
2688 1863 2998 1939 ἀνάμνησις.
3073 1867 3135 1924 ἣν
3186 1872 3350 1918 ποιεῖν
3416 1868 3555 1937 ἡμᾶς
3625 1863 3889 1929 ἐπέταξεν
3978 1868 4015 1917 ὁ

2350 1958 2549 2028 Σωτήρ·
2592 1958 2682 2006 καὶ
2738 1956 2968 2029 καθάπερ
3017 1954 3042 2006 ὁ
3096 1957 3454 2028 πανηγυρικὸς
3508 1956 3619 2027 ἔχει
3673 1960 3833 2025 νόμος
3918 1958 4019 2007 τὰ

2351 2048 2712 2116 παρῳχημένα
2760 2042 2925 2115 λέγειν
2955 2045 3024 2106 ὡς
3082 2043 3355 2113 ἐνεστῶτα,
3413 2045 3531 2096 καθ’
3589 2047 3650 2101 ἦν
3705 2041 3767 2094 ἂν
3826 2063 4013 2096 ποτε

2352 2130 2561 2189 τελῆται
2606 2132 2822 2205 ἡμέραν.
2878 2136 2965 2185 Διὸ
3010 2138 3119 2199 καὶ,
3180 2133 3205 2184 ὁ
3266 2134 3495 2205 Χριστὸς
3551 2138 3812 2204 γεννᾶται,
3872 2138 4011 2185 καὶ

2355 2219 2691 2292 βαπτίζεται,
2742 2228 3107 2298 πανηγυρικῶς
3184 2220 3416 2292 λέγομεν.
3495 2226 3658 2273 Tauro
3716 2217 3786 2278 δὴ
3879 2226 4008 2274 καὶ

2353 2308 2437 2361 ἐπὶ
2462 2318 2553 2361 τοῦ
2583 2315 2846 2382 σωτηρίου
2896 2311 3096 2370 πάθους
3146 2309 3302 2361 τελεῖν
3359 2306 3533 2369 εἰωθός
3563 2307 3695 2364 ἐστι.
3746 2315 4004 2376 Ταῦτα,

2354 2398 2395 2449 ὦ
2450 2406 2640 2470 χρῆμα
2695 2397 2826 2472 ἱερὸν
2881 2403 2970 2450 καὶ
3018 2398 3159 2470 φίλον
3241 2396 3377 2470 ἐμοι,
3436 2407 3508 2469 τῷ
3564 2392 3718 2472 ἀνδρὶ
3776 2398 4003 2469 ἐκείνῳ

2357 2483 2649 2558 διάγγελλε,
2678 2492 2766 2538 καὶ
2796 2490 2841 2539 εί
2878 2491 2930 2538 τί
2963 2506 3047 2538 σοι
3099 2486 3238 2559 μέλει
3295 2489 3502 2552 τούτου,
3555 2484 3754 2557 ὑφεῖναι
3810 2488 4005 2538 πεῖθε

2355 2584 2446 2630 τοῦ
2479 2574 2764 2650 δογματος.

2427 2762 2564 2813 ΦΙΛ.
2624 2754 2934 2829 Ἀμέλησον,
2982 2752 3021 2806 ὦ
3079 2762 3295 2827 γενναῖε’

2354 2842 2501 2919 οἶμαι
2556 2849 2721 2919 μένειν
2761 2845 2827 2906 εἰς
2872 2847 2944 2897 ἔτι
2997 2846 3063 2897 τὰ
3096 2852 3185 2905 τῆς
3234 2842 3541 2908 ἑνστάσεως,
3592 2842 3721 2895 ἀλλὰ
3763 2842 3997 2895 παλιν-

3381 2758 3600 2826 κακείνῳ
3682 2755 3786 2827 γὰρ
3870 2752 3998 2805 οὐκ

2354 2932 2517 3007 ῳδίαν
2543 2936 2687 3005 ᾄσειν
2736 2939 2826 2987 καὶ
2869 2934 3326 3009 μεθαρμόσασθαι·
3385 2935 3472 2986 Διό
3526 2938 3616 2985 καὶ
3660 2938 3998 3004 συγγνῶναί

2353 3025 2402 3076 οἱ
2429 3020 2537 3076 δεῖν
2566 3025 2798 3095 ἠγοῦμαι
2818 3026 2908 3075 καὶ
2934 3023 3276 3075 σπείσασθαι.

2428 3207 2571 3255 ΣΩΤ.
2631 3205 2969 3272 Συγγνώμων,
3020 3199 3059 3250 ὦ
3111 3197 3344 3271 φιλότης,
3388 3204 3478 3251 καὶ
3508 3197 3665 3260 αὐτὸς
3690 3196 3791 3269 ἐγώ
3849 3217 3983 3260 σοι,

2357 3295 2446 3343 καὶ
2516 3288 2906 3362 μεταμελομένῳ
2960 3283 3163 3361 δίδωμι
3239 3283 3435 3351 δεξιάνο
3505 3292 3596 3339 καὶ
3650 3285 3845 3359 μᾶλλον
3913 3285 3988 3337 ἆυ

2359 3377 2672 3454 ἀμελετήτου
2700 3398 2910 3450 γνωμης
2946 3380 3150 3451 εἴρηται
3198 3385 3385 3430 ταῦτα·
3430 3376 3595 3429 πολλὰ
3629 3373 3687 3429 δὲ
3738 3384 3990 3429 τοιαῦτα

2362 3467 2662 3541 συμϐαίνειν
2687 3473 2789 3527 τοῖς
2822 3461 3208 3538 σχεδιάξουσιν
3241 3468 3432 3520 εἴωθεν.

3002 3597 3313 3645 ΣΥΝΟΔΟΣ.

2439 3721 2718 3789 Σημείωμα
2792 3713 2876 3767 ἐπὶ
2958 3721 3020 3787 τῇ
3071 3713 3294 3788 ῥηθείσῃ
3345 3714 3589 3765 ὑποθέσει
3644 3714 3858 3785 γεγονὸς
3928 3712 3987 3764 ἐν

2361 3813 2434 3876 τῷ
2483 3808 2848 3879 πατριαρχείῳ
2896 3802 3094 3854 πολλῶν
3164 3799 3582 3859 συνεληλυθότων
3652 3799 3982 3873 ἀρχιερέων,

2360 3898 2449 3946 καὶ
2489 3892 2544 3945 ἐκ
2587 3900 2678 3953 τῆς
2723 3890 3019 3963 συγκλήτου
3067 3890 3161 3942 οὐκ
3217 3889 3424 3963 ὀλίγων,
3479 3894 3570 3942 καὶ
3616 3891 3821 3942 πάντων
3885 3888 3987 3963 ὁρ-

2352 3970 2588 4044 ’θοδόξως
2649 3981 3113 4052 ὁμοφωνησάντων,
3176 3979 3258 4031 ὅτι
3314 3977 3374 4031 οὐ
3421 3979 3575 4050 μόνον
3650 3986 3722 4048 τῷ
3767 3982 3977 4051 Πατρὶ,

2362 4070 2489 4123 ἀλλὰ
2515 4066 2582 4127 δὴ
2634 4072 2722 4121 καὶ
2773 4076 2844 4138 τῷ
2884 4068 2987 4139 Υἰῷ
3032 4072 3121 4120 καὶ
3168 4074 3241 4138 τῷ
3271 4066 3405 4138 ἁγίῳ
3435 4068 3719 4138 Πνεύματι,
3750 4072 3810 4123 τῆ
3866 4072 3981 4138 μιᾷ

2363 4163 2602 4230 Θεότήτι,
2659 4160 2716 4209 τὸ
2772 4163 3090 4229 Μονοογενοῦς
3140 4156 3483 4228 προσηνέχθη
3538 4158 3709 4228 τίμιον
3760 4154 3929 4227 αἷμα.

2432 4343 2574 4396 Μηνί
2619 4337 2939 4407 Ἰανουαρίῳ,
3006 4333 3090 4398 κς¹
3135 4337 3324 4407 ἡμέρα,
3360 4330 3650 4385 ἰνδικτιῶνι
3702 4329 3768 4401 δ’,
3826 4348 3975 4407 προ-

603 4428 842 4499 quarta,
873 4424 1235 4500 prmsidente
1257 4430 1637 4486 sanctissimo
1685 4431 1936 4486 domino
1961 4428 2169 4487 nostro
2200 4436 2245 4488 el

2368 4430 2657 4500 καθημένου
2696 4432 2789 4478 τοῦ
2844 4424 3135 4496 ἁγιωτάτου
3179 4425 3327 4495 ἡμῶν
3355 4419 3618 4475 δεσπότου
3650 4426 3741 4474 καὶ
3788 4424 3977 4475 οἰκου-

605 4515 978 4573 ωοιιωθηίοο
997 4516 1342 4587 patriarcha
1389 4518 1990 4589 Constantinopoleos
2037 4519 2098 4574 in
2126 4519 2255 4575 aede

604 4601 747 4659 divo
770 4602 1007 4683 Thomas
1028 4619 1219 4675 sacra,
1246 4604 1603 4673 suffragium
1624 4621 1747 4660 una
1774 4605 1997 4661 ferente
2015 4606 2256 4663 Nicolao

602 4688 1006 4748 sacratissimo
1020 4688 1573 4765 Hierosolymorum
1597 4693 1965 4766 patriarcha,
1994 4709 2255 4766 praesen-

600 4776 764 4836 tibus
788 4768 1153 4853 pansebasto
1184 4781 1427 4837 sebasto
1456 4784 1513 4837 et
1533 4797 1759 4852 magno
1781 4781 2111 4851 drungario
2157 4782 2259 4838 do-

604 4871 771 4929 mino
803 4864 1125 4945 Stephano,
1149 4872 1581 4943 gloriosissimo
1603 4876 1659 4929 et
1679 4889 1905 4946 magno
1954 4872 2263 4945 logotheta

604 4960 862 5017 domino
890 4962 1139 5032 Joanne,
1172 4960 1575 5017 illustrissimo
1620 4977 1657 5018 a
1715 4963 1955 5018 secretis
2011 4962 2260 5019 domino

609 5036 852 5106 Nicolao
877 5046 1128 5113 Zonara.
1154 5048 1552 5107 illustrissimo
1589 5051 2040 5123 nomophylace
2071 5054 2129 5107 et
2156 5052 2259 5107 do-

604 5138 864 5193 mesticis
889 5139 1219 5211 praeposito
1242 5132 1490 5196 domino
1529 5137 1841 5195 Theodoro
1876 5140 2217 5197 Pantechne
2244 5157 2260 5207 ;

602 5224 1057 5283 considentibus
1068 5222 1251 5283 etiam
1267 5226 1689 5283 sacratissimis
1705 5228 2001 5301 episcopis
2020 5227 2260 5301 Ephesi,

604 5302 920 5384 Heracleae,
970 5312 1248 5387 Ancyrae,
1306 5314 1517 5388 Cyzici,
1563 5315 1866 5387 Sardium,
1900 5316 2260 5390 Claudiopo-

598 5399 747 5471 leos,
801 5402 1126 5459 Antiochia;
1183 5403 1241 5459 in
1295 5403 1532 5471 Pisidia,
1586 5404 1978 5477 Athenarum,
2021 5408 2257 5476 Mocesi,

600 5490 1001 5563 Trapezuntis,
1035 5493 1305 5566 Larissae,
1352 5494 1570 5564 Rhodi,
1611 5489 1944 5567 Dyrrachii,
2001 5495 2259 5552 Euchai-

670 5668 695 5703 ‘
722 5667 901 5727 Hebr.
927 5685 990 5739 ι,
1022 5671 1118 5727 14.

2364 4523 2572 4590 μενικοῦ
2668 4516 3017 4586 πατριάρχου
3102 4510 3681 4571 Κωνσταντινουπόλεως
3766 4509 3816 4563 ἐν
3897 4520 3975 4582 τῷ

2366 4606 2641 4677 Θωμαίτη,
2695 4598 3278 4673 συνδιαγνωμονοῡντος
3350 4598 3492 4668 αὐτῷ
3556 4598 3815 4651 Νικολάου
3876 4605 3976 4652 τοῦ

2370 4693 2654 4768 ἱερωτάτσυ
2716 4691 3055 4765 πατριάρχου
3114 4686 3504 4763 Ἱεροσολύμων,
3568 4684 3652 4739 ἐπὶ
3698 4694 3974 4761 παρουσίᾳ

2366 4787 2457 4834 τοῦ
2478 4779 2841 4832 πανσεϐάστου
2890 4778 3148 4831 σεϐάστοῦ
3191 4782 3280 4830 καὶ
3318 4776 3544 4850 μεγάλου
3605 4774 3970 4851 δρουγγαρίου

2366 4878 2528 4946 κυροῦ
2586 4872 2857 4942 Στεφάνου,
2918 4874 3010 4920 τοῦ
3063 4863 3489 4940 μιγαὸοξὸτάτου
3578 4871 3668 4918 καί
3735 4867 3970 4939 μεγάλου

2367 4960 2717 5035 λογαριαστοῡ
2775 4965 2934 5033 κύροῦ
3013 4957 3273 5023 Ἰωάννου,
3336 4954 3430 5006 τοῦ
3481 4958 3968 5028 μεγαεπὶφανεστά-

2366 5068 2456 5103 του
2541 5047 2836 5122 ἆσηκρῆτις
2885 5053 3054 5120 κμροῦ
3135 5044 3393 5096 Πιχολάου
3454 5051 3544 5096 τοῦ
3601 5050 3835 5117 Ζωναρᾶ,
3878 5045 3971 5097 τοῦ

2369 5138 2910 5211 μεγαεπιφανεστάτου
2967 5133 3323 5206 νομοφύλακας
3373 5134 3462 5184 καὶ
3512 5130 3597 5185 ἐπί
3639 5140 3739 5184 τῶν
3779 5132 3969 5187 οἰκεια-

2369 5234 2471 5279 κῶν
2510 5233 2670 5299 κυροῦ
2715 5220 2994 5296 Θεοδώρου
3052 5228 3144 5273 τοῦ
3189 5228 3542 5291 Ηαντεχνοῦς·
3591 5215 3970 5293 συνεδριαζόν-

2371 5334 2471 5367 των
2535 5319 2626 5366 καί
2694 5315 2975 5388 ἱερωτάτων
3058 5308 3346 5385 ἀρχιερέων
3422 5316 3517 5360 τοῦ
3584 5310 3819 5381 Ἐφέσου.
3877 5317 3968 5363 τοῦ

2374 5402 2684 5477 Ἡρακλείας,
2741 5407 2831 5454 τοῦ
2886 5402 3171 5474 Ἀγκύρας,
3241 5405 3332 5450 τοῦ
3399 5399 3652 5467 Κυζίκου,
3721 5405 3813 5450 τοῦ
3836 5403 3967 5474 Σάρ-

2377 5489 2526 5557 δεων,
2588 5499 2682 5543 τοῦ
2740 5486 2921 5543 Κλαυὸ
2928 5487 3186 5557 ιοπὸλεως,
3269 5493 3362 5538 τοῦ
3425 5485 3751 5558 Ἀντιοχείας
3820 5494 3967 5541 Πισι-
