4046 6310
139 361 221 413 149

1444 359 1786 415 THESAURI
1819 357 1953 413 LIB.
2001 359 2178 414 XXIV.

3395 363 3496 418 150

139 482 256 548 δίας,
280 491 373 534 τοῦ
407 484 677 549 Ἀθηνῶν,
716 493 817 537 τοῶ
864 491 1152 547 Μωκησοῦ,
1192 490 1286 534 τοῦ
1323 485 1709 557 Τραπεζοῦντος

1843 488 2065 551 tarum,
2103 485 2350 549 Hussiae,
2385 485 2532 552 Eni,
2567 495 2867 558 Apameae,
2897 486 3278 558 Methymna,
3318 484 3496 541 Paro-

137 581 209 622 τοῦ
231 578 554 645 Λαρίσσης,
585 582 678 626 τοῦ
696 570 1010 639 Ῥόδου,τοῡ
1041 571 1366 646 Δυρραχίου,
1403 580 1496 623 τοῦ
1533 572 1736 644 Εὐχαῖ-

141 681 235 728 τωτ,
254 671 342 713 τοῦ
375 660 646 730 Ῥωσίας,
668 670 759 714 τοῦ
787 667 962 730 Αἶνον,
983 669 1080 714 τοῦ
1097 661 1400 732 Ἀπαμείας,
1417 668 1508 713 τοῦ
1527 663 1737 732 Μεθύμ-

137 771 220 812 λιες,
241 759 332 802 τοῦ
354 752 822 823 Παροναξίας,τοῦ
845 751 1212 826 Μεσημϐρίας,
1235 758 1328 802 τοῦ
1358 756 1611 824 Βρνσέως,
1643 760 1736 804 τοῦ

137 843 323 901 Γοτθίας
354 847 451 892 καί
479 849 579 893 τοῦ
611 841 911 917 Ἡρακλέος,
943 843 1340 914 παρισταμένων
1384 845 1473 892 καὶ
1518 841 1737 912 θεοφιλε·

141 932 309 981 πάτων
342 927 661 998 δεσποτῶν,
692 930 984 1005 ἀρχόντων,
1016 935 1104 981 καί
1134 930 1317 1002 ἐτέρων
1344 929 1436 981 οὐκ
1459 929 1664 1001 ὀλίγων·

185 1027 283 1072 Τοῦ
371 1026 657 1094 μακαρίου
757 1019 1048 1072 ἀποστόλου
1134 1018 1342 1071 Παύλοι.
1424 1023 1739 1090 μεμνημένοι

465 1109 722 1180 Ἔχοντες
804 1110 1057 1184 ἀρχιερέα
1129 1113 1291 1180 μέγαν
1395 1104 1738 1165 διεληλυθότα

140 1199 222 1258 τοὺς
310 1197 602 1270 οὐρανοὺς,
696 1199 902 1256 Ἰησοῦν
1003 1200 1090 1249 τόν
1182 1201 1301 1250 Υίόν
1394 1204 1486 1248 τοῦ
1579 1203 1734 1262 Θεού,

139 1107 364 1176 λεγοντος.

142 1295 385 1355 τρατῶμεν
476 1288 577 1347 ri);
655 1287 972 1358 ὁμολογίας⁶
1058 1286 1318 1357 ὀφείλομεν
1368 1288 1570 1346 πάντως
1646 1291 1735 1338 καὶ

143 1378 281 1444 ἡμεῖς,
324 1380 376 1426 οἱ
408 1383 510 1427 τοῦ
555 1376 784 1448 μεγάλου
825 1395 911 1428 και
953 1382 1158 1448 πρώτου
1200 1377 1486 1448 ἀρχιερέως
1539 1380 1736 1448 ἱερουρ-

140 1469 198 1530 γοὶ
226 1463 336 1515 κατ’
367 1468 556 1535 ἴχνος,
591 1473 687 1528 τῆς
732 1466 1078 1524 άποστολικῆς
1128 1468 1324 1525 ταύτης
1382 1463 1733 1537 παραγγελίας

140 1555 457 1615 τυνεπεσθαι,
507 1559 601 1605 καὶ
646 1557 729 1605 km
780 1559 912 1606 πᾶσι
956 1557 1045 1626 μὲν
1101 1560 1213 1613 τοῖς
1264 1552 1436 1614 ἄλλοις
1476 1559 1624 1626 ἱεροῖς
1679 1572 1731 1605 τε

136 1646 196 1690 ui
235 1643 392 1704 θείοις
452 1638 750 1714 δόγμασιν,
799 1642 904 1715 οὐχ
969 1645 1163 1702 ἣκιστα
1209 1645 1298 1693 καὶ
1342 1639 1418 1692 ἐπ’
1469 1641 1599 1713 αὐτῇ
1661 1649 1724 1711 τῇ

135 1737 200 1789 TE;
249 1731 559 1804 ἱερουργίας
611 1727 860 1806 φρικώδει
912 1736 1001 1783 καί
1061 1739 1220 1802 σεπτῇ
1290 1730 1486 1801 τελετῇ,
1637 1733 1727 1781 καὶ

136 1826 415 1891 πρώτιστον,
492 1818 647 1895 ἔργον
727 1827 828 1872 τῶν
907 1823 972 1873 τὰ
1048 1822 1160 1872 θεῖα

531 1907 672 1961 Ἐπεί
725 1904 814 1961 οὖν
869 1911 1004 1961 οὕτω
1074 1911 1165 1980 μεν
1215 1914 1380 1960 ταῦτα
1440 1913 1716 1980 προσήκει,

131 1993 248 2065 λόγος
298 1992 358 2049 δε
427 2017 514 2059 τις
574 2002 1034 2073 παρεμπίπτωκεν,
1093 2000 1147 2050 ὅν
1209 1993 1278 2054 δὴ
1352 2002 1441 2048 καί
1501 1999 1568 2058 εἰς
1624 2002 1718 2060 τὰς

132 2082 333 2136 ἆπςὶντων
367 2083 578 2157 σχεδὸν
619 2085 777 2148 ἀκοὰς
825 2083 1304 2162 διατεθρυλλῆσθαι
1352 2083 1460 2144 ἤδη
1526 2086 1715 2158 συμϐε-

134 2171 276 2240 ἓεκεν,
328 2179 396 2235 ὡς
453 2175 566 2250 ἄρα
614 2177 646 2234 ἠ
688 2177 774 2228 ini
815 2183 908 2228 τοῦ
967 2191 1229 2249 σωτηριου
1273 2177 1475 2238 πάθους
1522 2174 1713 2230 ἐκτελει-

135 2263 287 2314 σεεῖσα
349 2267 505 2337 παρά
562 2271 656 2316 τοῦ
727 2267 1220 2339 ἱνανθρωπήσαντος
1275 2268 1446 2336 Λόγου
1531 2266 1710 2332 θυσια,

132 1909 257 1978 map
266 1927 433 1962 ισται.

138 2359 201 2400 τοῦ
245 2353 570 2405 Δεσποτικοῦ
596 2373 760 2426 φαμεν
811 2358 1049 2426 σώματος
1112 2360 1201 2405 καί
1255 2355 1498 2426 αἵματος,
1545 2373 1712 2428 προσ-

140 2445 408 2502 επίτούτοις
453 2439 518 2494 δί
557 2462 649 2493 και
688 2443 716 2500 ἡ
755 2442 871 2494 καθ’
914 2447 1109 2517 ἡμέραν
1167 2445 1309 2517 παρά
1361 2451 1461 2494 τῶν
1516 2448 1710 2517 ἱερουρ-

137 2533 322 2596 ῇνντων
381 2530 725 2604 ἐνεργουμένη
810 2529 1186 2604 μυστηριώδης
1276 2534 1495 2604 ἁγιστὶα
1581 2538 1711 2604 πρὸς

139 2625 204 2671 τὴν
226 2618 406 2671 ἐκείνου
435 2620 754 2692 ἀνάμνησιν,
786 2624 844 2673 οὐ
875 2627 1046 2691 καὶτῷ
1061 2625 1164 2692 Υἱῷ
1192 2624 1536 2696 προσηνέχθη
1559 2628 1710 2675 τεκαί

140 2713 438 2780 προσάγεται,
473 2709 606 2761 ἀλλά
633 2729 694 2780 γε
719 2715 858 2781 μόνῳ
886 2718 959 2781 τῷ
992 2716 1176 2783 Πατρί.

191 2797 372 2849 Miller:
432 2795 495 2851 δὲ
555 2797 638 2850 ἐπὶ
693 2802 899 2861 τούτοις
945 2805 1038 2852 καί
1085 2802 1112 2852 ό
1183 2803 1457 2874 ἱερώτατος
1515 2820 1706 2876 μητρο-

141 2884 552 2948 πολίτηςῬωσίας
576 2893 902 2960 μακροτέραν
959 2886 1260 2962 ἀποδημίαν
1307 2895 1399 2949 τὴν
1447 2894 1574 2965 πρὸς
1612 2895 1706 2948 τήν

141 2973 367 3043 λαχοῦσαν
399 2977 561 3029 αὐτόν
596 2978 920 3044 στείλασθαι,
961 2984 1056 3036 τὴν
1107 2983 1196 3050 μὲν
1252 2980 1442 3031 οἰκείαν
1493 2985 1706 3052 γνώμην

141 3060 474 3138 ἀριδηλοτέραν
521 3069 644 3139 ἡμῖν
683 3071 774 3118 καί
822 3067 1001 3118 ἄλλοτε
1029 3073 1376 3141 παρέστησεν,
1423 3071 1492 3130 ὡς
1534 3077 1706 3143 μικρῷ

1845 574 2059 637 naxiae,
2089 573 2474 640 Mesembrim,
2504 575 2780 646 Bryseos,
2808 575 3036 631 Gothiae
3072 578 3129 632 et
3150 572 3498 639 Heraclidis,

1845 663 2180 719 astantibus
2209 665 2389 720 etiam
2424 667 2540 720 Deo
2559 664 2929 721 charissimis
2959 663 3246 736 despotis,
3274 661 3496 736 princi-

1845 751 2046 824 pibus,
2082 753 2331 826 aliisque
2361 770 2483 810 non
2503 754 2730 826 paucis.

1915 1022 2202 1076 Memores
2221 1019 2382 1076 beati
2402 1020 2658 1092 apostoli
2688 1021 2856 1077 Pauli
2877 1020 3132 1076 dicentis
3155 1036 3170 1076 :
3193 1019 3496 1078 Habentes

1843 1110 2170 1178 pontiﬁcem
2199 1124 2500 1179 magnum,
2531 1112 2637 1180 qui
2673 1111 2738 1165 in
2764 1111 2978 1166 caelum
3006 1109 3367 1176 conscendit,
3399 1110 3493 1168 Je-

1844 1214 1973 1252 sum
2018 1199 2126 1253 Dei
2150 1197 2395 1268 Filium,
2433 1203 2734 1255 teneamus
2769 1199 2934 1268 ﬁdei,
2978 1199 3394 1268 confessionem
3419 1199 3494 1270 7;

1843 1301 1956 1341 nos
1996 1302 2240 1358 quoque
2268 1287 2517 1343 omnino
2559 1287 2872 1352 debemus,
2923 1303 3064 1343 cum
3105 1286 3219 1343 sub
3263 1300 3492 1357 magno

1842 1376 2163 1448 primoque
2183 1377 2464 1448 pontiﬁce
2486 1376 2825 1433 sacerdotes
2850 1377 3064 1445 simus,
3087 1375 3490 1447 apostolicum

1841 1465 1954 1520 hoc
1974 1471 2345 1537 praeceptum
2371 1479 2573 1536 presse
2600 1466 2794 1538 sequi,
2827 1481 2968 1521 cum
2984 1466 3046 1520 in
3061 1464 3192 1521 aliis
3203 1464 3490 1521 omnibus

1839 1555 2025 1610 sacris
2053 1555 2390 1626 divinisque
2423 1555 2836 1626 dogmatibus,
2873 1559 3000 1611 tum
3033 1553 3200 1611 haud
3241 1553 3488 1624 segnius

1836 1644 1896 1699 in
1927 1645 2059 1716 ipso
2089 1644 2402 1700 tremendo
2434 1645 2906 1717 venerandoque
2936 1644 3135 1700 missm
3169 1642 3483 1711 sacriﬁcio,

1833 1733 1999 1804 quod
2028 1733 2411 1789 sacerdotum
2433 1749 2655 1789 munus
2675 1738 2917 1790 constat
2926 1748 3058 1789 esse
3071 1732 3477 1806 precipuum.

1260 1840 1330 1890 μυ
1339 1823 1709 1890 σταγωγούντιει

1831 1822 2335 1894 Quandoquidem
2347 1823 2526 1892 igitur
2540 1823 2689 1892 haec,
2703 1823 2786 1878 ita
2795 1838 2858 1877 se
2873 1821 3098 1878 habere
3109 1837 3356 1878 necesse
3371 1825 3484 1891 est,

1828 1916 1884 1968 et
1914 1928 2114 1968 sermo
2130 1913 2380 1985 quidem
2401 1919 2741 1969 commotus
2763 1912 2892 1978 fuit,
2923 1926 3108 1984 quem
3125 1910 3205 1968 ad
3235 1915 3482 1968 cuncto-

1825 2015 1960 2058 rum
1998 2016 2188 2074 prOpe
2236 2017 2414 2057 aures
2458 2001 2808 2074 pervenisse
2853 2002 2982 2072 jam
3023 1998 3272 2070 contigit
3311 1998 3482 2071 quod

1823 2104 2042 2160 nempe
2071 2094 2384 2162 peractum
2401 2089 2462 2145 in
2484 2089 2728 2146 salutari
2748 2089 3033 2161 passione
3061 2087 3143 2144 ab
3163 2087 3479 2144 inoarnato

1825 2177 2022 2234 Verbo
2069 2177 2449 2246 sacriﬁcium,
2507 2177 2818 2245 Dominici,
2875 2177 3150 2248 inquam,
3205 2174 3477 2248 corporis

1821 2267 2255 2339 sanguinisque
2282 2283 2296 2333 ;
2325 2268 2383 2322 et
2409 2265 2576 2338 quod
2617 2266 2869 2338 insuper
2896 2263 3252 2337 quotidiana
3281 2277 3476 2320 sacer-

1820 2353 2028 2411 dotum
2067 2355 2324 2428 mystica
2353 2369 2447 2410 res
2485 2354 2711 2420 divina,
2741 2369 2876 2426 quae
2919 2353 2982 2408 in
3018 2351 3176 2410 illius
3210 2366 3474 2408 comme-

1821 2445 2219 2501 morationem
2248 2444 2336 2508 ﬁt,
2375 2443 2856 2516 haudquaquam
2896 2441 3043 2500 Filio
3063 2439 3269 2499 oblata
3295 2439 3474 2496 fuerit

1819 2535 1913 2590 vel
1941 2551 2102 2590 nunc
2130 2533 2436 2602 offeratur,
2464 2532 2570 2589 sed
2600 2532 2752 2588 Patri
2781 2529 3226 2588 tantummodo.

1887 2805 2034 2860 Cum
2059 2807 2346 2875 prmterea
2367 2802 3072 2859 deberetsacratissimus
3097 2799 3325 2856 Russias
3341 2803 3470 2856 meo"

1817 2891 2092 2963 tropolita
2110 2891 2362 2961 longum
2381 2891 2491 2946 iter
2509 2889 2590 2947 ad
2608 2890 2988 2963 provinciam
3011 2889 3320 2961 propriam
3337 2902 3467 2944 sus-

1815 2981 2032 3052 cipere,
2082 2980 2189 3052 qui
2226 2995 2401 3036 suam
2457 2980 2662 3052 utique
2720 2975 3080 3035 sententiam
3130 2977 3281 3034 alias
3331 2977 3464 3048 jam

1814 3074 2017 3140 aperte
2066 3069 2242 3125 nobis
2294 3071 2674 3140 exposuerat,
2736 3081 2900 3123 nunc
2952 3070 3159 3122 autem
3209 3064 3463 3122 fratrum

143 3159 369 3226 ιττωτέρω
397 3159 521 3230 περί
544 3159 738 3213 ταύτην
768 3156 1080 3230 ῥηθήσεται,
1116 3157 1175 3209 οὐ
1202 3161 1304 3229 μὴν
1337 3153 1396 3209 δι
1444 3157 1571 3209 ἀλλὰ
1616 3161 1706 3209 καί

1824 3173 2060 3232 quoque
2086 3173 2337 3214 suorum
2369 3157 2483 3213 hac
2507 3171 2689 3229 super
2722 3172 2787 3212 re
2815 3159 3080 3212 mentem
3099 3169 3464 3224 cognoscere

143 3243 211 3294 τὴν
236 3250 319 3304 τῆς
348 3240 705 3316 ἀδελφότητος
732 3249 851 3318 περί
881 3247 1064 3296 τούτου
1099 3242 1257 3308 δόξαν
1289 3247 1428 3306 ὅπως
1453 3249 1563 3317 ἔχει
1603 3267 1704 3318 μα-

147 3328 222 3378 θεῖν
244 3325 492 3407 διαφόρως
519 3333 767 3402 ἐζήτησε,
791 3339 879 3386 καί
910 3332 970 3392 ἦν
1002 3334 1282 3405 ἀναγκαῖον
1313 3332 1406 3386 διὰ
1429 3345 1594 3386 ταυτα
1631 3342 1700 3406 μὴ

145 3418 177 3465 ἓν
200 3425 420 3494 παρέργῳ
451 3424 638 3475 θέσθαι
665 3431 819 3476 τοῦτο
842 3427 897 3476 τό
931 3421 1275 3495 σπούδασμα,
1305 3421 1414 3476 δεῖν
1450 3429 1705 3496 ἔγνωσται

146 3513 188 3574 τῇ
214 3509 343 3578 ἡμῶν
368 3517 674 3585 μετριότητι
703 3518 775 3584 μὴ
800 3517 952 3584 μόνον
981 3516 1094 3573 τοὺς
1120 3509 1474 3584 ἐνδημοῦντας
1502 3518 1559 3565 τό
1583 3520 1706 3576 τέως

147 3591 324 3648 ἐνταῦθα
369 3599 803 3674 συλλειτουργούς
853 3601 1016 3660 αὐτῆς
1085 3601 1515 3672 ουγκαλέσασθαι
1564 3604 1705 3666 ἅπαξ

148 3685 317 3751 πάντας,
344 3687 452 3738 ἀλλ’
483 3686 533 3739 ἐν
560 3695 789 3762 πρώτοις
816 3694 904 3762 μεν
935 3695 1024 3742 καί
1063 3690 1218 3742 αὐτόν
1275 3696 1360 3742 τόν
1415 3691 1702 3762 ἁγιώτατον

150 3767 323 3842 (risistis
348 3777 511 3838 αὐτῆς
538 3783 628 3829 καί
671 3777 1069 3852 συλλειτουργόν
1108 3782 1445 3854 πατριάρχην
1487 3780 1700 3853 Ἱεροσο-

148 3857 279 3929 λύμων
302 3865 572 3931 Νικόλαον,
607 3869 735 3937 πρὸς
769 3864 829 3919 δὲ
866 3871 957 3918 καί
974 3873 1091 3929 τοὺς
1123 3867 1171 3919 ἰν
1197 3887 1258 3940 τη
1289 3865 1540 3940 βασιλίδι
1569 3874 1699 3921 ταύ-

151 3965 193 4015 τῃ
214 3950 336 4003 πόλει
363 3960 764 4026 παρατυχόντας
783 3962 841 4007 τό
879 3975 936 4026 γε
961 3964 1048 4007 νῦν
1079 3961 1206 4028 ἔχον
1236 3963 1372 4029 μέγα
1402 3959 1698 4032 ὑπερόχους

152 4034 305 4110 ἄνδρας
331 4049 398 4111 τῷ
429 4048 540 4095 ὄντι
560 4049 649 4095 καί
697 4043 1129 4116 ἐλλογιμωτερους
1159 4053 1260 4097 τῶν
1289 4055 1378 4106 τῆς
1411 4048 1698 4119 συγκλητι-

155 4133 224 4185 τῆς
244 4126 385 4197 βουλῆ
399 4153 437 4192 ς,

206 4221 285 4267 Καὶ
333 4215 395 4276 δὴ
446 4226 725 4292 γενομένου
778 4228 868 4272 καί
918 4223 1149 4295 πλήρους
1196 4229 1551 4286 καταστάντος
1606 4235 1699 4278 του

161 4301 379 4376 τανιδρίου
430 4314 528 4366 τὴν
594 4328 818 4381 σημερον
889 4313 942 4362 εκ
1010 4331 1063 4362 τε
1117 4322 1206 4372 τῆς
1258 4322 1354 4364 τοῦ
1408 4317 1696 4384 άγιωτάτου

159 4397 461 4468 πατριάρχου,
523 4419 587 4467 ῳς
639 4402 864 4472 εἴρηται,
924 4400 1284 4464 συνελεύσεως,
1336 4422 1434 4453 των
1489 4423 1544 4455 τε
1602 4413 1698 4465 τῆς

1815 3261 2184 3318 magnopere
2213 3245 2580 3318 postulabat,
2612 3259 2757 3300 sane
2785 3242 3050 3316 oportuit
3075 3257 3198 3298 non
3224 3243 3463 3315 perfun-

1815 3335 2001 3391 ctorio
2045 3350 2224 3405 opere
2255 3333 2453 3390 studio
2482 3333 2622 3390 huic
2663 3347 2992 3400 occurrere,
3023 3331 3342 3404 visumque
3371 3337 3464 3388 est

1815 3423 2210 3478 mediocritati
2239 3428 2458 3478 nostra!
2478 3437 2602 3478 non
2623 3421 2805 3491 hujus
2823 3418 3244 3476 tantummodo
3263 3419 3463 3489 regio-

1813 3513 1907 3566 nis
1966 3510 2428 3566 consacerdotes
2465 3525 2679 3566 omnes
2726 3523 2890 3564 nunc
2946 3522 3079 3564 0386
3122 3522 3462 3565 convocan-

1813 3602 1945 3667 dos,
1991 3602 2097 3656 sed
2148 3601 2209 3656 in
2261 3600 2474 3673 primis
2523 3598 3017 3656 consacerdotem
3059 3601 3332 3654 nostrum
3387 3613 3462 3654 ac

1812 3692 2054 3747 fratrem
2112 3691 2560 3747 sanctissimum
2613 3687 3169 3759 Hierosolymorum
3207 3687 3460 3759 patriar-

1811 3779 1988 3836 cham
2019 3779 2364 3836 Nicolaum:
2404 3782 2584 3850 atque
2612 3778 2859 3849 insuper
2887 3780 3188 3847 quotquot
3214 3780 3355 3831 sunt
3395 3775 3458 3831 in

1809 3868 1924 3924 hac
1951 3869 2118 3938 regia
2143 3869 2290 3925 urbe
2315 3866 2698 3924 sublimiores
2723 3881 2794 3921 ex
2815 3864 3024 3921 ordine
3054 3863 3352 3921 senatorio
3372 3868 3458 3918 at-

1807 3973 1927 4028 que
1955 3957 2270 4014 doctiores.

1880 4227 2051 4292 Quod
2077 4241 2216 4280 cum
2247 4225 2472 4280 factum
2503 4223 2695 4292 fuerit,
2739 4224 3074 4295 plenusque
3103 4224 3178 4278 sit
3218 4222 3455 4278 hodier-

1810 4332 1924 4372 nus
1946 4331 2262 4372 consessus
2282 4321 2411 4370 tum
2431 4317 2676 4387 propter
2690 4313 3048 4371 sanctissimi
3075 4312 3450 4386 patriarchae,

1811 4412 1875 4461 ut
1903 4406 2130 4461 dictum
2169 4408 2276 4475 est,
2319 4402 2672 4471 adventum,
2706 4408 2833 4458 tum
2860 4403 3040 4459 etiam
3082 4401 3342 4458 aliorum
3379 4415 3454 4457 ex

162 4481 421 4554 πγιλὰτου,
488 4483 727 4557 λογάδων
800 4493 891 4538 καί
968 4497 1058 4549 τῆς
1139 4500 1441 4565 ιεραρχικῆς
1497 4493 1696 4565 ὀμηγύ-

1824 4499 2042 4560 senatu,
2075 4497 2140 4548 ut
2161 4491 2425 4548 diximus
2449 4492 2914 4564 pracipuorum,
2952 4507 3065 4547 nec
3082 4505 3207 4547 non
3226 4505 3300 4546 ex
3331 4489 3455 4546 hie-

161 4583 265 4634 ρεαδς,
316 4582 373 4634 ῶς
423 4573 743 4640 διείληπται,
819 4579 844 4628 ὁ
898 4575 1200 4650 διαληφθεὶς
1264 4586 1536 4654 ιερὼτατος
1598 4601 1698 4654 μη-

163 4659 412 4726 τροπολίτης
469 4664 689 4726 Ῥωσιας
755 4674 924 4718 ταῦτα
995 4673 1085 4719 καί
1154 4666 1309 4721 πᾶλιν
1383 4675 1455 4730 εὶς
1520 4676 1696 4728 κοινὴν

163 4751 358 4813 aptatam
434 4757 751 4819 ἀπε-τείνατο,
833 4758 896 4815 ὡς
975 4758 1131 4818 αὑτὸς
1212 4761 1302 4829 μὲν
1377 4759 1513 4810 οὕτω
1569 4779 1698 4831 πρε-

167 4831 306 4900 ςεινει,
354 4846 390 4892 εὶ
441 4848 533 4892 καὶ
604 4843 870 4916 ἀραρότως
917 4843 1050 4916 ἃχει,
1105 4851 1223 4919 περὶ
1278 4847 1372 4909 τῆς
1434 4848 1694 4908 ζωοποιοῦ

165 4920 319 4987 θνσιας,
361 4930 477 4999 μήτ’
519 4934 773 5003 ἀρχῆθεν,
821 4936 903 4984 ὅτε
943 4937 1089 5006 παρὰ
1141 4942 1230 4987 τοῦ
1276 4943 1510 5010 Σωτῆρος
1561 4946 1691 5010 Χρι-

166 5017 254 5060 στθύ
307 5012 536 5072 δηλονότι
595 5019 873 5089 τετέλεστο,
946 5018 1216 5092 μήτ”αὖθις
1280 5028 1338 5076 τὸ
1389 5024 1692 5078 ἀπ’ἒκείνου

167 5113 281 5170 μεχρι
326 5112 403 5158 καί
462 5113 701 5178 σήμερον,
758 5113 896 5180 μόνῳ
946 5118 1020 5180 τῷ
1091 5114 1307 5184 ἁνάρχῳ
1376 5122 1469 5166 τοῦ
1532 5122 1696 5168 Μονο-

166 5195 291 5280 ’(ξξθύς
343 5199 503 5266 Πατρί
561 5203 728 5248 ταῦτα
795 5201 1110 5272 προσῆχθαι
1165 5206 1255 5253 καί
1309 5206 1694 5274 προσάγεσθαι,

173 5278 258 5365 alii:
291 5287 365 5332 χαί
399 5290 539 5353 αὐτῷ
592 5293 664 5354 τῷ
712 5287 1168 5358 ενανθρωπὴσαντι
1228 5294 1384 5362 Λόγῳ
1417 5308 1429 5321 ⁸
1460 5312 1546 5344 ναι
1601 5298 1698 5365 μὴν

173 5359 268 5423 μηδι
323 5374 371 5422 τὸ
445 5373 596 5443 ἆγιον
667 5381 874 5446 Πνεῦμα
926 5386 1020 5438 τῆς
1087 5359 1700 5454 τοιαύτης-θεοπρεποῦς

177 5460 282 5518 τιμῆς
317 5460 675 5515 ἀπολείπεσθαι
733 5479 745 5492 ⁶
806 5470 894 5518 καί
951 5467 1266 5530 ἁπαξαπλῶς
1326 5473 1449 5542 πρὸς
1502 5476 1592 5530 τὴν
1651 5471 1701 5524 ἐν

225 5627 239 5663 ⁷
264 5632 405 5697 Hebr.
439 5655 501 5708 κ,
528 5643 622 5700 23.

1806 4582 2078 4638 rarchico
2097 4586 2275 4651 coetu,
2305 4586 2677 4638 memoratus
2705 4585 2883 4638 antea
2909 4579 3129 4636 [tussim
3149 4583 3455 4650 metropo-

1804 4672 1928 4743 lita,
1956 4672 2074 4728 hoc
2096 4686 2306 4727 rursus
2337 4670 2570 4726 cunctis
2593 4669 2981 4728 audientibus
3019 4667 3449 4741 pronuntiavit,

1807 4775 1868 4816 se
1889 4760 2135 4832 quidem
2179 4759 2261 4816 ita
2293 4774 2556 4830 censere,
2595 4758 2763 4830 quod
2789 4772 3006 4831 reapse
3041 4757 3342 4814 evidenter
3367 4755 3454 4813 ita

1803 4865 1865 4905 se
1886 4849 2090 4911 habet,
2113 4862 2332 4920 nempe
2351 4847 2661 4904 viviﬁcum
2682 4846 3043 4904 sacriﬁcium
3067 4860 3268 4917 neque
3281 4843 3450 4900 initio

1802 4955 1942 4995 cum
1970 4955 2008 4994 a
2038 4940 2346 4994 Servatore
2368 4937 2600 4993 Christo
2627 4940 2939 5008 peractum
2965 4934 3094 5000 fuit,
3117 4947 3314 5005 neque
3351 4931 3454 4988 de-

1803 5043 1925 5085 nuo
1971 5026 2252 5099 posthinc
2303 5041 2498 5098 usque
2547 5025 2626 5082 ad
2673 5025 3034 5082 hodiernum
3093 5022 3279 5092 diem,
3345 5021 3454 5079 uni

1803 5122 2023 5173 aeterno
2054 5114 2348 5184 Unigeniti
2389 5114 2547 5172 Patri
2575 5113 2846 5171 oblatum
2880 5112 3069 5169 fuisse
3106 5111 3201 5167 vel
3229 5109 3451 5180 offerri,

1804 5222 2014 5262 verum
2037 5205 2218 5262 etiam
2249 5205 2368 5277 ipsi
2382 5220 2626 5278 quoque
2642 5203 2840 5259 Verbo
2863 5203 3208 5260 incarnato:
3231 5202 3356 5259 imo
3375 5217 3455 5259 ne

1805 5300 2082 5350 sanctum
2110 5293 2359 5364 quidem
2382 5293 2665 5366 Spiritum
2683 5292 2867 5363 hujus
2890 5289 3110 5348 divinae
3131 5290 3455 5349 oblationis

1805 5398 1930 5439 non
1951 5398 2084 5439 esse
2112 5382 2464 5454 participem
2498 5401 2512 5449 ;
2538 5382 2622 5438 ita
2645 5386 2712 5438 ut
2725 5380 2978 5438 omnino
3006 5380 3236 5451 Deitati,
3261 5396 3455 5454 quam

1806 5472 1865 5528 in
1896 5471 2174 5528 Trinitate
2225 5485 2628 5544 personarum
2674 5470 3063 5544 coniunctam
3112 5474 3172 5530 et
3207 5469 3454 5529 unicam
