4046 6310
574 395 675 454 is!
1910 386 2184 449 NICETE
2235 385 2622 446 CHONIATE
3832 386 3976 446 152

569 524 753 596 atque
767 521 946 580 unius
972 519 1366 594 ejusdemque
1393 517 1624 574 naturae
1648 513 1949 588 simulque
1985 515 2167 572 immo

2360 511 2529 588 Γριὰδι
2585 518 2873 588 προσώπων
2945 512 3238 589 ἔνιζομὲνην
3318 516 3408 567 καὶ
3495 516 3619 586 μίαν
3679 515 3958 590 γνωριζο-

569 611 750 668 talem
782 627 914 668 esse
934 610 1380 681 cognoscimus,
1403 607 1532 663 haec
1555 605 1982 680 mysteriorum
2001 605 2167 662 oblat

2350 607 2490 663 ιιένην
2546 607 2765 664 Θεότητα
2815 613 3026 678 συμφυῆ
3098 624 3152 658 τε
3212 608 3303 657 καί
3353 599 3626 658 συκίδων
3685 606 3776 664 τὴν
3831 612 3948 657 τῶν

567 703 628 757 et
655 698 798 758 olim
822 699 980 756 facta
1009 699 1184 755 fuerit
1215 702 1271 754 et
1291 712 1454 754 nunc
1480 696 1608 764 ﬁat,
1631 699 1812 770 atque
1861 710 1898 750 a
1927 695 2165 752 Trinitat

2353 699 2638 770 ιυστηρίων
2729 699 3074 768 προσαγωγὴν
3158 696 3476 766 γεγενῆσθαί
3553 712 3606 747 τε
3671 713 3758 747 και
3807 700 3951 766 γίνε-

564 793 862 861 potestate
891 789 1058 845 omni
1089 793 1356 860 tempore
1377 786 1740 860 perﬁciatur.
1774 788 1892 842 Hoc
1907 783 2007 840 ille
2024 783 2157 840 aieb

2345 785 2480 853 σθαι,
2540 783 2891 858 τελειουμένην
2967 781 3060 837 διὰ
3139 792 3232 846 τῆς
3321 783 3634 836 τελειοποιοῦ
3706 781 3943 859 Τριάδος

566 893 631 934 se
685 877 1091 934 indubitanter
1142 876 1381 947 sentire,
1443 875 1561 932 hoc
1609 874 1858 931 ﬁrmiter
1905 889 1943 930 a
2005 873 2164 928 divin

2342 873 2594 929 ἑκάστοτε.
2653 879 2820 927 Τοῦτο
2890 870 3263 934 ἀνενδοίαστως
3334 880 3550 946 φρονεῖν,
3612 879 3761 927 τοῦτο
3840 872 3940 946 βε-

565 966 948 1040 comprobari
971 966 1309 1040 Scripturis,
1342 981 1451 1038 pro
1492 965 1611 1024 hoc
1638 964 1890 1022 demum
1936 963 2161 1036 dogma

2339 962 2489 1026 ϐαίως
2543 968 2632 1017 καὶ
2686 964 2788 1016 οἱπό
2837 971 2937 1016 τῶν
3007 964 3153 1017 θείων
3240 961 3739 1036 πεπληροφορῆσθαι
3799 967 3937 1037 Γραι-

561 1059 850 1130 paratum
871 1072 933 1114 se
953 1056 1130 1114 mori.

2336 1061 2454 1126 ρῶν,
2502 1055 2671 1126 τούτῳ
2725 1072 2817 1106 και
2867 1054 3314 1113 συναποθνήσκειν
3362 1051 3578 1126 ἑτοίμως
3652 1053 3791 1125 ἔχειν
3860 1058 3934 1123 τῷ

2329 1138 2364 1196 δ
2367 1146 2428 1215 όγ
2431 1163 2580 1215 ματι.

629 1236 715 1294 lta
735 1234 985 1311 quidem
1005 1235 1330 1293 conﬁdenti
1352 1234 1559 1292 animo
1577 1236 1809 1291 Russus
1830 1232 2213 1307 loquebatur.

2400 1231 2458 1284 ’0
2532 1235 2622 1305 μέν
2680 1230 2900 1296 Ῥωσίας
2989 1238 3157 1286 ταῦτα
3223 1230 3734 1308 πεπαῤῥησιασμένῳ
3810 1251 3905 1306 φρο

559 1326 709 1382 Cum
739 1329 943 1384 autem
969 1341 1065 1383 res
1091 1327 1387 1398 posceret,
1417 1328 1484 1380 ut
1506 1323 1930 1397 episcoporum
1970 1337 2157 1395 quoqi

2336 1324 2520 1394 νήματι
2561 1319 2799 1384 ἐξελάλει.
2857 1327 2944 1384 Ὡς
2989 1318 3048 1374 δὲ
3104 1323 3294 1395 ἀπῄτει
3340 1323 3398 1374 τὸ
3447 1327 3684 1396 πρᾶγμα,
3732 1325 3828 1374 καί
3869 1324 3934 1374 τό

557 1429 880 1473 consessus
908 1430 1089 1472 suum
1131 1413 1476 1486 singillatim
1505 1413 1683 1470 ferret
1711 1412 2088 1483 suffragium,
2124 1429 2151 1468 s

2340 1419 2421 1473 ri;
2494 1419 2667 1472 κοινῆς
2737 1419 2836 1464 τῶν
2891 1409 3178 1487 ἀρχιερέων
3259 1409 3721 1467 ἀποκαλύπτεσθαι
3811 1413 3938 1464 σύν-

557 1505 936 1562 cratissimus
961 1503 1443 1576 metropolitanaa
1456 1502 1722 1560 ecclesias
1746 1503 1962 1576 Ephesi
1991 1501 2155 1559 archi

2341 1502 2476 1574 ἰέμα,
2545 1503 2571 1552 6
2641 1499 2916 1574 ἱερώτατος
2992 1505 3414 1577 άρχιεπίσκοπος
3497 1508 3594 1564 τῆς
3662 1519 3939 1576 μητροπο-

552 1594 862 1668 piscopus,
891 1593 1053 1650 haud
1073 1593 1294 1650 diutius
1322 1592 1508 1650 divini
1520 1594 1612 1650 sui
1632 1592 1736 1648 zeli
1753 1592 2046 1664 impetum
2073 1607 2150 1648 co:

2340 1603 2443 1652 tm;
2507 1590 2724 1663 Ἐφέσου
2793 1598 3001 1662 πρῶτος
3066 1593 3259 1644 αὐτίκα
3307 1595 3401 1650 τὴν
3459 1586 3626 1644 ὠδῖνα
3683 1595 3756 1664 μή
3818 1594 3938 1644 στί-

556 1683 746 1742 tinere
777 1683 1106 1755 sustinens,
1139 1697 1200 1739 se
1231 1699 1372 1740 cum
1397 1685 1586 1739 Russo
1615 1682 1846 1754 primus
1877 1681 2094 1737 sentire
2115 1696 2154 1737 e:

2336 1698 2432 1752 γειν
2469 1682 2545 1732 ἔτι
2572 1681 2674 1740 οἶός
2717 1698 2772 1733 τε
2817 1679 2884 1732 ὧν
2923 1687 3017 1733 τοῦ
3058 1682 3256 1742 ἐνόντος
3302 1682 3468 1751 τούτῳ
3519 1678 3686 1734 ἐνθέου
3741 1679 3934 1742 ζήλου,

555 1772 1048 1846 clamavit,atque
1060 1772 1120 1828 in
1139 1772 1254 1828 hac
1268 1770 1645 1828 confessione
1657 1771 2017 1828 moriturum
2031 1786 2153 1827 con:

2346 1773 2619 1843 νμοφρόνως
2693 1776 2766 1840 τῷ
2831 1767 3052 1833 Ῥωσίας
3125 1775 3323 1846 φρονεῖν
3416 1769 3714 1844 ἀνεκήρυξε,
3812 1789 3944 1822 σνν-

555 1861 769 1920 denter
784 1861 1121 1920 admodum
1135 1860 1504 1919 afﬁrmabat.
1523 1863 1734 1918 Parem
1747 1861 2110 1918 sententiam
2125 1876 2153 1916 r

2343 1859 2598 1913 ιποθανεῖν
2660 1862 2751 1911 καί
2813 1857 2970 1922 αὐτὸς
3040 1867 3102 1920 τῆ
3171 1861 3388 1920 τοιαύτή
3456 1858 3706 1932 ὁμολογία
3786 1857 3941 1931 μάλα

554 1949 758 2023 liquus
769 1951 949 2007 etiam
963 1951 1388 2024 episcoporum
1401 1955 1591 2008 coetus
1605 1950 1979 2024 protulit,qui
1993 1950 2152 2023 parit

2341 1946 2644 2024 ἰαρῥούντως
2719 1948 3122 2022 ίσχυριξόμενος
3162 1964 3176 1980 ο
3261 1951 3327 2002 τὰ
3391 1949 3529 2002 αύτὰ
3607 1945 3666 2002 δὲ
3721 1951 3939 2010 τούτοις

557 2041 998 2098 consentientes
1035 2041 1484 2116 concordesque
1531 2041 1691 2098 nacti
1735 2044 1877 2097 sunt
1916 2045 2155 2114 quotqul

2343 2035 2622 2112 πρεσϐεύειν
2710 2041 2800 2089 καί
2891 2036 3046 2098 λοιπή
3125 2044 3226 2092 τῶν
3298 2037 3582 2112 ἀρχιερέων
3665 2038 3941 2111 ὁμήγυρις

557 2133 728 2187 erant
751 2129 812 2186 in
833 2145 905 2186 eo
935 2145 1231 2187 consessu
1263 2146 1334 2188 ex
1363 2132 1576 2188 senatu
1595 2129 1691 2186 vel
1715 2129 1960 2187 aliunde
1991 2145 2155 2186 conv:

2345 2127 2689 2199 ι-υγκατίθετο,
2770 2128 3068 2202 σύμφρονας
3132 2125 3217 2180 ἔπι
3277 2130 3483 2190 τούτοις
3548 2128 3775 2202 εὑροῦσα
3841 2145 3943 2179 και

558 2219 714 2289 cati;
741 2222 878 2276 ante
909 2234 1123 2276 omnes
1143 2235 1283 2276 vero
1320 2219 1768 2276 sanctissimum
1806 2218 2156 2292 patriarcha:

2346 2215 2684 2289 ›μογνὼμονας
2741 2215 2862 2268 ὅσον
2922 2235 2977 2268 τε
3040 2223 3134 2269 τοῦ
3202 2215 3455 2288 συλλόγου
3515 2219 3671 2291 μίρος
3725 2214 3782 2268 ἐκ
3838 2223 3944 2277 τῆς

557 2309 1113 2382 Hierosolymorum
1172 2308 1526 2376 Nicolaum;
1575 2307 1800 2381 quibus
1845 2307 2155 2364 accedeba:

2347 2303 2620 2376 τυγκλήτου
2679 2301 2982 2378 συὴνδρευε,
3031 2310 3122 2359 καὶ
3189 2305 3245 2368 ὃς
3299 2305 3507 2359 ἂλλοθεν
3586 2309 3945 2380 παρεστηκὼς

560 2401 861 2472 quotquot
889 2397 1178 2470 praedicto
1193 2397 1466 2470 dogmati
1477 2396 1720 2454 deﬁnite
1730 2395 2158 2470 astipulabantt

2349 2393 2628 2466 γνωρίζετο
2683 2409 2696 2424 ⁶
2754 2398 2857 2468 πρό
2925 2391 2985 2447 δὲ
3056 2397 3252 2449 τούτων
3326 2394 3563 2448 ἁπάντων
3629 2395 3784 2448 αὐτόν
3842 2398 3947 2447 τὸν

561 2491 621 2546 et
647 2487 1069 2546 adhaerebant.

2349 2485 2610 2552 ιγιώτατον
2736 2485 3079 2558 πατριάρχην
3180 2483 3220 2538 Ἰ
3227 2483 3438 2558 εροσολύ
3442 2504 3552 2557 μων
3651 2481 3947 2537 Νικόλαον·

2324 2569 2435 2643 μεθ’
2499 2571 2568 2622 ὧν
2617 2567 2754 2630 ἦσαν
2805 2573 2854 2624 οἱ
2906 2578 2978 2643 τῷ
3027 2572 3241 2647 ῥηθέντι
3300 2568 3533 2646 δόγματι
3593 2575 3725 2626 κατὰ
3749 2572 3956 2645 [πάντα

2330 2665 2667 2732 στοιχοῦντίς
2695 2679 2749 2714 τε
2778 2666 2869 2714 καί
2888 2660 3200 2735 ἐμμένοντες.

640 2757 882 2828 Oportet
939 2758 1142 2814 autem
1182 2759 1238 2813 et
1279 2755 1549 2829 ipsorum
1604 2755 1856 2812 nomina
1914 2753 2218 2826 sigillatim

2400 2755 2485 2803 Δεῖ
2545 2753 2648 2823 γὰρ
2742 2749 3008 2804 κάνταῦθα
3076 2755 3273 2805 τούτων
3371 2751 3753 2824 ἐπιμνησθῆναι
3819 2754 3951 2806 κατ’

564 2846 958 2921 perscribere.
999 2849 1082 2902 Ex
1127 2850 1343 2904 senatu
1388 2846 1634 2919 quidem
1663 2846 1726 2902 hi
1759 2863 1773 2903 :
1814 2847 2162 2920 pansebastl

2353 2842 2510 2912 ἶνομα.
2571 2839 2661 2892 Ἐκ
2721 2842 2813 2914 μὶν
2876 2849 2971 2903 τῆς
3043 2841 3342 2914 συγκλήτου
3420 2840 3618 2914 βουλῆς
3697 2837 3812 2894 οἶδε
3855 2862 3871 2875 ·
3922 2844 3951 2894 6

569 2936 849 2994 sebastus
885 2950 1148 3008 magnus
1179 2936 1546 3006 drungarius
1567 2936 1852 2992 dominus
1883 2936 2167 3010 Stephani

2357 2927 2686 2990 τανσὲϐαστος
2717 2928 2968 2992 σεϐαστός
3005 2934 3097 2983 καὶ
3145 2935 3304 3003 μέγας
3368 2927 3720 3007 δρουγγάριος
3778 2938 3955 3004 κῦρος

575 3025 1876 3098 Comnenus,Gloriosissimusprotonotarius
1890 3030 1947 3083 et
1963 3041 2173 3097 magni

2357 3019 2575 3090 Ξτέφανος
2644 3019 2671 3069 6
2748 3023 3016 3091 Κομνηνός
3085 3039 3100 3052 ·
3168 3021 3193 3071 6
3250 3015 3670 3092 μεγαδοξότατος
3734 3039 3955 3095 πρωτο-

571 3115 1468 3187 logothetadominusloannes.
1486 3115 1925 3171 lllustrissimus
1938 3119 2169 3172 asecret

2351 3109 2571 3183 ιοτάριος
2622 3111 2712 3160 καὶ
2788 3110 2951 3181 μέγας
3012 3107 3366 3182 λογαριαστὴς
3435 3116 3592 3184 κῦρος
3639 3108 3888 3172 Ἰωάννης
3936 3128 3949 3140 ·

577 3205 865 3262 dominus
891 3205 1169 3263 Nicolaus
1197 3208 1482 3262 Zonaras.
1533 3204 1972 3260 lltustrissimus
2020 3221 2175 3261 noml

2355 3200 2364 3250 ἱ
2435 3201 2970 3270 μεγαεπιφανέστατος
3064 3196 3354 3274 ἀσηκρῆτις
3449 3205 3606 3273 κῦρος
3683 3197 3953 3260 Νικόλαος

579 3295 828 3368 phylax,
869 3298 927 3352 et
963 3294 1432 3351 domesticorum
1478 3295 1838 3367 praepositus
1885 3293 2177 3351 ThBOdOI‘l

2364 3288 2367 3332 ἰ
2431 3293 2719 3360 Ζωναρᾶς·
2786 3291 2877 3340 καί
2951 3289 2976 3339 ὀ
3041 3293 3584 3361 μεγαεπιφανέστατος
3657 3288 3962 3361 νομοφύλαί

580 3385 980 3442 Pantechnes.
1023 3387 1103 3439 Ex
1141 3385 1486 3441 veneranda
1525 3389 1726 3441 autem
1764 3387 1884 3441 Deo
1914 3385 2178 3442 chararui

2366 3380 2432 3428 ιαὶ
2489 3376 2573 3429 ἐπὶ
2626 3385 2726 3429 τῶν
2778 3377 3049 3430 οἰκειακῶν
3127 3385 3286 3452 κῦρος
3336 3374 3611 3451 Θεόδωρος
3675 3378 3701 3430 6
3753 3381 3964 3432 Παντε-

584 3473 949 3544 dignitatum
979 3475 1236 3539 caterva,
1264 3473 1617 3545 reliquoque
1648 3489 1824 3529 sacro
1844 3479 2077 3540 senatu,
2103 3489 2182 3530 ma

2364 3471 2482 3538 ίνὴς
2523 3483 2536 3498 ⁸
2585 3465 2641 3520 ἐκ
2679 3463 2739 3520 δὲ
2784 3477 2875 3529 τῆς
2928 3466 3244 3543 ἐντιμοτέρας
3299 3476 3400 3520 τῶν
3448 3487 3502 3522 τε
3542 3467 3962 3540 θεοφιλεστάτων

586 3578 744 3634 gnus
782 3561 1266 3629 archidiaconus,
1303 3577 1563 3632 magnus
1602 3578 1975 3630 oeconomus,
2008 3564 2184 3620 chartl

2367 3555 2620 3628 ὶρχόντων
2667 3555 2894 3617 πληθύος
2950 3576 3036 3609 και
3095 3565 3192 3618 τῆς
3267 3556 3427 3620 α”λλης
3483 3561 3617 3630 ἱερᾶς
3672 3562 3965 3630 γερουσίας

587 3651 839 3725 phylax,
893 3650 1262 3714 sacellarius,
1317 3653 1788 3724 protonotarius,
1833 3652 2183 3710 canistrariu

2365 3647 2512 3700 »ὅτ-οι·
2559 3647 2586 3697 6
2629 3650 2793 3718 μέγας
2845 3643 3242 3718 ἀρχιὸιάκονος,
3298 3651 3389 3699 καὶ
3460 3646 3486 3700 6
3534 3650 3694 3719 μέγας
3745 3650 3963 3700 οἰκονο-

586 3740 1046 3810 referendarius,
1074 3740 1154 3797 ab
1180 3740 1349 3809 actis,
1381 3741 1612 3813 primus
1635 3741 1937 3813 ostiarius,
1954 3744 2184 3814 magism

2366 3757 2465 3803 ιος,
2517 3736 2542 3788 6
2595 3735 2956 3808 χαρτοφύλαξ,
3023 3737 3048 3788 6
3108 3735 3464 3809 σακελλοὶριος,
3528 3738 3554 3788 6
3621 3737 3964 3810 πρωτονοτοί-

589 3829 1075 3901 Evangeliorum,
1143 3833 1478 3902 suggestor,
1550 3830 1784 3902 primus
1839 3830 2187 3888 Ecclesiarm

2367 3853 2478 3901 ηος,
2535 3835 2561 3885 6
2635 3837 2996 3907 κανστρίσιος,
3068 3833 3094 3884 6
3155 3829 3655 3908 ῥαιφερενὸοἱριος,ὁ
3710 3834 3965 3905 ὑπομνη-

589 3919 967 3994 praepositus,
1001 3935 1039 3976 a
1066 3918 1439 3992 supplicibus
1468 3918 1704 3986 libellis,
1739 3919 2038 3977 secundus
2063 3922 2179 3978 osti

2364 3925 2707 3996 αατογρςὶφος,
2741 3924 2766 3974 6
2805 3929 3008 3992 πρῶτος
3043 3921 3332 3995 ὁπτιὰριος,
3400 3923 3426 3974 6
3481 3918 3809 3983 διδάσκαλος
3848 3931 3962 3975 τῶν

591 4010 736 4081 rius,
780 4008 1088 4067 secundus
1132 4007 1531 4064 Ecclesiarum
1584 4009 1970 4082 praepositus,
2025 4009 2184 4066 docti

2363 4011 2699 4085 Εὑαγγελίων,
2778 4012 2803 4063 6
2877 4013 3310 4084 ὑπομιμνήσκων,
3388 4013 3414 4064 ό
3504 4020 3708 4085 πρῶτος
3765 4009 3961 4084 ἄρχων

593 4098 728 4156 simi
744 4098 1176 4172 patriarcbales
1195 4098 1428 4171 notarii,
1459 4100 1760 4154 secundus
1801 4099 2191 4168 diaconus,a1i

2364 4111 2452 4155 τῶν
2506 4100 2849 4167 Ἐκκλησιῶν,
2913 4102 2939 4153 6
3001 4104 3084 4154 ἐπὶ
3134 4110 3234 4154 τῶν
3302 4097 3552 4171 δεήσεων,
3611 4103 3637 4154 6
3709 4098 3962 4176 δεύτερος

594 4203 712 4260 que
738 4203 753 4255 ;
780 4189 923 4244 item
945 4202 1068 4244 non
1095 4187 1336 4244 modica
1357 4202 1498 4260 pars
1523 4187 1627 4262 qui
1645 4191 1842 4245 astant
1863 4188 2192 4261 patriarcha

2365 4191 2646 4266 ὅστιάριος,
2703 4191 2729 4243 6
2795 4187 3032 4267 δεύτερος
3092 4192 3276 4267 ἅρχων
3343 4198 3443 4243 τῶν
3511 4189 3851 4258 Ἐκκλησιῶν,
3906 4194 3963 4244 οἱ

593 4275 812 4332 throno
847 4274 1335 4332 doctissimorum
1375 4278 1555 4349 atque
1595 4276 2006 4349 piissimorum
2047 4278 2191 4334 diaci

2363 4282 2660 4353 λογιώτατοι
2744 4285 3129 4354 πατριαρχικοὶ
3211 4278 3461 4353 νοτάριοι,
3545 4279 3571 4331 6
3642 4276 3961 4355 δευτερεύων

594 4378 817 4421 norum
855 4363 962 4436 qui
1001 4363 1416 4434 ﬁrmojudicio
1471 4365 1796 4437 propositas
1835 4365 1994 4422 circa
2029 4365 2190 4421 riviﬁ

2363 4378 2454 4423 τῶν
2503 4366 2778 4440 διακόνων,
2840 4374 2929 4422 καὶ
2981 4370 3144 4444 ἕτεροι
3176 4386 3188 4400 ·
3245 4370 3339 4421 οὐκ
3390 4368 3539 4440 ὀλίγη
3598 4388 3652 4422 τε
3702 4376 3801 4421 τῶν
3831 4375 3961 4444 περὶ

595 4450 876 4508 sacriﬁcii
951 4451 1319 4508 oblationem
1377 4453 1682 4508 sententiae
1751 4453 1902 4510 adeo
1961 4454 2193 4511 favebal

2362 4461 2412 4512 τό
2511 4456 2665 4531 βῆμα
2727 4455 3136 4533 ἐλλογιμωτέρων
3216 4455 3601 4511 εύλαϐεστάτων
3697 4453 3960 4510 διακόνων

593 4543 662 4597 ut
707 4554 781 4596 ne
811 4540 1206 4613 quaestionem
1252 4540 1498 4612 quidem
1539 4540 1724 4598 ullam
1772 4557 1911 4598 cum
1949 4543 2020 4598 iis
2070 4542 2191 4599 hab

2365 4547 2642 4622 ἂπὸμοιρα,
2711 4548 2762 4599 οἵ
2798 4564 2859 4618 γε
2922 4551 3011 4598 καὶ
3068 4541 3374 4618 ἀδιστοίκτῳ
3437 4551 3616 4620 γνὼμή
3669 4553 3778 4608 τοῖς
3833 4536 3963 4621 περὶ

593 4629 712 4687 turi
739 4631 954 4700 essent,
981 4629 1085 4703 qui
1103 4628 1244 4686 huic
1271 4629 1542 4699 dogmati
1565 4645 1812 4703 prorsus
1849 4631 2191 4688 adhaereret]

2363 4643 2451 4696 τῆς
2518 4642 2867 4708 προσαγωγῆς
2918 4641 3015 4697 τῆς
3077 4633 3334 4694 ζωοποιοῦ
3394 4635 3582 4696 Θυσίας
3649 4631 3961 4705 διειλημμέ-

594 4737 698 4779 νοις
755 4715 1089 4792 ὃεὸογμένοις
1151 4721 1502 4792 προσκείσθαι
1569 4722 1858 4792 ςύμπαντες
1915 4717 2246 4790 ὃιετείναντο,
2313 4728 2382 4785 ὡς
2428 4720 2568 4796 μηδὲ
2643 4725 2940 4785 συζήτησιν
3016 4718 3321 4782 οίανδήτινα
3393 4724 3583 4776 ἔχουσι
3646 4725 3789 4797 παρὰ
3844 4729 3961 4784 τοῖς

596 4812 881 4884 προσέχειν
921 4807 1050 4869 ὅλως
1090 4807 1372 4862 ἐθέλουσιν.

667 4901 806 4956 Post
844 4899 955 4956 hos
980 4901 1099 4955 Deo
1136 4897 1527 4955 cahrissimus
1568 4898 1800 4972 primus
1845 4899 2126 4957 defensor
2159 4901 2256 4958 Mi-

2434 4900 2651 4975 Ἐφόἵς
2701 4903 2727 4954 6
2782 4901 3172 4975 Θεοφιλέστατος
3228 4898 3585 4975 πρωτέκδικος
3648 4898 3872 4972 Μιχαὴλ
3929 4903 3958 4952 6

596 4989 770 5047 chael
809 4987 1359 5046 Thessalonicensis
1406 5003 1581 5044 suam
1623 4988 1845 5061 pariter
1885 4990 2194 5047 sententia1

2365 4997 2450 5045 τοῦ
2490 4991 2901 5060 Θεσσαλονίκης,
2955 4992 3090 5054 ὅπως
3147 4992 3261 5063 ἔχει
3293 4994 3384 5044 καὶ
3439 4989 3582 5050 οὗτος
3637 5007 3963 5065 φρονηματος

595 5079 864 5152 proferre
887 5082 1154 5151 rogatus,
1187 5077 1268 5135 ait
1309 5093 1372 5135 se
1415 5079 1692 5151 quamvis
1723 5083 1902 5136 antea
1931 5079 2006 5136 de
2043 5080 2159 5136 hac
2187 5097 2193 5137 1

2358 5085 2477 5156 περὶ
2515 5082 2700 5134 τούτου
2750 5077 3152 5152 διερωτώμενος,
3212 5080 3254 5132 εἰ
3305 5083 3395 5132 καὶ
3447 5077 3740 5154 ἁπορητῶς,
3772 5077 3956 5149 ἔφησε,

599 5167 956 5236 dubitasset,
989 5168 1272 5242 posthinc
1316 5173 1520 5224 tamen
1563 5169 1872 5225 sententiae
1917 5168 2197 5242 synodica

2362 5174 2474 5244 περὶ
2504 5173 2689 5223 τούτου
2748 5167 2971 5222 διέκειτο
3025 5173 3292 5244 πρότερον,
3354 5167 3481 5220 ἀλλὰ
3535 5171 3592 5220 τὸ
3641 5165 3742 5219 ἁπό
3799 5163 3960 5220 τοῦδε

598 5272 736 5329 quas
773 5258 904 5329 jam
935 5258 1269 5326 dicebatur,
1313 5257 1562 5313 omnino
1592 5271 1716 5313 non
1765 5257 2196 5315 adversaturun

2360 5263 2430 5332 μὴ
2474 5257 2768 5312 ἀντιτείνειν
2795 5256 2923 5332 μηδ’
2948 5257 3075 5320 ὅλως
3101 5266 3229 5330 τοῖς,
3251 5254 3472 5321 δόξασιν
3494 5253 3602 5316 ἤδη
3643 5252 3955 5326 συνοδικῶς,

597 5345 722 5403 imo
747 5363 884 5403 eam
915 5351 1260 5404 secuturum
1290 5346 1649 5421 spondebat.

2360 5347 2575 5401 ἕπεσθαι
2607 5345 2667 5401 δὲ
2695 5351 2897 5408 τούτοις
2925 5352 3016 5400 καὶ
3052 5348 3205 5408 αὐτὸς
3242 5349 3555 5402 κατετιθετο.

670 5435 1121 5507 Dyrrachiensis
1153 5440 1376 5507 autem,
1398 5452 1538 5492 cum
1565 5440 1622 5492 et
1641 5435 1719 5492 ab
1757 5435 1890 5508 ipso
1919 5435 2247 5508 postulare-

2428 5436 2492 5490 Ὀ
2549 5441 2723 5509 μέντοι
2770 5436 3092 5512 Δυρραχίου,
3133 5439 3220 5489 τόν
3260 5440 3445 5488 οἰκεῖον
3496 5439 3690 5488 σκοπόν
3728 5439 3816 5488 καὶ
3871 5435 3958 5489 οὗ-

598 5530 692 5584 tur
719 5529 786 5581 ut
813 5539 1059 5582 sensum
1089 5542 1267 5582 suum
1299 5526 1574 5600 aperiret,
1598 5525 1792 5598 primo
1821 5525 2068 5598 quidem
2086 5525 2196 5582 har

2359 5545 2444 5589 τος
2501 5531 2658 5579 εἰπεῖν
2731 5527 3129 5599 ἀπαιτούμενος,
3189 5533 3375 5600 πρῶτα
3429 5527 3520 5597 μὶν
3592 5530 3802 5598 γνώμην
3871 5521 3957 5578 δε-

597 5615 678 5675 ad
698 5614 948 5672 verbum
969 5616 1323 5672 sententiam
1336 5616 1582 5688 protulit
1603 5633 1617 5671 :
1645 5615 1896 5672 Domine
1918 5617 1999 5672 mi
2021 5622 2195 5673 sancti

2359 5613 2493 5669 ὃωκε
2529 5618 2665 5669 κατοί
2723 5616 2872 5690 ῥῆμα
2933 5613 3097 5668 ταῦτα
3163 5611 3650 5687 διαλαμϐάνουσαν.
3723 5618 3956 5669 Δέσποταὶ

595 5720 826 5779 vosque
854 5703 1085 5764 domini
1127 5703 1247 5762 mei
1281 5707 1460 5778 atque
1499 5704 1979 5777 consacerdotes,
2011 5720 2192 5779 magn

2359 5724 2455 5779 μου
2511 5704 2650 5779 ἅγιε,
2703 5708 2792 5758 καὶ
2837 5701 2983 5778 ὑμεῖς
3029 5700 3287 5759 δεσπόται
3339 5723 3440 5776 μου
3485 5707 3577 5758 καὶ
3631 5701 3957 5778 σῦλλειτουρ-
