4046 6310
124 342 232 398 153

1477 344 1830 406 THESAURI
1868 345 2000 408 LIB.
2044 348 2222 407 XXIV.

3417 355 3518 411 156

122 473 234 539 γοὶ,
297 472 432 544 περὶ
502 469 740 544 μεγάλων
787 471 1110 545 πραγμάτων
1161 467 1363 546 ῥᾳδίως
1414 471 1472 525 ού
1529 469 1758 548 δύναμαι

1879 491 1980 547 ego
2004 477 2077 533 de
2093 477 2274 534 rebus
2294 476 2458 534 haud
2487 477 2662 535 facile
2687 477 2987 550 judicium
3018 493 3221 535 meum
3251 491 3522 551 pronun-

123 556 553 629 immivaaﬂai.
608 563 702 613 Διὰ
745 567 973 627 τοιοῦτο,
1042 562 1164 636 ὅπερ
1224 566 1314 614 καὶ
1388 561 1563 615 ἄλλοτε
1627 564 1757 616 πο).-

119 647 274 710 ὶεὲκις
335 653 477 724 πρός
531 654 626 708 τὴν
678 653 927 724 ὑμετέραν
977 647 1115 704 εἷπον
1182 650 1483 722 ἁγιωσύση,
1534 657 1624 705 καὶ
1670 661 1758 705 νῦν

124 734 216 788 δια
266 747 372 799 τῆς
421 743 703 809 παρούσης
755 739 889 811 λέγω
965 748 1172 812 γραφῆς
1247 760 1367 812 μου.
1455 741 1608 804 Ἀξιώ
1666 747 1758 801 τὴν

123 831 268 898 ὧμῶν
323 830 644 900 οῐφιωσύνην
705 825 894 882 δοῦναί
952 848 1040 900 μοι
1098 828 1366 902 ἐγγράφως
1391 834 1456 883 τὰ
1485 834 1760 904 κινούμενα

125 918 454 990 ζητήματα,
488 924 582 971 καὶ
624 921 799 976 τίναὴ
853 920 994 991 ὑμῶν
1051 919 1320 990 ἁγιωσύνῃ
1388 926 1506 994 περὶ
1563 925 1757 975 τούτων

123 1015 328 1077 φρονεῖ,
392 1011 468 1069 ὡς
542 1010 602 1059 ἄν
655 999 906 1083 [ἀκριϐῶς
953 1015 1121 1060 ταῦτα
1174 1005 1616 1082 διασκεψάμενος,
1669 1016 1758 1063 καὶ

120 1102 230 1157 τοίς
265 1105 381 1148 τῶν
417 1095 586 1167 ἁγίων
629 1099 965 1170 συγκρούσας
1011 1096 1202 1168 λόγοις,
1268 1098 1310 1150 εἰ
1362 1102 1452 1170 μὲν
1513 1102 1760 1172 ούμφωνα

120 1187 328 1248 νοήσω,
382 1185 678 1244 rimandum
734 1185 960 1258 ἐμαυτόν
1026 1185 1268 1261 ἀπορίας·
1337 1192 1428 1240 καὶ
1511 1191 1758 1262 σύμφρων

122 1277 466 1347 (γενόμενος,
501 1275 550 1328 εἰ
609 1271 996 1346 ἔτι)ὃιστάζω,
1058 1273 1230 1348 ἐρωτῶ
1270 1277 1426 1328 πάλιν
1480 1281 1567 1328 καὶ
1624 1297 1758 1350 μαν-

125 1365 288 1418 θάνω.
365 1363 452 1416 Ού
511 1365 616 1438 γὰρ
668 1364 998 1438 αἰσχύνομαι
1047 1372 1220 1418 τοῦτο·
1289 1363 1397 1418 ἐπεὶ
1445 1369 1534 1418 καὶ
1590 1368 1616 1418 ό
1665 1375 1762 1428 τῆς

127 1451 409 1524 θεολογίας
520 1451 789 1526 ἐπώνυμος
873 1456 898 1505 ό
981 1458 1140 1526 μέγας
1225 1459 1515 1528 Γρηγόρισς
1604 1455 1758 1526 λέγει,

125 1541 292 1594 Βούὶο
343 1563 452 1615 μαι
526 1539 622 1595 διὰ
673 1541 796 1615 βίου
849 1549 973 1605 παῖς
1035 1541 1163 1596 εἶναι
1219 1550 1310 1597 καὶ
1362 1547 1624 1617 μαθητής.
1661 1549 1762 1598 Καί

125 1651 207 1693 τις
237 1641 345 1683 τῶν
375 1632 479 1694 ἔξω
515 1640 710 1704 σοφῶν,
749 1631 975 1704 Ἀγαθὸν
1023 1634 1122 1704 ὅτῳ
1153 1635 1248 1685 κάν
1306 1632 1356 1685 έν
1416 1640 1554 1706 γήρᾳ
1605 1639 1762 1705 σοφία

125 1725 217 1772 καὶ
295 1725 566 1794 φρόνησις
647 1725 952 1796 πρόσεστιν.
1031 1721 1380 1795 Ἐγχωρείται
1463 1725 1564 1794 γὰρ
1633 1725 1759 1795 ἡμῖν

128 1812 278 1884 παρὰ
364 1818 474 1862 τῶν
543 1809 705 1881 ἁγίων
772 1815 862 1863 καὶ
917 1809 1017 1864 ἀπὸ
1067 1815 1261 1863 τούτων
1326 1811 1652 1884 ὠφελεῖσθαι.
1698 1812 1755 1864 Ἡ
1787 1827 1828 1884 Β

129 1898 261 1968 ἁγία
310 1899 504 1972 ὑμῶνή
561 1897 662 1971 εύχ
697 1901 939 1975 χαρισθῇ
973 1900 1095 1973 μοιῐ
1124 1900 1183 1953 '0
1232 1899 1436 1962 εὐτελὴς
1486 1919 1758 1976 μητροπο-

129 1987 283 2050 λίτης
312 1986 663 2065 Δυρραχίου.

205 2355 282 2409 Ως
341 2343 411 2400 δὲ
475 2351 651 2398 ταῦτα
700 2353 940 2418 περιεῖχε
993 2349 1051 2399 τό
1105 2346 1232 2422 παρ’
1293 2346 1454 2400 αὐτοῦ
1482 2344 1762 2420 δεδομένον

137 2434 440 2511 δελτάριον,
505 2441 599 2488 καὶ
647 2435 844 2495 ἢκουσε
866 2437 997 2508 μετὰ
1050 2439 1109 2488 τὸ
1179 2435 1579 2509 ἀναγνωσθῆναι
1636 2439 1761 2492 αύτὸ

142 2524 416 2601 διαφόρων
467 2527 766 2598 χρημάτων
813 2533 1082 2599 γραφικῶν
1141 2524 1190 2578 ἓν
1243 2534 1316 2597 τῷ
1367 2532 1510 2598 μέσῳ
1570 2547 1762 2600 προκο-

138 2616 440 2687 μιζομὲνων
474 2613 550 2674 εἰς
601 2617 987 2688 συγκροτισμὸν
1040 2619 1131 2668 καὶ
1179 2617 1516 2689 παράστασιν
1575 2615 1760 2692 ἐναργῆ

137 2712 227 2756 τοῦ
287 2702 750 2776 ἀμφιϐαλλομένου
808 2703 969 2774 αύτῷ,
1052 2710 1144 2756 τοῦ
1227 2701 1503 2779 συνεδρίου
1578 2706 1765 2758 αὐτίκα

140 2793 458 2858 ἐξαναστὰς,
513 2791 728 2852 ἐπιστὰς
785 2790 871 2844 ἐπὶ
929 2798 1022 2844 τοῦ
1067 2797 1250 2864 μέσον,
1290 2793 1351 2847 Εἰ
1394 2797 1575 2866 καιρόν
1606 2797 1762 2866 ἔφθην

143 2881 548 2946 ἐξαιτήσασθαι
603 2877 956 2951 διασκέψεως,
1019 2883 1224 2953 ἔφησεν,
1281 2880 1335 2944 ἐξ
1387 2883 1455 2933 ὧν
1483 2880 1760 2955 γνωμοδο-

141 2979 311 3034 τῆσας
368 2976 619 3046 γέγραφα
660 2971 747 3022 οἶα
794 2965 1197 3043 δειλαινόμενος,
1239 2972 1323 3023 ἶνα
1375 2977 1447 3044 μὴ
1498 2971 1628 3044 λέγω
1673 2977 1762 3025 καὶ

144 3061 548 3134 εὐλαϐούμενος,
612 3059 919 3132 ἐτοιμότατα
955 3064 1074 3136 περὶ
1153 3066 1253 3112 τῶν
1309 3063 1556 3113 τοιούτων
1633 3059 1762 3114 ἁπό-

144 3171 322 3226 κρισιν
373 3151 640 3204 τίθεσθαι*
696 3148 826 3202 ἀ).λά
884 3151 986 3222 γὰρ
1029 3153 1378 3223 ίπεπεισμένος
1449 3150 1628 3204 λοιπὸν
1679 3151 1762 3224 ἀφ’
1793 3182 1833 3237 C

146 3242 212 3293 ὗν
269 3239 360 3294 ἐπὶ
440 3247 536 3292 τοῦ
605 3242 858 3312 παρόντος
916 3236 1120 3297 ἀκήκοα
1181 3248 1482 3314 μαρτυριῶν
1569 3241 1764 3294 πολλῶν

147 3337 454 3406 γραγικῶν,
514 3327 741 3398 σκέψεως
800 3332 892 3401 μέν
947 3326 1156 3390 ἁπάσης
1215 3332 1275 3382 τό
1360 3328 1584 3383 ἐντεῦθεν
1642 3329 1766 3402 ἀφί-

150 3435 381 3494 σταμαιο
445 3419 794 3478 κατατίθεμαι
853 3415 911 3470 δὲ
989 3425 1298 3493 συμφρονεῖν
1376 3418 1461 3471 ἐπὶ
1534 3427 1596 3492 τῇ
1675 3440 1769 3472 πα-

146 3512 321 3585 ρούσῃ
356 3507 610 3559 ὑποθέσει
634 3508 772 3559 κατὰ
796 3505 968 3558 πάντα
1009 3513 1072 3578 τῇ
1113 3505 1209 3578 ἐμῇ
1257 3503 1592 3580 ἀδελφότητα
1656 3509 1768 3560 ὅθεν

148 3603 242 3650 καὶ
303 3595 547 3668 διατόρῳ
599 3599 826 3667 στόματι
867 3593 1206 3670 ἀνακηρύττω
1277 3615 1332 3648 τε
1387 3600 1477 3648 καὶ
1535 3595 1770 3669 ὁμολογῶ

150 3687 431 3739 πιστεύειν
485 3683 686 3744 α’)ηθῶς
724 3687 796 3756 μὴ
839 3691 912 3754 τῷ
960 3688 1130 3756 Πατρὶ
1178 3687 1340 3756 μόνω,
1392 3683 1520 3736 ἀλλά
1567 3680 1633 3743 δὴ
1681 3688 1772 3736 καὶ

152 3784 227 3846 τῷ
282 3779 394 3844 Υἱῷ
444 3778 536 3826 καὶ
570 3781 643 3825 τῶ
692 3777 928 3846 παναγίᾳ
968 3769 1183 3846 Τριάδι,
1238 3776 1298 3825 τὸ
1358 3777 1610 3838 ζωοποιὸν
1643 3773 1774 3847 αἷμα

157 3866 250 3917 κάξ
285 3871 448 3936 σῶμα
476 3869 569 3915 τοῦ
589 3869 829 3936 Σωτῆρος
855 3868 1091 3936 Χριστοῦ
1140 3865 1232 3915 καὶ
1281 3868 1494 3937 πρώτως
1545 3862 1628 3916 ἐπὶ
1679 3871 1771 3916 τοῦ

163 3958 494 4007 Δεσποτικοῦ
551 3952 752 4014 πάθους
810 3953 1246 4025 προσενεχθῆναι,
1305 3954 1394 4005 καὶ
1451 3955 1623 4006 ἔκτοτε
1687 3955 1774 4014 τὰς

164 4047 435 4117 ὁσημέραι
455 4039 762 4114 τελουμένας
821 4043 870 4094 εν
919 4049 1036 4103 ταῖς
1086 4043 1247 4114 ἱεραῖς
1302 4041 1527 4105 τελεταῖς
1580 4062 1774 4116 μυστι-

165 4138 260 4196 κὰς
336 4132 618 4204 ἁγιστείας
693 4138 760 4204 τῇ
818 4133 1224 4204 τρισυποστάτῷ
1294 4134 1498 4196 πάντως
1553 4138 1776 4192 Θεότητι

164 4224 312 4298 ποιρὰ
340 4229 447 4275 τῶν
473 4222 665 4282 ταύτας
689 4220 1086 4296 ἱερουργούντων
1109 4223 1496 4295 προσάγεσθαιο

235 4370 432 4421 Ταῦτα
480 4367 574 4437 μέν
616 4365 707 4416 καὶ
760 4363 786 4415 ὁ
840 4361 1164 4438 Δυῤῥαχίου·
1223 4365 1290 4426 ὡς
1353 4360 1413 4417 δε
1460 4363 1602 4437 ζήλῳ
1659 4366 1778 4438 θείῳ

167 4460 444 4514 κεκίνηντο
537 4451 830 4525 ξύμπαντες
907 4453 1176 4525 ἱερώτατοι
1225 4450 1490 4528 ἀρχιερεῖς
1559 4453 1669 4525 οἶμα
1711 4463 1775 4528 τῇ

1869 567 1971 623 tio.
1993 567 2324 633 ldoircirco,
2349 567 2530 624 veluti
2543 568 2758 626 etalias
2775 585 2931 642 saepe
2950 584 3156 625 coram
3173 573 3373 626 vestra
3384 584 3519 624 san-

1869 658 2067 714 ctitate
2083 657 2226 722 dixi,
2248 672 2410 713 nunc
2452 659 2628 714 etiam
2657 659 2937 731 praesenti
2984 674 3120 716 meo
3144 659 3365 730 scripto
3396 659 3514 716 aio.

1869 748 2036 816 Rogo
2056 746 2330 802 videlicet
2353 748 2731 803 sanctitatem
2761 752 3044 817 vestram,
3089 752 3154 804 ut
3202 747 3349 804 mihi
3389 763 3517 820 per-

1868 834 2101 906 scripta:
2130 835 2442 891 tradantur
2457 852 2764 908 quaenunc
2784 843 3102 893 moventur
3123 837 3514 905 quaestiones,

1868 927 1925 978 et
1952 927 2162 978 vestrm
2192 923 2520 979 sanctitatis
2535 923 2609 979 de
2628 924 3069 996 hisjudicium;
3100 927 3162 980 ut
3182 924 3276 980 his
3306 923 3517 980 sedulo

1869 1011 2285 1080 consideratis,
2317 1018 2375 1068 et
2414 1029 2554 1068 cum
2587 1019 2930 1069 sanctorum
2969 1013 3245 1070 doctrina
3297 1013 3521 1085 scripta

1869 1101 2097 1158 collatis
2127 1102 2426 1174 siquidem
2455 1103 2584 1158 haec
2606 1119 2876 1159 consona
2900 1118 3224 1173 agnovero,
3272 1107 3518 1158 memet-

1868 1190 2070 1262 ipsum
2094 1190 2280 1246 dubio
2311 1191 2650 1262 expediam,
2680 1192 2972 1264 vobisque
2994 1193 3123 1248 sine
3145 1191 3267 1248 ulla
3286 1191 3517 1247 haesita-

1869 1281 2028 1336 tione
2108 1282 2441 1337 assentiar:
2513 1286 2757 1354 etpost
2854 1297 3239 1349 consensum,
3320 1280 3519 1354 siquid

1869 1371 2113 1443 insuper
2127 1370 2505 1438 dubitavero,
2529 1373 2868 1428 vositerum
2899 1372 3259 1440 interrogem
3293 1375 3351 1427 et
3388 1386 3516 1426 eru-

1868 1460 2022 1516 diar.
2058 1463 2258 1532 Neque
2303 1462 2462 1516 enim
2513 1461 2575 1516 id
2629 1460 2958 1525 erubesco;
3015 1459 3517 1532 quandoquidem

1869 1565 2128 1620 magnus
2158 1549 2338 1606 etiam
2361 1551 2456 1606 ille
2487 1552 2824 1620 Gregorius,
2857 1551 2960 1622 qui
2990 1550 3270 1618 'l‘heologi
3294 1565 3517 1606 nomen

1871 1641 2110 1695 sortitus
2142 1643 2252 1700 est,
2279 1639 2361 1694 ait
2402 1639 2548 1696 velle
2590 1656 2696 1711 per
2741 1639 3087 1694 universam
3152 1639 3341 1694 vitam
3395 1643 3520 1694 tan-

1869 1744 2054 1801 quam
2082 1743 2337 1799 puerum
2370 1744 2432 1784 se
2478 1743 2681 1798 gerere
2724 1733 2778 1784 et
2819 1727 3200 1800 discipulum.
3253 1729 3520 1799 Itemque

1871 1834 1942 1878 ex
1969 1817 2218 1875 ethnicis
2246 1818 2524 1890 quidam:
2549 1821 2718 1874 Recte
2740 1816 2911 1884 est,si
2933 1815 3194 1888 cuipiam
3224 1814 3318 1871 vel
3338 1816 3400 1871 in
3426 1829 3522 1871 se-

1872 1915 2108 1967 nectute
2138 1910 2433 1984 sapientia
2480 1924 2550 1965 ac
2599 1907 2920 1980 prudentia
2965 1905 3262 1976 obtingat.
3324 1904 3522 1963 Sancti

1873 1999 2033 2056 enim
2055 2000 2331 2056 homines
2363 1998 2440 2054 ab
2471 1995 2720 2053 ethnicis
2748 2011 2993 2068 quaque
3023 2011 3135 2050 nos
3173 1994 3404 2050 discere
3447 1994 3523 2050 si-

1873 2093 2046 2146 nunt.
2078 2091 2308 2146 Sanctae
2329 2092 2534 2144 vestrae
2564 2101 2772 2160 preces
2797 2085 2946 2144 mihi
3001 2083 3277 2142 faveant!
3319 2082 3524 2140 Humi-

1872 2177 1944 2236 lis
1963 2178 2344 2252 metropolita
2366 2175 2697 2250 Dyrrachii.

1945 2341 2085 2397 Post
2111 2339 2381 2397 ablatum
2403 2337 2755 2410 hujusmodi
2803 2336 2881 2392 ab
2932 2351 3002 2392 eo
3047 2333 3338 2401 libellum,
3383 2349 3520 2390 cum

1871 2447 1943 2488 eo
1973 2430 2127 2487 lecto
2167 2429 2496 2488 audivisset
2517 2425 2753 2483 recitari
2782 2424 3021 2498 publice
3046 2425 3120 2480 de
3157 2423 3390 2496 scriptis
3419 2439 3522 2480 va-

1870 2520 1990 2577 rias
2015 2519 2398 2576 auctoritates
2456 2533 2592 2590 quae
2624 2514 2906 2572 favebant
2935 2514 3248 2586 lucideque
3274 2513 3332 2568 id
3386 2527 3524 2567 con-

1871 2608 2197 2666 ﬁrmabant
2224 2607 2390 2681 quod
2421 2606 2500 2663 ab
2534 2622 2603 2662 eo
2624 2604 3034 2672 dubitabatur,
3059 2603 3259 2659 statim
3289 2602 3348 2657 in
3377 2614 3521 2657 con-

1874 2714 2042 2754 sessu
2069 2712 2324 2767 surgens
2347 2699 2403 2752 et
2428 2695 2488 2751 in
2528 2693 2797 2750 medium
2829 2707 3208 2764 progressus,
3257 2691 3314 2748 Si
3346 2696 3524 2746 antea

1872 2785 2431 2860 postulavi,inquit,
2487 2787 2726 2856 tempus
2755 2781 2834 2839 ad
2865 2779 3402 2847 considerandum,
3461 2783 3526 2835 ut

1874 2875 2094 2948 scripto
2117 2889 2252 2930 meo
2269 2873 2412 2940 dixi,
2435 2871 2622 2928 timidi
2637 2871 2695 2928 id
2720 2870 2828 2926 fuit
2852 2885 2927 2926 ne
2963 2869 3164 2926 dicam
3183 2867 3526 2942 scrupulosi

1875 2965 2082 3032 animi,
2114 2964 2228 3019 hac
2260 2978 2440 3035 super
2462 2977 2524 3018 re
2553 2960 2813 3018 nolentis
2863 2976 2936 3014 ex
2973 2957 3230 3031 abrupto
3279 2971 3525 3029 respon-

1873 3054 2035 3110 dere.
2059 3056 2484 3109 Verumtamen
2505 3050 2576 3106 iis
2603 3051 2731 3121 jam
2767 3048 3094 3117 convictus,
3123 3062 3257 3119 quae
3293 3043 3528 3101 recitari

1878 3141 2077 3198 audivi
2108 3141 2290 3211 hujus
2319 3138 2622 3209 dogmatis
2678 3135 3052 3206 testimoniis,
3085 3149 3331 3191 omnem
3363 3135 3530 3206 post-

1876 3232 2017 3289 hinc
2065 3228 2502 3288 dubitationem
2549 3226 2803 3298 abjicio;
2848 3225 3067 3298 aioque
3133 3239 3230 3278 me
3277 3236 3528 3295 prorsus

1877 3321 2254 3378 subscribere
2296 3324 2506 3376 vestrae
2556 3315 2942 3374 fraternitatis
2997 3312 3330 3379 sententiae;
3369 3310 3528 3366 ideo-

1876 3427 1994 3486 que
2014 3411 2274 3468 rotundo
2303 3426 2405 3466 ore
2446 3407 2704 3482 praedico
2743 3410 2924 3479 atque
2973 3403 3266 3460 conﬁteor
3303 3402 3529 3458 sincere

1876 3517 1973 3558 me
2000 3501 2259 3566 credere,
2287 3499 2454 3572 quod
2476 3513 2599 3554 non
2627 3497 2787 3552 Patri
2835 3495 2966 3561 soli,
3015 3492 3124 3549 sed
3154 3493 3334 3548 etiam
3364 3489 3524 3560 Filio,

1877 3591 2104 3664 totique
2136 3589 2529 3646 sanctissimae
2555 3585 2838 3656 Trinitati,
2869 3583 3142 3639 vivificus
3185 3579 3434 3649 sanguis
3472 3582 3531 3634 et

1880 3697 2099 3754 corpus
2131 3679 2455 3736 Servatoris
2496 3675 2725 3743 Christi,
2753 3680 2809 3732 et
2831 3679 2969 3731 tunc
3001 3673 3264 3746 primum
3312 3671 3373 3725 in
3421 3668 3527 3724 Do-

1880 3770 2104 3826 minica
2144 3768 2431 3841 passione
2488 3766 2759 3823 oblatum
2838 3763 3039 3820 fuerit:
3135 3765 3192 3816 et
3245 3759 3529 3828 deinceps

1881 3860 2290 3934 quotidianas,
2305 3874 2440 3931 quin
2469 3857 2622 3912 ﬁunt
2642 3857 2703 3911 in
2721 3855 2904 3911 sacris
2922 3851 3222 3924 mysteriis
3243 3847 3530 3919 mysticas

1882 3950 2236 4016 oblationes,
2268 3948 2474 4003 Deitati
2514 3946 2574 4001 in
2605 3944 2795 4000 tribus
2844 3940 3118 4014 personis
3149 3936 3526 4000 subsistenti,

1882 4038 1961 4097 ab
1992 4038 2062 4094 iis
2078 4035 2181 4110 qui
2207 4035 2391 4094 sacris
2421 4036 2750 4107 operantur
2771 4027 2992 4086 offerri.

1958 4361 2256 4416 Hactenus
2305 4353 2770 4429 Dyrrachiensis.
2837 4353 2998 4406 Tunc
3075 4363 3214 4404 vero
3271 4346 3537 4402 universi

1888 4445 2278 4506 sacratissimi
2322 4443 2636 4512 antistites,
2687 4440 3052 4510 suffragante
3107 4452 3244 4493 mea
3291 4450 3535 4508 quoque

169 4548 318 4618 ἡμῶν
369 4543 760 4614 συμπνευσάση
833 4544 1156 4614 μετριότητι,
1215 4545 1305 4594 καὶ
1364 4549 1438 4613 τῷ
1491 4540 1768 4617 προδιαληι

1889 4537 2317 4601 mediocritate,
2339 4531 2765 4606 {prtedictoque
2812 4527 3192 4584 sanctissimo
3250 4527 3532 4582 Hieroso-

173 4639 350 4709 φθέντι
379 4633 666 4705 ἁγιωτάτῳ
705 4632 1015 4706 πατριάρχῃ
1071 4630 1458 4705 Ἱεροσολύμων,
1515 4636 1634 4696 τοὺς
1690 4642 1781 4696 τῆς

171 4721 473 4786 κωιοδόξου
540 4723 734 4782 ταύτης
807 4721 1089 4794 θρησκείας
1151 4725 1480 4796 γεννήτορας,
1538 4720 1581 4774 εἶ
1648 4741 1783 4786 τινες

174 4815 233 4866 ἄν
281 4816 377 4864 καὶ
429 4807 547 4880 εἶεν,
599 4807 642 4862 εἰ
697 4811 787 4880 μὲν
836 4807 1093 4881 ἑμμένόιεν
1159 4815 1220 4880 τῇ
1289 4813 1507 4882 σφετέρᾳ
1569 4814 1659 4862 καὶ
1710 4812 1781 4864 ἔτι

174 4904 398 4976 αἱρέσει,
502 4895 788 4970 ἂναθέματι
891 4897 1322 4970 ,καθυπέγραφοψ
1409 4906 1781 4970 μετανοοῦντας

176 4988 234 5045 ἴε
276 4989 376 5044 οὐκ
425 4986 589 5047 ἄλλως
616 4983 885 5058 ἐδέχοντο,
919 4989 950 5044 ἤ
989 4987 1160 5046 καθὼς
1191 4984 1239 5037 οἱ
1262 5005 1316 5039 τε
1341 4987 1466 5039 θεῖοι
1512 4991 1601 5038 καί
1655 4990 1780 5061 ἱεροί

174 5083 387 5140 κανόνες
468 5079 538 5128 τὰ
593 5080 711 5150 περί
769 5076 965 5126 τούτων
1044 5070 1450 5145 διακελεύονται,
1531 5081 1620 5128 καί
1683 5085 1780 5129 τῶν

176 5173 426 5243 Πατέρων
480 5167 538 5217 αἱ
581 5159 926 5236 παραδόσεις
972 5170 1141 5216 ταῦτα
1207 5163 1627 5237 παρεκϐληθέντα
1681 5175 1778 5218 τῶν

175 5262 443 5332 ἡμετέρων
494 5251 800 5327 σχεδαρίων
864 5259 964 5303 τῶν
1038 5247 1328 5304 συνοδικῶν
1403 5261 1778 5328 παρασημειὼ-

177 5367 326 5412 σεων,
383 5348 480 5396 καί
528 5350 589 5414 τῇ
643 5342 919 5414 ὑπογραφῇ
965 5345 1056 5393 καί
1115 5338 1370 5414 σφραγῖδι
1429 5341 1782 5416 βεϐαιωθέντα

176 5439 420 5492 Ἰωάννου
512 5431 912 5504 θοεφιλεστοίτου
993 5431 1391 5505 χαρτοφύλακος
1473 5441 1565 5487 τοῦ
1648 5442 1782 5488 Παν-

178 5531 420 5598 τεχνοσς,
478 5518 700 5579 ἐπεδόθη
763 5524 891 5592 μηνί
937 5525 1027 5573 καί
1095 5517 1376 5574 ἰνικδτιῶνι
1424 5529 1539 5587 τοῖς
1598 5543 1785 5599 προγεη

178 5618 518 5691 γραμμένοις,
568 5614 673 5665 ἔτει
731 5607 953 5682 ’ς-ΧΞΔἿ
1010 5611 1041 5670 ἠ
1114 5611 1413 5687 ὑπογραφὴ·
1492 5614 1518 5666 ό
1586 5632 1785 5689 χαρτο-

181 5703 343 5778 φύλαξ
374 5700 617 5764 Ἰωάννης
637 5702 918 5772 Παντεχνή
933 5718 973 5762 ς.

1887 4627 2194 4700 lymorum
2224 4622 2586 4697 patriarcha,
2607 4620 2810 4676 divino
2840 4617 2962 4674 zelo
2995 4615 3278 4673 commoti
3291 4619 3448 4682 sunt,
3473 4615 3537 4669 ut

1889 4717 2116 4774 insanae
2151 4715 2331 4785 hujus
2385 4711 2671 4767 doctrinae
2708 4712 3006 4774 auctores,
3056 4706 3105 4761 si
3155 4704 3260 4777 qui
3311 4706 3534 4771 essent,

1891 4809 2072 4878 atque
2093 4805 2154 4860 in
2186 4819 2296 4858 sua
2323 4801 2522 4858 adhuc
2552 4798 2765 4856 haeresi
2795 4798 3266 4870 perseverarent,
3292 4791 3538 4848 anathe-

1890 4895 2036 4952 mati
2066 4893 2429 4964 subjicerent
2453 4909 2464 4946 :
2485 4888 2653 4962 quod
2676 4888 2723 4943 si
2746 4887 2895 4944 forte
2925 4885 3364 4957 resipiscerent,
3413 4893 3538 4935 non

1891 4985 2060 5042 aliter
2089 4999 2187 5039 eos
2209 4997 2338 5037 esse
2365 4977 2742 5052 recipiendos
2790 4991 2978 5049 quam
3036 4970 3219 5028 divini
3260 4967 3536 5039 sacrique

1891 5088 2152 5130 canones
2194 5074 2554 5140 Patrumque
2597 5066 2950 5122 traditiones
2991 5062 3224 5134 jubent.
3282 5061 3413 5112 Haec
3469 5071 3544 5110 ex

1889 5159 2349 5219 Commentariis
2394 5162 2673 5212 Actorum
2735 5153 3167 5226 synodicorum
3243 5149 3546 5217 excerpta.

1889 5249 2328 5322 subscriptione
2367 5251 2425 5303 et
2477 5245 2670 5317 sigillo
2718 5242 2967 5300 Joannis
3019 5239 3139 5294 Deo
3196 5233 3552 5294 charissimi

1890 5337 2374 5412 chartophylacis
2439 5333 2796 5392 Pantechnis
2871 5331 3132 5399 ﬁrmata,
3187 5329 3347 5386 edita
3409 5324 3556 5384 sunt

1890 5446 2098 5489 mense
2129 5434 2186 5486 et
2233 5427 2559 5484 indictione
2608 5421 2928 5496 praedictis,
2976 5435 3139 5477 anno
3188 5420 3356 5478 VIMD
3409 5420 3543 5475 XIV.

1892 5519 2126 5594 (Christi
2159 5518 2341 5588 “56.)
2396 5513 2802 5585 Subscriptio:
2860 5513 3124 5568 Joannes
3174 5509 3543 5569 Pantechnes

1893 5607 2348 5682 chartophylax.
