4046 6310
554 358 666 417 156
1895 355 2171 416 NICETIS
2206 350 2578 414 CHONIATIE
3842 352 3873 406 i
3894 351 3988 404 56

856 504 863 509 ‘
959 486 1238 544 PATRUM
1273 483 1812 543 AUCTORITATES.

2836 481 3143 530 ΠΔἸἚΡΩΝ
3172 481 3467 531 ΧΡΗΣΕῘΣ.

637 571 807 639 Quod
860 572 1112 643 singulis
1149 573 1363 631 diebus
1416 572 1768 630 immolatur
1822 576 2031 642 Agnus
2091 569 2214 637 Dei,

2394 572 2523 644 Περί
2572 572 2666 620 τοῦ
2715 567 2794 619 ὅτι
2860 566 3087 629 ἑκάστης
3164 569 3362 642 ἡμέρας
3438 568 3615 620 θύεται
3657 567 3686 619 ὁ
3739 567 3989 636 Ἀμνὸς

566 659 755 716 Patris
783 660 984 725 Filius,
1014 663 1119 733 qui
1148 662 1298 719 tollit
1338 665 1590 735 peccata
1636 660 1887 729 mundi;
1948 659 2119 715 sicuti
2160 663 2217 714 et

2348 665 2416 711 ὀῦ
2464 664 2600 712 Θεοῦ
2633 658 2660 708 ὁ
2705 658 2826 716 Υἱός
2854 663 2942 708 τοῦ
2989 661 3189 732 Πατρός
3231 659 3257 709 ό
3314 659 3473 729 αἴρων
3520 662 3618 714 τὴν
3669 655 3985 728 ἁμαρτίαν

566 748 673 817 illi,
712 751 815 823 qui
841 750 1165 822 mysticum
1202 751 1471 824 quotidie
1497 750 1864 807 sacriﬁcium
1894 749 2217 822 peragunt,

2348 756 2419 801 ὀῦ
2482 751 2706 819 κόσμου,
2787 747 2957 807 καθὼς
3031 752 3122 800 καί
3182 748 3233 800 οἱ
3310 750 3406 805 τὴν
3456 750 3716 819 μυστικὴν
3770 744 3986 798 ἐπιτι-

570 837 736 911 apud
761 852 825 894 se
844 837 1152 897 submissa
1177 855 1328 898 voce
1351 854 1416 897 se
1438 840 1522 897 ita
1545 854 1723 910 agere
1745 838 2074 895 afﬁrmant.

2348 844 2529 899 toﬁvrs;
2598 834 2715 888 καθ’
2777 834 3001 895 εκάστην
3061 839 3249 890 θυσίαν
3297 834 3415 889 καθ’
3455 835 3667 897 ἑαυτοὺς
3726 836 3982 907 imagu-

2328 936 2507 982 νοῦσιν
2529 930 2670 1002 αύτῷ
2699 936 2866 984 ταῦτα
2894 926 3159 982 ῧπιτελεῖν.

2403 1014 2649 1093 Ἀνδρίου
2710 1024 2921 1092 Κρήτης
2986 1015 3089 1069 ἀπὸ
3150 1022 3244 1070 τοῦ
3300 1015 3454 1087 λόγου
3513 1022 3608 1068 τοῦ
3669 1014 3740 1075 εἰς
3770 1017 3886 1072 τὴν

2989 1107 3294 1178 Βαίοφόρον.

643 1192 703 1249 Si
725 1192 910 1263 igitur
944 1182 1029 1251 ita
1049 1194 1373 1265 currimus,
1424 1209 1540 1252 nos
1590 1208 1838 1268 quoque
1889 1194 2221 1266 poterimus

2405 1200 2464 1252 Εἰ
2518 1204 2692 1252 τοίνυν
2739 1205 2871 1251 οὕτω
2922 1200 3203 1271 τρίχομεν,
3253 1190 3592 1267 δυνησόμεθα
3644 1197 3737 1245 καί
3788 1194 3976 1246 αὗτοί

569 1294 682 1354 pro
705 1281 883 1338 nobis
911 1283 1163 1340 omnino
1191 1284 1318 1340 sine
1348 1298 1558 1341 eruere
1578 1282 1959 1340 immolatum
1978 1281 2221 1355 (etenim

2348 1291 2417 1341 τόν
2448 1286 2543 1342 διὰ
2581 1292 2774 1350 παντὸς
2827 1288 2953 1359 ὑπὲρ
2985 1286 3130 1359 ἡμῶν
3183 1283 3389 1346 ἁθύτως
3437 1284 3679 1356 θυόμενον
3728 1284 3973 1354 (θύεται

567 1371 631 1426 in
665 1370 1015 1442 symbolicis
1043 1372 1360 1446 speciebus
1384 1373 1777 1443 sacriﬁcatur)
1801 1376 1996 1429 totum
2019 1372 2222 1443 ipsum

2348 1381 2433 1453 γὰρ
2468 1378 2517 1431 ἕν
2570 1377 2871 1439 ἀντιτύποις
2915 1378 3041 1451 ύπὶρ
3112 1376 3260 1447 ἡμῶν
3318 1372 3595 1446 συμϐόλοις
3646 1374 3971 1446 ἱεροθετού-

566 1460 728 1517 intra
756 1474 870 1517 nos
905 1461 1194 1534 recipere,
1221 1465 1280 1518 et
1317 1461 1792 1519 substantialiter
1818 1460 2219 1528 introducere,

2348 1470 2502 1539 ιενος)
2556 1467 2668 1521 ὅλον
2708 1466 2863 1519 αὐτόν
2894 1464 2943 1517 ἓν
2993 1465 3119 1537 ἡμῖν
3174 1459 3537 1525 ὐποδέξασθαι
3589 1466 3681 1515 καί
3747 1462 3972 1515 atina-

569 1548 1010 1607 manducatum
1044 1550 1293 1622 quidem
1339 1566 1452 1607 ceu
1476 1566 1720 1624 panem,
1766 1554 1968 1606 mente
2017 1554 2222 1605 tamen

2348 1554 2441 1619 ΐῶς
2491 1557 2907 1623 εἰσοιχίσασθαι,
2983 1556 3050 1615 ὡς
3128 1555 3286 1626 ἄρτον
3491 1550 3813 1624 ἐσθιόμενον,
3882 1554 3967 1611 ὡς

569 1015 830 1073 Andreae
842 1016 1140 1075 Cretensis
1160 1028 1515 1076 exsermone
1531 1018 1607 1075 de
1628 1019 1818 1076 ramis
1836 1016 2221 1074 Patmarum.

570 1638 658 1694 uti
684 1653 894 1696 revera
923 1653 1151 1709 agnum
1181 1639 1568 1697 intellectum.

571 1781 821 1855 Domini
828 1781 1029 1855 Leonis
1050 1782 1356 1855 Bulgaria?
1374 1784 1480 1855 qui
1518 1783 1750 1852 primus
1781 1788 2082 1855 promotus
2098 1782 2223 1855 fuit

641 1851 883 1994 (lzlebgaétyo
905 1851 1240 1935 Qalaphate
1263 1851 1644 1925 imperatam,
1681 1869 1752 1911 ex
1781 1851 1926 1925 'ejus
1969 1851 2222 1924 epistola

875 1939 1007 1981 mis.

639 2100 821 2159 Sicuti
840 2101 1041 2175 Israel,
1070 2104 1426 2162 transmisso
1456 2105 1783 2178 Erythraeo,
1810 2103 2039 2161 Pascha
2075 2104 2222 2161 cele-

566 2189 786 2260 bravit,
826 2191 1155 2250 immolans
1183 2209 1412 2266 agnum
1437 2198 1495 2251 et
1544 2193 1905 2255 comedens:
1938 2198 1995 2251 et
2034 2192 2225 2263 paulo

562 2285 737 2349 post:
781 2280 865 2336 sic
894 2285 953 2337 et
972 2297 1084 2338 nos
1108 2281 1185 2338 ad
1216 2287 1436 2339 terram
1462 2282 1929 2340 immortalitatis
1978 2298 2085 2355 per
2137 2281 2222 2338 di-

565 2366 778 2423 vinum
801 2368 1106 2442 baptisma
1117 2375 1461 2443 pergentes,
1485 2371 1937 2428 immolavimus
1949 2374 2005 2428 et
2024 2369 2224 2427 adhuc

571 2454 983 2526 immolamus,
1031 2474 1169 2515 cum
1218 2459 1403 2515 Patris
1441 2459 1837 2533 beneplacito,
1863 2458 2221 2516 rationalem

570 2560 799 2616 agnum
829 2545 1151 2604 Dominum
1182 2553 1456 2604 nostrum
1481 2542 1689 2606 Jesum
1720 2549 2040 2606 Christum.

579 2651 933 2727 Theodoreti
952 2669 1027 2711 ex
1052 2655 1326 2727 vicesimo
1355 2662 1570 2727 quarto
1609 2657 1879 2727 capitulo
1929 2660 2223 2725 interpre-

646 2724 946 2781 tationum
980 2727 1041 2780 in
1073 2724 1442 2783 obscuriores
1467 2724 1670 2783 Exodi
1683 2724 1696 2727 ’
1721 2729 1900 2793 locos,
1940 2742 2011 2783 cu
2032 2724 2109 2781 "us
2139 2732 2223 2783 est

646 2795 911 2852 initium:
961 2798 1087 2852 Cur
1106 2797 1477 2868 fugientibus
1505 2798 1820 2856 mandavit
1847 2745 2089 2856 Pascis
2108 2799 2223 2868 fes-

2145 2813 2226 2855 88·

594 2828 602 2835 -
639 2795 933 2869 initiwn
961 2798 1087 2852 Cur
1106 2797 1477 2869 fugientibus
1505 2798 1820 2856 mandavit
1847 2801 1995 2856 Pasc

641 2870 764 2923 tum
789 2868 1091 2925 celebrare
1108 2874 1137 2924 φ

560 3033 567 3039 ~
638 3008 955 3082 Mandavit,
980 3015 1228 3084 accepto
1239 3012 1492 3087 hyssopi
1518 3011 1827 3071 fasciculo.
1851 3017 1909 3071 et
1929 3014 2224 3084 sanguine

567 3097 894 3159 immolatae
923 3100 1054 3156 ovis
1085 3101 1292 3169 tincto,
1333 3106 1534 3175 postes
1563 3118 1634 3161 ac
1662 3102 1846 3160 limen
1873 3102 2084 3172 inungi
2116 3121 2128 3170 ;
2157 3105 2223 3158 ut

2333 1646 2493 1717 ἀμνόν
2520 1642 2580 1699 δὶ
2599 1646 2869 1717 νοούμενον

2332 1778 2435 1824 Τοῦ
2512 1776 2674 1843 κυροῦ
2758 1772 2975 1829 Λέοντος
3052 1775 3145 1819 τοῦ
3202 1766 3525 1838 Βουλγαρίας
3589 1771 3680 1843 τοῦ
3741 1784 3969 1843 χρωτοο

2402 1836 2698 1914 προϐλῆτου
2769 1842 2935 1914 γπαρόι
3008 1846 3100 1891 τοῦ
3186 1836 3478 1913 μακαρίτου
3565 1836 3723 1914 δαλοῦ
3780 1836 3969 1914 θῆτοι

2407 1907 2681 1983 Βασιλείου
2760 1911 2834 1983 (4)
2868 1907 2876 1912 ⁷
2911 1910 2965 1963 ἑκ
3035 1916 3127 1970 τῆς
3187 1907 3343 1981 ’Περί
3408 1916 3509 1961 τῶν
3566 1907 3785 1980 ἀζύμων
3825 1907 3965 1962 ἒπε-

2406 1983 2594 2045 στολῆς
2624 1982 2807 2039 αὐτοῦ.

2404 2110 2606 2182 Ὠσπερ
2656 2109 2683 2161 ὁ
2742 2107 2955 2184 Ἰσραὴλ
3011 2104 3199 2168 διαϐὰς
3271 2109 3367 2165 τὴν
3426 2104 3677 2181 Ἐρυθρὰν
3739 2102 3968 2164 ἐτέλεσε

2330 2204 2391 2253 τὸ
2442 2201 2645 2272 Πάσχα
2698 2200 2859 2259 θύσας
2911 2201 3001 2249 καί
3054 2202 3230 2269 φαγὼν
3286 2199 3375 2248 τόν
3440 2194 3624 2267 Ξιμνόν⁹
3670 2199 3763 2247 καί
3822 2215 3967 2268 μετ-

2334 2290 2502 2362 ὀλίγα·
2563 2289 2697 2341 οὓτω
2741 2292 2831 2340 καί
2882 2289 3032 2359 ἡμεῖς
3092 2286 3178 2338 ἐπί
3222 2291 3317 2344 τὴν
3365 2294 3465 2357 γῆν
3513 2293 3607 2346 τῆς
3681 2284 3962 2347 ἀπαθείας

2332 2378 2404 2450 τῷ
2459 2380 2576 2450 θείῳ
2624 2373 2900 2439 διαϐάντες
2951 2376 3303 2449 βαπτίσματι,
3384 2372 3640 2447 ἐθύσαμεν
3709 2378 3805 2427 καί
3865 2378 3962 2428 ἔτι

2335 2469 2519 2540 θύομεν
2573 2461 2790 2537 εύδοκίᾳ
2844 2472 2939 2517 τοῦ
2998 2469 3198 2539 Πατρός
3255 2467 3342 2517 τόν
3395 2466 3577 2520 νοητόν
3637 2460 3797 2535 ἀμνόν
3853 2467 3959 2516 τόν

2335 2560 2522 2629 Κύριον
2544 2557 2691 2628 ἡμῶν
2719 2556 2927 2613 Ἰησοῦν
2952 2558 3200 2629 Χριστόν.

2331 2659 2670 2737 Θεοδωρήτου
2694 2732 2706 2737 _
2831 2727 2852 2737 _
2878 2668 2991 2737 roO_
3022 2656 3106 2712 κδ’
3148 2679 3263 2732 κεφ.
3328 2666 3428 2737 τῷν
3453 2659 3553 2737 ἐἰς
3587 2663 3669 2737 τό-
3704 2657 3954 2737 ἆπόῤῥη-

2401 2727 2638 2805 τον’τῆς
2693 2727 2917 2796 Ἐξόδου
2968 2727 3267 2805 ἐρμηνειῶν,
3325 2729 3387 2782 οὗ
3444 2729 3695 2805 ἡῌάρχή·
3749 2727 3854 2783 Δι’όί
3897 2736 3958 2783 τί

2403 2803 2778 2876 διαφεύγουσιν
2897 2801 3187 2856 ἓπιτελέσαι
3262 2801 3605 2876 προσέταξε⁷
3646 2808 3737 2855 τοῦ
3824 2805 3956 2856 Πά-

2403 2875 2519 2948 σχα
2536 2881 2632 2935 τήν
2654 2875 2834 2949 ἑορτήν
2872 2876 2986 2945 (5);

2407 3020 2819 3095 Παρεκελεύσατο
2872 3021 2974 3091 γὰρ
3016 3013 3218 3089 δέσμην
3267 3018 3518 3069 ύσσὼπου
3570 3015 3759 3082 λαϐεῖν,
3852 3024 3955 3070 καί

2330 3118 2404 3181 τῷ
2480 3109 2665 3182 αἲματι
2735 3116 2827 3161 τού
2911 3109 3159 3180 θυομένου
3253 3103 3517 3180 προϐάτου
3581 3104 3950 3178 ἐμϐάψαντας,

568 3202 711 3242 cum
738 3189 1166 3247 exterminator
1202 3189 1281 3247 ad
1335 3191 1757 3263 percutiendos
1806 3190 2219 3265 Egyptiorum

2348 3203 2452 3262 τούς
2505 3199 2771 3271 σταθμούς
2832 3196 3113 3271 ἐπιχρίσαι
3168 3200 3258 3247 καί
3314 3200 3410 3253 τὴν
3462 3195 3630 3267 φλιάνο
3680 3197 3781 3261 ἶνα,
3816 3197 3954 3248 ὅταν

571 3275 1003 3349 primogenitos
1029 3279 1279 3350 veniret,
1308 3280 1437 3337 viso
1477 3281 1792 3354 sanguine,
1835 3280 2221 3337 Hebraeorum

570 3364 787 3422 domos
833 3369 1362 3438 praeterveheretur
1401 3388 1414 3426 :
1476 3385 1599 3427 non
1629 3370 1795 3443 quod
1871 3369 2224 3442 hujusmodi

576 3453 766 3524 signis
798 3454 1158 3529 incorporea
1188 3463 1407 3514 natura
1436 3459 1757 3530 indigeret;
1791 3458 1899 3516 sed
1948 3459 2091 3532 quia
2117 3473 2226 3532 per

573 3542 690 3600 hoc
708 3542 1061 3614 symbolum
1078 3546 1390 3617 opertebat
1412 3552 1468 3603 et
1486 3547 1619 3603 illos
1641 3547 1743 3604 Dei
1758 3547 2222 3620 providentiam,

574 3635 635 3687 et
662 3646 774 3688 nos
803 3647 1049 3705 quoque
1070 3633 1171 3706 qui
1201 3633 1660 3692 immaculatum
1688 3638 1930 3707 Agnum
1952 3635 2223 3692 immola-

570 3724 954 3793 mus,typum
962 3720 1199 3791 jamdiu
1209 3720 1575 3796 descriptum
1593 3739 1938 3794 agnoscere.
1954 3725 2029 3780 Et
2038 3725 2226 3794 paulo

570 3816 705 3880 post
723 3829 735 3866 :
756 3810 854 3866 His
865 3815 1068 3867 autem
1081 3811 1365 3869 omnibus
1379 3813 1666 3886 mysteria
1680 3818 1887 3871 nostra
1899 3814 2224 3887 portende-

573 3898 817 3957 bantur.
849 3901 997 3955 Nam
1023 3904 1080 3956 et
1107 3916 1220 3957 nos
1240 3916 1485 3975 quoque
1524 3902 1811 3971 ungimus
1860 3903 2012 3973 Agni
2036 3904 2223 3959 nostri

572 3987 868 4044 immolati
889 3989 1182 4060 sanguine
1195 4005 1316 4046 non
1331 3995 1560 4047 tantum
1577 3991 1781 4061 limen,
1801 4008 2013 4048 verum
2042 3993 2222 4048 etiam

573 4080 897 4149 utrumque
918 4083 1173 4149 postem,
1205 4078 1475 4149 linguam
1500 4079 1773 4136 videlicet
1794 4096 1864 4136 ac
1889 4080 2062 4137 labra
2086 4097 2223 4152 pur-

574 4169 785 4232 gantes
820 4169 877 4220 et
930 4165 1396 4222 sanctiﬁcantes.
1439 4168 1624 4224 Porro
1662 4168 2007 4239 intelligitur
2054 4170 2113 4224 in
2152 4169 2221 4225 li-

573 4252 735 4307 mine
755 4252 1002 4325 quidem
1028 4254 1336 4311 rationalis
1366 4255 1716 4323 faeultas,in
1747 4257 1989 4315 duobus
2018 4264 2221 4315 autem

576 4339 856 4412 postibus
875 4340 1190 4399 iracundia
1219 4349 1276 4399 et
1299 4345 1803 4417 concupiscentia.

704 4518 919 4590 Magni
944 4520 1183 4591 Basilii,
1226 4537 1304 4579 ex
1335 4527 1773 4582 commentariis
1798 4527 1861 4582 in
1895 4527 2117 4584 Isaiam

1222 4613 1578 4682 prophetam

651 4753 1038 4825 Quaecunque
1058 4753 1133 4810 de
1158 4754 1410 4811 victimis
1434 4761 1492 4811 et
1520 4755 1885 4814 holocaustis
1924 4759 2224 4831 dicuntur,

576 4857 649 4899 ea
686 4841 892 4899 referri
922 4842 1198 4900 videntur
1244 4843 1321 4900 ad
1369 4845 1795 4902 misericordiae
1842 4853 1899 4904 et
1927 4849 2229 4907 charitatis

577 4931 900 4995 rationem,
931 4932 1076 5003 quia
1099 4931 1193 4989 lex
1223 4948 1467 5005 quoque
1489 4934 1766 4992 universa
1793 4936 1908 4992 hoc
1928 4945 2229 5012 praecepto

574 5018 1142 5093 comprehenditur:
1177 5020 1395 5092 Diliges
1430 5025 1774 5092 proximum
1795 5031 1958 5082 tuum
1980 5029 2136 5084 sicut
2178 5036 2232 5087 te

750 5197 902 5279 fidit.
928 5196 1250 5279 Combetis.
1286 5213 1349 5269 p.
1376 5199 1467 5279 _8_l.

668 5269 721 5327 4)
758 5267 971 5351 μιρω
1028 5267 1324 5351 corrigere
1376 5268 1686 5351 Καλαοᾴτου
1755 5270 2030 5351 Quo-dicos.
2079 5279 2228 5351 Nam

569 5336 929 5421 galaphates
962 5339 1237 5421 regnavit
1281 5336 1801 5421 Constantinopoli
1828 5359 1992 5401 anno
2019 5349 2176 5421 _lOt_l
2214 5365 2228 5413 ;

573 5409 688 5499 beo
714 5412 916 5499 autem
944 5408 1160 5499 dicitur
1186 5410 1413 5499 electus
1459 5427 1621 5499 anno
1670 5408 1835 5499 {(240l
1872 5408 2229 5499 apudcoleQ

573 5483 701 5556 tum
724 5478 895 5546 Illyr.
933 5494 1091 5556 sacr.
1120 5486 1160 5536 t.
1186 5483 1322 5556 Vill,
1347 5497 1417 5556 _p.
1475 5483 1599 5545 498,
1650 5484 1762 5540 col.
1804 5478 1859 5540 2.
1889 5478 2009 5556 Vix
2050 5489 2231 5556 igitur

574 5554 851 5620 tempora
902 5550 1161 5605 variant.
1207 5550 1521 5619 Catalegus
1575 5569 1717 5611 vero
1801 5550 2227 5629 episcoporum

577 5618 1044 5675 Achridensium
1078 5621 1245 5676 apud
1299 5623 1655 5676 Lequinium
1714 5624 1814 5676 0r.
1875 5626 2019 5676 Chr.
2072 5635 2112 5676 ι-
2160 5632 2222 5676 ll-

577 5624 1044 5699 Achridensium
1078 5624 1245 5691 apud
1299 5624 1655 5693 Lequinium
1714 5624 2029 5683 0r.'Chr.'
2072 5635 2112 5685 t.
2160 5632 2226 5701 ll,

573 5704 636 5762 p.
681 5694 807 5760 292,
858 5689 1003 5747 dicit
1057 5690 1216 5747 hunc
1264 5691 1531 5763 primum
1573 5711 1646 5751 ex
1703 5698 2027 5769 Byzantino
2066 5701 2227 5759 clero

2334 3288 2534 3361 εἰσέλθῃ
2613 3289 2639 3340 ὁ
2697 3286 2979 3362 ὀλοθρεύων
3049 3283 3279 3347 πατάξαι
3362 3286 3425 3335 τὰ
3476 3287 3783 3357 πρωτότοκα
3839 3294 3952 3338 τῶν

2335 3378 2655 3449 Αἰγυπτίων,
2714 3372 2840 3428 ἰδὼν
2923 3377 2982 3426 τό
3044 3374 3195 3446 αἷμα,
3260 3371 3455 3447 ὑπερϐῇ
3543 3381 3644 3424 τῶν
3688 3371 3955 3447 Ἐϐραίων

2332 3470 2421 3528 τὰς
2472 3466 2657 3528 οἰκίαςο
2714 3465 2807 3517 οὐκ
2865 3458 3045 3521 ἐπειδὴ
3106 3463 3353 3514 τοιούτων
3402 3457 3570 3513 ἐδεῖτο
3623 3464 3857 3534 σημείων
3913 3464 3949 3521 ἡ

2334 3555 2611 3628 ἀσώματος
2663 3557 2839 3627 φύσις,
2891 3549 2997 3603 ἀλλ’
3032 3552 3113 3603 ότι
3165 3547 3257 3602 διὰ
3297 3557 3389 3602 τοῦ
3438 3548 3698 3622 συμϐόλου
3745 3554 3953 3604 τούτου

2333 3643 2602 3706 κάκείνους
2675 3639 2781 3695 ἔδει
2866 3641 3048 3713 μαθεῖν
3119 3644 3213 3697 τὴν
3250 3646 3341 3690 τοῦ
3398 3646 3530 3691 Θεοῦ
3594 3635 3951 3711 κηδεμονίαν,

2333 3740 2422 3787 καί
2456 3736 2597 3807 ἡμᾶς
2642 3736 2759 3793 τοὺς
2811 3735 2896 3784 τόν
2944 3731 3159 3802 ἄμωμον
3218 3727 3407 3801 Ἀμνόν
3462 3729 3679 3790 θύοντας
3740 3737 3949 3800 γνῶναι

2331 3819 2791 3899 προδιαγραφὲντα
2844 3822 2931 3873 τόν
2972 3822 3152 3872 τύπον.
3190 3823 3322 3871 ’Καί
3368 3816 3480 3890 μετ’
3536 3815 3708 3888 ὀλίγα·
3754 3822 3951 3870 Ταῦτα

2333 3909 2393 3966 δι
2431 3915 2600 3966 πάντα
2654 3920 2754 3964 τῶν
2802 3912 3057 3984 ἡμετέρων
3115 3907 3225 3961 ἐστί
3279 3910 3584 3981 μυστηρίων
3626 3904 3944 3979 αἰνίγματα’

2331 4008 2552 4077 χρίομεν
2603 4004 2705 4074 γὰρ
2772 4005 2862 4052 καί
2909 4001 3059 4071 ἡμεῖς
3144 4004 3217 4066 τῷ
3283 3993 3469 4068 αἲματί
3533 4002 3624 4048 τοῦ
3680 3997 3943 4071 ἡμετέρου

2333 4092 2524 4163 Ἀμνοῠ
2576 4091 2823 4162 θυομένου
2878 4085 2937 4138 ού
2996 4089 3147 4158 μόνον
3201 4088 3295 4141 τὴν
3344 4082 3493 4156 φλιόιν
3540 4081 3668 4134 ἀλλὰ
3702 4088 3792 4135 καί
3816 4088 3946 4146 τούς

2334 4177 2430 4233 δύο
2483 4180 2764 4251 σταθμούς,
2817 4181 2910 4233 τὴν
2952 4173 3195 4245 γλῶσσαν
3268 4176 3357 4223 καί
3430 4173 3498 4223 ἰὰ
3553 4171 3710 4243 χείλη
3754 4173 3947 4225 καθαίο

2331 4274 2497 4344 ροντίς
2558 4288 2611 4320 τε
2666 4271 2755 4319 καὶ
2812 4264 3133 4336 ἀγιάζοντες·
3189 4264 3324 4314 κατὰ
3382 4256 3440 4313 δὲ
3507 4264 3565 4313 τό
3643 4264 3940 4333 νοούμενον,

2331 4362 2447 4412 άντὶ
2500 4360 2588 4431 μεν
2647 4356 2797 4429 φλιᾶς
2851 4357 2910 4405 τό
2939 4355 3165 4421 λογικόν,
3206 4351 3320 4404 ἀντὶ
3360 4346 3419 4403 δί
3460 4346 3559 4403 δύο
3600 4352 3846 4422 σταθμῶν
3879 4355 3941 4403 τό

2332 4444 2604 4521 θυμοειδὲς
2623 4448 2712 4497 καὶ
2734 4447 2793 4496 τό
2822 4442 3218 4512 ἐπιθυμητικόν.

2259 4552 2300 4605 1)
2400 4559 2504 4606 Τού
2551 4549 2773 4623 μεγάλου
2824 4546 3096 4600 Βασιλὲίου
3144 4545 3198 4598 ἐκ
3239 4554 3333 4608 τῆς
3380 4545 3451 4607 εἰς
3478 4548 3565 4597 τόν
3594 4549 3863 4619 προφήτην

2798 4637 3012 4690 Ε’σαίαν
3042 4634 3199 4707 ἄξῃγὴ
3209 4653 3332 4695 σεως
3358 4635 3452 4705 (ϐ).

2411 4770 2510 4820 Καὶ
2569 4767 2726 4817 ἔοικεν
2774 4765 2799 4813 ό
2855 4766 2953 4820 πᾶς
3010 4763 3128 4833 περὶ
3183 4759 3377 4810 θυσιῶν
3428 4762 3517 4809 καὶ
3561 4756 3939 4824 ὁλοκαυτωμά-

2338 4876 2435 4907 των
2492 4854 2642 4925 λόγος
2707 4859 2780 4921 τῴ
2820 4854 2935 4923 περὶ
2984 4845 3148 4907 ἐλέους
3196 4850 3287 4897 καί
3369 4845 3578 4917 ἀγάπης
3635 4844 3941 4919 ἐμπεριέχε-

2340 4946 2465 4997 σθαι
2506 4941 2662 5013 λόγῳ·
2714 4939 2822 4991 ἐπεί
2887 4941 2976 4989 καί
3026 4934 3134 4996 ὅλος
3192 4937 3217 4986 ὁ
3261 4940 3414 5007 νόμος
3444 4933 3542 4986 ἀνα
3570 4934 3941 5006 κεφαλαιοῦται

2339 5038 2387 5086 ἐν
2464 5041 2557 5103 τῷ,
2643 5034 2962 5102 ’Λγαπήσεις
3029 5030 3115 5076 τόν
3180 5023 3402 5081 πλησίον
3457 5043 3551 5077 σου
3601 5027 3678 5086 ὡς
3733 5022 3940 5078 ἑαυτόν.

2342 5210 2527 5265 fuisse
2556 5208 2828 5281 electum.
2868 5204 3049 5281 Porro
3080 5199 3263 5281 hujus
3298 5199 3553 5281 epistola
3607 5198 3681 5254 de
3711 5200 3941 5281 azymis

2341 5285 2537 5336 exstat
2568 5295 2681 5333 ms.
2709 5277 2769 5331 in
2816 5273 2998 5328 variis
3039 5270 3372 5328 codicibus.
3425 5273 3720 5327 Caeterum
3769 5270 3938 5342 apud

2342 5350 2703 5407 Bandinium
2738 5361 2982 5417 quoque
3010 5344 3148 5399 Rer.
3178 5344 3442 5400 Graecar.
3476 5347 3515 5399 t.
3550 5345 3616 5411 ll,
3649 5357 3708 5414 p.
3743 5341 3834 5410 lt,
3856 5341 3940 5399 le-

2340 5423 2498 5491 gitur
2526 5419 2816 5491 Bacchica.

2408 5498 2489 5568 (5)
2516 5492 2671 5568 Egit.
2701 5483 3001 5568 §irmond.
3038 5488 3080 5568 t;
3106 5484 3148 5540 Ι.
3182 5500 3246 5555 p.
3492 5557 3505 5568 _
3537 5557 3548 5568 .

2409 5554 2482 5631 (6)
2514 5562 2664 5618 Edit.
2693 5563 2934 5619 Garner.
2968 5560 3009 5610 t.
3062 5554 3103 5620 Ι,
3152 5554 3212 5627 p.
3262 5555 3385 5623 401,
3446 5557 3551 5614 ubi
3611 5569 3933 5629 perperam

2337 5633 2522 5706 ἑορτῶν
2551 5638 2708 5695 τόπος
2735 5647 2848 5705 pro
2876 5632 3051 5704 λόγος.
