4046 6310
552 355 657 413 159

551 480 718 540 illam
744 482 801 537 et
844 481 1250 554 incorruptam
1279 482 1562 537 naturam
1593 478 1865 556 proxime
1897 477 2204 546 accedere,

551 572 694 626 tunc
730 569 1015 643 praeclare
1045 569 1648 642 intelliget,quantum
1670 567 2085 624 sacerdotibus
2099 568 2205 622 ho-

551 673 763 715 norem
778 658 966 714 sancti
981 659 1227 732 Spiritus
1241 658 1433 729 gratia
1444 657 1654 730 largita
1667 657 1756 713 sit.
1767 660 1869 714 Per
1879 658 2031 713 hanc
2045 656 2204 713 enim

552 747 750 806 ethaee
780 752 836 805 et
865 749 978 804 alia
998 748 1179 804 etiam
1196 747 1288 802 his
1310 746 1477 804 haud
1502 746 1786 802 inferiora
1813 746 2174 802 efﬁciuntur.

1901 350 2172 410 NICETE
2202 352 2570 412 CHONIATIE

3817 362 3937 421 £60

2321 497 2435 549 σαν,
2480 478 2619 552 εἰμὴ
2667 477 2828 539 πολλὴ
2877 487 2966 541 τῆς
3016 485 3106 535 τοῦ
3155 486 3290 534 Θεοῦ
3335 483 3560 556 χάριτος
3587 479 3646 542 ἦν
3702 486 3732 544 η
3785 484 3932 559 βοὴ-υ

2317 570 2465 637 θεια;
2536 569 2596 622 Εἰ
2635 572 2736 644 γάρ
2789 590 2864 632 τις
2929 569 3208 629 ἐννοήσειεν
3267 570 3389 624 ὅσον
3448 571 3587 626 ἐστὶν
3649 575 3937 648 ἄνθρωπον

2315 661 2439 710 ὄντα
2501 663 2590 712 καὶ
2647 660 2722 711 ἔτι
2785 663 2943 734 σαρκὶ
3016 664 3106 712 καὶ
3167 661 3351 733 αἵματι
3415 661 3756 736 πεπλεγμένον
3822 673 3936 728 τῆς

2312 750 2575 820 μακαρίας
2631 751 2720 800 καὶ
2773 746 3039 822 ἀκηράτου
3095 752 3292 822 φύσεως
3339 749 3534 814 ἐκείνης
3601 750 3754 827 ἐγγὺς
3817 749 3932 808 δυ-

551 839 772 896 νηθῆναι
799 838 1034 909 γενέσθαι
1062 880 1076 904 ,
1117 840 1230 890 τότε
1259 840 1452 890 εἵσεται
1474 836 1637 899 καλῶς
1665 837 1791 898 ὅσης
1819 840 1936 898 τοῦς
1973 838 2122 910 ἱερεῖς
2147 842 2305 906 τιμῆς
2335 838 2365 895 η
2397 843 2488 890 τοῦ
2514 836 2665 909 ἁγίου
2690 841 2989 912 Πνεῦματος
3017 837 3212 904 ἠξίωσε
3241 841 3409 913 χάρις
3433 857 3445 870 ⁸
3485 835 3559 895 δι’
3591 839 3788 906 ἐκείνης
3816 845 3932 916 γὰρ

553 930 642 979 καὶ
673 933 840 979 ταῦτα
857 927 1136 979 τελειοῦται
1156 967 1171 995 ,
1203 931 1292 979 καὶ
1326 927 1486 1002 ἓτῆρα
1516 929 1706 980 τούτων
1745 922 1896 979 οὐδὲν
1937 920 2245 981 ἀποδέοντα.

762 1060 1048 1131 Ejusdem
1074 1075 1151 1119 ex
1173 1066 1339 1119 sexto
1364 1061 1437 1119 de
1465 1060 1791 1118 sacerdotio
1819 1059 1990 1118 libro.

625 1267 773 1322 Cum
804 1269 1007 1322 autem
1071 1269 1127 1322 et
1184 1269 1460 1324 sanctum
1522 1264 1808 1338 Spiritum
1864 1265 2120 1334 invocat,
2153 1270 2210 1323 et

552 1354 934 1412 tremendum
1001 1355 1359 1428 mysterium
1412 1354 1660 1428 perﬁcit,
1714 1358 1772 1410 et
1819 1369 2206 1410 communem

555 1444 841 1500 continuo
893 1445 1218 1500 Dominum
1276 1444 1608 1514 contigerit,
1653 1443 1926 1517 quidam,
1958 1457 2085 1507 oro,
2134 1442 2209 1498 de

556 1532 868 1589 sacerdote
904 1532 1431 1590 existimabimus?
1468 1539 1763 1606 quantam
1789 1533 1850 1588 in
1883 1548 1954 1588 eo
1983 1531 2208 1605 purita-

553 1625 694 1684 tem,
725 1625 1018 1694 quantam
1065 1621 1350 1694 pietatem
1410 1623 1722 1691 exigemus
1746 1625 1774 1677 ?
1800 1621 2003 1692 Cogita
2049 1620 2208 1676 enim

553 1710 764 1782 quales
798 1725 927 1766 esse
977 1710 1257 1778 debeant,
1281 1727 1418 1784 quae
1466 1710 1606 1768 talia
1651 1714 1909 1767 tractant
1949 1725 2208 1775 manus;

553 1798 751 1872 qualis
816 1798 1044 1870 lingua,
1093 1815 1230 1873 quea
1281 1799 1382 1856 illa
1436 1799 1624 1855 verba
1660 1799 1948 1865 effundit;
1997 1797 2211 1871 quidni

553 1888 882 1962 purissima
912 1893 968 1945 et
997 1888 1374 1945 sanctissima
1399 1888 1623 1954 anima,
1652 1904 1787 1962 quae
1818 1893 2054 1944 tantum
2081 1886 2212 1960 Spi-

555 1976 734 2032 ritum
800 1977 1224 2050 recipit.1‘unc
1280 1981 1336 2032 et
1367 1976 1564 2050 angeli
1631 1976 1926 2032 sacerdoti
1993 1981 2210 2041 astant,

556 2070 614 2121 et
639 2065 980 2123 coelestibus
1019 2066 1336 2124 virtutibus
1367 2071 1560 2124 totum
1599 2065 2005 2123 sanctuarium
2032 2069 2212 2140 atque

555 2154 754 2210 omnis
783 2153 940 2210 circa
976 2153 1159 2210 altare
1205 2154 1374 2213 locus
1405 2155 1708 2228 impletur,
1738 2154 1818 2211 ob
1848 2170 1989 2211 eum
2019 2154 2211 2211 hono-

556 2243 814 2300 randum
836 2244 940 2316 qui
978 2243 1093 2300 illic
1125 2245 1304 2315 jacet.
1337 2245 1508 2310 Quod
1547 2243 1792 2316 quidem
1838 2243 2007 2300 facile
2037 2243 2214 2300 nobis

556 2334 919 2406 persuadere
950 2339 1144 2405 potest
1167 2334 1301 2406 ipsa
1324 2335 1910 2406 mysteriorum,quee
1939 2333 2020 2389 ibi
2042 2332 2211 2400 fiunt,

556 2421 840 2492 dignitas.
872 2426 992 2492 Ego
1022 2438 1162 2480 vero
1187 2424 1367 2479 etiam
1397 2423 1727 2496 quemdam
1754 2428 2100 2479 narrantem
2115 2439 2216 2479 au-

557 2511 684 2566 dire
738 2512 1006 2578 memini,
1030 2528 1091 2568 se
1121 2529 1156 2569 a
1187 2528 1330 2568 sene
1358 2513 1484 2568 viro
1515 2512 1874 2575 admirabili,
1908 2517 1965 2569 et
1991 2512 2214 2570 revela-

557 2600 747 2656 tiones
785 2601 983 2658 videre
1032 2602 1205 2658 solito
1236 2602 1613 2673 intellexisse,
1641 2603 1806 2675 quod
1846 2603 1896 2657 is
1929 2603 2212 2658 nimirum

555 2689 804 2746 visionis
841 2691 1187 2761 hujusmodi
1228 2691 1520 2748 beneﬁcio
1549 2693 1762 2748 fruitus
1805 2697 1984 2761 esset,
2016 2697 2080 2748 ut
2109 2707 2214 2764 per

555 2779 702 2836 illud
734 2787 973 2853 tempus
1015 2780 1460 2838 multitudinem
1517 2781 1869 2852 angelorum
1895 2781 2208 2853 aspiceret,

555 2873 852 2941 quantum
884 2870 1112 2926 homini
1151 2870 1370 2937 liceret,
1402 2871 1668 2926 vestibus
1712 2871 1986 2926 indutam
2013 2871 2212 2943 splen-

555 2956 732 3026 didis,
762 2959 921 3015 circa
949 2958 1134 3015 altare
1163 2959 1468 3026 diffusam,
1500 2959 1775 3016 demissis
1809 2959 1975 3016 humi
1998 2959 2206 3027 oculis,

556 3062 666 3102 ceu
714 3047 929 3104 milites
977 3047 1176 3104 videre
1222 3054 1308 3105 est
1344 3050 1446 3122 qui
1491 3049 1616 3119 regi
1662 3049 1943 3121 praesenti
1978 3053 2198 3106 astant.

559 3134 664 3191 Cui
685 3150 934 3208 prorsus
953 3151 1066 3207 ego
1092 3137 1418 3193 narrationi
1444 3137 1751 3194 assentior.

789 3243 1069 3314 Ejusdem
1097 3259 1172 3301 ex
1204 3244 1356 3300 libro
1393 3245 1679 3301 adversus
1712 3244 1971 3301 Judzeos.

632 3349 996 3404 Portendens
1029 3352 1181 3405 Deus
1235 3349 1442 3422 legalis
1495 3351 1809 3406 sacerdotii
1867 3350 2210 3407 dissolutio-

558 3451 717 3505 nem,
743 3439 824 3492 ait
849 3452 955 3509 per
980 3438 1264 3494 Davidem
1300 3457 1313 3494 :
1349 3442 1435 3494 Tu
1464 3456 1522 3496 es
1547 3441 1897 3496 sacerdosin
1919 3446 2212 3496 celernum

558 3525 881 3582 secundum
900 3527 1165 3584 ordinem
1194 3527 1584 3584 Melchisedec
1608 3520 1792 3600 "ﬂcfui
1822 3544 2212 3601 nequaquam

559 3613 781 3683 legales
816 3615 1086 3670 victimas
1111 3617 1534 3682 ott‘erebat,sed
1561 3633 1768 3690 preces
1791 3632 2135 3689 panemque
2159 3622 2215 3674 et

561 3703 787 3769 vinum,
822 3709 886 3760 ut
915 3721 1086 3761 sacra
1113 3706 1360 3762 historia
1390 3706 1586 3762 tradit.
1621 3710 1866 3763 Constat
1911 3714 2111 3762 autem
2133 3709 2212 3762 le-

563 3792 760 3862 galem
785 3809 1029 3867 quoque
1067 3795 1331 3868 politiam
1357 3795 1532 3852 simul
1558 3812 1697 3852 cum
1747 3796 2000 3851 Aaronis
2025 3812 2215 3852 sacer-

563 3880 728 3938 dotio
752 3900 1039 3951 cessasse,
1065 3885 1468 3941 Melehisedeci
1490 3901 1629 3941 vero
1660 3884 2210 3942 sacerdotiumcum

564 3973 953 4029 conveniente
982 3973 1096 4030 sibi
1123 3973 1328 4046 politia
1361 3975 1741 4031 successisse.

563 4083 851 4152 Ejusdem
892 4100 967 4142 ea:
1008 4086 1503 4156 interpretatione
1538 4086 1862 4157 Evangelii
1885 4086 2214 4143 secundum

1201 4174 1573 4231 Matthamm.

638 4282 706 4337 Et
735 4279 903 4335 sicuti
945 4280 1142 4352 prisca
1185 4279 1281 4337 lex
1311 4296 1453 4338 oves
1482 4281 1820 4354 vitulosque
1873 4281 2103 4349 habuit,
2135 4282 2216 4338 ita

564 4370 694 4426 haec
733 4384 892 4425 nova
917 4369 1293 4425 Dominicum
1321 4371 1710 4439 sanguinem:
1747 4372 1875 4426 Hoc
1899 4373 2108 4440 facile,
2127 4372 2211 4426 in-

565 4459 711 4527 quit,
742 4459 804 4512 in
843 4472 1033 4513 meam
1059 4461 1756 4516 commemorationem".
1808 4460 1991 4515 Viden
2024 4465 2088 4516 ut
2113 4460 2216 4515 ab-

568 4548 732 4604 ducit
757 4563 790 4601 a
821 4546 1088 4601 Judaicis
1140 4547 1349 4603 ritibus
1389 4552 1445 4603 et
1486 4548 1835 4605 abstrahit?
1863 4550 2023 4604 Sicut
2068 4549 2217 4606 illud

566 4635 898 4703 faciebatis,
964 4636 1175 4708 inquit,
1209 4635 1288 4692 ob
1323 4637 1963 4693 commemorationem
2001 4641 2214 4710 ASgyp-

566 4725 858 4782 tiacorum
899 4724 1350 4792 miraculorum,
1379 4726 1459 4782 ita
1486 4731 1542 4782 et
1570 4726 1685 4781 hoc
1731 4726 1943 4798 inquit,
1989 4727 2068 4782 ob
2095 4743 2216 4782 me-

568 4816 824 4872 moriam
856 4814 994 4870 mei.
1036 4813 1184 4869 Illud
1223 4815 1301 4870 ob
1349 4814 1888 4886 primogenitorum
1959 4815 2215 4872 salutem

565 4905 822 4963 effusum
853 4905 980 4973 fuit,
1012 4905 1209 4960 hocin
1239 4905 1654 4960 remissionem
1681 4910 2064 4976 peccatorum
2087 4906 2214 4961 uni-

565 4997 716 5051 versi
733 4994 919 5051 orbis.
949 4993 1100 5061 Quid
1129 5008 1272 5064 ergo
1293 4994 1320 5047 ?
1342 4997 1382 5049 N
1393 5010 1490 5049 um
1511 4994 1691 5050 etiam
1713 4995 2029 5066 antiquum
2047 4993 2209 5064 illud,

566 5084 665 5149 ait,
709 5083 1071 5140 sacriﬁcium
1128 5085 1268 5140 est?
1314 5085 1473 5152 Nego
1525 5083 1850 5139 enimvero.
1897 5084 2217 5156 Propterea

568 5174 727 5227 enim
749 5173 897 5228 dixit
931 5175 1054 5229 Hoc
1075 5172 1278 5244 facite,
1309 5176 1373 5227 ut
1413 5171 1492 5226 ab
1529 5172 1630 5227 illo
1660 5172 2214 5229 abstraheret.Nam

569 5261 619 5316 si
667 5261 781 5315 hoc
819 5262 1235 5318 remissionem
1303 5264 1704 5334 peccatorum,
1739 5266 1804 5317 ut
1862 5276 2074 5334 reapse
2128 5261 2213 5329 tit,

567 5353 870 5422 operatur,
903 5355 1176 5423 superest
1201 5355 1266 5406 ut
1292 5350 1434 5406 illud
1458 5350 1587 5422 jam
1611 5351 1684 5406 sit
1703 5349 1930 5422 inutile.

643 5502 690 5537 ¹³
728 5501 882 5558 Psal.
919 5506 1104 5558 c1x.4.
1148 5504 1193 5538 ¹⁵
1224 5503 1363 5570 Luc,
1397 5519 1530 5571 xxu,
1562 5503 1645 5558 19.

642 5657 720 5729 (9)
756 5655 905 5723 Edit,
927 5670 992 5729 p.
1019 5658 1146 5712 424.

2525 1065 2628 1114 Τοῦ
2671 1060 2833 1114 αὐτοῦ
2862 1059 2919 1114 ἐκ
2947 1069 3041 1115 τοῦ
3071 1061 3219 1115 ἓκτου
3259 1065 3378 1137 περὶ
3421 1064 3704 1137 ἱερωσύνης

2977 1149 3133 1222 λόγου

2385 1264 2544 1318 Ὀταν
2594 1261 2653 1318 δὲ
2690 1270 2780 1318 καὶ
2835 1269 2894 1319 τό
2955 1273 3164 1340 ῐινευμα
3199 1270 3259 1320 τό
3293 1267 3443 1341 ἅγιον
3509 1268 3664 1341 καλῇ,
3694 1274 3783 1323 καὶ
3830 1275 3938 1330 τὴν

2315 1349 2743 1429 φρικωδεστάτην
2829 1353 3032 1428 ἐπιτελῇ
3109 1359 3335 1423 θυσίαν,
3405 1362 3494 1410 καὶ
3576 1365 3668 1410 τοῦ
3746 1368 3938 1413 κοινοῦ

2314 1445 2520 1496 πάντων
2571 1452 2803 1516 συνεχῶς
2859 1444 3152 1517 ἐράπτηται
3208 1451 3468 1501 Δεσπότου
3495 1455 3632 1514 ,ποῦ
3681 1448 3936 1522 τάξομεν,

2317 1533 2426 1586 εἰπέ
2475 1537 2806 1606 μοι;11όσην
2839 1531 2898 1587 δε
2957 1535 3112 1588 αὑτὸν
3156 1533 3512 1610 ἀπαιτήσομεν
3566 1538 3939 1612 καθαρότητα,

2315 1626 2406 1675 καὶ
2467 1627 2636 1680 πόσην
2713 1622 2976 1676 εὐλάϐειαν
3011 1640 3025 1690 ;
3066 1625 3344 1683 Ἐννόησον
3399 1628 3498 1701 γὰρ
3574 1627 3757 1688 όποίας
3832 1630 3943 1690 τὰς

2318 1719 2481 1764 ταῦτα
2528 1707 2928 1786 διακονουμὲνας
2967 1719 3153 1784 χεῖρας
3215 1711 3343 1767 εἶναι
3393 1719 3504 1788 χρὴ
3539 1728 3556 1747 ⁸
3599 1717 3779 1768 ὁποίαν
3831 1720 3941 1775 την

2316 1800 2562 1873 γλῶσσαν
2628 1806 2722 1860 την
2771 1799 2937 1855 ἐκεῖνα
2986 1806 3320 1876 προχέουσαν
3368 1807 3434 1857 τά
3487 1805 3702 1879 ῥήματα
3733 1819 3749 1835 ⁶
3781 1809 3940 1868 τίνος

2320 1886 2379 1942 δι
2441 1889 2502 1943 οὐ
2563 1892 2927 1966 καθαρωτέραν
2990 1896 3081 1944 καὶ
3143 1891 3430 1966 ἁγιωτέραν
3502 1897 3597 1953 τὴν
3669 1901 3940 1948 τοσοῦτον

2317 1985 2517 2052 πνεῦμα
2587 1976 2970 2053 ὑποδεξομένην
3042 1981 3224 2054 ψυχήν
3275 2023 3287 2037 .
3347 1985 3471 2036 Τότε
3544 1987 3633 2036 καὶ
3708 1981 3938 2056 ἄγγελοι

2317 2073 2686 2142 παρεστήκασι
2723 2076 2796 2140 τῷ
2857 2071 3000 2142 ἱερεῖ,
3031 2074 3119 2122 καὶ
3158 2070 3408 2145 οὐρανίων
3460 2068 3729 2144 δυνάμεων
3784 2071 3940 2125 ἅπαν

2320 2160 2375 2211 τό
2415 2155 2585 2231 βῆμα,
2617 2162 2707 2210 καὶ
2735 2159 2760 2210 ό
2792 2163 2908 2232 περὶ
2975 2161 3034 2211 τό
3081 2160 3459 2234 θυσιαστήριον
3510 2159 3803 2236 πληροῦται
3843 2165 3940 2215 τό-

2320 2265 2411 2308 πος
2442 2246 2507 2307 εἰς
2558 2251 2714 2320 τιμὴν
2757 2255 2847 2300 τοῦ
2887 2252 3121 2319 κειμένου
3165 2287 3178 2299 .
3215 2253 3314 2302 Καὶ
3379 2257 3531 2303 τοῦτο
3599 2253 3770 2303 ἱκανόν
3835 2254 3938 2322 μὲν

2320 2337 2599 2394 πεισθῆναι
2671 2340 2760 2388 καὶ
2815 2332 2864 2398 ἐξ,
2929 2336 3095 2388 αὐτῶν
3169 2345 3269 2390 τῶν
3325 2336 3722 2411 ἐπιτελουμένων
3779 2343 3929 2392 τότε’

2321 2421 2422 2494 ἐγώ
2496 2419 2556 2476 δι
2619 2427 2710 2476 καὶ
2774 2443 2906 2484 τινος
2971 2427 3179 2482 ἤκουσα
3253 2422 3604 2498 διηγουμένου
3661 2429 3784 2479 ποτε
3852 2429 3944 2479 ὃτι

2323 2511 2462 2582 αὐτῷ
2519 2531 2595 2572 τις
2648 2510 2945 2584 πρεσϐύτης
2995 2515 3293 2586 θαυμαστός
3332 2513 3460 2587 ἀνὴρ
3514 2520 3604 2567 καὶ
3663 2514 3943 2568 ἀποκαλύ-

2319 2602 2437 2675 ψεις
2493 2604 2616 2678 όρᾷν
2682 2603 2868 2664 εἰωθὼς
2915 2604 3077 2675 ﬂe:er
3143 2604 3308 2676 ὅψεως
3365 2607 3624 2668 ἠξιῶσθαι
3671 2610 3936 2670 τοιαύτης

2319 2695 2462 2758 ποτε,
2491 2697 2581 2744 καὶ
2623 2695 2759 2745 κατὰ
2815 2696 2900 2745 τόν
2939 2697 3122 2767 καιρόν
3174 2693 3360 2747 ἐκεῖνον
3411 2696 3554 2767 άφνω
3596 2695 3796 2758 πλῆθος
3827 2695 3938 2768 ἁγ-

2317 2781 2477 2853 γέλων
2537 2777 2779 2845 ἰδεῖν,ὡς
2839 2782 2977 2852 αὐτῷ
3023 2779 3243 2835 δυνατόν
3291 2780 3372 2850 ἦν,
3416 2783 3603 2846 στολάς
3643 2783 3939 2843 ἀναϐεϐλη-

2319 2874 2479 2943 μένων
2540 2869 2814 2944 λαμπρὰς,
2873 2875 2963 2922 καὶ
3030 2875 3088 2923 τό
3140 2873 3518 2947 θυσιαστήριον
3573 2873 3938 2945 κυκλούντων,

2319 2965 2408 3012 καὶ
2437 2961 2578 3012 κάτω
2617 2963 2860 3012 νευόντων
2883 3004 2897 3030 ,
2924 2963 2992 3020 ὡς
3023 2962 3083 3012 ἄν
3124 2964 3166 3013 εἳ
3192 2981 3273 3022 τις
3305 2967 3630 3037 στρατιώτας
3660 2961 3942 3035 βασιλέως

2319 3053 2570 3124 παρόντος
2595 3047 2881 3111 ἑστηκότας
2910 3046 2968 3102 Ivi
2973 3069 3020 3102 οι
3051 3066 3064 3081 ⁶
3092 3049 3116 3101 ὁ
3143 3048 3239 3121 ἐγω
3272 3052 3536 3124 πείθομαι.

2453 3251 2556 3298 Τοῦ
2587 3243 2747 3296 αὑτοῦ
2786 3241 2840 3295 ἐκ
2871 3251 2960 3304 τῆς
2985 3247 3118 3296 κατὰ
3149 3241 3417 3298 Ἰουδαίων
3449 3244 3633 3318 βίϐλου
3657 3247 3794 3317 HO).

2396 3354 2713 3424 Προμηνῦων
2760 3351 2786 3402 ὁ
2862 3354 2986 3411 Θεὸς
3059 3356 3150 3410 την
3216 3352 3498 3406 κατάλυσιν
3553 3363 3643 3414 τῆς
3705 3361 3945 3426 νομικῆς

2327 3443 2640 3515 ἱερωσύνης,
2687 3443 2857 3512 εῖρηκε
2901 3437 2995 3492 διὰ
3031 3447 3122 3493 τοῦ
3167 3437 3334 3494 Δαϐίὸ
3365 3458 3377 3471 ·
3426 3446 3491 3494 Σῦ
3551 3439 3598 3496 εἶ
3635 3446 3798 3515 ἱερεὺς
3860 3443 3944 3504 εἰς

2324 3535 2411 3582 τόν
2487 3529 2648 3580 αἰῶνα
2721 3532 2855 3580 κατά
2925 3534 3018 3586 την
3083 3528 3229 3592 τάξιν
3302 3528 3652 3602 Μελχισεδὲκ,
3733 3531 3789 3592 ὃς
3869 3533 3942 3584 οὐ

2329 3621 2517 3680 θυσίας
2580 3620 2797 3690 νομικὰς
2862 3619 3082 3690 ἱέρευεν,
3115 3616 3224 3670 ἀλλ’
3256 3619 3417 3691 εὐχὰς
3483 3625 3571 3672 καὶ
3623 3621 3778 3689 ἄρτον
3832 3627 3940 3673 καὶ

2325 3708 2501 3776 οἶνον,
2533 3709 2600 3769 ὡς
2649 3709 2678 3764 ἡ
2729 3706 2936 3780 ἱστορία
2989 3703 3258 3763 διδάσκει.
3321 3705 3590 3780 Πρόδηλον
3646 3705 3704 3761 δὲ
3751 3711 3818 3769 ὡς
3863 3719 3937 3783 τῇ

2325 3801 2414 3870 μὲν
2475 3799 2725 3870 ἱερωσύνη
2775 3803 2867 3848 τοῦ
2913 3795 3110 3868 Ἀαρὼν
3161 3799 3480 3872 συνανῃρέθη
3540 3802 3629 3850 καὶ
3668 3799 3697 3856 η
3732 3805 3935 3870 νομικὴ

2327 3885 2582 3939 πολιτεία·
2599 3893 2660 3958 τῇ
2687 3882 2746 3938 δὲ
2765 3893 2854 3937 τοῦ
2873 3883 3205 3957 Μελχισεδὲκ
3237 3889 3660 3960 συναντεισήχθη
3693 3885 3942 3942 πολιτειοι

2324 3981 2687 4048 προσήκουσα.

2500 4091 2604 4139 Τοῦ
2653 4082 2813 4136 αὐτοῦ
2859 4081 2914 4136 ἐκ
2957 4091 3046 4144 τῆς
3096 4083 3165 4146 εἰς
3212 4087 3272 4137 τό
3310 4088 3444 4138 κατὰ
3482 4085 3744 4138 Ματθαῖον

2978 4172 3028 4246 ἐρ
3034 4178 3264 4246 μηνείας.

2399 4289 2499 4339 Καὶ
2529 4286 2700 4356 ὥσπερ
2732 4282 2764 4341 ἠ
2799 4280 3002 4334 Παλαιὰ
3051 4281 3290 4356 πρόϐατα
3335 4285 3426 4334 καὶ
3481 4286 3720 4355 μόσχους
3759 4277 3935 4354 εἶχεν,

2325 4375 2487 4436 οὕτως
2526 4372 2656 4430 αὕτη
2698 4373 2727 4429 η
2777 4374 2935 4428 Καινὴ
2993 4373 3050 4422 τό
3096 4372 3227 4443 αἷμα
3275 4374 3332 4423 τό
3373 4376 3686 4424 Δεσπότικόν
3717 4387 3729 4402 ’
3757 4377 3936 4425 Τοῦτο

2323 4470 2554 4528 ποιεῖτε,
2614 4464 2794 4532 φησιν,
2871 4459 2938 4519 εἰς
3011 4463 3105 4517 την
3181 4458 3307 4531 ἐμὴν
3399 4458 3709 4533 ἀνάμνησιν.
3777 4458 3937 4524 Εἶδες

2324 4562 2433 4615 πῶς
2491 4550 2660 4621 ἐξάγει
2717 4557 2817 4602 τῶν
2884 4545 3186 4602 Ἰουδαϊκῶν
3249 4547 3374 4602 ἐθῶν
3448 4555 3539 4602 καὶ
3615 4549 3932 4622 ἀφίστησις

2327 4642 2568 4713 Καθάπερ
2650 4640 2807 4690 ἐκεῖνο
2899 4635 3146 4704 ἐποιεῖτε,
3217 4641 3375 4709 φησιν
3406 4681 3420 4704 ,
3489 4637 3559 4700 εἰς
3634 4636 3934 4710 ἀνάμνησιν

2323 4738 2421 4782 τῶν
2453 4727 2499 4780 ἐν
2553 4727 2800 4798 Αἰγύπτῳ
2857 4727 3131 4797 θαυμάτων
3161 4769 3175 4795 ,
3219 4727 3354 4778 οὕτω
3391 4731 3664 4780 καὶτοῦτο
3702 4727 3773 4787 εἰς
3829 4732 3932 4786 τὴν

2323 4816 2449 4890 ἐμήν
2481 4855 2494 4868 .
2542 4816 2730 4869 Ἐκεῖνο
2752 4813 2974 4886 ἐξεχύθη
3010 4813 3082 4875 εἰς
3112 4819 3374 4887 σωτηρίαν
3422 4823 3522 4867 τῶν
3560 4819 3926 4888 πρωτοτόκων,

2322 4913 2474 4959 τοῦτο
2529 4904 2602 4966 εἰς
2657 4905 2839 4976 ἄφεσιν
2888 4901 3154 4977 ἁμαρτιῶν
3184 4911 3279 4963 τῆς
3331 4903 3639 4976 οἰκουμένης
3688 4903 3929 4975 ἀπάσης⁹

2319 5001 2383 5049 Τί
2456 4992 2577 5063 οὖν;
2636 4998 2748 5068 Χρὴ
2824 5000 2988 5044 ποιεῖν
3055 4993 3257 5044 κάκεῖνο
3323 4996 3381 5046 τό
3456 4993 3710 5059 παλαιῶς
3741 5000 3929 5066 φησίν.

2323 5079 2582 5156 Οὐδαμῶς
2611 5099 2624 5113 ⁸
2661 5078 2753 5134 διὰ
2799 5083 2900 5154 γὰρ
2953 5088 3107 5133 τοῦτο
3147 5078 3255 5134 εἶπε
3285 5126 3298 5150 ,
3342 5088 3504 5135 Τοῦτο
3560 5090 3751 5136 ποιεῖτε
3777 5127 3790 5151 ,
3844 5085 3935 5137 ἵνα

2322 5172 2515 5226 ἐκείνου
2584 5170 2826 5242 ἀπαγάγῃ
2865 5191 2877 5203 ·
2909 5169 2951 5223 εἰ
3014 5173 3112 5242 γὰρ
3173 5178 3326 5223 τοῦτο
3401 5173 3583 5243 ἄφεσιν
3659 5171 3931 5246 ἁμαρτιῶν

2324 5261 2600 5334 ἐργάζεται
2634 5302 2647 5326 ,
2714 5261 2887 5333 ὥσπερ
2973 5255 3060 5312 οὖν
3134 5263 3225 5312 καὶ
3300 5259 3618 5333 ἐργάζεται,
3682 5257 3932 5334 περιττὸν

2325 5349 2486 5403 ἐκεῖνο
2515 5348 2712 5402 λοιπόν.

2396 5652 2508 5724 (l0)
2539 5650 2750 5710 Confer
2778 5653 2928 5709 orat.
2961 5651 3053 5706 Vll
3083 5647 3373 5708 adversus
3393 5650 3656 5710 Judasos.
