  <div class='ocr_page' id='page_1' title='image "/cluster/home/n/w/nwhite01/storage/ocr_20150623/140/pst.000005714568/111.png"; bbox 0 0 4046 6310; ppageno 0'>
   <div class='ocr_carea' id='block_1_1' title="bbox 536 243 3901 329">
    <p class='ocr_par' dir='ltr' id='par_1_1' title="bbox 536 243 3901 329">
     <span class='ocr_line' id='line_1_1' title="bbox 536 243 3901 329; baseline 0.002 -13"><span class='ocrx_word' id='word_1_1' title='bbox 536 264 635 329; x_wconf 66' lang='grc' dir='ltr'><strong>ωε</strong></span> <span class='ocrx_word' id='word_1_2' title='bbox 734 250 741 255; x_wconf 87' lang='grc'><em>’</em></span> <span class='ocrx_word' id='word_1_3' title='bbox 1870 260 2140 321; x_wconf 72' lang='lat' dir='ltr'><strong>NICETE</strong></span> <span class='ocrx_word' id='word_1_4' title='bbox 2166 243 2546 319; x_wconf 66' lang='grc' dir='ltr'><strong>αΗοΜΑτΔς</strong></span> <span class='ocrx_word' id='word_1_5' title='bbox 3780 262 3901 323; x_wconf 64' lang='lat' dir='ltr'><strong>ise</strong></span> 
     </span>
    </p>
   </div>
   <div class='ocr_carea' id='block_1_2' title="bbox 530 382 2128 461">
    <p class='ocr_par' dir='ltr' id='par_1_2' title="bbox 530 382 2128 461">
     <span class='ocr_line' id='line_1_2' title="bbox 530 382 2128 461; baseline -0.004 -17"><span class='ocrx_word' id='word_1_6' title='bbox 530 399 657 449; x_wconf 73' lang='lat' dir='ltr'><strong>non</strong></span> <span class='ocrx_word' id='word_1_7' title='bbox 674 389 876 451; x_wconf 79' lang='lat' dir='ltr'><strong>tamen</strong></span> <span class='ocrx_word' id='word_1_8' title='bbox 897 400 1059 461; x_wconf 72' lang='lat' dir='ltr'><strong>nunc</strong></span> <span class='ocrx_word' id='word_1_9' title='bbox 1075 384 1331 443; x_wconf 80' lang='lat' dir='ltr'><strong>Patrem.</strong></span> <span class='ocrx_word' id='word_1_10' title='bbox 1354 384 1475 441; x_wconf 88' lang='lat' dir='ltr'><strong>Hoc</strong></span> <span class='ocrx_word' id='word_1_11' title='bbox 1499 383 1865 445; x_wconf 84' lang='lat' dir='ltr'><strong>adnotamus</strong></span> <span class='ocrx_word' id='word_1_12' title='bbox 1887 382 2128 439; x_wconf 71' lang='lat' dir='ltr'><strong>adversi</strong></span> 
     </span>
    </p>
   </div>
   <div class='ocr_carea' id='block_1_3' title="bbox 2301 382 3899 461">
    <p class='ocr_par' dir='ltr' id='par_1_3' title="bbox 2301 382 3899 457">
     <span class='ocr_line' id='line_1_3' title="bbox 2301 382 3899 457; baseline 0.001 -20"><span class='ocrx_word' id='word_1_13' title='bbox 2301 389 2523 454; x_wconf 75' lang='grc' dir='ltr'><strong>Χριστοῦ</strong></span> <span class='ocrx_word' id='word_1_14' title='bbox 2577 382 2731 455; x_wconf 81' lang='grc' dir='ltr'>λέγει,</span> <span class='ocrx_word' id='word_1_15' title='bbox 2793 382 2902 436; x_wconf 82' lang='grc' dir='ltr'>ἀλλ’</span> <span class='ocrx_word' id='word_1_16' title='bbox 2954 385 3083 457; x_wconf 73' lang='grc' dir='ltr'><strong>οὐχὶ</strong></span> <span class='ocrx_word' id='word_1_17' title='bbox 3138 391 3231 438; x_wconf 86' lang='grc' dir='ltr'><strong>τοῦ</strong></span> <span class='ocrx_word' id='word_1_18' title='bbox 3284 388 3489 457; x_wconf 78' lang='grc' dir='ltr'><strong>Πατρός</strong></span> <span class='ocrx_word' id='word_1_19' title='bbox 3542 405 3649 443; x_wconf 84' lang='grc' dir='ltr'>νυν,</span> <span class='ocrx_word' id='word_1_20' title='bbox 3716 391 3899 439; x_wconf 79' lang='grc' dir='ltr'>Τοῦτο</span> 
     </span>
    </p>
   </div>
   <div class='ocr_carea' id='block_1_4' title="bbox 528 471 2126 547">
    <p class='ocr_par' dir='ltr' id='par_1_4' title="bbox 528 472 2126 545">
     <span class='ocr_line' id='line_1_4' title="bbox 528 472 2126 545; baseline -0.002 -15"><span class='ocrx_word' id='word_1_21' title='bbox 528 474 661 530; x_wconf 90' lang='lat' dir='ltr'><strong>illos</strong></span> <span class='ocrx_word' id='word_1_22' title='bbox 689 473 793 545; x_wconf 87' lang='lat' dir='ltr'><strong>qui</strong></span> <span class='ocrx_word' id='word_1_23' title='bbox 822 472 1190 530; x_wconf 85' lang='lat' dir='ltr'><strong>vocabulum</strong></span> <span class='ocrx_word' id='word_1_24' title='bbox 1229 487 1509 542; x_wconf 75' lang='lat' dir='ltr'><strong>magnum</strong></span> <span class='ocrx_word' id='word_1_25' title='bbox 1542 472 1694 526; x_wconf 83' lang='lat' dir='ltr'><strong>Patri</strong></span> <span class='ocrx_word' id='word_1_26' title='bbox 1725 476 1959 528; x_wconf 87' lang='lat' dir='ltr'><strong>tantum</strong></span> <span class='ocrx_word' id='word_1_27' title='bbox 1993 488 2126 528; x_wconf 88' lang='lat' dir='ltr'><strong>ascr</strong></span> 
     </span>
    </p>
   </div>
   <div class='ocr_carea' id='block_1_5' title="bbox 2301 471 3899 547">
    <p class='ocr_par' dir='ltr' id='par_1_5' title="bbox 2301 472 3899 547">
     <span class='ocr_line' id='line_1_5' title="bbox 2301 472 3899 547; baseline 0.003 -25"><span class='ocrx_word' id='word_1_28' title='bbox 2301 472 2647 543; x_wconf 72' lang='grc' dir='ltr'>τημειούμεθα</span> <span class='ocrx_word' id='word_1_29' title='bbox 2709 476 2836 547; x_wconf 89' lang='grc' dir='ltr'>πρὸς</span> <span class='ocrx_word' id='word_1_30' title='bbox 2907 476 3026 534; x_wconf 82' lang='grc' dir='ltr'>τοὺς</span> <span class='ocrx_word' id='word_1_31' title='bbox 3107 477 3166 526; x_wconf 90' lang='grc' dir='ltr'><strong>τό</strong></span> <span class='ocrx_word' id='word_1_32' title='bbox 3258 473 3482 546; x_wconf 80' lang='grc' dir='ltr'>μεγάλου</span> <span class='ocrx_word' id='word_1_33' title='bbox 3555 483 3628 525; x_wconf 87' lang='grc' dir='ltr'>τῶ</span> <span class='ocrx_word' id='word_1_34' title='bbox 3714 479 3899 547; x_wconf 87' lang='grc' dir='ltr'>Πατρὶ</span> 
     </span>
    </p>
   </div>
   <div class='ocr_carea' id='block_1_6' title="bbox 526 558 2124 641">
    <p class='ocr_par' dir='ltr' id='par_1_6' title="bbox 526 559 2124 635">
     <span class='ocr_line' id='line_1_6' title="bbox 526 559 2124 635; baseline -0.002 -16"><span class='ocrx_word' id='word_1_35' title='bbox 526 563 700 633; x_wconf 89' lang='lat' dir='ltr'><strong>bunt,</strong></span> <span class='ocrx_word' id='word_1_36' title='bbox 744 562 888 629; x_wconf 89' lang='lat' dir='ltr'><strong>Filio</strong></span> <span class='ocrx_word' id='word_1_37' title='bbox 924 568 1128 620; x_wconf 84' lang='lat' dir='ltr'><strong>autem</strong></span> <span class='ocrx_word' id='word_1_38' title='bbox 1158 566 1356 635; x_wconf 89' lang='lat' dir='ltr'><strong>partes</strong></span> <span class='ocrx_word' id='word_1_39' title='bbox 1390 559 1688 615; x_wconf 87' lang='lat' dir='ltr'><strong>secundas</strong></span> <span class='ocrx_word' id='word_1_40' title='bbox 1715 559 1879 617; x_wconf 82' lang='lat' dir='ltr'><strong>dant.</strong></span> <span class='ocrx_word' id='word_1_41' title='bbox 1914 561 2124 617; x_wconf 68' lang='lat' dir='ltr'><strong>Hostia]</strong></span> 
     </span>
    </p>
   </div>
   <div class='ocr_carea' id='block_1_7' title="bbox 2301 558 3899 641">
    <p class='ocr_par' dir='ltr' id='par_1_7' title="bbox 2301 558 3899 641">
     <span class='ocr_line' id='line_1_7' title="bbox 2301 558 3899 641; baseline 0.003 -31"><span class='ocrx_word' id='word_1_42' title='bbox 2301 563 2426 641; x_wconf 65' lang='grc' dir='ltr'>κόνω</span> <span class='ocrx_word' id='word_1_43' title='bbox 2489 563 2924 635; x_wconf 78' lang='grc' dir='ltr'>περιγράφοντας,</span> <span class='ocrx_word' id='word_1_44' title='bbox 2983 571 3055 633; x_wconf 85' lang='grc' dir='ltr'>τῷ</span> <span class='ocrx_word' id='word_1_45' title='bbox 3110 558 3161 615; x_wconf 76' lang='grc' dir='ltr'><strong>δ’</strong></span> <span class='ocrx_word' id='word_1_46' title='bbox 3209 565 3313 633; x_wconf 79' lang='grc' dir='ltr'><strong>Υὶῴ</strong></span> <span class='ocrx_word' id='word_1_47' title='bbox 3363 564 3427 615; x_wconf 80' lang='grc' dir='ltr'>τὰ</span> <span class='ocrx_word' id='word_1_48' title='bbox 3474 558 3739 637; x_wconf 78' lang='grc' dir='ltr'><strong>δευτερεῖα</strong></span> <span class='ocrx_word' id='word_1_49' title='bbox 3804 559 3899 615; x_wconf 81' lang='grc' dir='ltr'><strong>δι-</strong></span> 
     </span>
    </p>
   </div>
   <div class='ocr_carea' id='block_1_8' title="bbox 527 644 2125 728">
    <p class='ocr_par' dir='ltr' id='par_1_8' title="bbox 527 648 2125 725">
     <span class='ocr_line' id='line_1_8' title="bbox 527 648 2125 725; baseline -0.002 -16"><span class='ocrx_word' id='word_1_50' title='bbox 527 667 711 725; x_wconf 87' lang='lat' dir='ltr'><strong>porro</strong></span> <span class='ocrx_word' id='word_1_51' title='bbox 748 656 805 707; x_wconf 88' lang='lat' dir='ltr'><strong>et</strong></span> <span class='ocrx_word' id='word_1_52' title='bbox 848 650 1194 725; x_wconf 86' lang='lat' dir='ltr'><strong>pontiﬁcem</strong></span> <span class='ocrx_word' id='word_1_53' title='bbox 1239 648 1563 722; x_wconf 86' lang='lat' dir='ltr'><strong>appellant,</strong></span> <span class='ocrx_word' id='word_1_54' title='bbox 1623 648 1769 722; x_wconf 86' lang='lat' dir='ltr'><strong>illud</strong></span> <span class='ocrx_word' id='word_1_55' title='bbox 1810 650 2060 722; x_wconf 86' lang='lat' dir='ltr'><strong>quidem</strong></span> <span class='ocrx_word' id='word_1_56' title='bbox 2098 667 2125 706; x_wconf 88' lang='lat' dir='ltr'><strong>o</strong></span> 
     </span>
    </p>
   </div>
   <div class='ocr_carea' id='block_1_9' title="bbox 2305 644 3903 728">
    <p class='ocr_par' dir='ltr' id='par_1_9' title="bbox 2305 644 3903 728">
     <span class='ocr_line' id='line_1_9' title="bbox 2305 644 3903 728; baseline 0.002 -29"><span class='ocrx_word' id='word_1_57' title='bbox 2305 644 2476 710; x_wconf 66' lang='grc' dir='ltr'>ΐόντας</span> <span class='ocrx_word' id='word_1_58' title='bbox 2510 665 2523 678; x_wconf 86' lang='grc'><strong>·</strong></span> <span class='ocrx_word' id='word_1_59' title='bbox 2572 650 2799 721; x_wconf 76' lang='grc' dir='ltr'><strong>θύματος</strong></span> <span class='ocrx_word' id='word_1_60' title='bbox 2840 648 2900 703; x_wconf 75' lang='grc' dir='ltr'><strong>δὲ</strong></span> <span class='ocrx_word' id='word_1_61' title='bbox 2944 656 3029 702; x_wconf 81' lang='grc' dir='ltr'>καὶ</span> <span class='ocrx_word' id='word_1_62' title='bbox 3085 649 3372 728; x_wconf 77' lang='grc' dir='ltr'><strong>ἀρχιερέως</strong></span> <span class='ocrx_word' id='word_1_63' title='bbox 3418 656 3476 703; x_wconf 86' lang='grc' dir='ltr'><strong>τό</strong></span> <span class='ocrx_word' id='word_1_64' title='bbox 3517 655 3608 724; x_wconf 62' lang='grc' dir='ltr'>μὲν</span> <span class='ocrx_word' id='word_1_65' title='bbox 3647 655 3715 713; x_wconf 84' lang='grc' dir='ltr'>ὡς</span> <span class='ocrx_word' id='word_1_66' title='bbox 3756 671 3903 724; x_wconf 67' lang='grc' dir='ltr'>σφα-</span> 
     </span>
    </p>
   </div>
   <div class='ocr_carea' id='block_1_10' title="bbox 527 732 2125 815">
    <p class='ocr_par' dir='ltr' id='par_1_10' title="bbox 527 732 2125 815">
     <span class='ocr_line' id='line_1_10' title="bbox 527 732 2125 815; baseline -0.002 -18"><span class='ocrx_word' id='word_1_67' title='bbox 527 740 874 815; x_wconf 89' lang='lat' dir='ltr'><strong>passionem</strong></span> <span class='ocrx_word' id='word_1_68' title='bbox 894 745 1069 812; x_wconf 86' lang='lat' dir='ltr'><strong>etpro</strong></span> <span class='ocrx_word' id='word_1_69' title='bbox 1082 743 1291 795; x_wconf 89' lang='lat' dir='ltr'><strong>nostra</strong></span> <span class='ocrx_word' id='word_1_70' title='bbox 1305 737 1493 793; x_wconf 87' lang='lat' dir='ltr'><strong>salute</strong></span> <span class='ocrx_word' id='word_1_71' title='bbox 1514 732 1910 805; x_wconf 82' lang='lat' dir='ltr'><strong>oblationem;</strong></span> <span class='ocrx_word' id='word_1_72' title='bbox 1925 739 2125 794; x_wconf 79' lang='lat' dir='ltr'><strong>alterm</strong></span> 
     </span>
    </p>
   </div>
   <div class='ocr_carea' id='block_1_11' title="bbox 2269 732 3867 815">
    <p class='ocr_par' dir='ltr' id='par_1_11' title="bbox 2285 738 3867 814">
     <span class='ocr_line' id='line_1_11' title="bbox 2285 738 3867 814; baseline 0.003 -28"><span class='ocrx_word' id='word_1_73' title='bbox 2285 738 2608 806; x_wconf 86' lang='grc' dir='ltr'>γιασθέντος,</span> <span class='ocrx_word' id='word_1_74' title='bbox 2675 744 2765 789; x_wconf 80' lang='grc' dir='ltr'>καὶ</span> <span class='ocrx_word' id='word_1_75' title='bbox 2830 740 2956 813; x_wconf 78' lang='grc' dir='ltr'><strong>ὑπὲρ</strong></span> <span class='ocrx_word' id='word_1_76' title='bbox 3036 745 3133 800; x_wconf 82' lang='grc' dir='ltr'>τῆς</span> <span class='ocrx_word' id='word_1_77' title='bbox 3200 741 3453 812; x_wconf 78' lang='grc' dir='ltr'>ἡμετέρας</span> <span class='ocrx_word' id='word_1_78' title='bbox 3514 741 3867 814; x_wconf 74' lang='grc' dir='ltr'>προσενεχθέν</span> 
     </span>
    </p>
   </div>
   <div class='ocr_carea' id='block_1_12' title="bbox 474 823 2072 903">
    <p class='ocr_par' dir='ltr' id='par_1_12' title="bbox 474 825 2072 903">
     <span class='ocr_line' id='line_1_12' title="bbox 474 825 2072 903; baseline -0.004 -16"><span class='ocrx_word' id='word_1_79' title='bbox 474 866 477 869; x_wconf 97' lang='grc'><strong><em>-</em></strong></span> <span class='ocrx_word' id='word_1_80' title='bbox 528 833 751 901; x_wconf 86' lang='lat' dir='ltr'><strong>autem,</strong></span> <span class='ocrx_word' id='word_1_81' title='bbox 790 828 935 903; x_wconf 87' lang='lat' dir='ltr'><strong>quia</strong></span> <span class='ocrx_word' id='word_1_82' title='bbox 971 843 1094 883; x_wconf 92' lang='lat' dir='ltr'><strong>non</strong></span> <span class='ocrx_word' id='word_1_83' title='bbox 1138 826 1218 882; x_wconf 84' lang='lat' dir='ltr'><strong>ab</strong></span> <span class='ocrx_word' id='word_1_84' title='bbox 1256 825 1394 895; x_wconf 90' lang='lat' dir='ltr'><strong>alio,</strong></span> <span class='ocrx_word' id='word_1_85' title='bbox 1434 825 1541 881; x_wconf 89' lang='lat' dir='ltr'><strong>sed</strong></span> <span class='ocrx_word' id='word_1_86' title='bbox 1593 826 1839 898; x_wconf 88' lang='lat' dir='ltr'><strong>propria</strong></span> <span class='ocrx_word' id='word_1_87' title='bbox 1875 827 2072 882; x_wconf 74' lang='lat' dir='ltr'><strong>volunt</strong></span> 
     </span>
    </p>
   </div>
   <div class='ocr_carea' id='block_1_13' title="bbox 2302 823 3900 903">
    <p class='ocr_par' dir='ltr' id='par_1_13' title="bbox 2302 823 3900 901">
     <span class='ocr_line' id='line_1_13' title="bbox 2302 823 3900 901; baseline 0.002 -25"><span class='ocrx_word' id='word_1_88' title='bbox 2302 843 2374 886; x_wconf 78' lang='lat' dir='ltr'><strong>re;</strong></span> <span class='ocrx_word' id='word_1_89' title='bbox 2421 830 2685 898; x_wconf 82' lang='grc' dir='ltr'><strong>σωτηρίας</strong></span> <span class='ocrx_word' id='word_1_90' title='bbox 2727 844 2739 857; x_wconf 89' lang='grc'><strong>·</strong></span> <span class='ocrx_word' id='word_1_91' title='bbox 2782 830 2842 878; x_wconf 86' lang='grc' dir='ltr'><strong>τό</strong></span> <span class='ocrx_word' id='word_1_92' title='bbox 2884 823 2944 879; x_wconf 76' lang='grc' dir='ltr'><strong>δὲ</strong></span> <span class='ocrx_word' id='word_1_93' title='bbox 2985 830 3050 888; x_wconf 86' lang='grc' dir='ltr'>ὡς</span> <span class='ocrx_word' id='word_1_94' title='bbox 3097 828 3205 900; x_wconf 75' lang='grc' dir='ltr'>οὐχ</span> <span class='ocrx_word' id='word_1_95' title='bbox 3241 828 3326 881; x_wconf 79' lang='grc' dir='ltr'><strong>ὑπ’</strong></span> <span class='ocrx_word' id='word_1_96' title='bbox 3359 828 3536 896; x_wconf 73' lang='grc' dir='ltr'>ἄλλου,</span> <span class='ocrx_word' id='word_1_97' title='bbox 3569 829 3654 901; x_wconf 73' lang='grc' dir='ltr'>ὑφ’</span> <span class='ocrx_word' id='word_1_98' title='bbox 3699 829 3900 881; x_wconf 67' lang='grc' dir='ltr'>ἑαυτοῦ</span> 
     </span>
    </p>
   </div>
   <div class='ocr_carea' id='block_1_14' title="bbox 526 911 2124 993">
    <p class='ocr_par' dir='ltr' id='par_1_14' title="bbox 526 914 2122 982">
     <span class='ocr_line' id='line_1_14' title="bbox 526 914 2122 982; baseline -0.002 -7"><span class='ocrx_word' id='word_1_99' title='bbox 526 917 876 975; x_wconf 82' lang='lat' dir='ltr'><strong>immolatus</strong></span> <span class='ocrx_word' id='word_1_100' title='bbox 912 915 1040 982; x_wconf 88' lang='lat' dir='ltr'><strong>fuit,</strong></span> <span class='ocrx_word' id='word_1_101' title='bbox 1103 920 1163 971; x_wconf 90' lang='lat' dir='ltr'><strong>et</strong></span> <span class='ocrx_word' id='word_1_102' title='bbox 1207 914 1288 971; x_wconf 92' lang='lat' dir='ltr'><strong>ad</strong></span> <span class='ocrx_word' id='word_1_103' title='bbox 1323 914 1729 972; x_wconf 76' lang='lat' dir='ltr'><strong>voluntariam</strong></span> <span class='ocrx_word' id='word_1_104' title='bbox 1772 918 2028 971; x_wconf 88' lang='lat' dir='ltr'><strong>mortem</strong></span> <span class='ocrx_word' id='word_1_105' title='bbox 2085 931 2122 972; x_wconf 90' lang='lat' dir='ltr'><strong>a</strong></span> 
     </span>
    </p>
   </div>
   <div class='ocr_carea' id='block_1_15' title="bbox 2303 911 3901 993">
    <p class='ocr_par' dir='ltr' id='par_1_15' title="bbox 2303 911 3901 993">
     <span class='ocr_line' id='line_1_15' title="bbox 2303 911 3901 993; baseline 0.003 -27"><span class='ocrx_word' id='word_1_106' title='bbox 2303 911 2350 967; x_wconf 68' lang='lat' dir='ltr'><strong>i‘e</strong></span> <span class='ocrx_word' id='word_1_107' title='bbox 2390 914 2569 967; x_wconf 83' lang='grc' dir='ltr'>ἑαυτὸν</span> <span class='ocrx_word' id='word_1_108' title='bbox 2612 917 2902 988; x_wconf 78' lang='grc' dir='ltr'><strong>τεθυκότος,</strong></span> <span class='ocrx_word' id='word_1_109' title='bbox 2945 921 3034 970; x_wconf 85' lang='grc' dir='ltr'>καὶ</span> <span class='ocrx_word' id='word_1_110' title='bbox 3073 917 3145 981; x_wconf 85' lang='grc' dir='ltr'>εἰς</span> <span class='ocrx_word' id='word_1_111' title='bbox 3186 914 3400 989; x_wconf 76' lang='grc' dir='ltr'>σφαγὴν</span> <span class='ocrx_word' id='word_1_112' title='bbox 3439 919 3676 971; x_wconf 80' lang='grc' dir='ltr'>ἑκούσιον</span> <span class='ocrx_word' id='word_1_113' title='bbox 3703 938 3901 993; x_wconf 79' lang='grc' dir='ltr'>προτε-</span> 
     </span>
    </p>
   </div>
   <div class='ocr_carea' id='block_1_16' title="bbox 529 1006 2127 1067">
    <p class='ocr_par' dir='ltr' id='par_1_16' title="bbox 529 1006 724 1064">
     <span class='ocr_line' id='line_1_16' title="bbox 529 1006 724 1064; baseline 0 -1"><span class='ocrx_word' id='word_1_114' title='bbox 529 1006 724 1064; x_wconf 86' lang='lat' dir='ltr'><strong>cessit.</strong></span> 
     </span>
    </p>
   </div>
   <div class='ocr_carea' id='block_1_17' title="bbox 1900 1006 3498 1067">
    <p class='ocr_par' dir='ltr' id='par_1_17' title="bbox 2292 1006 3498 1067">
     <span class='ocr_line' id='line_1_17' title="bbox 2292 1006 3498 1067; baseline 0.003 -11"><span class='ocrx_word' id='word_1_115' title='bbox 2292 1006 2493 1057; x_wconf 83' lang='grc' dir='ltr'>θεικὸτο</span> <span class='ocrx_word' id='word_1_116' title='bbox 2502 1026 2543 1067; x_wconf 90' lang='grc' dir='ltr'>ς.</span> <span class='ocrx_word' id='word_1_117' title='bbox 3492 1012 3498 1015; x_wconf 72' lang='grc'><em>’</em></span> 
     </span>
    </p>
   </div>
   <div class='ocr_carea' id='block_1_18' title="bbox 1094 1110 3441 1187">
    <p class='ocr_par' dir='ltr' id='par_1_18' title="bbox 1094 1110 3441 1187">
     <span class='ocr_line' id='line_1_18' title="bbox 1094 1110 3441 1187; baseline 0.001 -20"><span class='ocrx_word' id='word_1_118' title='bbox 1094 1110 1302 1167; x_wconf 84' lang='lat' dir='ltr'><strong>Sancti</strong></span> <span class='ocrx_word' id='word_1_119' title='bbox 1323 1111 1607 1168; x_wconf 68' lang='grc' dir='ltr'>Μαπὺηί.</span> <span class='ocrx_word' id='word_1_120' title='bbox 1676 1116 1679 1117; x_wconf 18' lang='grc' dir='ltr'><em>ν</em></span> <span class='ocrx_word' id='word_1_121' title='bbox 2730 1119 2835 1167; x_wconf 86' lang='grc' dir='ltr'><strong>Τοῦ</strong></span> <span class='ocrx_word' id='word_1_122' title='bbox 2861 1114 3011 1186; x_wconf 82' lang='grc' dir='ltr'>ἁγίου</span> <span class='ocrx_word' id='word_1_123' title='bbox 3033 1113 3277 1187; x_wconf 82' lang='grc' dir='ltr'>Μαξίμου</span> <span class='ocrx_word' id='word_1_124' title='bbox 3310 1114 3441 1183; x_wconf 80' lang='grc'><strong>(14).</strong></span> 
     </span>
    </p>
   </div>
   <div class='ocr_carea' id='block_1_19' title="bbox 598 1215 2196 1294">
    <p class='ocr_par' dir='ltr' id='par_1_19' title="bbox 598 1215 2182 1291">
     <span class='ocr_line' id='line_1_19' title="bbox 598 1215 2182 1291; baseline -0.002 -14"><span class='ocrx_word' id='word_1_125' title='bbox 598 1219 704 1277; x_wconf 89' lang='lat' dir='ltr'><strong>Dei</strong></span> <span class='ocrx_word' id='word_1_126' title='bbox 732 1218 990 1275; x_wconf 83' lang='lat' dir='ltr'><strong>Verbum</strong></span> <span class='ocrx_word' id='word_1_127' title='bbox 1024 1215 1210 1274; x_wconf 86' lang='lat' dir='ltr'><strong>semel</strong></span> <span class='ocrx_word' id='word_1_128' title='bbox 1236 1217 1299 1272; x_wconf 91' lang='lat' dir='ltr'><strong>in</strong></span> <span class='ocrx_word' id='word_1_129' title='bbox 1337 1232 1516 1273; x_wconf 88' lang='lat' dir='ltr'><strong>carne</strong></span> <span class='ocrx_word' id='word_1_130' title='bbox 1539 1218 1771 1281; x_wconf 87' lang='lat' dir='ltr'><strong>natum,</strong></span> <span class='ocrx_word' id='word_1_131' title='bbox 1803 1217 1898 1273; x_wconf 87' lang='lat' dir='ltr'><strong>his</strong></span> <span class='ocrx_word' id='word_1_132' title='bbox 1933 1218 2182 1291; x_wconf 89' lang='lat' dir='ltr'><strong>quidem</strong></span> 
     </span>
    </p>
   </div>
   <div class='ocr_carea' id='block_1_20' title="bbox 2299 1215 3897 1294">
    <p class='ocr_par' dir='ltr' id='par_1_20' title="bbox 2358 1219 3897 1294">
     <span class='ocr_line' id='line_1_20' title="bbox 2358 1219 3897 1294; baseline 0.001 -24"><span class='ocrx_word' id='word_1_133' title='bbox 2358 1219 2418 1270; x_wconf 86' lang='grc'><strong>’0</strong></span> <span class='ocrx_word' id='word_1_134' title='bbox 2446 1225 2539 1270; x_wconf 87' lang='grc' dir='ltr'><strong>τοῦ</strong></span> <span class='ocrx_word' id='word_1_135' title='bbox 2583 1225 2718 1273; x_wconf 88' lang='grc' dir='ltr'>Θεοῦ</span> <span class='ocrx_word' id='word_1_136' title='bbox 2760 1225 2952 1292; x_wconf 89' lang='grc' dir='ltr'>Λόγος,</span> <span class='ocrx_word' id='word_1_137' title='bbox 2983 1220 3184 1292; x_wconf 78' lang='grc' dir='ltr'><strong>ἐφάπαξ</strong></span> <span class='ocrx_word' id='word_1_138' title='bbox 3221 1222 3359 1273; x_wconf 85' lang='grc' dir='ltr'>κατὰ</span> <span class='ocrx_word' id='word_1_139' title='bbox 3398 1222 3573 1294; x_wconf 80' lang='grc' dir='ltr'>σάρκα</span> <span class='ocrx_word' id='word_1_140' title='bbox 3607 1221 3897 1291; x_wconf 79' lang='grc' dir='ltr'>γεννηθεὶς,</span> 
     </span>
    </p>
   </div>
   <div class='ocr_carea' id='block_1_21' title="bbox 530 1304 2128 1384">
    <p class='ocr_par' dir='ltr' id='par_1_21' title="bbox 530 1304 2128 1382">
     <span class='ocr_line' id='line_1_21' title="bbox 530 1304 2128 1382; baseline -0.004 -15"><span class='ocrx_word' id='word_1_141' title='bbox 530 1308 636 1382; x_wconf 79' lang='lat' dir='ltr'><strong>qui</strong></span> <span class='ocrx_word' id='word_1_142' title='bbox 663 1307 895 1371; x_wconf 76' lang='lat' dir='ltr'><strong>volunt,</strong></span> <span class='ocrx_word' id='word_1_143' title='bbox 915 1311 1129 1380; x_wconf 86' lang='lat' dir='ltr'><strong>sponte</strong></span> <span class='ocrx_word' id='word_1_144' title='bbox 1155 1305 1234 1361; x_wconf 94' lang='lat' dir='ltr'><strong>ob</strong></span> <span class='ocrx_word' id='word_1_145' title='bbox 1267 1320 1444 1360; x_wconf 90' lang='lat' dir='ltr'><strong>suam</strong></span> <span class='ocrx_word' id='word_1_146' title='bbox 1468 1320 1608 1376; x_wconf 83' lang='lat' dir='ltr'><strong>erga</strong></span> <span class='ocrx_word' id='word_1_147' title='bbox 1627 1304 1904 1361; x_wconf 87' lang='lat' dir='ltr'><strong>homines</strong></span> <span class='ocrx_word' id='word_1_148' title='bbox 1930 1306 2128 1362; x_wconf 79' lang='lat' dir='ltr'><strong>charit:</strong></span> 
     </span>
    </p>
   </div>
   <div class='ocr_carea' id='block_1_22' title="bbox 2302 1304 3900 1384">
    <p class='ocr_par' dir='ltr' id='par_1_22' title="bbox 2302 1305 3900 1384">
     <span class='ocr_line' id='line_1_22' title="bbox 2302 1305 3900 1384; baseline 0.001 -26"><span class='ocrx_word' id='word_1_149' title='bbox 2302 1306 2368 1359; x_wconf 76' lang='grc' dir='ltr'>Ξιεὶ</span> <span class='ocrx_word' id='word_1_150' title='bbox 2392 1313 2653 1379; x_wconf 78' lang='grc' dir='ltr'>γεννᾶται,</span> <span class='ocrx_word' id='word_1_151' title='bbox 2693 1308 2845 1361; x_wconf 81' lang='grc' dir='ltr'><strong>θέλων</strong></span> <span class='ocrx_word' id='word_1_152' title='bbox 2869 1312 3005 1361; x_wconf 81' lang='grc' dir='ltr'>κατὰ</span> <span class='ocrx_word' id='word_1_153' title='bbox 3033 1317 3235 1382; x_wconf 70' lang='grc' dir='ltr'>πνεῦμα</span> <span class='ocrx_word' id='word_1_154' title='bbox 3259 1305 3353 1362; x_wconf 78' lang='grc' dir='ltr'><strong>διὰ</strong></span> <span class='ocrx_word' id='word_1_155' title='bbox 3373 1307 3756 1384; x_wconf 73' lang='grc' dir='ltr'><strong>φιλανθρωπίαν</strong></span> <span class='ocrx_word' id='word_1_156' title='bbox 3778 1316 3900 1370; x_wconf 82' lang='grc' dir='ltr'>τοῖς</span> 
     </span>
    </p>
   </div>
   <div class='ocr_carea' id='block_1_23' title="bbox 527 1393 2125 1473">
    <p class='ocr_par' dir='ltr' id='par_1_23' title="bbox 527 1393 2125 1468">
     <span class='ocr_line' id='line_1_23' title="bbox 527 1393 2125 1468; baseline -0.003 -14"><span class='ocrx_word' id='word_1_157' title='bbox 527 1400 652 1454; x_wconf 87' lang='lat' dir='ltr'><strong>tem</strong></span> <span class='ocrx_word' id='word_1_158' title='bbox 694 1411 932 1468; x_wconf 87' lang='lat' dir='ltr'><strong>semper</strong></span> <span class='ocrx_word' id='word_1_159' title='bbox 979 1393 1329 1451; x_wconf 82' lang='lat' dir='ltr'><strong>renascitur.</strong></span> <span class='ocrx_word' id='word_1_160' title='bbox 1372 1394 1575 1466; x_wconf 84' lang='lat' dir='ltr'><strong>Fitque</strong></span> <span class='ocrx_word' id='word_1_161' title='bbox 1621 1393 1838 1458; x_wconf 89' lang='lat' dir='ltr'><strong>infans,</strong></span> <span class='ocrx_word' id='word_1_162' title='bbox 1874 1410 1937 1450; x_wconf 91' lang='lat' dir='ltr'><strong>se</strong></span> <span class='ocrx_word' id='word_1_163' title='bbox 1979 1393 2125 1467; x_wconf 83' lang='lat' dir='ltr'><strong>ipqu</strong></span> 
     </span>
    </p>
   </div>
   <div class='ocr_carea' id='block_1_24' title="bbox 2303 1393 3901 1473">
    <p class='ocr_par' dir='ltr' id='par_1_24' title="bbox 2303 1396 3901 1473">
     <span class='ocr_line' id='line_1_24' title="bbox 2303 1396 3901 1473; baseline 0.002 -25"><span class='ocrx_word' id='word_1_164' title='bbox 2303 1396 2499 1449; x_wconf 60' lang='grc' dir='ltr'>θέλουσι</span> <span class='ocrx_word' id='word_1_165' title='bbox 2557 1414 2571 1426; x_wconf 87' lang='grc'><strong>·</strong></span> <span class='ocrx_word' id='word_1_166' title='bbox 2641 1402 2731 1450; x_wconf 84' lang='grc' dir='ltr'>καὶ</span> <span class='ocrx_word' id='word_1_167' title='bbox 2786 1402 2985 1470; x_wconf 84' lang='grc' dir='ltr'>γίνεται</span> <span class='ocrx_word' id='word_1_168' title='bbox 3048 1397 3241 1473; x_wconf 82' lang='grc' dir='ltr'>βρέφος</span> <span class='ocrx_word' id='word_1_169' title='bbox 3308 1398 3487 1452; x_wconf 81' lang='grc' dir='ltr'>ἑαυτὸν</span> <span class='ocrx_word' id='word_1_170' title='bbox 3550 1397 3598 1451; x_wconf 69' lang='grc' dir='ltr'>ἐν</span> <span class='ocrx_word' id='word_1_171' title='bbox 3681 1398 3901 1458; x_wconf 83' lang='grc' dir='ltr'>ἐκείνοις</span> 
     </span>
    </p>
   </div>
   <div class='ocr_carea' id='block_1_25' title="bbox 528 1481 2126 1563">
    <p class='ocr_par' dir='ltr' id='par_1_25' title="bbox 528 1481 2126 1555">
     <span class='ocr_line' id='line_1_25' title="bbox 528 1481 2126 1555; baseline -0.003 -14"><span class='ocrx_word' id='word_1_172' title='bbox 528 1484 842 1541; x_wconf 82' lang='lat' dir='ltr'><strong>virtutibus</strong></span> <span class='ocrx_word' id='word_1_173' title='bbox 876 1482 1263 1555; x_wconf 86' lang='lat' dir='ltr'><strong>corporaliter</strong></span> <span class='ocrx_word' id='word_1_174' title='bbox 1303 1481 1366 1537; x_wconf 89' lang='lat' dir='ltr'><strong>in</strong></span> <span class='ocrx_word' id='word_1_175' title='bbox 1406 1481 1523 1537; x_wconf 91' lang='lat' dir='ltr'><strong>illis</strong></span> <span class='ocrx_word' id='word_1_176' title='bbox 1569 1481 1884 1554; x_wconf 85' lang='lat' dir='ltr'><strong>efﬁngens,</strong></span> <span class='ocrx_word' id='word_1_177' title='bbox 1917 1486 2126 1539; x_wconf 77' lang='lat' dir='ltr'><strong>tantum</strong></span> 
     </span>
    </p>
   </div>
   <div class='ocr_carea' id='block_1_26' title="bbox 2303 1481 3901 1563">
    <p class='ocr_par' dir='ltr' id='par_1_26' title="bbox 2303 1481 3901 1563">
     <span class='ocr_line' id='line_1_26' title="bbox 2303 1481 3901 1563; baseline 0.003 -27"><span class='ocrx_word' id='word_1_178' title='bbox 2303 1481 2599 1558; x_wconf 74' lang='grc' dir='ltr'>τωματικῶς</span> <span class='ocrx_word' id='word_1_179' title='bbox 2656 1482 2987 1539; x_wconf 76' lang='grc' dir='ltr'>διαπλάττων</span> <span class='ocrx_word' id='word_1_180' title='bbox 3048 1494 3165 1550; x_wconf 87' lang='grc' dir='ltr'>ταῖς</span> <span class='ocrx_word' id='word_1_181' title='bbox 3216 1488 3441 1563; x_wconf 83' lang='grc' dir='ltr'>ἀρεταῖς,</span> <span class='ocrx_word' id='word_1_182' title='bbox 3502 1491 3591 1539; x_wconf 80' lang='grc' dir='ltr'>καὶ</span> <span class='ocrx_word' id='word_1_183' title='bbox 3640 1494 3901 1540; x_wconf 81' lang='grc' dir='ltr'>τοσοῦτον</span> 
     </span>
    </p>
   </div>
   <div class='ocr_carea' id='block_1_27' title="bbox 527 1571 2125 1649">
    <p class='ocr_par' dir='ltr' id='par_1_27' title="bbox 527 1571 2123 1649">
     <span class='ocr_line' id='line_1_27' title="bbox 527 1571 2123 1649; baseline -0.001 -21"><span class='ocrx_word' id='word_1_184' title='bbox 527 1582 647 1649; x_wconf 85' lang='lat' dir='ltr'><strong>que</strong></span> <span class='ocrx_word' id='word_1_185' title='bbox 687 1589 752 1629; x_wconf 89' lang='lat' dir='ltr'><strong>se</strong></span> <span class='ocrx_word' id='word_1_186' title='bbox 792 1573 1186 1628; x_wconf 86' lang='lat' dir='ltr'><strong>demontrans</strong></span> <span class='ocrx_word' id='word_1_187' title='bbox 1225 1575 1523 1643; x_wconf 87' lang='lat' dir='ltr'><strong>quantum</strong></span> <span class='ocrx_word' id='word_1_188' title='bbox 1557 1571 1861 1627; x_wconf 89' lang='lat' dir='ltr'><strong>continere</strong></span> <span class='ocrx_word' id='word_1_189' title='bbox 1900 1571 2057 1628; x_wconf 87' lang='lat' dir='ltr'><strong>valet</strong></span> <span class='ocrx_word' id='word_1_190' title='bbox 2084 1571 2123 1627; x_wconf 92' lang='lat' dir='ltr'><strong>il</strong></span> 
     </span>
    </p>
   </div>
   <div class='ocr_carea' id='block_1_28' title="bbox 2301 1571 3899 1649">
    <p class='ocr_par' dir='ltr' id='par_1_28' title="bbox 2301 1572 3899 1649">
     <span class='ocr_line' id='line_1_28' title="bbox 2301 1572 3899 1649; baseline 0.001 -24"><span class='ocrx_word' id='word_1_191' title='bbox 2301 1578 2586 1647; x_wconf 68' lang='grc' dir='ltr'>μαινόμενος</span> <span class='ocrx_word' id='word_1_192' title='bbox 2647 1577 2768 1627; x_wconf 88' lang='grc' dir='ltr'>ὅσον</span> <span class='ocrx_word' id='word_1_193' title='bbox 2823 1583 3016 1649; x_wconf 79' lang='grc' dir='ltr'><strong>χωρεῖν</strong></span> <span class='ocrx_word' id='word_1_194' title='bbox 3084 1575 3362 1629; x_wconf 72' lang='grc' dir='ltr'>ἐπίσταται</span> <span class='ocrx_word' id='word_1_195' title='bbox 3425 1579 3511 1629; x_wconf 86' lang='grc' dir='ltr'><strong>τόν</strong></span> <span class='ocrx_word' id='word_1_196' title='bbox 3578 1572 3899 1648; x_wconf 75' lang='grc' dir='ltr'><strong>δεχόμενον,</strong></span> 
     </span>
    </p>
   </div>
   <div class='ocr_carea' id='block_1_29' title="bbox 529 1656 2127 1738">
    <p class='ocr_par' dir='ltr' id='par_1_29' title="bbox 529 1656 2127 1738">
     <span class='ocr_line' id='line_1_29' title="bbox 529 1656 2127 1738; baseline -0.002 -20"><span class='ocrx_word' id='word_1_197' title='bbox 529 1656 635 1738; x_wconf 76' lang='lat' dir='ltr'><strong>qui</strong></span> <span class='ocrx_word' id='word_1_198' title='bbox 663 1662 823 1734; x_wconf 89' lang='lat' dir='ltr'><strong>capit</strong></span> <span class='ocrx_word' id='word_1_199' title='bbox 854 1680 868 1730; x_wconf 91' lang='lat'><strong>;</strong></span> <span class='ocrx_word' id='word_1_200' title='bbox 894 1660 1058 1717; x_wconf 88' lang='lat' dir='ltr'><strong>haud</strong></span> <span class='ocrx_word' id='word_1_201' title='bbox 1082 1674 1226 1715; x_wconf 88' lang='lat' dir='ltr'><strong>sane</strong></span> <span class='ocrx_word' id='word_1_202' title='bbox 1250 1659 1474 1714; x_wconf 87' lang='lat' dir='ltr'><strong>invidia</strong></span> <span class='ocrx_word' id='word_1_203' title='bbox 1502 1658 1706 1732; x_wconf 89' lang='lat' dir='ltr'><strong>aliqua</strong></span> <span class='ocrx_word' id='word_1_204' title='bbox 1736 1676 1857 1715; x_wconf 75' lang='lat' dir='ltr'><strong>suae</strong></span> <span class='ocrx_word' id='word_1_205' title='bbox 1880 1661 2127 1731; x_wconf 71' lang='lat' dir='ltr'><strong>magnitt</strong></span> 
     </span>
    </p>
   </div>
   <div class='ocr_carea' id='block_1_30' title="bbox 2306 1656 3904 1738">
    <p class='ocr_par' dir='ltr' id='par_1_30' title="bbox 2306 1661 3904 1738">
     <span class='ocr_line' id='line_1_30' title="bbox 2306 1661 3904 1738; baseline 0.004 -27"><span class='ocrx_word' id='word_1_206' title='bbox 2306 1661 2346 1713; x_wconf 60' lang='lat' dir='ltr'><strong>ni</strong></span> <span class='ocrx_word' id='word_1_207' title='bbox 2395 1664 2562 1735; x_wconf 81' lang='grc' dir='ltr'>φθόνῳ</span> <span class='ocrx_word' id='word_1_208' title='bbox 2614 1667 2908 1738; x_wconf 79' lang='grc' dir='ltr'>σμικρύνων</span> <span class='ocrx_word' id='word_1_209' title='bbox 2974 1671 3066 1716; x_wconf 88' lang='grc' dir='ltr'><strong>τοῦ</strong></span> <span class='ocrx_word' id='word_1_210' title='bbox 3119 1664 3310 1718; x_wconf 83' lang='grc' dir='ltr'>οἰκείου</span> <span class='ocrx_word' id='word_1_211' title='bbox 3360 1666 3603 1738; x_wconf 84' lang='grc' dir='ltr'>μεγέθους</span> <span class='ocrx_word' id='word_1_212' title='bbox 3648 1670 3763 1732; x_wconf 81' lang='grc' dir='ltr'>τὴν,</span> <span class='ocrx_word' id='word_1_213' title='bbox 3813 1667 3904 1717; x_wconf 77' lang='grc' dir='ltr'><strong>ἔκ-</strong></span> 
     </span>
    </p>
   </div>
   <div class='ocr_carea' id='block_1_31' title="bbox 531 1732 2129 1827">
    <p class='ocr_par' dir='ltr' id='par_1_31' title="bbox 531 1732 2129 1827">
     <span class='ocr_line' id='line_1_31' title="bbox 531 1732 2129 1827; baseline -0.001 -21"><span class='ocrx_word' id='word_1_214' title='bbox 531 1732 690 1827; x_wconf 71' lang='lat' dir='ltr'><strong>dinis</strong></span> <span class='ocrx_word' id='word_1_215' title='bbox 734 1732 997 1824; x_wconf 75' lang='lat' dir='ltr'><strong>speciem</strong></span> <span class='ocrx_word' id='word_1_216' title='bbox 1050 1748 1351 1811; x_wconf 90' lang='lat' dir='ltr'><strong>minuens,</strong></span> <span class='ocrx_word' id='word_1_217' title='bbox 1393 1747 1497 1803; x_wconf 88' lang='lat' dir='ltr'><strong>sed</strong></span> <span class='ocrx_word' id='word_1_218' title='bbox 1549 1748 1696 1821; x_wconf 89' lang='lat' dir='ltr'><strong>quia</strong></span> <span class='ocrx_word' id='word_1_219' title='bbox 1740 1750 1962 1805; x_wconf 87' lang='lat' dir='ltr'><strong>trutina</strong></span> <span class='ocrx_word' id='word_1_220' title='bbox 2003 1749 2129 1804; x_wconf 88' lang='lat' dir='ltr'><strong>velu</strong></span> 
     </span>
    </p>
   </div>
   <div class='ocr_carea' id='block_1_32' title="bbox 2300 1732 3898 1827">
    <p class='ocr_par' dir='ltr' id='par_1_32' title="bbox 2300 1732 3898 1826">
     <span class='ocr_line' id='line_1_32' title="bbox 2300 1732 3898 1826; baseline 0.004 -25"><span class='ocrx_word' id='word_1_221' title='bbox 2300 1732 2498 1821; x_wconf 77' lang='grc' dir='ltr'>ρανσιν,</span> <span class='ocrx_word' id='word_1_222' title='bbox 2534 1732 2685 1804; x_wconf 56' lang='grc' dir='ltr'><strong>⁷ἀλλα</strong></span> <span class='ocrx_word' id='word_1_223' title='bbox 2740 1732 2912 1825; x_wconf 74' lang='grc' dir='ltr'>μέτρῳ</span> <span class='ocrx_word' id='word_1_224' title='bbox 2968 1754 3272 1825; x_wconf 80' lang='grc' dir='ltr'>σταθμίζων</span> <span class='ocrx_word' id='word_1_225' title='bbox 3344 1732 3441 1805; x_wconf 52' lang='grc' dir='ltr'>τῶν</span> <span class='ocrx_word' id='word_1_226' title='bbox 3522 1754 3643 1826; x_wconf 83' lang='grc' dir='ltr'>ὁρᾲν</span> <span class='ocrx_word' id='word_1_227' title='bbox 3725 1753 3898 1824; x_wconf 74' lang='grc' dir='ltr'><strong>[οοά.</strong></span> 
     </span>
    </p>
   </div>
   <div class='ocr_carea' id='block_1_33' title="bbox 530 1836 2128 1915">
    <p class='ocr_par' dir='ltr' id='par_1_33' title="bbox 530 1836 2128 1910">
     <span class='ocr_line' id='line_1_33' title="bbox 530 1836 2128 1910; baseline -0.001 -14"><span class='ocrx_word' id='word_1_228' title='bbox 530 1837 1088 1897; x_wconf 84' lang='lat' dir='ltr'><strong>examinatillorum</strong></span> <span class='ocrx_word' id='word_1_229' title='bbox 1119 1836 1224 1909; x_wconf 90' lang='lat' dir='ltr'><strong>qui</strong></span> <span class='ocrx_word' id='word_1_230' title='bbox 1253 1852 1315 1891; x_wconf 89' lang='lat' dir='ltr'><strong>se</strong></span> <span class='ocrx_word' id='word_1_231' title='bbox 1351 1836 1550 1892; x_wconf 88' lang='lat' dir='ltr'><strong>videre</strong></span> <span class='ocrx_word' id='word_1_232' title='bbox 1580 1837 1833 1910; x_wconf 89' lang='lat' dir='ltr'><strong>cupiunt</strong></span> <span class='ocrx_word' id='word_1_233' title='bbox 1865 1838 2128 1894; x_wconf 85' lang='lat' dir='ltr'><strong>virtutcn:</strong></span> 
     </span>
    </p>
   </div>
   <div class='ocr_carea' id='block_1_34' title="bbox 2305 1836 3903 1915">
    <p class='ocr_par' dir='ltr' id='par_1_34' title="bbox 2305 1838 3903 1915">
     <span class='ocr_line' id='line_1_34' title="bbox 2305 1838 3903 1915; baseline 0.003 -26"><span class='ocrx_word' id='word_1_234' title='bbox 2305 1839 2426 1913; x_wconf 79' lang='grc' dir='ltr'>Ξρᾴν]</span> <span class='ocrx_word' id='word_1_235' title='bbox 2452 1843 2747 1893; x_wconf 77' lang='grc' dir='ltr'>ποθούντων</span> <span class='ocrx_word' id='word_1_236' title='bbox 2774 1847 2861 1900; x_wconf 79' lang='grc' dir='ltr'>τὴν</span> <span class='ocrx_word' id='word_1_237' title='bbox 2895 1838 3117 1915; x_wconf 80' lang='grc' dir='ltr'>δύναμιν</span> <span class='ocrx_word' id='word_1_238' title='bbox 3136 1859 3148 1872; x_wconf 92' lang='lat'><strong>&#39;</strong></span> <span class='ocrx_word' id='word_1_239' title='bbox 3178 1844 3338 1902; x_wconf 77' lang='grc' dir='ltr'>οὕτως</span> <span class='ocrx_word' id='word_1_240' title='bbox 3358 1841 3438 1894; x_wconf 78' lang='grc' dir='ltr'>ἀεὶ</span> <span class='ocrx_word' id='word_1_241' title='bbox 3462 1847 3760 1915; x_wconf 74' lang='grc' dir='ltr'>φαινόμενος</span> <span class='ocrx_word' id='word_1_242' title='bbox 3780 1851 3903 1905; x_wconf 82' lang='grc' dir='ltr'>τοῖς</span> 
     </span>
    </p>
   </div>
   <div class='ocr_carea' id='block_1_35' title="bbox 532 1924 2130 2004">
    <p class='ocr_par' dir='ltr' id='par_1_35' title="bbox 532 1924 2130 2000">
     <span class='ocr_line' id='line_1_35' title="bbox 532 1924 2130 2000; baseline -0.002 -16"><span class='ocrx_word' id='word_1_243' title='bbox 532 1928 626 1985; x_wconf 93' lang='lat' dir='ltr'><strong>Sic</strong></span> <span class='ocrx_word' id='word_1_244' title='bbox 644 1927 824 2000; x_wconf 80' lang='lat' dir='ltr'><strong>igitur</strong></span> <span class='ocrx_word' id='word_1_245' title='bbox 853 1941 1090 1998; x_wconf 91' lang='lat' dir='ltr'><strong>semper</strong></span> <span class='ocrx_word' id='word_1_246' title='bbox 1118 1939 1438 1998; x_wconf 86' lang='lat' dir='ltr'><strong>apparens,</strong></span> <span class='ocrx_word' id='word_1_247' title='bbox 1470 1939 1580 1996; x_wconf 92' lang='lat' dir='ltr'><strong>pro</strong></span> <span class='ocrx_word' id='word_1_248' title='bbox 1606 1924 2019 1998; x_wconf 88' lang='lat' dir='ltr'><strong>recipientium</strong></span> <span class='ocrx_word' id='word_1_249' title='bbox 2051 1941 2130 1981; x_wconf 66' lang='lat' dir='ltr'><strong>me</strong></span> 
     </span>
    </p>
   </div>
   <div class='ocr_carea' id='block_1_36' title="bbox 2306 1924 3904 2004">
    <p class='ocr_par' dir='ltr' id='par_1_36' title="bbox 2306 1927 3904 2004">
     <span class='ocr_line' id='line_1_36' title="bbox 2306 1927 3904 2004; baseline 0.003 -24"><span class='ocrx_word' id='word_1_250' title='bbox 2306 1935 2501 2004; x_wconf 69' lang='grc' dir='ltr'>τρόποις</span> <span class='ocrx_word' id='word_1_251' title='bbox 2538 1939 2637 1982; x_wconf 85' lang='grc' dir='ltr'>τῶν</span> <span class='ocrx_word' id='word_1_252' title='bbox 2684 1934 2925 2004; x_wconf 86' lang='grc' dir='ltr'>μετόχων</span> <span class='ocrx_word' id='word_1_253' title='bbox 2964 1933 2989 1983; x_wconf 89' lang='grc' dir='ltr'><strong><em>ὁ</em></strong></span> <span class='ocrx_word' id='word_1_254' title='bbox 3034 1936 3128 1984; x_wconf 86' lang='grc' dir='ltr'><strong>τόῦ</strong></span> <span class='ocrx_word' id='word_1_255' title='bbox 3168 1940 3302 1985; x_wconf 85' lang='grc' dir='ltr'>Θεοῦ</span> <span class='ocrx_word' id='word_1_256' title='bbox 3335 1936 3520 2004; x_wconf 86' lang='grc' dir='ltr'>Λόγος,</span> <span class='ocrx_word' id='word_1_257' title='bbox 3554 1931 3627 1984; x_wconf 72' lang='grc' dir='ltr'><strong>ἀεὶ</strong></span> <span class='ocrx_word' id='word_1_258' title='bbox 3656 1927 3690 1983; x_wconf 86' lang='grc' dir='ltr'><em>δ</em></span> <span class='ocrx_word' id='word_1_259' title='bbox 3697 1937 3904 2004; x_wconf 84' lang='grc' dir='ltr'>ιαμένει</span> 
     </span>
    </p>
   </div>
   <div class='ocr_carea' id='block_1_37' title="bbox 528 2013 2126 2097">
    <p class='ocr_par' dir='ltr' id='par_1_37' title="bbox 528 2013 2126 2088">
     <span class='ocr_line' id='line_1_37' title="bbox 528 2013 2126 2088; baseline -0.001 -15"><span class='ocrx_word' id='word_1_260' title='bbox 528 2016 643 2073; x_wconf 80' lang='lat' dir='ltr'><strong>rito</strong></span> <span class='ocrx_word' id='word_1_261' title='bbox 686 2016 789 2072; x_wconf 92' lang='lat' dir='ltr'><strong>Dei</strong></span> <span class='ocrx_word' id='word_1_262' title='bbox 830 2013 1110 2079; x_wconf 88' lang='lat' dir='ltr'><strong>Verbum,</strong></span> <span class='ocrx_word' id='word_1_263' title='bbox 1145 2029 1385 2086; x_wconf 90' lang='lat' dir='ltr'><strong>semper</strong></span> <span class='ocrx_word' id='word_1_264' title='bbox 1408 2019 1611 2070; x_wconf 89' lang='lat' dir='ltr'><strong>manet</strong></span> <span class='ocrx_word' id='word_1_265' title='bbox 1638 2029 1746 2087; x_wconf 88' lang='lat' dir='ltr'><strong>per</strong></span> <span class='ocrx_word' id='word_1_266' title='bbox 1782 2015 2050 2088; x_wconf 86' lang='lat' dir='ltr'><strong>mysterii</strong></span> <span class='ocrx_word' id='word_1_267' title='bbox 2080 2031 2126 2072; x_wconf 70' lang='lat' dir='ltr'><strong>e1</strong></span> 
     </span>
    </p>
   </div>
   <div class='ocr_carea' id='block_1_38' title="bbox 2299 2013 3897 2097">
    <p class='ocr_par' dir='ltr' id='par_1_38' title="bbox 2299 2018 3897 2097">
     <span class='ocr_line' id='line_1_38' title="bbox 2299 2018 3897 2097; baseline 0.002 -28"><span class='ocrx_word' id='word_1_268' title='bbox 2299 2021 2422 2071; x_wconf 83' lang='grc' dir='ltr'>ιατὰ</span> <span class='ocrx_word' id='word_1_269' title='bbox 2443 2024 2536 2078; x_wconf 74' lang='grc' dir='ltr'>τὴν</span> <span class='ocrx_word' id='word_1_270' title='bbox 2567 2019 2845 2093; x_wconf 76' lang='grc' dir='ltr'>ὑπερϐολὴν</span> <span class='ocrx_word' id='word_1_271' title='bbox 2875 2027 2968 2072; x_wconf 86' lang='grc' dir='ltr'><strong>τοῦ</strong></span> <span class='ocrx_word' id='word_1_272' title='bbox 2998 2025 3292 2097; x_wconf 77' lang='grc' dir='ltr'>μυστηρίου</span> <span class='ocrx_word' id='word_1_273' title='bbox 3320 2028 3426 2083; x_wconf 87' lang='grc' dir='ltr'>τοῖς</span> <span class='ocrx_word' id='word_1_274' title='bbox 3448 2028 3608 2073; x_wconf 77' lang='grc' dir='ltr'>πᾶσιν</span> <span class='ocrx_word' id='word_1_275' title='bbox 3638 2018 3862 2084; x_wconf 76' lang='grc' dir='ltr'>ἀθέατος</span> <span class='ocrx_word' id='word_1_276' title='bbox 3882 2040 3897 2051; x_wconf 85' lang='grc'><em>’</em></span> 
     </span>
    </p>
   </div>
   <div class='ocr_carea' id='block_1_39' title="bbox 529 2101 2127 2185">
    <p class='ocr_par' dir='ltr' id='par_1_39' title="bbox 529 2101 2127 2176">
     <span class='ocr_line' id='line_1_39' title="bbox 529 2101 2127 2176; baseline -0.001 -15"><span class='ocrx_word' id='word_1_277' title='bbox 529 2101 1229 2161; x_wconf 69' lang='lat' dir='ltr'><strong>cellentiam’invisibile.</strong></span> <span class='ocrx_word' id='word_1_278' title='bbox 1272 2101 1438 2158; x_wconf 88' lang='lat' dir='ltr'><strong>Unde</strong></span> <span class='ocrx_word' id='word_1_279' title='bbox 1487 2102 1789 2174; x_wconf 88' lang='lat' dir='ltr'><strong>sapienter</strong></span> <span class='ocrx_word' id='word_1_280' title='bbox 1816 2102 1994 2157; x_wconf 90' lang='lat' dir='ltr'><strong>divus</strong></span> <span class='ocrx_word' id='word_1_281' title='bbox 2033 2119 2127 2176; x_wconf 62' lang='lat' dir='ltr'><strong>apt</strong></span> 
     </span>
    </p>
   </div>
   <div class='ocr_carea' id='block_1_40' title="bbox 2302 2101 3900 2185">
    <p class='ocr_par' dir='ltr' id='par_1_40' title="bbox 2302 2108 3900 2185">
     <span class='ocr_line' id='line_1_40' title="bbox 2302 2108 3900 2185; baseline 0.001 -26"><span class='ocrx_word' id='word_1_282' title='bbox 2302 2108 2399 2160; x_wconf 76' lang='grc' dir='ltr'>ἰθεν</span> <span class='ocrx_word' id='word_1_283' title='bbox 2452 2116 2621 2180; x_wconf 85' lang='grc' dir='ltr'>σοφῶς</span> <span class='ocrx_word' id='word_1_284' title='bbox 2662 2116 2754 2160; x_wconf 85' lang='grc' dir='ltr'><strong>τοῦ</strong></span> <span class='ocrx_word' id='word_1_285' title='bbox 2810 2113 3108 2185; x_wconf 80' lang='grc' dir='ltr'>μυστηρίου</span> <span class='ocrx_word' id='word_1_286' title='bbox 3168 2110 3193 2162; x_wconf 85' lang='grc' dir='ltr'><strong><em>ὃ</em></strong></span> <span class='ocrx_word' id='word_1_287' title='bbox 3245 2111 3375 2172; x_wconf 88' lang='grc' dir='ltr'>θεῖος</span> <span class='ocrx_word' id='word_1_288' title='bbox 3442 2109 3728 2172; x_wconf 76' lang='grc' dir='ltr'>ἀπόστολος</span> <span class='ocrx_word' id='word_1_289' title='bbox 3794 2115 3900 2167; x_wconf 82' lang='grc' dir='ltr'>τὴν</span> 
     </span>
    </p>
   </div>
   <div class='ocr_carea' id='block_1_41' title="bbox 528 2188 2126 2273">
    <p class='ocr_par' dir='ltr' id='par_1_41' title="bbox 528 2188 2126 2263">
     <span class='ocr_line' id='line_1_41' title="bbox 528 2188 2126 2263; baseline 0 -15"><span class='ocrx_word' id='word_1_290' title='bbox 528 2192 715 2248; x_wconf 88' lang='lat' dir='ltr'><strong>stolus</strong></span> <span class='ocrx_word' id='word_1_291' title='bbox 782 2189 1055 2263; x_wconf 85' lang='lat' dir='ltr'><strong>mysterii</strong></span> <span class='ocrx_word' id='word_1_292' title='bbox 1109 2189 1389 2245; x_wconf 85' lang='lat' dir='ltr'><strong>virtutem</strong></span> <span class='ocrx_word' id='word_1_293' title='bbox 1431 2188 1803 2257; x_wconf 88' lang='lat' dir='ltr'><strong>discernens,</strong></span> <span class='ocrx_word' id='word_1_294' title='bbox 1851 2191 1932 2246; x_wconf 87' lang='lat' dir='ltr'><strong>ait</strong></span> <span class='ocrx_word' id='word_1_295' title='bbox 1963 2206 1977 2243; x_wconf 89' lang='lat'><strong>:</strong></span> <span class='ocrx_word' id='word_1_296' title='bbox 2008 2193 2126 2248; x_wconf 80' lang='lat' dir='ltr'><strong>Jesz</strong></span> 
     </span>
    </p>
   </div>
   <div class='ocr_carea' id='block_1_42' title="bbox 2300 2188 3898 2273">
    <p class='ocr_par' dir='ltr' id='par_1_42' title="bbox 2300 2192 3898 2273">
     <span class='ocr_line' id='line_1_42' title="bbox 2300 2192 3898 2273; baseline 0.003 -26"><span class='ocrx_word' id='word_1_297' title='bbox 2300 2192 2511 2269; x_wconf 61' lang='grc' dir='ltr'>ἲῦναμιν</span> <span class='ocrx_word' id='word_1_298' title='bbox 2560 2193 2935 2257; x_wconf 78' lang='grc' dir='ltr'>ὃιασκοπὴσας</span> <span class='ocrx_word' id='word_1_299' title='bbox 2973 2200 3132 2270; x_wconf 83' lang='grc' dir='ltr'>φησίν</span> <span class='ocrx_word' id='word_1_300' title='bbox 3172 2215 3188 2231; x_wconf 91' lang='grc'>⁶</span> <span class='ocrx_word' id='word_1_301' title='bbox 3238 2201 3447 2260; x_wconf 77' lang='grc' dir='ltr'>Ἰησοῦς</span> <span class='ocrx_word' id='word_1_302' title='bbox 3488 2201 3721 2273; x_wconf 84' lang='grc' dir='ltr'>Χριστός</span> <span class='ocrx_word' id='word_1_303' title='bbox 3756 2199 3898 2269; x_wconf 74' lang='grc' dir='ltr'>χθὲς</span> 
     </span>
    </p>
   </div>
   <div class='ocr_carea' id='block_1_43' title="bbox 531 2276 2129 2358">
    <p class='ocr_par' dir='ltr' id='par_1_43' title="bbox 531 2276 2124 2349">
     <span class='ocr_line' id='line_1_43' title="bbox 531 2276 2124 2349; baseline -0.003 -10"><span class='ocrx_word' id='word_1_304' title='bbox 531 2282 807 2339; x_wconf 79' lang='lat' dir='ltr'><strong>Christus</strong></span> <span class='ocrx_word' id='word_1_305' title='bbox 840 2280 972 2336; x_wconf 84' lang='lat' dir='ltr'><strong>heri</strong></span> <span class='ocrx_word' id='word_1_306' title='bbox 1018 2284 1072 2334; x_wconf 82' lang='lat' dir='ltr'><strong>et</strong></span> <span class='ocrx_word' id='word_1_307' title='bbox 1117 2276 1311 2347; x_wconf 82' lang='lat' dir='ltr'><strong>hodie,</strong></span> <span class='ocrx_word' id='word_1_308' title='bbox 1355 2277 1629 2349; x_wconf 83' lang='lat' dir='ltr'><strong>idemque</strong></span> <span class='ocrx_word' id='word_1_309' title='bbox 1663 2279 1728 2333; x_wconf 85' lang='lat' dir='ltr'><strong>in</strong></span> <span class='ocrx_word' id='word_1_310' title='bbox 1778 2285 2067 2335; x_wconf 79' lang='lat' dir='ltr'><strong>aeternum</strong></span> <span class='ocrx_word' id='word_1_311' title='bbox 2109 2283 2124 2315; x_wconf 82' lang='grc'>¹</span> 
     </span>
    </p>
   </div>
   <div class='ocr_carea' id='block_1_44' title="bbox 2303 2276 3901 2358">
    <p class='ocr_par' dir='ltr' id='par_1_44' title="bbox 2303 2283 3901 2358">
     <span class='ocr_line' id='line_1_44' title="bbox 2303 2283 3901 2358; baseline 0.003 -23"><span class='ocrx_word' id='word_1_312' title='bbox 2303 2290 2377 2336; x_wconf 74' lang='lat' dir='ltr'><strong>tui</strong></span> <span class='ocrx_word' id='word_1_313' title='bbox 2409 2290 2631 2358; x_wconf 75' lang='grc' dir='ltr'>σήμερον</span> <span class='ocrx_word' id='word_1_314' title='bbox 2676 2286 2701 2336; x_wconf 91' lang='grc' dir='ltr'><strong>ό</strong></span> <span class='ocrx_word' id='word_1_315' title='bbox 2751 2284 2902 2347; x_wconf 73' lang='grc' dir='ltr'>αὐτὸς</span> <span class='ocrx_word' id='word_1_316' title='bbox 2950 2292 3039 2337; x_wconf 88' lang='grc' dir='ltr'>καὶ</span> <span class='ocrx_word' id='word_1_317' title='bbox 3079 2286 3149 2347; x_wconf 85' lang='grc' dir='ltr'><strong>είς</strong></span> <span class='ocrx_word' id='word_1_318' title='bbox 3194 2290 3314 2348; x_wconf 75' lang='grc' dir='ltr'>τοὺς</span> <span class='ocrx_word' id='word_1_319' title='bbox 3351 2287 3576 2349; x_wconf 86' lang='grc' dir='ltr'>αἰῶνας⁸</span> <span class='ocrx_word' id='word_1_320' title='bbox 3625 2283 3777 2347; x_wconf 80' lang='grc' dir='ltr'>εἰδὼς</span> <span class='ocrx_word' id='word_1_321' title='bbox 3809 2285 3901 2340; x_wconf 76' lang='grc' dir='ltr'><strong>ἀεὶ</strong></span> 
     </span>
    </p>
   </div>
   <div class='ocr_carea' id='block_1_45' title="bbox 527 2366 2125 2453">
    <p class='ocr_par' dir='ltr' id='par_1_45' title="bbox 527 2366 2125 2438">
     <span class='ocr_line' id='line_1_45' title="bbox 527 2366 2125 2438; baseline 0 -14"><span class='ocrx_word' id='word_1_322' title='bbox 527 2369 730 2425; x_wconf 90' lang='lat' dir='ltr'><strong>Sciens</strong></span> <span class='ocrx_word' id='word_1_323' title='bbox 766 2381 1004 2438; x_wconf 87' lang='lat' dir='ltr'><strong>semper</strong></span> <span class='ocrx_word' id='word_1_324' title='bbox 1051 2381 1282 2421; x_wconf 89' lang='lat' dir='ltr'><strong>novum</strong></span> <span class='ocrx_word' id='word_1_325' title='bbox 1333 2381 1466 2421; x_wconf 86' lang='lat' dir='ltr'><strong>esse</strong></span> <span class='ocrx_word' id='word_1_326' title='bbox 1518 2366 1875 2437; x_wconf 88' lang='lat' dir='ltr'><strong>mysterium</strong></span> <span class='ocrx_word' id='word_1_327' title='bbox 1919 2372 1977 2423; x_wconf 91' lang='lat' dir='ltr'><strong>et</strong></span> <span class='ocrx_word' id='word_1_328' title='bbox 2014 2368 2125 2424; x_wconf 77' lang='lat' dir='ltr'><strong>nui</strong></span> 
     </span>
    </p>
   </div>
   <div class='ocr_carea' id='block_1_46' title="bbox 2302 2366 3900 2453">
    <p class='ocr_par' dir='ltr' id='par_1_46' title="bbox 2302 2373 3900 2453">
     <span class='ocr_line' id='line_1_46' title="bbox 2302 2373 3900 2453; baseline 0.003 -29"><span class='ocrx_word' id='word_1_329' title='bbox 2302 2377 2461 2424; x_wconf 87' lang='grc' dir='ltr'>ιαινόν</span> <span class='ocrx_word' id='word_1_330' title='bbox 2539 2379 2850 2448; x_wconf 80' lang='grc' dir='ltr'>μυστήριον,</span> <span class='ocrx_word' id='word_1_331' title='bbox 2929 2380 3019 2427; x_wconf 85' lang='grc' dir='ltr'><strong>καὶ</strong></span> <span class='ocrx_word' id='word_1_332' title='bbox 3103 2373 3369 2448; x_wconf 76' lang='grc' dir='ltr'>μηδέποτε</span> <span class='ocrx_word' id='word_1_333' title='bbox 3432 2375 3708 2453; x_wconf 70' lang='grc' dir='ltr'>περιλήψει</span> <span class='ocrx_word' id='word_1_334' title='bbox 3770 2378 3900 2436; x_wconf 82' lang='grc' dir='ltr'>νοὸς</span> 
     </span>
    </p>
   </div>
   <div class='ocr_carea' id='block_1_47' title="bbox 527 2452 2125 2534">
    <p class='ocr_par' dir='ltr' id='par_1_47' title="bbox 527 2452 1722 2526">
     <span class='ocr_line' id='line_1_47' title="bbox 527 2452 1722 2526; baseline -0.001 -13"><span class='ocrx_word' id='word_1_335' title='bbox 527 2457 744 2513; x_wconf 90' lang='lat' dir='ltr'><strong>mentis</strong></span> <span class='ocrx_word' id='word_1_336' title='bbox 769 2452 1307 2526; x_wconf 86' lang='lat' dir='ltr'><strong>comprehensione</strong></span> <span class='ocrx_word' id='word_1_337' title='bbox 1324 2456 1722 2512; x_wconf 88' lang='lat' dir='ltr'><strong>veterascens.</strong></span> 
     </span>
    </p>
   </div>
   <div class='ocr_carea' id='block_1_48' title="bbox 1084 2452 2682 2534">
    <p class='ocr_par' dir='ltr' id='par_1_48' title="bbox 1084 2452 2682 2534">
     <span class='ocr_line' id='line_1_48' title="bbox 1084 2452 2682 2534; baseline 0.007 -27"><span class='ocrx_word' id='word_1_338' title='bbox 1084 2452 1307 2508; x_wconf 79' lang='lat' dir='ltr'><strong>:nsione</strong></span> <span class='ocrx_word' id='word_1_339' title='bbox 1324 2456 1722 2512; x_wconf 88' lang='lat' dir='ltr'><strong>veterascens.</strong></span> <span class='ocrx_word' id='word_1_340' title='bbox 2286 2461 2682 2534; x_wconf 83' lang='grc' dir='ltr'>παλαιούμενον.</span> 
     </span>
    </p>
   </div>
   <div class='ocr_carea' id='block_1_49' title="bbox 527 2560 2125 2646">
    <p class='ocr_par' dir='ltr' id='par_1_49' title="bbox 527 2560 2125 2634">
     <span class='ocr_line' id='line_1_49' title="bbox 527 2560 2125 2634; baseline -0.001 -14"><span class='ocrx_word' id='word_1_341' title='bbox 527 2563 728 2622; x_wconf 84' lang='lat' dir='ltr'><strong>Photii</strong></span> <span class='ocrx_word' id='word_1_342' title='bbox 748 2560 1124 2634; x_wconf 70' lang='lat' dir='ltr'><strong>patriarchae</strong></span> <span class='ocrx_word' id='word_1_343' title='bbox 1171 2574 1246 2616; x_wconf 73' lang='lat' dir='ltr'><strong>ea:</strong></span> <span class='ocrx_word' id='word_1_344' title='bbox 1282 2574 1551 2616; x_wconf 80' lang='lat' dir='ltr'><strong>sermone</strong></span> <span class='ocrx_word' id='word_1_345' title='bbox 1583 2561 1656 2617; x_wconf 87' lang='lat' dir='ltr'><strong>de</strong></span> <span class='ocrx_word' id='word_1_346' title='bbox 1683 2562 1880 2618; x_wconf 83' lang='lat' dir='ltr'><strong>sancti</strong></span> <span class='ocrx_word' id='word_1_347' title='bbox 1919 2562 2125 2632; x_wconf 72' lang='lat' dir='ltr'><strong>Spiritz</strong></span> 
     </span>
    </p>
   </div>
   <div class='ocr_carea' id='block_1_50' title="bbox 2300 2560 3898 2646">
    <p class='ocr_par' dir='ltr' id='par_1_50' title="bbox 2300 2569 3898 2646">
     <span class='ocr_line' id='line_1_50' title="bbox 2300 2569 3898 2646; baseline 0.003 -25"><span class='ocrx_word' id='word_1_348' title='bbox 2300 2572 2490 2621; x_wconf 59' lang='lat' dir='ltr'><strong>horrion</strong></span> <span class='ocrx_word' id='word_1_349' title='bbox 2542 2570 2879 2643; x_wconf 75' lang='grc' dir='ltr'>πατριάρχου</span> <span class='ocrx_word' id='word_1_350' title='bbox 2928 2569 2986 2621; x_wconf 88' lang='grc' dir='ltr'>ἐκ</span> <span class='ocrx_word' id='word_1_351' title='bbox 3042 2577 3135 2622; x_wconf 86' lang='grc' dir='ltr'><strong>τοῦ</strong></span> <span class='ocrx_word' id='word_1_352' title='bbox 3182 2570 3339 2643; x_wconf 90' lang='grc' dir='ltr'>λογόυ</span> <span class='ocrx_word' id='word_1_353' title='bbox 3369 2578 3463 2624; x_wconf 87' lang='grc' dir='ltr'><strong>τοῦ</strong></span> <span class='ocrx_word' id='word_1_354' title='bbox 3496 2575 3615 2646; x_wconf 80' lang='grc' dir='ltr'>περὶ</span> <span class='ocrx_word' id='word_1_355' title='bbox 3654 2580 3751 2633; x_wconf 77' lang='grc' dir='ltr'>τῆς</span> <span class='ocrx_word' id='word_1_356' title='bbox 3793 2578 3898 2625; x_wconf 87' lang='grc' dir='ltr'><strong>τοῦ</strong></span> 
     </span>
    </p>
   </div>
   <div class='ocr_carea' id='block_1_51' title="bbox 1156 2649 2754 2733">
    <p class='ocr_par' dir='ltr' id='par_1_51' title="bbox 1156 2649 2754 2729">
     <span class='ocr_line' id='line_1_51' title="bbox 1156 2649 2754 2729; baseline 0.004 -26"><span class='ocrx_word' id='word_1_357' title='bbox 1156 2649 1555 2719; x_wconf 82' lang='lat' dir='ltr'><strong>mystagogia.</strong></span> <span class='ocrx_word' id='word_1_358' title='bbox 2644 2656 2754 2729; x_wconf 82' lang='grc' dir='ltr'>ἀγίι</span> 
     </span>
    </p>
   </div>
   <div class='ocr_carea' id='block_1_52' title="bbox 1939 2649 3537 2733">
    <p class='ocr_par' dir='ltr' id='par_1_52' title="bbox 2644 2656 3537 2733">
     <span class='ocr_line' id='line_1_52' title="bbox 2644 2656 3537 2733; baseline 0.004 -23"><span class='ocrx_word' id='word_1_359' title='bbox 2644 2656 2796 2729; x_wconf 80' lang='grc' dir='ltr'>ἁγίου</span> <span class='ocrx_word' id='word_1_360' title='bbox 2828 2662 3125 2732; x_wconf 79' lang='grc' dir='ltr'>Πνεῦματος</span> <span class='ocrx_word' id='word_1_361' title='bbox 3142 2666 3537 2733; x_wconf 85' lang='grc' dir='ltr'>μυσταγωγίας.</span> 
     </span>
    </p>
   </div>
   <div class='ocr_carea' id='block_1_53' title="bbox 598 2752 2196 2844">
    <p class='ocr_par' dir='ltr' id='par_1_53' title="bbox 598 2752 2176 2844">
     <span class='ocr_line' id='line_1_53' title="bbox 598 2752 2176 2844; baseline 0 -32"><span class='ocrx_word' id='word_1_362' title='bbox 598 2758 825 2816; x_wconf 89' lang='lat' dir='ltr'><strong>Idcirco</strong></span> <span class='ocrx_word' id='word_1_363' title='bbox 849 2754 1032 2831; x_wconf 88' lang='lat' dir='ltr'><strong>paulo</strong></span> <span class='ocrx_word' id='word_1_364' title='bbox 1056 2760 1194 2830; x_wconf 91' lang='lat' dir='ltr'><strong>post</strong></span> <span class='ocrx_word' id='word_1_365' title='bbox 1212 2752 1416 2811; x_wconf 88' lang='lat' dir='ltr'><strong>addit:</strong></span> <span class='ocrx_word' id='word_1_366' title='bbox 1446 2755 1562 2844; x_wconf 55' lang='lat' dir='ltr'><strong>{tle</strong></span> <span class='ocrx_word' id='word_1_367' title='bbox 1588 2770 1682 2811; x_wconf 88' lang='lat' dir='ltr'><strong>me</strong></span> <span class='ocrx_word' id='word_1_368' title='bbox 1712 2755 2080 2827; x_wconf 81' lang='lat' dir='ltr'><strong>gloriﬁcabit</strong></span> <span class='ocrx_word' id='word_1_369' title='bbox 2100 2757 2176 2823; x_wconf 70' lang='lat'><strong>17;</strong></span> 
     </span>
    </p>
   </div>
   <div class='ocr_carea' id='block_1_54' title="bbox 2301 2752 3899 2844">
    <p class='ocr_par' dir='ltr' id='par_1_54' title="bbox 2358 2765 3899 2844">
     <span class='ocr_line' id='line_1_54' title="bbox 2358 2765 3899 2844; baseline 0.004 -28"><span class='ocrx_word' id='word_1_370' title='bbox 2358 2765 2455 2816; x_wconf 84' lang='grc' dir='ltr'><strong>Διά</strong></span> <span class='ocrx_word' id='word_1_371' title='bbox 2506 2770 2659 2816; x_wconf 85' lang='grc' dir='ltr'>τοῦτο</span> <span class='ocrx_word' id='word_1_372' title='bbox 2704 2771 2813 2837; x_wconf 87' lang='grc' dir='ltr'>μετ’</span> <span class='ocrx_word' id='word_1_373' title='bbox 2868 2765 3040 2838; x_wconf 83' lang='grc' dir='ltr'>ὀλίγον</span> <span class='ocrx_word' id='word_1_374' title='bbox 3092 2765 3336 2844; x_wconf 77' lang='grc' dir='ltr'>ἐπιφέρει,</span> <span class='ocrx_word' id='word_1_375' title='bbox 3397 2769 3478 2821; x_wconf 86' lang='grc' dir='ltr'>ὅτι</span> <span class='ocrx_word' id='word_1_376' title='bbox 3535 2769 3731 2821; x_wconf 80' lang='grc' dir='ltr'>Ἐκεῖνο</span> <span class='ocrx_word' id='word_1_377' title='bbox 3795 2768 3899 2842; x_wconf 72' lang='grc' dir='ltr'><strong>ἐμὲ</strong></span> 
     </span>
    </p>
   </div>
   <div class='ocr_carea' id='block_1_55' title="bbox 524 2842 2122 2931">
    <p class='ocr_par' dir='ltr' id='par_1_55' title="bbox 524 2842 2122 2925">
     <span class='ocr_line' id='line_1_55' title="bbox 524 2842 2122 2925; baseline -0.003 -21"><span class='ocrx_word' id='word_1_378' title='bbox 524 2847 750 2925; x_wconf 64' lang='lat' dir='ltr'><strong>ubique</strong></span> <span class='ocrx_word' id='word_1_379' title='bbox 795 2844 1017 2903; x_wconf 87' lang='lat' dir='ltr'><strong>scilicet</strong></span> <span class='ocrx_word' id='word_1_380' title='bbox 1046 2842 1744 2910; x_wconf 88' lang='lat' dir='ltr'><strong>consubstantialitatem,</strong></span> <span class='ocrx_word' id='word_1_381' title='bbox 1776 2849 1834 2900; x_wconf 90' lang='lat' dir='ltr'><strong>et</strong></span> <span class='ocrx_word' id='word_1_382' title='bbox 1888 2845 2122 2901; x_wconf 62' lang='lat' dir='ltr'><strong>unitate]</strong></span> 
     </span>
    </p>
   </div>
   <div class='ocr_carea' id='block_1_56' title="bbox 2299 2842 3897 2931">
    <p class='ocr_par' dir='ltr' id='par_1_56' title="bbox 2299 2847 3897 2931">
     <span class='ocr_line' id='line_1_56' title="bbox 2299 2847 3897 2931; baseline 0.004 -28"><span class='ocrx_word' id='word_1_383' title='bbox 2299 2847 2504 2915; x_wconf 67' lang='grc' dir='ltr'>ῗοξοξσει</span> <span class='ocrx_word' id='word_1_384' title='bbox 2551 2870 2562 2880; x_wconf 84' lang='grc'><strong>’</strong></span> <span class='ocrx_word' id='word_1_385' title='bbox 2596 2862 2873 2926; x_wconf 81' lang='grc' dir='ltr'>πανταχοῦ</span> <span class='ocrx_word' id='word_1_386' title='bbox 2943 2859 3001 2907; x_wconf 89' lang='grc' dir='ltr'><strong>τό</strong></span> <span class='ocrx_word' id='word_1_387' title='bbox 3064 2857 3339 2928; x_wconf 81' lang='grc' dir='ltr'>όμοούσιον</span> <span class='ocrx_word' id='word_1_388' title='bbox 3395 2862 3485 2909; x_wconf 87' lang='grc' dir='ltr'>καὶ</span> <span class='ocrx_word' id='word_1_389' title='bbox 3514 2859 3754 2931; x_wconf 72' lang='grc' dir='ltr'>όμοφυὲς,</span> <span class='ocrx_word' id='word_1_390' title='bbox 3794 2865 3897 2911; x_wconf 85' lang='grc' dir='ltr'>καὶ</span> 
     </span>
    </p>
   </div>
   <div class='ocr_carea' id='block_1_57' title="bbox 522 2932 2120 3020">
    <p class='ocr_par' dir='ltr' id='par_1_57' title="bbox 522 2932 2120 3008">
     <span class='ocr_line' id='line_1_57' title="bbox 522 2932 2120 3008; baseline -0.004 -14"><span class='ocrx_word' id='word_1_391' title='bbox 522 2940 775 3002; x_wconf 66' lang='lat' dir='ltr'><strong>naturae,</strong></span> <span class='ocrx_word' id='word_1_392' title='bbox 807 2935 1090 3008; x_wconf 87' lang='lat' dir='ltr'><strong>parisque</strong></span> <span class='ocrx_word' id='word_1_393' title='bbox 1126 2932 1374 2988; x_wconf 86' lang='lat' dir='ltr'><strong>honoris</strong></span> <span class='ocrx_word' id='word_1_394' title='bbox 1416 2933 1770 3002; x_wconf 85' lang='lat' dir='ltr'><strong>dignitatem</strong></span> <span class='ocrx_word' id='word_1_395' title='bbox 1807 2932 2120 2989; x_wconf 57' lang='lat' dir='ltr'><strong>incolume}</strong></span> 
     </span>
    </p>
   </div>
   <div class='ocr_carea' id='block_1_58' title="bbox 2300 2932 3898 3020">
    <p class='ocr_par' dir='ltr' id='par_1_58' title="bbox 2300 2942 3898 3020">
     <span class='ocr_line' id='line_1_58' title="bbox 2300 2942 3898 3020; baseline 0.004 -29"><span class='ocrx_word' id='word_1_396' title='bbox 2300 2943 2343 2992; x_wconf 72' lang='grc' dir='ltr'><strong>τό</strong></span> <span class='ocrx_word' id='word_1_397' title='bbox 2382 2950 2476 3002; x_wconf 85' lang='grc' dir='ltr'>τῆς</span> <span class='ocrx_word' id='word_1_398' title='bbox 2527 2942 2804 3014; x_wconf 86' lang='grc' dir='ltr'>όμοτιμίας</span> <span class='ocrx_word' id='word_1_399' title='bbox 2865 2943 3095 3016; x_wconf 81' lang='grc' dir='ltr'>ἀξίωμα,</span> <span class='ocrx_word' id='word_1_400' title='bbox 3142 2942 3401 3017; x_wconf 77' lang='grc' dir='ltr'>ἆκηρατον</span> <span class='ocrx_word' id='word_1_401' title='bbox 3453 2955 3721 3020; x_wconf 80' lang='grc' dir='ltr'>συντηρῶν</span> <span class='ocrx_word' id='word_1_402' title='bbox 3752 2961 3767 2975; x_wconf 84' lang='grc'><em>”</em></span> <span class='ocrx_word' id='word_1_403' title='bbox 3821 2950 3898 3009; x_wconf 82' lang='grc' dir='ltr'>ὡς</span> 
     </span>
    </p>
   </div>
   <div class='ocr_carea' id='block_1_59' title="bbox 525 3019 2123 3109">
    <p class='ocr_par' dir='ltr' id='par_1_59' title="bbox 525 3019 2123 3094">
     <span class='ocr_line' id='line_1_59' title="bbox 525 3019 2123 3094; baseline -0.003 -14"><span class='ocrx_word' id='word_1_404' title='bbox 525 3025 1104 3094; x_wconf 86' lang='lat' dir='ltr'><strong>servans.Tanquam</strong></span> <span class='ocrx_word' id='word_1_405' title='bbox 1124 3020 1171 3075; x_wconf 89' lang='lat' dir='ltr'><strong>si</strong></span> <span class='ocrx_word' id='word_1_406' title='bbox 1188 3020 1324 3093; x_wconf 91' lang='lat' dir='ltr'><strong>quis</strong></span> <span class='ocrx_word' id='word_1_407' title='bbox 1344 3019 1584 3088; x_wconf 88' lang='lat' dir='ltr'><strong>diceret,</strong></span> <span class='ocrx_word' id='word_1_408' title='bbox 1609 3020 2123 3093; x_wconf 83' lang='lat' dir='ltr'><strong>supersubstantia</strong></span> 
     </span>
    </p>
   </div>
   <div class='ocr_carea' id='block_1_60' title="bbox 2297 3019 3895 3109">
    <p class='ocr_par' dir='ltr' id='par_1_60' title="bbox 2297 3029 3895 3109">
     <span class='ocr_line' id='line_1_60' title="bbox 2297 3029 3895 3109; baseline 0.006 -31"><span class='ocrx_word' id='word_1_409' title='bbox 2297 3029 2345 3078; x_wconf 75' lang='grc' dir='ltr'>ἰν</span> <span class='ocrx_word' id='word_1_410' title='bbox 2403 3048 2485 3089; x_wconf 88' lang='grc' dir='ltr'><strong>τις</strong></span> <span class='ocrx_word' id='word_1_411' title='bbox 2544 3031 2685 3095; x_wconf 69' lang='grc' dir='ltr'>εἴπῃ,</span> <span class='ocrx_word' id='word_1_412' title='bbox 2757 3037 2937 3084; x_wconf 74' lang='grc' dir='ltr'>Κοινόν</span> <span class='ocrx_word' id='word_1_413' title='bbox 2983 3030 3094 3084; x_wconf 83' lang='grc' dir='ltr'>ἐστι</span> <span class='ocrx_word' id='word_1_414' title='bbox 3158 3037 3218 3085; x_wconf 90' lang='grc' dir='ltr'>τὸ</span> <span class='ocrx_word' id='word_1_415' title='bbox 3279 3042 3376 3095; x_wconf 86' lang='grc' dir='ltr'>τῆς</span> <span class='ocrx_word' id='word_1_416' title='bbox 3428 3035 3741 3109; x_wconf 83' lang='grc' dir='ltr'>ὑπερουσίου</span> <span class='ocrx_word' id='word_1_417' title='bbox 3793 3040 3895 3088; x_wconf 76' lang='grc' dir='ltr'>καὶ</span> 
     </span>
    </p>
   </div>
   <div class='ocr_carea' id='block_1_61' title="bbox 525 3108 2123 3197">
    <p class='ocr_par' dir='ltr' id='par_1_61' title="bbox 525 3108 2123 3183">
     <span class='ocr_line' id='line_1_61' title="bbox 525 3108 2123 3183; baseline -0.003 -14"><span class='ocrx_word' id='word_1_418' title='bbox 525 3117 583 3169; x_wconf 87' lang='lat' dir='ltr'><strong>et</strong></span> <span class='ocrx_word' id='word_1_419' title='bbox 606 3110 1050 3183; x_wconf 60' lang='lat' dir='ltr'><strong>gloriosissima;</strong></span> <span class='ocrx_word' id='word_1_420' title='bbox 1079 3108 1342 3165; x_wconf 90' lang='lat' dir='ltr'><strong>Trinitati</strong></span> <span class='ocrx_word' id='word_1_421' title='bbox 1365 3124 1690 3165; x_wconf 89' lang='lat' dir='ltr'><strong>commune</strong></span> <span class='ocrx_word' id='word_1_422' title='bbox 1719 3124 1868 3180; x_wconf 90' lang='lat' dir='ltr'><strong>esse,</strong></span> <span class='ocrx_word' id='word_1_423' title='bbox 1901 3113 1966 3165; x_wconf 93' lang='lat' dir='ltr'><strong>ut</strong></span> <span class='ocrx_word' id='word_1_424' title='bbox 1995 3125 2057 3165; x_wconf 86' lang='lat' dir='ltr'><strong>se</strong></span> <span class='ocrx_word' id='word_1_425' title='bbox 2085 3108 2123 3164; x_wconf 79' lang='lat' dir='ltr'><strong>i1</strong></span> 
     </span>
    </p>
   </div>
   <div class='ocr_carea' id='block_1_62' title="bbox 2299 3108 3897 3197">
    <p class='ocr_par' dir='ltr' id='par_1_62' title="bbox 2299 3108 3897 3197">
     <span class='ocr_line' id='line_1_62' title="bbox 2299 3108 3897 3197; baseline 0.004 -30"><span class='ocrx_word' id='word_1_426' title='bbox 2299 3113 2806 3192; x_wconf 67' lang='grc' dir='ltr'>ἓπερδεὸοξασμίνης</span> <span class='ocrx_word' id='word_1_427' title='bbox 2848 3117 3077 3195; x_wconf 78' lang='grc' dir='ltr'>Τρισίδος</span> <span class='ocrx_word' id='word_1_428' title='bbox 3121 3124 3179 3174; x_wconf 83' lang='grc' dir='ltr'><strong>τό</strong></span> <span class='ocrx_word' id='word_1_429' title='bbox 3224 3122 3347 3196; x_wconf 88' lang='grc' dir='ltr'>παρ’</span> <span class='ocrx_word' id='word_1_430' title='bbox 3397 3108 3626 3180; x_wconf 79' lang='grc' dir='ltr'>ἀλλήλων</span> <span class='ocrx_word' id='word_1_431' title='bbox 3673 3122 3897 3197; x_wconf 74' lang='grc' dir='ltr'>ἀρρήτῳ</span> 
     </span>
    </p>
   </div>
   <div class='ocr_carea' id='block_1_63' title="bbox 522 3197 2120 3281">
    <p class='ocr_par' dir='ltr' id='par_1_63' title="bbox 522 3197 2120 3267">
     <span class='ocr_line' id='line_1_63' title="bbox 522 3197 2120 3267; baseline -0.003 -10"><span class='ocrx_word' id='word_1_432' title='bbox 522 3201 717 3257; x_wconf 83' lang='lat' dir='ltr'><strong>vicem</strong></span> <span class='ocrx_word' id='word_1_433' title='bbox 742 3197 1031 3256; x_wconf 75' lang='lat' dir='ltr'><strong>ineffabili</strong></span> <span class='ocrx_word' id='word_1_434' title='bbox 1056 3199 1327 3255; x_wconf 85' lang='lat' dir='ltr'><strong>oratione</strong></span> <span class='ocrx_word' id='word_1_435' title='bbox 1361 3197 1690 3253; x_wconf 83' lang='lat' dir='ltr'><strong>dilaudent.</strong></span> <span class='ocrx_word' id='word_1_436' title='bbox 1732 3198 1812 3253; x_wconf 78' lang='lat' dir='ltr'><strong>Et</strong></span> <span class='ocrx_word' id='word_1_437' title='bbox 1836 3200 2051 3267; x_wconf 83' lang='lat' dir='ltr'><strong>paucis</strong></span> <span class='ocrx_word' id='word_1_438' title='bbox 2078 3199 2120 3253; x_wconf 68' lang='lat' dir='ltr'><strong>ia</strong></span> 
     </span>
    </p>
   </div>
   <div class='ocr_carea' id='block_1_64' title="bbox 2299 3197 3897 3281">
    <p class='ocr_par' dir='ltr' id='par_1_64' title="bbox 2299 3203 3897 3281">
     <span class='ocr_line' id='line_1_64' title="bbox 2299 3203 3897 3281; baseline 0.004 -24"><span class='ocrx_word' id='word_1_439' title='bbox 2299 3210 2416 3277; x_wconf 67' lang='grc' dir='ltr'>ιόγῳ</span> <span class='ocrx_word' id='word_1_440' title='bbox 2462 3203 2802 3270; x_wconf 73' lang='grc' dir='ltr'>δοξάζεσθαι.</span> <span class='ocrx_word' id='word_1_441' title='bbox 2853 3214 2953 3262; x_wconf 73' lang='grc' dir='ltr'><strong>Καὶ</strong></span> <span class='ocrx_word' id='word_1_442' title='bbox 3000 3210 3112 3281; x_wconf 86' lang='grc' dir='ltr'>μετ’</span> <span class='ocrx_word' id='word_1_443' title='bbox 3151 3209 3304 3281; x_wconf 84' lang='grc' dir='ltr'>ὀλίγα</span> <span class='ocrx_word' id='word_1_444' title='bbox 3354 3232 3367 3245; x_wconf 66' lang='grc' dir='ltr'>α</span> <span class='ocrx_word' id='word_1_445' title='bbox 3414 3215 3516 3265; x_wconf 81' lang='grc' dir='ltr'><strong>Καὶ</strong></span> <span class='ocrx_word' id='word_1_446' title='bbox 3545 3214 3683 3263; x_wconf 84' lang='grc' dir='ltr'>ἔστιν</span> <span class='ocrx_word' id='word_1_447' title='bbox 3712 3211 3897 3264; x_wconf 76' lang='grc' dir='ltr'>αὐτῶν</span> 
     </span>
    </p>
   </div>
   <div class='ocr_carea' id='block_1_65' title="bbox 526 3287 2124 3372">
    <p class='ocr_par' dir='ltr' id='par_1_65' title="bbox 526 3287 2124 3359">
     <span class='ocr_line' id='line_1_65' title="bbox 526 3287 2124 3359; baseline -0.003 -12"><span class='ocrx_word' id='word_1_448' title='bbox 526 3292 786 3359; x_wconf 81' lang='lat' dir='ltr'><strong>terjectis</strong></span> <span class='ocrx_word' id='word_1_449' title='bbox 814 3308 836 3343; x_wconf 74' lang='grc' dir='ltr'><strong>,ο</strong></span> <span class='ocrx_word' id='word_1_450' title='bbox 866 3291 967 3344; x_wconf 90' lang='lat' dir='ltr'><strong>Est</strong></span> <span class='ocrx_word' id='word_1_451' title='bbox 1005 3288 1120 3343; x_wconf 91' lang='lat' dir='ltr'><strong>illis</strong></span> <span class='ocrx_word' id='word_1_452' title='bbox 1161 3287 1504 3344; x_wconf 87' lang='lat' dir='ltr'><strong>communis</strong></span> <span class='ocrx_word' id='word_1_453' title='bbox 1556 3287 1912 3356; x_wconf 86' lang='lat' dir='ltr'><strong>dominatio,</strong></span> <span class='ocrx_word' id='word_1_454' title='bbox 1959 3288 2124 3344; x_wconf 86' lang='lat' dir='ltr'><strong>virtu:</strong></span> 
     </span>
    </p>
   </div>
   <div class='ocr_carea' id='block_1_66' title="bbox 2295 3287 3893 3372">
    <p class='ocr_par' dir='ltr' id='par_1_66' title="bbox 2295 3295 3893 3372">
     <span class='ocr_line' id='line_1_66' title="bbox 2295 3295 3893 3372; baseline 0.004 -26"><span class='ocrx_word' id='word_1_455' title='bbox 2295 3295 2457 3370; x_wconf 77' lang='grc' dir='ltr'>ὗσπερ</span> <span class='ocrx_word' id='word_1_456' title='bbox 2524 3300 2691 3349; x_wconf 88' lang='grc' dir='ltr'>κοινόν</span> <span class='ocrx_word' id='word_1_457' title='bbox 2761 3299 2792 3355; x_wconf 78' lang='grc' dir='ltr'>ἡ</span> <span class='ocrx_word' id='word_1_458' title='bbox 2854 3296 3118 3370; x_wconf 85' lang='grc' dir='ltr'>βασιλεία,</span> <span class='ocrx_word' id='word_1_459' title='bbox 3180 3304 3268 3352; x_wconf 84' lang='grc' dir='ltr'>καὶ</span> <span class='ocrx_word' id='word_1_460' title='bbox 3314 3302 3345 3358; x_wconf 82' lang='grc' dir='ltr'>ἡ</span> <span class='ocrx_word' id='word_1_461' title='bbox 3414 3297 3653 3372; x_wconf 79' lang='grc' dir='ltr'>δύναμις,</span> <span class='ocrx_word' id='word_1_462' title='bbox 3699 3304 3788 3352; x_wconf 83' lang='grc' dir='ltr'>καὶ</span> <span class='ocrx_word' id='word_1_463' title='bbox 3822 3304 3893 3353; x_wconf 87' lang='grc' dir='ltr'><strong>τό</strong></span> 
     </span>
    </p>
   </div>
   <div class='ocr_carea' id='block_1_67' title="bbox 522 3375 2120 3462">
    <p class='ocr_par' dir='ltr' id='par_1_67' title="bbox 522 3375 2120 3451">
     <span class='ocr_line' id='line_1_67' title="bbox 522 3375 2120 3451; baseline 0 -18"><span class='ocrx_word' id='word_1_464' title='bbox 522 3378 794 3451; x_wconf 78' lang='lat' dir='ltr'><strong>potentia</strong></span> <span class='ocrx_word' id='word_1_465' title='bbox 823 3393 838 3432; x_wconf 89' lang='lat'><strong>:</strong></span> <span class='ocrx_word' id='word_1_466' title='bbox 868 3376 954 3432; x_wconf 86' lang='lat' dir='ltr'><strong>sic</strong></span> <span class='ocrx_word' id='word_1_467' title='bbox 990 3390 1200 3431; x_wconf 82' lang='lat' dir='ltr'><strong>rursus</strong></span> <span class='ocrx_word' id='word_1_468' title='bbox 1230 3380 1288 3431; x_wconf 88' lang='lat' dir='ltr'><strong>et</strong></span> <span class='ocrx_word' id='word_1_469' title='bbox 1316 3375 1527 3445; x_wconf 81' lang='lat' dir='ltr'><strong>gloria,</strong></span> <span class='ocrx_word' id='word_1_470' title='bbox 1555 3390 1682 3431; x_wconf 87' lang='lat' dir='ltr'><strong>non</strong></span> <span class='ocrx_word' id='word_1_471' title='bbox 1709 3391 1782 3432; x_wconf 82' lang='lat' dir='ltr'><strong>ea</strong></span> <span class='ocrx_word' id='word_1_472' title='bbox 1811 3375 2008 3432; x_wconf 90' lang='lat' dir='ltr'><strong>solum</strong></span> <span class='ocrx_word' id='word_1_473' title='bbox 2037 3392 2120 3449; x_wconf 91' lang='lat' dir='ltr'><strong>qu</strong></span> 
     </span>
    </p>
   </div>
   <div class='ocr_carea' id='block_1_68' title="bbox 2294 3375 3892 3462">
    <p class='ocr_par' dir='ltr' id='par_1_68' title="bbox 2294 3383 3892 3462">
     <span class='ocr_line' id='line_1_68' title="bbox 2294 3383 3892 3462; baseline 0.005 -28"><span class='ocrx_word' id='word_1_474' title='bbox 2294 3386 2471 3456; x_wconf 83' lang='grc' dir='ltr'>ιράτος</span> <span class='ocrx_word' id='word_1_475' title='bbox 2501 3401 2515 3415; x_wconf 90' lang='lat'><strong>&#39;</strong></span> <span class='ocrx_word' id='word_1_476' title='bbox 2564 3385 2700 3437; x_wconf 75' lang='grc' dir='ltr'>οὕτω</span> <span class='ocrx_word' id='word_1_477' title='bbox 2750 3390 2841 3439; x_wconf 83' lang='grc' dir='ltr'>καὶ</span> <span class='ocrx_word' id='word_1_478' title='bbox 2877 3388 2909 3445; x_wconf 76' lang='grc' dir='ltr'><strong>ἡ</strong></span> <span class='ocrx_word' id='word_1_479' title='bbox 2961 3383 3114 3454; x_wconf 78' lang='grc' dir='ltr'>δόξα,</span> <span class='ocrx_word' id='word_1_480' title='bbox 3160 3388 3221 3440; x_wconf 80' lang='grc' dir='ltr'>οὐ</span> <span class='ocrx_word' id='word_1_481' title='bbox 3270 3393 3425 3461; x_wconf 86' lang='grc' dir='ltr'>μόνον</span> <span class='ocrx_word' id='word_1_482' title='bbox 3469 3391 3501 3448; x_wconf 80' lang='grc' dir='ltr'><strong>ἠ</strong></span> <span class='ocrx_word' id='word_1_483' title='bbox 3554 3390 3677 3461; x_wconf 82' lang='grc' dir='ltr'>παρ’</span> <span class='ocrx_word' id='word_1_484' title='bbox 3734 3390 3892 3462; x_wconf 80' lang='grc' dir='ltr'>ἡμῶν</span> 
     </span>
    </p>
   </div>
   <div class='ocr_carea' id='block_1_69' title="bbox 521 3463 2119 3553">
    <p class='ocr_par' dir='ltr' id='par_1_69' title="bbox 521 3463 2119 3538">
     <span class='ocr_line' id='line_1_69' title="bbox 521 3463 2119 3538; baseline -0.001 -15"><span class='ocrx_word' id='word_1_485' title='bbox 521 3480 562 3523; x_wconf 81' lang='lat' dir='ltr'><strong>a</strong></span> <span class='ocrx_word' id='word_1_486' title='bbox 580 3465 765 3527; x_wconf 71' lang='lat' dir='ltr'><strong>nobis</strong></span> <span class='ocrx_word' id='word_1_487' title='bbox 787 3463 1146 3529; x_wconf 74' lang='lat' dir='ltr'><strong>atu&#39;ibuitur,</strong></span> <span class='ocrx_word' id='word_1_488' title='bbox 1175 3479 1388 3519; x_wconf 86' lang='lat' dir='ltr'><strong>verum</strong></span> <span class='ocrx_word' id='word_1_489' title='bbox 1415 3464 1597 3520; x_wconf 86' lang='lat' dir='ltr'><strong>etiam</strong></span> <span class='ocrx_word' id='word_1_490' title='bbox 1620 3463 1721 3520; x_wconf 77' lang='lat' dir='ltr'><strong>ilia</strong></span> <span class='ocrx_word' id='word_1_491' title='bbox 1748 3469 1962 3523; x_wconf 87' lang='lat' dir='ltr'><strong>mutua</strong></span> <span class='ocrx_word' id='word_1_492' title='bbox 1984 3481 2119 3538; x_wconf 70' lang='lat' dir='ltr'><strong>qua]</strong></span> 
     </span>
    </p>
   </div>
   <div class='ocr_carea' id='block_1_70' title="bbox 2292 3463 3890 3553">
    <p class='ocr_par' dir='ltr' id='par_1_70' title="bbox 2292 3469 3890 3553">
     <span class='ocr_line' id='line_1_70' title="bbox 2292 3469 3890 3553; baseline 0.004 -29"><span class='ocrx_word' id='word_1_493' title='bbox 2292 3469 2652 3547; x_wconf 71' lang='grc' dir='ltr'>Ξιναφερομένη,</span> <span class='ocrx_word' id='word_1_494' title='bbox 2728 3472 2857 3528; x_wconf 78' lang='grc' dir='ltr'>ἀλλὰ</span> <span class='ocrx_word' id='word_1_495' title='bbox 2916 3480 3008 3528; x_wconf 77' lang='grc' dir='ltr'>καὶ</span> <span class='ocrx_word' id='word_1_496' title='bbox 3095 3476 3155 3534; x_wconf 69' lang='grc' dir='ltr'>ἢν</span> <span class='ocrx_word' id='word_1_497' title='bbox 3221 3477 3373 3531; x_wconf 78' lang='grc' dir='ltr'>αὐτοὶ</span> <span class='ocrx_word' id='word_1_498' title='bbox 3442 3475 3696 3551; x_wconf 80' lang='grc' dir='ltr'>δέχονται</span> <span class='ocrx_word' id='word_1_499' title='bbox 3754 3479 3890 3553; x_wconf 80' lang='grc' dir='ltr'>παρ’</span> 
     </span>
    </p>
   </div>
   <div class='ocr_carea' id='block_1_71' title="bbox 519 3551 2117 3623">
    <p class='ocr_par' dir='ltr' id='par_1_71' title="bbox 519 3551 1392 3623">
     <span class='ocr_line' id='line_1_71' title="bbox 519 3551 1392 3623; baseline -0.007 -12"><span class='ocrx_word' id='word_1_500' title='bbox 519 3555 674 3611; x_wconf 88' lang='lat' dir='ltr'><strong>inter</strong></span> <span class='ocrx_word' id='word_1_501' title='bbox 702 3569 765 3609; x_wconf 88' lang='lat' dir='ltr'><strong>se</strong></span> <span class='ocrx_word' id='word_1_502' title='bbox 792 3552 1049 3609; x_wconf 89' lang='lat' dir='ltr'><strong>invicem</strong></span> <span class='ocrx_word' id='word_1_503' title='bbox 1075 3551 1392 3623; x_wconf 89' lang='lat' dir='ltr'><strong>accipiunt.</strong></span> 
     </span>
    </p>
   </div>
   <div class='ocr_carea' id='block_1_72' title="bbox 898 3551 2496 3623">
    <p class='ocr_par' dir='ltr' id='par_1_72' title="bbox 899 3551 2496 3623">
     <span class='ocr_line' id='line_1_72' title="bbox 899 3551 2496 3623; baseline 0.004 -16"><span class='ocrx_word' id='word_1_504' title='bbox 899 3552 1049 3609; x_wconf 90' lang='lat' dir='ltr'><strong>icem</strong></span> <span class='ocrx_word' id='word_1_505' title='bbox 1075 3551 1392 3623; x_wconf 89' lang='lat' dir='ltr'><strong>accipiunt.</strong></span> <span class='ocrx_word' id='word_1_506' title='bbox 2282 3559 2496 3617; x_wconf 74' lang='grc' dir='ltr'>ἑαυτῶν.</span> 
     </span>
    </p>
   </div>
   <div class='ocr_carea' id='block_1_73' title="bbox 521 3657 2119 3747">
    <p class='ocr_par' dir='ltr' id='par_1_73' title="bbox 521 3657 2117 3731">
     <span class='ocr_line' id='line_1_73' title="bbox 521 3657 2117 3731; baseline 0 -15"><span class='ocrx_word' id='word_1_507' title='bbox 521 3660 735 3731; x_wconf 79' lang='lat' dir='ltr'><strong>Magni</strong></span> <span class='ocrx_word' id='word_1_508' title='bbox 790 3657 1119 3715; x_wconf 82' lang='lat' dir='ltr'><strong>Athanasii</strong></span> <span class='ocrx_word' id='word_1_509' title='bbox 1162 3672 1238 3714; x_wconf 72' lang='lat' dir='ltr'><strong>ex</strong></span> <span class='ocrx_word' id='word_1_510' title='bbox 1283 3672 1554 3714; x_wconf 83' lang='lat' dir='ltr'><strong>sermone</strong></span> <span class='ocrx_word' id='word_1_511' title='bbox 1609 3658 1683 3714; x_wconf 88' lang='lat' dir='ltr'><strong>de</strong></span> <span class='ocrx_word' id='word_1_512' title='bbox 1729 3658 2117 3716; x_wconf 80' lang='lat' dir='ltr'><strong>Incarnation</strong></span> 
     </span>
    </p>
   </div>
   <div class='ocr_carea' id='block_1_74' title="bbox 2291 3657 3889 3747">
    <p class='ocr_par' dir='ltr' id='par_1_74' title="bbox 2291 3667 3889 3747">
     <span class='ocr_line' id='line_1_74' title="bbox 2291 3667 3889 3747; baseline 0.004 -29"><span class='ocrx_word' id='word_1_513' title='bbox 2291 3672 2381 3719; x_wconf 85' lang='grc' dir='ltr'><strong>Γοῦ</strong></span> <span class='ocrx_word' id='word_1_514' title='bbox 2411 3667 2638 3739; x_wconf 79' lang='grc' dir='ltr'>μεγάλου</span> <span class='ocrx_word' id='word_1_515' title='bbox 2670 3669 2986 3722; x_wconf 84' lang='grc' dir='ltr'>Ἀθανασίου</span> <span class='ocrx_word' id='word_1_516' title='bbox 3007 3669 3061 3722; x_wconf 81' lang='grc' dir='ltr'>ἐκ</span> <span class='ocrx_word' id='word_1_517' title='bbox 3082 3678 3173 3723; x_wconf 79' lang='grc' dir='ltr'><strong>τοῦ</strong></span> <span class='ocrx_word' id='word_1_518' title='bbox 3194 3690 3313 3746; x_wconf 88' lang='grc' dir='ltr'>περι</span> <span class='ocrx_word' id='word_1_519' title='bbox 3334 3680 3427 3734; x_wconf 79' lang='grc' dir='ltr'>τῆς</span> <span class='ocrx_word' id='word_1_520' title='bbox 3448 3671 3745 3747; x_wconf 75' lang='grc' dir='ltr'>ἓνανθρωπή</span> <span class='ocrx_word' id='word_1_521' title='bbox 3755 3691 3889 3735; x_wconf 85' lang='grc' dir='ltr'>σεως</span> 
     </span>
    </p>
   </div>
   <div class='ocr_carea' id='block_1_75' title="bbox 2987 3758 3165 3831">
    <p class='ocr_par' dir='ltr' id='par_1_75' title="bbox 2987 3758 3165 3831">
     <span class='ocr_line' id='line_1_75' title="bbox 2987 3758 3165 3831; baseline 0.011 -19"><span class='ocrx_word' id='word_1_522' title='bbox 2987 3758 3142 3831; x_wconf 87' lang='grc' dir='ltr'>λόγου</span> <span class='ocrx_word' id='word_1_523' title='bbox 3152 3801 3165 3814; x_wconf 95' lang='grc'><em>.</em></span> 
     </span>
    </p>
   </div>
   <div class='ocr_carea' id='block_1_76' title="bbox 590 3852 2188 3943">
    <p class='ocr_par' dir='ltr' id='par_1_76' title="bbox 590 3852 2172 3929">
     <span class='ocr_line' id='line_1_76' title="bbox 590 3852 2172 3929; baseline 0 -17"><span class='ocrx_word' id='word_1_524' title='bbox 590 3855 788 3912; x_wconf 85' lang='lat' dir='ltr'><strong>Primo</strong></span> <span class='ocrx_word' id='word_1_525' title='bbox 806 3852 1054 3927; x_wconf 86' lang='lat' dir='ltr'><strong>quidem</strong></span> <span class='ocrx_word' id='word_1_526' title='bbox 1085 3867 1265 3908; x_wconf 90' lang='lat' dir='ltr'><strong>suum</strong></span> <span class='ocrx_word' id='word_1_527' title='bbox 1296 3853 1598 3910; x_wconf 86' lang='lat' dir='ltr'><strong>amortuis</strong></span> <span class='ocrx_word' id='word_1_528' title='bbox 1626 3854 1933 3911; x_wconf 86' lang='lat' dir='ltr'><strong>suscitavit</strong></span> <span class='ocrx_word' id='word_1_529' title='bbox 1952 3870 2172 3929; x_wconf 89' lang='lat' dir='ltr'><strong>corpus</strong></span> 
     </span>
    </p>
   </div>
   <div class='ocr_carea' id='block_1_77' title="bbox 2286 3852 3884 3943">
    <p class='ocr_par' dir='ltr' id='par_1_77' title="bbox 2350 3859 3884 3943">
     <span class='ocr_line' id='line_1_77' title="bbox 2350 3859 3884 3943; baseline 0.007 -31"><span class='ocrx_word' id='word_1_530' title='bbox 2350 3867 2561 3934; x_wconf 80' lang='grc' dir='ltr'>Πρῶτον</span> <span class='ocrx_word' id='word_1_531' title='bbox 2609 3859 2697 3915; x_wconf 80' lang='grc' dir='ltr'>οὖν</span> <span class='ocrx_word' id='word_1_532' title='bbox 2748 3868 2809 3916; x_wconf 86' lang='grc' dir='ltr'><strong>τό</strong></span> <span class='ocrx_word' id='word_1_533' title='bbox 2857 3863 2995 3918; x_wconf 77' lang='grc' dir='ltr'>ἴδιον</span> <span class='ocrx_word' id='word_1_534' title='bbox 3059 3874 3212 3939; x_wconf 85' lang='grc' dir='ltr'>σῶμα</span> <span class='ocrx_word' id='word_1_535' title='bbox 3263 3871 3468 3941; x_wconf 74' lang='grc' dir='ltr'>ἤγειρεν</span> <span class='ocrx_word' id='word_1_536' title='bbox 3512 3867 3570 3920; x_wconf 74' lang='grc' dir='ltr'>ἐκ</span> <span class='ocrx_word' id='word_1_537' title='bbox 3615 3876 3806 3943; x_wconf 82' lang='grc' dir='ltr'>νεκρῶν</span> <span class='ocrx_word' id='word_1_538' title='bbox 3853 3872 3884 3922; x_wconf 85' lang='grc' dir='ltr'>ὁ</span> 
     </span>
    </p>
   </div>
   <div class='ocr_carea' id='block_1_78' title="bbox 519 3941 2117 4033">
    <p class='ocr_par' dir='ltr' id='par_1_78' title="bbox 519 3941 2117 4033">
     <span class='ocr_line' id='line_1_78' title="bbox 519 3941 2117 4033; baseline -0.001 -31"><span class='ocrx_word' id='word_1_539' title='bbox 519 3944 830 4011; x_wconf 83' lang='lat' dir='ltr'><strong>Dominus,</strong></span> <span class='ocrx_word' id='word_1_540' title='bbox 884 3956 1214 4014; x_wconf 88' lang='lat' dir='ltr'><strong>secumque</strong></span> <span class='ocrx_word' id='word_1_541' title='bbox 1263 3941 1562 4033; x_wconf 81' lang='lat' dir='ltr'><strong>exaltavit.</strong></span> <span class='ocrx_word' id='word_1_542' title='bbox 1620 3943 1843 4033; x_wconf 84' lang='lat' dir='ltr'><strong>Deinde</strong></span> <span class='ocrx_word' id='word_1_543' title='bbox 1893 3945 2117 4001; x_wconf 64' lang='lat' dir='ltr'><strong>membr</strong></span> 
     </span>
    </p>
   </div>
   <div class='ocr_carea' id='block_1_79' title="bbox 2288 3941 3886 4033">
    <p class='ocr_par' dir='ltr' id='par_1_79' title="bbox 2288 3941 3886 4033">
     <span class='ocr_line' id='line_1_79' title="bbox 2288 3941 3886 4033; baseline 0.005 -30"><span class='ocrx_word' id='word_1_544' title='bbox 2288 3952 2465 4024; x_wconf 73' lang='grc' dir='ltr'>Κύριος</span> <span class='ocrx_word' id='word_1_545' title='bbox 2521 3956 2613 4003; x_wconf 82' lang='grc' dir='ltr'>καὶ</span> <span class='ocrx_word' id='word_1_546' title='bbox 2666 3952 2970 4024; x_wconf 63' lang='grc' dir='ltr'>συνῦψωσω</span> <span class='ocrx_word' id='word_1_547' title='bbox 3027 3955 3191 4025; x_wconf 79' lang='grc' dir='ltr'>ἐαυτῷ</span> <span class='ocrx_word' id='word_1_548' title='bbox 3231 3973 3244 3987; x_wconf 88' lang='grc'><strong>·</strong></span> <span class='ocrx_word' id='word_1_549' title='bbox 3300 3959 3432 4029; x_wconf 79' lang='grc' dir='ltr'>μετὰ</span> <span class='ocrx_word' id='word_1_550' title='bbox 3488 3976 3657 4009; x_wconf 82' lang='grc' dir='ltr'>ταυτα</span> <span class='ocrx_word' id='word_1_551' title='bbox 3680 3941 3886 4033; x_wconf 31' lang='grc' dir='ltr'>..ἔγερεί</span> 
     </span>
    </p>
   </div>
   <div class='ocr_carea' id='block_1_80' title="bbox 517 4030 2115 4120">
    <p class='ocr_par' dir='ltr' id='par_1_80' title="bbox 517 4030 2115 4111">
     <span class='ocr_line' id='line_1_80' title="bbox 517 4030 2115 4111; baseline -0.001 -21"><span class='ocrx_word' id='word_1_552' title='bbox 517 4046 761 4111; x_wconf 84' lang='lat' dir='ltr'><strong>quoque</strong></span> <span class='ocrx_word' id='word_1_553' title='bbox 787 4032 1055 4104; x_wconf 86' lang='lat' dir='ltr'><strong>corporis</strong></span> <span class='ocrx_word' id='word_1_554' title='bbox 1081 4030 1175 4086; x_wconf 90' lang='lat' dir='ltr'><strong>sui</strong></span> <span class='ocrx_word' id='word_1_555' title='bbox 1205 4030 1540 4099; x_wconf 88' lang='lat' dir='ltr'><strong>suscitabit,</strong></span> <span class='ocrx_word' id='word_1_556' title='bbox 1577 4035 1644 4087; x_wconf 89' lang='lat' dir='ltr'><strong>ut</strong></span> <span class='ocrx_word' id='word_1_557' title='bbox 1670 4031 1878 4088; x_wconf 84' lang='lat' dir='ltr'><strong>omnia</strong></span> <span class='ocrx_word' id='word_1_558' title='bbox 1902 4033 2016 4088; x_wconf 90' lang='lat' dir='ltr'><strong>illis</strong></span> <span class='ocrx_word' id='word_1_559' title='bbox 2052 4034 2115 4089; x_wconf 92' lang='lat' dir='ltr'><strong>la</strong></span> 
     </span>
    </p>
   </div>
   <div class='ocr_carea' id='block_1_81' title="bbox 2285 4030 3883 4120">
    <p class='ocr_par' dir='ltr' id='par_1_81' title="bbox 2285 4030 3883 4120">
     <span class='ocr_line' id='line_1_81' title="bbox 2285 4030 3883 4120; baseline 0.005 -30"><span class='ocrx_word' id='word_1_560' title='bbox 2285 4043 2365 4091; x_wconf 74' lang='grc' dir='ltr'>καὶ</span> <span class='ocrx_word' id='word_1_561' title='bbox 2412 4041 2479 4092; x_wconf 82' lang='grc' dir='ltr'>τὰ</span> <span class='ocrx_word' id='word_1_562' title='bbox 2533 4039 2660 4111; x_wconf 65' lang='grc' dir='ltr'>μελη</span> <span class='ocrx_word' id='word_1_563' title='bbox 2725 4060 2816 4093; x_wconf 89' lang='grc' dir='ltr'><strong>του</strong></span> <span class='ocrx_word' id='word_1_564' title='bbox 2892 4048 3134 4116; x_wconf 82' lang='grc' dir='ltr'>σώματος</span> <span class='ocrx_word' id='word_1_565' title='bbox 3186 4045 3367 4116; x_wconf 78' lang='grc' dir='ltr'>αὐτου,</span> <span class='ocrx_word' id='word_1_566' title='bbox 3433 4046 3518 4098; x_wconf 74' lang='grc' dir='ltr'>ἵνα</span> <span class='ocrx_word' id='word_1_567' title='bbox 3576 4030 3883 4120; x_wconf 72' lang='grc' dir='ltr'>χαρίσηται</span> 
     </span>
    </p>
   </div>
   <div class='ocr_carea' id='block_1_82' title="bbox 518 4116 2116 4207">
    <p class='ocr_par' dir='ltr' id='par_1_82' title="bbox 518 4116 2116 4207">
     <span class='ocr_line' id='line_1_82' title="bbox 518 4116 2116 4207; baseline 0 -29"><span class='ocrx_word' id='word_1_568' title='bbox 518 4116 715 4195; x_wconf 70' lang='lat' dir='ltr'><strong>g&#39;iatur</strong></span> <span class='ocrx_word' id='word_1_569' title='bbox 754 4125 960 4192; x_wconf 87' lang='lat' dir='ltr'><strong>utpote</strong></span> <span class='ocrx_word' id='word_1_570' title='bbox 997 4121 1173 4189; x_wconf 83' lang='lat' dir='ltr'><strong>Deus,</strong></span> <span class='ocrx_word' id='word_1_571' title='bbox 1201 4135 1587 4207; x_wconf 65' lang='lat' dir='ltr'><strong>quiscunque</strong></span> <span class='ocrx_word' id='word_1_572' title='bbox 1634 4121 1765 4193; x_wconf 88' lang='lat' dir='ltr'><strong>ipse</strong></span> <span class='ocrx_word' id='word_1_573' title='bbox 1807 4123 2069 4194; x_wconf 89' lang='lat' dir='ltr'><strong>suscepit</strong></span> <span class='ocrx_word' id='word_1_574' title='bbox 2103 4140 2116 4178; x_wconf 82' lang='grc' dir='ltr'><strong>ι</strong></span> 
     </span>
    </p>
   </div>
   <div class='ocr_carea' id='block_1_83' title="bbox 2287 4116 3885 4207">
    <p class='ocr_par' dir='ltr' id='par_1_83' title="bbox 2287 4116 3885 4207">
     <span class='ocr_line' id='line_1_83' title="bbox 2287 4116 3885 4207; baseline 0.006 -29"><span class='ocrx_word' id='word_1_575' title='bbox 2287 4126 2447 4188; x_wconf 64' lang='lat' dir='ltr'><strong>animi;</strong></span> <span class='ocrx_word' id='word_1_576' title='bbox 2501 4130 2570 4180; x_wconf 79' lang='grc' dir='ltr'>τὰ</span> <span class='ocrx_word' id='word_1_577' title='bbox 2613 4131 2785 4181; x_wconf 80' lang='grc' dir='ltr'>πάντα</span> <span class='ocrx_word' id='word_1_578' title='bbox 2833 4133 2901 4192; x_wconf 73' lang='grc' dir='ltr'>ὡς</span> <span class='ocrx_word' id='word_1_579' title='bbox 2939 4136 3088 4203; x_wconf 82' lang='grc' dir='ltr'>Θεὸς,</span> <span class='ocrx_word' id='word_1_580' title='bbox 3139 4137 3241 4186; x_wconf 83' lang='grc' dir='ltr'>ὅσα</span> <span class='ocrx_word' id='word_1_581' title='bbox 3286 4134 3443 4195; x_wconf 80' lang='grc' dir='ltr'>αὐτὸς</span> <span class='ocrx_word' id='word_1_582' title='bbox 3489 4136 3559 4196; x_wconf 80' lang='grc' dir='ltr'>ὡς</span> <span class='ocrx_word' id='word_1_583' title='bbox 3609 4116 3885 4207; x_wconf 75' lang='grc' dir='ltr'>ἄνθρωπος</span> 
     </span>
    </p>
   </div>
   <div class='ocr_carea' id='block_1_84' title="bbox 515 4205 2113 4295">
    <p class='ocr_par' dir='ltr' id='par_1_84' title="bbox 515 4205 2113 4295">
     <span class='ocr_line' id='line_1_84' title="bbox 515 4205 2113 4295; baseline -0.001 -30"><span class='ocrx_word' id='word_1_584' title='bbox 515 4209 741 4295; x_wconf 70' lang='grc' dir='ltr'><strong>ὶιοῑιιο.Δ</strong></span> <span class='ocrx_word' id='word_1_585' title='bbox 784 4207 916 4279; x_wconf 85' lang='lat' dir='ltr'><strong>Ipse</strong></span> <span class='ocrx_word' id='word_1_586' title='bbox 957 4207 1136 4277; x_wconf 78' lang='lat' dir='ltr'><strong>igitur</strong></span> <span class='ocrx_word' id='word_1_587' title='bbox 1178 4205 1290 4263; x_wconf 82' lang='lat' dir='ltr'><strong>sibi</strong></span> <span class='ocrx_word' id='word_1_588' title='bbox 1327 4207 1662 4280; x_wconf 86' lang='lat' dir='ltr'><strong>impertitur</strong></span> <span class='ocrx_word' id='word_1_589' title='bbox 1696 4210 1902 4277; x_wconf 87' lang='lat' dir='ltr'><strong>vitam,</strong></span> <span class='ocrx_word' id='word_1_590' title='bbox 1943 4211 2113 4283; x_wconf 72' lang='lat' dir='ltr'><strong>ipse:</strong></span> 
     </span>
    </p>
   </div>
   <div class='ocr_carea' id='block_1_85' title="bbox 2285 4205 3883 4295">
    <p class='ocr_par' dir='ltr' id='par_1_85' title="bbox 2285 4214 3883 4295">
     <span class='ocr_line' id='line_1_85' title="bbox 2285 4214 3883 4295; baseline 0.004 -27"><span class='ocrx_word' id='word_1_591' title='bbox 2285 4214 2469 4273; x_wconf 74' lang='grc' dir='ltr'>ἵλαϐεν.</span> <span class='ocrx_word' id='word_1_592' title='bbox 2521 4216 2687 4280; x_wconf 74' lang='grc' dir='ltr'>Λῦτός</span> <span class='ocrx_word' id='word_1_593' title='bbox 2728 4215 2816 4271; x_wconf 79' lang='grc' dir='ltr'>οὖν</span> <span class='ocrx_word' id='word_1_594' title='bbox 2865 4219 3032 4292; x_wconf 73' lang='grc' dir='ltr'>ἐαυτῷ</span> <span class='ocrx_word' id='word_1_595' title='bbox 3072 4222 3358 4295; x_wconf 78' lang='grc' dir='ltr'>χαρίζεται</span> <span class='ocrx_word' id='word_1_596' title='bbox 3401 4223 3563 4287; x_wconf 71' lang='grc' dir='ltr'>ζωὴν,</span> <span class='ocrx_word' id='word_1_597' title='bbox 3603 4228 3694 4275; x_wconf 80' lang='grc' dir='ltr'>καὶ</span> <span class='ocrx_word' id='word_1_598' title='bbox 3718 4222 3883 4286; x_wconf 74' lang='grc' dir='ltr'>αὐτὸς</span> 
     </span>
    </p>
   </div>
   <div class='ocr_carea' id='block_1_86' title="bbox 517 4292 2115 4382">
    <p class='ocr_par' dir='ltr' id='par_1_86' title="bbox 517 4292 2115 4372">
     <span class='ocr_line' id='line_1_86' title="bbox 517 4292 2115 4372; baseline 0.003 -20"><span class='ocrx_word' id='word_1_599' title='bbox 517 4292 872 4366; x_wconf 86' lang='lat' dir='ltr'><strong>sanctiﬁcat,</strong></span> <span class='ocrx_word' id='word_1_600' title='bbox 908 4295 1038 4367; x_wconf 88' lang='lat' dir='ltr'><strong>ipse</strong></span> <span class='ocrx_word' id='word_1_601' title='bbox 1092 4311 1156 4351; x_wconf 89' lang='lat' dir='ltr'><strong>se</strong></span> <span class='ocrx_word' id='word_1_602' title='bbox 1198 4295 1440 4353; x_wconf 81' lang='lat' dir='ltr'><strong>exaltat.</strong></span> <span class='ocrx_word' id='word_1_603' title='bbox 1491 4298 1637 4354; x_wconf 88' lang='lat' dir='ltr'><strong>Cum</strong></span> <span class='ocrx_word' id='word_1_604' title='bbox 1674 4314 1819 4369; x_wconf 79' lang='lat' dir='ltr'><strong>ergo</strong></span> <span class='ocrx_word' id='word_1_605' title='bbox 1865 4300 1963 4358; x_wconf 87' lang='lat' dir='ltr'><strong>ait.</strong></span> <span class='ocrx_word' id='word_1_606' title='bbox 1998 4316 2115 4372; x_wconf 90' lang='lat' dir='ltr'><strong>quo</strong></span> 
     </span>
    </p>
   </div>
   <div class='ocr_carea' id='block_1_87' title="bbox 2284 4292 3882 4382">
    <p class='ocr_par' dir='ltr' id='par_1_87' title="bbox 2284 4304 3882 4382">
     <span class='ocr_line' id='line_1_87' title="bbox 2284 4304 3882 4382; baseline 0.004 -25"><span class='ocrx_word' id='word_1_607' title='bbox 2284 4304 2456 4358; x_wconf 74' lang='grc' dir='ltr'>ἑαυτὸν</span> <span class='ocrx_word' id='word_1_608' title='bbox 2503 4305 2733 4378; x_wconf 76' lang='grc' dir='ltr'>ἁγιάζει,</span> <span class='ocrx_word' id='word_1_609' title='bbox 2791 4313 2882 4361; x_wconf 83' lang='grc' dir='ltr'>καὶ</span> <span class='ocrx_word' id='word_1_610' title='bbox 2947 4310 3099 4372; x_wconf 75' lang='grc' dir='ltr'>αὐτὸς</span> <span class='ocrx_word' id='word_1_611' title='bbox 3172 4310 3354 4364; x_wconf 72' lang='grc' dir='ltr'>ἑαυτὸν</span> <span class='ocrx_word' id='word_1_612' title='bbox 3404 4310 3534 4382; x_wconf 76' lang='grc' dir='ltr'><strong>ὑψοί</strong></span> <span class='ocrx_word' id='word_1_613' title='bbox 3581 4328 3596 4342; x_wconf 84' lang='lat'><strong>&#39;</strong></span> <span class='ocrx_word' id='word_1_614' title='bbox 3647 4315 3731 4365; x_wconf 83' lang='grc' dir='ltr'>ὅτε</span> <span class='ocrx_word' id='word_1_615' title='bbox 3784 4311 3882 4363; x_wconf 79' lang='grc' dir='ltr'>οὖν</span> 
     </span>
    </p>
   </div>
   <div class='ocr_carea' id='block_1_88' title="bbox 516 4382 2114 4477">
    <p class='ocr_par' dir='ltr' id='par_1_88' title="bbox 516 4382 2114 4461">
     <span class='ocr_line' id='line_1_88' title="bbox 516 4382 2114 4461; baseline 0.002 -20"><span class='ocrx_word' id='word_1_616' title='bbox 516 4388 688 4441; x_wconf 88' lang='lat' dir='ltr'><strong>Pater</strong></span> <span class='ocrx_word' id='word_1_617' title='bbox 719 4383 924 4456; x_wconf 91' lang='lat' dir='ltr'><strong>ipsum</strong></span> <span class='ocrx_word' id='word_1_618' title='bbox 965 4382 1376 4449; x_wconf 87' lang='lat' dir='ltr'><strong>sanctiﬁcavit,</strong></span> <span class='ocrx_word' id='word_1_619' title='bbox 1406 4388 1462 4440; x_wconf 90' lang='lat' dir='ltr'><strong>et</strong></span> <span class='ocrx_word' id='word_1_620' title='bbox 1497 4387 1897 4456; x_wconf 88' lang='lat' dir='ltr'><strong>resuscitavit,</strong></span> <span class='ocrx_word' id='word_1_621' title='bbox 1931 4389 2114 4461; x_wconf 81' lang='lat' dir='ltr'><strong>sibin</strong></span> 
     </span>
    </p>
   </div>
   <div class='ocr_carea' id='block_1_89' title="bbox 2279 4382 3877 4477">
    <p class='ocr_par' dir='ltr' id='par_1_89' title="bbox 2279 4393 3877 4473">
     <span class='ocr_line' id='line_1_89' title="bbox 2279 4393 3877 4473; baseline 0.006 -29"><span class='ocrx_word' id='word_1_622' title='bbox 2279 4393 2406 4464; x_wconf 82' lang='grc' dir='ltr'>λέγει</span> <span class='ocrx_word' id='word_1_623' title='bbox 2453 4395 2531 4447; x_wconf 90' lang='grc' dir='ltr'>ὅτι</span> <span class='ocrx_word' id='word_1_624' title='bbox 2574 4396 2600 4447; x_wconf 86' lang='grc' dir='ltr'>ὁ</span> <span class='ocrx_word' id='word_1_625' title='bbox 2653 4401 2835 4471; x_wconf 80' lang='grc' dir='ltr'>Πατὴρ</span> <span class='ocrx_word' id='word_1_626' title='bbox 2885 4399 3100 4469; x_wconf 79' lang='grc' dir='ltr'>ἡγίασεν</span> <span class='ocrx_word' id='word_1_627' title='bbox 3128 4400 3308 4464; x_wconf 76' lang='grc' dir='ltr'>αὐτόν,</span> <span class='ocrx_word' id='word_1_628' title='bbox 3339 4406 3430 4452; x_wconf 82' lang='grc' dir='ltr'>καὶ</span> <span class='ocrx_word' id='word_1_629' title='bbox 3460 4404 3666 4473; x_wconf 77' lang='grc' dir='ltr'>ἤγειρεν</span> <span class='ocrx_word' id='word_1_630' title='bbox 3694 4399 3877 4468; x_wconf 72' lang='grc' dir='ltr'>αὐτὸν,</span> 
     </span>
    </p>
   </div>
   <div class='ocr_carea' id='block_1_90' title="bbox 514 4471 2112 4563">
    <p class='ocr_par' dir='ltr' id='par_1_90' title="bbox 514 4471 2112 4548">
     <span class='ocr_line' id='line_1_90' title="bbox 514 4471 2112 4548; baseline 0.003 -20"><span class='ocrx_word' id='word_1_631' title='bbox 514 4486 741 4531; x_wconf 77' lang='lat' dir='ltr'><strong>nomen</strong></span> <span class='ocrx_word' id='word_1_632' title='bbox 770 4485 951 4543; x_wconf 84' lang='lat' dir='ltr'><strong>super</strong></span> <span class='ocrx_word' id='word_1_633' title='bbox 976 4485 1158 4527; x_wconf 86' lang='lat' dir='ltr'><strong>omne</strong></span> <span class='ocrx_word' id='word_1_634' title='bbox 1188 4484 1415 4527; x_wconf 86' lang='lat' dir='ltr'><strong>nomen</strong></span> <span class='ocrx_word' id='word_1_635' title='bbox 1444 4471 1693 4542; x_wconf 78' lang='lat' dir='ltr'><strong>largitus</strong></span> <span class='ocrx_word' id='word_1_636' title='bbox 1712 4478 1826 4542; x_wconf 87' lang='lat' dir='ltr'><strong>est,</strong></span> <span class='ocrx_word' id='word_1_637' title='bbox 1855 4474 2112 4548; x_wconf 81' lang='lat' dir='ltr'><strong>vitaqu</strong></span> 
     </span>
    </p>
   </div>
   <div class='ocr_carea' id='block_1_91' title="bbox 2281 4471 3879 4563">
    <p class='ocr_par' dir='ltr' id='par_1_91' title="bbox 2281 4482 3879 4563">
     <span class='ocr_line' id='line_1_91' title="bbox 2281 4482 3879 4563; baseline 0.006 -29"><span class='ocrx_word' id='word_1_638' title='bbox 2281 4488 2362 4537; x_wconf 70' lang='grc' dir='ltr'>καὶ</span> <span class='ocrx_word' id='word_1_639' title='bbox 2418 4482 2708 4557; x_wconf 72' lang='grc' dir='ltr'>ἐχαρίσατο</span> <span class='ocrx_word' id='word_1_640' title='bbox 2755 4485 2896 4558; x_wconf 72' lang='grc' dir='ltr'>αὐτῷ</span> <span class='ocrx_word' id='word_1_641' title='bbox 2944 4490 3105 4562; x_wconf 80' lang='grc' dir='ltr'>ὄνομα</span> <span class='ocrx_word' id='word_1_642' title='bbox 3154 4493 3213 4542; x_wconf 87' lang='grc' dir='ltr'><strong>τό</strong></span> <span class='ocrx_word' id='word_1_643' title='bbox 3252 4492 3379 4563; x_wconf 72' lang='grc' dir='ltr'>ὑπὲρ</span> <span class='ocrx_word' id='word_1_644' title='bbox 3428 4495 3529 4543; x_wconf 84' lang='grc' dir='ltr'><strong>πᾶν</strong></span> <span class='ocrx_word' id='word_1_645' title='bbox 3559 4492 3740 4562; x_wconf 77' lang='grc' dir='ltr'>ὄνομα,</span> <span class='ocrx_word' id='word_1_646' title='bbox 3783 4495 3879 4543; x_wconf 76' lang='grc' dir='ltr'>καὶ</span> 
     </span>
    </p>
   </div>
   <div class='ocr_carea' id='block_1_92' title="bbox 515 4558 2113 4647">
    <p class='ocr_par' dir='ltr' id='par_1_92' title="bbox 515 4558 2113 4632">
     <span class='ocr_line' id='line_1_92' title="bbox 515 4558 2113 4632; baseline 0.003 -16"><span class='ocrx_word' id='word_1_647' title='bbox 515 4559 784 4626; x_wconf 81' lang='lat' dir='ltr'><strong>donavit,</strong></span> <span class='ocrx_word' id='word_1_648' title='bbox 812 4558 957 4615; x_wconf 87' lang='lat' dir='ltr'><strong>satis</strong></span> <span class='ocrx_word' id='word_1_649' title='bbox 986 4562 1240 4626; x_wconf 87' lang='lat' dir='ltr'><strong>constat,</strong></span> <span class='ocrx_word' id='word_1_650' title='bbox 1265 4558 1435 4630; x_wconf 90' lang='lat' dir='ltr'><strong>quod</strong></span> <span class='ocrx_word' id='word_1_651' title='bbox 1462 4575 1567 4631; x_wconf 91' lang='lat' dir='ltr'><strong>per</strong></span> <span class='ocrx_word' id='word_1_652' title='bbox 1594 4560 1797 4632; x_wconf 91' lang='lat' dir='ltr'><strong>ipsum</strong></span> <span class='ocrx_word' id='word_1_653' title='bbox 1822 4564 2032 4619; x_wconf 89' lang='lat' dir='ltr'><strong>omnia</strong></span> <span class='ocrx_word' id='word_1_654' title='bbox 2058 4567 2113 4620; x_wconf 71' lang='lat' dir='ltr'><strong>P1</strong></span> 
     </span>
    </p>
   </div>
   <div class='ocr_carea' id='block_1_93' title="bbox 2280 4558 3878 4647">
    <p class='ocr_par' dir='ltr' id='par_1_93' title="bbox 2280 4567 3878 4647">
     <span class='ocr_line' id='line_1_93' title="bbox 2280 4567 3878 4647; baseline 0.006 -25"><span class='ocrx_word' id='word_1_655' title='bbox 2280 4567 2460 4623; x_wconf 75' lang='grc' dir='ltr'>ἔδωκεν</span> <span class='ocrx_word' id='word_1_656' title='bbox 2513 4572 2654 4644; x_wconf 81' lang='grc' dir='ltr'>αὐτῷ</span> <span class='ocrx_word' id='word_1_657' title='bbox 2713 4574 2873 4647; x_wconf 70' lang='grc' dir='ltr'>ζωὴν,</span> <span class='ocrx_word' id='word_1_658' title='bbox 2919 4572 3076 4635; x_wconf 73' lang='grc' dir='ltr'>δῆλον</span> <span class='ocrx_word' id='word_1_659' title='bbox 3128 4579 3211 4630; x_wconf 86' lang='grc' dir='ltr'>ὅτι</span> <span class='ocrx_word' id='word_1_660' title='bbox 3267 4575 3342 4630; x_wconf 68' lang='grc' dir='ltr'><strong>δι’</strong></span> <span class='ocrx_word' id='word_1_661' title='bbox 3382 4579 3543 4631; x_wconf 78' lang='grc' dir='ltr'>αὐτου</span> <span class='ocrx_word' id='word_1_662' title='bbox 3582 4580 3648 4631; x_wconf 83' lang='grc' dir='ltr'>τὰ</span> <span class='ocrx_word' id='word_1_663' title='bbox 3703 4580 3878 4630; x_wconf 78' lang='grc' dir='ltr'>πάντα</span> 
     </span>
    </p>
   </div>
   <div class='ocr_carea' id='block_1_94' title="bbox 513 4647 2111 4742">
    <p class='ocr_par' dir='ltr' id='par_1_94' title="bbox 513 4647 2111 4722">
     <span class='ocr_line' id='line_1_94' title="bbox 513 4647 2111 4722; baseline 0.001 -13"><span class='ocrx_word' id='word_1_664' title='bbox 513 4653 601 4709; x_wconf 73' lang='lat' dir='ltr'><strong>tor</strong></span> <span class='ocrx_word' id='word_1_665' title='bbox 620 4652 924 4722; x_wconf 82' lang='lat' dir='ltr'><strong>operatur.</strong></span> <span class='ocrx_word' id='word_1_666' title='bbox 957 4649 1063 4704; x_wconf 90' lang='lat' dir='ltr'><strong>Per</strong></span> <span class='ocrx_word' id='word_1_667' title='bbox 1100 4647 1303 4719; x_wconf 89' lang='lat' dir='ltr'><strong>ipsum</strong></span> <span class='ocrx_word' id='word_1_668' title='bbox 1348 4648 1551 4722; x_wconf 81' lang='lat' dir='ltr'><strong>itaque</strong></span> <span class='ocrx_word' id='word_1_669' title='bbox 1575 4650 1859 4709; x_wconf 85' lang='lat' dir='ltr'><strong>eumdem</strong></span> <span class='ocrx_word' id='word_1_670' title='bbox 1891 4653 2111 4711; x_wconf 85' lang='lat' dir='ltr'><strong>suscita</strong></span> 
     </span>
    </p>
   </div>
   <div class='ocr_carea' id='block_1_95' title="bbox 2276 4647 3874 4742">
    <p class='ocr_par' dir='ltr' id='par_1_95' title="bbox 2276 4660 3874 4742">
     <span class='ocr_line' id='line_1_95' title="bbox 2276 4660 3874 4742; baseline 0.005 -32"><span class='ocrx_word' id='word_1_671' title='bbox 2276 4666 2409 4715; x_wconf 85' lang='grc' dir='ltr'>ποιεῖ</span> <span class='ocrx_word' id='word_1_672' title='bbox 2435 4661 2461 4712; x_wconf 90' lang='grc' dir='ltr'><strong>ό</strong></span> <span class='ocrx_word' id='word_1_673' title='bbox 2496 4666 2678 4736; x_wconf 81' lang='grc' dir='ltr'>Πατήρ</span> <span class='ocrx_word' id='word_1_674' title='bbox 2720 4678 2735 4693; x_wconf 86' lang='grc'><em>’</em></span> <span class='ocrx_word' id='word_1_675' title='bbox 2769 4660 2841 4715; x_wconf 76' lang='grc' dir='ltr'><strong>δι’</strong></span> <span class='ocrx_word' id='word_1_676' title='bbox 2882 4673 3042 4717; x_wconf 84' lang='grc' dir='ltr'>αυτοῦ</span> <span class='ocrx_word' id='word_1_677' title='bbox 3093 4663 3180 4718; x_wconf 77' lang='grc' dir='ltr'>οὖν</span> <span class='ocrx_word' id='word_1_678' title='bbox 3238 4667 3390 4720; x_wconf 79' lang='grc' dir='ltr'>αὐτὸν</span> <span class='ocrx_word' id='word_1_679' title='bbox 3426 4666 3629 4742; x_wconf 67' lang='grc' dir='ltr'>ἐγείρει,</span> <span class='ocrx_word' id='word_1_680' title='bbox 3660 4671 3751 4720; x_wconf 80' lang='grc' dir='ltr'>καὶ</span> <span class='ocrx_word' id='word_1_681' title='bbox 3796 4663 3874 4718; x_wconf 77' lang='grc' dir='ltr'><strong>δι’</strong></span> 
     </span>
    </p>
   </div>
   <div class='ocr_carea' id='block_1_96' title="bbox 509 4735 2107 4827">
    <p class='ocr_par' dir='ltr' id='par_1_96' title="bbox 509 4735 2107 4812">
     <span class='ocr_line' id='line_1_96' title="bbox 509 4735 2107 4812; baseline 0.003 -18"><span class='ocrx_word' id='word_1_682' title='bbox 509 4753 621 4811; x_wconf 80' lang='lat' dir='ltr'><strong>per</strong></span> <span class='ocrx_word' id='word_1_683' title='bbox 631 4736 839 4810; x_wconf 87' lang='lat' dir='ltr'><strong>ipsum</strong></span> <span class='ocrx_word' id='word_1_684' title='bbox 852 4735 1136 4792; x_wconf 87' lang='lat' dir='ltr'><strong>eumdem</strong></span> <span class='ocrx_word' id='word_1_685' title='bbox 1147 4735 1500 4807; x_wconf 87' lang='lat' dir='ltr'><strong>sanctiﬁcat,</strong></span> <span class='ocrx_word' id='word_1_686' title='bbox 1506 4753 1615 4811; x_wconf 88' lang='lat' dir='ltr'><strong>per</strong></span> <span class='ocrx_word' id='word_1_687' title='bbox 1632 4738 1834 4812; x_wconf 86' lang='lat' dir='ltr'><strong>ipsum</strong></span> <span class='ocrx_word' id='word_1_688' title='bbox 1855 4742 2107 4799; x_wconf 87' lang='lat' dir='ltr'><strong>eumdeu</strong></span> 
     </span>
    </p>
   </div>
   <div class='ocr_carea' id='block_1_97' title="bbox 2281 4735 3879 4827">
    <p class='ocr_par' dir='ltr' id='par_1_97' title="bbox 2281 4748 3879 4827">
     <span class='ocr_line' id='line_1_97' title="bbox 2281 4748 3879 4827; baseline 0.007 -28"><span class='ocrx_word' id='word_1_689' title='bbox 2281 4748 2432 4800; x_wconf 68' lang='grc' dir='ltr'>αὐτου</span> <span class='ocrx_word' id='word_1_690' title='bbox 2472 4749 2626 4801; x_wconf 78' lang='grc' dir='ltr'>αὐτόν</span> <span class='ocrx_word' id='word_1_691' title='bbox 2675 4751 2904 4825; x_wconf 77' lang='grc' dir='ltr'>ἁγιάζει,</span> <span class='ocrx_word' id='word_1_692' title='bbox 2956 4759 3043 4806; x_wconf 83' lang='grc' dir='ltr'>καὶ</span> <span class='ocrx_word' id='word_1_693' title='bbox 3094 4751 3167 4806; x_wconf 76' lang='grc' dir='ltr'><strong>δι’</strong></span> <span class='ocrx_word' id='word_1_694' title='bbox 3198 4756 3357 4807; x_wconf 79' lang='grc' dir='ltr'>αῦτου</span> <span class='ocrx_word' id='word_1_695' title='bbox 3406 4755 3564 4808; x_wconf 77' lang='grc' dir='ltr'>αὐτόν</span> <span class='ocrx_word' id='word_1_696' title='bbox 3609 4755 3754 4827; x_wconf 72' lang='grc' dir='ltr'>ὑψοί,</span> <span class='ocrx_word' id='word_1_697' title='bbox 3784 4764 3879 4812; x_wconf 84' lang='grc' dir='ltr'>καὶ</span> 
     </span>
    </p>
   </div>
   <div class='ocr_carea' id='block_1_98' title="bbox 512 4824 2110 4919">
    <p class='ocr_par' dir='ltr' id='par_1_98' title="bbox 512 4824 2110 4897">
     <span class='ocr_line' id='line_1_98' title="bbox 512 4824 2110 4897; baseline 0.003 -13"><span class='ocrx_word' id='word_1_698' title='bbox 512 4832 640 4885; x_wconf 89' lang='lat' dir='ltr'><strong>met</strong></span> <span class='ocrx_word' id='word_1_699' title='bbox 663 4824 908 4883; x_wconf 84' lang='lat' dir='ltr'><strong>exaltat.</strong></span> <span class='ocrx_word' id='word_1_700' title='bbox 940 4826 1005 4885; x_wconf 85' lang='lat' dir='ltr'><strong>Et</strong></span> <span class='ocrx_word' id='word_1_701' title='bbox 1033 4840 1172 4883; x_wconf 89' lang='lat' dir='ltr'><strong>cum</strong></span> <span class='ocrx_word' id='word_1_702' title='bbox 1197 4824 1473 4897; x_wconf 86' lang='lat' dir='ltr'><strong>spiritum</strong></span> <span class='ocrx_word' id='word_1_703' title='bbox 1501 4842 1680 4883; x_wconf 87' lang='lat' dir='ltr'><strong>suum</strong></span> <span class='ocrx_word' id='word_1_704' title='bbox 1723 4828 1787 4884; x_wconf 92' lang='lat' dir='ltr'><strong>in</strong></span> <span class='ocrx_word' id='word_1_705' title='bbox 1814 4829 2008 4886; x_wconf 89' lang='lat' dir='ltr'><strong>Patris</strong></span> <span class='ocrx_word' id='word_1_706' title='bbox 2036 4849 2110 4888; x_wconf 73' lang='lat' dir='ltr'><strong>ma</strong></span> 
     </span>
    </p>
   </div>
   <div class='ocr_carea' id='block_1_99' title="bbox 2280 4824 3878 4919">
    <p class='ocr_par' dir='ltr' id='par_1_99' title="bbox 2280 4832 3878 4919">
     <span class='ocr_line' id='line_1_99' title="bbox 2280 4832 3878 4919; baseline 0.006 -29"><span class='ocrx_word' id='word_1_707' title='bbox 2280 4832 2345 4890; x_wconf 68' lang='grc' dir='ltr'><strong>δι’</strong></span> <span class='ocrx_word' id='word_1_708' title='bbox 2382 4838 2542 4890; x_wconf 78' lang='grc' dir='ltr'>αῦτου</span> <span class='ocrx_word' id='word_1_709' title='bbox 2599 4844 2693 4898; x_wconf 73' lang='grc' dir='ltr'>τὴν</span> <span class='ocrx_word' id='word_1_710' title='bbox 2725 4841 2863 4901; x_wconf 82' lang='grc' dir='ltr'>ζωὴν</span> <span class='ocrx_word' id='word_1_711' title='bbox 2901 4842 3042 4914; x_wconf 75' lang='grc' dir='ltr'>αὐτῷ</span> <span class='ocrx_word' id='word_1_712' title='bbox 3098 4840 3324 4897; x_wconf 78' lang='grc' dir='ltr'>δίδωσιν</span> <span class='ocrx_word' id='word_1_713' title='bbox 3355 4862 3369 4876; x_wconf 86' lang='grc'>⁶</span> <span class='ocrx_word' id='word_1_714' title='bbox 3403 4850 3495 4897; x_wconf 83' lang='grc' dir='ltr'>καὶ</span> <span class='ocrx_word' id='word_1_715' title='bbox 3526 4847 3610 4899; x_wconf 84' lang='grc' dir='ltr'>ὅτε</span> <span class='ocrx_word' id='word_1_716' title='bbox 3646 4852 3878 4919; x_wconf 87' lang='grc' dir='ltr'>παρατί-</span> 
     </span>
    </p>
   </div>
   <div class='ocr_carea' id='block_1_100' title="bbox 513 4914 2111 5010">
    <p class='ocr_par' dir='ltr' id='par_1_100' title="bbox 513 4914 2111 4989">
     <span class='ocr_line' id='line_1_100' title="bbox 513 4914 2111 4989; baseline 0.003 -16"><span class='ocrx_word' id='word_1_717' title='bbox 513 4932 630 4973; x_wconf 91' lang='lat' dir='ltr'><strong>nus</strong></span> <span class='ocrx_word' id='word_1_718' title='bbox 656 4915 743 4972; x_wconf 88' lang='lat' dir='ltr'><strong>uti</strong></span> <span class='ocrx_word' id='word_1_719' title='bbox 767 4914 952 4970; x_wconf 93' lang='lat' dir='ltr'><strong>homo</strong></span> <span class='ocrx_word' id='word_1_720' title='bbox 977 4914 1382 4981; x_wconf 89' lang='lat' dir='ltr'><strong>commendat,</strong></span> <span class='ocrx_word' id='word_1_721' title='bbox 1406 4915 1519 4972; x_wconf 91' lang='lat' dir='ltr'><strong>sibi</strong></span> <span class='ocrx_word' id='word_1_722' title='bbox 1548 4916 1665 4989; x_wconf 90' lang='lat' dir='ltr'><strong>ipsi</strong></span> <span class='ocrx_word' id='word_1_723' title='bbox 1692 4920 2070 4979; x_wconf 90' lang='lat' dir='ltr'><strong>commendat</strong></span> <span class='ocrx_word' id='word_1_724' title='bbox 2098 4939 2111 4977; x_wconf 89' lang='grc' dir='ltr'><strong>ι</strong></span> 
     </span>
    </p>
   </div>
   <div class='ocr_carea' id='block_1_101' title="bbox 2280 4914 3878 5010">
    <p class='ocr_par' dir='ltr' id='par_1_101' title="bbox 2280 4927 3878 5010">
     <span class='ocr_line' id='line_1_101' title="bbox 2280 4927 3878 5010; baseline 0.007 -32"><span class='ocrx_word' id='word_1_725' title='bbox 2280 4927 2417 4979; x_wconf 83' lang='grc' dir='ltr'>θεται</span> <span class='ocrx_word' id='word_1_726' title='bbox 2463 4931 2521 4980; x_wconf 91' lang='grc' dir='ltr'><strong>τό</strong></span> <span class='ocrx_word' id='word_1_727' title='bbox 2572 4948 2774 5002; x_wconf 86' lang='grc' dir='ltr'>πνευμα</span> <span class='ocrx_word' id='word_1_728' title='bbox 2819 4931 2976 4983; x_wconf 77' lang='grc' dir='ltr'>αὐτου</span> <span class='ocrx_word' id='word_1_729' title='bbox 3026 4936 3094 4995; x_wconf 87' lang='grc' dir='ltr'>ὡς</span> <span class='ocrx_word' id='word_1_730' title='bbox 3136 4936 3402 5007; x_wconf 77' lang='grc' dir='ltr'>ἄνθρωπος</span> <span class='ocrx_word' id='word_1_731' title='bbox 3447 4935 3514 4995; x_wconf 85' lang='grc' dir='ltr'>εἰς</span> <span class='ocrx_word' id='word_1_732' title='bbox 3553 4942 3737 5010; x_wconf 88' lang='grc' dir='ltr'>χεῖρας</span> <span class='ocrx_word' id='word_1_733' title='bbox 3778 4956 3878 4989; x_wconf 89' lang='grc' dir='ltr'><strong>του</strong></span> 
     </span>
    </p>
   </div>
   <div class='ocr_carea' id='block_1_102' title="bbox 516 5003 2114 5096">
    <p class='ocr_par' dir='ltr' id='par_1_102' title="bbox 516 5003 2114 5079">
     <span class='ocr_line' id='line_1_102' title="bbox 516 5003 2114 5079; baseline 0.002 -18"><span class='ocrx_word' id='word_1_734' title='bbox 516 5007 659 5072; x_wconf 85' lang='lat' dir='ltr'><strong>Deo,</strong></span> <span class='ocrx_word' id='word_1_735' title='bbox 704 5008 772 5060; x_wconf 91' lang='lat' dir='ltr'><strong>ut</strong></span> <span class='ocrx_word' id='word_1_736' title='bbox 809 5003 1088 5060; x_wconf 91' lang='lat' dir='ltr'><strong>homines</strong></span> <span class='ocrx_word' id='word_1_737' title='bbox 1111 5004 1230 5059; x_wconf 90' lang='lat' dir='ltr'><strong>Deo</strong></span> <span class='ocrx_word' id='word_1_738' title='bbox 1259 5005 1659 5063; x_wconf 89' lang='lat' dir='ltr'><strong>commendet.</strong></span> <span class='ocrx_word' id='word_1_739' title='bbox 1701 5010 1833 5079; x_wconf 87' lang='lat' dir='ltr'><strong>Ipse</strong></span> <span class='ocrx_word' id='word_1_740' title='bbox 1870 5010 2030 5068; x_wconf 90' lang='lat' dir='ltr'><strong>enim</strong></span> <span class='ocrx_word' id='word_1_741' title='bbox 2061 5013 2114 5067; x_wconf 57' lang='lat' dir='ltr'><strong>D4</strong></span> 
     </span>
    </p>
   </div>
   <div class='ocr_carea' id='block_1_103' title="bbox 2280 5003 3878 5096">
    <p class='ocr_par' dir='ltr' id='par_1_103' title="bbox 2280 5017 3878 5096">
     <span class='ocr_line' id='line_1_103' title="bbox 2280 5017 3878 5096; baseline 0.008 -29"><span class='ocrx_word' id='word_1_742' title='bbox 2280 5019 2490 5090; x_wconf 84' lang='grc' dir='ltr'>Πατρός,</span> <span class='ocrx_word' id='word_1_743' title='bbox 2546 5017 2714 5089; x_wconf 82' lang='grc' dir='ltr'>ἑαυτῷ</span> <span class='ocrx_word' id='word_1_744' title='bbox 2778 5023 3124 5095; x_wconf 87' lang='grc' dir='ltr'>παρατίθεται</span> <span class='ocrx_word' id='word_1_745' title='bbox 3187 5024 3258 5085; x_wconf 84' lang='grc' dir='ltr'>ὡς</span> <span class='ocrx_word' id='word_1_746' title='bbox 3325 5031 3459 5096; x_wconf 82' lang='grc' dir='ltr'>Θεῷ,</span> <span class='ocrx_word' id='word_1_747' title='bbox 3522 5026 3604 5077; x_wconf 85' lang='grc' dir='ltr'>ἶνα</span> <span class='ocrx_word' id='word_1_748' title='bbox 3674 5027 3878 5089; x_wconf 75' lang='grc' dir='ltr'>πάντας</span> 
     </span>
    </p>
   </div>
   <div class='ocr_carea' id='block_1_104' title="bbox 513 5096 3875 5186">
    <p class='ocr_par' dir='ltr' id='par_1_104' title="bbox 513 5096 3875 5186">
     <span class='ocr_line' id='line_1_104' title="bbox 513 5096 3875 5186; baseline 0.005 -36"><span class='ocrx_word' id='word_1_749' title='bbox 513 5107 735 5150; x_wconf 88' lang='lat' dir='ltr'><strong>manus</strong></span> <span class='ocrx_word' id='word_1_750' title='bbox 754 5096 865 5149; x_wconf 90' lang='lat' dir='ltr'><strong>est.</strong></span> <span class='ocrx_word' id='word_1_751' title='bbox 2270 5102 2572 5178; x_wconf 80' lang='grc' dir='ltr'>ἀνθρώπους</span> <span class='ocrx_word' id='word_1_752' title='bbox 2611 5109 2917 5179; x_wconf 82' lang='grc' dir='ltr'>παράθηται</span> <span class='ocrx_word' id='word_1_753' title='bbox 2966 5117 3039 5161; x_wconf 82' lang='grc' dir='ltr'>τῶ</span> <span class='ocrx_word' id='word_1_754' title='bbox 3080 5119 3195 5182; x_wconf 84' lang='grc' dir='ltr'><strong>Θεῷ</strong></span> <span class='ocrx_word' id='word_1_755' title='bbox 3230 5129 3244 5143; x_wconf 73' lang='grc'><strong><em>⁸</em></strong></span> <span class='ocrx_word' id='word_1_756' title='bbox 3296 5111 3451 5174; x_wconf 75' lang='grc' dir='ltr'>αὐτὸς</span> <span class='ocrx_word' id='word_1_757' title='bbox 3499 5115 3602 5186; x_wconf 78' lang='grc' dir='ltr'><strong>γάρ</strong></span> <span class='ocrx_word' id='word_1_758' title='bbox 3659 5112 3800 5166; x_wconf 79' lang='grc' dir='ltr'>ἐστιν</span> <span class='ocrx_word' id='word_1_759' title='bbox 3843 5118 3875 5174; x_wconf 78' lang='grc' dir='ltr'><strong>ἡ</strong></span> 
     </span>
    </p>
   </div>
   <div class='ocr_carea' id='block_1_105' title="bbox 2270 5198 2689 5268">
    <p class='ocr_par' dir='ltr' id='par_1_105' title="bbox 2270 5198 2689 5268">
     <span class='ocr_line' id='line_1_105' title="bbox 2270 5198 2689 5268; baseline 0 -22"><span class='ocrx_word' id='word_1_760' title='bbox 2270 5198 2394 5268; x_wconf 82' lang='grc' dir='ltr'>χεὶρ</span> <span class='ocrx_word' id='word_1_761' title='bbox 2423 5202 2517 5247; x_wconf 91' lang='grc' dir='ltr'><strong>τοῦ</strong></span> <span class='ocrx_word' id='word_1_762' title='bbox 2543 5199 2689 5248; x_wconf 90' lang='grc' dir='ltr'>Θεοῦ.</span> 
     </span>
    </p>
   </div>
   <div class='ocr_carea' id='block_1_106' title="bbox 584 5268 1692 5341">
    <p class='ocr_par' dir='ltr' id='par_1_106' title="bbox 584 5268 1692 5341">
     <span class='ocr_line' id='line_1_106' title="bbox 584 5268 1692 5341; baseline 0.004 -15"><span class='ocrx_word' id='word_1_763' title='bbox 584 5272 639 5308; x_wconf 57' lang='grc' dir='ltr'><strong>τι</strong></span> <span class='ocrx_word' id='word_1_764' title='bbox 664 5268 844 5326; x_wconf 81' lang='lat' dir='ltr'><strong>Hebr.</strong></span> <span class='ocrx_word' id='word_1_765' title='bbox 863 5285 985 5338; x_wconf 77' lang='lat' dir='ltr'><strong>xui,</strong></span> <span class='ocrx_word' id='word_1_766' title='bbox 1021 5273 1081 5325; x_wconf 91' lang='lat'><strong>8.</strong></span> <span class='ocrx_word' id='word_1_767' title='bbox 1163 5270 1207 5306; x_wconf 77' lang='lat'><strong><em>&quot;</em></strong></span> <span class='ocrx_word' id='word_1_768' title='bbox 1249 5271 1417 5327; x_wconf 84' lang='lat' dir='ltr'><strong>Joan.</strong></span> <span class='ocrx_word' id='word_1_769' title='bbox 1448 5286 1569 5341; x_wconf 73' lang='grc' dir='ltr'><strong>κη,</strong></span> <span class='ocrx_word' id='word_1_770' title='bbox 1601 5274 1692 5331; x_wconf 59' lang='lat' dir='ltr'><strong>ib.</strong></span> 
     </span>
    </p>
   </div>
   <div class='ocr_carea' id='block_1_107' title="bbox 590 5515 2332 5607">
    <p class='ocr_par' dir='ltr' id='par_1_107' title="bbox 590 5515 2332 5607">
     <span class='ocr_line' id='line_1_107' title="bbox 590 5515 2332 5607; baseline 0.01 -32"><span class='ocrx_word' id='word_1_771' title='bbox 590 5516 707 5591; x_wconf 74' lang='grc'><strong>(14)</strong></span> <span class='ocrx_word' id='word_1_772' title='bbox 734 5517 801 5572; x_wconf 93' lang='lat' dir='ltr'><strong>In</strong></span> <span class='ocrx_word' id='word_1_773' title='bbox 827 5515 1103 5589; x_wconf 87' lang='lat' dir='ltr'><strong>capitulis</strong></span> <span class='ocrx_word' id='word_1_774' title='bbox 1126 5515 1475 5589; x_wconf 83' lang='lat' dir='ltr'><strong>theologicis</strong></span> <span class='ocrx_word' id='word_1_775' title='bbox 1503 5520 1603 5585; x_wconf 80' lang='lat' dir='ltr'><strong>ed.</strong></span> <span class='ocrx_word' id='word_1_776' title='bbox 1628 5523 1947 5586; x_wconf 81' lang='lat' dir='ltr'><strong>Combeﬁs.</strong></span> <span class='ocrx_word' id='word_1_777' title='bbox 1974 5531 2014 5588; x_wconf 88' lang='lat' dir='ltr'><strong>t.</strong></span> <span class='ocrx_word' id='word_1_778' title='bbox 2046 5532 2090 5601; x_wconf 81' lang='grc' dir='ltr'>Ι,</span> <span class='ocrx_word' id='word_1_779' title='bbox 2112 5546 2180 5607; x_wconf 92' lang='lat' dir='ltr'><strong>p.</strong></span> <span class='ocrx_word' id='word_1_780' title='bbox 2203 5532 2332 5592; x_wconf 82' lang='grc'><strong>512.</strong></span> 
     </span>
    </p>
   </div>
  </div>
