4046 6310
109 321 204 372 165
1440 319 1788 375 THESAURI
1826 314 1958 374 LIB.
2003 318 2156 374 XXIV
3389 331 3486 386 166

228 446 338 494 Τοῦ
373 441 538 493 αὐτου
570 445 623 494 ἑκ
663 449 753 493 τοῦ
781 443 1084 514 Ψαλτηρίου
1116 443 1384 514 ἑρμηνείας
1414 445 1485 504 εἰς
1512 447 1593 510 τὸ,

403 551 432 578 ι(
469 532 697 582 Γενέσθαι
721 533 754 587 ὴ
782 537 903 604 χείρ
947 551 1038 582 σου
1088 536 1259 584 σῶσαί
1289 551 1371 603 με.
1413 555 1432 581 ι

171 625 332 673 Ζητὼ
365 626 533 692 χεῖρα
556 626 647 672 τοῦ
677 627 812 672 Θεοῦ
851 625 968 693 περὶ
993 618 1055 682 ἧς
1083 622 1299 691 εὔχεται
1332 630 1498 672 ταῦτα
1541 621 1720 692 λὲγων-

109 709 180 760 Ἐν
240 714 402 782 χειρὶ
453 715 684 782 κρατωᾲ
725 708 972 778 ἐξήγαγεν
1014 711 1040 760 6
1094 713 1218 770 Θεὸς
1266 713 1352 762 τὸν
1411 710 1625 784 Ἰσραὴλ
1673 709 1724 772 ἐξ

107 797 402 864 Αἰγύπτου·
445 803 540 856 Ti;
585 794 642 848 δὲ
685 799 856 863 uim;
900 803 1128 871 Χριστὸς
1177 800 1400 860 Ἰησοῦς·
1436 796 1583 860 οὗτος
1621 802 1721 872 γάρ

105 887 215 937 ἐστι
257 892 356 938 καὶ
401 891 525 958 χεὶρ
553 892 638 937 καὶ
679 883 829 947 διξιὰ
867 896 957 938 τοῦ
988 892 1132 939 Θεου·
1165 890 1390 940 Γενίσθω
1429 884 1538 948 οὖν,
1569 894 1720 959 φησὶ,

105 979 128 1030 ἡ
176 981 308 1050 χείρ
380 995 475 1027 σου
534 983 624 1027 τοῦ
687 981 859 1028 σῶσαί
906 996 985 1047 με’
1048 979 1196 1047 τάχα
1244 983 1332 1028 καὶ
1384 982 1442 1028 τὸ
1499 979 1723 1047 γενέσθω

105 1062 262 1120 ὅτελοί
327 1071 568 1118 τοιοῦτον
620 1085 690 1134 τι,
736 1067 863 1130 οἷον,
902 1067 1009 1134 Εἰς,
1053 1072 1250 1137 γένεσιν
1296 1066 1480 1120 ἐλθέτω
1519 1069 1548 1124 ἡ
1601 1072 1722 1139 χείρ

101 1174 220 1222 σου,
259 1160 366 1207 καὶ
400 1157 630 1224 γενέσθω
659 1154 744 1206 ἐπὶ
783 1163 874 1207 τοῦ
907 1160 1077 1207 σῶσαί
1102 1175 1183 1226 με·

165 1338 276 1385 Τοῦ
307 1331 478 1402 ἁγίου
515 1332 766 1404 [υρίλλου
811 1332 866 1384 ἐκ
901 1342 999 1384 τῶν
1029 1337 1162 1386 κατὰ
1191 1337 1650 1405 Πνευματομάχων

515 1420 895 1495 ἁητιῤῥητικῶν
932 1422 1094 1492 λόγων
1125 1422 1259 1490 (15).

167 1511 452 1564 Δάκτυλον
503 1519 638 1565 Θεοῦ
692 1513 863 1564 καλεῖν
907 1509 1018 1565 οἶδε
1066 1519 1103 1564 Γ
1105 1518 1238 1585 ραφὴ
1297 1516 1353 1564 τὸ
1405 1519 1613 1584 Πνευμα
1665 1515 1722 1564 τὸ

102 1603 276 1671 ἐνίων,
329 1602 515 1662 καθὼς
562 1606 652 1653 καὶ
707 1603 733 1652 6
783 1606 1010 1674 Χριστὸς
1059 1603 1280 1675 εἰρηκεν·
1336 1602 1395 1655 Εἰ
1449 1599 1508 1654 δὲ
1554 1601 1604 1653 ἐν
1652 1610 1724 1671 τῷ

105 1687 361 1760 δακτύλῳ
431 1698 568 1742 Θεου
632 1689 859 1742 nemo.
926 1693 990 1741 τὰ
1047 1687 1314 1762 δαιμονιω
1385 1694 1507 1763 ὅπερ
1577 1691 1722 1751 ἄλλος

106 1779 499 1849 tier/1751:0115;
559 1783 611 1832 ἓν
665 1783 930 1851 Πνεύματι
987 1787 1120 1832 Θεου
1179 1777 1314 1832 εἶπεν
1343 1801 1357 1813 ’
1417 1782 1605 1852 ὁμοίως
1662 1777 1720 1832 δὲ

104 1868 504 1940 προσονομάξει
554 1864 729 1930 δεξιάν
769 1871 862 1920 καὶ
908 1867 1174 1942 βραχίονα
1217 1873 1302 1920 τὸν
1355 1872 1496 1937 Υίὸν,
1538 1872 1606 1930 ὡς
1641 1873 1719 1935 τὸ,

107 1957 346 2011 Ἐσωσεν
384 1957 544 2010 αὐτόν
577 1959 604 2015 ὁ
648 1953 800 2018 δεξιὰ
829 1957 1010 2023 αὐτοῦ,
1042 1962 1130 2008 καὶ
1173 1959 1198 2008 6
1243 1956 1486 2031 βραχίων
1518 1959 1543 2010 6
1574 1958 1722 2028 ἅγιος

106 2046 301 2098 πάτου·
386 2047 593 2120 ὥσπερ,
661 2045 750 2096 οὖν
813 2046 840 2096 6
912 2043 1156 2118 βραχίων
1235 2048 1511 2117 ὁμοοὺσιός
1584 2047 1722 2098 ἐστιν

103 2135 160 2185 οὗ
201 2134 322 2187 ἐστι
357 2133 632 2208 βραχίων,
666 2133 830 2194 οὕτως
858 2135 884 2184 6
913 2131 1165 2194 δάκτυλος
1206 2131 1266 2185 οὗ
1298 2134 1410 2187 ἐστι
1443 2132 1720 2196 δάκτυλος⁹

106 2226 396 2293 ομοούσιον
445 2223 550 2295 ἆρά
590 2230 664 2291 τῷ
697 2230 863 2294 Πατρι
915 2230 1001 2274 καὶ
1049 2231 1120 2292 τῷ
1163 2230 1264 2293 Υίῴ
1303 2228 1360 2275 τὸ
1411 2231 1617 2296 Πνευμα
1666 2229 1724 2276 τὸ

109 2314 272 2383 εἷς-[ιον.

175 2408 306 2475 Περὶ
336 2421 458 2469 του,
482 2402 605 2454 Ὀτι
636 2401 790 2462 αὐτὸς
823 2402 963 2453 ἐστιν
988 2401 1014 2451 6
1045 2409 1344 2476 προσφέρων
1376 2408 1462 2454 καὶ
1490 2421 1722 2473 προσφε-

109 2496 319 2562 ρόμενος
358 2495 454 2542 καὶ
497 2487 940 2563 κροσδεχομενος,
976 2491 1044 2552 ὡς
1089 2490 1381 2564 ἀρχιερεὺς,
1427 2497 1514 2543 καὶ
1562 2492 1720 2562 θυμα,

112 2586 192 2632 καὶ
231 2583 387 2645 Θεὸς,
433 2583 557 2635 ἤτοι
583 2578 609 2630 ὁ
642 2582 829 2650 Κύριος
850 2580 997 2650 ἡμῶν
1026 2580 1241 2639 Ἰησοώς
1273 2584 1516 2652 Χριστός.

110 2757 190 2810 Ἐκ
229 2766 330 2820 τῆς
374 2758 543 2828 εὐχῆς
597 2777 688 2808 του
745 2757 972 2828 μεγάλου
1028 2757 1314 2827 Βασιλείον,
1370 2758 1430 2819 ἧς
1479 2761 1506 2814 ἡ
1553 2757 1718 2831 *Pxﬂ'

663 2868 689 2894 ι(
734 2842 924 2908 Ουδεὶς
962 2846 1125 2908 ἄξιος.
1159 2870 1188 2899 ››

174 2938 442 3000 Ἀξίωσον
495 2937 914 3008 προσενεχθῆναί
956 2956 1040 2988 σοι
1084 2937 1210 3009 ὑπὲρ
1252 2935 1375 3007 ἐμου
1417 2956 1506 2988 του
1556 2936 1720 3008 ἁμαρ-

109 3026 268 3078 τωλου
314 3029 413 3076 καί
468 3023 683 3087 ἀναξίου
737 3020 927 3076 δούλου
976 3044 1069 3076 σου
1117 3027 1183 3076 τὰ
1223 3020 1370 3098 δῶρα
1407 3045 1612 3076 ταυτα*
1657 3028 1722 3076 συ

109 3118 202 3190 γαρ
229 3116 280 3168 εἶ
317 3117 346 3167 6
379 3119 691 3189 προσφέρων
732 3120 822 3166 καί
846 3119 1254 3190 προσφερόμενος
1285 3120 1373 3167 καί
1413 3112 1722 3189 προσδεχό-

109 3223 253 3273 μενος
282 3209 383 3256 καί
425 3200 804 3277 διαδιδόμενος
842 3205 866 3255 ὁ
899 3208 1027 3267 Θεὸς
1059 3206 1223 3276 ἡμῶν.

109 3300 205 3345 Ton
256 3295 419 3364 ἁγίου
487 3291 738 3366 Κυρίλλου
786 3290 1174 3368 Ἀλεξανδρείας
1212 3295 1283 3355 εἰς
1332 3299 1417 3346 τὸν
1468 3299 1726 3366 μυστικὸν

811 3377 1036 3435 δεῖπνον.

180 3478 424 3543 nimii.»
477 3470 640 3522 αὐτοῦ
679 3473 738 3522 τὸ
777 3472 910 3542 αἱμα
952 3475 1009 3524 τὸ
1045 3472 1196 3542 ἅγιον
1245 3473 1312 3534 εἰς
1364 3473 1580 3546 ἱλασμὸν
1628 3482 1728 3524 τῶν

114 3561 380 3632 ἐμετέρων
421 3559 881 3631 παραπτωμάτων,
942 3563 1031 3608 καί
1081 3559 1281 3630 μέθεξιν
1339 3567 1429 3619 τῆς
1486 3561 1536 3611 ἐν
1591 3560 1730 3630 αὐτῷ

111 3649 434 3707 ἀθανασίας·
487 3648 816 3708 πιστεύοντες
855 3647 965 3719 ἅμα
993 3646 1074 3699 ὃτι
1104 3667 1196 3720 περ
1241 3648 1398 3712 αὐτὸς
1445 3652 1601 3723 ἱερεὺς
1639 3639 1731 3701 καί

113 3740 292 3805 θυσία,
359 3735 524 3794 αὐτὸς
576 3735 602 3787 6
655 3739 958 3809 προσφέρων
1015 3741 1104 3788 καί
1170 3743 1578 3812 προσφερόμενος
1639 3744 1728 3790 καί

113 3822 553 3897 προσδεχόμενος
601 3828 690 3876 καί
724 3819 1115 3897 ὃιαὸιδόμενος·
1169 3830 1240 3898 μὴ
1289 3823 1614 3900 διαιρουντες
1657 3827 1728 3890 εἰς

115 3913 208 3966 ἓὺο
234 3932 510 3988 προσωπα
538 3919 631 3969 τήν
677 3914 815 3964 θείαν
847 3918 936 3964 καί
975 3911 1344 3967 ἀδιάσπαστον
1400 3921 1490 3966 καί
1519 3922 1643 3989 πρὸς
1672 3935 1727 3988 γε

1756 446 1802 497 Α
1834 444 2117 511 Ejusdem
2156 458 2231 499 ex
2257 445 2748 514 interpretatione
2774 450 3058 506 Psalterii
3074 452 3157 507 ad
3179 466 3249 508 ea
3276 455 3484 510 verba:

2013 555 2041 579 ‹‹
2077 533 2218 588 Fiat
2248 548 2463 589 manus
2491 542 2592 589 tua
2631 537 2713 591 ad
2741 539 3098 595 satvandum
3135 554 3247 596 me.
3281 564 3310 590 ››

1905 622 2115 685 Ουαιῑο
2145 636 2429 692 quasnam
2449 623 2524 678 sit
2547 626 2646 679 Dei
2670 642 2889 682 manus
2915 643 3025 698 pro
3054 644 3179 700 qua
3200 630 3286 684 sic
3313 629 3490 687 obse-

1834 713 1958 763 crat
1984 708 2226 764 dicens:
2267 711 2330 764 In
2370 727 2558 767 manu
2600 713 2734 768 forti
2777 715 2981 771 eduxit
3025 716 3302 772 lsraelem
3334 720 3489 775 Deus

1832 813 1903 851 ex
1930 797 2210 869 JEgypto.
2241 799 2530 862 Quanam
2560 800 2688 856 haec
2718 805 2850 857 est?
2877 803 3138 860 Christus
3159 807 3351 861 Jesus.
3382 807 3488 862 Hic

1831 887 1992 942 enim
2042 891 2131 941 est
2160 903 2376 943 manus
2423 893 2480 944 et
2517 889 2761 947 dextera
2805 892 2923 949 Dei.
2953 893 3092 949 Fiat
3134 895 3340 964 igitur,
3383 896 3487 966 ait,

1831 989 2046 1030 manus
2067 981 2172 1030 tua
2193 976 2274 1031 ad
2291 979 2652 1034 saluandam
2667 994 2756 1034 me
2781 980 2844 1033 ⁸⁸.
2874 983 3141 1037 Fortasse
3158 987 3212 1038 et
3233 983 3486 1040 verbum

1829 1063 1936 1129 ﬁat
1955 1063 2036 1120 ita
2053 1063 2380 1132 signiﬁcat:
2406 1067 2609 1122 Veniat
2627 1083 2846 1124 manus
2867 1074 2973 1126 tua
2989 1069 3068 1126 ad
3089 1071 3485 1141 nativitatem,

1833 1157 1896 1208 ut
1925 1151 2113 1210 salvet
2150 1169 2265 1209 me.

1831 1329 2038 1386 Sancti
2067 1331 2298 1400 Cyritti
2317 1347 2394 1389 ea:
2431 1335 2844 1392 antirrheticis
2871 1338 3248 1395 sermonibus
3275 1346 3491 1398 contra

2361 1424 2950 1491 pneumatomachos.

1905 1508 2162 1578 Digitum
2209 1510 2310 1566 Dei
2353 1511 2504 1568 solet
2550 1513 2855 1584 Scriptura
2896 1514 3156 1586 apellare
3205 1517 3489 1588 Spiritum

1833 1603 2133 1664 sanctum,
2169 1598 2343 1655 sicuti
2365 1600 2626 1656 Christus
2652 1601 2826 1658 dixit:
2858 1603 2926 1659 Si
2946 1620 3052 1674 ego
3082 1612 3146 1660 in
3177 1606 3362 1675 digito
3384 1608 3493 1665 Dei

1833 1687 2002 1754 ejicio
2021 1687 2315 1742 deemom'a
2345 1690 2410 1754 '9,
2436 1689 2497 1744 id
2517 1689 2684 1761 quod
2713 1691 2864 1746 alius
2884 1692 3248 1762 evangelista
3269 1695 3331 1748 in
3357 1695 3490 1764 Spi-

1831 1777 1950 1829 ritu
1980 1775 2091 1831 Dei
2109 1777 2156 1810 ³ο
2193 1776 2353 1832 dicit.
2386 1778 2478 1834 Sic
2507 1778 2650 1834 item
2695 1779 3007 1837 dexteram
3051 1780 3490 1856 brachiumque

1835 1863 2042 1920 Filium
2068 1864 2349 1936 appellat,
2377 1871 2440 1922 ut
2461 1872 2554 1924 est
2571 1866 2748 1923 illud:
2782 1870 3056 1926 Servavit
3078 1885 3209 1926 eum
3239 1871 3490 1930 dextera

1833 1956 1982 2023 ejus,
2023 1960 2077 2010 et
2121 1955 2434 2011 brachium
2482 1963 2756 2012 sanctum
2800 1973 2974 2014 suum
3008 1961 3076 2012 ³³.
3125 1960 3306 2016 Sicuti
3345 1976 3489 2032 ergo

1831 2043 2149 2098 brachium
2163 2043 2674 2100 consubstantiale
2688 2052 2776 2102 est
2791 2047 2843 2102 ei
2857 2048 3030 2118 cujus
3047 2053 3135 2103 est
3147 2048 3485 2118 brachium,

1835 2131 1918 2186 sic
1949 2131 2172 2202 digitus
2197 2132 2247 2187 ei
2279 2133 2452 2204 cujus
2474 2139 2562 2188 est
2591 2133 2832 2204 digitus.
2869 2138 3020 2206 Ergo
3044 2137 3198 2208 patri
3226 2137 3487 2211 Filioque

1834 2219 2362 2276 consubstantialis
2389 2226 2477 2276 est
2495 2221 2745 2293 Spiritus
2774 2228 3040 2278 sanctus.

1906 2397 2073 2463 Quod
2106 2398 2264 2452 idem
2289 2412 2566 2470 unusque
2595 2405 2685 2454 est
2699 2400 2803 2472 qui
2829 2400 3004 2456 offert
3031 2406 3087 2457 et
3114 2402 3220 2473 qui
3244 2401 3492 2460 offertur

1834 2491 1891 2542 et
1927 2485 2032 2558 qui
2069 2486 2295 2558 recipit,
2340 2488 2423 2542 uti
2470 2488 2757 2560 pontifex,
2796 2489 3016 2556 hostia,
3049 2491 3223 2562 Deus,
3271 2506 3492 2564 nempe

1835 2573 2128 2631 Dominus
2153 2581 2355 2632 noster
2379 2576 2554 2632 Jesus
2587 2575 2871 2633 Christus.

1941 2755 2038 2811 Ex
2051 2756 2400 2822 precatione
2418 2756 2628 2825 magni
2645 2755 2881 2822 Basilii,
2905 2759 3080 2826 cujus
3108 2757 3377 2814 initium:

2360 2864 2387 2891 ει
2427 2844 2610 2899 Nemo
2649 2844 2890 2914 dignus.
2930 2866 2958 2893 »

1903 2931 2177 3002 Dignare,
2230 2937 2295 2988 ut
2323 2931 2426 2987 tibi
2457 2932 2787 2988 offerantur
2813 2948 2925 3004 pro
2964 2948 3059 2987 me
3088 2937 3400 3005 peccatore
3431 2938 3487 2992 et

1832 3019 2083 3090 indigno
2111 3037 2282 3076 servo
2319 3028 2420 3076 tuo
2450 3021 2572 3077 haec
2603 3022 2786 3077 dona.
2819 3025 2900 3076 'l‘u
2926 3023 3085 3080 enim
3113 3039 3176 3078 es
3204 3022 3482 3091 offerens,

1833 3113 1886 3164 et
1913 3108 2171 3174 oblatus,
2206 3115 2263 3166 et
2292 3114 2580 3182 receptor,
2614 3114 2671 3165 et
2695 3109 3045 3166 distributor
3073 3112 3229 3166 Deus
3255 3116 3478 3168 noster.

1833 3287 2040 3342 Sancti
2078 3285 2296 3358 Cyrilti
2341 3287 2752 3344 Alexandrini
2781 3289 2847 3344 in
2877 3289 3185 3358 mysticam
3227 3303 3482 3355 caenam,

1907 3463 2193 3521 Bibamus
2222 3467 2498 3521 sanctum
2526 3465 2656 3535 ejus
2687 3465 3067 3536 sanguinem,
3100 3464 3181 3521 ad
3203 3470 3484 3538 peccato-

1837 3567 1972 3607 rum
2031 3560 2376 3609 nostrorum
2434 3553 2874 3621 remissionem,
2920 3559 2977 3610 et
3021 3554 3486 3610 immortalitatis

1839 3657 1977 3697 cum
2005 3643 2138 3714 ipso
2159 3641 2676 3715 participationem
2701 3661 2713 3710 ;
2739 3642 3048 3699 credentes
3063 3642 3261 3708 simul,
3282 3643 3485 3715 ipsum

1837 3745 1966 3786 esse
1997 3730 2369 3787 sacerdotem
2400 3735 2458 3786 et
2492 3730 2775 3798 hostiam,
2819 3731 3025 3803 ipsum
3063 3731 3169 3803 qui
3197 3730 3386 3801 offert,
3429 3733 3486 3787 et

1835 3820 1941 3892 qui
1967 3820 2232 3886 oﬂ‘ertur,
2277 3824 2337 3876 et
2372 3819 2475 3891 qui
2504 3821 2733 3892 recipit,
2776 3825 2834 3874 et
2880 3819 2984 3891 qui
3012 3819 3329 3876 distribuit.
3381 3822 3485 3874 Ne-

1835 3925 1954 3981 que
2001 3909 2224 3965 idcirco
2252 3909 2312 3964 in
2344 3909 2502 3965 duas
2540 3923 2830 3982 personas
2859 3907 3186 3963 dividimus
3213 3907 3482 3964 divinam

115 4008 306 4055 τούτων
373 4001 685 4072 ασύγχντον
739 4004 917 4054 ἕνωσιν
964 4021 1055 4054 του
1107 4004 1216 4064 ἐνὸς
1243 4017 1267 4048 ο
1325 4012 1414 4064 τῆς
1471 4011 1723 4078 nam-ium:

1846 4005 1892 4054 et
1918 3997 2382 4071 inseparabilem
2402 4003 2582 4069 atque
2601 3995 2982 4052 inconfusam
3003 3995 3290 4050 unionem
3305 3995 3486 4050 unius

112 4089 348 4167 Τριλδος
380 4095 396 4158 ζ
413 4093 518 4159 16).

175 4187 218 4232 Τ
221 4200 285 4232 ου
316 4179 483 4250 ἁγίου
521 4178 773 4252 Κυρίλλοῡ
815 4179 1178 4255 Ἰεροσολύμων
1209 4179 1310 4232 ἀπὸ
1349 4201 1439 4233 του
1472 4185 1544 4244 εις
1564 4187 1657 4240 τὴν

113 4270 451 4325 Trunca-17f,»
503 4266 680 4336 λόγου,
727 4267 788 4319 οὗ
828 4270 854 4324 ἡ
913 4267 1081 4341 ἀρχὴ,
1135 4290 1161 4318 α
1215 4276 1376 4341 Χαῖρε
1426 4266 1654 4344 σφόδρα.
1696 4293 1725 4321 ››

183 4453 380 4521 ῐρέφος
459 4443 653 4517 βλέπω,
725 4449 940 4516 νομικὴν
1010 4447 1194 4498 θυσίαν
1251 4449 1582 4520 προσάγοντα
1641 4448 1725 4500 ἐπί

117 4545 212 4605 γῆς
241 4558 257 4570 ο
304 4535 420 4586 ἀλλ’
461 4535 614 4586 αὐτὸν
659 4537 750 4596 τας
802 4537 1004 4586 πάντων
1052 4534 1278 4598 εὐσεϐεῖς
1327 4538 1512 4598 θυσίας
1559 4534 1725 4609 δεχό-

117 4645 262 4695 μενον
322 4625 378 4675 ἐν
429 4622 687 4697 οὐρανοῖς,
734 4623 888 4675 αὐτὸν
941 4624 988 4676 ἐν
1039 4626 1200 4697 θρόνῳ
1256 4625 1553 4700 χερουϐικῷ
1613 4628 1722 4678 θεο-

119 4723 364 4788 πρεπῶς,
456 4713 611 4763 αὐτὸν
695 4719 1099 4786 προσφερόμενον
1178 4719 1266 4765 καί
1349 4715 1722 4786 ἁγνιζόμενον,

121 4805 269 4855 αὐτὸν
340 4805 411 4854 τά
468 4805 637 4854 πάντα
697 4803 982 4873 ἁγιάζοντα
1039 4809 1128 4854 καί
1185 4809 1515 4878 καταίρονταο
1574 4805 1724 4867 αὐτὸς

119 4898 172 4944 τό
202 4891 401 4967 δῶρον,
449 4892 599 4953 αὐτὸς
631 4893 656 4943 6
685 4893 984 4969 ἀρχιερεὺς,
1028 4896 1182 4952 αυτὸς
1218 4899 1272 4945 το
1323 4895 1723 4970 θυσιαστήριον,

120 4983 272 5045 αὐτὸς
327 4987 392 5034 τὸ
472 4981 794 5055 ἱλαστήριον,
869 4981 1019 5042 αὐτὸς
1086 4984 1111 5032 6
1182 4988 1506 5058 προσφέρων,
1568 4983 1725 5047 αὐτός

120 5073 145 5122 6
194 5073 325 5147 ὑπὲρ
386 5075 591 5143 κόσμου
641 5071 796 5122 θυσία
842 5075 1274 5144 προσφερόμενος,
1324 5071 1476 5132 αὐτὸς
1522 5076 1580 5124 τό
1618 5093 1722 5146 πυρ

192 5232 237 5268 ιε
267 5230 428 5288 Psal.
453 5247 646 5300 cxvm,
679 5229 800 5287 173.
880 5233 925 5266 ¹⁹
960 5232 1077 5288 Luc
1101 5247 1180 5295 χι,
1211 5234 1303 5287 20.

189 5387 218 5421 ο
240 5375 416 5432 Deest
438 5375 501 5430 in
533 5373 676 5430 edit.
708 5393 798 5426 του
828 5373 959 5434 ἑνός.

1376 5233 1426 5267 ²⁰
1447 5232 1644 5290 Matth.
1676 5247 1771 5288 xu.
1799 5234 1888 5288 28.

1835 4089 1910 4145 de
1941 4087 2263 4143 venerabili
2294 4085 2594 4142 Trinitate.

1832 4179 2042 4234 Sancti
2070 4176 2286 4246 Cyritti
2312 4174 2844 4244 Hierosolymitani
2860 4187 2936 4230 ea:
2950 4187 3218 4229 sermone
3242 4173 3306 4228 in
3331 4172 3484 4241 festo

1906 4266 1979 4322 de
2006 4278 2255 4321 occursu
2286 4263 2546 4329 Domini,
2588 4264 2762 4332 cujus
2797 4267 2880 4318 est
2907 4262 3180 4317 initium:
3219 4282 3246 4310 «
3279 4259 3488 4316 Gaude

1903 4367 2272 4425 magnopere.
2307 4373 2334 4400 n
2673 4343 2680 4350 ’

1905 4443 2200 4500 Infantem
2236 4441 2433 4509 video,
2474 4442 2580 4514 qui
2619 4439 2876 4510 legalem
2921 4440 2984 4495 in
3014 4438 3182 4494 terris
3223 4437 3486 4494 hostiam

1831 4531 2038 4598 offert;
2074 4530 2179 4586 sed
2206 4529 2369 4585 hunc
2394 4531 2592 4601 ipsum
2623 4527 2898 4584 omnium
2927 4527 3059 4599 pias
3075 4524 3482 4581 oblationesin

1833 4620 1995 4677 caalis
2043 4619 2448 4691 recipientem,
2496 4614 2779 4672 eumdem
2811 4615 2875 4670 in
2905 4614 3228 4670 cherubico
3264 4613 3482 4670 throno

1833 4709 2152 4781 magniﬁce
2181 4707 2564 4773 residentem,
2591 4704 2876 4762 eumdem
2897 4704 3168 4760 oblatum
3189 4708 3246 4760 et
3270 4703 3483 4760 sancti-

1830 4802 2098 4868 ﬁcatum,
2117 4797 2401 4855 eumdem
2427 4795 2633 4854 omnia
2657 4793 3131 4851 sanctiﬁcantem
3148 4800 3205 4850 et
3221 4808 3484 4866 purgan-

1833 4896 1972 4947 tem.
2004 4891 2134 4961 Ipse
2163 4886 2391 4942 donum
2436 4889 2542 4956 est,
2571 4884 2700 4955 ipse
2729 4882 3014 4956 pontifex,
3051 4882 3180 4954 ipse
3200 4879 3483 4954 propitia-

1833 4979 2077 5043 torium,
2126 4976 2254 5048 ipse
2298 4974 2574 5042 offerens,
2619 4972 2748 5045 ipse
2795 4972 3039 5027 victima
3088 4985 3198 5042 pro
3251 4967 3482 5024 mundo

1832 5068 2055 5135 oblata,
2083 5065 2210 5138 ipse
2240 5063 2416 5136 ignis,
2445 5063 2576 5136 ipse
2614 5061 3062 5128 holocaustum,
3091 5058 3220 5130 ipse
3247 5056 3483 5128 lignum

1965 5231 2010 5265 ²¹
2041 5227 2196 5286 Psal.
2225 5241 2515 5293 Lxxxxvu,
2547 5229 2598 5282 1.

201 5517 290 5586 (15
327 5521 412 5575 De
435 5517 628 5588 hujus
659 5516 861 5588 operis
887 5515 1057 5572 titulo
1095 5515 1275 5583 alibi,
1306 5522 1370 5572 ut
1396 5520 1562 5589 puto,
1591 5516 1808 5574 dicturi
1837 5529 2070 5572 sumus.

201 5607 330 5679 (16).
372 5607 528 5664 Edit.
554 5605 824 5674 Auberti,
851 5608 894 5662 t.
917 5607 984 5676 V,
1014 5609 1164 5677 part.
1193 5605 1263 5677 II,
1293 5620 1357 5678 p.
1383 5609 1509 5664 378.
