4046 6310
554 311 655 366 16⁸7
1880 296 2152 360 ΝῙΟΕΤΛΕ
2190 300 2217 359 ί

2320 301 2569 358 DNIATJE
3819 303 3936 359 168

553 434 684 490 vitae
717 437 774 490 et
798 430 1081 499 scientias,
1110 429 1239 502 ipse
1265 442 1487 499 agnus,
1507 426 1638 500 ipse
1663 425 1901 498 gladius
1929 426 2208 499 Spiritus,

2320 427 2594 502 ὑπάρχων,
2626 425 2785 489 αὐτὸς
2820 424 3190 493 όλοκαὺτωσις,
3223 424 3376 487 αὐτὸς
3412 426 3479 478 τὰ
3506 424 3633 489 ξύλα
3654 433 3748 489 τῆς
3774 426 3936 488 ζωῆς

555 524 683 597 ipse
719 528 948 597 pastor,
975 519 1105 592 ipse
1143 518 1478 590 agniculus,
1512 517 1641 589 ipse
1670 516 2053 586 sacriﬁcator,
2080 516 2210 590 ipse

2320 520 2406 569 καί
2434 524 2527 577 τῆς
2549 521 2803 587 γνώσεως,
2835 515 2993 577 αύτός
3016 516 3043 569 ό
3076 513 3256 588 ἆμνός,
3286 514 3437 576 αὐτός
3475 516 3504 573 ἠ
3543 517 3791 589 μάχαιρα
3826 534 3932 568 του

555 613 671 683 lex,
702 612 832 688 ipse
859 609 1122 684 denique
1144 609 1338 681 legem
1365 607 1639 682 implens.

2320 608 2634 679 Πνεύματος,
2668 605 2877 668 αὐτόςλὸ
2914 609 3132 677 ποιμὴν,
3178 604 3337 665 αὐτὸς
3365 608 3422 657 τό
3462 602 3656 677 ἀρνίον,
3697 603 3854 665 αὐτός
3900 605 3933 656 ὁ

2320 696 2495 764 θύτης,
2538 694 2688 756 αύτὸς
2726 696 2752 747 6
2790 699 2961 768 νόμος,
3001 698 3090 747 καί
3117 693 3269 755 αὐτός
3306 697 3332 747 ό
3376 697 3461 746 τόν
3490 697 3643 766 νόμον
3672 693 3923 767 πληρῶν.

561 882 763 940 Sancti
791 879 1017 950 Cyrtlti
1047 876 1464 934 Alexandrini
1497 891 1573 934 ea:
1590 875 1896 932 duodecim
1928 873 2212 946 capitulis

2320 876 2420 924 Τοῦ
2481 869 2636 943 ἁγίου
2683 868 2938 946 Κυρίλλου
3007 866 3389 946 Ἀλεξανδρείας
3424 869 3485 924 ἔκ
3531 878 3631 925 τῶν
3683 868 3756 944 ιβ’
3803 890 3929 943 κεφ,

991 968 1279 1024 adversus
1319 966 1772 1023 Theodoretum.

2780 969 2881 1013 τῶν
2918 962 3055 1013 κατὰ
3093 956 3453 1036 Θεοδωρήτου.

630 1063 779 1117 Cum
807 1061 1010 1115 autem
1035 1056 1230 1112 factus
1261 1061 1351 1112 est
1378 1055 1587 1124 homo,
1620 1053 1949 1112 sacerdotis
1969 1067 2214 1126 quoque

2393 1048 2534 1102 Ἐπεὶ
2556 1046 2616 1103 δε
2641 1053 2845 1122 γέγονεν
2883 1051 3174 1125 ἄνθρωπος,
3215 1052 3578 1124 κεχρημάτεκε
3613 1055 3705 1104 καὶ
3738 1051 3929 1127 ἱερεύς,

560 1150 742 1221 gessit
771 1147 1064 1216 ofﬁcium,
1081 1144 1249 1202 haud
1281 1160 1427 1201 sane
1449 1149 1514 1201 ut
1542 1146 1662 1201 Deo
1689 1148 1981 1216 tanquam
2001 1141 2213 1215 majori

2322 1139 2428 1213 ούχ
2459 1142 2527 1203 ὡς
2566 1141 2766 1213 μείζονι
2796 1148 2910 1212 Θεῷ
2939 1140 3311 1213 προσκομίζων
3347 1146 3442 1199 τὴν
3466 1145 3778 1216 ἱερουργίαν,
3811 1139 3932 1193 ἀλλ’

557 1255 685 1296 rem
717 1253 952 1294 sacram
992 1234 1235 1303 faceret,
1271 1234 1379 1289 sed
1410 1238 1475 1290 ut
1513 1239 1569 1290 et
1598 1233 1709 1290 sibi
1740 1239 1796 1289 et
1816 1232 1972 1289 Patri
1994 1236 2213 1289 nostrae

2325 1230 2492 1301 ἑαυτῷ
2521 1249 2575 1283 τε
2604 1234 2694 1283 καὶ
2724 1237 2797 1301 τῷ
2834 1235 3023 1304 Πατρὶ,
3052 1238 3148 1293 τῆς
3185 1235 3408 1291 πίστεως
3436 1233 3583 1304 ἡμῶν
3612 1235 3703 1290 τὴν
3735 1230 3933 1303 ὁμολο-

558 1327 700 1385 ﬁdei
729 1325 1168 1383 confessionem
1199 1323 1525 1380 exhiberet.
1548 1323 1735 1379 Pudet
1764 1327 1817 1378 te
1847 1321 2215 1388 audientem,

2323 1324 2442 1391 γίαν
2473 1323 2983 1392 πραγματευόμενος.
3013 1321 3295 1394 ⁴Ἑρυθρισὶς
3326 1316 3604 1373 δὲάκούων
3625 1321 3932 1393 ὅτικεχρη-

558 1414 729 1489 quod
767 1413 1050 1471 sacerdos
1083 1413 1257 1468 fuerit
1286 1416 1586 1485 quatenus
1601 1411 1785 1467 homo
1806 1411 1833 1466 ?
1860 1412 1975 1467 Cur
1999 1408 2217 1465 deinde

2323 1411 2537 1480 μάτικεν
2562 1410 2723 1483 ἱερεύς
2745 1405 2780 1462 ὃ
2786 1411 2839 1461 ιὰ
2857 1413 2917 1462 τό
2938 1408 3256 1481 ἀνθρώπινον
3282 1426 3295 1473 ;
3317 1406 3442 1462 Εἶτα
3461 1417 3566 1470 πῶς
3582 1414 3641 1462 οῦ
3657 1411 3931 1478 τεθαύμα-

559 1519 686 1562 non
742 1502 999 1567 miraris,
1048 1500 1216 1574 quod
1261 1516 1386 1557 non
1434 1504 1781 1556 caeterorum
1830 1501 2217 1556 sacerdotum

2323 1517 2419 1560 κας
2440 1499 2520 1550 ὅτι
2550 1502 2622 1570 μὴ
2650 1501 2784 1550 κατὰ
2807 1502 2865 1550 τό
2892 1505 2991 1550 τῶν
3025 1497 3194 1570 ἱερέων
3223 1500 3336 1558 ἔθος
3360 1497 3541 1573 ἐτέρων
3567 1505 3788 1552 ποιεῖται
3824 1505 3929 1561 τῆς

561 1608 731 1650 more
756 1589 1073 1657 sacriﬁcat,
1096 1588 1204 1645 sed
1232 1588 1347 1645 s1bi
1369 1587 1487 1661 ipsi
1513 1588 1711 1661 potius
1740 1603 1811 1645 ac
1842 1587 2038 1644 Patri?

2327 1590 2620 1664 ἱερουργίας
2648 1591 2735 1642 τὸν
2756 1594 2967 1663 τρόπον,
2996 1587 3162 1659 ἑαυτῷ
3189 1584 3249 1640 δὲ
3276 1587 3465 1660 μᾶλλον
3495 1592 3585 1641 καὶ
3613 1595 3686 1659 τῷ
3712 1591 3886 1663 Πατρὶ
3910 1601 3929 1655 ;

2242 1672 2286 1727 Β

846 1767 1133 1838 Ejusdem
1164 1780 1238 1824 ex
1271 1780 1538 1823 sermone
1566 1766 1647 1823 ad
1665 1766 1926 1837 reginas.

2473 1775 2577 1822 Τοῦ
2616 1767 2777 1821 αὐτοῦ
2817 1765 2917 1820 ὄιπό
2943 1774 3035 1820 τοῦ
3073 1770 3204 1841 πρὸς
3243 1767 3567 1829 Βασιλίσσας
3589 1767 3767 1840 λόγου.

634 1877 769 1950 Ipse
797 1875 975 1946 igitur
1002 1874 1111 1931 fuit
1136 1874 1415 1931 sacerdos
1452 1878 1754 1947 quatenus
1783 1874 1989 1944 homo,
2015 1888 2216 1947 quan-

2397 1875 2565 1937 Αύτός
2608 1876 2696 1929 οὖν
2738 1877 2842 1951 ἄρα
2885 1879 3091 1947 γέγονεν
3135 1873 3411 1949 ἀρχιερεύς
3452 1878 3587 1928 κατά
3622 1894 3683 1947 γε
3726 1877 3784 1927 τὸ
3833 1872 3933 1926 ἆν-

562 1984 746 2041 quam
759 1965 1030 2023 omnium
1053 1964 1390 2038 excipiebat
1409 1965 1700 2023 sacriﬁcia
1718 1968 2018 2038 quatenus
2039 1967 2216 2021 Deus.

2329 1967 2600 2038 θρὼπινον,
2663 1970 2837 2018 καίτοι
2898 1967 3041 2040 παρὰ
3105 1966 3308 2017 πάντων
3386 1966 3567 2026 θυσιας
3638 1960 3937 2037 δεχόμενος

563 2059 694 2132 Ipse
723 2056 925 2113 hostia
968 2054 1303 2111 secundum
1336 2071 1600 2125 carnem,
1649 2054 1934 2128 idemque
1971 2059 2217 2128 peccata

2329 2056 2543 2115 θεῐκῶς·
2606 2053 2758 2114 αὐτὸς
2804 2056 2863 2105 τὸ
2914 2054 3054 2125 θῦμα
3107 2054 3242 2106 κατὰ
3277 2056 3369 2112 τὴν
3428 2054 3600 2126 σάρκα
3629 2072 3643 2086 ·
3703 2052 3866 2114 αὐτὸς
3902 2053 3933 2104 ὁ

564 2149 773 2204 nostra
802 2144 1161 2203 condonans
1191 2159 1303 2217 pro
1332 2143 1568 2201 deitatis
1594 2159 1717 2200 sua)
1756 2149 2067 2217 potestate.

2326 2151 2439 2205 ταῖς
2489 2144 2773 2219 ἁμαρτίαις
2831 2142 3162 2217 ἱλασκόμενος
3210 2143 3355 2229 ημῶν
3403 2145 3541 2196 κατὰ
3578 2160 3637 2215 γε
3691 2146 3787 2203 τὴν
3830 2150 3935 2204 τῆς

2332 2235 2569 2297 θεότητος
2598 2233 2856 2298 ἑξουσίαν.

671 2359 955 2431 Ejusdem
984 2373 1060 2416 ex
1090 2357 1218 2415 loco
1249 2357 1353 2413 ubi
1387 2356 1461 2415 de
1492 2356 1823 2415 obedientia
1864 2356 2112 2415 Christi.

2362 2364 2465 2412 Τοῦ
2496 2358 2655 2412 αὐτοῦ
2681 2357 2782 2412 ἀπὸ
2820 2365 2913 2411 τοῦ
2950 2362 3068 2433 περὶ
3100 2359 3333 2421 ὑπακοῆς
3374 2366 3466 2413 τοῦ
3498 2364 3727 2435 Χριστοῦ
3756 2354 3894 2428 (17).

637 2500 1058 2559 Animadverte
1085 2499 1397 2573 quomodo
1417 2500 1817 2557 sacerdotium
1839 2501 1990 2570 gerit
2007 2500 2092 2557 uti
2109 2498 2217 2556 ho-

2396 2502 2575 2576 Ἀθρει
2638 2498 2697 2555 δὲ
2758 2503 2893 2563 ὅπως
2959 2504 3205 2578 ίερατεύει
3269 2502 3359 2574 μεν
3418 2500 3772 2576 ἀνθρωπίνως,
3835 2502 3940 2553 καὶ

567 2608 690 2665 mo,
741 2592 927 2664 ﬁtque
970 2590 1264 2646 mediator
1303 2589 1403 2645 Dei
1455 2593 1513 2646 et
1555 2589 1894 2646 hominum.
1947 2589 2217 2661 Cujusvis

2327 2598 2543 2667 μεσίτης
2570 2593 2792 2646 τέθειται
2845 2596 3096 2656 Θεοῦριαὶ
3151 2590 3468 2665 ἀνθρώπων·
3519 2591 3780 2664 μεσιτεύει
3820 2591 3936 2663 γὰρ

567 2682 728 2739 enim
759 2678 1086 2736 sacerdotis
1116 2683 1205 2735 est
1245 2678 1629 2735 intercedere.
1664 2679 2096 2736 Verumtamen
2128 2694 2217 2736 sa-

2328 2690 2426 2746 πᾶς
2476 2686 2673 2758 ἱερεύς·
2717 2686 2803 2736 τὸν
2848 2679 2910 2734 δέ
2952 2690 3043 2743 τῆς
3100 2683 3288 2744 θυσίας
3344 2685 3532 2755 τρόπον
3580 2680 3752 2734 ούκίτι
3799 2681 3936 2734 καθ’

566 2769 859 2827 oriﬁcium
885 2767 1050 2825 haud
1080 2767 1182 2823 illa
1206 2767 1453 2839 ratione,
1487 2783 1611 2841 qua
1636 2768 1832 2825 caeteri
1854 2767 2215 2839 sacerdotes,

2329 2774 2417 2826 ἕνα
2461 2776 2561 2825 των
2609 2772 2725 2825 καθ’
2756 2774 2890 2844 ἡμᾶς
2940 2773 3107 2846 ἱερέων
3148 2772 3495 2845 προσκομιζει
3538 2767 3937 2843 δουλοπρεπώς,

562 2859 625 2916 id
653 2862 741 2915 est
772 2856 1061 2914 serviliter
1090 2855 1297 2926 offert;
1344 2857 1427 2913 ita
1455 2861 1520 2913 ut
1543 2856 1690 2913 nihil
1720 2873 1793 2913 ex
1823 2857 2115 2913 sacrificio
2140 2855 2217 2913 ad

2329 2858 2495 2935 μηδὲν
2549 2861 2697 2922 αὐτὸς
2744 2863 3082 2913 ἑπικοινωνῶν
3133 2867 3231 2912 τῶν
3285 2859 3357 2922 εἰς
3411 2863 3469 2911 τό
3515 2859 3686 2912 λαϐεῖν
3739 2857 3939 2916 αὐτὴν·

559 2948 763 3020 ipsum
810 2946 1143 3002 redundet:
1193 2944 1299 3002 sed
1358 2945 1471 3001 sibi
1527 2950 1830 3018 operatur,
1881 2950 1939 3002 et
1988 2958 2095 3019 per
2152 2961 2217 3001 se

2329 2948 2437 3003 ἀλλ’
2479 2951 2644 3022 ἐαυτῷ
2682 2953 3102 3024 πραγματεύεται
3140 2954 3229 3002 καὶ
3260 2945 3332 3002 δι’
3373 2947 3534 3001 αὐτοῦ
3575 2953 3665 3001 καὶ
3693 2951 3742 3000 ἰν
3786 2946 3943 3019 αὐτῷ

560 3038 781 3111 ipsum,
832 3040 1013 3108 atque
1051 3034 1114 3090 in
1163 3050 1291 3091 sese
1336 3037 1454 3091 Deo
1494 3038 1552 3091 et
1580 3034 1754 3091 Patri.
1788 3038 1855 3091 Et
1875 3037 2091 3106 paucis
2129 3036 2217 3092 in-

2326 3047 2399 3112 τῷ
2439 3049 2552 3113 Θεῷ
2582 3046 2672 3093 καὶ
2702 3045 2891 3115 Πατρί.
2934 3044 3036 3093 Καὶ
3065 3039 3174 3113 μετ’
3203 3039 3375 3112 ὀλίγα,
3420 3035 3621 3091 Ούκοῦν
3659 3037 3752 3090 κᾶν
3788 3036 3945 3110 ἱερα-

562 3127 821 3197 terjectis
849 3143 862 3179 :
894 3124 1076 3195 Igitur
1105 3123 1342 3180 etiamsi
1383 3123 1721 3181 sacriﬁcare
1749 3124 2086 3181 secundum
2110 3124 2217 3182 hu-

2328 3132 2487 3183 τεύειν
2536 3128 2865 3205 ἀνθρωπίνως
2905 3128 3128 3201 λέγεται,
3169 3126 3297 3181 ἀλλά
3342 3124 3563 3200 δέχεται
3608 3131 3702 3185 τὴν
3743 3128 3945 3180 θυσίαν

559 3231 807 3273 manam
837 3217 1118 3271 naturam
1147 3212 1385 3278 dicitur,
1422 3212 1609 3270 nihilo
1650 3218 1853 3271 tamen
1883 3215 2083 3271 minus
2113 3214 2217 3271 ho-

2328 3220 2480 3283 αὐτὸς
2519 3222 2703 3284 θείκώς
2731 3222 2757 3273 6
2788 3219 2943 3283 αὐτὸς
2975 3224 3042 3272 ὧν
3081 3218 3211 3292 όμοῦ
3240 3222 3329 3272 καὶ
3355 3220 3487 3281 Θεὸς
3510 3217 3601 3272 καὶ
3625 3218 3933 3292 ἄνθρωπος,

562 3303 738 3360 etiam
762 3302 1020 3374 ipsemet
1045 3300 1297 3373 suscipit
1333 3306 1633 3373 quatenus
1662 3303 1855 3370 Deus;
1882 3301 2046 3359 idem
2067 3302 2217 3359 scili-

562 3395 653 3449 cet
681 3394 837 3447 Deus
870 3389 1054 3445 simul
1074 3393 1255 3462 atque
1281 3389 1486 3446 homo.

634 3480 733 3537 Ex
762 3480 1245 3549 tetraevangelio,
1275 3480 1687 3548 interpretatio
1714 3479 2147 3552 archiepiscopi

2426 3484 2515 3540 Ἐκ
2542 3480 2633 3539 τοῦ
2664 3484 3098 3559 τετραευαγγέλου
3131 3484 3373 3562 ἑρμηνεία
3401 3483 3493 3538 τοῦ
3524 3484 3830 3558 Βυλγαρίας.

1222 3567 1552 3637 Bulgarize.

638 3658 824 3714 Lucas
892 3658 1095 3712 autem
1159 3655 1258 3723 ait,
1320 3655 1382 3711 id
1438 3672 1685 3730 quoque
1743 3657 1963 3714 dixisse
2018 3656 2213 3715 Domi-

2395 3671 2605 3728 Λουκᾶς
2652 3660 2711 3718 δε
2754 3668 2884 3738 λέγει
2926 3669 3015 3718 καὶ
3046 3682 3198 3719 τουτο
3236 3662 3390 3718 εἰπεῖν
3435 3668 3549 3718 τότε
3584 3666 3671 3719 τὸν
3709 3663 3938 3739 Κύριον,

567 3760 753 3805 num:
804 3745 933 3802 Hoc
969 3745 1159 3815 facite
1189 3745 1255 3801 in
1297 3760 1485 3802 meam
1514 3749 2117 3804 commemorationem
2145 3750 2212 3804 ”.

2325 3756 2405 3809 ὅτι
2494 3761 2661 3808 Τοῦτο
2752 3761 2944 3809 ποιεῖτε
3035 3754 3105 3816 εἰς
3194 3759 3287 3813 τὴν
3376 3753 3501 3828 ἐμὴν
3594 3752 3888 3826 ἀνάμνησιν
3917 3771 3935 3789 ο

567 3837 707 3902 Hoc,
752 3833 966 3907 inquit,
1026 3837 1115 3891 est
1158 3849 1388 3891 novum
1432 3834 1831 3906 mysterium;
1885 3835 2033 3892 illud
2077 3853 2217 3894 vero

2323 3852 2493 3914 τοῦτο,
2577 3848 2727 3916 φησὶ,
2817 3846 2876 3895 τὸ
2958 3845 3133 3895 καινὸν
3230 3848 3525 3915 μυστήσιον
3554 3863 3569 3877 ο
3654 3847 3744 3894 καί
3833 3844 3937 3915 μὲν

565 3932 756 3984 vetus.
816 3929 883 3982 Et
948 3923 1093 3981 illud
1154 3923 1403 3998 quidem
1468 3924 1549 3981 ob
1612 3926 1972 3982 memoriam
2034 3927 2217 3984 ﬂebat

2326 3929 2484 3985 ἐκεῖνο
2530 3934 2589 3985 τὸ
2632 3929 2849 3985 παλαιὸν
2875 3952 2888 3965 ·
2935 3929 3094 3984 έκεῖνο
3132 3933 3222 4004 μὲν
3268 3936 3371 4007 γὰρ
3420 3936 3479 3984 τὸ
3530 3920 3817 4003 θυσιασμοί
3854 3932 3941 3996 εἰς

565 4022 940 4074 servatorum
969 4015 1031 4071 in
1059 4018 1315 4087 ngypto
1337 4013 1764 4073 llebraicorum
1794 4016 2217 4089 primogenito-

2327 4020 2615 4094 ἀνάμνησιν
2700 4019 2893 4093 ἐγενετο
2973 4028 3070 4083 τῆς
3167 4019 3218 4073 ἐν
3312 4020 3560 4093 Αἰγύπτῳ
3661 4024 3941 4095 σωτηρίας

563 4121 722 4175 rum,
746 4111 802 4161 et
832 4106 990 4161 illius
1019 4119 1204 4176 quam
1233 4103 1421 4159 Judaei
1464 4104 1667 4178 adepti
1708 4109 1850 4161 sunt
1891 4104 2215 4176 libertatis;

2326 4119 2425 4163 τῶν
2474 4108 2755 4183 Ἐϐραῑκῶν
2801 4114 3163 4185 πρωτοτόκων,
3210 4113 3299 4161 καὶ
3350 4115 3442 4170 τῆς
3488 4116 3590 4161 τῶν
3656 4105 3943 4163 Ἰουδαίων

564 4192 681 4251 hoc
724 4199 927 4250 autem
955 4193 1015 4248 in
1045 4191 1276 4248 domini
1313 4194 1950 4251 commemorationem
1986 4194 2070 4251 ﬁt.
2112 4198 2217 4252 Per

2326 4198 2645 4272 ἔλευθερίαςυ
2694 4204 2847 4252 τοῦτο
2904 4195 2964 4251 δὲ
3028 4203 3100 4260 εἱς
3156 4196 3445 4271 ἀνάμνησιν
3494 4204 3587 4252 τοῦ
3633 4200 3942 4253 Δεσπότον·

565 4282 682 4339 hoc
709 4282 871 4338 enim
899 4280 1262 4338 sacriﬁcium
1289 4280 1351 4336 in
1379 4283 1737 4339 memoriam
1766 4282 1943 4339 nobis
1974 4299 2216 4341 revoca.

2329 4285 2424 4342 διὰ
2468 4296 2563 4351 τῆς
2610 4290 2855 4349 τοιαύτης
2906 4289 3007 4362 γὰρ
3055 4290 3246 4350 θυσίας
3299 4287 3801 4361 ἀναμιμνησκόμεθα
3848 4288 3943 4343 ὅτε

569 4386 723 4441 mus,
756 4369 924 4441 quod
947 4367 997 4424 is
1018 4385 1197 4425 suum
1223 4384 1442 4441 corpus
1461 4372 1639 4427 morti
1659 4372 1987 4442 tradiderit,
2012 4389 2217 4429 suum-

2327 4381 2385 4431 τὸ
2441 4386 2593 4451 σῶμα
2629 4376 2789 4430 αὐτοῦ
2841 4373 3141 4451 παρέδωκεν
3181 4376 3253 4439 εἰς
3293 4377 3528 4443 θάνατον,
3578 4379 3756 4430 καὶτὸ
3794 4376 3940 4450 αἷμα

567 4474 685 4532 que
710 4457 1068 4528 sanguinem
1089 4457 1307 4513 fuderit
1330 4473 1345 4524 ;
1368 4462 1780 4532 perpetuoque
1809 4460 1924 4516 hoc
1952 4461 2070 4517 ritu
2094 4477 2217 4519 me-

2328 4466 2489 4521 αύτοῦ
2541 4465 2744 4539 ἐξέχεε·
2794 4469 2884 4519 καὶ
2934 4473 2995 4538 τῇ
3050 4470 3296 4537 συνεχείᾳ
3341 4470 3433 4524 τὴν
3485 4470 3693 4539 μνήμην
3745 4464 3937 4520 ἀνανε-

566 4548 826 4605 moriam
854 4546 939 4603 rei
967 4562 1352 4603 renovamus.
1380 4546 1576 4603 Viden’
1600 4549 1910 4620 quomodo
1950 4566 1987 4607 a
2021 4555 2217 4608 vetere

2328 4556 2543 4628 ούμεθα.
2612 4551 2760 4615 Εἶδες
2832 4562 2939 4615 πῶς
3013 4555 3261 4626 μετέθηκε
3322 4558 3441 4617 τούς
3505 4556 3747 4626 μαθητὰς
3823 4552 3937 4609 ἀπὸ

570 4636 862 4695 sacriﬁcio
892 4634 973 4692 ad
1012 4650 1242 4691 novum
1268 4635 1621 4691 transtulit?
1652 4639 1767 4693 Cur
1805 4638 1965 4694 enim
1994 4638 2217 4696 diutius

2328 4651 2422 4706 τῆς
2469 4642 2695 4705 παλαιᾶς
2744 4643 2932 4704 θυσίας
2980 4640 3063 4695 ἐπὶ
3116 4645 3211 4701 τὴν
3258 4647 3478 4710 καινὴν;
3530 4646 3668 4696 Ποία
3707 4643 3809 4716 γὰρ
3853 4642 3941 4696 εἰ-

569 4741 725 4800 opus
754 4730 881 4782 erat
914 4724 1180 4794 imagine
1207 4723 1301 4779 his
1332 4724 1437 4797 qui
1463 4728 1856 4798 prototypum
1890 4725 2021 4798 jam
2065 4733 2217 4785 tene-

2329 4736 2471 4793 κόνος
2530 4733 2608 4785 ἔτι
2658 4737 2819 4809 χρεία
2867 4738 2977 4795 τοῖς
3025 4727 3132 4790 ἤδη
3194 4734 3251 4783 τὸ
3300 4736 3639 4808 πρωτότυπον
3695 4734 3938 4805 ἔχουσι;

570 4815 761 4873 bant?
806 4814 990 4871 Porro
1036 4813 1117 4870 ait
1163 4813 1647 4886 Chrysostomus,
1678 4815 1971 4873 Christum
2019 4817 2217 4891 ipsum

2332 4825 2470 4880 Φησὶ
2501 4818 2559 4875 δὲ
2587 4827 2676 4875 καὶ
2722 4823 2749 4874 6
2781 4824 3162 4895 Χρυσόστομος
3211 4821 3291 4872 ὅτι
3330 4826 3419 4873 καὶ
3458 4822 3485 4874 6
3525 4824 3751 4896 Χριστὸς
3787 4830 3943 4897 πρῶ-

567 4907 803 4965 initium
827 4903 1040 4961 fecisse
1075 4902 1475 4977 participandi
1507 4904 1561 4961 ci
1585 4906 1896 4978 mysterio,
1921 4911 1983 4964 ut
2004 4907 2088 4965 ita
2114 4910 2217 4966 im-

2331 4930 2419 4974 τος
2446 4914 2562 4964 τότε
2605 4914 2834 4982 μετέσχε
2879 4917 2975 4963 τοῦ
3015 4913 3336 4984 μυστηρίου,
3390 4911 3474 4963 ἱνα
3509 4915 3581 4982 μὴ
3628 4906 3946 4970 ἀηδισθῶσε

565 4996 809 5069 pelleret
846 4992 1175 5067 quominus
1218 5006 1255 5048 a
1292 4993 1594 5050 vescendo
1624 5009 1804 5051 carne
1836 5000 1893 5052 et
1927 4999 2217 5068 sanguine

2334 5003 2524 5078 σαρκὸς
2609 5004 2701 5053 καὶ
2784 5002 3006 5073 αἵματος
3095 4996 3394 5071 μεταλαϐεῖν
3480 4998 3878 5073 ἐπιτρεπόμενος
3922 5021 3944 5037 ο

566 5089 812 5159 propter
838 5083 925 5140 rei
952 5082 1341 5140 insolentiam
1367 5096 1492 5138 non
1513 5082 1931 5141 abhorrerent.
1964 5086 2029 5142 Id
2056 5088 2217 5161 quod

2332 5095 2421 5143 καὶ
2517 5092 2702 5144 τούτου
2790 5085 2848 5142 δι
2938 5093 3218 5163 τεκμήριον
3305 5094 3397 5141 τοῦ
3484 5088 3641 5142 εἰπεῖν
3739 5088 3896 5142 αὐτόν
3925 5104 3942 5121 ⁸

564 5175 694 5246 ejus
738 5173 898 5230 dicto
937 5172 1080 5229 satis
1122 5170 1607 5241 demonstratur;
1647 5173 1795 5230 Dico
1832 5175 1991 5231 enim
2042 5178 2217 5247 vobis,

2335 5183 2486 5251 Λέγω
2540 5175 2599 5232 δε
2649 5180 2730 5232 ὅτι
2782 5177 2841 5230 ού
2889 5182 2961 5250 μὴ
3012 5182 3116 5230 πίω
3166 5176 3364 5250 ἄπαρτι
3416 5175 3475 5229 ἐκ
3532 5196 3623 5229 του
3681 5183 3950 5251 γεννήμα-

561 5278 683 5319 ηοη
711 5261 907 5318 bibam
931 5261 1188 5318 ulterius
1216 5276 1291 5317 ex
1309 5260 1419 5317 hoc
1437 5262 1736 5331 genimine
1758 5264 1914 5329 vilis,
1939 5280 2126 5338 usque
2144 5270 2217 5325 ad

2333 5286 2415 5329 τος
2477 5275 2569 5329 τῆς
2638 5266 2866 5340 ἁμπελου
2942 5267 3031 5328 ἕως
3103 5274 3196 5326 τῆς
3274 5267 3471 5339 ἡμέρας
3531 5265 3747 5331 ἐκείνης,
3815 5268 3949 5322 ὅταν

567 5351 722 5408 diem
741 5351 915 5406 illam
944 5364 1078 5405 cum
1095 5349 1256 5405 illud
1270 5364 1490 5406 novum
1518 5350 1816 5407 vobiscum
1840 5352 2035 5412 bibam
2052 5356 2109 5411 in
2135 5373 2217 5415 re-

2335 5358 2461 5412 αύτό
2522 5361 2649 5410 πίνω
2711 5356 2824 5429 μεθ’
2886 5356 3028 5429 ὑμῶν
3083 5358 3259 5409 καινὸν
3318 5353 3367 5408 ἐν
3422 5362 3486 5429 τῇ
3545 5353 3794 5431 βασιλείᾳ
3840 5376 3942 5412 του

641 5494 690 5529 ²²
721 5494 865 5550 Luc.
895 5507 1029 5562 ιλιι,
1062 5495 1147 5550 l9.

646 5616 759 5691 (t7)
786 5614 1087 5678 Particulo.
1114 5617 1201 5679 est
1227 5614 1357 5677 haec
1385 5613 1656 5688 ejusdem
1678 5621 1967 5681 sermonis
1998 5619 2302 5695 Cyrilliani
2338 5623 2421 5687 ad
2446 5622 2713 5699 reginas.
