4046 6310
613 320 709 375 171

1947 315 2217 374 ΝΙΕΕΤᾸΞ
2262 315 2631 374 CHONIA’UE

3871 325 4014 380 172

615 443 896 504 Similiter
921 446 979 500 et
1002 441 1572 516 quinquagesimum
1596 456 1827 498 nonum
1848 440 2158 514 psalmum
2187 442 2244 497 dt

2369 446 2592 514 νυμφίου
2614 447 2703 495 καὶ
2718 445 2922 516 νύμφης
2955 441 3236 515 βασιλίδος
3265 445 3474 510 ἐξειπὼν
3493 445 3730 503 ἐτέλεσεν.
3745 447 4015 522 Ὁμοίως

610 535 825 590 eodem
853 532 1137 589 recitavit.
1171 534 1362 597 Quam
1383 547 1510 586 rem
1538 534 1787 586 testatur
1814 531 1939 603 ipse
1971 531 2261 588 Dominus

607 622 824 680 Iudaeis
854 621 1060 678 dicens
1093 637 1105 676 :
1141 619 1438 688 Quomodo
1486 634 1627 690 ergo
1665 620 1865 676 David
1909 621 1971 675 in
2024 621 2259 689 Spiritu

606 720 816 771 sancto
840 716 1003 769 vocat
1029 727 1160 768 eum
1190 711 1510 766 Dominum
1559 709 1647 766 his
1686 711 1876 766 verbis
1910 726 1922 764 :
1955 711 2115 765 Dixit
2144 711 2259 766 Do-

608 803 807 860 minus
853 802 1105 856 Domino
1150 815 1276 856 meo
1311 817 1325 855 :
1367 799 1517 856 Sede
1567 814 1604 855 a
1651 799 1875 854 dextris
1917 799 2160 856 meis-‘3?
2201 799 2258 856 Si

608 891 788 948 Filius
819 891 950 962 ejus
983 893 1088 957 est,
1121 887 1434 961 quomodo
1485 888 1772 944 Dominus
1818 887 2089 960 ejusdem
2129 891 2256 945 est?

606 983 758 1052 Ergo
792 978 1013 1048 verbis,
1038 979 1327 1034 Dominus
1365 980 1514 1049 ejus,
1560 980 1747 1034 Deum
1785 976 2101 1033 manifeste
2148 994 2255 1051 ap-

603 1070 805 1144 pellat.
840 1073 986 1126 Tum
1018 1068 1222 1135 verba,
1255 1067 1399 1124 Sede
1427 1083 1464 1124 α
1501 1067 1720 1124 dextris
1746 1069 1908 1132 meis,
1939 1068 2256 1140 perspicue

602 1159 963 1218 humanitati
991 1157 1391 1226 conveniunt;
1424 1172 1569 1213 nam
1595 1156 1981 1227 vocabulum,
2003 1159 2158 1222 sede,
2181 1157 2255 1214 de

603 1250 879 1307 nondum
913 1248 1157 1304 sedente
1189 1247 1424 1304 dicitur.
1458 1245 1634 1318 Atqui
1663 1246 1854 1302 deitas
1883 1247 1944 1304 in
1977 1263 2089 1302 sua
2115 1248 2255 1305 bea-

601 1339 874 1408 titudine,
905 1339 1133 1394 honore
1166 1335 1478 1408 gloriaque
1505 1334 1757 1392 fundata
1786 1335 1972 1401 sedet,
1999 1336 2145 1409 quin
2177 1337 2254 1394 ab

602 1428 807 1500 aliquo
834 1427 1064 1498 majore
1092 1424 1170 1481 ad
1189 1423 1252 1479 id
1281 1428 1524 1480 vocetur
1548 1427 1651 1480 aut
1679 1424 2070 1497 compellatur
2103 1445 2114 1481 :
2148 1426 2255 1482 sed

600 1519 806 1590 utique
836 1514 1047 1571 Christi
1075 1513 1422 1569 humanitas
1448 1512 1527 1568 ab
1549 1514 1716 1570 unita
1745 1514 1856 1569 sibi
1885 1514 2255 1587 inseparabi-

599 1607 734 1664 liter
757 1605 975 1660 deitate
1006 1603 1291 1659 invitatur
1337 1602 1486 1658 dum
1539 1600 1726 1670 audit,
1767 1604 1916 1661 Sede
1947 1619 1982 1660 a
2029 1606 2252 1662 dextris

599 1697 762 1762 meis,
796 1693 857 1748 id
888 1696 976 1748 est
1012 1691 1188 1747 veluti
1217 1691 1279 1746 in
1308 1689 1556 1747 honoris
1585 1691 1703 1748 mei
1750 1693 2018 1764 paritate.
2053 1697 2250 1766 Neque

2372 527 2431 583 δὲ
2456 536 2544 583 καὶ
2575 535 2658 584 τόν
2696 530 2772 605 ρθ’
2797 532 3003 606 ψαλμὸν
3047 533 3120 596 εἰς
3165 535 3321 588 αὐτὸν
3365 540 3568 611 εἰρηκει
3596 543 3686 590 καὶ
3716 547 4014 612 ηαρτυρεί

2370 622 2524 683 αὐτὸς
2553 622 2578 673 ὁ
2611 623 2803 697 Κύριος
2829 621 2992 696 Εγων
3027 627 3158 696 πρὸς
3187 621 3509 690 Ἰουδαίους·
3541 633 3656 689 Πῶς
3680 623 3767 680 οὖν
3799 623 4012 681 Δαϐὶδ

2367 708 2415 762 ἓν
2448 713 2710 783 Πνεῦματι
2751 711 2883 784 ἁγίῳ
2939 714 3129 787 Κύριον
3177 713 3332 767 αὐτὸν
3362 715 3721 788 καλεῖ
3752 723 3928 770 Εἶπεν
3969 717 4003 768 ὁ

2370 802 2555 874 Κύριος
2584 809 2655 871 τῷ
2691 805 2864 874 Κυρίῳ
2893 821 3018 874 μου,
3061 804 3236 855 Κάθου
3267 802 3322 856 ἐκ
3367 800 3548 867 δεξιῶν
3576 823 3710 878 μους
3751 806 3814 858 Εἰ
3842 810 4001 868 Υἱὸς

2365 887 2527 942 αὐτοῦ
2567 888 2728 960 ἔστιν,
2777 898 2884 952 πῶς
2927 894 3118 964 Κύριος
3170 892 3332 946 αὐτοῦ
3384 892 3522 962 itm;
3552 898 3611 948 τὸ
3641 897 3729 968 μεν
3770 897 4002 969 Κύριος

2366 978 2526 1031 αὑτοῦ
2579 982 2649 1041 ὡς
2701 982 2828 1032 Θεὸν
2870 989 3047 1053 σαφῶς
3098 987 3393 1057 προειπών·
3447 987 3506 1036 τὸ
3560 980 3618 1038 δε
3676 987 3852 1038 Κάθου
3925 985 4002 1038 ἐκ

2366 1064 2551 1130 δεξιῶν
2579 1087 2679 1141 μου
2713 1077 2886 1140 σαφῶς
2927 1077 2988 1141 τῇ
3033 1069 3398 1144 ἆνθρωπότητι
3437 1072 3654 1146 ἁρμόζει
3678 1089 3691 1104 '
3739 1077 3800 1127 τό
3858 1076 3997 1148 γὰρ

2363 1159 2527 1210 κάθου
2552 1167 2622 1230 τῷ
2659 1163 2731 1230 μὴ
2764 1160 3090 1232 καθεζομένῳ
3127 1159 3284 1233 λέγει,
3313 1162 3370 1215 Ἦ
3412 1159 3471 1215 δε
3515 1164 3696 1224 θεότης
3745 1160 4002 1238 ἱδρυται

2365 1246 2437 1307 εἰς
2467 1251 2560 1305 τὴν
2607 1247 2802 1299 οἰκείαν
2836 1253 3205 1323 μακαριότητα
3241 1255 3398 1323 τιμήν
3427 1269 3482 1304 τε
3507 1257 3597 1304 καὶ
3627 1247 3805 1320 δόξαν,
3837 1254 4000 1326 παρ’

2364 1335 2536 1407 ίτίρου
2566 1336 2804 1408 μείζονος
2838 1341 2910 1409 μὴ
2963 1337 3329 1411 ἰπιτρεπομένη
3385 1340 3416 1400 ἡ
3471 1345 3858 1413 προτρεπομένη
3905 1341 4001 1403 εἰς

2361 1433 2514 1476 τοῦτο
2541 1446 2553 1458 ·
2588 1424 2694 1477 ἀλλ’
2723 1427 2752 1484 ἡ
2789 1426 3126 1500 ἁνθρωπότης
3154 1435 3246 1480 τοῦ
3267 1429 3504 1503 Χριστοῦ
3533 1430 3633 1481 ὑπό
3653 1437 3744 1490 τῆς
3763 1430 3997 1502 ἡνωμέ-

2361 1533 2454 1574 νης
2485 1514 2614 1587 αὐτῇ
2647 1513 2961 1588 ἀχωρίστως
3015 1517 3255 1576 θεότητος
3307 1515 3635 1591 ἕπιτρίπεται
3675 1515 3992 1590 ἀκούουσα,

2364 1605 2536 1656 Κάθου
2569 1602 2624 1655 ἐκ
2656 1600 2838 1666 δεξιῶν
2865 1624 2986 1676 μου,
3012 1607 3200 1658 ὡσανεὶ
3223 1604 3269 1656 ἐν
3299 1613 3360 1679 τῇ
3396 1606 3492 1679 ἐμῇ
3517 1615 3641 1679 τιμῇ
3662 1629 3673 1638 ·
3704 1610 3823 1660 οὔτε
3861 1610 3995 1683 γὰρ

2361 1687 2510 1754 δεςιὰ
2536 1695 2652 1744 οὔτε
2681 1690 2933 1767 ἀριστερά
2976 1695 3090 1764 ἔχει
3129 1694 3154 1745 ό
3185 1696 3309 1756 Θεὸς
3355 1692 3740 1768 ἀπερίγραπτος
3790 1698 3994 1772 ὑπάρ-

599 1784 761 1842 enim
783 1781 878 1838 vel
899 1781 1172 1837 dextram
1197 1780 1292 1836 vel
1317 1779 1620 1836 sinistram
1643 1784 1798 1838 Deus
1817 1782 2022 1850 habet,
2044 1789 2244 1857 utpote

2357 1797 2504 1855 χων⁶
2546 1782 2674 1834 ἀλλὰ
2722 1791 2876 1836 τοῦτο
2916 1783 3041 1837 αὐτὸ
3099 1783 3254 1856 λέγει,
3288 1785 3369 1838 ὅτι
3419 1787 3593 1838 Κάθου
3650 1784 3698 1838 ἐν
3743 1793 3807 1858 τῇ
3863 1785 3986 1859 ἐμῇ

596 1888 722 1930 non
751 1870 1264 1942 circumscriptus.
1307 1869 1454 1924 Dicit
1499 1885 1683 1940 ergo:
1721 1871 1869 1928 Sede
1915 1871 1977 1927 in
2021 1872 2248 1928 honore

595 1978 757 2034 meo,
788 1964 1084 2032 tanquam
1130 1975 1269 2014 mea
1314 1973 1596 2031 persona,
1629 1963 1834 2032 utpote
1892 1961 2094 2030 imago
2148 1963 2250 2018 Dei

594 2052 877 2108 universo
904 2048 1135 2104 mundo
1167 2051 1484 2104 ostentata.
1518 2048 1748 2122 Quippe
1770 2050 1851 2106 ita
1873 2051 2079 2108 Daniel
2098 2068 2247 2125 quo-

597 2158 715 2215 que
746 2141 828 2196 ait
861 2157 874 2195 :
905 2141 985 2195 Et
1018 2140 1136 2209 ipsi
1175 2139 1385 2195 datum
1432 2145 1515 2195 est
1570 2155 1841 2212 regnum,
1884 2142 2094 2214 honor,
2143 2159 2243 2212 po-

596 2237 774 2289 testas
789 2232 860 2297 ³9,
889 2234 946 2286 et
972 2228 1225 2301 reliqua.
1246 2228 1399 2294 Quin
1416 2228 1568 2285 adeo
1597 2229 1724 2302 ipse
1746 2231 2034 2287 Dominus
2057 2232 2204 2289 dixit
2228 2250 2240 2288 :

589 2323 750 2377 Data
779 2323 864 2376 est
893 2318 1043 2374 mihi
1059 2319 1250 2372 omnis
1270 2323 1529 2386 potestas
1557 2319 1619 2374 in
1645 2321 1792 2377 creto
1823 2323 1876 2376 et
1901 2322 1962 2376 in
1995 2324 2238 2378 terra“.

592 2411 723 2467 Mox
751 2423 893 2464 vero
919 2407 980 2463 in
1029 2405 1302 2478 ejusdem
1333 2406 1554 2479 psalmi
1583 2422 1911 2478 progressu
1939 2411 2020 2466 ait
2051 2412 2126 2467 de
2152 2413 2243 2468 di-

587 2498 833 2554 vinitate
881 2514 895 2551 :
943 2496 1036 2552 Eae
1081 2501 1250 2551 utero
1297 2503 1438 2552 ante
1494 2497 1814 2566 luciferum
1857 2503 2041 2569 genui
2079 2503 2187 2557 te31
2226 2520 2238 2558 :

589 2589 879 2660 tanquam
927 2584 976 2639 si
1031 2584 1204 2638 Pater
1259 2582 1340 2638 ad
1387 2582 1596 2640 Filium
1634 2585 1864 2642 ratione
1915 2588 2240 2647 divinitatis

587 2677 749 2733 dicat
779 2691 792 2730 :
826 2677 974 2730 Ante
1001 2688 1244 2728 omnem
1290 2677 1622 2730 creaturam
1672 2690 1744 2732 ex
1785 2681 1972 2744 utero,
1998 2679 2112 2736 hoc
2141 2697 2241 2736 vo-

586 2764 806 2822 cabulo
826 2761 1507 2820 consubstantialitatem
1527 2763 1812 2821 denotare
1839 2767 2047 2825 volens
2070 2789 2085 2840 ;
2117 2786 2240 2827 non

586 2857 797 2928 postea
821 2867 1156 2920 assumens,
1186 2851 1294 2908 sed
1322 2852 1385 2907 in
1415 2869 1512 2908 me
1553 2853 1686 2926 ipso
1743 2859 1797 2911 te
1844 2857 2076 2915 habens
2116 2861 2241 2917 sine

585 2943 882 3018 principio
926 2941 1020 2998 vel
1055 2941 1215 2997 ﬁne:
1249 2945 1542 3014 tanquam
1591 2959 1663 2999 ex
1715 2950 1885 3002 utero
1932 2964 2002 3003 ex
2035 2955 2242 3006 nostra

586 3031 930 3089 substantia
951 3035 1003 3087 te
1026 3032 1204 3101 genui
1227 3031 1359 3102 conj
1371 3035 1614 3088 unctum
1637 3033 1786 3090 mihi
1807 3040 1860 3092 et
1883 3038 2242 3095 coexsisten-

2356 1880 2508 1946 τιμῇ,
2540 1875 2729 1926 ὡσανεὶ
2760 1873 2828 1936 εἰς
2862 1877 3138 1948 πρόσωπον
3169 1874 3313 1946 ἐμὸν,
3346 1876 3410 1935 ὡς
3453 1875 3599 1927 εἰκὼν
3639 1883 3771 1929 Θεοῦ
3799 1882 3990 1929 παντὶ

2356 1971 2428 2034 τῷ
2453 1967 2636 2035 κόσμῳ
2668 1958 2974 2035 δεικνυμένη
3002 1984 3015 1996 ·
3049 1963 3184 2015 οὕτω
3203 1966 3306 2037 γὰρ
3337 1968 3427 2016 καὶ
3448 1963 3638 2022 Δανιὴλ
3657 1963 3790 2037 λέγει
3808 1985 3820 1998 ·
3859 1971 3989 2019 Καὶ

2355 2050 2496 2122 αὐτῷ
2524 2047 2680 2109 ἐδόθη
2723 2053 2752 2108 ἡ
2798 2049 3044 2124 βασιλεία
3081 2056 3170 2104 καὶ
3200 2054 3228 2110 ἡ
3263 2058 3389 2126 τιμὴ
3425 2054 3569 2111 καὶὴ
3599 2051 3834 2123 ἐξουσία,
3868 2059 3985 2108 καὶ

2353 2143 2420 2192 τὰ
2447 2139 2625 2198 λοιπά.
2657 2139 2808 2193 Ἀλλὰ
2836 2146 2926 2194 καὶ
2956 2141 3108 2202 αὐτὸς
3147 2143 3172 2193 ό
3201 2144 3392 2215 Κύριός
3421 2161 3577 2214 φησιν
3598 2159 3610 2171 ·
3643 2139 3833 2200 Ἐδόθη
3868 2163 3985 2216 μοι

2353 2235 2502 2282 πᾶσα
2531 2228 2742 2292 ἐξουσία
2780 2227 2827 2282 ἐν
2874 2230 3074 2304 οὐρανῷ
3113 2234 3204 2282 καὶ
3242 2230 3328 2283 ἐπὶ
3355 2239 3470 2303 γῆς.
3504 2236 3850 2306 Παρακατιὼν
3911 2229 3986 2286 δὲ

2353 2319 2485 2391 λέγει
2509 2319 2660 2372 πάλιν
2693 2319 2741 2371 ἐν
2780 2328 2852 2391 τῷ
2892 2319 3032 2391 αὐτῷ
3071 2319 3262 2393 ψαλμῷ
3300 2327 3420 2396 περὶ
3447 2329 3542 2383 τῆς
3565 2323 3802 2383 θεότητος
3823 2342 3836 2355 ο
3873 2322 3986 2375 Ἐκ

2351 2412 2575 2485 γαστρός
2600 2412 2700 2484 πρὸ
2733 2408 2995 2483 ἑωσφόρον
3020 2408 3264 2481 ἇγέννησά
3288 2429 3345 2463 σε
3365 2427 3378 2442 ⁸
3413 2413 3602 2463 ὡσανεὶ
3630 2418 3721 2463 τοῦ
3751 2415 3986 2485 Πατρός

2351 2501 2480 2572 πρὸς
2509 2502 2596 2551 τὸν
2627 2501 2744 2551 Υἱόν
2766 2501 2901 2550 κατὰ
2928 2503 3022 2557 τὴν
3047 2500 3267 2556 θεότητα
3284 2498 3518 2571 λέγοντος
3538 2501 3621 2552 ὅτι
3645 2503 3752 2575 Πρὸ
3778 2502 3988 2563 πάσης

2351 2593 2571 2650 κτίσεως
2619 2587 2720 2640 ἀπὸ
2759 2593 2990 2661 γαστρός
3013 2605 3027 2618 ’
3079 2591 3137 2641 τὸ
3187 2590 3464 2662 όμοοῦσιον
3499 2589 3651 2642 θέλων
3684 2595 3934 2662 σημᾶναι
3964 2613 3980 2624 ·

2349 2677 2456 2750 οὐχ
2518 2679 2734 2751 ὕστερον
2789 2676 3099 2752 προσλαϐὼν
3131 2720 3145 2746 ,
3206 2677 3312 2731 ἀλλ’
3363 2676 3412 2730 ἓν
3461 2677 3668 2751 ἐμαυτῷ
3708 2697 3766 2731 σε
3819 2681 3980 2751 ἔχων

2349 2765 2591 2841 ἀνάρχως
2619 2772 2709 2817 καὶ
2741 2764 3036 2840 ἀπεράντως
3056 2784 3068 2796 ⁸
3111 2769 3178 2828 ὡς
3211 2769 3310 2819 απὸ
3349 2770 3579 2840 γαστρὸς
3615 2766 3671 2819 ἐκ
3700 2775 3794 2829 τῆς
3819 2769 3978 2840 ἠμε-

2346 2860 2493 2928 τέρας
2524 2855 2707 2916 οὐσίας
2740 2875 2795 2908 σε
2821 2855 3070 2928 ἐγέννησα
3110 2860 3330 2908 συνόντα
3383 2861 3470 2909 καὶ
3511 2859 3963 2929 συνυπάρχοντα.

2348 2941 2477 2997 Εἶτα
2523 2945 2674 2998 πάλιν
2707 2945 2886 3006 εὐθέως
2926 2949 3015 2997 καὶ
3052 2950 3170 3020 περὶ
3207 2954 3303 3007 τῆς
3343 2944 3734 3018 ἁνθρωπότητος
3775 2941 3975 3002 δηλῶν

2349 3039 2543 3107 φησίν·
2601 3032 2802 3107 Ὠμοσε
2853 3037 3060 3109 Κύριος,
3093 3038 3183 3087 καὶ
3238 3033 3296 3087 οῦ
3349 3033 3856 3107 μεταμεληθήσεται,
3892 3039 3969 3086 σὺ

584 3125 728 3178 tem.
760 3117 983 3176 Deinde
1009 3133 1218 3174 rursus
1247 3116 1523 3192 illicoque
1574 3120 1649 3178 de
1679 3121 2050 3181 humanitate
2093 3142 2241 3199 prae-

2356 3125 2514 3197 ἱερεὺς
2543 3122 2610 3184 εἰς
2646 3127 2734 3176 τὸν
2767 3123 2930 3176 αἰῶνα
2979 3126 3113 3176 κατὰ
3163 3127 3256 3182 τὴν
3299 3123 3445 3186 τάξιν
3483 3119 3816 3195 Μελχισεδέκ
3844 3144 3862 3158 ο
3900 3125 3970 3176 οῦ

588 3209 794 3266 dicat:
834 3207 1079 3262 Juravit
1123 3207 1434 3278 Dominus,
1488 3213 1542 3264 et
1587 3225 1708 3266 non
1757 3213 2054 3280 pamitebit
2084 3231 2236 3284 eum,

591 3304 658 3354 tu
715 3312 774 3353 es
833 3295 1108 3352 sacerdos
1157 3297 1220 3351 in
1273 3302 1559 3354 aeternum
1593 3301 1920 3359 secundum
1971 3305 2240 3362 ordinem

588 3383 1088 3444 Melchisedech“
1117 3400 1129 3439 :
1163 3399 1286 3440 non
1325 3385 1486 3441 enim
1533 3385 1724 3445 deitas
1776 3391 2091 3463 sacriﬁcat,
2135 3394 2242 3450 sed

591 3472 795 3546 potius
821 3472 1032 3528 colitur
1061 3477 1118 3528 et
1144 3471 1370 3529 hostias
1399 3475 1625 3547 recipit.
1660 3479 1920 3536 Meminit
1947 3482 2130 3553 hujus
2160 3488 2242 3540 te-

592 3562 859 3620 stimonii
884 3560 1103 3618 Paulus
1151 3578 1397 3635 quoque
1444 3566 1754 3636 apostolus
1783 3568 1843 3624 in
1876 3571 2136 3642 Epistola
2165 3574 2245 3630 ad

591 3651 874 3710 Hebraeos
905 3650 991 3706 sic
1023 3669 1036 3706 :
1064 3651 1262 3706 Sicuti
1287 3653 1519 3721 Aaron,
1541 3656 1622 3709 sic
1646 3663 1701 3712 et
1729 3657 1997 3715 Christus
2017 3677 2243 3734 nequa-

591 3758 774 3816 quam
799 3741 913 3798 sibi
958 3741 1281 3798 sacerdotii
1305 3741 1587 3800 honorem
1631 3747 1976 3814 vindicavit,
2003 3753 2108 3808 sed
2142 3756 2246 3824 qui

593 3833 743 3890 dixit
765 3833 853 3888 ei:
885 3833 1082 3888 Filius
1113 3846 1275 3888 meus
1305 3847 1362 3888 es
1385 3838 1472 3902 tu,
1509 3849 1614 3905 ego
1642 3835 1815 3894 hodie
1836 3843 2019 3909 genui
2044 3848 2118 3898 te.
2153 3844 2244 3900 Si-

594 3927 694 3979 cut
725 3927 781 3979 et
809 3920 952 3979 alibi
971 3920 1052 3977 ait
1085 3939 1097 3977 :
1135 3922 1221 3977 Tu
1241 3938 1300 3978 es
1329 3924 1606 3980 sacerdos
1623 3925 1689 3981 in
1732 3932 2019 3987 aeternum
2040 3947 2244 3991 secun-

594 4012 737 4068 dum
760 4011 1029 4068 ordinem
1059 4011 1496 4070 Melchisedech
1510 4015 1556 4048 ⁸³
1589 4033 1602 4072 :
1635 4015 1911 4075 videlicet
1935 4021 2142 4080 omnia
2170 4023 2245 4080 de

593 4100 966 4160 humanitate
990 4100 1345 4173 intelligens.

647 4243 1049 4313 Syllogismus
1069 4246 1279 4314 magni
1305 4245 1633 4320 drungarii
1649 4253 1880 4311 domini
1894 4256 2207 4327 Stephani.

667 4367 822 4423 Num
852 4367 1197 4425 universam
1223 4369 1524 4441 deitatem,
1547 4392 1684 4448 quas
1714 4377 1904 4437 deitas
1934 4383 2155 4441 scilicet
2183 4386 2241 4442 in

2346 3214 2444 3286 γὰρ
2487 3213 2516 3270 ἡ
2548 3214 2728 3274 θεότης
2755 3214 3022 3286 ἱερατεύει,
3053 3210 3180 3264 ἀλλὰ
3206 3211 3394 3284 μᾶλλον
3415 3211 3735 3286 λατρεῦεται,
3769 3217 3864 3264 καὶ
3893 3216 3970 3266 τὰ

2352 3304 2511 3374 ἱερεῖα
2548 3298 2929 3374 προσδέχεται.
2963 3306 3236 3374 Μέμνηται
3288 3297 3346 3354 δε
3384 3306 3474 3355 καὶ
3521 3310 3611 3363 τῆς
3638 3307 3889 3376 χρήσεως
3939 3305 3967 3354 ό

2351 3389 2642 3453 ἀπόστολος
2709 3391 2908 3452 Παῦλος
2953 3390 3001 3444 ἐν
3067 3400 3128 3464 τῇ
3167 3393 3296 3464 πρὸς
3339 3389 3609 3465 Ἐϐραίους
3669 3391 3965 3464 Ἐπιστολῇ

2349 3479 2508 3551 λέγων
2549 3481 2708 3541 οὕτως
2732 3498 2744 3512 ·
2781 3483 3024 3554 Καθάπερ
3055 3482 3080 3533 ό
3108 3479 3328 3554 ’Δαρὼν,
3356 3483 3519 3542 οὕτως
3539 3485 3628 3533 καὶ
3665 3482 3692 3533 ό
3722 3484 3972 3552 Χριστὸς

2352 3569 2457 3641 οὐχ
2489 3569 2668 3622 ἑαυτὸν
2700 3567 2922 3633 ἐδόξασε
2944 3571 3186 3642 γενέσθαι
3227 3569 3520 3644 ἀρχιερεὺς,
3551 3569 3658 3622 ἀλλ’
3683 3568 3972 3632 όλαλήσας

2351 3662 2480 3732 πρὸς
2520 3659 2692 3726 αὐτόν,
2735 3661 2854 3722 Υἱός
2892 3679 2992 3732 μου
3033 3656 3080 3711 εἶ
3123 3663 3210 3726 σὺ,
3253 3658 3360 3731 ἐγὼ.
3399 3665 3622 3733 σήμερον
3666 3663 3970 3731 γεγέννηκά

2355 3766 2411 3801 σε
2439 3768 2451 3781 ο
2483 3750 2620 3800 καθὰ
2647 3753 2738 3801 καὶ
2775 3747 2824 3801 ἓν
2873 3751 3023 3824 ἔτέρῳ
3065 3747 3200 3820 λέγει
3224 3765 3236 3778 ·
3286 3753 3354 3800 Σὺ
3386 3751 3545 3823 ἱερεὺς
3572 3749 3643 3810 εἰς
3669 3751 3757 3800 τὸν
3787 3749 3969 3802 αἰῶνα

2350 3839 2486 3890 κατὰ
2512 3842 2606 3896 τὴν
2645 3837 2790 3900 τάξιν
2819 3834 3154 3911 Μελχισεδέκ
3180 3859 3192 3872 ο
3249 3841 3420 3890 πάντα
3464 3841 3579 3912 περὶ
3614 3846 3706 3899 τῆς
3744 3835 3965 3913 ἀνθρω-

2351 3931 2575 3990 πότητος
2601 3927 2844 3983 ἐκλαϐών.

2355 4265 2704 4340 Συλλογισμός
2728 4273 2820 4319 τοῦ
2845 4265 3071 4340 μεγάλου
3094 4261 3453 4340 δρουγγαρίου
3481 4271 3642 4338 κυροῦ
3671 4267 3960 4338 Στεφάνου.

2420 4390 2550 4465 Ὀλη
2602 4400 2664 4464 τῇ
2719 4393 2925 4450 θεότητι
2960 4393 3452 4464 προσκεκροῦκαμεν
3509 4392 3659 4462 ἡμεῖς
3717 4387 3810 4443 διὰ
3856 4400 3962 4454 τῆς

594 4455 786 4513 tribus
838 4460 1138 4558 spectatur
1196 4461 1498 4530 personis,
1532 4466 1698 4521 Patre
1747 4468 1890 4525 Filio
1928 4476 1985 4528 et
2023 4475 2243 4545 Spiritu

2356 4481 2696 4554 παραϐάσεως
2727 4526 2740 4549 ,
2796 4489 2857 4554 τῇ
2902 4479 2951 4532 ἐν
2990 4487 3102 4542 ταῖς
3138 4484 3308 4554 τρισὶν
3363 4481 3692 4531 ὑποστάσεσι
3732 4481 3962 4555 θεωρου-

595 4548 829 4636 sancto,
869 4545 1233 4636 offendimus
1263 4564 1376 4604 nos
1424 4555 1705 4624 praecepti
1747 4559 2240 4636 transgressione,

594 4650 673 4692 an
702 4634 902 4707 potius
934 4634 1131 4692 solum
1162 4640 1440 4695 Patrem?
1469 4642 1525 4696 Si
1554 4642 1790 4701 Patrem
1823 4634 2243 4711 tantummodo

593 4723 980 4789 olfendimus,
1002 4726 1208 4797 utique
1228 4727 1366 4784 huic
1398 4729 1527 4797 soli,
1553 4731 1727 4802 juxta
1748 4735 1857 4792 hos
1876 4737 2239 4811 blaterones,

590 4812 954 4870 reconciliati
984 4829 1195 4870 sumus
1219 4830 1325 4888 per
1366 4817 1488 4874 Filii
1513 4821 1645 4892 ejus
1674 4823 1968 4884 incarnati
1998 4833 2239 4903 sangui-

588 4917 752 4958 nem.
785 4903 954 4968 Quod
988 4903 1036 4958 si
1085 4907 1269 4960 totam
1308 4906 1650 4966 Trinitatem
1699 4914 2088 4984 offendimus,
2128 4921 2238 4976 uti-

589 5005 706 5062 que
733 4991 841 5048 toti
883 4991 1146 5048 Trinitati
1197 4993 1436 5051 oblatus
1477 4997 1587 5055 fuit
1641 5003 1930 5072 unigeniti
1972 5009 2100 5065 Filii
2139 5011 2240 5068 Dei

591 5080 863 5172 sanguis.
901 5080 1061 5137 Sicut
1085 5082 1244 5138 enim
1266 5083 1332 5172 in
1361 5100 1484 5141 uno
1505 5087 1840 5164 eodemque
1863 5096 2111 5168 Christo,
2134 5101 2236 5172 qui

585 5168 647 5261 in
679 5168 856 5225 unica
886 5185 1150 5242 persona
1188 5171 1475 5246 subsistit,
1503 5182 1850 5248 agnoscitur
1887 5168 2238 5261 corruptibi-

583 5255 721 5314 litas
753 5261 808 5314 et
855 5258 1419 5336 incorruptibilitas,
1458 5269 1791 5328 mortalitas
1830 5279 1888 5331 et
1923 5255 2236 5338 immorta-

574 5629 615 5670 ν
650 5543 700 5672 1;
724 5542 926 5670 gtatth.
949 5561 1087 5616 xxn,
1115 5551 1206 5620 43,
1240 5555 1328 5608 44.
1404 5554 1453 5589 ²⁹
1487 5556 1634 5612 Dan.
1667 5573 1766 5627 v11,
1808 5563 1884 5616 tle.

616 5657 636 5685 ,
664 5645 776 5672 ειν-υ.

1973 5564 2021 5599 ³ο
2052 5568 2248 5626 Matth.
2277 5572 2480 5636 xxvni,
2516 5572 2600 5626 18.

2349 4576 2496 4644 μένῃ,
2534 4574 2759 4644 Πατρός,
2801 4572 2942 4641 Υἱοῦ,
2999 4573 3090 4622 καὶ
3149 4568 3302 4639 ἁγίου
3369 4571 3688 4640 Πνεύματος,
3727 4569 3756 4627 ἦ
3806 4575 3957 4641 μόνῳ

2348 4667 2421 4730 τῷ
2452 4664 2654 4735 Πατρί;
2696 4660 2756 4713 Εἰ
2812 4661 2902 4733 μὲν
2959 4663 3096 4732 μόνῳ
3135 4666 3208 4728 τῷ
3246 4661 3435 4732 Πατρί,
3493 4662 3584 4709 καί
3627 4657 3766 4728 αὐτῷ
3807 4664 3956 4731 μόνῳ

2347 4751 2484 4801 κατὰ
2522 4753 2639 4810 τοὺς
2693 4749 3078 4822 φληναφοῦντας
3135 4746 3531 4818 κατηλλάγημεν
3581 4743 3674 4799 διὰ
3721 4755 3813 4798 τοῦ
3868 4750 3956 4800 αῖ-

2348 4858 2508 4910 ματος
2548 4847 2639 4891 τοῦ
2696 4837 3186 4913 ἐνανθρωπὴσαντος
3242 4839 3365 4889 Υἱοῦ
3406 4837 3600 4888 αὐτοῦ·
3642 4836 3687 4888 εἰ
3734 4833 3794 4889 δὲ
3849 4838 3951 4912 ὅλη

2451 4924 2664 5004 Τριάδι,
2707 4928 2793 5001 ὅλη
2959 4923 3153 5001 Τριάδι
3213 4928 3552 5001 προσηνέχθη
3614 4930 3702 4977 καί
3741 4930 3798 4978 τό
3851 4936 3953 4980 τοῦ

2347 5024 2650 5089 μονογενοῦς
2682 5020 2805 5070 Υὶοῦ
2837 5023 2926 5068 τοῦ
2968 5023 3100 5069 Θεοῦ
3167 5016 3322 5088 αἷμα.
3366 5013 3567 5089 Ὠσπερ
3625 5018 3722 5089 γὰρ
3765 5012 3814 5066 ἔν
3873 5026 3952 5089 τῷ

2347 5104 2418 5157 ἐνί
2473 5112 2564 5158 καὶ
2601 5113 2674 5175 τῷ
2736 5105 2876 5174 αὐτῷ
2922 5111 3158 5177 Χριστῷ,
3209 5107 3322 5162 ἤτοι
3351 5111 3411 5174 τῇ
3447 5108 3545 5176 μιᾷ
3572 5105 3757 5154 τούτου
3818 5105 3952 5158 ὑπο-

2351 5197 2554 5262 στάσει,
2601 5197 2866 5268 θεωρεῖται
2904 5197 2963 5246 τό
3030 5195 3254 5267 φθαρτὸν
3307 5196 3398 5244 καί
3443 5195 3501 5244 τὸ
3545 5193 3827 5264 ἄφθαρτον,
3885 5199 3948 5247 τὸ

2349 5285 2532 5342 θνητόν
2551 5288 2642 5336 καὶ
2670 5287 2728 5336 τό
2755 5282 3007 5336 ἀθάνατον
3032 5299 3045 5312 ’
3080 5282 3210 5334 οὗτε)
3235 5285 3323 5333 xui
3361 5284 3418 5333 τό
3462 5283 3729 5354 προσάγον
3758 5285 3850 5334 καὶ
3886 5286 3949 5336 τὸ

2697 5571 2742 5605 δι
2785 5569 2941 5626 Psal.
2977 5584 3087 5636 cur,
3121 5571 3172 5623 3.
3280 5568 3327 5602 ³³
3365 5565 3513 5624 ibid.
3544 5569 3597 5622 4.
3692 5565 3742 5602 ³³
3779 5566 3936 5625 Heb.
