4046 6310
654 322 760 381 175

1292 452 1670 510 Damascem.

727 540 1157 599 Universorum
1187 544 1339 597 Deus
1369 547 1427 598 et
1457 545 1623 598 Pater
1648 542 1851 599 vultne
1880 548 2179 615 quatenus
2200 548 2307 601 Pa-

654 632 743 686 ter
774 634 881 698 est,
914 645 990 685 an
1013 634 1312 702 quatenus
1345 631 1538 686 Deus?
1569 629 1626 687 Si
1650 635 1951 703 quatenus
1976 634 2163 699 Pater,
2192 632 2309 690 alia

657 721 767 778 erit
814 720 1093 776 voluntas
1119 720 1247 791 ejus
1285 737 1472 793 quam
1508 720 1665 787 Filii;
1699 736 1896 795 neque
1940 722 2100 778 enim
2143 726 2311 781 Pater

654 810 817 867 idem
850 814 939 866 est
962 809 1065 882 qui
1099 808 1294 866 Filius.
1330 811 1428 866 Sin
1461 810 1582 866 vult
1606 816 1905 883 quatenus
1948 814 2124 880 Deus,
2154 815 2308 869 Deus

655 904 859 956 autem
888 914 1060 971 aeque
1088 904 1175 955 est
1222 898 1397 955 Filius
1436 904 1492 955 et
1523 904 1771 955 sanctus
1804 900 2073 972 Spiritus,
2103 902 2306 975 utique

652 989 932 1046 voluntas
952 992 1182 1044 natura:
1206 992 1313 1053 est,
1339 987 1397 1043 id
1431 993 1523 1044 est
1545 987 1859 1045 naturalis.
1886 990 2037 1060 Ergo
2068 994 2132 1047 tu
2160 1008 2308 1064 quo-

652 1094 771 1152 que
801 1077 1069 1133 similiter
1112 1076 1536 1150 syllogismum
1579 1078 1804 1133 instrue
1833 1096 1847 1133 :
1882 1081 2305 1137 Universorum

651 1170 810 1224 Deus
838 1171 893 1223 et
918 1169 1105 1232 Pater,
1130 1182 1276 1222 num
1299 1172 1600 1238 quatenus
1628 1170 1796 1223 Pater
1816 1171 1923 1237 est,
1947 1169 2305 1238 sanguinem

653 1256 951 1327 Unigeniti
982 1255 1232 1327 excepit,
1260 1270 1338 1311 an
1369 1259 1667 1327 quatenus
1700 1257 1896 1312 Deus?
1924 1256 1984 1313 Si
2006 1264 2305 1331 quatenus

649 1348 837 1413 Pater,
866 1345 984 1402 alia
1014 1344 1123 1400 erit
1163 1345 1293 1415 ejus
1320 1343 1507 1399 virtus
1534 1349 1589 1401 et
1616 1346 1885 1418 operatio
1929 1362 2114 1418 quam
2146 1346 2301 1415 Filii;

648 1451 775 1491 non
804 1434 966 1491 enim
997 1434 1156 1489 idem
1179 1435 1347 1489 Pater
1374 1448 1445 1487 ac
1470 1431 1665 1490 Filius.
1701 1434 1800 1490 Sin
1829 1438 2126 1507 quatenus
2149 1437 2302 1492 Deus

647 1528 737 1581 est
760 1523 1012 1595 excepit,
1043 1524 1198 1577 Deus
1228 1525 1431 1577 autem
1462 1537 1633 1594 aeque
1663 1527 1751 1579 est
1799 1523 1973 1579 Filius
2017 1530 2073 1579 et
2119 1524 2300 1597 Spiri-

646 1618 742 1671 tus
789 1618 1057 1676 sanctus,
1090 1611 1359 1684 sequitur
1404 1616 1469 1668 ut
1510 1611 1800 1684 Unigcniti
1829 1613 2209 1684 sanguinem,
2235 1614 2298 1670 id

644 1709 757 1769 est,
786 1704 969 1760 unius
1003 1703 1077 1759 de
1109 1706 1319 1759 sancta
1357 1702 1656 1771 Trinitate,
1690 1702 1905 1760 eadem
1945 1708 2155 1761 sancta
2180 1705 2297 1761 Tri-

640 1794 821 1864 nitas,
852 1797 1151 1867 quatenus
1181 1792 1336 1849 Deus
1367 1796 1480 1860 est,
1512 1792 1828 1866 exceperit.

639 1920 740 1978 Ea:
770 1919 925 1976 libro
954 1918 1240 1991 synodico
1266 1919 1456 1991 quiin
1484 1919 1712 1989 Magna
1736 1918 2011 1977 Ecclesia
2045 1920 2289 1991 legitur.

705 2099 781 2155 Iis
827 2099 932 2172 qui
961 2098 1191 2164 dicunt,
1225 2097 1390 2171 quod
1438 2097 1726 2154 Dominus
1768 2101 1827 2154 et
1869 2099 2144 2156 Servator
2183 2115 2290 2156 no-

632 2193 752 2247 ster
778 2190 953 2245 Jesus
985 2188 1271 2259 Christus,
1306 2191 1578 2259 tempore
1599 2186 1878 2243 salutaris
1906 2204 2029 2244 suae
2060 2189 2290 2261 passio-

628 2278 746 2348 nis,
764 2278 1010 2351 pretiosi
1033 2277 1124 2332 sui
1145 2277 1416 2349 corporis
1439 2276 1875 2349 sanguinisque
1899 2276 2285 2348 sacrificium,

627 2372 923 2439 tanquam
945 2365 1215 2437 pontifex
1243 2365 1303 2419 in
1328 2365 1600 2420 humana
1627 2381 1736 2437 pro
1765 2366 1941 2421 nobis
1971 2373 2289 2439 assumpta

625 2460 866 2522 natura,
894 2454 1041 2527 quia
1067 2459 1124 2510 et
1151 2453 1520 2510 sacriﬁcator
1559 2458 1650 2510 est
1674 2458 1732 2510 et
1759 2454 2024 2518 victima,
2058 2461 2122 2511 ut
2161 2472 2284 2513 ma-

627 2560 785 2616 gnus
839 2543 921 2599 ait
966 2543 1282 2612 theologus
1339 2541 1991 2612 Gregorius,obtulerit
2038 2544 2284 2617 quidem

624 2637 746 2690 Deo
775 2632 953 2699 Patri,
993 2647 1117 2688 non
1162 2636 1365 2687 tamen
1415 2631 1546 2704 ipse
1598 2631 1945 2702 Unigenitus
1987 2636 2286 2706 exceperit

622 2726 925 2796 quatenus
971 2721 1151 2791 Deus,
1179 2721 1444 2795 itemque
1487 2720 1736 2793 Spiritus
1783 2727 2070 2792 sanctus;
2102 2723 2180 2779 ita
2218 2727 2284 2780 ut

619 2813 738 2869 hac
762 2811 1159 2868 afﬁrmatione
1176 2809 1501 2866 excludant
1518 2811 1721 2882 ipsum
1748 2811 1847 2867 Dei
1866 2811 2149 2877 Verbum,
2169 2829 2279 2870 nec

618 2916 747 2959 non
788 2898 1366 2957 consubstantialem
1398 2904 1455 2955 et
1493 2899 1944 2969 congloriosum
1991 2901 2276 2973 Spiritum

618 2991 1016 3062 Paracletum,
1038 3006 1073 3046 a
1097 2989 1287 3047 divini
1311 2988 1559 3046 honoris
1578 2990 1834 3063 puritate
1864 3006 1936 3048 ac
1960 2991 2271 3064 dignitate,

618 3081 964 3139 anathema.

687 3258 763 3314 lis
791 3259 895 3331 qui
924 3262 1237 3331 peractum
1284 3257 1554 3330 quotidie
1602 3256 1962 3314 sacriﬁcium
1994 3274 2031 3314 a
2061 3258 2273 3316 Christi

618 3347 1035 3404 sacerdotibus
1087 3346 1295 3403 divina
1355 3348 1642 3419 mysteria
1702 3348 2096 3405 tractantibus
2147 3365 2269 3406 non

614 3434 957 3492 concedunt
986 3440 1206 3490 sanctae
1241 3434 1505 3491 Trinitati
1550 3434 1766 3507 oﬁ‘erri,
1797 3438 2272 3496 contradicentes

616 3523 839 3579 sanctis
860 3522 1198 3595 divinisque
1217 3523 1489 3579 Patribns
1509 3524 1719 3579 Basilio
1742 3528 1799 3579 et
1818 3525 2268 3598 Chrysostomo,

614 3613 980 3687 quibuscum
1011 3612 1391 3668 consentiunt
1416 3617 1472 3668 et
1498 3612 1709 3686 reliqui
1738 3613 1897 3686 pleni
1919 3617 2038 3671 Deo
2066 3616 2267 3673 Patres

616 3702 676 3760 in
708 3701 836 3757 suis
862 3699 1243 3757 sermonibus
1271 3705 1452 3774 atque
1484 3700 1715 3774 scriptis
1742 3718 1755 3757 :
1788 3703 2134 3763 anathema.

684 3992 763 4048 Iis
790 3992 896 4065 qui
946 4006 1085 4047 cum
1122 3989 1379 4047 audiunt
1425 3991 1797 4047 Sen'atorem
1823 3990 1884 4047 in
1913 3989 2185 4050 instituto
2227 4008 2264 4050 a

611 4096 675 4137 se
712 4081 1058 4138 divinorum
1103 4079 1530 4152 mysteriorum
1576 4078 1872 4136 sacriﬁcio
1918 4080 2259 4138 dicentem:

608 4171 741 4226 Hoc
781 4171 969 4239 facile
1014 4170 1074 4224 in
1119 4185 1309 4226 meam
1356 4172 2055 4240 commemorationem“,
2095 4171 2264 4228 haud

606 4260 766 4313 recte
781 4257 1116 4323 intelligunt
1130 4257 1499 4313 vocabulum
1515 4262 2263 4333 commemoralz'onem,sed

606 4346 805 4402 dicere
826 4346 1052 4402 audent
1074 4346 1241 4418 quod
1264 4346 1602 4403 sacerdotes
1626 4348 2000 4419 phantastice
2025 4355 2083 4405 et
2110 4350 2263 4406 ima-

606 4434 835 4505 ginarie
890 4436 1184 4491 renovant
1238 4440 1550 4507 peractum
1599 4451 1636 4492 a
1688 4438 1998 4493 Servatore
2054 4443 2259 4495 nostro

2006 330 2272 387 NlCETA'J
2311 331 2677 390 CHONIA’I‘E

2343 457 2392 511 Α
2961 469 3064 517 Τοῦ
3104 471 3473 539 Δαμασκηνοῦ.

3940 358 4013 407 17

2489 544 2547 598 Ὀ
2576 556 2674 601 τῶν
2718 549 2845 602 ὅλων
2889 556 3018 615 Θεὸς
3062 560 3152 608 καί
3198 562 3379 634 Πατὴρ
3416 560 3581 613 καθ’ό
3627 567 3833 638 Πατὴρ,
3868 565 4013 619 θέλε

2416 636 2447 694 ἦ
2500 636 2619 689 καθ’
2657 638 2683 690 6
2724 644 2889 707 666;;
2937 641 3069 694 Ἀλλ’
3101 642 3145 696 εἰ
3187 649 3277 719 μὲν
3325 649 3446 700 καθ’
3483 649 3509 701 6
3553 636 3932 725 Hetrn‘p,_6'0.lo
3987 675 4014 706 τ

2416 725 2576 779 αὑτοῦ
2621 730 2767 780 ἔσται
2810 733 2951 805 παρά
2993 735 3052 784 τὸ
3096 742 3187 787 τοῦ
3236 738 3361 790 Υἰοῦ
3406 738 3639 811 θέλημα·
3674 741 3732 794 ού
3760 746 3869 817 γὰρ
3922 749 4014 796 Ile:

2413 818 2511 889 τηρ
2558 816 2583 868 6
2632 820 2787 880 Υἱόςθ
2839 819 2882 873 εἰ
2924 817 2983 874 δὲ
3027 823 3143 876 καθ’
3174 823 3200 877 6
3234 830 3408 893 6:66,,
3437 832 3567 890 Θεὸς
3611 826 3671 883 δε
3706 816 3856 885 καίό
3906 836 4013 886 Υἱό

2413 908 2504 957 καί
2549 908 2608 957 τὸ
2658 913 2869 982 Πνεῦμα
2921 914 2979 963 τό
3033 912 3207 985 ἅγιον,
3263 917 3368 988 ἄρα
3412 920 3471 969 τό
3527 918 3725 992 θέλημα
3774 924 4003 993 φύσεως

2413 997 2573 1066 ἤγουν
2625 1001 2866 1068 φυσικόν,
2909 1004 3010 1053 Καί
3068 1005 3133 1053 σύ
3182 1012 3307 1074 γοῦν
3350 1009 3486 1059 κατά
3535 1015 3711 1061 τοῦτον
3759 1010 4007 1083 συλλογι

2414 1084 2633 1157 σάμενος
2691 1083 2991 1161 ἐρώτησον·
3045 1089 3105 1143 Ὀ
3156 1100 3257 1144 τῶν
3311 1092 3436 1147 ὅλων
3491 1099 3627 1158 Θεὸς
3675 1103 3764 1150 καί
3828 1105 4014 1176 ﬂere-:7}1

2410 1172 2528 1226 καθ’
2573 1173 2598 1225 6
2647 1180 2828 1249 Πατὴρ
2869 1176 3221 1252 προσεδέξατο
3258 1185 3317 1234 τό
3365 1191 3458 1235 τοῦ
3502 1193 3819 1258 Μονογενοῦς
3857 1172 4014 1261 αἷμα

2409 1264 2528 1316 καθ’
2567 1263 2592 1316 6
2632 1269 2798 1335 656;;
2829 1266 2966 1321 Ἀλλ’
3006 1269 3049 1321 εἰ
3086 1274 3176 1341 μεν
3218 1270 3336 1324 καθ’
3380 1273 3405 1324 6
3454 1278 3657 1348 Πατὴρ,
3689 1275 3818 1335 ἄλλη
3850 1279 4014 1331 αύτοτ

2407 1355 2555 1406 ἔσται
2594 1358 2736 1430 παρὰ
2776 1360 2871 1415 τὴν
2914 1365 3006 1410 τοῦ
3048 1360 3171 1411 Υἱοῦ
3221 1358 3445 1435 δύναμίς
3498 1383 3552 1416 τε
3602 1370 3690 1417 καί
3741 1365 3994 1441 ἐνέργεια

2406 1442 2466 1494 ού
2517 1445 2620 1517 γὰρ
2671 1450 2851 1519 Πατὴρ
2892 1447 2918 1498 6
2953 1451 3106 1509 Υἱόςο
3153 1448 3197 1501 εἰ
3239 1446 3298 1503 δὲ
3345 1453 3464 1505 καθ’
3512 1452 3538 1504 6
3589 1458 3728 1523 Θεὸς,
3768 1460 3915 1519 Θεὸς
3972 1454 4012 1509 ὃ

2405 1537 2495 1585 καί
2546 1534 2571 1584 6
2616 1535 2737 1597 Υἱός
2782 1540 2873 1588 καί
2929 1540 2987 1589 τό
3037 1533 3247 1611 Πνεῦμα
3291 1543 3348 1592 τὸ
3396 1541 3584 1613 ἅγιον,
3645 1545 3748 1617 ἄρα
3797 1549 3863 1598 τό
3934 1567 4014 1600 re:

2404 1628 2719 1692 Μονογενοῦς
2758 1626 2890 1697 αἷμα
2928 1633 3019 1678 τοῦ
3059 1626 3163 1689 ἐνὸς
3209 1636 3304 1692 τῆς
3343 1629 3491 1702 ἁγίας
3528 1630 3776 1708 Τριάδος,
3805 1636 3840 1694 ἠ
3884 1636 4014 1689 αὕτη

2404 1710 2532 1783 ἁγία
2559 1714 2715 1786 Τριὰς
2743 1713 2861 1767 καθ’
2892 1714 2917 1768 6
2948 1719 3067 1777 Θεὸς
3106 1714 3472 1791 προσεδεξατο.

2402 1930 2488 1989 Ἐκ
2516 1938 2610 1984 τοῦ
2641 1928 2925 1985 συνοδικοῦ
2964 1941 3056 2015 τοῦ
3090 1941 3577 2015 ριναγινωσκομένου
3602 1938 3650 1991 ἓν
3678 1947 3739 2012 τῇ
3780 1941 4014 2015 Μεγάλῃ

2968 2005 3152 2065 Ἐκκλη
3162 2005 3253 2081 σίᾳ
3289 2010 3423 2081 (23).

2465 2118 2585 2172 Τοῖς
2620 2110 2860 2183 λέγουσιν
2899 2113 2976 2164 ὅτι
3005 2117 3100 2172 τὴν
3148 2113 3198 2167 ίν
3240 2123 3313 2186 τῷ
3359 2125 3526 2191 καιρῷ
3573 2126 3664 2171 τοῦ
3708 2138 4014 2192 κοσμοσω-

2394 2204 2577 2275 τηρίου
2616 2207 2708 2252 τοῦ
2759 2205 2955 2275 Κυρίου
2998 2206 3089 2255 καί
3128 2210 3261 2255 Θεοῦ
3308 2209 3397 2256 καί
3436 2212 3668 2280 Σωτῆρος
3704 2209 3855 2280 ἡμῶν
3894 2209 4014 2267 Ἰη-

2398 2300 2492 2345 σοῦ
2535 2300 2771 2367 Χριστοῦ
2800 2295 3202 2366 προσαχθεῖσαν
3233 2296 3358 2371 ὑπὲρ
3405 2304 3500 2359 τῆς
3538 2299 3681 2370 ἡμῶν
3731 2305 4014 2375 σωτηρίας

2394 2382 2519 2458 παρ’
2575 2382 2735 2436 αὐτοῦ
2791 2384 2976 2436 Θυσίαν
3037 2392 3128 2436 τοῦ
3179 2390 3357 2458 τιμίου
3410 2387 3571 2440 αὑτοῦ
3641 2393 3894 2461 σώματός
3957 2410 4014 2443 τι

2393 2477 2484 2524 καί
2527 2473 2763 2546 αἳματος,
2813 2475 2877 2533 ὡς
2926 2471 3209 2549 ἀρχιερέως
3246 2478 3381 2529 κατά
3428 2480 3485 2528 τό
3541 2475 3867 2549 ἀνθρώπινον
3935 2476 4014 2532 δι’

2392 2564 2533 2635 ἡμᾶς
2572 2568 3031 2638 χρηματίσαντος,
3078 2569 3254 2640 ὅτιπερ
3295 2568 3321 2618 ό
3361 2566 3514 2629 αύτὸς
3561 2574 3651 2621 καί
3692 2571 3856 2633 θύτης
3916 2578 4014 2625 καί

2395 2654 2534 2725 θῦμα
2579 2656 2717 2705 κατὰ
2761 2657 2849 2706 τόν
2895 2653 3053 2706 πολύν
3099 2657 3148 2707 ἓν
3195 2655 3430 2729 θεολογία
3475 2662 3778 2733 Γρηγόριον,
3826 2681 4013 2734 προσ-

2392 2745 2560 2814 ήγαγε
2605 2745 2695 2814 μὲν
2740 2742 2891 2803 αὐτὸς
2943 2749 3016 2812 τῷ
3074 2750 3188 2814 Θεῷ
3234 2750 3324 2797 καί
3380 2751 3569 2821 Πατρί,
3618 2747 3676 2799 ού
3729 2748 4008 2822 προσεδέ-

2389 2830 2512 2893 ξατο
2552 2828 2613 2884 δὲ
2655 2834 2720 2893 ὡς
2765 2835 2891 2892 Θεὸς
2928 2835 3059 2904 μετά
3100 2838 3194 2885 τόῦ
3230 2837 3434 2909 Πατρός
3475 2835 3629 2897 αύτός
3671 2856 3725 2889 τε
3754 2838 3779 2889 ό
3807 2844 4005 2891 Μονο-

2383 2923 2534 2993 γενῆς
2591 2926 2682 2973 καί
2743 2924 2801 2974 τὸ
2862 2928 3071 2993 Πνεῦμα
3126 2926 3185 2975 τό
3247 2923 3394 2994 ἅγιον
3425 2939 3439 2952 ·
3506 2927 3574 2987 ὡς
3631 2921 3725 2977 διὰ
3784 2931 4001 2980 τούτων

2385 3009 2722 3073 ἀτοξενοῦσιν
2763 3011 2918 3064 αὐτόν
2955 3031 3010 3063 τε
3051 3014 3139 3063 τὸν
3188 3015 3316 3065 Θεὸν
3356 3016 3526 3085 Λόγον
3571 3018 3663 3066 καί
3697 3018 3755 3066 τό
3793 3016 4005 3088 όμοού-

2384 3119 2497 3153 σιον
2548 3105 2639 3153 καί
2695 3098 2948 3173 ὁμόδοξον
2999 3103 3186 3153 τούτου
3247 3102 3587 3177 Παράκλητον
3627 3110 3841 3177 Πνεῦμα
3899 3115 3999 3169 τῆς

2313 3165 2353 3221 C
2384 3192 2691 3267 θεοπρεποῦς
2721 3192 2999 3263 όμοτιμίας
3027 3210 3083 3242 τε
3110 3195 3200 3243 καί
3231 3189 3399 3258 ἀξίας,
3434 3191 3681 3265 ἀνάθεμα.

2452 3290 2573 3343 Τοῖς
2614 3286 2708 3341 τὴν
2756 3280 2871 3333 καθ’
2916 3279 3137 3338 ἑκάστην
3185 3285 3581 3356 προσαγομένην
3623 3285 3808 3336 θυσίαν
3856 3286 3997 3357 ὑπὲρ

2380 3381 2481 3425 τῶν
2528 3370 2930 3444 παραλαϐόντων
2971 3368 3072 3422 ἀπὸ
3122 3377 3355 3445 Χριστοῦ
3412 3379 3511 3423 τῶν
3558 3374 3702 3424 θείων
3764 3384 3996 3446 μυστη-

2379 3467 2504 3536 ρίων
2538 3462 2852 3536 ἱερουργίαν,
2884 3464 2956 3532 μή
3001 3456 3309 3532 δεχομένοις
3348 3467 3409 3532 τῇ
3442 3460 3570 3533 ἁγίᾳ
3592 3457 3786 3533 Τριάδι
3813 3483 3995 3539 προσ-

2379 3554 2642 3625 άγεσθαι,
2701 3553 2769 3612 ὡς
2835 3548 3310 3622 ἀντίφθεγγομίνοις
3370 3548 3590 3603 ἐντεῦθεν
3650 3557 3758 3614 τοῖς
3826 3552 3998 3627 ἱεροῖς

2378 3647 2469 3694 καί
2512 3643 2669 3701 θείοις
2719 3640 2957 3713 Πατράσι
3007 3637 3251 3709 Βασιλείῳ
3295 3657 3349 3690 τε
3399 3643 3491 3691 καί
3543 3648 3613 3710 τῷ
3661 3639 3992 3716 Χρυσορῥή-

2376 3750 2514 3804 μονι,
2562 3725 2634 3789 οἷς
2674 3733 3015 3801 συμφωνοῦσι
3062 3731 3151 3779 καί
3197 3728 3245 3779 οἱ
3288 3726 3460 3780 λοιποί
3520 3729 3752 3802 θεοφόροι
3810 3735 3991 3782 Πατέ-

2374 3839 2458 3895 ρες
2525 3817 2574 3871 ἓν
2625 3824 2735 3879 τοῖς
2790 3816 3002 3878 οἰκείοις
3055 3815 3226 3887 λόγοις
3283 3834 3336 3868 τε
3389 3820 3481 3868 καί
3538 3818 3984 3891 συγγράμμασιν,

2376 3908 2629 3981 ἀνάθεμα.

2444 4004 2563 4060 Τοῖς
2622 3995 2877 4048 ἀκούουσι
2929 3996 3019 4068 μὶν
3078 4001 3170 4047 τοῦ
3225 4002 3461 4069 Σωτῆρος
3516 3998 3635 4069 περί
3690 4002 3789 4059 τῆς
3848 3997 3985 4070 παρ’

2374 4088 2534 4141 αὐτοῦ
2594 4081 2993 4159 παραδοθείσης
3055 4090 3153 4135 τῶν
3217 4085 3362 4136 θείων
3427 4087 3732 4159 μυστηρίων
3797 4105 3984 4160 ερουρ-

2371 4182 2527 4249 γίας,
2577 4174 2848 4247 λέγοντοςο
2897 4180 3061 4226 Τοῦτο
3113 4178 3304 4224 ποιεῖτε
3367 4171 3440 4232 εἰς
3489 4176 3585 4230 τὴν
3645 4169 3771 4245 ἕμὴν
3842 4173 3980 4226 ἀνά-

2371 4287 2600 4340 μνησιν,
2668 4268 2739 4337 μὴ
2808 4261 3271 4336 ἓκλαμϐανομένοις
3338 4258 3397 4314 δὲ
3461 4261 3628 4336 ὀρθῶς
3685 4266 3780 4321 τὴν
3841 4262 3978 4316 ἀνά-

2372 4376 2583 4430 μνησιν,
2621 4354 2749 4407 ἀλλὰ
2799 4351 3031 4425 τολμῶσι
3066 4351 3227 4424 λέγειν
3286 4353 3366 4404 ὅτι
3418 4353 3642 4413 καινίζει
3684 4372 3981 4425 φανταστι-

2371 4454 2475 4506 κῶς
2500 4446 2611 4496 ’καί
2659 4442 2917 4501 εἰκονικῶς
2963 4444 3055 4499 τὴν
3095 4438 3178 4492 ἒπί
3212 4447 3305 4492 τοῦ
3341 4444 3520 4513 τιμίου
3565 4448 3798 4516 σταυροῦ
3826 4443 3978 4517 παρὰ

603 4525 668 4581 in
706 4524 969 4597 pretiosa
1011 4539 1185 4579 cruce
1228 4523 1589 4580 sacrificium
1631 4526 1722 4581 sui
1766 4527 2035 4599 corporis
2077 4533 2258 4602 atque

2393 4540 2460 4586 ὀῦ
2518 4539 2757 4607 Σωτῆρος
2811 4532 2957 4602 ἡμῶν
3018 4530 3351 4603 πραχθεῖσαν
3415 4530 3602 4581 θυσίαν
3665 4535 3757 4581 τοῦ
3825 4526 3973 4583 ἰδίου

604 4612 918 4683 sanguinis
939 4612 1019 4669 ob
1044 4628 1432 4669 communem
1454 4614 1737 4670 humanae
1766 4619 1999 4671 natura;
2028 4617 2258 4674 redem-

600 4702 870 4775 ptionem
901 4717 971 4758 ac
992 4701 1504 4775 propitiationem,
1528 4703 1675 4759 dum
1703 4705 2122 4777 quotidianam
2151 4707 2256 4763 ho-

603 4792 783 4850 stiam
808 4789 1069 4848 oﬂerunt
1097 4806 1167 4848 eo
1186 4790 1300 4847 ritu
1322 4807 1503 4865 quem
1538 4794 1817 4850 Servator
1843 4795 2255 4870 Dominusque

598 4886 803 4949 noster
837 4881 1083 4939 tradidit
1108 4900 1121 4949 ;
1152 4880 1410 4954 ideoque
1445 4881 1747 4940 diversum
1774 4899 1907 4939 esse
1937 4886 2052 4942 hoc
2078 4887 2256 4943 sacri-

597 4972 805 5029 ﬁcium
837 4975 1113 5028 astruunt
1139 4969 1218 5026 ab
1249 4969 1346 5026 illo
1377 4970 1544 5044 quod
1577 4972 1849 5029 Servator
1877 4978 2080 5030 noster
2109 4975 2252 5032 olim

596 5063 846 5134 peregit,
873 5060 951 5117 ad
998 5060 1283 5133 idemque
1328 5061 1570 5117 nonnisi
1600 5063 1976 5134 phantastice
2006 5069 2062 5121 et
2106 5066 2255 5122 ima-

598 5152 827 5222 ginarie
855 5151 1095 5221 referri;
1128 5151 1241 5219 his,
1274 5151 1546 5225 inquam,
1578 5156 1850 5226 tanquan
1902 5156 2251 5213 evacuanti-

593 5239 713 5296 bus
749 5240 1043 5297 tremendi
1079 5239 1390 5313 divinique
1432 5240 1707 5297 sacriﬁcii
1737 5244 2110 5318 mysterium,
2143 5261 2253 5318 per

665 5394 715 5435 “
753 5401 891 5457 Luc.
917 5416 1060 5472 xxu,
1097 5405 1186 5457 £9.

2370 4626 2611 4695 σώματός
2669 4640 2723 4673 τε
2773 4622 2864 4670 καὶ
2916 4620 3135 4691 αἵματος
3182 4617 3254 4679 εἰς
3295 4619 3465 4669 κοινὸν
3516 4626 3608 4679 τῆς
3638 4616 3995 4691 όινθροιητίνηςΔ

2366 4715 2564 4784 φύσεως
2591 4710 2775 4784 λύτρον
2814 4726 2869 4760 τε
2898 4712 2987 4759 καί
3017 4706 3273 4779 ἐξῖλασμα
3308 4708 3339 4765 ἡ
3381 4706 3499 4759 καθ’
3534 4706 3759 4764 ἑκάστην
3798 4727 3969 4782 προσ-

2364 4805 2587 4874 αγομένη
2656 4801 2815 4852 θυσία
2878 4799 3020 4871 παρὰ
3083 4804 3182 4849 τῶν
3247 4798 3313 4849 τὰ
3383 4797 3495 4849 θεῖα
3561 4798 3970 4870 ἱερουργούντων

2362 4894 2649 4964 μυστήρια,
2693 4890 2867 4949 καθὼς
2916 4887 2941 4938 ό
2991 4890 3168 4959 Σωτὴρ
3218 4886 3364 4958 ἡμῶν
3410 4890 3501 4938 καί
3549 4890 3818 4947 Δεσπότης
3865 4895 3967 4939 τῶν

2361 4977 2487 5032 ὅλων
2531 4974 2840 5052 παρέδωκε·
2888 4980 2980 5028 καί
3030 4971 3122 5027 διὰ
3167 4981 3320 5027 τοῦτο
3369 4973 3526 5033 ἄλλην
3580 4971 3710 5027 εἶναι
3762 4979 3991 5034 ταύτην

2359 5070 2503 5142 παρὰ
2558 5071 2651 5127 τὴν
2694 5065 2746 5129 ἐξ
2794 5063 2969 5140 ἀρχῆς
3025 5072 3098 5135 τῷ
3147 5069 3349 5137 Σωτῆρι
3399 5063 3757 5137 τετελεσμίνην
3814 5065 3964 5118 εἰσεί-

2358 5177 2537 5230 γουσι,
2584 5160 2673 5209 καί
2732 5157 2862 5229 πρὸς
2911 5153 3105 5211 ἐκείνην
3151 5161 3507 5225 φανταστικῶς
3560 5157 3648 5205 καί
3694 5152 3989 5214 εἰκονικώς

2360 5246 2773 5321 ἀναφερομένην*
2816 5246 2885 5305 ὡς
2920 5249 3131 5296 κενοῦσι
3177 5245 3236 5294 τὸ
3284 5250 3376 5303 τῆς
3421 5250 3637 5315 φρικτῆς
3682 5245 3775 5294 καί
3825 5245 3962 5302 θείας

662 5576 975 5658 (23)_Li_br_i
1004 5576 1279 5658 s_yn_odici
1309 5582 1555 5658 Magnae,
1582 5579 1654 5658 id_
1688 5584 1776 5658 est
1805 5582 2486 5658 (ionstantinopolitanm
2516 5582 2791 5641 Ecclesia
2829 5582 3026 5638 bonas
3053 5578 3401 5653 particulas,
3427 5594 3540 5637 nos
3570 5578 3955 5637 recitavimus

589 5661 666 5705 ex
693 5647 830 5706 cod.
865 5650 993 5706 Vat.
1022 5647 1294 5722 Spicileg.
1324 5656 1362 5706 t.
1396 5647 1505 5720 νη,
1535 5651 1597 5713 in
1621 5652 1995 5712 Praefatione.
