  <div class='ocr_page' id='page_1' title='image "/cluster/home/n/w/nwhite01/storage/ocr_20150623/140/pst.000005714568/119.png"; bbox 0 0 4046 6310; ppageno 0'>
   <div class='ocr_carea' id='block_1_1' title="bbox 603 324 702 378">
    <p class='ocr_par' dir='ltr' id='par_1_1' title="bbox 603 324 702 378">
     <span class='ocr_line' id='line_1_1' title="bbox 603 324 702 378; baseline 0.02 -2"><span class='ocrx_word' id='word_1_1' title='bbox 603 324 702 378; x_wconf 84' lang='grc'>179</span> 
     </span>
    </p>
   </div>
   <div class='ocr_carea' id='block_1_2' title="bbox 1939 324 2615 384">
    <p class='ocr_par' dir='ltr' id='par_1_2' title="bbox 1939 324 2615 384">
     <span class='ocr_line' id='line_1_2' title="bbox 1939 324 2615 384; baseline 0.003 -4"><span class='ocrx_word' id='word_1_2' title='bbox 1939 324 2207 381; x_wconf 68' lang='lat' dir='ltr'>NICETE</span> <span class='ocrx_word' id='word_1_3' title='bbox 2247 325 2615 384; x_wconf 71' lang='lat' dir='ltr'>CHONIATE</span> 
     </span>
    </p>
   </div>
   <div class='ocr_carea' id='block_1_3' title="bbox 3892 333 4018 387">
    <p class='ocr_par' dir='ltr' id='par_1_3' title="bbox 3892 333 4018 387">
     <span class='ocr_line' id='line_1_3' title="bbox 3892 333 4018 387; baseline 0 0"><span class='ocrx_word' id='word_1_4' title='bbox 3892 333 4018 387; x_wconf 65' lang='grc'>18(</span> 
     </span>
    </p>
   </div>
   <div class='ocr_carea' id='block_1_4' title="bbox 667 443 2259 530">
    <p class='ocr_par' dir='ltr' id='par_1_4' title="bbox 667 443 2249 517">
     <span class='ocr_line' id='line_1_4' title="bbox 667 443 2249 517; baseline 0.002 -16"><span class='ocrx_word' id='word_1_5' title='bbox 667 443 1103 502; x_wconf 89' lang='lat' dir='ltr'><strong>Gloriosissimo</strong></span> <span class='ocrx_word' id='word_1_6' title='bbox 1124 459 1352 516; x_wconf 86' lang='lat' dir='ltr'><strong>magno</strong></span> <span class='ocrx_word' id='word_1_7' title='bbox 1383 445 1712 517; x_wconf 89' lang='lat' dir='ltr'><strong>drungario</strong></span> <span class='ocrx_word' id='word_1_8' title='bbox 1741 446 1990 504; x_wconf 89' lang='lat' dir='ltr'><strong>domino</strong></span> <span class='ocrx_word' id='word_1_9' title='bbox 2018 447 2249 506; x_wconf 83' lang='lat' dir='ltr'>Joanne</span> 
     </span>
    </p>
   </div>
   <div class='ocr_carea' id='block_1_5' title="bbox 2390 443 4018 530">
    <p class='ocr_par' dir='ltr' id='par_1_5' title="bbox 2434 445 4018 530">
     <span class='ocr_line' id='line_1_5' title="bbox 2434 445 4018 530; baseline 0.003 -28"><span class='ocrx_word' id='word_1_10' title='bbox 2434 455 2536 502; x_wconf 87' lang='grc' dir='ltr'>Του</span> <span class='ocrx_word' id='word_1_11' title='bbox 2598 445 3023 521; x_wconf 84' lang='grc' dir='ltr'>μεγαδοξοτάτου</span> <span class='ocrx_word' id='word_1_12' title='bbox 3080 454 3306 526; x_wconf 88' lang='grc' dir='ltr'>μεγάλου</span> <span class='ocrx_word' id='word_1_13' title='bbox 3374 452 3728 530; x_wconf 85' lang='grc' dir='ltr'>δρουγγαρίου</span> <span class='ocrx_word' id='word_1_14' title='bbox 3803 474 4018 529; x_wconf 70' lang='grc' dir='ltr'>κυροι</span> 
     </span>
    </p>
   </div>
   <div class='ocr_carea' id='block_1_6' title="bbox 594 533 1084 603">
    <p class='ocr_par' dir='ltr' id='par_1_6' title="bbox 594 533 1084 603">
     <span class='ocr_line' id='line_1_6' title="bbox 594 533 1084 603; baseline 0.002 -13"><span class='ocrx_word' id='word_1_15' title='bbox 594 533 1042 591; x_wconf 87' lang='lat' dir='ltr'><strong>Macrembolita</strong></span> <span class='ocrx_word' id='word_1_16' title='bbox 1071 553 1084 603; x_wconf 91' lang='lat'>;</span> 
     </span>
    </p>
   </div>
   <div class='ocr_carea' id='block_1_7' title="bbox 668 623 2252 697">
    <p class='ocr_par' dir='ltr' id='par_1_7' title="bbox 668 623 2252 697">
     <span class='ocr_line' id='line_1_7' title="bbox 668 623 2252 697; baseline 0.001 -17"><span class='ocrx_word' id='word_1_17' title='bbox 668 626 881 694; x_wconf 88' lang='lat' dir='ltr'><strong>Magno</strong></span> <span class='ocrx_word' id='word_1_18' title='bbox 929 623 1250 697; x_wconf 89' lang='lat' dir='ltr'><strong>perillustri</strong></span> <span class='ocrx_word' id='word_1_19' title='bbox 1297 625 1750 697; x_wconf 90' lang='lat' dir='ltr'><strong>protoasecretis</strong></span> <span class='ocrx_word' id='word_1_20' title='bbox 1797 625 2045 684; x_wconf 88' lang='lat' dir='ltr'><strong>domino</strong></span> <span class='ocrx_word' id='word_1_21' title='bbox 2084 627 2252 683; x_wconf 88' lang='lat' dir='ltr'><strong>Nico-</strong></span> 
     </span>
    </p>
   </div>
   <div class='ocr_carea' id='block_1_8' title="bbox 597 712 994 781">
    <p class='ocr_par' dir='ltr' id='par_1_8' title="bbox 597 712 994 781">
     <span class='ocr_line' id='line_1_8' title="bbox 597 712 994 781; baseline -0.003 -9"><span class='ocrx_word' id='word_1_22' title='bbox 597 712 695 772; x_wconf 88' lang='lat' dir='ltr'>lao</span> <span class='ocrx_word' id='word_1_23' title='bbox 725 717 954 771; x_wconf 90' lang='lat' dir='ltr'><strong>Zonara</strong></span> <span class='ocrx_word' id='word_1_24' title='bbox 981 730 994 781; x_wconf 89' lang='lat'>;</span> 
     </span>
    </p>
   </div>
   <div class='ocr_carea' id='block_1_9' title="bbox 669 803 2252 878">
    <p class='ocr_par' dir='ltr' id='par_1_9' title="bbox 669 803 2252 878">
     <span class='ocr_line' id='line_1_9' title="bbox 669 803 2252 878; baseline 0.002 -21"><span class='ocrx_word' id='word_1_25' title='bbox 669 804 884 872; x_wconf 89' lang='lat' dir='ltr'><strong>Magno</strong></span> <span class='ocrx_word' id='word_1_26' title='bbox 941 803 1261 874; x_wconf 90' lang='lat' dir='ltr'><strong>perillustri</strong></span> <span class='ocrx_word' id='word_1_27' title='bbox 1319 807 1773 876; x_wconf 88' lang='lat' dir='ltr'><strong>protocuratore</strong></span> <span class='ocrx_word' id='word_1_28' title='bbox 1829 808 1886 862; x_wconf 90' lang='lat' dir='ltr'>et</span> <span class='ocrx_word' id='word_1_29' title='bbox 1941 820 1979 861; x_wconf 86' lang='lat' dir='ltr'>a</span> <span class='ocrx_word' id='word_1_30' title='bbox 2028 804 2252 878; x_wconf 90' lang='lat' dir='ltr'><strong>suppli-</strong></span> 
     </span>
    </p>
   </div>
   <div class='ocr_carea' id='block_1_10' title="bbox 597 891 1986 964">
    <p class='ocr_par' dir='ltr' id='par_1_10' title="bbox 597 891 1986 964">
     <span class='ocr_line' id='line_1_10' title="bbox 597 891 1986 964; baseline 0.002 -16"><span class='ocrx_word' id='word_1_31' title='bbox 597 891 767 949; x_wconf 88' lang='lat' dir='ltr'><strong>cibus</strong></span> <span class='ocrx_word' id='word_1_32' title='bbox 796 892 1008 948; x_wconf 79' lang='lat' dir='ltr'>libellis</span> <span class='ocrx_word' id='word_1_33' title='bbox 1041 893 1291 950; x_wconf 93' lang='lat' dir='ltr'><strong>domino</strong></span> <span class='ocrx_word' id='word_1_34' title='bbox 1318 893 1604 952; x_wconf 85' lang='lat' dir='ltr'><strong>Michaele</strong></span> <span class='ocrx_word' id='word_1_35' title='bbox 1631 897 1942 952; x_wconf 87' lang='lat' dir='ltr'><strong>Camatero</strong></span> <span class='ocrx_word' id='word_1_36' title='bbox 1973 913 1986 964; x_wconf 90' lang='lat'>;</span> 
     </span>
    </p>
   </div>
   <div class='ocr_carea' id='block_1_11' title="bbox 667 1056 2252 1147">
    <p class='ocr_par' dir='ltr' id='par_1_11' title="bbox 667 1056 2252 1147">
     <span class='ocr_line' id='line_1_11' title="bbox 667 1056 2252 1147; baseline 0.001 -18"><span class='ocrx_word' id='word_1_37' title='bbox 667 1073 881 1143; x_wconf 77' lang='lat' dir='ltr'><strong>Magno</strong></span> <span class='ocrx_word' id='word_1_38' title='bbox 922 1056 1243 1144; x_wconf 77' lang='lat' dir='ltr'><strong>perillustri</strong></span> <span class='ocrx_word' id='word_1_39' title='bbox 1285 1077 1740 1146; x_wconf 88' lang='lat' dir='ltr'><strong>protocuratore</strong></span> <span class='ocrx_word' id='word_1_40' title='bbox 1786 1073 2252 1147; x_wconf 86' lang='lat' dir='ltr'><strong>nomophylace,</strong></span> 
     </span>
    </p>
   </div>
   <div class='ocr_carea' id='block_1_12' title="bbox 598 1161 2256 1235">
    <p class='ocr_par' dir='ltr' id='par_1_12' title="bbox 598 1161 2256 1235">
     <span class='ocr_line' id='line_1_12' title="bbox 598 1161 2256 1235; baseline 0 -17"><span class='ocrx_word' id='word_1_41' title='bbox 598 1163 657 1218; x_wconf 91' lang='lat' dir='ltr'>et</span> <span class='ocrx_word' id='word_1_42' title='bbox 701 1161 1044 1218; x_wconf 83' lang='lat' dir='ltr'>domesticis</span> <span class='ocrx_word' id='word_1_43' title='bbox 1083 1161 1270 1218; x_wconf 86' lang='lat' dir='ltr'>rebus</span> <span class='ocrx_word' id='word_1_44' title='bbox 1319 1163 1643 1235; x_wconf 81' lang='lat' dir='ltr'><strong>praeposito</strong></span> <span class='ocrx_word' id='word_1_45' title='bbox 1692 1163 2002 1220; x_wconf 92' lang='lat' dir='ltr'><strong>Theodoro</strong></span> <span class='ocrx_word' id='word_1_46' title='bbox 2053 1166 2256 1220; x_wconf 88' lang='lat' dir='ltr'><strong>Pante—</strong></span> 
     </span>
    </p>
   </div>
   <div class='ocr_carea' id='block_1_13' title="bbox 597 1251 800 1324">
    <p class='ocr_par' dir='ltr' id='par_1_13' title="bbox 597 1251 800 1324">
     <span class='ocr_line' id='line_1_13' title="bbox 597 1251 800 1324; baseline 0 -16"><span class='ocrx_word' id='word_1_47' title='bbox 597 1251 752 1308; x_wconf 89' lang='lat' dir='ltr'><strong>chne</strong></span> <span class='ocrx_word' id='word_1_48' title='bbox 780 1269 800 1324; x_wconf 83' lang='lat'><strong>;</strong></span> 
     </span>
    </p>
   </div>
   <div class='ocr_carea' id='block_1_14' title="bbox 667 1341 2255 1414">
    <p class='ocr_par' dir='ltr' id='par_1_14' title="bbox 667 1341 2255 1414">
     <span class='ocr_line' id='line_1_14' title="bbox 667 1341 2255 1414; baseline 0.001 -15"><span class='ocrx_word' id='word_1_49' title='bbox 667 1344 882 1412; x_wconf 85' lang='lat' dir='ltr'><strong>Magno</strong></span> <span class='ocrx_word' id='word_1_50' title='bbox 919 1341 1236 1414; x_wconf 88' lang='lat' dir='ltr'><strong>perillustri</strong></span> <span class='ocrx_word' id='word_1_51' title='bbox 1275 1345 1724 1414; x_wconf 87' lang='lat' dir='ltr'><strong>protocuratore</strong></span> <span class='ocrx_word' id='word_1_52' title='bbox 1766 1346 1823 1400; x_wconf 91' lang='lat' dir='ltr'>et</span> <span class='ocrx_word' id='word_1_53' title='bbox 1865 1342 2114 1401; x_wconf 82' lang='lat' dir='ltr'>custode</span> <span class='ocrx_word' id='word_1_54' title='bbox 2153 1341 2255 1400; x_wconf 92' lang='lat' dir='ltr'><strong>do-</strong></span> 
     </span>
    </p>
   </div>
   <div class='ocr_carea' id='block_1_15' title="bbox 600 1429 1207 1497">
    <p class='ocr_par' dir='ltr' id='par_1_15' title="bbox 600 1429 1207 1497">
     <span class='ocr_line' id='line_1_15' title="bbox 600 1429 1207 1497; baseline 0 -10"><span class='ocrx_word' id='word_1_55' title='bbox 600 1430 767 1487; x_wconf 91' lang='lat' dir='ltr'><strong>mino</strong></span> <span class='ocrx_word' id='word_1_56' title='bbox 799 1429 922 1487; x_wconf 89' lang='lat' dir='ltr'><strong>Elia</strong></span> <span class='ocrx_word' id='word_1_57' title='bbox 952 1431 1169 1487; x_wconf 89' lang='lat' dir='ltr'><strong>Burteo</strong></span> <span class='ocrx_word' id='word_1_58' title='bbox 1195 1447 1207 1497; x_wconf 91' lang='lat'><strong>;</strong></span> 
     </span>
    </p>
   </div>
   <div class='ocr_carea' id='block_1_16' title="bbox 669 1519 2257 1594">
    <p class='ocr_par' dir='ltr' id='par_1_16' title="bbox 669 1519 2257 1594">
     <span class='ocr_line' id='line_1_16' title="bbox 669 1519 2257 1594; baseline 0.001 -20"><span class='ocrx_word' id='word_1_59' title='bbox 669 1520 951 1576; x_wconf 91' lang='lat' dir='ltr'><strong>Presente</strong></span> <span class='ocrx_word' id='word_1_60' title='bbox 980 1523 1213 1588; x_wconf 88' lang='lat' dir='ltr'><strong>senatu,</strong></span> <span class='ocrx_word' id='word_1_61' title='bbox 1241 1522 1298 1576; x_wconf 90' lang='lat' dir='ltr'>et</span> <span class='ocrx_word' id='word_1_62' title='bbox 1327 1519 1781 1577; x_wconf 86' lang='lat' dir='ltr'>considentibus</span> <span class='ocrx_word' id='word_1_63' title='bbox 1827 1521 2257 1594; x_wconf 81' lang='lat' dir='ltr'><strong>negotiumque</strong></span> 
     </span>
    </p>
   </div>
   <div class='ocr_carea' id='block_1_17' title="bbox 601 1607 1178 1679">
    <p class='ocr_par' dir='ltr' id='par_1_17' title="bbox 601 1607 1178 1679">
     <span class='ocr_line' id='line_1_17' title="bbox 601 1607 1178 1679; baseline 0.003 -15"><span class='ocrx_word' id='word_1_64' title='bbox 601 1607 782 1666; x_wconf 85' lang='lat' dir='ltr'><strong>simul</strong></span> <span class='ocrx_word' id='word_1_65' title='bbox 811 1608 1130 1679; x_wconf 82' lang='lat' dir='ltr'><strong>agentibus</strong></span> <span class='ocrx_word' id='word_1_66' title='bbox 1164 1626 1178 1676; x_wconf 93' lang='lat'><strong>;</strong></span> 
     </span>
    </p>
   </div>
   <div class='ocr_carea' id='block_1_18' title="bbox 675 1698 2119 1772">
    <p class='ocr_par' dir='ltr' id='par_1_18' title="bbox 675 1698 2119 1772">
     <span class='ocr_line' id='line_1_18' title="bbox 675 1698 2119 1772; baseline 0.003 -18"><span class='ocrx_word' id='word_1_67' title='bbox 675 1698 1276 1771; x_wconf 79' lang='lat' dir='ltr'><strong>Constantinopoleos</strong></span> <span class='ocrx_word' id='word_1_68' title='bbox 1310 1700 1653 1772; x_wconf 84' lang='lat' dir='ltr'><strong>patriarcha</strong></span> <span class='ocrx_word' id='word_1_69' title='bbox 1681 1700 2072 1758; x_wconf 88' lang='lat' dir='ltr'><strong>Constantino</strong></span> <span class='ocrx_word' id='word_1_70' title='bbox 2106 1717 2119 1768; x_wconf 89' lang='lat'><strong>;</strong></span> 
     </span>
    </p>
   </div>
   <div class='ocr_carea' id='block_1_19' title="bbox 2363 537 3213 613">
    <p class='ocr_par' dir='ltr' id='par_1_19' title="bbox 2363 537 3213 613">
     <span class='ocr_line' id='line_1_19' title="bbox 2363 537 3213 613; baseline 0.007 -24"><span class='ocrx_word' id='word_1_71' title='bbox 2363 537 2600 590; x_wconf 86' lang='grc' dir='ltr'>Ἰωάννου</span> <span class='ocrx_word' id='word_1_72' title='bbox 2627 558 2718 590; x_wconf 82' lang='grc' dir='ltr'>του</span> <span class='ocrx_word' id='word_1_73' title='bbox 2754 539 3179 613; x_wconf 78' lang='grc' dir='ltr'>Μακρεμϐολίτου</span> <span class='ocrx_word' id='word_1_74' title='bbox 3201 565 3213 578; x_wconf 89' lang='grc'><strong>·</strong></span> 
     </span>
    </p>
   </div>
   <div class='ocr_carea' id='block_1_20' title="bbox 2431 628 4018 709">
    <p class='ocr_par' dir='ltr' id='par_1_20' title="bbox 2431 628 4018 709">
     <span class='ocr_line' id='line_1_20' title="bbox 2431 628 4018 709; baseline 0.004 -29"><span class='ocrx_word' id='word_1_75' title='bbox 2431 633 2534 680; x_wconf 88' lang='grc' dir='ltr'>Του</span> <span class='ocrx_word' id='word_1_76' title='bbox 2591 628 2814 700; x_wconf 84' lang='grc' dir='ltr'>μεγάλου</span> <span class='ocrx_word' id='word_1_77' title='bbox 2871 629 3281 702; x_wconf 77' lang='grc' dir='ltr'>ἐπιφανεστάτου</span> <span class='ocrx_word' id='word_1_78' title='bbox 3347 641 3789 709; x_wconf 76' lang='grc' dir='ltr'>πρωτασηκρῆτις</span> <span class='ocrx_word' id='word_1_79' title='bbox 3893 653 4018 686; x_wconf 79' lang='grc' dir='ltr'>κν-</span> 
     </span>
    </p>
   </div>
   <div class='ocr_carea' id='block_1_21' title="bbox 2359 717 3153 796">
    <p class='ocr_par' dir='ltr' id='par_1_21' title="bbox 2359 717 3153 796">
     <span class='ocr_line' id='line_1_21' title="bbox 2359 717 3153 796; baseline 0.006 -27"><span class='ocrx_word' id='word_1_80' title='bbox 2359 735 2453 789; x_wconf 89' lang='grc' dir='ltr'>ρου</span> <span class='ocrx_word' id='word_1_81' title='bbox 2481 717 2742 770; x_wconf 78' lang='grc' dir='ltr'>Νικολάου</span> <span class='ocrx_word' id='word_1_82' title='bbox 2779 739 2869 770; x_wconf 88' lang='grc' dir='ltr'>του</span> <span class='ocrx_word' id='word_1_83' title='bbox 2896 721 3112 796; x_wconf 80' lang='grc' dir='ltr'>Ζωναρᾶ</span> <span class='ocrx_word' id='word_1_84' title='bbox 3139 743 3153 757; x_wconf 88' lang='grc'><strong>·</strong></span> 
     </span>
    </p>
   </div>
   <div class='ocr_carea' id='block_1_22' title="bbox 2431 808 4018 888">
    <p class='ocr_par' dir='ltr' id='par_1_22' title="bbox 2431 808 4018 888">
     <span class='ocr_line' id='line_1_22' title="bbox 2431 808 4018 888; baseline 0.004 -29"><span class='ocrx_word' id='word_1_85' title='bbox 2431 813 2534 860; x_wconf 87' lang='grc' dir='ltr'>Του</span> <span class='ocrx_word' id='word_1_86' title='bbox 2627 808 2852 880; x_wconf 76' lang='grc' dir='ltr'>μεγάλου</span> <span class='ocrx_word' id='word_1_87' title='bbox 2947 809 3356 884; x_wconf 75' lang='grc' dir='ltr'>ἐπιφανεστάτου</span> <span class='ocrx_word' id='word_1_88' title='bbox 3452 815 4018 888; x_wconf 62' lang='grc' dir='ltr'>πρωτοκουράτωρος</span> 
     </span>
    </p>
   </div>
   <div class='ocr_carea' id='block_1_23' title="bbox 2361 894 4018 977">
    <p class='ocr_par' dir='ltr' id='par_1_23' title="bbox 2361 894 4018 977">
     <span class='ocr_line' id='line_1_23' title="bbox 2361 894 4018 977; baseline 0.005 -30"><span class='ocrx_word' id='word_1_89' title='bbox 2361 900 2451 948; x_wconf 86' lang='grc' dir='ltr'>καὶ</span> <span class='ocrx_word' id='word_1_90' title='bbox 2503 894 2587 949; x_wconf 82' lang='grc' dir='ltr'>ἐπὶ</span> <span class='ocrx_word' id='word_1_91' title='bbox 2644 907 2744 950; x_wconf 85' lang='grc' dir='ltr'>τῶν</span> <span class='ocrx_word' id='word_1_92' title='bbox 2801 895 3026 958; x_wconf 73' lang='grc' dir='ltr'>δεήσεων</span> <span class='ocrx_word' id='word_1_93' title='bbox 3083 921 3242 977; x_wconf 89' lang='grc' dir='ltr'>κυρου</span> <span class='ocrx_word' id='word_1_94' title='bbox 3302 902 3517 976; x_wconf 77' lang='grc' dir='ltr'>Μιχαὴλ</span> <span class='ocrx_word' id='word_1_95' title='bbox 3567 923 3656 956; x_wconf 84' lang='grc' dir='ltr'>του</span> <span class='ocrx_word' id='word_1_96' title='bbox 3716 910 4018 976; x_wconf 78' lang='grc' dir='ltr'>Καματη-</span> 
     </span>
    </p>
   </div>
   <div class='ocr_carea' id='block_1_24' title="bbox 2362 1004 2498 1058">
    <p class='ocr_par' dir='ltr' id='par_1_24' title="bbox 2362 1004 2498 1058">
     <span class='ocr_line' id='line_1_24' title="bbox 2362 1004 2498 1058; baseline -0.007 -20"><span class='ocrx_word' id='word_1_97' title='bbox 2362 1005 2454 1058; x_wconf 88' lang='grc' dir='ltr'>ρου</span> <span class='ocrx_word' id='word_1_98' title='bbox 2485 1004 2498 1019; x_wconf 86' lang='grc'><em>’</em></span> 
     </span>
    </p>
   </div>
   <div class='ocr_carea' id='block_1_25' title="bbox 2433 1075 4018 1156">
    <p class='ocr_par' dir='ltr' id='par_1_25' title="bbox 2433 1075 4018 1156">
     <span class='ocr_line' id='line_1_25' title="bbox 2433 1075 4018 1156; baseline 0.004 -28"><span class='ocrx_word' id='word_1_99' title='bbox 2433 1082 2536 1128; x_wconf 91' lang='grc' dir='ltr'>Του</span> <span class='ocrx_word' id='word_1_100' title='bbox 2583 1075 2809 1148; x_wconf 76' lang='grc' dir='ltr'>μεγάλου</span> <span class='ocrx_word' id='word_1_101' title='bbox 2866 1076 3274 1151; x_wconf 71' lang='grc' dir='ltr'>ἐπιφανεστάτου</span> <span class='ocrx_word' id='word_1_102' title='bbox 3322 1082 3830 1156; x_wconf 86' lang='grc' dir='ltr'>πρωτοκουράτωρος</span> <span class='ocrx_word' id='word_1_103' title='bbox 3908 1102 4018 1134; x_wconf 78' lang='grc' dir='ltr'>νο-</span> 
     </span>
    </p>
   </div>
   <div class='ocr_carea' id='block_1_26' title="bbox 2364 1164 4018 1244">
    <p class='ocr_par' dir='ltr' id='par_1_26' title="bbox 2364 1164 4018 1244">
     <span class='ocr_line' id='line_1_26' title="bbox 2364 1164 4018 1244; baseline 0.004 -28"><span class='ocrx_word' id='word_1_104' title='bbox 2364 1164 2662 1238; x_wconf 79' lang='grc' dir='ltr'>μοφύλακος</span> <span class='ocrx_word' id='word_1_105' title='bbox 2711 1170 2802 1219; x_wconf 88' lang='grc' dir='ltr'>καὶ</span> <span class='ocrx_word' id='word_1_106' title='bbox 2859 1167 2944 1220; x_wconf 76' lang='grc' dir='ltr'>ἐπὶ</span> <span class='ocrx_word' id='word_1_107' title='bbox 2996 1176 3095 1220; x_wconf 84' lang='grc' dir='ltr'>τῶν</span> <span class='ocrx_word' id='word_1_108' title='bbox 3159 1169 3429 1221; x_wconf 86' lang='grc' dir='ltr'>οἰκειακῶν</span> <span class='ocrx_word' id='word_1_109' title='bbox 3471 1189 3631 1241; x_wconf 87' lang='grc' dir='ltr'>κυρου</span> <span class='ocrx_word' id='word_1_110' title='bbox 3684 1167 4018 1244; x_wconf 53' lang='grc' dir='ltr'>Θεοδώρου</span> 
     </span>
    </p>
   </div>
   <div class='ocr_carea' id='block_1_27' title="bbox 2364 1262 2850 1327">
    <p class='ocr_par' dir='ltr' id='par_1_27' title="bbox 2364 1262 2850 1327">
     <span class='ocr_line' id='line_1_27' title="bbox 2364 1262 2850 1327; baseline 0.002 -20"><span class='ocrx_word' id='word_1_111' title='bbox 2364 1274 2454 1307; x_wconf 89' lang='grc' dir='ltr'>του</span> <span class='ocrx_word' id='word_1_112' title='bbox 2482 1262 2812 1327; x_wconf 88' lang='grc' dir='ltr'>Παντεχνους</span> <span class='ocrx_word' id='word_1_113' title='bbox 2835 1277 2850 1291; x_wconf 79' lang='grc' dir='ltr'>ο</span> 
     </span>
    </p>
   </div>
   <div class='ocr_carea' id='block_1_28' title="bbox 2436 1345 4018 1423">
    <p class='ocr_par' dir='ltr' id='par_1_28' title="bbox 2436 1345 4018 1423">
     <span class='ocr_line' id='line_1_28' title="bbox 2436 1345 4018 1423; baseline 0.004 -28"><span class='ocrx_word' id='word_1_114' title='bbox 2436 1351 2540 1396; x_wconf 84' lang='grc' dir='ltr'>Τοῦ</span> <span class='ocrx_word' id='word_1_115' title='bbox 2640 1345 2864 1417; x_wconf 78' lang='grc' dir='ltr'>μεγάλου</span> <span class='ocrx_word' id='word_1_116' title='bbox 2951 1346 3361 1420; x_wconf 73' lang='grc' dir='ltr'>ἐπιφανεστάτου</span> <span class='ocrx_word' id='word_1_117' title='bbox 3462 1351 4018 1423; x_wconf 75' lang='grc' dir='ltr'>πρωτοκουράτωρος</span> 
     </span>
    </p>
   </div>
   <div class='ocr_carea' id='block_1_29' title="bbox 2366 1433 3517 1513">
    <p class='ocr_par' dir='ltr' id='par_1_29' title="bbox 2366 1433 3517 1513">
     <span class='ocr_line' id='line_1_29' title="bbox 2366 1433 3517 1513; baseline 0.006 -28"><span class='ocrx_word' id='word_1_118' title='bbox 2366 1438 2457 1487; x_wconf 87' lang='grc' dir='ltr'>καὶ</span> <span class='ocrx_word' id='word_1_119' title='bbox 2487 1433 2708 1506; x_wconf 73' lang='grc' dir='ltr'>φύλακος</span> <span class='ocrx_word' id='word_1_120' title='bbox 2731 1455 2892 1509; x_wconf 90' lang='grc' dir='ltr'>κυρου</span> <span class='ocrx_word' id='word_1_121' title='bbox 2925 1435 3077 1490; x_wconf 85' lang='grc' dir='ltr'>Ἠλία</span> <span class='ocrx_word' id='word_1_122' title='bbox 3103 1457 3195 1490; x_wconf 87' lang='grc' dir='ltr'>του</span> <span class='ocrx_word' id='word_1_123' title='bbox 3226 1445 3477 1513; x_wconf 86' lang='grc' dir='ltr'>Βουρτεου</span> <span class='ocrx_word' id='word_1_124' title='bbox 3503 1459 3517 1474; x_wconf 88' lang='grc'><strong>·</strong></span> 
     </span>
    </p>
   </div>
   <div class='ocr_carea' id='block_1_30' title="bbox 2438 1529 4018 1603">
    <p class='ocr_par' dir='ltr' id='par_1_30' title="bbox 2438 1529 4018 1603">
     <span class='ocr_line' id='line_1_30' title="bbox 2438 1529 4018 1603; baseline 0.004 -26"><span class='ocrx_word' id='word_1_125' title='bbox 2438 1531 2941 1600; x_wconf 84' lang='grc' dir='ltr'>Συμπαρισταμένης</span> <span class='ocrx_word' id='word_1_126' title='bbox 3005 1535 3096 1582; x_wconf 85' lang='grc' dir='ltr'>καὶ</span> <span class='ocrx_word' id='word_1_127' title='bbox 3151 1538 3247 1591; x_wconf 78' lang='grc' dir='ltr'>τῆς</span> <span class='ocrx_word' id='word_1_128' title='bbox 3311 1529 3625 1603; x_wconf 76' lang='grc' dir='ltr'>συγκλήτου,</span> <span class='ocrx_word' id='word_1_129' title='bbox 3694 1534 3786 1583; x_wconf 79' lang='grc' dir='ltr'>καὶ</span> <span class='ocrx_word' id='word_1_130' title='bbox 3860 1550 4018 1583; x_wconf 80' lang='grc' dir='ltr'>συν-</span> 
     </span>
    </p>
   </div>
   <div class='ocr_carea' id='block_1_31' title="bbox 2367 1611 4018 1693">
    <p class='ocr_par' dir='ltr' id='par_1_31' title="bbox 2367 1611 4018 1693">
     <span class='ocr_line' id='line_1_31' title="bbox 2367 1611 4018 1693; baseline 0.004 -27"><span class='ocrx_word' id='word_1_131' title='bbox 2367 1611 2715 1691; x_wconf 82' lang='grc' dir='ltr'>εδριαζόντων</span> <span class='ocrx_word' id='word_1_132' title='bbox 2774 1617 2900 1690; x_wconf 73' lang='grc' dir='ltr'>αὐτῇ</span> <span class='ocrx_word' id='word_1_133' title='bbox 2957 1623 3048 1671; x_wconf 85' lang='grc' dir='ltr'>καὶ</span> <span class='ocrx_word' id='word_1_134' title='bbox 3099 1616 3516 1672; x_wconf 83' lang='grc' dir='ltr'>συνδιαιτώντων</span> <span class='ocrx_word' id='word_1_135' title='bbox 3563 1628 3627 1693; x_wconf 72' lang='grc' dir='ltr'>τῇ</span> <span class='ocrx_word' id='word_1_136' title='bbox 3681 1621 3971 1674; x_wconf 81' lang='grc' dir='ltr'>ὑποθέσει</span> <span class='ocrx_word' id='word_1_137' title='bbox 4008 1641 4018 1656; x_wconf 91' lang='grc'>·</span> 
     </span>
    </p>
   </div>
   <div class='ocr_carea' id='block_1_32' title="bbox 2436 1707 3617 1771">
    <p class='ocr_par' dir='ltr' id='par_1_32' title="bbox 2436 1707 3617 1771">
     <span class='ocr_line' id='line_1_32' title="bbox 2436 1707 3617 1771; baseline 0.003 -13"><span class='ocrx_word' id='word_1_138' title='bbox 2436 1711 2539 1758; x_wconf 92' lang='grc' dir='ltr'>Του</span> <span class='ocrx_word' id='word_1_139' title='bbox 2573 1707 3160 1771; x_wconf 87' lang='grc' dir='ltr'>Κωνσταντινουπόλεως</span> <span class='ocrx_word' id='word_1_140' title='bbox 3186 1715 3577 1764; x_wconf 86' lang='grc' dir='ltr'>Κωνσταντίνου</span> <span class='ocrx_word' id='word_1_141' title='bbox 3603 1731 3617 1745; x_wconf 89' lang='grc'><strong>·</strong></span> 
     </span>
    </p>
   </div>
   <div class='ocr_carea' id='block_1_33' title="bbox 672 1788 2259 1870">
    <p class='ocr_par' dir='ltr' id='par_1_33' title="bbox 672 1788 2216 1862">
     <span class='ocr_line' id='line_1_33' title="bbox 672 1788 2216 1862; baseline 0.001 -18"><span class='ocrx_word' id='word_1_142' title='bbox 672 1788 1226 1861; x_wconf 84' lang='lat' dir='ltr'><strong>Hierosolymorum</strong></span> <span class='ocrx_word' id='word_1_143' title='bbox 1250 1789 1591 1862; x_wconf 85' lang='lat' dir='ltr'><strong>patriarcha</strong></span> <span class='ocrx_word' id='word_1_144' title='bbox 1617 1792 1922 1848; x_wconf 90' lang='lat' dir='ltr'><strong>monacho</strong></span> <span class='ocrx_word' id='word_1_145' title='bbox 1950 1792 2216 1858; x_wconf 88' lang='lat' dir='ltr'><strong>Joanne;</strong></span> 
     </span>
    </p>
   </div>
   <div class='ocr_carea' id='block_1_34' title="bbox 2390 1788 3510 1870">
    <p class='ocr_par' dir='ltr' id='par_1_34' title="bbox 2435 1794 3510 1870">
     <span class='ocr_line' id='line_1_34' title="bbox 2435 1794 3510 1870; baseline 0.005 -23"><span class='ocrx_word' id='word_1_146' title='bbox 2435 1801 2538 1847; x_wconf 88' lang='grc' dir='ltr'>Του</span> <span class='ocrx_word' id='word_1_147' title='bbox 2567 1794 2931 1870; x_wconf 85' lang='grc' dir='ltr'>Ἱεροσολύμων</span> <span class='ocrx_word' id='word_1_148' title='bbox 2959 1817 3199 1870; x_wconf 84' lang='grc' dir='ltr'>μοναχου</span> <span class='ocrx_word' id='word_1_149' title='bbox 3231 1799 3468 1852; x_wconf 87' lang='grc' dir='ltr'>Ἰωάννου</span> <span class='ocrx_word' id='word_1_150' title='bbox 3497 1822 3510 1834; x_wconf 78' lang='grc' dir='ltr'>ο</span> 
     </span>
    </p>
   </div>
   <div class='ocr_carea' id='block_1_35' title="bbox 673 1877 2257 1953">
    <p class='ocr_par' dir='ltr' id='par_1_35' title="bbox 673 1877 2257 1953">
     <span class='ocr_line' id='line_1_35' title="bbox 673 1877 2257 1953; baseline 0.001 -20"><span class='ocrx_word' id='word_1_151' title='bbox 673 1877 1028 1935; x_wconf 90' lang='lat' dir='ltr'><strong>Considente</strong></span> <span class='ocrx_word' id='word_1_152' title='bbox 1057 1877 1376 1935; x_wconf 91' lang='lat' dir='ltr'><strong>nobiscum</strong></span> <span class='ocrx_word' id='word_1_153' title='bbox 1403 1878 1589 1936; x_wconf 90' lang='lat' dir='ltr'><strong>electo</strong></span> <span class='ocrx_word' id='word_1_154' title='bbox 1613 1896 1856 1953; x_wconf 90' lang='lat' dir='ltr'><strong>quoque</strong></span> <span class='ocrx_word' id='word_1_155' title='bbox 1886 1897 2126 1953; x_wconf 79' lang='lat' dir='ltr'><strong>magnae</strong></span> <span class='ocrx_word' id='word_1_156' title='bbox 2153 1879 2257 1936; x_wconf 89' lang='lat' dir='ltr'><strong>Dei</strong></span> 
     </span>
    </p>
   </div>
   <div class='ocr_carea' id='block_1_36' title="bbox 599 1965 1916 2041">
    <p class='ocr_par' dir='ltr' id='par_1_36' title="bbox 599 1965 1916 2041">
     <span class='ocr_line' id='line_1_36' title="bbox 599 1965 1916 2041; baseline 0.004 -18"><span class='ocrx_word' id='word_1_157' title='bbox 599 1965 766 2024; x_wconf 88' lang='lat' dir='ltr'><strong>urbis</strong></span> <span class='ocrx_word' id='word_1_158' title='bbox 796 1966 1123 2024; x_wconf 79' lang='lat' dir='ltr'><strong>Antiochiae</strong></span> <span class='ocrx_word' id='word_1_159' title='bbox 1157 1967 1461 2024; x_wconf 89' lang='lat' dir='ltr'><strong>Sotericho</strong></span> <span class='ocrx_word' id='word_1_160' title='bbox 1488 1971 1870 2041; x_wconf 87' lang='lat' dir='ltr'><strong>Panteugeno</strong></span> <span class='ocrx_word' id='word_1_161' title='bbox 1901 1989 1916 2039; x_wconf 89' lang='lat'><strong>;</strong></span> 
     </span>
    </p>
   </div>
   <div class='ocr_carea' id='block_1_37' title="bbox 668 2146 1846 2220">
    <p class='ocr_par' dir='ltr' id='par_1_37' title="bbox 668 2146 1846 2220">
     <span class='ocr_line' id='line_1_37' title="bbox 668 2146 1846 2220; baseline 0.001 -17"><span class='ocrx_word' id='word_1_162' title='bbox 668 2149 813 2203; x_wconf 86' lang='lat' dir='ltr'>Rem</span> <span class='ocrx_word' id='word_1_163' title='bbox 839 2146 1217 2220; x_wconf 87' lang='lat' dir='ltr'><strong>propositam</strong></span> <span class='ocrx_word' id='word_1_164' title='bbox 1247 2146 1427 2204; x_wconf 86' lang='lat' dir='ltr'><strong>simul</strong></span> <span class='ocrx_word' id='word_1_165' title='bbox 1453 2147 1846 2219; x_wconf 88' lang='lat' dir='ltr'><strong>urgentibus:</strong></span> 
     </span>
    </p>
   </div>
   <div class='ocr_carea' id='block_1_38' title="bbox 667 2236 2252 2309">
    <p class='ocr_par' dir='ltr' id='par_1_38' title="bbox 667 2236 2252 2309">
     <span class='ocr_line' id='line_1_38' title="bbox 667 2236 2252 2309; baseline 0.002 -18"><span class='ocrx_word' id='word_1_166' title='bbox 667 2236 1131 2309; x_wconf 88' lang='lat' dir='ltr'><strong>Archiepiscopo</strong></span> <span class='ocrx_word' id='word_1_167' title='bbox 1153 2236 1334 2294; x_wconf 86' lang='lat' dir='ltr'><strong>totius</strong></span> <span class='ocrx_word' id='word_1_168' title='bbox 1353 2237 1641 2308; x_wconf 80' lang='lat' dir='ltr'><strong>Bulgariae</strong></span> <span class='ocrx_word' id='word_1_169' title='bbox 1661 2237 1968 2299; x_wconf 89' lang='lat' dir='ltr'><strong>monacho</strong></span> <span class='ocrx_word' id='word_1_170' title='bbox 1991 2239 2219 2295; x_wconf 83' lang='lat' dir='ltr'><strong>Joanne</strong></span> <span class='ocrx_word' id='word_1_171' title='bbox 2239 2253 2252 2306; x_wconf 89' lang='lat'><strong>;</strong></span> 
     </span>
    </p>
   </div>
   <div class='ocr_carea' id='block_1_39' title="bbox 666 2414 1986 2487">
    <p class='ocr_par' dir='ltr' id='par_1_39' title="bbox 666 2414 1986 2487">
     <span class='ocr_line' id='line_1_39' title="bbox 666 2414 1986 2487; baseline 0.002 -17"><span class='ocrx_word' id='word_1_172' title='bbox 666 2414 1135 2486; x_wconf 82' lang='lat' dir='ltr'><strong>Archiepiscopo</strong></span> <span class='ocrx_word' id='word_1_173' title='bbox 1167 2415 1346 2487; x_wconf 81' lang='lat' dir='ltr'><strong>Cypri</strong></span> <span class='ocrx_word' id='word_1_174' title='bbox 1377 2416 1680 2472; x_wconf 88' lang='lat' dir='ltr'><strong>monacho</strong></span> <span class='ocrx_word' id='word_1_175' title='bbox 1709 2418 1937 2472; x_wconf 88' lang='lat' dir='ltr'><strong>Joanne</strong></span> <span class='ocrx_word' id='word_1_176' title='bbox 1973 2435 1986 2484; x_wconf 92' lang='lat'><strong>;</strong></span> 
     </span>
    </p>
   </div>
   <div class='ocr_carea' id='block_1_40' title="bbox 665 2505 2256 2580">
    <p class='ocr_par' dir='ltr' id='par_1_40' title="bbox 665 2505 2256 2580">
     <span class='ocr_line' id='line_1_40' title="bbox 665 2505 2256 2580; baseline 0.001 -21"><span class='ocrx_word' id='word_1_177' title='bbox 665 2505 891 2561; x_wconf 85' lang='lat' dir='ltr'><strong>Pariter</strong></span> <span class='ocrx_word' id='word_1_178' title='bbox 941 2505 1121 2562; x_wconf 91' lang='lat' dir='ltr'><strong>simul</strong></span> <span class='ocrx_word' id='word_1_179' title='bbox 1167 2505 1552 2563; x_wconf 87' lang='lat' dir='ltr'><strong>censentibus</strong></span> <span class='ocrx_word' id='word_1_180' title='bbox 1588 2506 1767 2563; x_wconf 92' lang='lat' dir='ltr'><strong>nobis</strong></span> <span class='ocrx_word' id='word_1_181' title='bbox 1806 2506 2102 2580; x_wconf 88' lang='lat' dir='ltr'><strong>episcopis</strong></span> <span class='ocrx_word' id='word_1_182' title='bbox 2142 2509 2256 2562; x_wconf 82' lang='lat' dir='ltr'><strong>Cse-</strong></span> 
     </span>
    </p>
   </div>
   <div class='ocr_carea' id='block_1_41' title="bbox 595 2594 2257 2666">
    <p class='ocr_par' dir='ltr' id='par_1_41' title="bbox 595 2594 2257 2666">
     <span class='ocr_line' id='line_1_41' title="bbox 595 2594 2257 2666; baseline 0.002 -17"><span class='ocrx_word' id='word_1_183' title='bbox 595 2609 775 2650; x_wconf 82' lang='lat' dir='ltr'><strong>sareae</strong></span> <span class='ocrx_word' id='word_1_184' title='bbox 808 2595 1133 2666; x_wconf 91' lang='lat' dir='ltr'><strong>Stephano,</strong></span> <span class='ocrx_word' id='word_1_185' title='bbox 1166 2594 1360 2666; x_wconf 87' lang='lat' dir='ltr'><strong>Cyzici</strong></span> <span class='ocrx_word' id='word_1_186' title='bbox 1382 2597 1632 2661; x_wconf 89' lang='lat' dir='ltr'><strong>Joanne,</strong></span> <span class='ocrx_word' id='word_1_187' title='bbox 1673 2595 2032 2654; x_wconf 84' lang='lat' dir='ltr'><strong>Nicomediae</strong></span> <span class='ocrx_word' id='word_1_188' title='bbox 2076 2595 2257 2652; x_wconf 92' lang='lat' dir='ltr'><strong>Theo-</strong></span> 
     </span>
    </p>
   </div>
   <div class='ocr_carea' id='block_1_42' title="bbox 592 2682 2257 2755">
    <p class='ocr_par' dir='ltr' id='par_1_42' title="bbox 592 2682 2257 2755">
     <span class='ocr_line' id='line_1_42' title="bbox 592 2682 2257 2755; baseline 0.002 -17"><span class='ocrx_word' id='word_1_189' title='bbox 592 2682 899 2755; x_wconf 86' lang='lat' dir='ltr'><strong>phylacto,</strong></span> <span class='ocrx_word' id='word_1_190' title='bbox 935 2682 1089 2739; x_wconf 68' lang='lat' dir='ltr'><strong>Sidae</strong></span> <span class='ocrx_word' id='word_1_191' title='bbox 1116 2685 1366 2746; x_wconf 90' lang='lat' dir='ltr'><strong>Joanne,</strong></span> <span class='ocrx_word' id='word_1_192' title='bbox 1390 2684 1829 2741; x_wconf 77' lang='lat' dir='ltr'><strong>Thessalonicae</strong></span> <span class='ocrx_word' id='word_1_193' title='bbox 1854 2685 2085 2749; x_wconf 85' lang='lat' dir='ltr'><strong>Basilio,</strong></span> <span class='ocrx_word' id='word_1_194' title='bbox 2115 2689 2257 2741; x_wconf 88' lang='lat' dir='ltr'><strong>Neo-</strong></span> 
     </span>
    </p>
   </div>
   <div class='ocr_carea' id='block_1_43' title="bbox 593 2774 2258 2844">
    <p class='ocr_par' dir='ltr' id='par_1_43' title="bbox 593 2774 2258 2844">
     <span class='ocr_line' id='line_1_43' title="bbox 593 2774 2258 2844; baseline 0 -12"><span class='ocrx_word' id='word_1_195' title='bbox 593 2789 874 2832; x_wconf 66' lang='lat' dir='ltr'><strong>caesareae</strong></span> <span class='ocrx_word' id='word_1_196' title='bbox 889 2776 1300 2843; x_wconf 76' lang='lat' dir='ltr'><strong>Constantino,</strong></span> <span class='ocrx_word' id='word_1_197' title='bbox 1311 2774 1616 2832; x_wconf 81' lang='lat' dir='ltr'><strong>Laodiceae</strong></span> <span class='ocrx_word' id='word_1_198' title='bbox 1631 2775 2063 2844; x_wconf 85' lang='lat' dir='ltr'><strong>Calo,Corinthi</strong></span> <span class='ocrx_word' id='word_1_199' title='bbox 2077 2777 2258 2832; x_wconf 89' lang='lat' dir='ltr'><strong>Theo-</strong></span> 
     </span>
    </p>
   </div>
   <div class='ocr_carea' id='block_1_44' title="bbox 591 2861 2255 2936">
    <p class='ocr_par' dir='ltr' id='par_1_44' title="bbox 591 2861 2255 2936">
     <span class='ocr_line' id='line_1_44' title="bbox 591 2861 2255 2936; baseline 0 -16"><span class='ocrx_word' id='word_1_200' title='bbox 591 2863 764 2932; x_wconf 91' lang='lat' dir='ltr'><strong>doro,</strong></span> <span class='ocrx_word' id='word_1_201' title='bbox 797 2861 1167 2927; x_wconf 86' lang='lat' dir='ltr'><strong>Athenarum</strong></span> <span class='ocrx_word' id='word_1_202' title='bbox 1199 2863 1700 2934; x_wconf 87' lang='lat' dir='ltr'><strong>Georgio,Mocesi</strong></span> <span class='ocrx_word' id='word_1_203' title='bbox 1728 2863 1945 2932; x_wconf 91' lang='lat' dir='ltr'><strong>Leone,</strong></span> <span class='ocrx_word' id='word_1_204' title='bbox 1964 2864 2255 2936; x_wconf 87' lang='lat' dir='ltr'><strong>Naupacti</strong></span> 
     </span>
    </p>
   </div>
   <div class='ocr_carea' id='block_1_45' title="bbox 593 2952 2254 3027">
    <p class='ocr_par' dir='ltr' id='par_1_45' title="bbox 593 2952 2254 3027">
     <span class='ocr_line' id='line_1_45' title="bbox 593 2952 2254 3027; baseline 0.001 -17"><span class='ocrx_word' id='word_1_205' title='bbox 593 2952 832 3019; x_wconf 87' lang='lat' dir='ltr'><strong>Basilio,</strong></span> <span class='ocrx_word' id='word_1_206' title='bbox 881 2952 1362 3026; x_wconf 90' lang='lat' dir='ltr'><strong>Philippopoleos</strong></span> <span class='ocrx_word' id='word_1_207' title='bbox 1409 2954 1740 3024; x_wconf 88' lang='lat' dir='ltr'><strong>Theodoro,</strong></span> <span class='ocrx_word' id='word_1_208' title='bbox 1780 2954 2254 3027; x_wconf 84' lang='lat' dir='ltr'><strong>Adrianopoleos</strong></span> 
     </span>
    </p>
   </div>
   <div class='ocr_carea' id='block_1_46' title="bbox 592 3043 2252 3117">
    <p class='ocr_par' dir='ltr' id='par_1_46' title="bbox 592 3043 2252 3117">
     <span class='ocr_line' id='line_1_46' title="bbox 592 3043 2252 3117; baseline -0.001 -15"><span class='ocrx_word' id='word_1_209' title='bbox 592 3047 810 3110; x_wconf 91' lang='lat' dir='ltr'><strong>Leone,</strong></span> <span class='ocrx_word' id='word_1_210' title='bbox 863 3047 1148 3117; x_wconf 72' lang='lat' dir='ltr'><strong>Apameae</strong></span> <span class='ocrx_word' id='word_1_211' title='bbox 1193 3043 1464 3115; x_wconf 87' lang='lat' dir='ltr'><strong>Georgio,</strong></span> <span class='ocrx_word' id='word_1_212' title='bbox 1522 3046 1794 3117; x_wconf 78' lang='lat' dir='ltr'><strong>Corcyrae</strong></span> <span class='ocrx_word' id='word_1_213' title='bbox 1843 3045 2252 3111; x_wconf 86' lang='lat' dir='ltr'><strong>Constantino,</strong></span> 
     </span>
    </p>
   </div>
   <div class='ocr_carea' id='block_1_47' title="bbox 589 3133 2324 3224">
    <p class='ocr_par' dir='ltr' id='par_1_47' title="bbox 589 3133 2324 3224">
     <span class='ocr_line' id='line_1_47' title="bbox 589 3133 2324 3224; baseline -0.001 -33"><span class='ocrx_word' id='word_1_214' title='bbox 589 3133 801 3224; x_wconf 67' lang='lat' dir='ltr'><strong>Atalia:</strong></span> <span class='ocrx_word' id='word_1_215' title='bbox 855 3133 1134 3224; x_wconf 79' lang='lat' dir='ltr'><strong>Nicolao,</strong></span> <span class='ocrx_word' id='word_1_216' title='bbox 1177 3133 1525 3224; x_wconf 81' lang='lat' dir='ltr'><strong>Paronaxiae</strong></span> <span class='ocrx_word' id='word_1_217' title='bbox 1575 3137 1826 3204; x_wconf 84' lang='lat' dir='ltr'><strong>Joanne,</strong></span> <span class='ocrx_word' id='word_1_218' title='bbox 1887 3134 2254 3190; x_wconf 82' lang='lat' dir='ltr'><strong>Mesembriee</strong></span> <span class='ocrx_word' id='word_1_219' title='bbox 2285 3169 2324 3224; x_wconf 68' lang='grc' dir='ltr'>ο</span> 
     </span>
    </p>
   </div>
   <div class='ocr_carea' id='block_1_48' title="bbox 589 3223 2250 3296">
    <p class='ocr_par' dir='ltr' id='par_1_48' title="bbox 589 3223 2250 3296">
     <span class='ocr_line' id='line_1_48' title="bbox 589 3223 2250 3296; baseline 0.001 -17"><span class='ocrx_word' id='word_1_220' title='bbox 589 3223 903 3279; x_wconf 88' lang='lat' dir='ltr'><strong>Theodoro</strong></span> <span class='ocrx_word' id='word_1_221' title='bbox 923 3223 1391 3296; x_wconf 82' lang='lat' dir='ltr'><strong>Arcadiopoleos</strong></span> <span class='ocrx_word' id='word_1_222' title='bbox 1422 3225 1830 3292; x_wconf 88' lang='lat' dir='ltr'><strong>Constantino,</strong></span> <span class='ocrx_word' id='word_1_223' title='bbox 1860 3224 2015 3282; x_wconf 87' lang='lat' dir='ltr'><strong>Parii</strong></span> <span class='ocrx_word' id='word_1_224' title='bbox 2032 3225 2250 3291; x_wconf 80' lang='lat' dir='ltr'><strong>Niceta,</strong></span> 
     </span>
    </p>
   </div>
   <div class='ocr_carea' id='block_1_49' title="bbox 594 3312 2252 3384">
    <p class='ocr_par' dir='ltr' id='par_1_49' title="bbox 594 3312 2252 3384">
     <span class='ocr_line' id='line_1_49' title="bbox 594 3312 2252 3384; baseline 0 -16"><span class='ocrx_word' id='word_1_225' title='bbox 594 3312 879 3383; x_wconf 82' lang='lat' dir='ltr'><strong>Selybriae</strong></span> <span class='ocrx_word' id='word_1_226' title='bbox 921 3314 1171 3382; x_wconf 88' lang='lat' dir='ltr'><strong>Joanne,</strong></span> <span class='ocrx_word' id='word_1_227' title='bbox 1218 3313 1524 3384; x_wconf 66' lang='lat' dir='ltr'><strong>Arabizyte</strong></span> <span class='ocrx_word' id='word_1_228' title='bbox 1575 3314 1878 3383; x_wconf 81' lang='lat' dir='ltr'><strong>Gregorio,</strong></span> <span class='ocrx_word' id='word_1_229' title='bbox 1914 3314 2117 3370; x_wconf 88' lang='lat' dir='ltr'><strong>Lemni</strong></span> <span class='ocrx_word' id='word_1_230' title='bbox 2155 3315 2252 3370; x_wconf 86' lang='lat' dir='ltr'>Mi-</span> 
     </span>
    </p>
   </div>
   <div class='ocr_carea' id='block_1_50' title="bbox 595 3400 1837 3470">
    <p class='ocr_par' dir='ltr' id='par_1_50' title="bbox 595 3400 1837 3470">
     <span class='ocr_line' id='line_1_50' title="bbox 595 3400 1837 3470; baseline 0.001 -13"><span class='ocrx_word' id='word_1_231' title='bbox 595 3400 821 3467; x_wconf 90' lang='lat' dir='ltr'><strong>chaele,</strong></span> <span class='ocrx_word' id='word_1_232' title='bbox 856 3401 1217 3457; x_wconf 84' lang='lat' dir='ltr'><strong>Heracliadis</strong></span> <span class='ocrx_word' id='word_1_233' title='bbox 1241 3402 1544 3458; x_wconf 87' lang='lat' dir='ltr'><strong>monacho</strong></span> <span class='ocrx_word' id='word_1_234' title='bbox 1573 3403 1789 3459; x_wconf 86' lang='lat' dir='ltr'><strong>Acacio</strong></span> <span class='ocrx_word' id='word_1_235' title='bbox 1823 3421 1837 3470; x_wconf 89' lang='lat'><strong>;</strong></span> 
     </span>
    </p>
   </div>
   <div class='ocr_carea' id='block_1_51' title="bbox 2436 1881 4017 1960">
    <p class='ocr_par' dir='ltr' id='par_1_51' title="bbox 2436 1881 4017 1960">
     <span class='ocr_line' id='line_1_51' title="bbox 2436 1881 4017 1960; baseline 0.003 -24"><span class='ocrx_word' id='word_1_236' title='bbox 2436 1881 2872 1958; x_wconf 83' lang='grc' dir='ltr'>Συνεδριάζοντος</span> <span class='ocrx_word' id='word_1_237' title='bbox 2911 1887 3034 1958; x_wconf 81' lang='grc' dir='ltr'>ἡμῖν</span> <span class='ocrx_word' id='word_1_238' title='bbox 3071 1891 3162 1939; x_wconf 84' lang='grc' dir='ltr'>καὶ</span> <span class='ocrx_word' id='word_1_239' title='bbox 3207 1906 3300 1940; x_wconf 90' lang='grc' dir='ltr'>του</span> <span class='ocrx_word' id='word_1_240' title='bbox 3349 1887 3652 1960; x_wconf 76' lang='grc' dir='ltr'>ύποψηφίου</span> <span class='ocrx_word' id='word_1_241' title='bbox 3691 1895 3832 1940; x_wconf 87' lang='grc' dir='ltr'>Θεου</span> <span class='ocrx_word' id='word_1_242' title='bbox 3883 1892 4017 1940; x_wconf 80' lang='grc' dir='ltr'>πό-</span> 
     </span>
    </p>
   </div>
   <div class='ocr_carea' id='block_1_52' title="bbox 2363 1971 3984 2050">
    <p class='ocr_par' dir='ltr' id='par_1_52' title="bbox 2363 1971 3984 2050">
     <span class='ocr_line' id='line_1_52' title="bbox 2363 1971 3984 2050; baseline 0.003 -25"><span class='ocrx_word' id='word_1_243' title='bbox 2363 1971 2488 2033; x_wconf 86' lang='grc' dir='ltr'>λεως</span> <span class='ocrx_word' id='word_1_244' title='bbox 2539 1973 2767 2046; x_wconf 82' lang='grc' dir='ltr'>μεγάλης</span> <span class='ocrx_word' id='word_1_245' title='bbox 2831 1973 3158 2047; x_wconf 77' lang='grc' dir='ltr'>Ἀντιοχείας</span> <span class='ocrx_word' id='word_1_246' title='bbox 3220 1982 3528 2050; x_wconf 80' lang='grc' dir='ltr'>Σωτηρίχου</span> <span class='ocrx_word' id='word_1_247' title='bbox 3588 1997 3680 2030; x_wconf 89' lang='grc' dir='ltr'>του</span> <span class='ocrx_word' id='word_1_248' title='bbox 3746 1983 3984 2030; x_wconf 78' lang='grc' dir='ltr'>Παντευ</span> 
     </span>
    </p>
   </div>
   <div class='ocr_carea' id='block_1_53' title="bbox 2363 2066 2554 2134">
    <p class='ocr_par' dir='ltr' id='par_1_53' title="bbox 2363 2066 2554 2134">
     <span class='ocr_line' id='line_1_53' title="bbox 2363 2066 2554 2134; baseline -0.01 -18"><span class='ocrx_word' id='word_1_249' title='bbox 2363 2066 2514 2134; x_wconf 81' lang='grc' dir='ltr'>γένου</span> <span class='ocrx_word' id='word_1_250' title='bbox 2540 2082 2554 2097; x_wconf 82' lang='grc' dir='ltr'>ο</span> 
     </span>
    </p>
   </div>
   <div class='ocr_carea' id='block_1_54' title="bbox 2436 2148 4010 2228">
    <p class='ocr_par' dir='ltr' id='par_1_54' title="bbox 2436 2148 4010 2228">
     <span class='ocr_line' id='line_1_54' title="bbox 2436 2148 4010 2228; baseline 0.001 -23"><span class='ocrx_word' id='word_1_251' title='bbox 2436 2148 2857 2206; x_wconf 85' lang='grc' dir='ltr'>Συνδιαιτώντων</span> <span class='ocrx_word' id='word_1_252' title='bbox 2915 2155 3166 2216; x_wconf 82' lang='grc' dir='ltr'>ὡσαύτως</span> <span class='ocrx_word' id='word_1_253' title='bbox 3234 2161 3298 2226; x_wconf 76' lang='grc' dir='ltr'>τῇ</span> <span class='ocrx_word' id='word_1_254' title='bbox 3365 2156 3609 2208; x_wconf 74' lang='grc' dir='ltr'>ὑποθέσει</span> <span class='ocrx_word' id='word_1_255' title='bbox 3661 2160 3750 2208; x_wconf 84' lang='grc' dir='ltr'>καὶ</span> <span class='ocrx_word' id='word_1_256' title='bbox 3783 2155 3965 2228; x_wconf 71' lang='grc' dir='ltr'>ἡμῶν</span> <span class='ocrx_word' id='word_1_257' title='bbox 3995 2178 4010 2191; x_wconf 88' lang='grc'><strong>-</strong></span> 
     </span>
    </p>
   </div>
   <div class='ocr_carea' id='block_1_55' title="bbox 2434 2240 4007 2320">
    <p class='ocr_par' dir='ltr' id='par_1_55' title="bbox 2434 2240 4007 2320">
     <span class='ocr_line' id='line_1_55' title="bbox 2434 2240 4007 2320; baseline 0.001 -25"><span class='ocrx_word' id='word_1_258' title='bbox 2434 2248 2537 2295; x_wconf 89' lang='grc' dir='ltr'>Του</span> <span class='ocrx_word' id='word_1_259' title='bbox 2606 2240 3032 2316; x_wconf 80' lang='grc' dir='ltr'>ἀρχιεπισκόπου</span> <span class='ocrx_word' id='word_1_260' title='bbox 3096 2244 3270 2304; x_wconf 81' lang='grc' dir='ltr'>πάσης</span> <span class='ocrx_word' id='word_1_261' title='bbox 3343 2244 3661 2320; x_wconf 87' lang='grc' dir='ltr'>Βουλγαρίας</span> <span class='ocrx_word' id='word_1_262' title='bbox 3724 2264 4007 2316; x_wconf 76' lang='grc' dir='ltr'>μοναχου</span> 
     </span>
    </p>
   </div>
   <div class='ocr_carea' id='block_1_56' title="bbox 2365 2329 2646 2384">
    <p class='ocr_par' dir='ltr' id='par_1_56' title="bbox 2365 2329 2646 2384">
     <span class='ocr_line' id='line_1_56' title="bbox 2365 2329 2646 2384; baseline -0.007 0"><span class='ocrx_word' id='word_1_263' title='bbox 2365 2329 2604 2384; x_wconf 83' lang='grc' dir='ltr'>Ἰωάννου</span> <span class='ocrx_word' id='word_1_264' title='bbox 2631 2347 2646 2361; x_wconf 88' lang='grc'>⁶</span> 
     </span>
    </p>
   </div>
   <div class='ocr_carea' id='block_1_57' title="bbox 2439 2420 3476 2496">
    <p class='ocr_par' dir='ltr' id='par_1_57' title="bbox 2439 2420 3476 2496">
     <span class='ocr_line' id='line_1_57' title="bbox 2439 2420 3476 2496; baseline -0.001 -23"><span class='ocrx_word' id='word_1_265' title='bbox 2439 2425 2540 2473; x_wconf 90' lang='grc' dir='ltr'>Καὶ</span> <span class='ocrx_word' id='word_1_266' title='bbox 2571 2439 2661 2472; x_wconf 92' lang='grc' dir='ltr'>του</span> <span class='ocrx_word' id='word_1_267' title='bbox 2696 2421 2908 2496; x_wconf 83' lang='grc' dir='ltr'>Κύπρου</span> <span class='ocrx_word' id='word_1_268' title='bbox 2929 2439 3168 2493; x_wconf 87' lang='grc' dir='ltr'>μοναχου</span> <span class='ocrx_word' id='word_1_269' title='bbox 3199 2420 3436 2475; x_wconf 86' lang='grc' dir='ltr'>Ἰωάννου</span> <span class='ocrx_word' id='word_1_270' title='bbox 3463 2436 3476 2450; x_wconf 78' lang='grc'><strong>⁸</strong></span> 
     </span>
    </p>
   </div>
   <div class='ocr_carea' id='block_1_58' title="bbox 2439 2505 4004 2586">
    <p class='ocr_par' dir='ltr' id='par_1_58' title="bbox 2439 2505 4004 2586">
     <span class='ocr_line' id='line_1_58' title="bbox 2439 2505 4004 2586; baseline 0.001 -24"><span class='ocrx_word' id='word_1_271' title='bbox 2439 2513 2542 2562; x_wconf 82' lang='grc' dir='ltr'>Καὶ</span> <span class='ocrx_word' id='word_1_272' title='bbox 2577 2505 3169 2582; x_wconf 88' lang='grc' dir='ltr'>συνδιαγνωμονούντων</span> <span class='ocrx_word' id='word_1_273' title='bbox 3201 2514 3292 2563; x_wconf 79' lang='grc' dir='ltr'>καὶ</span> <span class='ocrx_word' id='word_1_274' title='bbox 3329 2511 3474 2582; x_wconf 76' lang='grc' dir='ltr'>ἡμῶν</span> <span class='ocrx_word' id='word_1_275' title='bbox 3513 2517 3611 2561; x_wconf 83' lang='grc' dir='ltr'>τῶν</span> <span class='ocrx_word' id='word_1_276' title='bbox 3659 2508 4004 2586; x_wconf 77' lang='grc' dir='ltr'>ἀρχιερέων,</span> 
     </span>
    </p>
   </div>
   <div class='ocr_carea' id='block_1_59' title="bbox 2365 2599 4004 2672">
    <p class='ocr_par' dir='ltr' id='par_1_59' title="bbox 2365 2599 4004 2672">
     <span class='ocr_line' id='line_1_59' title="bbox 2365 2599 4004 2672; baseline -0.001 -20"><span class='ocrx_word' id='word_1_277' title='bbox 2365 2619 2456 2652; x_wconf 90' lang='grc' dir='ltr'>του</span> <span class='ocrx_word' id='word_1_278' title='bbox 2491 2603 2810 2672; x_wconf 79' lang='grc' dir='ltr'>Καισαρείας</span> <span class='ocrx_word' id='word_1_279' title='bbox 2840 2601 3114 2670; x_wconf 77' lang='grc' dir='ltr'>Στεφάνου,</span> <span class='ocrx_word' id='word_1_280' title='bbox 3160 2619 3249 2651; x_wconf 92' lang='grc' dir='ltr'>του</span> <span class='ocrx_word' id='word_1_281' title='bbox 3302 2601 3532 2662; x_wconf 78' lang='grc' dir='ltr'>Κυζίκου</span> <span class='ocrx_word' id='word_1_282' title='bbox 3585 2599 3847 2663; x_wconf 81' lang='grc' dir='ltr'>Ἰωάννου,</span> <span class='ocrx_word' id='word_1_283' title='bbox 3891 2620 4004 2652; x_wconf 77' lang='grc' dir='ltr'>του</span> 
     </span>
    </p>
   </div>
   <div class='ocr_carea' id='block_1_60' title="bbox 2366 2685 4004 2761">
    <p class='ocr_par' dir='ltr' id='par_1_60' title="bbox 2366 2685 4004 2761">
     <span class='ocr_line' id='line_1_60' title="bbox 2366 2685 4004 2761; baseline -0.001 -19"><span class='ocrx_word' id='word_1_284' title='bbox 2366 2685 2727 2761; x_wconf 84' lang='grc' dir='ltr'>Νικομηδείας</span> <span class='ocrx_word' id='word_1_285' title='bbox 2747 2687 3134 2760; x_wconf 73' lang='grc' dir='ltr'>Θεοφυλάκτου,</span> <span class='ocrx_word' id='word_1_286' title='bbox 3156 2707 3247 2741; x_wconf 90' lang='grc' dir='ltr'>του</span> <span class='ocrx_word' id='word_1_287' title='bbox 3265 2685 3427 2749; x_wconf 86' lang='grc' dir='ltr'>Σίδης</span> <span class='ocrx_word' id='word_1_288' title='bbox 3447 2689 3816 2756; x_wconf 85' lang='grc' dir='ltr'>Ἰωάννου,του</span> <span class='ocrx_word' id='word_1_289' title='bbox 3842 2698 4004 2742; x_wconf 83' lang='grc' dir='ltr'>Θεσ-</span> 
     </span>
    </p>
   </div>
   <div class='ocr_carea' id='block_1_61' title="bbox 2369 2777 4006 2852">
    <p class='ocr_par' dir='ltr' id='par_1_61' title="bbox 2369 2777 4006 2852">
     <span class='ocr_line' id='line_1_61' title="bbox 2369 2777 4006 2852; baseline -0.001 -21"><span class='ocrx_word' id='word_1_290' title='bbox 2369 2779 2642 2838; x_wconf 85' lang='grc' dir='ltr'>σαλονίκης</span> <span class='ocrx_word' id='word_1_291' title='bbox 2689 2777 2983 2846; x_wconf 87' lang='grc' dir='ltr'>Βασιλείου,</span> <span class='ocrx_word' id='word_1_292' title='bbox 3031 2797 3123 2829; x_wconf 90' lang='grc' dir='ltr'>του</span> <span class='ocrx_word' id='word_1_293' title='bbox 3171 2781 3583 2852; x_wconf 86' lang='grc' dir='ltr'>Νεοκαισαρείας</span> <span class='ocrx_word' id='word_1_294' title='bbox 3642 2783 4006 2830; x_wconf 79' lang='grc' dir='ltr'>Κωνσταντὶ-</span> 
     </span>
    </p>
   </div>
   <div class='ocr_carea' id='block_1_62' title="bbox 2364 2863 3998 2942">
    <p class='ocr_par' dir='ltr' id='par_1_62' title="bbox 2364 2863 3998 2942">
     <span class='ocr_line' id='line_1_62' title="bbox 2364 2863 3998 2942; baseline 0 -23"><span class='ocrx_word' id='word_1_295' title='bbox 2364 2886 2474 2935; x_wconf 89' lang='grc' dir='ltr'>νου,</span> <span class='ocrx_word' id='word_1_296' title='bbox 2530 2887 2620 2919; x_wconf 82' lang='grc' dir='ltr'>του</span> <span class='ocrx_word' id='word_1_297' title='bbox 2661 2863 2974 2927; x_wconf 71' lang='grc' dir='ltr'>Λαοδικείας</span> <span class='ocrx_word' id='word_1_298' title='bbox 3015 2867 3204 2931; x_wconf 86' lang='grc' dir='ltr'>Καλου,</span> <span class='ocrx_word' id='word_1_299' title='bbox 3244 2886 3336 2919; x_wconf 92' lang='grc' dir='ltr'>του</span> <span class='ocrx_word' id='word_1_300' title='bbox 3376 2868 3628 2937; x_wconf 79' lang='grc' dir='ltr'>Κορίνθου</span> <span class='ocrx_word' id='word_1_301' title='bbox 3668 2863 3998 2942; x_wconf 82' lang='grc' dir='ltr'>Θεοδώρου,</span> 
     </span>
    </p>
   </div>
   <div class='ocr_carea' id='block_1_63' title="bbox 2364 2957 4000 3030">
    <p class='ocr_par' dir='ltr' id='par_1_63' title="bbox 2364 2957 4000 3030">
     <span class='ocr_line' id='line_1_63' title="bbox 2364 2957 4000 3030; baseline -0.001 -20"><span class='ocrx_word' id='word_1_302' title='bbox 2364 2977 2454 3010; x_wconf 90' lang='grc' dir='ltr'>του</span> <span class='ocrx_word' id='word_1_303' title='bbox 2511 2957 2740 3014; x_wconf 81' lang='grc' dir='ltr'>Ἀθηνῶν</span> <span class='ocrx_word' id='word_1_304' title='bbox 2798 2962 3076 3030; x_wconf 86' lang='grc' dir='ltr'>Γεωργίου,</span> <span class='ocrx_word' id='word_1_305' title='bbox 3125 2975 3214 3009; x_wconf 88' lang='grc' dir='ltr'>του</span> <span class='ocrx_word' id='word_1_306' title='bbox 3272 2963 3539 3014; x_wconf 87' lang='grc' dir='ltr'>Μωκησου</span> <span class='ocrx_word' id='word_1_307' title='bbox 3598 2960 3828 3028; x_wconf 79' lang='grc' dir='ltr'>Λέοντος,</span> <span class='ocrx_word' id='word_1_308' title='bbox 3890 2976 4000 3008; x_wconf 83' lang='grc' dir='ltr'>του</span> 
     </span>
    </p>
   </div>
   <div class='ocr_carea' id='block_1_64' title="bbox 2363 3041 3996 3119">
    <p class='ocr_par' dir='ltr' id='par_1_64' title="bbox 2363 3041 3996 3119">
     <span class='ocr_line' id='line_1_64' title="bbox 2363 3041 3996 3119; baseline -0.002 -20"><span class='ocrx_word' id='word_1_309' title='bbox 2363 3047 2682 3100; x_wconf 82' lang='grc' dir='ltr'>Ναυπάκτου</span> <span class='ocrx_word' id='word_1_310' title='bbox 2723 3046 3016 3117; x_wconf 85' lang='grc' dir='ltr'>Βασιλείου,</span> <span class='ocrx_word' id='word_1_311' title='bbox 3050 3066 3142 3098; x_wconf 84' lang='grc' dir='ltr'>του</span> <span class='ocrx_word' id='word_1_312' title='bbox 3183 3043 3636 3106; x_wconf 73' lang='grc' dir='ltr'>Φιλιππουπόλεως</span> <span class='ocrx_word' id='word_1_313' title='bbox 3667 3041 3996 3119; x_wconf 81' lang='grc' dir='ltr'>Θεοδώρου,</span> 
     </span>
    </p>
   </div>
   <div class='ocr_carea' id='block_1_65' title="bbox 2363 3132 3999 3208">
    <p class='ocr_par' dir='ltr' id='par_1_65' title="bbox 2363 3132 3999 3208">
     <span class='ocr_line' id='line_1_65' title="bbox 2363 3132 3999 3208; baseline -0.002 -20"><span class='ocrx_word' id='word_1_314' title='bbox 2363 3155 2456 3188; x_wconf 88' lang='grc' dir='ltr'>του</span> <span class='ocrx_word' id='word_1_315' title='bbox 2515 3132 2990 3208; x_wconf 83' lang='grc' dir='ltr'>Ἀδριανουπόλεως</span> <span class='ocrx_word' id='word_1_316' title='bbox 3031 3140 3260 3198; x_wconf 82' lang='grc' dir='ltr'>Λέοντος,</span> <span class='ocrx_word' id='word_1_317' title='bbox 3319 3153 3410 3186; x_wconf 84' lang='grc' dir='ltr'>του</span> <span class='ocrx_word' id='word_1_318' title='bbox 3464 3134 3744 3206; x_wconf 83' lang='grc' dir='ltr'>Ἀπαμείας</span> <span class='ocrx_word' id='word_1_319' title='bbox 3812 3139 3999 3206; x_wconf 87' lang='grc' dir='ltr'>Γεωρ-</span> 
     </span>
    </p>
   </div>
   <div class='ocr_carea' id='block_1_66' title="bbox 2361 3222 3997 3298">
    <p class='ocr_par' dir='ltr' id='par_1_66' title="bbox 2361 3222 3997 3298">
     <span class='ocr_line' id='line_1_66' title="bbox 2361 3222 3997 3298; baseline -0.001 -23"><span class='ocrx_word' id='word_1_320' title='bbox 2361 3229 2498 3296; x_wconf 87' lang='grc' dir='ltr'>γίου,</span> <span class='ocrx_word' id='word_1_321' title='bbox 2557 3243 2648 3276; x_wconf 90' lang='grc' dir='ltr'>του</span> <span class='ocrx_word' id='word_1_322' title='bbox 2709 3227 2969 3298; x_wconf 77' lang='grc' dir='ltr'>Κερκύρας</span> <span class='ocrx_word' id='word_1_323' title='bbox 3036 3228 3448 3293; x_wconf 85' lang='grc' dir='ltr'>Κωνσταντίνου,</span> <span class='ocrx_word' id='word_1_324' title='bbox 3510 3243 3604 3276; x_wconf 88' lang='grc' dir='ltr'>του</span> <span class='ocrx_word' id='word_1_325' title='bbox 3667 3222 3997 3284; x_wconf 83' lang='grc' dir='ltr'>Ἀτταλείας</span> 
     </span>
    </p>
   </div>
   <div class='ocr_carea' id='block_1_67' title="bbox 2361 3310 3998 3386">
    <p class='ocr_par' dir='ltr' id='par_1_67' title="bbox 2361 3310 3998 3386">
     <span class='ocr_line' id='line_1_67' title="bbox 2361 3310 3998 3386; baseline 0 -20"><span class='ocrx_word' id='word_1_326' title='bbox 2361 3313 2642 3377; x_wconf 76' lang='grc' dir='ltr'>Νικολάου,</span> <span class='ocrx_word' id='word_1_327' title='bbox 2712 3333 2801 3364; x_wconf 86' lang='grc' dir='ltr'>του</span> <span class='ocrx_word' id='word_1_328' title='bbox 2876 3313 3196 3386; x_wconf 84' lang='grc' dir='ltr'>Παροναξίας</span> <span class='ocrx_word' id='word_1_329' title='bbox 3254 3310 3512 3382; x_wconf 80' lang='grc' dir='ltr'>Ἰωάννου,</span> <span class='ocrx_word' id='word_1_330' title='bbox 3588 3332 3680 3364; x_wconf 89' lang='grc' dir='ltr'>του</span> <span class='ocrx_word' id='word_1_331' title='bbox 3752 3319 3998 3385; x_wconf 73' lang='grc' dir='ltr'>Μεσημ-</span> 
     </span>
    </p>
   </div>
   <div class='ocr_carea' id='block_1_68' title="bbox 2365 3397 3996 3476">
    <p class='ocr_par' dir='ltr' id='par_1_68' title="bbox 2365 3397 3996 3476">
     <span class='ocr_line' id='line_1_68' title="bbox 2365 3397 3996 3476; baseline -0.002 -21"><span class='ocrx_word' id='word_1_332' title='bbox 2365 3403 2516 3476; x_wconf 77' lang='grc' dir='ltr'>ϐρίας</span> <span class='ocrx_word' id='word_1_333' title='bbox 2560 3399 2857 3475; x_wconf 73' lang='grc' dir='ltr'>Θεοδώρου,</span> <span class='ocrx_word' id='word_1_334' title='bbox 2915 3422 3006 3455; x_wconf 88' lang='grc' dir='ltr'>του</span> <span class='ocrx_word' id='word_1_335' title='bbox 3051 3404 3245 3464; x_wconf 83' lang='grc' dir='ltr'>Βιζύης</span> <span class='ocrx_word' id='word_1_336' title='bbox 3294 3397 3592 3473; x_wconf 84' lang='grc' dir='ltr'>Θεοδώρου,</span> <span class='ocrx_word' id='word_1_337' title='bbox 3643 3420 3732 3453; x_wconf 87' lang='grc' dir='ltr'>του</span> <span class='ocrx_word' id='word_1_338' title='bbox 3778 3401 3996 3476; x_wconf 83' lang='grc' dir='ltr'>’Δρκα-</span> 
     </span>
    </p>
   </div>
   <div class='ocr_carea' id='block_1_69' title="bbox 600 3487 3999 3567">
    <p class='ocr_par' dir='ltr' id='par_1_69' title="bbox 600 3487 3999 3567">
     <span class='ocr_line' id='line_1_69' title="bbox 600 3487 3999 3567; baseline 0 -24"><span class='ocrx_word' id='word_1_339' title='bbox 600 3487 912 3549; x_wconf 85' lang='grc' dir='ltr'>διουπόλεως</span> <span class='ocrx_word' id='word_1_340' title='bbox 963 3494 1374 3561; x_wconf 81' lang='grc' dir='ltr'>Κωνσταντίνου,</span> <span class='ocrx_word' id='word_1_341' title='bbox 1435 3498 1527 3543; x_wconf 81' lang='grc' dir='ltr'>τοῦ</span> <span class='ocrx_word' id='word_1_342' title='bbox 1591 3497 1790 3565; x_wconf 83' lang='grc' dir='ltr'>Παρίου</span> <span class='ocrx_word' id='word_1_343' title='bbox 1849 3497 2077 3562; x_wconf 72' lang='grc' dir='ltr'>Νικήτα,</span> <span class='ocrx_word' id='word_1_344' title='bbox 2134 3499 2224 3544; x_wconf 82' lang='grc' dir='ltr'>τοῦ</span> <span class='ocrx_word' id='word_1_345' title='bbox 2281 3490 2571 3567; x_wconf 78' lang='grc' dir='ltr'>Σηλυϐρίας</span> <span class='ocrx_word' id='word_1_346' title='bbox 2628 3491 2887 3559; x_wconf 89' lang='grc' dir='ltr'>Ἰωάννου,</span> <span class='ocrx_word' id='word_1_347' title='bbox 2956 3498 3048 3545; x_wconf 70' lang='grc' dir='ltr'>τοῦ</span> <span class='ocrx_word' id='word_1_348' title='bbox 3118 3489 3438 3564; x_wconf 75' lang='grc' dir='ltr'>Ἀραϐιζύης</span> <span class='ocrx_word' id='word_1_349' title='bbox 3504 3493 3820 3565; x_wconf 82' lang='grc' dir='ltr'>Γρηγορίου,</span> <span class='ocrx_word' id='word_1_350' title='bbox 3890 3497 3999 3543; x_wconf 80' lang='grc' dir='ltr'>τοῦ</span> 
     </span>
    </p>
   </div>
   <div class='ocr_carea' id='block_1_70' title="bbox 603 3579 2207 3655">
    <p class='ocr_par' dir='ltr' id='par_1_70' title="bbox 603 3579 2207 3655">
     <span class='ocr_line' id='line_1_70' title="bbox 603 3579 2207 3655; baseline 0.002 -25"><span class='ocrx_word' id='word_1_351' title='bbox 603 3584 822 3652; x_wconf 77' lang='grc' dir='ltr'>Λήμνου</span> <span class='ocrx_word' id='word_1_352' title='bbox 854 3579 1096 3651; x_wconf 78' lang='grc' dir='ltr'>Μιχαὴλ,</span> <span class='ocrx_word' id='word_1_353' title='bbox 1117 3587 1209 3632; x_wconf 72' lang='grc' dir='ltr'>τοῦ</span> <span class='ocrx_word' id='word_1_354' title='bbox 1239 3589 1330 3642; x_wconf 80' lang='grc' dir='ltr'>τῆς</span> <span class='ocrx_word' id='word_1_355' title='bbox 1349 3579 1621 3655; x_wconf 83' lang='grc' dir='ltr'>Ἡρακλέος</span> <span class='ocrx_word' id='word_1_356' title='bbox 1651 3587 1889 3654; x_wconf 74' lang='grc' dir='ltr'>μοναχοῦ</span> <span class='ocrx_word' id='word_1_357' title='bbox 1922 3582 2168 3635; x_wconf 87' lang='grc' dir='ltr'>Ἀκακίου</span> <span class='ocrx_word' id='word_1_358' title='bbox 2194 3604 2207 3617; x_wconf 90' lang='grc'><strong>·</strong></span> 
     </span>
    </p>
   </div>
   <div class='ocr_carea' id='block_1_71' title="bbox 673 3669 2260 3742">
    <p class='ocr_par' dir='ltr' id='par_1_71' title="bbox 673 3669 2260 3742">
     <span class='ocr_line' id='line_1_71' title="bbox 673 3669 2260 3742; baseline 0.004 -19"><span class='ocrx_word' id='word_1_359' title='bbox 673 3670 941 3742; x_wconf 87' lang='lat' dir='ltr'><strong>Itemque</strong></span> <span class='ocrx_word' id='word_1_360' title='bbox 969 3669 1099 3726; x_wconf 89' lang='lat' dir='ltr'><strong>aliis</strong></span> <span class='ocrx_word' id='word_1_361' title='bbox 1131 3669 1236 3742; x_wconf 89' lang='lat' dir='ltr'><strong>qui</strong></span> <span class='ocrx_word' id='word_1_362' title='bbox 1264 3669 1660 3728; x_wconf 84' lang='lat' dir='ltr'><strong>versabantur</strong></span> <span class='ocrx_word' id='word_1_363' title='bbox 1697 3671 1760 3728; x_wconf 92' lang='lat' dir='ltr'>in</span> <span class='ocrx_word' id='word_1_364' title='bbox 1789 3671 1937 3728; x_wconf 90' lang='lat' dir='ltr'><strong>urbe</strong></span> <span class='ocrx_word' id='word_1_365' title='bbox 1969 3672 2090 3727; x_wconf 93' lang='lat' dir='ltr'><strong>Deo</strong></span> <span class='ocrx_word' id='word_1_366' title='bbox 2121 3673 2260 3729; x_wconf 93' lang='lat' dir='ltr'><strong>cha-</strong></span> 
     </span>
    </p>
   </div>
   <div class='ocr_carea' id='block_1_72' title="bbox 600 3757 1241 3830">
    <p class='ocr_par' dir='ltr' id='par_1_72' title="bbox 600 3757 1241 3830">
     <span class='ocr_line' id='line_1_72' title="bbox 600 3757 1241 3830; baseline -0.002 -14"><span class='ocrx_word' id='word_1_367' title='bbox 600 3757 854 3816; x_wconf 87' lang='lat' dir='ltr'><strong>rissimis</strong></span> <span class='ocrx_word' id='word_1_368' title='bbox 884 3759 1188 3830; x_wconf 90' lang='lat' dir='ltr'><strong>episcopis</strong></span> <span class='ocrx_word' id='word_1_369' title='bbox 1229 3776 1241 3815; x_wconf 91' lang='lat'><strong>:</strong></span> 
     </span>
    </p>
   </div>
   <div class='ocr_carea' id='block_1_73' title="bbox 672 3848 2260 3923">
    <p class='ocr_par' dir='ltr' id='par_1_73' title="bbox 672 3848 2260 3923">
     <span class='ocr_line' id='line_1_73' title="bbox 672 3848 2260 3923; baseline 0.003 -19"><span class='ocrx_word' id='word_1_370' title='bbox 672 3852 985 3906; x_wconf 88' lang='lat' dir='ltr'><strong>Patrarum</strong></span> <span class='ocrx_word' id='word_1_371' title='bbox 1017 3849 1286 3920; x_wconf 87' lang='lat' dir='ltr'><strong>Georgio,</strong></span> <span class='ocrx_word' id='word_1_372' title='bbox 1327 3848 1726 3908; x_wconf 69' lang='lat' dir='ltr'><strong>Trachalee....</strong></span> <span class='ocrx_word' id='word_1_373' title='bbox 1776 3851 2086 3923; x_wconf 59' lang='lat' dir='ltr'><strong>Hyrcania;</strong></span> <span class='ocrx_word' id='word_1_374' title='bbox 2131 3851 2260 3908; x_wconf 85' lang='lat' dir='ltr'><strong>Dio-</strong></span> 
     </span>
    </p>
   </div>
   <div class='ocr_carea' id='block_1_74' title="bbox 602 3939 2259 4014">
    <p class='ocr_par' dir='ltr' id='par_1_74' title="bbox 602 3939 2259 4014">
     <span class='ocr_line' id='line_1_74' title="bbox 602 3939 2259 4014; baseline 0.001 -18"><span class='ocrx_word' id='word_1_375' title='bbox 602 3939 801 4013; x_wconf 90' lang='lat' dir='ltr'><strong>nysio,</strong></span> <span class='ocrx_word' id='word_1_376' title='bbox 819 3939 1282 3997; x_wconf 91' lang='lat' dir='ltr'><strong>Dalisandorum</strong></span> <span class='ocrx_word' id='word_1_377' title='bbox 1298 3940 1709 4007; x_wconf 87' lang='lat' dir='ltr'><strong>Constantino,</strong></span> <span class='ocrx_word' id='word_1_378' title='bbox 1726 3944 2021 4012; x_wconf 82' lang='lat' dir='ltr'><strong>Argorum</strong></span> <span class='ocrx_word' id='word_1_379' title='bbox 2044 3945 2259 4014; x_wconf 89' lang='lat' dir='ltr'><strong>Leone,</strong></span> 
     </span>
    </p>
   </div>
   <div class='ocr_carea' id='block_1_75' title="bbox 605 4028 2097 4097">
    <p class='ocr_par' dir='ltr' id='par_1_75' title="bbox 605 4028 2097 4097">
     <span class='ocr_line' id='line_1_75' title="bbox 605 4028 2097 4097; baseline 0.002 -12"><span class='ocrx_word' id='word_1_380' title='bbox 605 4029 997 4086; x_wconf 88' lang='lat' dir='ltr'><strong>Demetriadis</strong></span> <span class='ocrx_word' id='word_1_381' title='bbox 1024 4031 1275 4097; x_wconf 91' lang='lat' dir='ltr'><strong>Joanne,</strong></span> <span class='ocrx_word' id='word_1_382' title='bbox 1307 4034 1460 4086; x_wconf 68' lang='lat' dir='ltr'><strong>Arta:</strong></span> <span class='ocrx_word' id='word_1_383' title='bbox 1485 4028 1716 4087; x_wconf 90' lang='lat' dir='ltr'><strong>Basilio.</strong></span> <span class='ocrx_word' id='word_1_384' title='bbox 1743 4032 2097 4088; x_wconf 84' lang='lat' dir='ltr'><strong>Antandri...</strong></span> 
     </span>
    </p>
   </div>
   <div class='ocr_carea' id='block_1_76' title="bbox 680 4207 2264 4269">
    <p class='ocr_par' dir='ltr' id='par_1_76' title="bbox 680 4207 2264 4269">
     <span class='ocr_line' id='line_1_76' title="bbox 680 4207 2264 4269; baseline 0.002 -6"><span class='ocrx_word' id='word_1_385' title='bbox 680 4207 1075 4264; x_wconf 63' lang='lat' dir='ltr'><strong>Praesentibus</strong></span> <span class='ocrx_word' id='word_1_386' title='bbox 1097 4209 1276 4266; x_wconf 88' lang='lat' dir='ltr'><strong>etiam</strong></span> <span class='ocrx_word' id='word_1_387' title='bbox 1300 4209 1420 4267; x_wconf 93' lang='lat' dir='ltr'><strong>Deo</strong></span> <span class='ocrx_word' id='word_1_388' title='bbox 1449 4209 1819 4268; x_wconf 88' lang='lat' dir='ltr'><strong>charissimis</strong></span> <span class='ocrx_word' id='word_1_389' title='bbox 1848 4209 2264 4269; x_wconf 89' lang='lat' dir='ltr'><strong>ecclesiasticis</strong></span> 
     </span>
    </p>
   </div>
   <div class='ocr_carea' id='block_1_77' title="bbox 609 4295 995 4368">
    <p class='ocr_par' dir='ltr' id='par_1_77' title="bbox 609 4295 995 4368">
     <span class='ocr_line' id='line_1_77' title="bbox 609 4295 995 4368; baseline 0 -16"><span class='ocrx_word' id='word_1_390' title='bbox 609 4295 948 4368; x_wconf 72' lang='lat' dir='ltr'><strong>praepositis</strong></span> <span class='ocrx_word' id='word_1_391' title='bbox 982 4313 995 4352; x_wconf 90' lang='lat'><strong>:</strong></span> 
     </span>
    </p>
   </div>
   <div class='ocr_carea' id='block_1_78' title="bbox 690 4383 2266 4456">
    <p class='ocr_par' dir='ltr' id='par_1_78' title="bbox 690 4383 2266 4456">
     <span class='ocr_line' id='line_1_78' title="bbox 690 4383 2266 4456; baseline 0.004 -17"><span class='ocrx_word' id='word_1_392' title='bbox 690 4383 861 4449; x_wconf 86' lang='lat' dir='ltr'><strong>Quod</strong></span> <span class='ocrx_word' id='word_1_393' title='bbox 893 4385 974 4456; x_wconf 91' lang='lat' dir='ltr'>pii</span> <span class='ocrx_word' id='word_1_394' title='bbox 1012 4386 1167 4455; x_wconf 83' lang='lat' dir='ltr'><strong>regis</strong></span> <span class='ocrx_word' id='word_1_395' title='bbox 1198 4402 1300 4442; x_wconf 91' lang='lat' dir='ltr'>cor</span> <span class='ocrx_word' id='word_1_396' title='bbox 1328 4386 1388 4442; x_wconf 88' lang='lat' dir='ltr'>in</span> <span class='ocrx_word' id='word_1_397' title='bbox 1418 4403 1607 4445; x_wconf 90' lang='lat' dir='ltr'><strong>manu</strong></span> <span class='ocrx_word' id='word_1_398' title='bbox 1637 4389 1738 4445; x_wconf 91' lang='lat' dir='ltr'><strong>Dei</strong></span> <span class='ocrx_word' id='word_1_399' title='bbox 1774 4389 1868 4456; x_wconf 86' lang='lat' dir='ltr'><strong>sit,</strong></span> <span class='ocrx_word' id='word_1_400' title='bbox 1901 4395 1967 4446; x_wconf 90' lang='lat' dir='ltr'>ut</span> <span class='ocrx_word' id='word_1_401' title='bbox 2005 4390 2087 4446; x_wconf 88' lang='lat' dir='ltr'>ait</span> <span class='ocrx_word' id='word_1_402' title='bbox 2117 4388 2266 4446; x_wconf 91' lang='lat' dir='ltr'><strong>Scri-</strong></span> 
     </span>
    </p>
   </div>
   <div class='ocr_carea' id='block_1_79' title="bbox 2441 3667 3997 3745">
    <p class='ocr_par' dir='ltr' id='par_1_79' title="bbox 2441 3667 3997 3745">
     <span class='ocr_line' id='line_1_79' title="bbox 2441 3667 3997 3745; baseline -0.004 -19"><span class='ocrx_word' id='word_1_403' title='bbox 2441 3676 2542 3726; x_wconf 85' lang='grc' dir='ltr'>Καὶ</span> <span class='ocrx_word' id='word_1_404' title='bbox 2601 3678 2701 3722; x_wconf 86' lang='grc' dir='ltr'>τῶν</span> <span class='ocrx_word' id='word_1_405' title='bbox 2759 3671 3172 3745; x_wconf 79' lang='grc' dir='ltr'>παρευρεθέντων</span> <span class='ocrx_word' id='word_1_406' title='bbox 3223 3667 3272 3720; x_wconf 84' lang='grc' dir='ltr'>ἐν</span> <span class='ocrx_word' id='word_1_407' title='bbox 3329 3675 3392 3740; x_wconf 71' lang='grc' dir='ltr'>τῇ</span> <span class='ocrx_word' id='word_1_408' title='bbox 3452 3667 3594 3721; x_wconf 77' lang='grc' dir='ltr'>πόλει</span> <span class='ocrx_word' id='word_1_409' title='bbox 3649 3667 3997 3741; x_wconf 64' lang='grc' dir='ltr'>θεοφιλεστά-</span> 
     </span>
    </p>
   </div>
   <div class='ocr_carea' id='block_1_80' title="bbox 2368 3760 2844 3814">
    <p class='ocr_par' dir='ltr' id='par_1_80' title="bbox 2368 3760 2844 3814">
     <span class='ocr_line' id='line_1_80' title="bbox 2368 3760 2844 3814; baseline -0.011 0"><span class='ocrx_word' id='word_1_410' title='bbox 2368 3781 2467 3814; x_wconf 87' lang='grc' dir='ltr'>των</span> <span class='ocrx_word' id='word_1_411' title='bbox 2500 3760 2798 3813; x_wconf 84' lang='grc' dir='ltr'>ἐπισκόπων</span> <span class='ocrx_word' id='word_1_412' title='bbox 2831 3776 2844 3790; x_wconf 78' lang='grc'><strong><em>⁸</em></strong></span> 
     </span>
    </p>
   </div>
   <div class='ocr_carea' id='block_1_81' title="bbox 2437 3845 3814 3923">
    <p class='ocr_par' dir='ltr' id='par_1_81' title="bbox 2437 3845 3814 3923">
     <span class='ocr_line' id='line_1_81' title="bbox 2437 3845 3814 3923; baseline 0 -19"><span class='ocrx_word' id='word_1_413' title='bbox 2437 3857 2540 3904; x_wconf 90' lang='grc' dir='ltr'>Του</span> <span class='ocrx_word' id='word_1_414' title='bbox 2607 3857 2824 3923; x_wconf 84' lang='grc' dir='ltr'>Πατρῶν</span> <span class='ocrx_word' id='word_1_415' title='bbox 2891 3853 3173 3922; x_wconf 88' lang='grc' dir='ltr'>Γεωργίου,</span> <span class='ocrx_word' id='word_1_416' title='bbox 3241 3867 3334 3902; x_wconf 89' lang='grc' dir='ltr'>του</span> <span class='ocrx_word' id='word_1_417' title='bbox 3392 3845 3814 3922; x_wconf 69' lang='grc' dir='ltr'>Τραχάληςηη</span> 
     </span>
    </p>
   </div>
   <div class='ocr_carea' id='block_1_82' title="bbox 2367 3933 3990 4012">
    <p class='ocr_par' dir='ltr' id='par_1_82' title="bbox 2367 3933 3990 4012">
     <span class='ocr_line' id='line_1_82' title="bbox 2367 3933 3990 4012; baseline -0.002 -20"><span class='ocrx_word' id='word_1_418' title='bbox 2367 3943 2638 4012; x_wconf 80' lang='grc' dir='ltr'>Ὑρκανίας</span> <span class='ocrx_word' id='word_1_419' title='bbox 2705 3943 2998 4011; x_wconf 88' lang='grc' dir='ltr'>Διονυσίου,</span> <span class='ocrx_word' id='word_1_420' title='bbox 3066 3958 3158 3991; x_wconf 90' lang='grc' dir='ltr'>του</span> <span class='ocrx_word' id='word_1_421' title='bbox 3227 3933 3559 3990; x_wconf 82' lang='grc' dir='ltr'>Δαλισάνδων</span> <span class='ocrx_word' id='word_1_422' title='bbox 3644 3940 3990 3988; x_wconf 82' lang='grc' dir='ltr'>Κωνσταντί-</span> 
     </span>
    </p>
   </div>
   <div class='ocr_carea' id='block_1_83' title="bbox 3888 3865 3989 3898">
    <p class='ocr_par' dir='ltr' id='par_1_83' title="bbox 3888 3865 3989 3898">
     <span class='ocr_line' id='line_1_83' title="bbox 3888 3865 3989 3898; baseline -0.02 0"><span class='ocrx_word' id='word_1_423' title='bbox 3888 3865 3989 3898; x_wconf 84' lang='grc' dir='ltr'>του</span> 
     </span>
    </p>
   </div>
   <div class='ocr_carea' id='block_1_84' title="bbox 2368 4021 3988 4101">
    <p class='ocr_par' dir='ltr' id='par_1_84' title="bbox 2368 4021 3988 4101">
     <span class='ocr_line' id='line_1_84' title="bbox 2368 4021 3988 4101; baseline -0.002 -22"><span class='ocrx_word' id='word_1_424' title='bbox 2368 4047 2476 4095; x_wconf 91' lang='grc' dir='ltr'>νου,</span> <span class='ocrx_word' id='word_1_425' title='bbox 2539 4047 2629 4080; x_wconf 92' lang='grc' dir='ltr'>του</span> <span class='ocrx_word' id='word_1_426' title='bbox 2685 4026 2909 4100; x_wconf 77' lang='grc' dir='ltr'>’Ἄργους</span> <span class='ocrx_word' id='word_1_427' title='bbox 2952 4032 3191 4096; x_wconf 79' lang='grc' dir='ltr'>Λέοντος,</span> <span class='ocrx_word' id='word_1_428' title='bbox 3240 4046 3331 4078; x_wconf 91' lang='grc' dir='ltr'>του</span> <span class='ocrx_word' id='word_1_429' title='bbox 3383 4021 3748 4101; x_wconf 86' lang='grc' dir='ltr'>Δημητριάδος</span> <span class='ocrx_word' id='word_1_430' title='bbox 3803 4025 3988 4080; x_wconf 87' lang='grc' dir='ltr'>Ἰωάν-</span> 
     </span>
    </p>
   </div>
   <div class='ocr_carea' id='block_1_85' title="bbox 2367 4112 3978 4191">
    <p class='ocr_par' dir='ltr' id='par_1_85' title="bbox 2367 4112 3978 4191">
     <span class='ocr_line' id='line_1_85' title="bbox 2367 4112 3978 4191; baseline -0.003 -19"><span class='ocrx_word' id='word_1_431' title='bbox 2367 4137 2478 4184; x_wconf 86' lang='grc' dir='ltr'>νου,</span> <span class='ocrx_word' id='word_1_432' title='bbox 2546 4137 2638 4171; x_wconf 91' lang='grc' dir='ltr'>του</span> <span class='ocrx_word' id='word_1_433' title='bbox 2694 4116 2893 4191; x_wconf 61' lang='grc' dir='ltr'>ΪΑρτης</span> <span class='ocrx_word' id='word_1_434' title='bbox 2961 4116 3253 4187; x_wconf 85' lang='grc' dir='ltr'>Βασιλείου,</span> <span class='ocrx_word' id='word_1_435' title='bbox 3321 4136 3411 4170; x_wconf 92' lang='grc' dir='ltr'>του</span> <span class='ocrx_word' id='word_1_436' title='bbox 3475 4112 3978 4189; x_wconf 81' lang='grc' dir='ltr'>Ἀντάνδρου..,,.</span> 
     </span>
    </p>
   </div>
   <div class='ocr_carea' id='block_1_86' title="bbox 2443 4205 3989 4282">
    <p class='ocr_par' dir='ltr' id='par_1_86' title="bbox 2443 4205 3989 4282">
     <span class='ocr_line' id='line_1_86' title="bbox 2443 4205 3989 4282; baseline -0.003 -21"><span class='ocrx_word' id='word_1_437' title='bbox 2443 4213 2949 4282; x_wconf 84' lang='grc' dir='ltr'>Συμπαρισταμένων</span> <span class='ocrx_word' id='word_1_438' title='bbox 3025 4212 3115 4260; x_wconf 81' lang='grc' dir='ltr'>καὶ</span> <span class='ocrx_word' id='word_1_439' title='bbox 3202 4214 3302 4260; x_wconf 87' lang='grc' dir='ltr'>τῶν</span> <span class='ocrx_word' id='word_1_440' title='bbox 3400 4205 3802 4280; x_wconf 79' lang='grc' dir='ltr'>θεοφιλεστάτων</span> <span class='ocrx_word' id='word_1_441' title='bbox 3903 4205 3989 4258; x_wconf 80' lang='grc' dir='ltr'>ἐκ-</span> 
     </span>
    </p>
   </div>
   <div class='ocr_carea' id='block_1_87' title="bbox 2372 4295 3099 4370">
    <p class='ocr_par' dir='ltr' id='par_1_87' title="bbox 2372 4295 3099 4370">
     <span class='ocr_line' id='line_1_87' title="bbox 2372 4295 3099 4370; baseline 0 -22"><span class='ocrx_word' id='word_1_442' title='bbox 2372 4297 2760 4356; x_wconf 84' lang='grc' dir='ltr'>κλησιαστικῶν</span> <span class='ocrx_word' id='word_1_443' title='bbox 2791 4295 3060 4370; x_wconf 80' lang='grc' dir='ltr'>ἀρχόντων</span> <span class='ocrx_word' id='word_1_444' title='bbox 3085 4317 3099 4330; x_wconf 92' lang='grc'><strong>·</strong></span> 
     </span>
    </p>
   </div>
   <div class='ocr_carea' id='block_1_88' title="bbox 2443 4382 3988 4461">
    <p class='ocr_par' dir='ltr' id='par_1_88' title="bbox 2443 4382 3988 4461">
     <span class='ocr_line' id='line_1_88' title="bbox 2443 4382 3988 4461; baseline -0.003 -23"><span class='ocrx_word' id='word_1_445' title='bbox 2443 4385 2564 4438; x_wconf 69' lang='lat' dir='ltr'>&quot;On</span> <span class='ocrx_word' id='word_1_446' title='bbox 2611 4382 2807 4461; x_wconf 84' lang='grc' dir='ltr'>καρδία</span> <span class='ocrx_word' id='word_1_447' title='bbox 2855 4384 3110 4459; x_wconf 80' lang='grc' dir='ltr'>βασιλέως</span> <span class='ocrx_word' id='word_1_448' title='bbox 3157 4383 3394 4445; x_wconf 75' lang='grc' dir='ltr'>εύσεϐους</span> <span class='ocrx_word' id='word_1_449' title='bbox 3441 4382 3490 4436; x_wconf 73' lang='grc' dir='ltr'>ἓν</span> <span class='ocrx_word' id='word_1_450' title='bbox 3533 4387 3679 4456; x_wconf 77' lang='grc' dir='ltr'>χειρὶ</span> <span class='ocrx_word' id='word_1_451' title='bbox 3719 4390 3878 4452; x_wconf 85' lang='grc' dir='ltr'>Θεου,</span> <span class='ocrx_word' id='word_1_452' title='bbox 3913 4385 3988 4444; x_wconf 86' lang='grc' dir='ltr'>ὡς</span> 
     </span>
    </p>
   </div>
   <div class='ocr_carea' id='block_1_89' title="bbox 611 4471 2259 4562">
    <p class='ocr_par' dir='ltr' id='par_1_89' title="bbox 611 4475 2259 4562">
     <span class='ocr_line' id='line_1_89' title="bbox 611 4475 2259 4562; baseline 0.004 -35"><span class='ocrx_word' id='word_1_453' title='bbox 611 4476 827 4562; x_wconf 52' lang='lat' dir='ltr'><strong>ptura;</strong></span> <span class='ocrx_word' id='word_1_454' title='bbox 861 4477 916 4530; x_wconf 91' lang='lat' dir='ltr'>et</span> <span class='ocrx_word' id='word_1_455' title='bbox 936 4475 1102 4547; x_wconf 88' lang='lat' dir='ltr'><strong>quod</strong></span> <span class='ocrx_word' id='word_1_456' title='bbox 1122 4491 1244 4531; x_wconf 92' lang='lat' dir='ltr'>non</span> <span class='ocrx_word' id='word_1_457' title='bbox 1260 4476 1470 4548; x_wconf 88' lang='lat' dir='ltr'><strong>procul</strong></span> <span class='ocrx_word' id='word_1_458' title='bbox 1498 4493 1533 4533; x_wconf 92' lang='lat' dir='ltr'>a</span> <span class='ocrx_word' id='word_1_459' title='bbox 1563 4477 1769 4534; x_wconf 90' lang='lat' dir='ltr'><strong>divina</strong></span> <span class='ocrx_word' id='word_1_460' title='bbox 1793 4479 2100 4535; x_wconf 82' lang='lat' dir='ltr'><strong>voluntate</strong></span> <span class='ocrx_word' id='word_1_461' title='bbox 2125 4494 2259 4534; x_wconf 90' lang='lat' dir='ltr'><strong>con-</strong></span> 
     </span>
    </p>
   </div>
   <div class='ocr_carea' id='block_1_90' title="bbox 2390 4471 3989 4562">
    <p class='ocr_par' dir='ltr' id='par_1_90' title="bbox 2390 4471 3989 4551">
     <span class='ocr_line' id='line_1_90' title="bbox 2390 4471 3989 4551; baseline -0.003 -22"><span class='ocrx_word' id='word_1_462' title='bbox 2390 4480 2689 4551; x_wconf 66' lang='grc' dir='ltr'>γὲγραπτοιι,</span> <span class='ocrx_word' id='word_1_463' title='bbox 2734 4479 2822 4528; x_wconf 85' lang='grc' dir='ltr'>καὶ</span> <span class='ocrx_word' id='word_1_464' title='bbox 2875 4477 2954 4528; x_wconf 85' lang='grc' dir='ltr'>ὅτι</span> <span class='ocrx_word' id='word_1_465' title='bbox 3001 4479 3072 4548; x_wconf 79' lang='grc' dir='ltr'>μή</span> <span class='ocrx_word' id='word_1_466' title='bbox 3117 4473 3295 4550; x_wconf 83' lang='grc' dir='ltr'>πόῥρω</span> <span class='ocrx_word' id='word_1_467' title='bbox 3346 4475 3486 4535; x_wconf 85' lang='grc' dir='ltr'>θείας</span> <span class='ocrx_word' id='word_1_468' title='bbox 3530 4471 3728 4545; x_wconf 80' lang='grc' dir='ltr'>βουλῆς</span> <span class='ocrx_word' id='word_1_469' title='bbox 3763 4477 3823 4526; x_wconf 87' lang='grc' dir='ltr'>τὸ</span> <span class='ocrx_word' id='word_1_470' title='bbox 3862 4473 3989 4526; x_wconf 78' lang='grc' dir='ltr'>κατ’</span> 
     </span>
    </p>
   </div>
   <div class='ocr_carea' id='block_1_91' title="bbox 613 4559 2270 4638">
    <p class='ocr_par' dir='ltr' id='par_1_91' title="bbox 613 4559 2270 4638">
     <span class='ocr_line' id='line_1_91' title="bbox 613 4559 2270 4638; baseline 0.005 -24"><span class='ocrx_word' id='word_1_471' title='bbox 613 4559 744 4615; x_wconf 88' lang='lat' dir='ltr'><strong>silia</strong></span> <span class='ocrx_word' id='word_1_472' title='bbox 779 4560 909 4631; x_wconf 87' lang='lat' dir='ltr'><strong>ejus</strong></span> <span class='ocrx_word' id='word_1_473' title='bbox 957 4562 1262 4632; x_wconf 89' lang='lat' dir='ltr'><strong>recedant,</strong></span> <span class='ocrx_word' id='word_1_474' title='bbox 1301 4563 1616 4620; x_wconf 83' lang='lat' dir='ltr'><strong>manifeste</strong></span> <span class='ocrx_word' id='word_1_475' title='bbox 1642 4565 1818 4621; x_wconf 91' lang='lat' dir='ltr'><strong>nobis</strong></span> <span class='ocrx_word' id='word_1_476' title='bbox 1849 4567 2082 4622; x_wconf 89' lang='lat' dir='ltr'><strong>actibus</strong></span> <span class='ocrx_word' id='word_1_477' title='bbox 2123 4567 2270 4638; x_wconf 89' lang='lat' dir='ltr'><strong>ipsis</strong></span> 
     </span>
    </p>
   </div>
   <div class='ocr_carea' id='block_1_92' title="bbox 614 4651 2271 4728">
    <p class='ocr_par' dir='ltr' id='par_1_92' title="bbox 614 4651 2271 4728">
     <span class='ocr_line' id='line_1_92' title="bbox 614 4651 2271 4728; baseline 0.003 -23"><span class='ocrx_word' id='word_1_478' title='bbox 614 4652 942 4706; x_wconf 89' lang='lat' dir='ltr'><strong>coronatus</strong></span> <span class='ocrx_word' id='word_1_479' title='bbox 973 4666 1009 4707; x_wconf 94' lang='lat' dir='ltr'>a</span> <span class='ocrx_word' id='word_1_480' title='bbox 1039 4652 1158 4708; x_wconf 93' lang='lat' dir='ltr'><strong>Deo</strong></span> <span class='ocrx_word' id='word_1_481' title='bbox 1203 4651 1531 4724; x_wconf 89' lang='lat' dir='ltr'><strong>imperator</strong></span> <span class='ocrx_word' id='word_1_482' title='bbox 1557 4669 1723 4711; x_wconf 92' lang='lat' dir='ltr'><strong>nunc</strong></span> <span class='ocrx_word' id='word_1_483' title='bbox 1749 4655 2047 4724; x_wconf 87' lang='lat' dir='ltr'><strong>ostendit;</strong></span> <span class='ocrx_word' id='word_1_484' title='bbox 2087 4671 2271 4728; x_wconf 92' lang='lat' dir='ltr'><strong>quem</strong></span> 
     </span>
    </p>
   </div>
   <div class='ocr_carea' id='block_1_93' title="bbox 614 4738 2269 4815">
    <p class='ocr_par' dir='ltr' id='par_1_93' title="bbox 614 4738 2269 4815">
     <span class='ocr_line' id='line_1_93' title="bbox 614 4738 2269 4815; baseline 0.004 -20"><span class='ocrx_word' id='word_1_485' title='bbox 614 4741 814 4795; x_wconf 86' lang='lat' dir='ltr'><strong>mente</strong></span> <span class='ocrx_word' id='word_1_486' title='bbox 866 4738 1075 4795; x_wconf 84' lang='lat' dir='ltr'><strong>Christi</strong></span> <span class='ocrx_word' id='word_1_487' title='bbox 1123 4741 1349 4797; x_wconf 89' lang='lat' dir='ltr'><strong>factum</strong></span> <span class='ocrx_word' id='word_1_488' title='bbox 1395 4742 1641 4799; x_wconf 85' lang='lat' dir='ltr'><strong>divitem</strong></span> <span class='ocrx_word' id='word_1_489' title='bbox 1687 4743 1880 4800; x_wconf 90' lang='lat' dir='ltr'><strong>dicere</strong></span> <span class='ocrx_word' id='word_1_490' title='bbox 1921 4761 2269 4815; x_wconf 69' lang='lat' dir='ltr'><strong>possumus,</strong></span> 
     </span>
    </p>
   </div>
   <div class='ocr_carea' id='block_1_94' title="bbox 613 4826 2270 4906">
    <p class='ocr_par' dir='ltr' id='par_1_94' title="bbox 613 4826 2270 4906">
     <span class='ocr_line' id='line_1_94' title="bbox 613 4826 2270 4906; baseline 0.002 -21"><span class='ocrx_word' id='word_1_491' title='bbox 613 4831 680 4885; x_wconf 92' lang='lat' dir='ltr'>ut</span> <span class='ocrx_word' id='word_1_492' title='bbox 720 4826 840 4883; x_wconf 88' lang='lat' dir='ltr'><strong>divi</strong></span> <span class='ocrx_word' id='word_1_493' title='bbox 879 4828 1212 4902; x_wconf 84' lang='lat' dir='ltr'><strong>magnique</strong></span> <span class='ocrx_word' id='word_1_494' title='bbox 1251 4831 1510 4903; x_wconf 87' lang='lat' dir='ltr'><strong>apostoli</strong></span> <span class='ocrx_word' id='word_1_495' title='bbox 1539 4831 1723 4890; x_wconf 89' lang='lat' dir='ltr'><strong>verba</strong></span> <span class='ocrx_word' id='word_1_496' title='bbox 1753 4849 2140 4906; x_wconf 91' lang='lat' dir='ltr'><strong>usurpemus.</strong></span> <span class='ocrx_word' id='word_1_497' title='bbox 2177 4837 2270 4889; x_wconf 90' lang='lat' dir='ltr'>Et-</span> 
     </span>
    </p>
   </div>
   <div class='ocr_carea' id='block_1_95' title="bbox 614 4917 2270 4994">
    <p class='ocr_par' dir='ltr' id='par_1_95' title="bbox 614 4917 2270 4994">
     <span class='ocr_line' id='line_1_95' title="bbox 614 4917 2270 4994; baseline 0.003 -20"><span class='ocrx_word' id='word_1_498' title='bbox 614 4918 776 4974; x_wconf 86' lang='lat' dir='ltr'><strong>enim</strong></span> <span class='ocrx_word' id='word_1_499' title='bbox 807 4917 911 4990; x_wconf 92' lang='lat' dir='ltr'>qui</span> <span class='ocrx_word' id='word_1_500' title='bbox 936 4917 1206 4975; x_wconf 89' lang='lat' dir='ltr'><strong>animam</strong></span> <span class='ocrx_word' id='word_1_501' title='bbox 1236 4935 1411 4976; x_wconf 89' lang='lat' dir='ltr'><strong>suam</strong></span> <span class='ocrx_word' id='word_1_502' title='bbox 1440 4935 1783 4994; x_wconf 87' lang='lat' dir='ltr'><strong>corpusque</strong></span> <span class='ocrx_word' id='word_1_503' title='bbox 1805 4922 2022 4978; x_wconf 75' lang='lat' dir='ltr'><strong>divinae</strong></span> <span class='ocrx_word' id='word_1_504' title='bbox 2054 4922 2270 4993; x_wconf 88' lang='lat' dir='ltr'><strong>guber-</strong></span> 
     </span>
    </p>
   </div>
   <div class='ocr_carea' id='block_1_96' title="bbox 615 5006 2270 5084">
    <p class='ocr_par' dir='ltr' id='par_1_96' title="bbox 615 5006 2270 5084">
     <span class='ocr_line' id='line_1_96' title="bbox 615 5006 2270 5084; baseline 0.004 -22"><span class='ocrx_word' id='word_1_505' title='bbox 615 5006 846 5062; x_wconf 90' lang='lat' dir='ltr'><strong>nationi</strong></span> <span class='ocrx_word' id='word_1_506' title='bbox 889 5007 1209 5084; x_wconf 87' lang='lat' dir='ltr'><strong>commisit,</strong></span> <span class='ocrx_word' id='word_1_507' title='bbox 1249 5008 1378 5065; x_wconf 89' lang='lat' dir='ltr'><strong>ﬁeri</strong></span> <span class='ocrx_word' id='word_1_508' title='bbox 1414 5011 1623 5082; x_wconf 89' lang='lat' dir='ltr'><strong>nequit</strong></span> <span class='ocrx_word' id='word_1_509' title='bbox 1653 5015 1719 5068; x_wconf 94' lang='lat' dir='ltr'>ut</span> <span class='ocrx_word' id='word_1_510' title='bbox 1748 5011 1826 5068; x_wconf 91' lang='lat' dir='ltr'>ab</span> <span class='ocrx_word' id='word_1_511' title='bbox 1851 5011 2050 5068; x_wconf 81' lang='lat' dir='ltr'><strong>ofﬁcio</strong></span> <span class='ocrx_word' id='word_1_512' title='bbox 2080 5012 2270 5069; x_wconf 88' lang='lat' dir='ltr'><strong>disce-</strong></span> 
     </span>
    </p>
   </div>
   <div class='ocr_carea' id='block_1_97' title="bbox 617 5095 2272 5172">
    <p class='ocr_par' dir='ltr' id='par_1_97' title="bbox 617 5095 2272 5172">
     <span class='ocr_line' id='line_1_97' title="bbox 617 5095 2272 5172; baseline 0.004 -22"><span class='ocrx_word' id='word_1_513' title='bbox 617 5095 740 5152; x_wconf 92' lang='lat' dir='ltr'><strong>dat.</strong></span> <span class='ocrx_word' id='word_1_514' title='bbox 769 5096 979 5169; x_wconf 90' lang='lat' dir='ltr'><strong>Itaque</strong></span> <span class='ocrx_word' id='word_1_515' title='bbox 1000 5097 1262 5170; x_wconf 90' lang='lat' dir='ltr'><strong>reliquas</strong></span> <span class='ocrx_word' id='word_1_516' title='bbox 1278 5113 1440 5154; x_wconf 90' lang='lat' dir='ltr'><strong>nunc</strong></span> <span class='ocrx_word' id='word_1_517' title='bbox 1465 5099 1712 5170; x_wconf 88' lang='lat' dir='ltr'><strong>quidem</strong></span> <span class='ocrx_word' id='word_1_518' title='bbox 1743 5115 2096 5158; x_wconf 89' lang='lat' dir='ltr'><strong>enumerare</strong></span> <span class='ocrx_word' id='word_1_519' title='bbox 2117 5101 2272 5172; x_wconf 85' lang='lat' dir='ltr'><strong>ejus-</strong></span> 
     </span>
    </p>
   </div>
   <div class='ocr_carea' id='block_1_98' title="bbox 617 5184 2269 5261">
    <p class='ocr_par' dir='ltr' id='par_1_98' title="bbox 617 5184 2269 5261">
     <span class='ocr_line' id='line_1_98' title="bbox 617 5184 2269 5261; baseline 0.005 -21"><span class='ocrx_word' id='word_1_520' title='bbox 617 5184 755 5240; x_wconf 92' lang='lat' dir='ltr'>dem</span> <span class='ocrx_word' id='word_1_521' title='bbox 785 5185 1057 5257; x_wconf 81' lang='lat' dir='ltr'><strong>virtutes,</strong></span> <span class='ocrx_word' id='word_1_522' title='bbox 1085 5187 1208 5244; x_wconf 86' lang='lat' dir='ltr'><strong>sive</strong></span> <span class='ocrx_word' id='word_1_523' title='bbox 1231 5203 1369 5261; x_wconf 67' lang='lat' dir='ltr'><strong>quw</strong></span> <span class='ocrx_word' id='word_1_524' title='bbox 1394 5189 1652 5246; x_wconf 83' lang='lat' dir='ltr'><strong>exterius</strong></span> <span class='ocrx_word' id='word_1_525' title='bbox 1681 5205 1888 5261; x_wconf 86' lang='lat' dir='ltr'><strong>regem</strong></span> <span class='ocrx_word' id='word_1_526' title='bbox 1931 5191 2148 5249; x_wconf 90' lang='lat' dir='ltr'><strong>sistunt</strong></span> <span class='ocrx_word' id='word_1_527' title='bbox 2176 5208 2269 5248; x_wconf 93' lang='lat' dir='ltr'><strong>su-</strong></span> 
     </span>
    </p>
   </div>
   <div class='ocr_carea' id='block_1_99' title="bbox 615 5272 2269 5353">
    <p class='ocr_par' dir='ltr' id='par_1_99' title="bbox 615 5272 2269 5353">
     <span class='ocr_line' id='line_1_99' title="bbox 615 5272 2269 5353; baseline 0.005 -24"><span class='ocrx_word' id='word_1_528' title='bbox 615 5287 729 5345; x_wconf 88' lang='lat' dir='ltr'>pra</span> <span class='ocrx_word' id='word_1_529' title='bbox 748 5272 1084 5332; x_wconf 90' lang='lat' dir='ltr'><strong>humanam</strong></span> <span class='ocrx_word' id='word_1_530' title='bbox 1111 5277 1516 5334; x_wconf 87' lang='lat' dir='ltr'><strong>conditionem</strong></span> <span class='ocrx_word' id='word_1_531' title='bbox 1538 5278 1948 5351; x_wconf 84' lang='lat' dir='ltr'><strong>magniﬁcum,</strong></span> <span class='ocrx_word' id='word_1_532' title='bbox 1979 5281 2103 5338; x_wconf 90' lang='lat' dir='ltr'><strong>sive</strong></span> <span class='ocrx_word' id='word_1_533' title='bbox 2131 5297 2269 5353; x_wconf 66' lang='lat' dir='ltr'><strong>quas</strong></span> 
     </span>
    </p>
   </div>
   <div class='ocr_carea' id='block_1_100' title="bbox 614 5360 2272 5442">
    <p class='ocr_par' dir='ltr' id='par_1_100' title="bbox 614 5360 2272 5442">
     <span class='ocr_line' id='line_1_100' title="bbox 614 5360 2272 5442; baseline 0.005 -26"><span class='ocrx_word' id='word_1_534' title='bbox 614 5360 864 5417; x_wconf 89' lang='lat' dir='ltr'><strong>interius</strong></span> <span class='ocrx_word' id='word_1_535' title='bbox 887 5367 944 5420; x_wconf 94' lang='lat' dir='ltr'>et</span> <span class='ocrx_word' id='word_1_536' title='bbox 961 5365 1282 5422; x_wconf 69' lang='lat' dir='ltr'><strong>reconditae</strong></span> <span class='ocrx_word' id='word_1_537' title='bbox 1299 5365 1715 5426; x_wconf 84' lang='lat' dir='ltr'><strong>demonstrant</strong></span> <span class='ocrx_word' id='word_1_538' title='bbox 1736 5385 1875 5426; x_wconf 90' lang='lat' dir='ltr'>eum</span> <span class='ocrx_word' id='word_1_539' title='bbox 1900 5368 2120 5426; x_wconf 80' lang='lat' dir='ltr'><strong>divinae</strong></span> <span class='ocrx_word' id='word_1_540' title='bbox 2143 5369 2272 5442; x_wconf 91' lang='lat' dir='ltr'><strong>pul-</strong></span> 
     </span>
    </p>
   </div>
   <div class='ocr_carea' id='block_1_101' title="bbox 616 5449 2268 5532">
    <p class='ocr_par' dir='ltr' id='par_1_101' title="bbox 616 5449 2268 5532">
     <span class='ocr_line' id='line_1_101' title="bbox 616 5449 2268 5532; baseline 0.006 -26"><span class='ocrx_word' id='word_1_541' title='bbox 616 5449 966 5509; x_wconf 84' lang='lat' dir='ltr'><strong>chritudinis</strong></span> <span class='ocrx_word' id='word_1_542' title='bbox 979 5453 1374 5529; x_wconf 87' lang='lat' dir='ltr'><strong>archetypum</strong></span> <span class='ocrx_word' id='word_1_543' title='bbox 1387 5457 1622 5530; x_wconf 87' lang='lat' dir='ltr'><strong>egregie</strong></span> <span class='ocrx_word' id='word_1_544' title='bbox 1639 5459 2081 5518; x_wconf 85' lang='lat' dir='ltr'><strong>conformatum</strong></span> <span class='ocrx_word' id='word_1_545' title='bbox 2098 5476 2112 5530; x_wconf 91' lang='lat'><strong>;</strong></span> <span class='ocrx_word' id='word_1_546' title='bbox 2134 5460 2268 5532; x_wconf 88' lang='lat' dir='ltr'><strong>has,</strong></span> 
     </span>
    </p>
   </div>
   <div class='ocr_carea' id='block_1_102' title="bbox 615 5539 2271 5618">
    <p class='ocr_par' dir='ltr' id='par_1_102' title="bbox 615 5539 2271 5618">
     <span class='ocr_line' id='line_1_102' title="bbox 615 5539 2271 5618; baseline 0.007 -23"><span class='ocrx_word' id='word_1_547' title='bbox 615 5539 891 5612; x_wconf 87' lang='lat' dir='ltr'><strong>inquam,</strong></span> <span class='ocrx_word' id='word_1_548' title='bbox 909 5556 1218 5601; x_wconf 85' lang='lat' dir='ltr'><strong>recensere</strong></span> <span class='ocrx_word' id='word_1_549' title='bbox 1237 5560 1686 5618; x_wconf 82' lang='lat' dir='ltr'><strong>supervacuum</strong></span> <span class='ocrx_word' id='word_1_550' title='bbox 1701 5549 1952 5608; x_wconf 78' lang='lat' dir='ltr'><strong>fortasse</strong></span> <span class='ocrx_word' id='word_1_551' title='bbox 1970 5550 2271 5607; x_wconf 88' lang='lat' dir='ltr'><strong>videretur</strong></span> 
     </span>
    </p>
   </div>
   <div class='ocr_carea' id='block_1_103' title="bbox 617 5632 1275 5706">
    <p class='ocr_par' dir='ltr' id='par_1_103' title="bbox 617 5632 1275 5706">
     <span class='ocr_line' id='line_1_103' title="bbox 617 5632 1275 5706; baseline 0.009 -19"><span class='ocrx_word' id='word_1_552' title='bbox 617 5632 799 5703; x_wconf 85' lang='lat' dir='ltr'><strong>atque</strong></span> <span class='ocrx_word' id='word_1_553' title='bbox 836 5632 1275 5706; x_wconf 89' lang='lat' dir='ltr'><strong>importunum.</strong></span> 
     </span>
    </p>
   </div>
   <div class='ocr_carea' id='block_1_104' title="bbox 2380 4560 3988 4638">
    <p class='ocr_par' dir='ltr' id='par_1_104' title="bbox 2380 4560 3988 4638">
     <span class='ocr_line' id='line_1_104' title="bbox 2380 4560 3988 4638; baseline -0.002 -22"><span class='ocrx_word' id='word_1_554' title='bbox 2380 4563 2530 4616; x_wconf 76' lang='grc' dir='ltr'>αύτὸν</span> <span class='ocrx_word' id='word_1_555' title='bbox 2581 4569 2878 4638; x_wconf 88' lang='grc' dir='ltr'>περαίνεται</span> <span class='ocrx_word' id='word_1_556' title='bbox 2935 4560 3251 4631; x_wconf 80' lang='grc' dir='ltr'>διαϐούλιον,</span> <span class='ocrx_word' id='word_1_557' title='bbox 3313 4560 3541 4633; x_wconf 77' lang='grc' dir='ltr'>ἀτεχνῶς</span> <span class='ocrx_word' id='word_1_558' title='bbox 3588 4562 3764 4624; x_wconf 69' lang='grc' dir='ltr'>αὐτοῖς</span> <span class='ocrx_word' id='word_1_559' title='bbox 3814 4565 3988 4636; x_wconf 83' lang='grc' dir='ltr'>ἔργοις</span> 
     </span>
    </p>
   </div>
   <div class='ocr_carea' id='block_1_105' title="bbox 2381 4647 3979 4728">
    <p class='ocr_par' dir='ltr' id='par_1_105' title="bbox 2381 4647 3979 4728">
     <span class='ocr_line' id='line_1_105' title="bbox 2381 4647 3979 4728; baseline -0.001 -21"><span class='ocrx_word' id='word_1_560' title='bbox 2381 4655 2406 4707; x_wconf 89' lang='grc' dir='ltr'><strong>ὀ</strong></span> <span class='ocrx_word' id='word_1_561' title='bbox 2453 4657 2732 4726; x_wconf 74' lang='grc' dir='ltr'>θεοστεφὴς</span> <span class='ocrx_word' id='word_1_562' title='bbox 2778 4657 2920 4726; x_wconf 76' lang='grc' dir='ltr'>ἡμῶν</span> <span class='ocrx_word' id='word_1_563' title='bbox 2964 4653 3297 4728; x_wconf 72' lang='grc' dir='ltr'>αὐτοκράτωρ</span> <span class='ocrx_word' id='word_1_564' title='bbox 3345 4655 3437 4706; x_wconf 83' lang='grc' dir='ltr'>καὶ</span> <span class='ocrx_word' id='word_1_565' title='bbox 3477 4652 3597 4728; x_wconf 75' lang='grc' dir='ltr'>ἄρτι</span> <span class='ocrx_word' id='word_1_566' title='bbox 3631 4647 3935 4725; x_wconf 80' lang='grc' dir='ltr'>παρέδειξεν</span> <span class='ocrx_word' id='word_1_567' title='bbox 3967 4667 3979 4681; x_wconf 87' lang='grc'><em>’</em></span> 
     </span>
    </p>
   </div>
   <div class='ocr_carea' id='block_1_106' title="bbox 2381 4738 3985 4816">
    <p class='ocr_par' dir='ltr' id='par_1_106' title="bbox 2381 4738 3985 4816">
     <span class='ocr_line' id='line_1_106' title="bbox 2381 4738 3985 4816; baseline 0 -22"><span class='ocrx_word' id='word_1_568' title='bbox 2381 4742 2433 4794; x_wconf 88' lang='grc' dir='ltr'>ὃν</span> <span class='ocrx_word' id='word_1_569' title='bbox 2485 4747 2574 4794; x_wconf 83' lang='grc' dir='ltr'>καὶ</span> <span class='ocrx_word' id='word_1_570' title='bbox 2625 4749 2862 4816; x_wconf 83' lang='grc' dir='ltr'>Χριστου</span> <span class='ocrx_word' id='word_1_571' title='bbox 2918 4761 3034 4794; x_wconf 91' lang='grc' dir='ltr'>νουν</span> <span class='ocrx_word' id='word_1_572' title='bbox 3089 4741 3241 4793; x_wconf 77' lang='grc' dir='ltr'>εἰπών</span> <span class='ocrx_word' id='word_1_573' title='bbox 3287 4759 3368 4803; x_wconf 85' lang='grc' dir='ltr'>τις</span> <span class='ocrx_word' id='word_1_574' title='bbox 3413 4738 3824 4798; x_wconf 82' lang='grc' dir='ltr'>πεπλουτηκέναι</span> <span class='ocrx_word' id='word_1_575' title='bbox 3881 4743 3985 4814; x_wconf 67' lang='grc' dir='ltr'>φά-</span> 
     </span>
    </p>
   </div>
   <div class='ocr_carea' id='block_1_107' title="bbox 2379 4828 3984 4904">
    <p class='ocr_par' dir='ltr' id='par_1_107' title="bbox 2379 4828 3984 4904">
     <span class='ocr_line' id='line_1_107' title="bbox 2379 4828 3984 4904; baseline -0.002 -19"><span class='ocrx_word' id='word_1_576' title='bbox 2379 4853 2464 4886; x_wconf 87' lang='grc' dir='ltr'>ναι</span> <span class='ocrx_word' id='word_1_577' title='bbox 2519 4836 2654 4887; x_wconf 78' lang='grc' dir='ltr'>κατόι</span> <span class='ocrx_word' id='word_1_578' title='bbox 2700 4837 2786 4886; x_wconf 88' lang='grc' dir='ltr'>τὸν</span> <span class='ocrx_word' id='word_1_579' title='bbox 2847 4835 2976 4886; x_wconf 86' lang='grc' dir='ltr'>θεῖον</span> <span class='ocrx_word' id='word_1_580' title='bbox 3031 4835 3123 4886; x_wconf 82' lang='grc' dir='ltr'>καὶ</span> <span class='ocrx_word' id='word_1_581' title='bbox 3173 4835 3331 4904; x_wconf 83' lang='grc' dir='ltr'>μέγαν</span> <span class='ocrx_word' id='word_1_582' title='bbox 3385 4828 3714 4884; x_wconf 63' lang='grc' dir='ltr'>ἀποστόλων</span> <span class='ocrx_word' id='word_1_583' title='bbox 3773 4829 3865 4886; x_wconf 77' lang='grc' dir='ltr'>ἅτε</span> <span class='ocrx_word' id='word_1_584' title='bbox 3923 4828 3984 4883; x_wconf 75' lang='grc' dir='ltr'>δὲ</span> 
     </span>
    </p>
   </div>
   <div class='ocr_carea' id='block_1_108' title="bbox 2378 4919 3987 4997">
    <p class='ocr_par' dir='ltr' id='par_1_108' title="bbox 2378 4919 3987 4997">
     <span class='ocr_line' id='line_1_108' title="bbox 2378 4919 3987 4997; baseline -0.002 -21"><span class='ocrx_word' id='word_1_585' title='bbox 2378 4928 2468 4976; x_wconf 86' lang='grc' dir='ltr'>καὶ</span> <span class='ocrx_word' id='word_1_586' title='bbox 2517 4923 2703 4997; x_wconf 71' lang='grc' dir='ltr'>ψυχὴν</span> <span class='ocrx_word' id='word_1_587' title='bbox 2754 4928 2844 4975; x_wconf 85' lang='grc' dir='ltr'>καὶ</span> <span class='ocrx_word' id='word_1_588' title='bbox 2904 4931 3056 4996; x_wconf 87' lang='grc' dir='ltr'>σῶμα</span> <span class='ocrx_word' id='word_1_589' title='bbox 3103 4929 3165 4994; x_wconf 75' lang='grc' dir='ltr'>τῇ</span> <span class='ocrx_word' id='word_1_590' title='bbox 3229 4923 3338 4992; x_wconf 80' lang='grc' dir='ltr'>θείᾳ</span> <span class='ocrx_word' id='word_1_591' title='bbox 3383 4919 3692 4994; x_wconf 79' lang='grc' dir='ltr'>κυϐερνήσει</span> <span class='ocrx_word' id='word_1_592' title='bbox 3722 4939 3987 4994; x_wconf 85' lang='grc' dir='ltr'>προσανα-</span> 
     </span>
    </p>
   </div>
   <div class='ocr_carea' id='block_1_109' title="bbox 2382 5009 3984 5086">
    <p class='ocr_par' dir='ltr' id='par_1_109' title="bbox 2382 5009 3984 5086">
     <span class='ocr_line' id='line_1_109' title="bbox 2382 5009 3984 5086; baseline -0.004 -20"><span class='ocrx_word' id='word_1_593' title='bbox 2382 5015 2604 5086; x_wconf 81' lang='grc' dir='ltr'>θέμενον,</span> <span class='ocrx_word' id='word_1_594' title='bbox 2674 5013 2768 5066; x_wconf 72' lang='grc' dir='ltr'>οὐκ</span> <span class='ocrx_word' id='word_1_595' title='bbox 2829 5010 2888 5064; x_wconf 82' lang='grc' dir='ltr'>ἂν</span> <span class='ocrx_word' id='word_1_596' title='bbox 2961 5011 3188 5084; x_wconf 81' lang='grc' dir='ltr'>ἁμάρτοι</span> <span class='ocrx_word' id='word_1_597' title='bbox 3257 5028 3351 5063; x_wconf 89' lang='grc' dir='ltr'>του</span> <span class='ocrx_word' id='word_1_598' title='bbox 3419 5012 3699 5082; x_wconf 84' lang='grc' dir='ltr'>πρέποντος</span> <span class='ocrx_word' id='word_1_599' title='bbox 3728 5029 3743 5046; x_wconf 68' lang='grc' dir='ltr'>ι</span> <span class='ocrx_word' id='word_1_600' title='bbox 3817 5009 3984 5062; x_wconf 71' lang='grc' dir='ltr'>τᾶλλα</span> 
     </span>
    </p>
   </div>
   <div class='ocr_carea' id='block_1_110' title="bbox 2379 5097 3982 5175">
    <p class='ocr_par' dir='ltr' id='par_1_110' title="bbox 2379 5097 3982 5175">
     <span class='ocr_line' id='line_1_110' title="bbox 2379 5097 3982 5175; baseline -0.002 -20"><span class='ocrx_word' id='word_1_601' title='bbox 2379 5107 2467 5175; x_wconf 76' lang='grc' dir='ltr'>μὲν</span> <span class='ocrx_word' id='word_1_602' title='bbox 2516 5099 2603 5155; x_wconf 79' lang='grc' dir='ltr'>οὖν</span> <span class='ocrx_word' id='word_1_603' title='bbox 2679 5101 2762 5156; x_wconf 84' lang='grc' dir='ltr'>ἐπὶ</span> <span class='ocrx_word' id='word_1_604' title='bbox 2838 5121 2928 5154; x_wconf 89' lang='grc' dir='ltr'>του</span> <span class='ocrx_word' id='word_1_605' title='bbox 2997 5105 3248 5174; x_wconf 87' lang='grc' dir='ltr'>παρόντος</span> <span class='ocrx_word' id='word_1_606' title='bbox 3312 5097 3728 5172; x_wconf 81' lang='grc' dir='ltr'>ἆπαριθμεῐσθαι</span> <span class='ocrx_word' id='word_1_607' title='bbox 3793 5101 3982 5152; x_wconf 87' lang='grc' dir='ltr'>τούτου</span> 
     </span>
    </p>
   </div>
   <div class='ocr_carea' id='block_1_111' title="bbox 2377 5187 3980 5265">
    <p class='ocr_par' dir='ltr' id='par_1_111' title="bbox 2377 5187 3980 5265">
     <span class='ocr_line' id='line_1_111' title="bbox 2377 5187 3980 5265; baseline -0.005 -19"><span class='ocrx_word' id='word_1_608' title='bbox 2377 5193 2811 5265; x_wconf 80' lang='grc' dir='ltr'>πλεονεκτήματα,</span> <span class='ocrx_word' id='word_1_609' title='bbox 2873 5192 2974 5244; x_wconf 87' lang='grc' dir='ltr'>ὅσα</span> <span class='ocrx_word' id='word_1_610' title='bbox 3044 5209 3100 5244; x_wconf 89' lang='grc' dir='ltr'>τε</span> <span class='ocrx_word' id='word_1_611' title='bbox 3175 5193 3262 5244; x_wconf 88' lang='grc' dir='ltr'>τὸν</span> <span class='ocrx_word' id='word_1_612' title='bbox 3325 5187 3472 5252; x_wconf 78' lang='grc' dir='ltr'>ἐκτὸς</span> <span class='ocrx_word' id='word_1_613' title='bbox 3534 5191 3621 5242; x_wconf 71' lang='grc' dir='ltr'>καὶ</span> <span class='ocrx_word' id='word_1_614' title='bbox 3684 5192 3980 5262; x_wconf 50' lang='lat' dir='ltr'><strong>(parvolum:</strong></span> 
     </span>
    </p>
   </div>
   <div class='ocr_carea' id='block_1_112' title="bbox 2381 5278 3979 5356">
    <p class='ocr_par' dir='ltr' id='par_1_112' title="bbox 2381 5278 3979 5356">
     <span class='ocr_line' id='line_1_112' title="bbox 2381 5278 3979 5356; baseline -0.004 -20"><span class='ocrx_word' id='word_1_615' title='bbox 2381 5281 2604 5356; x_wconf 87' lang='grc' dir='ltr'>βασιλέα</span> <span class='ocrx_word' id='word_1_616' title='bbox 2659 5280 3014 5356; x_wconf 86' lang='grc' dir='ltr'>μεγαλουργὸν</span> <span class='ocrx_word' id='word_1_617' title='bbox 3069 5285 3394 5355; x_wconf 83' lang='grc' dir='ltr'>παρίστησιν</span> <span class='ocrx_word' id='word_1_618' title='bbox 3457 5279 3583 5352; x_wconf 69' lang='grc' dir='ltr'>ὑπερ</span> <span class='ocrx_word' id='word_1_619' title='bbox 3660 5278 3931 5353; x_wconf 77' lang='grc' dir='ltr'>ἄνθρωπον</span> <span class='ocrx_word' id='word_1_620' title='bbox 3965 5292 3979 5308; x_wconf 86' lang='grc'>⁶</span> 
     </span>
    </p>
   </div>
   <div class='ocr_carea' id='block_1_113' title="bbox 2378 5363 3978 5446">
    <p class='ocr_par' dir='ltr' id='par_1_113' title="bbox 2378 5363 3978 5446">
     <span class='ocr_line' id='line_1_113' title="bbox 2378 5363 3978 5446; baseline -0.005 -19"><span class='ocrx_word' id='word_1_621' title='bbox 2378 5379 2468 5428; x_wconf 84' lang='grc' dir='ltr'>καὶ</span> <span class='ocrx_word' id='word_1_622' title='bbox 2518 5375 2544 5426; x_wconf 85' lang='grc' dir='ltr'><strong>ὅ</strong></span> <span class='ocrx_word' id='word_1_623' title='bbox 2599 5391 2658 5446; x_wconf 87' lang='grc' dir='ltr'>γε</span> <span class='ocrx_word' id='word_1_624' title='bbox 2712 5375 2798 5427; x_wconf 89' lang='grc' dir='ltr'>τὸν</span> <span class='ocrx_word' id='word_1_625' title='bbox 2855 5370 2990 5434; x_wconf 74' lang='grc' dir='ltr'>ἐντὸς</span> <span class='ocrx_word' id='word_1_626' title='bbox 3044 5372 3133 5426; x_wconf 73' lang='grc' dir='ltr'>καὶ</span> <span class='ocrx_word' id='word_1_627' title='bbox 3195 5372 3546 5446; x_wconf 79' lang='grc' dir='ltr'>κρυπτόμενον</span> <span class='ocrx_word' id='word_1_628' title='bbox 3618 5363 3978 5423; x_wconf 70' lang='grc' dir='ltr'>διαδείκνυσιν</span> 
     </span>
    </p>
   </div>
   <div class='ocr_carea' id='block_1_114' title="bbox 2379 5456 3979 5537">
    <p class='ocr_par' dir='ltr' id='par_1_114' title="bbox 2379 5456 3979 5537">
     <span class='ocr_line' id='line_1_114' title="bbox 2379 5456 3979 5537; baseline -0.003 -21"><span class='ocrx_word' id='word_1_629' title='bbox 2379 5463 2739 5536; x_wconf 76' lang='grc' dir='ltr'>ἐμφανέστατα</span> <span class='ocrx_word' id='word_1_630' title='bbox 2791 5464 2916 5537; x_wconf 83' lang='grc' dir='ltr'>πρὸς</span> <span class='ocrx_word' id='word_1_631' title='bbox 2963 5463 3022 5516; x_wconf 82' lang='grc' dir='ltr'>τὸ</span> <span class='ocrx_word' id='word_1_632' title='bbox 3077 5479 3170 5516; x_wconf 86' lang='grc' dir='ltr'>του</span> <span class='ocrx_word' id='word_1_633' title='bbox 3233 5461 3372 5518; x_wconf 82' lang='grc' dir='ltr'>θείου</span> <span class='ocrx_word' id='word_1_634' title='bbox 3393 5472 3409 5490; x_wconf 90' lang='grc'><strong>·</strong></span> <span class='ocrx_word' id='word_1_635' title='bbox 3467 5456 3688 5520; x_wconf 84' lang='grc' dir='ltr'>κάλλους</span> <span class='ocrx_word' id='word_1_636' title='bbox 3753 5458 3979 5534; x_wconf 75' lang='grc' dir='ltr'>ἀρχέτυ-</span> 
     </span>
    </p>
   </div>
   <div class='ocr_carea' id='block_1_115' title="bbox 2377 5542 3976 5626">
    <p class='ocr_par' dir='ltr' id='par_1_115' title="bbox 2377 5542 3976 5626">
     <span class='ocr_line' id='line_1_115' title="bbox 2377 5542 3976 5626; baseline -0.006 -23"><span class='ocrx_word' id='word_1_637' title='bbox 2377 5570 2472 5603; x_wconf 82' lang='grc' dir='ltr'>πον</span> <span class='ocrx_word' id='word_1_638' title='bbox 2530 5548 2752 5626; x_wconf 80' lang='grc' dir='ltr'>ἀκριϐῶς</span> <span class='ocrx_word' id='word_1_639' title='bbox 2819 5548 3268 5620; x_wconf 79' lang='grc' dir='ltr'>ἐξεικονιζόμενον,</span> <span class='ocrx_word' id='word_1_640' title='bbox 3334 5548 3576 5622; x_wconf 79' lang='grc' dir='ltr'>περιττὸν</span> <span class='ocrx_word' id='word_1_641' title='bbox 3645 5547 3771 5604; x_wconf 82' lang='grc' dir='ltr'>ἴσως</span> <span class='ocrx_word' id='word_1_642' title='bbox 3839 5542 3976 5608; x_wconf 79' lang='grc' dir='ltr'>δόξει</span> 
     </span>
    </p>
   </div>
   <div class='ocr_carea' id='block_1_116' title="bbox 2377 5640 2728 5713">
    <p class='ocr_par' dir='ltr' id='par_1_116' title="bbox 2377 5640 2728 5713">
     <span class='ocr_line' id='line_1_116' title="bbox 2377 5640 2728 5713; baseline 0.011 -21"><span class='ocrx_word' id='word_1_643' title='bbox 2377 5643 2468 5694; x_wconf 83' lang='grc' dir='ltr'>καὶ</span> <span class='ocrx_word' id='word_1_644' title='bbox 2493 5640 2728 5713; x_wconf 82' lang='grc' dir='ltr'>ἄκαιρον.</span> 
     </span>
    </p>
   </div>
  </div>
