4046 6310
113 340 214 399 181

1454 341 1796 397 THESAURI
1834 339 1965 398 LIB.
2010 337 2164 396 XXIV

3384 345 3485 398 182

110 464 254 522 Πλὴν
313 461 455 516 ἀλλὰ
524 470 689 518 ταῦτα
749 468 884 538 μόνα
938 464 1142 540 ῥητέον,
1206 462 1281 536 ἐφ’
1341 465 1414 524 οἷς
1483 467 1588 538 ἄρα
1641 469 1726 516 τὸν

1910 469 2074 521 Nunc
2105 465 2306 538 itaque
2344 464 2490 522 illud
2521 463 2718 522 solum
2749 463 3040 530 dicemus,
3089 479 3193 521 cur
3226 477 3488 538 praesen-

112 558 355 626 παρόντα
420 559 812 629 σνγκεκρότηκε
874 561 1097 630 σήμερον
1153 553 1435 624 σύλλογονο
1483 557 1552 614 ὡς
1624 557 1726 628 γὰρ

113 640 379 715 baptismi
433 663 555 695 τινα
611 649 699 697 καὶ
755 651 848 705 τῆς
912 644 1199 716 ὁρθοτόμου
1267 639 1425 705 δόξης
1485 641 1731 715 ἀλλότρια

111 735 228 805 περὶ
258 749 321 783 τε
377 739 479 793 τῆς
531 732 674 805 παρὰ
718 739 812 784 τοῦ
853 736 1048 806 Κυρίου
1096 736 1187 783 καὶ
1233 738 1367 784 Θεοῦ
1422 735 1511 784 καὶ
1549 737 1729 789 Σωτῆ-

109 838 197 891 ρος
250 820 415 892 ἡμῶν
481 819 657 880 Ἰησοῦ
723 827 960 894 Χριστοῦ
1026 820 1074 872 ἄν
1147 827 1313 894 καιρῷ
1375 827 1468 872 τοῦ
1532 821 1731 879 πάθους

106 913 400 980 γενομένης
481 909 790 983 ίλαστηρίου
856 918 956 964 τῶν
1029 911 1289 984 ἡμετέρων
1343 908 1728 983 ἁμαρτημάτων

106 1006 483 1071 προσαγωγῆς
524 1006 614 1051 τοῦ
657 995 799 1051 ἰδίου
841 1003 1078 1072 σώματος
1115 1018 1168 1050 τε
1213 1003 1303 1051 και
1343 999 1582 1070 αἳματος,
1639 1003 1727 1050 ναὶ

109 1083 180 1145 31':
226 1093 460 1149 καὶτῆς
489 1089 750 1164 ὁσημέραι
802 1091 946 1161 παρὰ
994 1097 1095 1140 τῶν
1144 1089 1256 1140 θεῖα
1285 1090 1730 1163 μεταχειριζομέ-

108 1197 208 1227 νων
271 1176 643 1248 ἰεροτελεστῶν
709 1181 985 1250 γινομένης
1060 1175 1108 1228 ἐν
1185 1185 1301 1240 ταῖς
1369 1179 1531 1250 ἱεραῖς
1605 1180 1722 1248 ἁγι-

111 1271 312 1327 ςτείαες
375 1274 478 1318 τῶν
537 1267 806 1327 ζωοποιῶν
861 1269 1186 1340 μυστηρίων,
1227 1269 1296 1329 ὡς
1346 1267 1502 1328 αὐτὸς
1550 1265 1598 1318 ἄν
1654 1273 1727 1336 τῷ

107 1364 364 1427 praan
414 1352 610 1427 δείπνῳ
669 1355 986 1430 κατήρξατο,
1038 1358 1104 1417 ὡς
1159 1358 1428 1429 ἱστοροῦσι
1492 1357 1557 1408 τὰ
1619 1357 1730 1429 ἱερὰ

105 1450 194 1496 καὶ
239 1446 573 1497 θεόπνευστα
627 1445 940 1517 Εύαγγίλια,
981 1453 1179 1519 φρονεῖν
1232 1464 1287 1498 τε
1330 1450 1420 1498 καὶ
1473 1440 1728 1518 δογματι-

107 1533 215 1593 ζειν
265 1542 377 1586 τῶν
439 1553 589 1596 τινας
637 1537 918 1610 ἱερωμένων
983 1533 1196 1588 ἐπύθετο
1229 1556 1242 1570 ο
1299 1533 1427 1587 ἀλλὰ
1495 1541 1585 1588 καὶ
1657 1535 1727 1595 εἰς

110 1623 314 1699 ἐτέρους
369 1620 482 1682 ἤδη
525 1630 620 1683 τὴν
660 1630 811 1678 νόσον
849 1627 1044 1683 ταύτην
1095 1626 1427 1701 ὑφέρπουσαν
1473 1628 1728 1699 κατεμάν-

113 1715 284 1774 θανεν,
345 1714 414 1772 ἣν
473 1710 752 1790 δυσίριδές
799 1732 934 1776 τινες
984 1718 1075 1766 καὶ
1127 1713 1405 1788 φιλόνεικοι
1465 1717 1729 1789 ἄνθρωποι

1838 558 1955 612 tem
1992 556 2297 627 synodum
2321 555 2815 626 congregandam
2849 554 3224 625 judicaverit.
3273 555 3484 612 Statim

1838 659 1909 701 ac
1963 646 2124 702 enim
2171 645 2481 716 intellexit,
2540 645 2881 702 sacerdotes
2931 643 3234 717 quosdam
3287 644 3488 701 fovere

1840 734 2046 792 animo
2085 750 2154 791 ac
2204 735 2402 790 verbis
2454 734 2844 808 pronuntiare
2889 733 3160 791 absurda
3205 734 3489 807 quaedam

1839 825 2129 895 dogmata
2171 828 2227 881 et
2269 840 2305 881 a
2352 828 2515 881 recta
2565 823 2684 879 ﬁde
2724 821 3110 880 abhorrentia
3154 823 3311 880 circa
3339 821 3490 880 illud

1839 915 2004 988 quod
2061 914 2350 970 Dominus
2400 916 2555 970 Deus
2611 929 2682 971 ac
2728 915 3003 969 Servator
3054 917 3256 969 noster
3315 915 3488 969 Iesus

1839 1005 2103 1062 Christus
2133 1021 2256 1059 suae
2291 1002 2588 1076 passionis
2635 1007 2902 1075 tempore
2949 1018 3057 1075 pro
3100 1006 3489 1074 peccatorum

1839 1099 2181 1150 nostrorum
2204 1093 2624 1165 propitiatione
2647 1092 2859 1148 obtulit
2875 1092 3238 1148 sacrificium
3260 1091 3489 1164 proprii

1839 1183 2107 1257 corporis
2133 1183 2586 1255 sanguinisque,
2617 1197 2729 1238 nec
2761 1197 2882 1238 non
2937 1182 3094 1238 circa
3144 1181 3292 1237 illud
3317 1178 3488 1254 quod

1837 1274 1902 1330 ﬁt
1917 1273 2186 1346 quotidie
2213 1272 2273 1328 in
2296 1287 2470 1328 sacra
2491 1271 2862 1328 viviﬁcorum
2884 1271 3309 1343 mysteriorum
3325 1270 3489 1326 litur-

1839 1364 1936 1432 gia
1990 1380 2028 1419 a
2086 1362 2522 1426 sacerdotibus,
2565 1361 2740 1431 cujus
2784 1360 2870 1416 rei
2919 1359 3144 1416 initium
3188 1359 3321 1416 fecit
3359 1359 3487 1432 ipse

1836 1454 2004 1508 Jesus
2035 1452 2095 1507 in
2138 1467 2310 1508 sacra
2341 1466 2534 1518 caena,
2569 1455 2634 1506 ut
2658 1454 2868 1506 sancta
2897 1454 2953 1505 et
2981 1465 3018 1505 a
3044 1452 3162 1505 Deo
3192 1449 3488 1522 inspirata

1837 1540 2162 1611 Evangelia
2182 1545 2464 1608 narrant;
2493 1555 2756 1613 cumque
2786 1538 2866 1596 ad
2905 1537 3053 1594 alios
3079 1554 3324 1612 quoque
3354 1555 3485 1596 ma-

1836 1647 1982 1689 nare
2013 1631 2238 1688 sensim
2269 1630 2554 1688 morbum
2581 1631 2744 1686 hunc
2774 1631 3177 1700 cognovisset,
3205 1645 3328 1702 quo
3359 1647 3487 1686 mo-

1838 1723 1958 1778 rosi
1987 1722 2241 1795 quidam
2269 1721 2742 1796 contentiosique
2766 1721 3046 1776 homines
3079 1725 3299 1776 temere
3323 1720 3491 1777 labo-

114 1803 209 1855 ούκ
262 1807 428 1875 ἴσμεν
491 1804 628 1864 ὅπως
703 1801 1054 1878 φρενοϐλαϐὠς
1123 1808 1490 1872 νενοσηκασιν,
1565 1806 1728 1857 ἔνθεον

1846 1811 2083 1880 rabant;
2113 1811 2318 1868 divino
2341 1811 2540 1868 statim
2553 1810 2676 1866 zelo
2702 1814 3034 1882 correptus,
3058 1825 3166 1882 pro
3186 1825 3295 1866 suo
3315 1813 3490 1866 rectae

117 1892 276 1951 ζῆλον
350 1890 623 1944 ἀναλαϐὼν
680 1893 859 1954 ὁποῖος
919 1892 1069 1955 οὗτος
1139 1895 1206 1945 τὰ
1268 1896 1394 1968 πρὸς
1470 1891 1731 1946 εὐσέϐειαν

117 1981 370 2043 ζηλωτής
437 1989 513 2051 τῷ
581 1985 692 2033 ἄντι
767 1978 1020 2055 διάπυρος
1059 1998 1073 2014 ⁸
1139 1986 1230 2034 καὶ
1291 1985 1493 2045 πάσαις
1556 1981 1732 2043 ἄλλαις

119 2071 278 2122 εἰπὼν
368 2067 635 2145 ἐρρῶσθαι
717 2073 840 2132 τέως
929 2075 1362 2143 κατεπειγούσαις
1456 2079 1734 2146 κοσμικαῖς

117 2160 462 2226 ὑποθέσεσιν,
517 2161 690 2212 ὁπόσα
745 2161 933 2212 τούτου
984 2164 1044 2212 τὸ
1097 2163 1262 2214 ἔνθεον
1310 2162 1493 2234 κράτος
1549 2160 1732 2214 ἀλλεπ-

118 2246 357 2308 αλλήλως
407 2247 879 2322 περιστοιχίζουσι
907 2265 921 2281 ·
961 2257 1117 2301 τοῦτο
1163 2248 1320 2302 ἐκεῖνο
1363 2253 1422 2303 τὸ
1470 2249 1518 2302 ἐν
1561 2251 1733 2322 Εύαγ-

114 2337 314 2407 τελίοις
378 2333 433 2388 εὖ
505 2345 665 2389 ποιῶν
730 2340 820 2390 καὶ
877 2337 1031 2399 αύτὸς
1079 2337 1425 2392 εὐσεϐέστατα
1483 2341 1736 2414 συνεπρά-

118 2426 245 2488 ξατο
291 2443 307 2459 '
375 2424 700 2488 ἐξαπέστειλε
763 2430 881 2488 τοὺς
951 2426 1201 2500 ἀγγέλους
1258 2428 1418 2481 αὐτοῦ
1473 2429 1734 2500 συγκαλέ·

119 2518 325 2568 σασθοιι
351 2518 482 2577 τοὺς
539 2515 872 2580 συλλέξοντας
923 2516 981 2569 ἐκ
1009 2525 1104 2569 τοῦ
1151 2522 1315 2590 μέσου
1347 2526 1516 2571 ταῦτα
1557 2515 1734 2577 δήπου

115 2609 184 2658 τὰ
214 2600 503 2658 σκάνδαλα
537 2608 780 2668 καὶτοὺς
826 2613 1107 2668 ποιοῦντας
1135 2611 1230 2666 τὴν
1279 2605 1495 2680 ἀνομίαν
1535 2622 1552 2639 ⁶
1597 2604 1737 2661 διότι

119 2698 332 2765 γνόντες
407 2697 500 2745 τὸν
555 2697 708 2764 Θεὸν,
775 2693 881 2766 ούχ
940 2696 1008 2757 ὠς
1082 2698 1210 2748 Θεὸν
1283 2693 1566 2768 ἐδόξασαν,
1628 2695 1736 2749 ἀλλ’

122 2783 540 2856 ἐματαιώθησαν
585 2785 637 2834 ἓν
692 2789 803 2844 τοῖς
846 2780 1217 2856 διαλογισμοῖς
1268 2785 1452 2854 αὐτῶν,
1509 2785 1602 2838 εἶτ’
1649 2785 1738 2839 οὖν

125 2872 519 2945 συλλογισμοῖς
576 2890 590 2906 ο
648 2875 738 2925 καὶ
808 2870 1091 2932 ἐσκοτίσθη
1163 2875 1195 2932 ἡ
1257 2873 1506 2938 ἀσύνετος
1570 2875 1739 2927 αὐτῶν

123 2957 356 3035 καρδία,
397 2965 491 3013 καὶ
529 2961 815 3033 φάσκοντες
839 2959 969 3015 εἶναι
1010 2967 1161 3035 σοφοὶ
1199 2961 1594 3038 ἐμωράνθησαν.

195 3049 387 3104 Ἐνθεν
443 3069 531 3102 τοι
584 3055 676 3104 καὶ
737 3049 785 3103 ἔν
839 3051 973 3123 ἁγίῳ
1027 3053 1486 3126 συναθροισθέντες
1523 3055 1740 3116 ἅπαντες

125 3143 392 3212 πνεύματι
463 3139 652 3192 ὀπόσοι
702 3147 764 3212 τῇ
818 3135 1068 3212 βασιλίδι
1113 3149 1214 3192 τῶν
1260 3141 1454 3194 πόλεων
1519 3141 1574 3194 ἐκ
1641 3149 1741 3195 τῶν

125 3228 357 3301 ἔγγιστά
395 3247 450 3283 τε
489 3234 579 3281 καὶ
633 3228 812 3304 πόῤῥω
858 3233 1054 3290 ταύτης
1102 3227 1371 3304 ἐπαρχιῶν
1404 3228 1741 3305 ἕπιδεδημὴ-

124 3336 288 3389 καμεν
346 3315 522 3390 βουλῇ
572 3322 663 3370 καὶ
730 3321 910 3390 γνώμη
986 3325 1078 3371 τοῦ
1139 3317 1540 3394 θεοκυϐερνήτου
1597 3322 1744 3393 ἡμῶν

127 3407 564 3482 αὐτοκράτορος*
622 3409 1019 3480 προκαθημένου
1078 3411 1166 3479 μὲν
1228 3418 1319 3461 τοῦ
1375 3408 1547 3462 ἐνθέου
1605 3412 1738 3484 κρά-

124 3513 246 3558 τους
301 3498 499 3563 αύτοῦ,
552 3499 949 3572 παρισταμένης
1003 3494 1062 3548 δὲ
1117 3504 1212 3559 τῆς
1261 3497 1582 3569 συγκλήτου,
1615 3496 1745 3550 ἀλλὰ

126 3591 213 3639 καὶ
263 3588 424 3660 ἡμῶν
461 3595 566 3639 τῶν
595 3593 942 3661 πατριαρχῶν
1004 3593 1096 3640 τοῦ
1139 3589 1739 3660 Κωνσταντινουπόλεως,

127 3682 214 3732 και
247 3685 357 3730 τοῦ
421 3677 796 3750 Ἰεροσολύμων
849 3679 919 3730 τὰ
973 3684 1071 3740 τῆς
1121 3679 1410 3740 ὑποθέσεως
1445 3686 1516 3750 τῷ
1564 3681 1744 3754 κράτει

129 3769 318 3821 τούτου
386 3762 832 3838 σωδιαιτώντων,
905 3772 996 3819 καὶ
1042 3775 1133 3820 τοῦ
1187 3768 1489 3842 ὑποψηφίου
1515 3774 1743 3822 Θεουπό-

126 3856 244 3919 λοως
305 3856 652 3929 Ἀντιοχείας
696 3851 1149 3930 συνεδριάζοντος,
1202 3857 1261 3909 ού
1301 3862 1404 3930 μὴν
1441 3854 1567 3910 οὐδὲ
1597 3860 1743 3930 ἡμῶν

129 3955 221 4000 τῶν
279 3945 753 4023 ἆρχιεπισκόπων,
814 3954 908 3998 τοῦ
964 3945 1308 4019 Βουλγαρίας,
1358 3952 1448 4000 καὶ
1489 3955 1583 4000 τοῦ
1631 3950 1743 4001 Κύ-

132 4053 287 4110 πρου,
326 4043 433 4097 τῆς
483 4038 730 4096 τοιαύτης
778 4033 1270 4108 ἁπολιμπανομένων
1303 4032 1740 4104 συνδιαιτήσεως,

133 4125 266 4178 αύτόι
337 4123 516 4178 ἰκεῖνα
569 4129 664 4176 καὶ
717 4131 806 4176 νῦν
871 4125 1270 4197 ὁμοφρονοῦντες
1326 4125 1736 4200 ἔπικρατύνομεν

130 4213 162 4267 ἆ
222 4213 325 4267 κᾶν
396 4222 475 4286 τῷ
537 4216 790 4286 γινομένῳ
870 4211 1135 4286 συνοδικῷ
1202 4216 1534 4287 σημειὼματι
1607 4216 1743 4267 κατὰ

129 4310 219 4365 τὴν
255 4303 348 4370 κζ’
374 4311 471 4358 τοῦ
511 4304 833 4379 Ἰανουαρίου
862 4307 1025 4378 μηνὸς
1074 4313 1172 4366 τῆς
1214 4301 1321 4364 ἤδη
1377 4304 1742 4379 παρελθούσης

127 4395 394 4470 τετάρτης
464 4391 818 4466 ἕπενεμὴσεως
870 4401 964 4446 τοῦ
1035 4390 1218 4467 ,ς-χξδ’
1282 4395 1447 4466 ἔτους,
1517 4395 1564 4445 οἱ
1628 4398 1742 4446 τότε

131 4483 467 4545 συνελθόντες
547 4480 599 4536 ἂν
671 4489 736 4556 τῇ
835 4482 1099 4557 ἁγιωτάτῃ
1191 4483 1400 4556 Μεγάλῃ
1483 4481 1736 4556 ἐκκλησίᾳ

1839 1898 1981 1956 ﬁdei
2007 1899 2382 1956 inﬂammato
2409 1915 2645 1968 amore;
2677 1898 2951 1972 sepositis
2983 1899 3220 1955 interim
3248 1915 3384 1972 quae
3407 1898 3493 1955 in-

1841 1989 2084 2045 stabant
2133 1988 2460 2044 mundanis
2499 1987 2694 2057 curis;
2729 1989 2822 2045 his
2865 1989 3025 2044 enim
3066 1993 3308 2044 sanctus
3357 1989 3489 2059 ejus

1840 2077 2093 2136 thronus
2117 2078 2243 2134 sine
2275 2077 2717 2134 intermissione
2745 2078 3047 2150 pulsatur;
3079 2077 3493 2149 evangelicum

1841 2168 1989 2225 illud
2031 2168 2377 2242 exemplum
2428 2171 2587 2225 recte
2637 2183 2706 2224 ac
2749 2167 3196 2239 religiosissime
3253 2172 3491 2223 secutus

1842 2263 1948 2330 est,
1981 2259 2255 2315 videlicet
2291 2263 2357 2314 ut
2387 2257 2633 2329 angelos
2660 2275 2802 2314 suos
2823 2258 3078 2315 mitteret
3104 2258 3183 2315 ad
3223 2257 3493 2314 tollenda

1843 2348 1918 2406 de
1940 2348 2141 2404 medio
2171 2348 2300 2404 haec
2330 2347 2640 2415 scandala,
2666 2352 2724 2404 et
2764 2362 2866 2404 eos
2901 2349 3007 2420 qui
3034 2351 3356 2421 operantur
3386 2345 3494 2403 ini-

1843 2438 2135 2511 quitatem
2159 2455 2171 2493 :
2205 2437 2310 2510 qui
2341 2442 2734 2508 agnoscentes
2757 2437 3007 2510 quidem
3038 2439 3247 2506 Deum,
3269 2451 3394 2492 non
3411 2439 3498 2493 ta-

1845 2544 1985 2585 men
2007 2528 2091 2584 uti
2124 2531 2308 2585 Deum
2334 2527 2772 2598 gloriﬂcabant,
2812 2527 2917 2584 sed
2939 2527 3000 2584 in
3031 2526 3495 2601 cogitationibus

1847 2618 1968 2673 suis
1987 2616 2478 2690 syllogismisque
2495 2621 2888 2680 evanuerant,
2915 2633 3178 2690 quorum
3205 2617 3499 2690 insipiens

1848 2722 1950 2764 cor
1970 2707 2362 2764 obscuratum
2391 2711 2517 2764 erat
2543 2725 2556 2777 ;
2588 2710 2646 2765 et
2672 2707 2820 2764 dum
2849 2707 3150 2781 sapientes
3176 2723 3238 2764 se
3267 2705 3496 2764 dictita-

1846 2795 2014 2866 bant,
2047 2795 2187 2853 facti
2214 2799 2355 2852 sunt
2381 2795 2562 2853 stulti.

1923 3045 2327 3113 Quamobrem
2347 3045 2410 3102 in
2431 3052 2641 3104 sancto
2673 3045 3017 3117 congregati
3049 3046 3266 3120 Spiritu
3287 3061 3500 3104 omnes

1781 3173 1823 3231 ο
1850 3139 2150 3231 quotquot
2176 3134 2569 3231 inihacregia
2592 3136 2742 3192 urbe
2769 3139 2827 3193 et
2854 3137 2916 3231 in
2935 3135 3230 3231 prosimis
3268 3136 3500 3208 longin-

1851 3226 2110 3299 quisque
2140 3224 2463 3298 provinciis
2491 3239 2826 3294 versamur,
2869 3225 2954 3283 sic
2987 3223 3218 3282 volente
3250 3241 3321 3282 ac
3355 3241 3498 3282 cen-

1853 3320 2016 3372 sente
2043 3331 2079 3371 a
2101 3318 2219 3372 Deo
2244 3315 2582 3386 gubernato
2622 3315 2986 3388 imperatore
3024 3321 3233 3374 nostro
3258 3335 3271 3385 ;
3295 3316 3500 3390 praesi-

1851 3406 2028 3463 dente
2051 3410 2261 3462 sancta
2283 3405 2594 3477 majestate
2625 3405 2774 3478 ejus,
2799 3410 3033 3463 astante
3065 3411 3279 3463 senatu
3303 3406 3505 3464 nobis-

1851 3511 1970 3569 que
1990 3494 2348 3568 patriarchis
2363 3493 3047 3568 Constantinopoleos,et
3063 3495 3502 3569 Hierosolymo-

1850 3601 2008 3654 rum,
2040 3584 2352 3656 negotium
2397 3585 2514 3640 hoc
2544 3600 2682 3641 cum
2713 3587 3033 3657 majestate
3083 3585 3212 3657 ejus
3242 3584 3502 3656 gerenti-

1851 3673 2001 3745 busj;
2027 3690 2139 3730 nec
2159 3689 2283 3730 non
2303 3673 2479 3730 nobis
2510 3673 2799 3744 Bulgariaa
2819 3679 2877 3730 et
2898 3674 3072 3747 Cypri
3104 3674 3504 3747 archiepisco-

1852 3764 1943 3838 pis
1982 3763 2467 3836 cooperantibus,
2500 3763 2835 3836 eademque
2870 3764 3264 3820 sentientibus
3313 3768 3370 3818 et
3403 3763 3503 3818 ﬂre

1851 3854 2156 3912 mantibus
2193 3869 2329 3926 quas
2351 3857 2410 3910 et
2433 3853 2494 3908 in
2524 3853 2684 3910 Actis
2717 3853 3021 3924 synodicis
3062 3853 3158 3908 die
3188 3858 3256 3907 26
3286 3856 3503 3909 Janua-

1850 3944 1940 4012 rii,
1959 3948 2177 4017 quarta
2192 3943 2323 4014 jam
2350 3942 2648 4015 praeterita
2673 3939 3017 4009 indictione,
3042 3955 3198 3998 anno
3209 3944 3497 3997 vincmuui

1852 4033 2088 4104 (Christi
2120 4036 2275 4092 “36)
2304 4034 2602 4103 quotquot
2630 4034 2772 4086 tunc
2802 4033 3216 4086 convenerunt
3244 4029 3307 4086 in
3361 4045 3495 4086 san-

1851 4121 2117 4178 ctissima
2154 4134 2382 4190 magna
2411 4118 2674 4175 Ecclesia
2709 4118 2978 4192 episcopi
3017 4117 3351 4192 reliquique
3382 4119 3492 4174 ho-

1849 4211 2044 4268 mines
2071 4209 2457 4282 (quibuscum
2487 4211 2544 4264 et
2588 4205 2862 4263 nonnulli
2891 4223 2962 4264 ex
3005 4208 3183 4263 nobis
3230 4207 3495 4279 fuerunt)

1851 4299 1931 4356 ad
1956 4297 2330 4372 propositam
2347 4312 2383 4353 a
2403 4295 2788 4353 sanctissimo
2814 4294 3110 4352 confratre
3132 4301 3337 4353 nostro
3359 4300 3500 4353 Rus-

1850 4389 1952 4446 sise
1981 4386 2445 4460 metropolitano
2467 4385 2863 4443 Constantino
2883 4385 3282 4458 quaestionem
3303 4386 3502 4443 ortho-

1851 4478 2007 4535 doxe
2027 4475 2494 4550 responderunt.

133 4573 413 4651 ἱιρῶτοετοι
443 4570 715 4648 ἀρχιερεῖς
760 4575 851 4625 καὶ
897 4571 1087 4643 λοιποὶ,
1119 4573 1196 4634 οἷς
1242 4577 1334 4625 καί
1361 4592 1488 4634 τινες
1529 4573 1580 4635 ἐξ
1609 4575 1754 4646 ἡμῶν
1783 4579 1854 4646 τῷ
1881 4572 1996 4621 τότε
2027 4566 2560 4641 συμπαραληφθησαν,
2589 4565 2656 4626 ὡς
2700 4566 2827 4638 πρὸς
2873 4562 3127 4639 ἐρώτησιν
3158 4565 3502 4639 εἰσαχθεῖσαν

129 4663 188 4716 τδ
213 4670 523 4722 τηνικαῦτα
546 4661 693 4735 παρὰ
741 4667 834 4716 τοῦ
877 4662 1157 4736 ἱερωτάτου
1189 4660 1510 4735 συναδέλφου
1547 4666 1692 4735 ἡμῶν
1730 4665 1818 4717 καὶ
1877 4657 2262 4736 μητροπολίτου
2290 4656 2510 4717 Ῥωσίας
2562 4657 2975 4722 Κωνσταντίνου,
3031 4654 3249 4718 εὐσεϐῶς
3287 4654 3500 4733 ἀπεκρί-

130 4767 284 4808 uno

133 4930 435 4986 ὑποστάσει
500 4931 771 5004 νοούμενον
831 4934 960 4984 Θεόν
1010 4949 1066 4984 τε
1116 4934 1207 4984 καὶ
1272 4932 1559 5005 ἄνθρωπον,
1621 4933 1740 4984 Υἰόν

135 5023 224 5074 καὶ
279 5024 460 5094 Λόγον
515 5026 612 5073 τοῦ
669 5016 948 5073 συναῖδίου
1013 5023 1198 5074 τούτου
1252 5022 1474 5095 Πατρός,
1533 5021 1597 5072 τὰ
1645 5027 1740 5081 τῆς

134 5111 396 5187 ’θειοτέρας
457 5113 724 5184 σωτηρίας
793 5107 1230 5182 οἰκονομήσαντα,
1295 5112 1364 5170 ὡς
1434 5111 1594 5181 μέγαν
1649 5112 1740 5160 καὶ

135 5206 344 5275 πρᾶτον
425 5196 679 5273 ὂρχιερία
744 5205 1107 5286 προσαγαγεῖν
1175 5199 1355 5252 ἐαυτὸν
1424 5205 1497 5269 τῷ
1572 5200 1740 5270 Πατρὶ

137 5289 328 5343 haec
405 5287 665 5349 ζωοποεὸν
749 5291 841 5342 καὶ
921 5283 1355 5363 κοσμοσωτὴριον
1441 5283 1740 5345 διείληπται

137 5381 226 5432 καὶ
281 5374 638 5451 ὧμολέγηται,
701 5375 805 5430 ἀλλ’
851 5376 977 5449 οὐχ,
1043 5379 1107 5438 ὥς
1170 5382 1305 5438 τινες
1352 5395 1528 5449 φασιν,
1589 5373 1738 5429 οὐδὲν

140 5468 594 5526 ἑπιιαοενὼνηκεν
650 5465 721 5528 εἰς
767 5467 828 5519 τὸ
885 5468 1082 5526 ταύτην
1155 5465 1348 5533 λαϐεῖν,
1409 5465 1515 5517 οὔτ’
1585 5463 1740 5524 αὐτὸς

141 5554 170 5609 ὅ
215 5557 348 5632 ὑπὲρ
397 5557 550 5631 ἡμᾶν
611 5555 796 5609 ἑαυτὸν
863 5560 1216 5631 προσαγαγὼν
1277 5556 1493 5630 ἄμωμον
1561 5556 1741 5627 ἱερεῖον

144 5646 170 5697 δ
195 5647 475 5720 μονογενὴς
523 5642 650 5710 Υἱὸς
692 5649 792 5699 τοῦ
836 5651 974 5701 Θεοῦ
1033 5648 1153 5703 οὔτε
1198 5648 1303 5720 μὴν
1351 5647 1410 5701 τὸ
1465 5643 1742 5718 ὁμοούσιον

425 4842 520 4894 καὶ
559 4838 833 4914 πολλαχοῦ
880 4847 978 4904 τῆς
1027 4845 1239 4916 Γραφῆς
1291 4843 1378 4894 τὸν
1428 4839 1476 4892 ἒν
1533 4845 1630 4913 μιᾷ
1671 4847 1734 4914 τῇ

1924 4838 2043 4896 Etsi
2094 4836 2254 4894 enim
2301 4837 2460 4910 saepe
2500 4834 2564 4892 in
2613 4835 2914 4908 Scriptura
2968 4835 3304 4894 afﬁrmatur
3331 4838 3388 4891 et
3432 4834 3494 4892 in

1852 4928 2133 4987 confesso
2161 4931 2270 4995 est,
2302 4925 2506 4983 aeterni
2530 4923 2713 4997 hujus
2743 4924 2929 4982 Patris
2969 4925 3228 4981 Verbum
3262 4923 3498 4980 Filium-

1850 5034 1990 5092 que,
2008 5033 2193 5091 quem
2204 5018 2394 5073 Deum
2415 5014 2594 5072 simul
2614 5018 2670 5071 et
2689 5014 2997 5071 hominem
3011 5014 3073 5070 in
3090 5029 3214 5070 una
3235 5028 3502 5086 persona

1849 5106 2260 5177 intelligimus,
2286 5120 2408 5179 quo
2448 5108 2718 5177 tempore
2764 5106 3031 5160 nostram
3065 5102 3323 5158 salutem
3353 5118 3503 5176 ope-

1848 5196 2117 5267 rabatur,
2143 5211 2254 5252 ceu
2279 5209 2573 5264 magnum
2593 5193 2978 5266 primumque
3004 5190 3351 5264 pontiﬁcem
3389 5191 3500 5250 ob-

1848 5284 2052 5343 tulisse
2080 5287 2270 5340 semet
2286 5283 2439 5339 Patri
2458 5281 2720 5340 hostiam
2745 5280 3041 5337 viviﬂcam
3064 5284 3120 5337 et
3148 5279 3380 5338 mundo
3404 5296 3502 5339 sa-

1847 5373 2150 5441 lutarem;
2190 5386 2582 5446 nequaquam
2619 5374 2846 5437 tamen,
2902 5373 2970 5426 ut
3022 5373 3178 5426 certe
3219 5369 3497 5428 nonnulli

1849 5462 2036 5531 aiunt,
2066 5462 2280 5520 hostias
2307 5461 2604 5534 particeps
2631 5457 2724 5515 vel
2747 5458 2876 5531 ipse
2896 5459 3240 5530 unigenitus
3269 5459 3374 5516 Dei
3403 5459 3500 5516 Fi-

1847 5552 1962 5609 lius
1989 5551 2100 5609 fuit
2121 5553 2227 5625 qui
2256 5567 2368 5624 pro
2399 5549 2576 5607 nobis
2605 5563 2668 5604 se
2697 5548 3009 5605 victimam
3031 5549 3490 5606 immaculatam

1851 5640 2116 5708 istebat,
2137 5640 2230 5698 vel
2259 5639 2439 5697 etiam
2460 5637 2996 5697 consubstantialis
3017 5637 3216 5697 eidem
3241 5637 3501 5709 vitaeque
