4046 6310
525 297 626 352 183

532 422 739 476 auctor
762 422 1006 475 sanctus
1066 418 1314 491 Spiritus

530 507 713 564 nobis
766 523 839 563 ex
869 507 999 579 ejus
1031 506 1302 565 instituto
1358 508 1624 564 hostiam
1675 509 1853 576 Patri,
1887 509 2066 565 Filius
2122 514 2180 566 ct

530 595 790 669 Spiritus
828 595 1142 668 recipiunt.
1178 599 1540 669 Quanquam
1568 597 1747 668 igitur
1775 598 1851 654 de
1881 597 1982 654 illa
2009 597 2178 655 obla-

527 685 691 741 tione
712 686 793 741 sic
819 701 977 757 sape
998 685 1284 757 prtedicto
1301 687 1489 742 modo
1508 686 1712 743 locuta
1731 693 1823 743 est
1850 688 2176 760 Scriptura,

527 779 595 830 ut
623 778 888 840 constat;
921 788 1227 846 nusquam
1255 776 1539 831 tamenin
1562 776 1775 832 eadem
1796 776 2001 833 divina
2033 777 2182 833 Scri'

531 868 710 936 ptura
752 861 1038 919 traditum
1076 862 1213 935 quis
1263 863 1545 932 inveniet,
1599 864 1768 938 quod
1804 865 2181 938 hypostatice

529 950 786 1008 Verbum
835 966 899 1005 se
950 950 1248 1021 obtulerit,
1281 951 1343 1007 id
1398 957 1487 1009 est
1533 953 1697 1026 quod
1735 958 1952 1010 natura
1979 953 2184 1010 divina

528 1041 666 1115 ipsa
696 1055 804 1112 per
843 1056 906 1096 se
939 1040 1094 1097 Patri
1129 1040 1430 1113 obtulerit,
1464 1046 1530 1098 ut
1555 1042 1650 1098 isti
1693 1049 2023 1114 nugantur,
2069 1043 2182 1100 sal-

528 1130 771 1187 viﬁcam
844 1129 1010 1185 illam
1070 1131 1258 1187 nostri
1317 1131 1552 1200 generis
1592 1132 1938 1201 victimam;
1987 1148 2185 1206 neque

528 1218 697 1290 quod
723 1217 892 1275 illam
943 1217 1125 1275 Filius
1159 1219 1339 1281 simul
1372 1236 1512 1277 cum
1556 1226 1764 1279 sancto
1811 1222 2029 1294 Spiritu
2060 1236 2179 1279 non

528 1307 837 1381 receperit.

604 1489 674 1544 Ut
705 1450 909 1544 autem
956 1485 1183 1559 scripta
1209 1503 1453 1561 quoque
1486 1489 1833 1546 testimonia
1880 1488 2185 1558 sistamus,

530 1591 668 1650 quae
696 1576 1000 1648 dogmatis
1036 1576 1220 1649 hujus
1261 1578 1575 1636 veritatem
1609 1579 1913 1636 evidenter
1938 1580 2187 1636 demon-

536 1670 752 1731 strant,
776 1680 889 1736 age
910 1669 1088 1721 testes
1126 1666 1461 1738 procedant
1490 1667 1894 1725 irrefutabiles
1926 1667 2051 1724 divi
2089 1671 2188 1724 Pa-

534 1759 675 1823 tres,
720 1754 825 1826 qui
855 1753 1089 1810 disertis
1130 1754 1330 1812 verbis
1377 1772 1506 1813 rem
1551 1757 1712 1814 hanc
1762 1758 1843 1815 ad
1888 1756 2189 1830 liquidum
2223 1783 2261 1837 Β

534 1844 937 1901 deduxerunt.
965 1848 1156 1917 Atque
1186 1846 1248 1901 in
1278 1846 1489 1919 primis
1515 1863 1777 1918 magnus
1802 1852 1856 1905 et
1884 1848 1946 1904 in
1973 1846 2190 1904 divinis

533 1932 712 1991 valde
740 1937 1012 1989 versatus
1046 1933 1318 2001 Basilius,
1355 1936 1528 2008 cujus
1570 1952 1779 1995 vocem
1817 1936 1984 1993 haud
2017 1951 2193 1993 secus

530 2038 718 2097 quam
737 2021 838 2079 Dei
854 2037 1064 2078 vocem
1095 2024 1534 2094 auscultamus,
1558 2025 1620 2081 in
1637 2026 1989 2099 compositae
2020 2026 2100 2082 ab
2123 2040 2195 2082 eo

530 2110 915 2183 Mystagogiaa
948 2112 1232 2183 precibus
1259 2113 1344 2169 sic
1366 2114 1680 2171 manifeste
1713 2113 2049 2183 scribit,ubi
2070 2114 2199 2169 Ser-

530 2206 804 2259 vatorem
836 2200 1147 2259 Christum
1192 2202 1548 2276 alloquitur:
1585 2205 1857 2275 Dignare,
1901 2209 1968 2260 ut
2010 2219 2048 2261 a
2098 2217 2197 2259 me

531 2297 847 2365 peccatore
877 2297 933 2347 et
984 2292 1235 2363 indigno
1265 2293 1397 2349 haec
1420 2294 1525 2349 tibi
1551 2293 1716 2350 dona
1739 2293 2087 2350 offerantur.
2114 2294 2199 2348 Tu

534 2380 697 2437 enim
729 2396 791 2436 es
818 2382 924 2452 qui
953 2381 1157 2450 oﬂers,
1191 2384 1247 2436 et
1291 2382 1397 2453 qui
1422 2382 1677 2453 oﬁerris,
1703 2387 1759 2439 et
1802 2383 1908 2455 qui
1958 2381 2195 2455 recipis,

533 2472 591 2525 et
619 2469 725 2542 qui
753 2468 1082 2542 distribuis,
1119 2469 1343 2527 Christe
1383 2473 1539 2527 Deus
1581 2478 1804 2527 noster.
1839 2473 1980 2537 Quae
2011 2471 2199 2530 verba

542 2557 1008 2630 Chrysostomus
1053 2559 1114 2617 in
1142 2558 1424 2632 precibus
1462 2576 1498 2616 a
1524 2575 1587 2616 se
1612 2559 1784 2617 editae
1811 2560 2069 2632 liturgiae
2094 2561 2196 2618 ad-

534 2650 779 2703 mtttens
810 2647 978 2705 nullo
1007 2647 1195 2705 modo
1224 2648 1585 2705 immutavit.
1621 2649 1776 2717 Quin
1806 2650 1988 2706 etiam
2018 2650 2196 2707 mira-

536 2733 685 2792 culis
715 2736 1141 2794 celeberrimus
1170 2738 1343 2795 divus
1387 2739 1707 2810 Gregorius
1749 2739 1814 2796 in
1846 2739 2006 2796 edito
2057 2756 2095 2796 a
2132 2755 2194 2796 se

540 2841 821 2883 sermone
863 2843 1041 2901 super
1082 2828 1428 2899 evangelico
1482 2829 1649 2885 dicto
1682 2845 1695 2884 :
1735 2831 1834 2886 Hic
1879 2837 1962 2886 est
1997 2831 2192 2887 Filius

537 2931 702 2973 meus
730 2917 984 2974 dilectus
1005 2918 1073 2985 ³⁵,
1111 2917 1191 2975 ad
1224 2917 1480 2974 litteram
1505 2917 1587 2975 ita
1612 2917 1694 2975 ait
1727 2935 1740 2974 :
1772 2919 1872 2975 Hic
1902 2924 1989 2976 est
2019 2918 2195 2976 Filius

536 3020 712 3061 meus
738 3010 795 3062 et
823 3021 1038 3077 agnus,
1071 3006 1237 3065 idem
1281 3006 1562 3063 sacerdos
1619 3022 1691 3063 ac
1719 3007 1979 3075 victima,
2030 3007 2192 3065 idem

1875 297 2141 357 NlCETxE
2180 297 2531 356 CHONIATE

1364 437 1376 475 :
1425 434 1622 492 neque
1660 419 1801 476 item
1834 420 2102 479 oblatam
2146 438 2179 476 a

2966 382 2979 403 κ

2308 424 2594 493 ζωαρχικὸν
2633 439 2687 472 τε
2741 423 2831 471 καὶ
2887 420 3019 472 θεῖον
3059 426 3268 491 Πνεῦμα
3302 436 3312 446 ·

3806 294 3975 349 184-

3378 420 3494 470 οὔτε
3532 413 3592 469 δὲ
3630 420 3723 475 την
3771 416 3973 491 παρ’

2290 513 2436 584 ἡμῶν
2501 509 2809 582 τελουμένην
2892 508 3144 570 ζωοποιόν
3231 509 3414 560 θυσίαν
3487 509 3967 580 προσαγομένην

2290 602 2405 655 κατ’
2457 600 2609 653 αὐτὸν
2656 608 2728 669 τῷ
2778 602 2971 672 Πατρὶ,
3039 599 3065 651 6
3133 599 3251 659 Υἱὸς
3295 602 3385 650 καὶ
3440 599 3499 650 τὸ
3556 603 3773 669 Πνεῦμα
3874 594 3965 647 οὗ

2294 686 2825 764 συμπροσὸἳχονται.
2894 687 2954 742 Εἰ
3006 695 3130 759 γοῦν
3173 692 3264 739 καὶ
3314 690 3449 739 οὕτω
3505 689 3571 737 τὰ
3633 689 3749 760 περὶ
3816 692 3963 744 τῆς

2291 778 2560 854 εἰρημένης
2588 784 2798 853 πρώτης
2856 784 3208 851 προσαγωγῆς
3263 775 3561 847 πολλαχῶς,
3599 776 3667 836 ὡς
3727 770 3969 831 δεδή-

2291 868 2473 940 λωται,
2504 872 2819 940 γέγραπται,
2871 864 2979 919 ἀλλ’
3045 865 3174 938 ουχὶ
3219 869 3311 919 καὶ
3362 866 3728 925 ὑποπατικῶς
3792 862 3957 915 αὖ·

2293 961 2403 1026 τὸν,
2480 960 2547 1018 ὡς
2585 961 2676 1008 καὶ
2743 956 2861 1007 καθ’
2919 955 3109 1014 ἑαυτὴν
3155 962 3261 1015 τῆς·
3302 956 3438 1014 θείας
3486 955 3876 1028 προσαγούσῃ
3898 972 3962 1016 ς,

2294 1048 2498 1117 φύσεως
2554 1046 2689 1097 κατὰ
2733 1048 2829 1102 τὴν
2879 1042 3046 1095 αὐτῶν
3103 1038 3370 1116 ληρωδίαν
3408 1047 3769 1116 προσαγαγεῖν
3847 1048 3960 1111 τῷ

2296 1138 2466 1208 Πατρὶ
2524 1137 2620 1191 τὴν
2687 1137 2944 1206 σωτήριον
3002 1133 3196 1189 εκείνην
3252 1138 3345 1183 τοῦ
3413 1133 3662 1205 ἡμετέρου
3716 1133 3961 1201 γένους

2299 1225 2508 1293 θυσίαν,
2576 1224 2705 1275 ὅπου
2765 1217 2959 1280 δήποτε
3012 1229 3102 1281 τῆς
3165 1222 3501 1274 θεοπνεύστου
3548 1226 3758 1293 Γραφῆς
3810 1238 3956 1271 πα-

2295 1307 2652 1386 ραδεδομένην
2706 1309 2909 1385 ἐφεύροι
2952 1329 3056 1380 τις,
3108 1305 3224 1362 οὐδ’
3278 1311 3359 1361 ὅτι
3397 1313 3468 1381 μῆ
3524 1311 3718 1366 ταύτην
3759 1326 3957 1380 συμ-

2298 1396 2651 1475 προσεδέξατο
2672 1402 2758 1451 καὶ
2787 1400 2813 1451 6
2853 1401 2969 1460 Υἱὸς
2999 1403 3089 1450 καὶ
3126 1401 3185 1450 τὸ
3213 1404 3424 1471 Πνεῦμα
3459 1401 3516 1450 τὸ
3538 1397 3701 1469 ἅγιον.

2367 1487 2479 1542 Ἰνα
2544 1484 2605 1541 δε
2650 1492 2741 1540 καὶ
2787 1492 3035 1562 χρήσεων
3095 1495 3361 1560 γραφικῶν
3414 1490 3672 1558 φανότατα
3706 1486 3773 1537 τὸ
3819 1491 3952 1537 τοῦ

2301 1574 2563 1651 δόγματος
2635 1575 2817 1638 ἀληθὲς
2876 1581 3331 1651 παραστήσαιμεν,
3389 1577 3484 1648 οἶγε
3538 1580 3628 1628 καὶ
3697 1577 3957 1649 μάρτυ-

2299 1687 2385 1741 ρες
2445 1666 2569 1741 παρ’
2640 1667 2786 1739 ἡμῶν
2852 1667 3271 1741 παραγέσθωσαν
3324 1662 3728 1739 ἀπαράγραπτοι
3794 1665 3952 1717 θεο-

2301 1761 2449 1831 φόροι
2490 1759 2735 1828 Πατέρες,
2788 1756 2839 1807 οὶ
2902 1758 2994 1807 καὶ
3038 1754 3211 1829 ῥητῶς
3258 1750 3366 1811 ἤδη
3424 1755 3495 1805 τὰ
3548 1757 3666 1827 περὶ
3709 1755 3946 1806 τούτου

2303 1842 2791 1921 διατρανὼσαντες·
2853 1847 2945 1895 καὶ
2999 1851 3198 1918 πρῶτον
3238 1844 3264 1894 6
3318 1841 3481 1904 πολὺς
3528 1844 3596 1894 τὰ
3653 1842 3768 1894 θεῖα
3820 1844 3947 1893 καὶ

2305 1940 2469 2008 μέγας
2509 1933 2796 2004 Βασίλειος,
2839 1953 2898 1986 ου
2954 1937 3042 1985 καὶ
3097 1936 3192 1990 τὴν
3233 1938 3400 2004 φωνην
3432 1935 3499 1995 ὡς
3556 1937 3689 1985 Θεοῦ
3727 1935 3944 2002 φωνὴν

2302 2028 2594 2096 κατέχομεν
2659 2024 2901 2097 ἄντικρυς
2965 2020 3015 2073 ἐν
3088 2028 3204 2084 ταῖς
3259 2029 3352 2081 τῆς
3419 2020 3545 2095 παρ’
3600 2019 3762 2072 αὐτοῦ
3836 2018 3946 2070 ἐκ·

2303 2115 2538 2173 τεθείσης
2576 2115 2960 2184 Μυσταγωγίας
3017 2110 3225 2183 εὐχαῖς,
3284 2112 3420 2163 οὕτω
3456 2112 3667 2184 γράφων
3698 2116 3943 2179 σαφῶς,

2307 2203 2464 2261 ἡνίκα
2500 2204 2627 2277 πρὸς
2682 2204 2768 2253 τὸν
2816 2207 3032 2274 Σωτῆρα
3086 2203 3316 2272 Χριστὸν
3387 2197 3622 2271 ἀναφέρει
3671 2199 3760 2249 τὸν
3836 2195 3947 2248 λό-

2307 2311 2395 2363 γον
2429 2312 2442 2324 ·
2478 2291 2728 2352 Ἀξίωσον
2755 2289 2843 2342 ὑπ’
2888 2287 3013 2360 ἐμοῦ
3060 2295 3149 2340 τοῦ
3200 2286 3513 2361 ἀμαρτωλοῦ
3554 2290 3643 2338 καὶ
3692 2283 3950 2347 ἀναξίου

2310 2376 2503 2433 δούλου
2560 2399 2654 2431 σου
2693 2378 3111 2452 προσενεχθῆναι
3170 2396 3254 2429 σοι
3309 2379 3376 2429 τά
3414 2373 3563 2449 δῶρα
3611 2374 3804 2429 ταῦτα.
3849 2378 3948 2426 Σὺ

2306 2471 2408 2543 γὰρ
2462 2469 2511 2521 εἴ
2550 2471 2575 2519 6
2614 2470 2938 2542 προσφέρων,
2984 2470 3074 2517 καὶ
3113 2469 3567 2540 προσφερόμενος,
3603 2468 3694 2516 καὶ
3740 2482 3949 2536 προσ-

2310 2556 2613 2632 δεχόμενος,
2652 2562 2743 2611 καὶ
2792 2552 3182 2629 διαδιδόμενος,
3236 2557 3435 2629 Χριστε
3472 2556 3499 2606 6
3548 2554 3678 2614 Θεὸς
3714 2554 3887 2625 ἡμῶν
3920 2569 3937 2583 ·

2306 2650 2333 2702 ὅ
2364 2646 2507 2707 δῆτα
2553 2652 2642 2700 καὶ
2693 2648 2720 2699 6
2750 2652 2987 2722 χρυσοῦς
3042 2650 3136 2703 τήν
3174 2644 3418 2717 γλῶσσαν
3477 2643 3525 2696 έν
3559 2650 3671 2703 ταῖς
3718 2641 3944 2714 εὐχαῖς

2305 2745 2403 2800 τῆς
2460 2736 2584 2812 παρ’
2638 2734 2800 2788 αὐτοῦ
2862 2734 3156 2795 ἐπιτεθείσης
3200 2733 3566 2808 ἱεροτελεστίας
3620 2729 3935 2804 δεξάμονος

2305 2827 2400 2882 66x
2430 2825 2735 2885 ἠλλοίωσεν.
2788 2823 2941 2875 Ἀλλὰ
2995 2829 3086 2876 καὶ
3138 2824 3164 2875 6
3218 2822 3266 2875 έν
3313 2824 3548 2895 θαύμασι
3593 2819 3935 2896 περιϐόητος

2307 2921 2436 2978 θεῖος
2499 2919 2779 2991 Γρηγόριος
2843 2912 2891 2965 ἑν
2947 2920 3020 2983 τῷ
3078 2912 3203 2987 παρ’
3250 2911 3410 2964 αὐτοῦ
3459 2910 3711 2964 ἐπιτιθέντι
3764 2909 3934 2982 λὸγῴ

2304 3007 2378 3069 εἰς
2428 3008 2485 3060 τὸ
2543 3002 2874 3076 εὐαγγελικὸν
2911 3002 3091 3076 ῥητὸν,
3158 3004 3237 3068 τὸ,
3290 2996 3458 3062 Οὗτός
3514 3000 3654 3052 ἐστιν
3706 3000 3731 3051 6
3790 3002 3931 3060 Υἱός

536 3094 797 3151 offerens
829 3100 885 3153 et
906 3095 1165 3167 oblatus,
1187 3096 1351 3153 idem
1377 3096 1702 3153 immolans
1734 3104 1790 3154 et
1818 3097 2189 3169 immolatus,

2308 3116 2404 3171 μου
2462 3096 2488 3147 6
2557 3091 2845 3164 ἀγαπητὸς,
2895 3093 3031 3142 κατὰ
3084 3091 3231 3165 ῥῆμα
3282 3090 3417 3142 οὕτω
3469 3086 3697 3157 διεξιὼν,
3737 3082 3928 3148 Οὗτός

530 3184 696 3258 idem
724 3184 926 3242 hostia
950 3184 1144 3242 factus
1171 3185 1460 3258 idemque
1488 3186 1751 3243 hostiam
1772 3187 2092 3260 recipiens.

2306 3187 2447 3240 ἐστιν
2504 3185 2531 3236 6
2597 3184 2712 3242 Υὶός
2758 3200 2859 3253 μου
2916 3184 3006 3233 καὶ
3051 3178 3224 3252 ἀμνὸς,
3288 3179 3314 3231 6
3366 3178 3523 3239 αὐτὸς
3592 3178 3750 3250 ἱερεὺς
3814 3197 3925 3229 και

538 3274 738 3346 ἱερεῖον,
770 3274 797 3325 6
820 3274 978 3335 αὐτὸς
1007 3278 1309 3350 προσφέρων
1339 3278 1429 3326 καὶ
1458 3293 1890 3347 προσφερομενος,
1924 3277 1950 3328 6
1982 3275 2135 3337 αὐτὸς
2163 3276 2441 3352 ἱερουργῶν
2472 3276 2561 3325 καὶ
2602 3274 3045 3346 ἱερουργουμενος,
3079 3270 3104 3320 6
3145 3268 3296 3329 αὐτὸς
3332 3269 3493 3320 θυσία
3527 3270 3787 3340 γινόμενος
3818 3271 3926 3319 καὶ

550 3359 704 3420 αὐτὸς
726 3364 810 3413 τόν
832 3362 1017 3415 θυσίαν
1048 3359 1327 3435 δεχόμενος
1354 3362 1497 3433 (24).

612 3450 891 3507 Consona
925 3449 1021 3505 his
1047 3450 1326 3507 Ecclesia:
1359 3466 1604 3524 quoque
1638 3451 2190 3525 Hierosolymitanae

537 3536 777 3610 lampas
807 3537 1060 3611 Cyrillus
1088 3539 1150 3595 in
1188 3555 1259 3596 eo
1306 3555 1491 3612 quem
1538 3540 1614 3597 de
1652 3557 1910 3598 occursu
1953 3541 2193 3599 Domini

543 3626 783 3699 scripsit
835 3643 1148 3684 sermone:
1190 3628 1374 3697 ldem,
1403 3629 1619 3701 inquit,
1664 3635 1754 3687 est
1803 3631 2193 3702 sacriﬁcator,

541 3715 829 3789 idemque
850 3716 1108 3774 victimae
1130 3722 1418 3791 receptor.
1439 3721 1690 3791 Insuper
1715 3724 1773 3776 et
1801 3721 2104 3778 maximus
2126 3737 2197 3779 ac

543 3804 720 3862 divus
763 3806 1017 3879 Cyrillus
1064 3806 1441 3864 Alexandriae
1495 3807 1792 3865 luminare
1841 3809 1903 3866 in
1955 3827 2066 3867 suo
2121 3811 2197 3867 de

546 3896 806 3968 mystica
844 3912 1021 3953 coena
1045 3900 1101 3953 et
1127 3896 1351 3954 lotione
1384 3913 1683 3969 sermone,
1706 3898 1923 3956 diserte
1950 3901 2037 3956 sic
2066 3900 2149 3957 ait
2180 3918 2194 3956 :

550 3985 859 4056 Bibamus,
883 3992 993 4045 etc.
1018 4003 1203 4059 usque
1231 3987 1313 4045 ad
1337 3986 1413 4043 de
1440 3985 1767 4045 venerabili
1795 3988 2072 4046 Trinitate
2113 3990 2200 4063 (ut

551 4074 667 4131 col.
702 4075 850 4143 166).
872 4075 1038 4132 Idem
1063 4075 1124 4131 in
1146 4091 1257 4133 suo
1285 4077 1502 4148 pariter
1533 4079 1612 4134 ad
1649 4077 1889 4149 reginas
1922 4094 2201 4135 sermone

550 4163 886 4220 sacerdotio
913 4164 1127 4221 Christi
1159 4180 1320 4238 saepe
1360 4172 1861 4236 commemorato,
1895 4167 1978 4224 sic
1999 4183 2205 4241 prose-

2380 3448 2599 3525 Συνῳδὰ
2653 3452 2858 3511 τούτοις
2896 3453 2987 3502 καὶ
3037 3448 3064 3499 6
3116 3455 3212 3508 τῆς
3275 3444 3643 3520 Ἱεροσολύμων
3695 3444 3923 3504 Ἐκκλη-

2311 3548 2430 3605 σίας
2475 3541 2720 3614 λαμπτὴρ
2771 3537 3049 3611 ἐφθέγξατο
3127 3535 3373 3610 Κύριλλος
3426 3533 3474 3588 ἐν
3540 3542 3613 3606 τῷ
3680 3534 3758 3597 εἰς
3817 3539 3921 3593 τὴν

2312 3634 2448 3685 θείαν
2522 3630 2851 3687 ’Υπαπαντὴν
2933 3627 3200 3684 πονηθέντι
3272 3624 3395 3700 παρ’
3477 3626 3639 3677 αὑτοῦ
3700 3622 3841 3695 λόγῳ
3899 3639 3915 3653 ·

2310 3723 2475 3782 Αὐτὸς
2542 3720 2567 3771 6
2629 3720 2806 3786 θύτης,
2880 3716 3057 3785 εἰπὼν,
3126 3718 3217 3766 καὶ
3282 3713 3437 3775 αὐτὸς
3491 3715 3517 3765 6
3572 3716 3666 3771 τὴν
3718 3713 3918 3764 θυσίαν

2310 3807 2614 3883 δεχόμενος.
2673 3806 2787 3860 Ἔτι
2836 3802 2896 3860 δὲ
2943 3809 3034 3858 καὶ
3080 3806 3106 3856 6
3152 3806 3434 3877 πάμμεγας
3484 3807 3574 3855 καὶ
3637 3803 3917 3862 θεσπέσιος

2312 3897 2559 3971 Κύριλλος
2615 3898 2641 3948 6
2685 3904 2776 3955 τῆς
2816 3889 3192 3968 Ἀλεξανδρέων
3236 3896 3451 3966 φωστὴρ
3506 3891 3555 3944 ἑν
3593 3898 3666 3962 τῷ
3718 3889 3790 3953 εἰς
3818 3895 3916 3943 τὸν

2307 3992 2564 4063 μυστικὸν
2609 3983 2814 4039 δεῖπνον
2868 3990 2957 4038 καὶ
3006 3992 3235 4058 νιπτῆρα
3293 3983 3428 4056 λόγῳ
3475 3981 3656 4051 αὐτοῦ,
3688 3978 3916 4056 διαρρῆ-

2310 4075 2411 4136 ὃην
2449 4078 2610 4138 οὕτως
2663 4074 3073 4147 ἀποφαινόμενος
3105 4090 3118 4104 ⁸
3169 4078 3401 4145 Πίνωμεν
3458 4071 3620 4125 αὐτοῦ
3657 4073 3715 4123 τὸ
3775 4071 3917 4143 αἷμα

2309 4173 2441 4239 etc.,
2490 4180 2677 4237 usque
2723 4166 2801 4221 ad
2855 4167 3115 4238 παντίμου
3171 4158 3424 4235 Τριάδος.
3468 4159 3561 4223 Ὃς
3611 4164 3702 4212 καὶ
3742 4158 3790 4211 ἐν
3834 4166 3914 4230 τῷ

549 4251 803 4324 quitur:
854 4252 1279 4310 Animadverte
1335 4255 1670 4326 quomodo,
1729 4261 1845 4312 etc.
1895 4272 2081 4328 usque
2122 4257 2192 4313 ad

2311 4256 2379 4319 εἰς
2420 4258 2514 4318 τὰς
2546 4253 2873 4328 βασιλίσσας
2900 4252 3037 4325 λογῳ
3086 4251 3269 4316 αὐτοῦ,
3314 4249 3586 4323 πολλαχοῦ
3631 4256 3725 4311 τῆς
3773 4251 3916 4301 κατὰ

550 4341 708 4396 Deus
734 4340 915 4397 simul
944 4347 1001 4398 et
1024 4342 1208 4399 homo
1232 4344 1444 4411 (utcol.
1474 4347 1616 4416 167).
1646 4348 1938 4402 Praeterea
1960 4346 2202 4418 sapiens

549 4429 955 4486 Theodoretus
980 4431 1380 4504 apostolicum
1398 4432 1599 4489 locum
1620 4449 1912 4490 enarrans
1934 4434 2038 4491 ubi
2062 4434 2203 4492 dici-

551 4521 650 4575 tur
673 4536 686 4575 :
713 4520 828 4587 Qui
844 4535 959 4575 non
992 4519 1167 4577 habet
1197 4521 1598 4578 necessitatem
1617 4524 1882 4593 quotidie
1901 4524 2072 4592 prius
2088 4539 2202 4594 pro

552 4608 677 4664 suis
708 4608 941 4667 delictis
975 4609 1230 4665 hostiam
1260 4610 1499 4679 oﬁ‘erre,
1526 4610 1743 4667 deinde
1767 4626 1879 4680 pro
1902 4613 2201 4682 populi“.

551 4695 685 4753 haec
716 4696 913 4753 addit:
961 4697 1063 4753 Hic
1103 4702 1305 4754 autem
1355 4704 1661 4755 suummet
1697 4699 1913 4756 obtulit
1942 4717 2199 4774 corpus;

550 4785 717 4843 idem
743 4785 1028 4842 sacerdos
1059 4790 1116 4842 et
1136 4786 1378 4843 victima
1405 4803 1419 4853 ;
1453 4793 1511 4844 et
1546 4792 1849 4860 quatenus
1872 4792 2204 4858 Deus,cum

474 4864 480 4871 ’
552 4877 723 4931 Patre
752 4880 809 4931 et
839 4874 1058 4948 Spiritu
1085 4875 1318 4932 donum
1340 4876 1654 4949 recipiens.
1680 4879 1980 4935 Enarrans
2002 4885 2206 4937 autem

554 4965 909 5021 Davidicum
964 4968 1230 5021 textum:
1268 4966 1353 5019 Tu
1407 4981 1466 5022 es
1502 4968 1777 5023 sacerdos
1806 4969 1871 5024 in
1917 4976 2205 5027 aeternum

554 5055 879 5111 secundum
915 5053 1637 5112 ordinemMelchisedech
1657 5056 1724 5128 ³⁷,
1759 5057 2206 5132 sicinterpreta-

556 5145 681 5200 tur:
719 5144 1028 5201 Sacriﬁcat
1050 5159 1213 5200 nunc
1239 5157 1485 5217 quoque
1508 5144 1773 5202 Christus
1803 5146 1878 5203 de
1914 5147 2072 5204 Juda
2117 5165 2208 5206 se-

555 5231 828 5288 cundum
860 5247 1105 5289 carnem
1122 5236 1323 5303 natus,
1348 5232 1456 5289 etsi
1487 5232 1639 5289 nihil
1663 5233 1712 5290 is
1733 5233 2043 5305 offert,sed
2061 5236 2205 5295 offe-

629 5372 677 5407 ³⁸
698 5373 898 5429 Matth.
938 5389 1019 5442 ιιι,
1058 5376 1162 5442 17;
1196 5375 1283 5441 17,
1317 5378 1371 5431 5.
1448 5375 1496 5411 ³⁸
1527 5373 1704 5432 Hebr.
1730 5392 1828 5447 vn,
1855 5381 1946 5435 27.

629 5515 742 5587 (24)
774 5515 876 5588 Hic
926 5517 984 5574 S.
1045 5515 1309 5588 Gregorii
1362 5518 1794 5588 Thaumaturgi
1838 5519 2008 5578 locus
2055 5521 2208 5579 exci-

557 5585 731 5645 disse
762 5586 997 5645 videtur
1042 5603 1116 5646 ex
1157 5585 1319 5647 calce
1367 5589 1666 5649 sermonis
1711 5585 1794 5650 ab
1828 5606 1900 5650 eo
1945 5593 2086 5652 dicti
2127 5592 2204 5651 de

2311 4348 2542 4420 Χριστὸν
2625 4344 2909 4418 ἱερωσύνης
2989 4344 3330 4414 μεμνημένος,
3413 4339 3546 4392 οὕτω
3623 4335 3840 4401 διέξεισι
3894 4358 3910 4371 ·

2311 4432 2493 4507 ”Λθρει
2525 4429 2583 4487 δε
2613 4434 2751 4494 ὅπως
2777 4435 2910 4499 etc.,
2952 4444 3137 4502 usque
3177 4429 3261 4488 ad
3303 4430 3434 4502 ὁμοῦ
3483 4430 3609 4489 Θεὸς
3667 4430 3756 4479 καὶ
3815 4428 3911 4479 οἶν-

2314 4526 2537 4599 θρωποςο
2591 4520 2746 4575 Ἀλλὰ
2772 4524 2861 4573 καὶ
2891 4519 2918 4572 6
2968 4521 3127 4592 σοφὸς
3157 4514 3498 4593 Θεοδὼρητος
3526 4519 3585 4570 τὸ
3622 4514 3910 4570 ἀποστολι-

2311 4615 2401 4665 κόν
2429 4613 2587 4688 ῥητὸν
2635 4607 2980 4683 διηγούμενος
3035 4612 3093 4661 τό
3141 4608 3310 4681 λέγον,
3355 4606 3451 4670 Ὃς
3493 4606 3588 4659 66x
3626 4608 3737 4678 ἔχει
3784 4605 3908 4658 καθ’

2313 4705 2509 4775 ἡμέραν
2577 4699 2808 4772 ἀνάγκην
2854 4703 3102 4771 πρότερον
3166 4699 3293 4770 ὑπὲρ
3369 4703 3469 4748 τῶν
3525 4691 3673 4749 ἰδίων
3742 4693 3909 4769 ἁμαρ·

2313 4800 2436 4845 τιῶν
2523 4791 2709 4842 θυσίαν
2787 4787 3074 4863 ἀναφέρειν,
3154 4788 3333 4839 ἔπειτα
3411 4792 3513 4837 τῶν
3592 4790 3684 4837 τοῦ
3758 4781 3905 4851 λαοῦ,

2312 4879 2477 4941 οὕτως
2542 4878 2723 4950 ἐπάγει
2787 4898 2800 4912 ·
2853 4882 2955 4930 Καὶ
3009 4876 3191 4928 έκεῖνοι
3241 4877 3330 4947 μὲν
3394 4874 3545 4947 ἕτερα
3597 4872 3909 4948 προσέφερον

2319 4973 2543 5043 θύματα,
2593 4967 2740 5028 οὗτος
2785 4962 2846 5019 δε
2885 4965 3068 5019 ἑαυτοῦ
3117 4969 3472 5038 προσενήνοχε
3520 4970 3705 5035 σῶμα*
3756 4960 3910 5024 αὐτὸς

2317 5062 2474 5134 ἱερεὺς
2531 5061 2621 5109 καὶ
2698 5058 2876 5129 ἱερεῖον
2932 5057 3239 5127 γενόμενος·
3300 5058 3388 5106 καὶ
3454 5052 3520 5113 ὠς
3586 5053 3731 5122 Θεὸς,
3781 5053 3912 5123 μετὰ

2316 5150 2520 5224 Πατρός
2568 5150 2658 5200 καὶ
2707 5147 3006 5218 Πνεύματος
3059 5146 3119 5196 τὸ
3184 5138 3352 5216 δῶρον
3407 5137 3714 5213 δεχόμενος.
3766 5139 3909 5202 Ἐξη-

2316 5240 2563 5310 γούμενος
2622 5230 2685 5287 δέ
2741 5235 2830 5286 καὶ
2897 5234 2956 5286 τὸ
3017 5233 3292 5285 Δαυῐτικὸν
3365 5230 3546 5305 ῥητόν,
3605 5231 3665 5282 τὸ
3730 5230 3794 5280 Σὺ
3864 5226 3915 5282 εἶ

2022 5378 2068 5415 ³⁷
2109 5379 2263 5437 Psal.
2289 5394 2397 5447 cxx,
2427 5382 2479 5434 4.

2317 5518 2532 5579 Christi
2554 5514 2881 5590 baptismo,
2900 5513 3009 5572 ubi
3030 5513 3254 5587 optime
3291 5511 3425 5590 haec
3452 5510 3638 5590 verba
3664 5509 3905 5584 quidem

2311 5583 2917 5668 quadrantfminime
2942 5583 3150 5646 tamén
3171 5598 3336 5644 nunc
3359 5583 3661 5658 leguntur.
