4046 6310
58 332 59 343 ¹
132 332 237 387 185

1470 342 1689 399 THESA
1700 343 1815 402 URl
1868 345 1996 400 LIB.
2036 348 2215 403 XXIV.
3419 359 3519 417 186

125 456 300 527 ἱερεὺς
364 455 445 517 εἰς
511 459 603 508 τόν
648 456 808 509 αἰῶνα
872 461 1009 511 κατὰ
1058 463 1146 518 τὴν
1198 462 1343 524 τάξιν
1390 461 1746 535 Μελχισεδὲκ,

1868 471 2123 528 rentium
2155 477 2338 545 caput
2365 478 2472 531 est.
2521 478 2747 548 Corpus
2776 476 2935 533 enim
2982 494 3160 534 suum
3188 477 3518 534 Ecclesiam

122 550 241 617 περὶ
293 555 367 604 τᾶ
382 566 409 607 ς
463 545 587 598 καθ’
645 548 841 620 ἡμέραν
923 554 1195 622 γενομένης
1239 552 1607 625 ίεροτελεστίας
1674 555 1757 607 ού-

118 653 217 694 :»;
274 636 649 710 ἡρμήνευσεν·
715 635 984 712 Ἰερατεύει
1032 634 1092 691 δε
1138 645 1229 692 καὶ
1275 648 1363 693 νῦν
1412 643 1437 694 ό
1496 641 1550 705 ἐξ
1580 640 1759 697 Ἰούδα

1867 558 2148 631 appellat.
2174 563 2238 617 Et
2285 564 2579 621 sacrificat
2606 565 2852 638 quidem
2898 574 2963 622 ut
3015 567 3223 637 homo,
3253 567 3516 625 hostiam

1867 661 2011 703 vero
2042 649 2252 723 recipit
2279 657 2340 708 ut
2373 655 2548 709 Deus.

119 726 259 774 uti:
328 726 520 796 σάρκα
578 722 892 797 βλαστήσεις
951 731 1197 800 Χριστός,
1269 735 1443 784 καίτοι
1498 728 1664 804 μηδεν
1712 732 1871 794 αὐτὸς
1914 742 2242 813 προσφέρων,
2321 741 2449 795 ἀλλὰ
2520 753 2620 796 τῶν
2694 750 3088 821 προσφερόντων
3131 746 3323 819 κεφαλὴ
3378 766 3518 819 zon-

122 813 384 884 ,κατίζων
421 836 434 846 ·

122 907 552 977 προσφερόμενα
574 905 642 966 ὧς
670 909 813 966 Θεὸς.

186 998 396 1043 Ταῦτα
422 996 519 1065 μὲν
550 992 641 1045 οὖν
683 992 737 1045 ἐκ
790 993 984 1047 πολλῶν
1050 994 1199 1068 ὀλίγα
1252 1001 1397 1072 παρὰ
1450 1008 1550 1052 τῶν
1610 1002 1755 1053 θείων

121 1086 388 1154 Πκτέρων
465 1081 834 1155 ἑρανισάμενοι
888 1089 1018 1159 πρὸς
1084 1085 1271 1161 ἐναργῆ
1347 1096 1440 1151 τῆς
1518 1088 1758 1150 ἀληθείας

118 1173 508 1242 παράστασιν,
754 1178 994 1249 παρούσῃ
1063 1185 1232 1249 γραφῇ
1320 1176 1640 1252 ἐνετάξαμεν,
1698 1183 1757 1232 τὸ

116 1268 295 1329 nixo;
384 1269 485 1313 τοῦ
564 1260 719 1334 λόγου
804 1263 1149 1337 ἐκφεύγοντες.
1216 1264 1424 1330 Ἔξεστι
1508 1264 1568 1320 δὲ
1649 1276 1759 1330 τοίς

118 1346 492 1422 βουλομένοις
536 1350 844 1423 φιλοπονεῖν,
883 1358 972 1406 καὶ
1022 1354 1076 1417 ἐξ
1126 1354 1287 1408 ἄλλων
1339 1362 1537 1431 μυρίων
1592 1360 1757 1410 συνά-

118 1457 233 1508 γει-δ
284 1446 387 1491 τοῦ
449 1440 592 1493 θείου
637 1436 901 1513 δόγματος
961 1448 1053 1502 τὴν
1109 1441 1419 1516 ἁκρίϐείαν·
1484 1452 1594 1499 Τῶν
1669 1442 1756 1498 οὖν

124 1529 407 1602 ὃεογὸρων
468 1533 714 1602 Πατέρων
775 1535 932 1593 οὕτως
990 1525 1288 1608 ὁμοφρόνως
1352 1533 1628 1609 εἰρηκότων
1693 1537 1759 1587 τὰ

120 1622 245 1689 περὶ
306 1619 533 1685 τούτου,
573 1613 794 1677 εὔδηλον
858 1623 946 1686 ὡς,
996 1622 1223 1680 ὁπηνίκα
1270 1626 1360 1676 καὶ
1413 1624 1439 1676 ό
1495 1626 1756 1686 Δεσπότης

124 1710 377 1779 Χριστός
438 1706 623 1759 ἑαυτὸν
681 1704 934 1771 ἑκουσίως
1006 1711 1222 1785 ἱέρευσε,
1282 1716 1585 1786 προσήγαγε
1665 1715 1756 1785 μεν

123 1794 313 1847 ἑαυτὸν
365 1796 513 1848 κατὰ
564 1799 624 1848 τό
694 1794 1034 1872 ἀνθρώπινον,
1063 1802 1133 1862 ὡς
1192 1796 1251 1852 δι
1309 1803 1435 1861 Θεὸς
1476 1806 1566 1853 καὶ
1603 1801 1756 1861 αύτός

126 1887 352 1956 πανοίμοι
422 1892 496 1955 τῷ
552 1889 722 1960 Πατρὶ
759 1891 850 1939 καὶ
886 1890 1150 1961 Πνεύματι
1186 1892 1275 1948 τὴν
1347 1890 1533 1943 θυσίαν
1583 1888 1753 1944 ἀνεδε-
1788 1870 1834 1924 Β

124 1973 277 2034 ξατο.
341 1972 489 2025 Ἀλλ’
546 1972 593 2026 ἐν
648 1977 850 2038 τούτοις
901 1979 991 2048 μὶν
1047 1979 1111 2028 τὰ
1156 1985 1251 2039 τῆς
1298 1979 1588 2041 ὑποθέσεως
1621 1978 1752 2053 ἕφ⁹ᾔ

125 2068 222 2115 καὶ
276 2069 511 2136 πρώτως
552 2063 869 2137 συνήλθομεν
899 2079 916 2095 ⁸
966 2070 1056 2118 καὶ
1087 2068 1222 2119 οὕτω
1263 2064 1345 2119 δεῖ
1399 2074 1595 2141 φρονεῖν
1634 2073 1756 2131 τοὺς

122 2160 225 2215 τῆς
264 2151 597 2213 Ἐκκλησίας
648 2158 933 2228 τροφίμους
981 2157 1051 2217 ὡς
1102 2164 1198 2218 τῆς
1245 2153 1475 2232 Τριάὸος
1528 2177 1756 2231 προσκυ-

122 2244 316 2302 uti:
376 2246 473 2293 καὶ
524 2241 638 2293 κατ’
688 2240 866 2315 ἀρχὴν
914 2240 999 2296 ἐπὶ
1053 2250 1146 2295 τοῦ
1194 2251 1513 2298 Δεσποτικοῦ
1559 2248 1756 2310 πάθους

124 2334 214 2382 τόν
248 2330 598 2404 θεοίνθρωπον
639 2335 810 2402 Λόγον
871 2334 930 2384 τό
997 2338 1256 2408 σωτήριον
1322 2335 1463 2407 θῦμα
1538 2354 1755 2410 προσεν-

124 2428 297 2490 εγκεῖν
361 2427 443 2490 τῷ
500 2424 670 2494 Πατρί
730 2439 786 2473 τε
839 2425 929 2473 καὶ
980 2422 1148 2494 ἐαυτῷ
1226 2426 1292 2483 ὡς
1370 2431 1484 2496 Θεῷ
1539 2430 1628 2477 καὶ
1684 2433 1756 2495 τῷ

130 2514 418 2582 [lu-35sec:
444 2523 460 2538 '
491 2510 616 2584 παρ’
654 2510 724 2561 ὧν
769 2508 872 2562 κάκ
921 2518 1014 2563 τοῦ
1071 2516 1143 2585 μὴ
1200 2516 1341 2573 ὄντος
1389 2509 1456 2574 εἰς
1519 2517 1578 2566 τό
1626 2515 1755 2566 εἶναι

127 2600 405 2673 παρήχθη
474 2600 502 2650 ό
567 2600 834 2673 ἄνθρωπος
862 2615 874 2629 ⁸
947 2601 1020 2661 οἷς
1080 2605 1171 2654 καὶ
1247 2606 1600 2677 προσέπταισε
1659 2608 1754 2663 τὴν

129 2687 351 2747 ἐντολὴν
422 2687 663 2761 παραϐάς
695 2710 709 2721 ·
788 2690 866 2751 οἶς
938 2694 1029 2742 καὶ
1090 2686 1185 2742 διὰ
1238 2699 1330 2743 τοῦ
1404 2694 1600 2753 πάθους
1662 2699 1753 2745 τοῦ

132 2776 387 2851 Χρεστοῧ
443 2777 842 2851 καταλλάγημα·
893 2777 1022 2831 ἀλλὰ
1082 2784 1172 2832 καὶ
1212 2787 1301 2832 νῦν
1357 2782 1605 2844 ὡσαύτως
1661 2785 1754 2844 τὰς

129 2865 501 2940 ἀναιμάκτους
560 2868 743 2929 θυσίας
822 2875 885 2940 τῇ
960 2869 1238 2942 παντελείῳ
1300 2874 1390 2922 καὶ
1457 2870 1752 2941 τελειοποιῷ

128 2952 334 3030 Τριάδι
388 2958 778 3029 προσάγεσθαι,
822 2962 913 3010 καὶ
965 2961 1160 3017 ταύτην
1234 2961 1430 3022 ταύτας
1483 2979 1752 3035 προσαπο-

131 3041 431 3118 δέχεσθαι.

203 3137 363 3188 Ἐπεὶ
435 3129 499 3188 δι
573 3135 665 3188 οὐκ
705 3131 766 3195 ἦν
826 3144 919 3190 τοῦ
967 3135 1224 3211 βασιλέως
1284 3138 1637 3212 μεγαλονοίας,
1692 3138 1750 3193 ού

132 3230 239 3297 μὴν
289 3221 426 3278 οὐδε
462 3231 559 3286 τῆς
612 3225 734 3278 καθ’
784 3228 924 3298 ἡμᾶς
980 3224 1266 3301 ἁδελφικῆς
1319 3237 1589 3301 συμπνοῆς
1662 3233 1753 3283 καὶ
1790 3223 1831 3282 C

130 3317 413 3387 ὁμονοίας,
467 3316 529 3365 τὸ
583 3317 657 3387 μὴ
713 3318 805 3366 καὶ¹
858 3319 976 3376 τοὺς
1043 3322 1270 3391 σπορίας
1329 3325 1430 3369 τῶν
1506 3318 1752 3379 ζιζανίων

132 3404 374 3458 σπεῦσαι
428 3404 601 3456 πάντα
658 3408 848 3475 τρόπον
902 3403 1233 3479 ἐφευρεθῆναί
1270 3411 1361 3460 καὶ
1414 3405 1751 3479 ἕλεγχθῆναι,

130 3498 187 3547 τὸ
235 3493 442 3567 φαῦλον
501 3499 655 3545 τοῦτο
703 3497 795 3547 καὶ
847 3490 1146 3557 ἀκανδῶδες
1192 3499 1400 3571 σπέρμα
1426 3505 1500 3567 τῷ
1538 3499 1752 3573 καθαρῷ

130 3592 222 3646 τῆς
290 3580 566 3644 εὐσεϐείας
663 3588 794 3655 σίτῳ
881 3581 1350 3658 ἕγκαταμίξαντας,
1413 3589 1503 3638 καὶ
1580 3585 1753 3658 λόγοις

131 3671 446 3735 ἀλλοκότοις
533 3670 927 3747 ἐπιχειροῦντας
999 3674 1408 3736 κατασκευάζειν
1502 3676 1583 3728 ὅτι
1654 3683 1751 3738 τῆς

128 3766 436 3836 Χεστορίου
475 3760 680 3824 λύσσης
728 3759 844 3814 ἐστι
884 3762 1291 3839 παραπλήρωμα
1341 3765 1399 3817 τὸ
1470 3766 1613 3840 παρὰ
1654 3773 1752 3828 τῆς

134 3852 461 3919 Ἐκκλησίας
521 3845 812 3923 ὄρθοδόξως
879 3846 1347 3925 δογματιζόμενον,
1396 3854 1465 3915 ὡς
1525 3854 1593 3914 εἰς
1653 3850 1750 3908 δύο

132 3944 431 4016 Χριστούς,
488 3938 655 4013 βαϐαὶ
710 3947 802 4001 τῆς
854 3940 1138 4004 ἀπονοίαςῑ
1206 3941 1467 4015 οἰομένους
1522 3941 1749 3997 ἐντεῦθεν

131 4028 476 4107 διαιρεῖσθαι
505 4033 591 4082 τόν
631 4032 957 4105 θεάνθρωπον
999 4034 1209 4104 Κύριον,
1266 4030 1341 4105 ἐφ’
1400 4034 1477 4093 οἷς
1533 4034 1559 4085 ὁ
1597 4053 1750 4107 μονο-

129 4125 280 4190 γενὴς
320 4119 454 4182 Υἱός
510 4124 600 4172 καὶ
663 4124 835 4193 Λόγος
879 4127 972 4173 τοῦ
1021 4125 1146 4174 Θεοῦ
1192 4120 1318 4194 παρ’
1353 4123 1499 4195 ἡμῶν
1545 4141 1749 4195 καταγ-

129 4209 377 4279 γελλεταε
426 4212 739 4284 προσφέρειν
786 4212 877 4283 μὶν
942 4212 1007 4271 ὡς
1057 4210 1349 4286 ἄνθρωπος,
1381 4213 1451 4272 ὡς
1502 4207 1563 4264 δε
1620 4216 1748 4275 Θεὸς

132 4302 217 4351 καὶ
285 4294 723 4374 προσδεχεσθαι·
778 4294 965 4357 ἐδέησε
1027 4297 1205 4353 λοιπόν
1274 4296 1368 4352 διὰ
1440 4307 1609 4354 ταῦτα
1657 4304 1748 4354 καὶ

130 4389 272 4460 ὑμῶν
330 4395 432 4441 τοῦ
499 4387 618 4440 καθ’
672 4389 760 4441 ἕνα
814 4390 1094 4456 πυθέσθαι,
1161 4390 1297 4450 ὅπως
1355 4389 1572 4452 ἕκαστος
1636 4393 1749 4463 ἔχει

131 4482 248 4551 περὶ
277 4479 479 4531 τούτου
516 4482 862 4553 φρονήματος*
901 4482 988 4531 ναὶ
1036 4473 1105 4538 δὴ
1155 4482 1247 4533 καὶ
1301 4480 1496 4534 τούτων
1562 4480 1749 4533 ὀπόσοι

493 823 652 887 σῶμα
715 818 815 889 γὰρ
892 816 1075 869 ἑαυτοῦ
1150 824 1245 877 τὴν
1301 820 1617 879 Ἐκκλησίαν
1663 820 1855 875 καλεῖ·

1922 831 2012 878 καὶ
2074 827 2319 901 ἰερατεύει
2364 837 2455 906 μεν
2530 834 2598 897 ὠς
2673 836 2964 910 ἄνθρωπος,
3041 833 3258 908 δέχεται
3322 834 3383 889 δε
3454 839 3519 888 τὰ

1936 1008 2132 1066 Pauca
2159 1010 2288 1069 haec
2318 1013 2394 1070 de
2438 1014 2637 1070 multis
2680 1031 2753 1071 ex
2800 1014 2954 1071 divis
3001 1015 3271 1072 Patribus
3317 1016 3518 1074 decer-

1865 1104 2074 1171 pentes
2103 1086 2181 1157 ad
2212 1100 2547 1159 evidentem
2600 1104 2864 1161 veritatis
2914 1104 3513 1176 demonstrationem,

1863 1190 1926 1247 in
1971 1191 2131 1248 hunc
2161 1194 2662 1249 commentarium
2692 1193 3076 1263 inseruimus,
3116 1194 3517 1266 prolixitatem

1863 1281 2189 1338 verborum
2217 1283 2495 1339 vitantes.
2538 1283 2760 1340 Licebit
2801 1286 3009 1354 autem:
3045 1282 3363 1340 lucubrare
3410 1298 3517 1340 vo—

1862 1370 2142 1440 lentibus,
2176 1388 2248 1427 ex
2284 1372 2414 1429 aliis
2442 1388 2688 1446 quoque
2718 1373 3030 1445 permultis
3056 1372 3205 1429 locis
3238 1372 3516 1444 colligere

1865 1463 2019 1517 sacri
2049 1460 2352 1531 dogmatis
2381 1462 2944 1519 demonstrationes.
2975 1464 3120 1518 Cum
3150 1463 3329 1531 igitur
3355 1461 3519 1535 pleni

1867 1552 1984 1607 Deo
2016 1553 2214 1608 Patres
2246 1556 2370 1607 tam
2401 1551 2780 1608 concorditer
2806 1551 2881 1607 de
2920 1551 3035 1607 hac
3078 1567 3141 1607 re
3168 1550 3514 1624 loquantur,

1866 1638 2069 1712 palam
2098 1644 2190 1696 est
2218 1640 2385 1714 quod
2416 1657 2557 1697 cum
2588 1640 2856 1698 Christus
2890 1640 3177 1696 Dominus
3216 1654 3279 1695 se
3314 1640 3515 1712 ipsum

1862 1734 2077 1802 sponte
2108 1731 2399 1787 sacriﬁcio
2446 1731 2680 1795 obtulit,
2712 1735 3011 1804 quatenus
3041 1729 3290 1803 quidem
3330 1730 3518 1787 homo

1864 1824 2012 1885 erat,
2039 1836 2102 1877 se
2155 1820 2414 1886 obtulit;
2462 1824 2760 1892 quatenus
2806 1836 2949 1876 vero
2981 1823 3155 1889 Deus,
3185 1820 3318 1892 ipse
3364 1835 3517 1893 quo-

1863 1925 1983 1982 que
2012 1925 2151 1966 cum
2182 1911 2353 1966 Patre
2383 1914 2441 1967 et
2471 1909 2691 1982 Spiritu
2741 1910 3001 1965 hostiam
3053 1910 3293 1982 recepit.
3325 1913 3517 1982 Atque

1863 1998 1924 2055 in
1949 1999 2064 2055 hoc
2088 2000 2402 2072 proposita
2425 1998 2680 2072 quaestio
2710 2001 2976 2068 vertitur,
3009 1999 3182 2067 cuius
3213 2013 3397 2055 causa
3419 2013 3516 2054 su—

1861 2087 2096 2160 periore
2148 2104 2392 2161 quoque
2442 2093 2712 2161 tempore
2745 2088 3093 2159 congregati
3140 2086 3386 2143 fuimus.
3422 2086 3516 2145 Sic

1864 2181 2063 2234 autem
2095 2177 2346 2233 omnino
2375 2176 2615 2234 credere
2644 2180 2876 2249 oportet
2920 2176 3191 2233 Ecclesia
3235 2175 3515 2232 alumnos

1862 2269 1921 2323 et
1948 2266 2243 2323 Trinitatis
2270 2266 2529 2324 cultores
2562 2284 2576 2322 :
2615 2281 2836 2340 nempe
2865 2271 2925 2323 et
2946 2265 3089 2323 olim
3115 2265 3175 2323 in
3227 2265 3514 2323 Passione

1862 2354 2176 2413 Dominica
2222 2356 2485 2412 Verbum
2530 2355 3001 2429 theanthropum
3040 2354 3368 2412 salutarem
3396 2355 3512 2411 ho-

1863 2445 2040 2501 stiam
2062 2444 2408 2502 exhibuisse
2431 2449 2559 2501 tum
2585 2445 2759 2513 Patri,
2792 2448 2920 2503 tum
2972 2444 3087 2517 ipsi
3117 2443 3233 2500 sibi
3262 2444 3346 2500 uti
3394 2445 3514 2501 Deo

1861 2549 1973 2591 nec
2000 2549 2124 2591 non
2156 2534 2397 2604 Spiritui
2430 2552 2443 2590 :
2492 2550 2529 2591 a
2554 2533 2777 2608 quibus
2807 2550 2880 2591 ex
2909 2533 3095 2590 nihilo
3134 2532 3214 2591 ad
3256 2532 3513 2589 existen-

1862 2622 2011 2680 dum
2054 2623 2386 2697 productus
2441 2626 2535 2680 est
2572 2623 2795 2691 homo;
2825 2638 2980 2697 quos
3009 2624 3137 2695 ipse
3175 2625 3513 2691 transgres-

1864 2714 2033 2771 sione
2078 2730 2192 2771 sua
2238 2713 2516 2783 offendit;
2548 2713 2773 2787 quibus
2823 2712 3085 2785 denique
3138 2726 3248 2783 per
3301 2709 3514 2768 Christi

1860 2794 2210 2876 passionem
2255 2802 2673 2860 reconciliatus
2719 2801 2845 2858 fuit.
2883 2802 3006 2857 lmo
3052 2815 3217 2857 nunc
3266 2813 3512 2873 quoque

1860 2891 2203 2949 incruentas
2249 2891 2482 2949 hostias
2539 2890 2811 2948 creatrici
2863 2906 3065 2947 rerum
3125 2888 3399 2945 omnium
3454 2889 3513 2943 et

1860 2980 2107 3038 auctrici
2135 2980 2398 3038 Trinitati
2427 2995 2639 3052 reapse
2668 2978 2890 3048 offerri,
2918 2993 3145 3051 easque
3175 2978 3254 3033 ab
3296 2975 3512 3033 eadem

1857 3071 2063 3144 recipi.

1933 3160 2233 3227 Quoniam
2260 3175 2404 3216 vero
2432 3159 2561 3216 ﬁeri
2592 3172 2716 3215 non
2746 3161 2984 3231 poterat
3014 3155 3162 3229 quin
3191 3153 3510 3226 magnani-

1859 3264 1997 3306 mus
2024 3248 2373 3323 imperator,
2405 3249 2669 3321 itemque
2714 3250 2924 3303 nostra
2972 3260 3221 3302 concors
3278 3260 3349 3301 ac
3390 3243 3511 3299 fra-

1859 3343 2027 3396 terna
2083 3341 2343 3406 caterva,
2375 3337 2594 3395 horum
2656 3335 3016 3394 zizaniorum
3060 3339 3291 3392 satores
3344 3331 3512 3390 omni

1860 3426 2059 3483 studio
2085 3426 2363 3500 detegere
2391 3431 2572 3501 atque
2600 3441 2850 3499 arguere
2876 3429 3130 3494 curaret,
3159 3423 3263 3497 qui
3290 3436 3511 3495 nempe

1859 3516 2089 3574 malum
2115 3517 2233 3575 hoc
2276 3517 2715 3590 spinosumque
2753 3529 2961 3571 semen
2991 3512 3363 3572 orthodoxiaa
3393 3511 3513 3567 fru-

1858 3609 2065 3664 mento
2115 3605 2621 3679 immiscuerunt;
2681 3604 3084 3677 absurdisque
3133 3600 3510 3661 sermonibus

1859 3695 1994 3752 ausi
2024 3699 2164 3752 sunt
2201 3695 2418 3763 dicere,
2446 3695 2614 3769 quod
2669 3700 2900 3753 rectum
2957 3693 3229 3750 Ecclesia;
3284 3691 3512 3762 dogma

1858 3786 2221 3843 Nestorianse
2238 3786 2498 3843 vesaniae
2524 3785 3003 3842 additamentum
3034 3778 3142 3852 sit’;
3173 3781 3318 3854 quia
3343 3778 3511 3837 vide-

1857 3872 1994 3930 licet
2025 3878 2261 3947 putant,
2292 3873 2468 3948 quasi
2521 3873 2584 3929 in
2640 3872 2794 3928 duos
2825 3872 3091 3930 Christos
3149 3870 3313 3942 (hem
3341 3883 3511 3923 vesa-

1857 3961 2024 4019 niam
2053 3961 2091 4032 !)
2120 3963 2236 4019 isto
2264 3961 2451 4019 modo
2488 3959 2675 4017 dividi
2718 3960 3147 4031 theantropum
3172 3955 3507 4023 hominem,

1858 4049 2006 4106 dum
2032 4051 2376 4122 unigenitus
2402 4050 2579 4106 Filius
2608 4053 2667 4106 et
2693 4047 2953 4105 Verbum
2983 4046 3085 4103 Dei
3102 4060 3140 4102 a
3158 4043 3333 4101 nobis
3364 4042 3509 4100 dici-

1859 4143 1955 4197 tur
1983 4139 2195 4196 oﬂ‘erre
2234 4139 2480 4212 quidem
2509 4142 2575 4195 ut
2614 4139 2820 4205 homo,
2849 4136 3114 4209 recipere
3163 4150 3307 4191 vero
3354 4148 3507 4206 qua-

1857 4234 2032 4286 tenus
2080 4232 2276 4297 Deus;
2330 4229 2616 4302 quocirca
2660 4227 2890 4300 optavit
2930 4226 3278 4299 imperator,
3300 4228 3368 4280 ut
3392 4222 3510 4281 sin-

1857 4318 1982 4391 guli
2006 4323 2274 4377 vestrum
2321 4321 2676 4390 rogarentur
2717 4315 2794 4374 de
2847 4316 2961 4373 hac
3002 4331 3066 4371 re
3124 4312 3505 4380 sententiam,

1856 4423 2097 4466 necnon
2126 4408 2473 4482 quicunque
2494 4407 2677 4479 hujus
2718 4404 2960 4463 concilii
2988 4403 3307 4479 participes
3345 4404 3506 4470 sunt,

1857 4498 1906 4554 si
1936 4498 2122 4556 modo
2162 4499 2281 4555 sint
2308 4498 2539 4555 honore
2580 4496 2937 4554 diaconatus
2977 4492 3233 4568 praediti,
3261 4491 3509 4548 interro-

132 4574 220 4620 τοῦ
288 4565 558 4638 συλλόγου
610 4570 762 4643 μέρος
841 4567 1001 4639 ὄντες,
1049 4571 1140 4621 καὶ
1193 4566 1339 4621 οὗτοι
1365 4571 1423 4622 τὸ
1480 4572 1650 4643 τίμιον
1698 4569 1747 4624 ἓν

1863 4591 2092 4658 gentur.
2118 4590 2267 4645 Tum
2295 4587 2541 4661 quidem
2568 4602 2708 4643 cum
2750 4584 2962 4658 reliqui
2983 4565 3204 4641 omnes
3251 4580 3509 4638 honora-

136 4651 409 4717 διακόνοις
510 4655 960 4720 συνεξετάζόνται.
1030 4657 1188 4711 Ἀλλὰ
1271 4667 1372 4711 τῶν
1435 4661 1528 4731 μὲν
1584 4659 1747 4713 ἄλλων

136 4744 385 4800 ἁπάντων
425 4745 642 4820 ἐντίμων
685 4744 941 4802 διακόνων
980 4749 1097 4802 ὅσοι
1144 4756 1217 4822 τῷ
1271 4747 1524 4822 βασιλείῳ
1580 4754 1747 4823 τούτῳ

135 4841 224 4891 καὶ
256 4839 386 4911 ἱερῷ
418 4841 777 4911 παρίστανται
806 4836 1014 4911 βήματι
1058 4843 1159 4911 μιᾷ
1202 4836 1358 4911 ψυχῇ
1406 4842 1498 4892 καὶ
1542 4838 1744 4913 γλώττῃ

139 4928 578 4999 συμφρονούντων
624 4931 716 4980 καὶ
774 4926 1259 5000 συνομολογούντων
1314 4929 1383 4980 τὰ
1435 4923 1745 5001 δεδογμένα,

138 5015 163 5065 ό
198 5018 302 5067 τῶν
356 5013 657 5068 ἀποστόλων
711 5012 1038 5080 διδάσκαλος
1100 5022 1149 5070 Ν
1154 5019 1395 5091 ικηφόρος
1441 5018 1468 5069 ὀ
1524 5016 1747 5071 Βασιλά-

138 5123 227 5166 re;
256 5105 400 5175 ('25),
430 5104 625 5158 αὐτίκα
677 5104 793 5159 κατ’
838 5104 1014 5180 ἀρχὰς
1063 5114 1157 5167 τῆς
1213 5107 1359 5180 ἡμῶν
1410 5110 1747 5169 συνελεύσεως

142 5192 207 5254 εἰς
259 5199 428 5266 μέσον
492 5199 716 5273 τήμερον
768 5195 952 5249 ἑαυτὸν
1005 5193 1258 5268 ἐμϐαλὼν,
1297 5195 1458 5249 πολὺν
1511 5195 1745 5271 ἀρχῆθεν

146 5280 428 5341 ἐποιήσατο
472 5286 560 5337 τόν
621 5285 929 5359 κατάλογον,
980 5284 1028 5338 ἄν
1075 5287 1291 5360 ὑπηκόῳ
1345 5288 1550 5342 πάντων
1606 5288 1745 5360 ὑφη-

143 5374 437 5445 γησάμενος
474 5375 534 5426 τὸ
589 5378 860 5449 συμπεσὸν
1092 5377 1260 5430 αἴτιον
1309 5384 1405 5440 τῆς
1447 5380 1566 5451 περὶ
1623 5372 1747 5449 δόγ-

207 5548 327 5620 (25)
358 5548 645 5610 Basilacis
701 5552 889 5625 hujus
942 5553 1277 5629 ethopaaias
1298 5569 1405 5613 seu
1445 5553 1747 5614 declama~

146 5636 332 5699 tiones
354 5638 590 5717 aliquot
628 5641 822 5703 edidit
855 5644 975 5705 Leo
1009 5643 1261 5707 Allatius
1289 5646 1356 5705 in
1400 5645 1525 5707 suis
1550 5644 1747 5707 rheto-

1854 4676 2006 4735 biles
2017 4677 2273 4745 diaconi,
2296 4680 2593 4751 quotquot
2610 4676 2799 4748 regali
2817 4675 2957 4732 huic
2978 4688 3270 4745 sacroque
3291 4671 3509 4729 throno

1856 4771 2077 4835 astant,
2104 4783 2229 4824 uno
2257 4767 2463 4824 animo
2494 4784 2565 4823 ac
2602 4781 2747 4823 voce
2775 4765 3004 4837 dogma
3049 4764 3113 4820 id
3158 4761 3510 4820 conﬁteren-

1856 4861 1957 4914 tur
1981 4857 2154 4931 eique
2180 4857 2606 4927 consentirent,
2636 4855 2913 4913 Nicolaus
2943 4853 3235 4912 Basilaces
3257 4854 3506 4923 aposto-

1853 4945 2109 5005 licarum
2157 4947 2483 5004 lectionum
2525 4946 2835 5018 magister,
2870 4944 3069 5002 statim
3120 4940 3290 4997 initio
3317 4936 3509 4995 nostri

1856 5051 2234 5108 congressus,
2267 5039 2324 5093 et
2352 5036 2531 5093 hodie
2555 5036 2737 5093 etiam
2775 5036 2837 5092 in
2866 5033 3135 5091 medium
3167 5027 3504 5104 prosiliens,

1853 5124 2107 5197 longum
2136 5126 2247 5183 abs
2297 5125 2384 5183 rei
2423 5124 2591 5183 initio
2627 5125 2952 5183 verborum
2983 5121 3280 5178 ambitum
3306 5134 3501 5188 orsus,

1855 5217 2085 5274 cunctis
2128 5216 2513 5276 audientibus
2568 5217 2832 5274 rationes
2888 5211 3168 5287 exposuit
3244 5223 3507 5284 quarum

1855 5320 2042 5364 causa
2097 5305 2173 5363 de
2218 5305 2341 5364 hoc
2378 5305 2662 5377 dogmate
2718 5302 3034 5361 dubitabat
3070 5320 3083 5371 ;
3135 5300 3380 5358 omnino
3409 5299 3506 5356 his

1852 5409 1993 5467 quas
2027 5393 2174 5453 dixit
2199 5394 2571 5467 signiﬁcans,
2603 5408 2665 5450 se
2693 5391 3028 5466 principem
3079 5389 3213 5463 ejus
3269 5388 3507 5447 discidii

1851 5587 1989 5705 1"{urtn
2015 5570 2349 5702 Ρῶιόοτριὶει.
2398 5571 2574 5628 Manu
2631 5567 2886 5643 scriptas
2938 5581 3052 5638 ego
3099 5564 3225 5623 vidi
3266 5562 3329 5621 in
3365 5561 3502 5622 cod.

1898 5661 1937 5704 a
1966 5685 1981 5700 .
2157 5685 2171 5700 .

1898 5661 1981 5704 al.
2015 5661 2171 5702 ιουν.
