4046 6310
498 285 602 343 187

1829 284 2102 344 ΝΙΟΕΤιΕ
2149 283 2520 344 ΟΗΟΝΙΑΤᾹΞ

3788 288 3968 344 188

495 410 683 468 fuisse
716 427 729 466 :
768 410 1027 484 ideoque
1051 412 1112 468 id
1138 411 1365 482 dogma
1413 427 1449 468 a
1479 425 1541 468 se
1566 427 1796 470 novum
1845 411 2155 468 existima-
2183 459 2184 466 η

2295 429 2428 470 ,ατος
2491 411 2676 463 τούτου
2714 409 3027 483 ἀμφιϐολίας
3057 428 3070 442 ·
3115 416 3206 463 καὶ
3226 406 3320 463 διὰ
3380 412 3484 463 πάν
3509 430 3606 463 των
3685 411 3759 474 ἐξ
3843 407 3952 461 ὧν

500 503 650 571 tum,
678 515 928 573 prorsus
956 501 1114 560 nolle
1147 501 1486 558 admittere.

574 859 710 914 Jam
740 873 882 915 vero
932 875 1071 915 cum
1124 873 1236 915 nos
1285 857 1408 914 duo
1438 857 1794 930 patriarchae
1824 857 1885 913 in
1910 856 2026 912 hoc
2051 856 2162 912 do-

507 951 710 1017 gmate
730 949 1230 1017 consentiremus,
1253 962 1493 1004 necnon
1519 952 1575 1004 et
1593 963 1706 1003 nos
1727 945 2166 1028 archiepiscopi

507 1037 798 1107 Bulgariae
858 1043 915 1094 et
946 1038 1143 1111 Cypri,
1185 1037 1502 1110 cteterique
1545 1051 1758 1093 omnes
1810 1035 1870 1090 in
1925 1034 2164 1107 synodo

506 1126 775 1200 episcopi
827 1128 1178 1183 unanimem
1245 1126 1602 1183 sententiam
1657 1125 1898 1182 nemine
1949 1125 2168 1180 discre-

505 1220 689 1288 pante
723 1220 1086 1284 teneremus,
1118 1232 1363 1272 necesse
1392 1215 1502 1271 fuit
1530 1215 1712 1271 etiam
1743 1213 1995 1271 electum
2022 1213 2167 1268 civi-

508 1306 646 1363 tatis
692 1307 795 1363 Dei
853 1305 1179 1363 Antiochiae
1227 1321 1467 1376 magnae
1519 1305 1921 1378 patriarcham
1952 1303 2169 1362 Soteri-

513 1395 720 1465 chum,
744 1395 852 1467 qui
870 1395 1192 1452 nobiscum
1215 1394 1589 1464 considebat,
1603 1395 1912 1467 propriam
1937 1397 2170 1449 senten-

511 1484 657 1541 tiam
687 1499 924 1553 rogare.
972 1487 1120 1540 Tum
1155 1499 1321 1553 vero,
1347 1483 1515 1556 quod
1544 1483 1950 1556 quaerebatur,
1981 1480 2174 1538 mani-

510 1571 663 1628 feste
694 1576 1072 1645 compertum
1103 1577 1214 1628 est.
1256 1576 1309 1628 Is
1339 1573 1500 1629 enim
1545 1572 1731 1629 modo
1760 1576 2001 1644 tempus
2037 1587 2174 1644 pos-

517 1661 694 1718 cebat
745 1661 1169 1720 considerandi
1217 1667 1354 1719 ante
1385 1677 1768 1734 responsum,
1810 1661 1987 1734 quasi
2032 1675 2174 1718 vero

2265 495 2373 551 εἶπε
2426 495 2631 562 δεικνὺς
2688 500 2766 552 ὅτι
2826 508 3026 567 πρῶτος
3092 500 3244 560 αὐτὸς
3308 497 3392 552 ἐπὶ
3438 502 3602 572 τούτῳ
3664 501 3958 573 {cydani-

2263 607 2476 654 κτησεν,
2533 590 2601 651 ὡς
2633 590 2808 661 ἔφησε·
2869 597 2939 642 τῶ
2979 608 3061 641 τοι
3119 593 3208 642 καὶ
3264 587 3334 650 ὠς
3392 592 3689 662 καινοφανὶς
3750 589 3955 642 αὐτὸ

2265 676 2617 749 λογιζόμενος,
2688 677 2816 738 ὅλως
2889 685 3042 731 τοῦτο
3144 677 3238 730 οὐκ
3340 677 3487 737 ἤθελε
3557 675 3950 753 παραδέχε-

2270 767 2414 820 σθαι.

2341 857 2482 907 Ἐπεὶ
2541 850 2601 907 δὲ
2650 862 2749 906 τῶν
2809 851 2905 908 δύο
2974 863 3320 931 πατριαρχῶν
3379 856 3522 928 ἡμῶν
3591 857 3952 930 όμοφωνως

2269 940 2734 1016 γνωμοδοτοὺντων
2798 947 2865 997 τὰ
2923 947 3040 1021 περὶ
3106 948 3313 1016 τούτου,
3374 944 3502 999 ἀλλὰ
3565 950 3653 999 καὶ
3725 947 3951 1019 ὃμῶν

2271 1041 2371 1084 τῶν
2452 1030 2904 1104 ἀρχιεπισκόπων,
2962 1041 3056 1086 τοῦ
3120 1053 3174 1086 τε
3242 1033 3558 1110 Βουλγαρίας
3610 1039 3704 1087 καὶ
3805 1040 3950 1086 τοῦ

2275 1124 2508 1194 Κύπρου,
2534 1126 2625 1174 καὶ
2671 1130 2764 1183 τῆς
2825 1122 3010 1186 λοιπῆς
3051 1125 3196 1196 ἡμῶν
3247 1131 3346 1176 τῶν
3409 1121 3695 1197 ἀρχιερέων
3741 1125 3951 1196 ὁμη-

2273 1213 2472 1286 γύρεως
2512 1211 2584 1273 εἰς
2651 1216 2776 1284 μίαν
2831 1218 3042 1285 γνώμην
3112 1215 3526 1288 συνερχομένων,
3590 1217 3682 1266 καὶ
3743 1214 3950 1265 κατὰ

2277 1297 2443 1373 μηδέν
2494 1319 2547 1352 τι
2575 1305 2694 1374 περὶ
2741 1303 2924 1354 τὸύτου
2991 1299 3370 1376 διαφερομένων
3417 1305 3550 1378 πρὸς
3599 1301 3946 1368 ἀλλήλους,

2278 1386 2385 1443 ἔδει
2445 1393 2536 1442 καὶ
2591 1393 2678 1442 τὸν
2734 1389 3032 1462 ὑποψήφιον
3119 1393 3461 1468 πατριάρχην
3548 1391 3946 1452 Θεουπόλεως

2277 1479 2510 1553 μεγάλης
2571 1479 2895 1552 Ἀντιοχείας
2965 1485 3268 1556 Σωτήριχον
3316 1482 3381 1542 ὡς
3468 1478 3951 1554 συνεδριάξοντα

2279 1574 2370 1621 καὶ
2425 1576 2606 1622 τοῦτον
2668 1569 3007 1643 ἐρωτηθῆναι·
3083 1569 3304 1624 ἐνταῦθα
3341 1569 3532 1644 μᾶλλον
3618 1567 3676 1630 ἧν
3755 1567 3942 1624 ἰδεῖν

2278 1661 2335 1712 τὸ
2390 1659 2703 1732 ζητούμενον
2752 1660 3155 1735 εὕρισκόμενον·
3222 1667 3310 1712 νῦν
3375 1663 3466 1734 μὲν
3528 1662 3630 1736 γὰρ
3695 1663 3942 1734 καιρὸν

515 1753 684 1808 tanta
729 1751 1016 1824 temporis
1053 1751 1440 1823 intercapedo
1481 1755 1614 1822 post
1660 1751 1844 1822 hujus
1884 1750 2175 1806 adversus

2295 1747 2450 1811 ἱζήτει
2481 1745 2808 1819 διασκέψεως
2846 1752 2976 1823 πρὸς
3041 1748 3338 1824 ἀπόκρισιν,
3393 1751 3456 1811 ὡς
3509 1748 3569 1802 οὐ
3621 1752 3935 1802 τοσούτου

514 1839 814 1895 Christum
854 1840 1246 1913 blasphemia:
1275 1840 1531 1908 initium,
1563 1839 1678 1913 ipsi
1717 1840 1884 1898 haud
1911 1839 2178 1896 suffecis-

515 1931 604 1984 set
634 1929 714 1985 ad
745 1929 876 1987 sani
903 1930 1205 2001 dogmatis
1243 1931 1689 2002 cognitionem;
1747 1929 1932 1986 modo
1973 1933 2174 1986 autem

517 2016 637 2074 alia
666 2020 845 2091 atque
863 2019 980 2075 alia
1002 2035 1222 2092 parum
1248 2020 1362 2076 sibi
1383 2019 1720 2076 constantia
1743 2017 2172 2092 respondebat.

513 2108 666 2177 Ergo
697 2107 877 2165 hodie
905 2109 1308 2180 interrogatus
1338 2126 1375 2166 a
1399 2109 1601 2181 nobis,
1641 2113 1846 2164 utrum
1875 2107 2179 2164 existima-

512 2201 600 2254 ret
621 2197 815 2255 beatae
851 2199 1119 2256 Trinitati
1164 2198 1526 2256 sacriﬁcium
1569 2202 1627 2254 et
1655 2197 1798 2254 olim
1845 2197 2032 2253 fuisse
2075 2196 2181 2253 ob-

514 2285 706 2342 latum
750 2291 808 2344 et
832 2301 996 2343 nunc
1043 2289 1221 2345 etiam
1255 2288 1477 2353 oﬂ‘erri,
1530 2290 1597 2344 ut
1647 2285 1922 2359 superior
1975 2289 2182 2341 nostra

515 2374 839 2447 explicavit
862 2378 1080 2439 oratio,
1107 2392 1188 2433 an
1234 2377 1434 2449 potius
1465 2376 1580 2432 soli
1617 2375 1770 2433 Patri
1809 2375 1994 2431 fuisse
2018 2374 2183 2432 obla-

518 2466 696 2534 tum;
753 2480 950 2538 neque
1003 2465 1114 2522 soli
1151 2465 1307 2522 Patri
1358 2464 1674 2538 respondit
1718 2463 1937 2532 offerri,
1983 2479 2183 2536 neque

516 2568 643 2610 non
672 2554 804 2610 soli.
839 2555 1146 2612 Interdum
1186 2555 1265 2612 ad
1296 2554 1598 2612 absurdae
1633 2554 1957 2610 sententias
1986 2553 2182 2610 diver-

517 2642 684 2700 tebat
733 2663 750 2712 ;
831 2659 978 2702 nam
1055 2644 1368 2701 vocabulre
1442 2644 1676 2714 offerre,
1736 2642 2181 2716 hypostaticam

519 2730 666 2789 Filio
723 2732 984 2789 tribuere
1032 2733 1462 2806 proprietatem
1515 2732 1732 2800 aiebat,
1763 2733 1966 2788 nescio
1991 2723 2183 2788 'unde

520 2820 682 2878 hanc
707 2821 1049 2879 doctrinam
1094 2823 1450 2895 expiscatus.
1488 2821 1768 2894 Recipere
1801 2825 2026 2889 autem,
2075 2835 2182 2892 pa-

518 2913 703 2966 ternae
754 2927 1028 2983 persona
1085 2911 1395 2984 propriam
1452 2910 1791 2984 quamdam
1833 2909 2181 2967 afﬁrmabat

519 3015 650 3055 esse
713 2999 1086 3072 qualitatem,
1155 3016 1329 3073 aeque
1387 3017 1456 3056 ac
1508 2999 1753 3070 ingeniti
1799 2998 2176 3070 attributum,

2283 1844 2467 1911 καιροῦ
2521 1836 2574 1900 ἐξ
2623 1837 2685 1890 οὗ
2716 1840 3102 1915 παρεισεφθάρη
3156 1847 3308 1893 τοῦτο
3347 1841 3405 1892 τὸ
3447 1835 3722 1902 δυσσεϐῶς
3749 1841 3940 1891 κατὰ

2284 1934 2522 1999 Χριστοῦ
2597 1925 3066 2002 βλασφημούμενον
3113 1933 3182 2002 μὴ
3230 1928 3503 2003 ἀρκοῦντος
3566 1933 3655 1982 καὶ
3711 1930 3932 2001 τούτῳ

2285 2015 2354 2076 εἰς
2415 2013 2774 2075 διασκόπησιν
2817 2025 2909 2070 τοῦ
2947 2026 3044 2078 τῆς
3085 2019 3421 2090 ὑγιαινούσης
3478 2015 3639 2082 δόξης
3694 2023 3930 2094 φρονή-

2286 2123 2469 2178 ματος,
2492 2113 2582 2158 νῦν
2644 2103 2704 2159 δὲ
2732 2105 2842 2158 ἄλλ’
2900 2107 3028 2160 ἄττα
3055 2112 3144 2160 καὶ
3191 2108 3251 2160 οὔ
3297 2107 3650 2182 συμϐαίνοντα
3714 2107 3932 2160 ἑαυτοῦ

2288 2193 2618 2270 ἁπεκρίνατο.
2704 2195 3061 2271 Ἐρωτώμενος
3148 2194 3236 2249 οὖν
3325 2203 3414 2250 καὶ
3512 2195 3663 2258 αὐτὸς
3763 2196 3932 2272 παρ’

2289 2285 2432 2358 ἡμῶν
2489 2290 2731 2358 τήμερον,
2777 2290 2991 2363 πότερον
3056 2295 3118 2360 τῇ
3178 2290 3417 2364 μακαρίᾳ
3486 2283 3679 2362 Τριάδι
3755 2285 3937 2358 λέγει

2287 2378 2382 2432 τὴν
2447 2375 2635 2427 θυσιαν
2698 2377 3014 2448 προσῆχθαι
3087 2395 3141 2430 τε
3213 2381 3304 2430 καὶ
3370 2377 3762 2450 προσάγεσθαι,

2289 2464 2315 2515 6
2370 2462 2519 2535 λόγος
2577 2465 2778 2536 φθάσας
2840 2462 3182 2540 διετράνωσεν
3249 2465 3458 2534 ἄνωθεν,
3492 2466 3521 2526 ἦ
3585 2473 3657 2518 τῶ
3721 2469 3936 2540 Πατρὶ

2289 2557 2446 2626 μόνῳ,
2477 2555 2594 2606 οὔτε
2649 2558 2789 2626 μόνῳ
2828 2553 2965 2628 ἔλεγε
3005 2557 3172 2627 τούτῳ
3217 2555 3604 2631 προσάγεσθαι,
3655 2556 3778 2607 οὔτε
3853 2553 3928 2606 οὗ

2287 2645 2448 2714 μόνῳ.
2495 2645 2626 2695 rion":
2660 2639 2720 2695 δὲ
2772 2647 2862 2696 καὶ
2915 2643 2987 2706 εἰς
3027 2640 3334 2706 ἀλλοκότους
3366 2639 3524 2707 δόξας
3555 2645 3736 2697 ἔπιπτε
3774 2660 3788 2674 ·
3851 2645 3928 2695 τό

2287 2734 2378 2804 μὲν
2442 2734 2542 2808 ’γὰρ
2603 2733 2891 2805 προσάγειν
2952 2733 3312 2792 ὑποστατικὴν
3378 2731 3595 2806 ἀπένεμε
3654 2739 3728 2804 τῷ
3793 2733 3924 2802 Υίῷ

2289 2818 2558 2890 ἰδιότητα,
2624 2820 2718 2873 οὐκ
2794 2824 2945 2895 ἴσμεν
2997 2825 3192 2881 ταύτην
3247 2823 3401 2876 πόθεν
3454 2823 3656 2897 εὑρώνο
3717 2823 3780 2874 r6
3851 2806 3925 2874 δἃ

2285 2907 2691 2985 προσδέχεσθαι
2735 2918 2829 2973 τῆς
2876 2919 3134 2987 πατρικῆς
3176 2912 3514 2974 ὑποστάσεως
3542 2907 3684 2965 ἴδιόν
3709 2929 3764 2963 τι
3819 2930 3907 2963 κα

2283 3008 2437 3054 τοῦτο
2495 2999 2682 3053 ἐτίθετο
2747 3006 3021 3077 γνώρισμα
3082 3004 3212 3074 μετά
3275 3009 3366 3063 τῆς
3433 3000 3767 3074 ἆγεννησίας,
3841 3001 3916 3059 ἦν

3842 2377 3935 2436 ὣς

522 3089 688 3160 quod
718 3090 964 3146 unicum
995 3089 1298 3163 peculiare
1325 3090 1511 3146 Patris
1541 3105 1670 3144 esse
1701 3087 2055 3145 attributum
2077 3088 2179 3142 Ec-

2295 3087 2534 3148 ἱδιότητα
2563 3095 2717 3164 μόνον
2746 3097 2840 3143 τοῦ
2886 3094 3226 3165 προανάρχου
3277 3094 3478 3166 Πατρός
3524 3092 3555 3150 ἧ
3605 3088 3918 3149 Ἐκκλησία

524 3177 704 3234 clesia
743 3194 779 3235 a
808 3184 1005 3236 vetere
1035 3179 1350 3236 traditione
1399 3179 1646 3251 accepit.
1683 3177 1905 3234 Deinde
1947 3176 2180 3234 niteba-

524 3271 623 3323 tur
673 3283 787 3324 nos
830 3284 1076 3340 quoque
1117 3269 1179 3324 in
1225 3284 1403 3325 suam
1455 3267 1815 3324 sententiam
1865 3265 2181 3323 contrariis

530 3355 896 3427 syllogismis
945 3358 1306 3428 pertrahere.
1367 3356 1424 3412 Si
1476 3356 1659 3428 enim,
1689 3360 1756 3412 ut
1801 3356 1932 3427 ipse
1960 3355 2182 3426 aiebat,

525 3444 696 3500 haud
729 3446 1043 3518 proprium
1089 3450 1352 3518 paternae
1372 3461 1649 3518 personas
1699 3449 1856 3501 esset
1897 3445 2182 3516 recipere,

531 3533 637 3589 sed
669 3533 890 3590 divinae
911 3535 1132 3606 potius,
1155 3539 1221 3590 ut
1247 3551 1360 3591 nos
1383 3534 1663 3601 dicimus,
1686 3537 1940 3602 naturae,
1972 3532 2187 3589 absur-

528 3621 678 3678 dum
712 3623 862 3695 quid
891 3628 1358 3696 consequeretur
1389 3641 1402 3678 :
1436 3627 1594 3680 esset
1622 3622 1783 3678 enim
1809 3624 1964 3678 Deus
2003 3621 2189 3678 modo

528 3727 943 3787 nequaquam.
1012 3717 1140 3770 Non
1197 3713 1360 3771 enim
1391 3717 1478 3770 est
1521 3713 1889 3786 sempiterna
1937 3712 2188 3782 oblatio,

532 3802 638 3859 sed
661 3806 717 3859 et
743 3808 986 3876 sumpta
1014 3803 1392 3861 humanitate
1422 3803 1736 3876 posterior,
1758 3806 1816 3860 et
1843 3817 1940 3858 res
1993 3805 2191 3858 creata

533 3896 626 3948 est
658 3910 671 3948 :
699 3897 1142 3967 proptereaque
1191 3893 1453 3966 receptio
1507 3907 1752 3965 quoque
1805 3891 1866 3948 in
1923 3893 2194 3964 quodam

530 3984 822 4055 temporis
877 3985 1074 4058 spatio
1121 3987 1204 4040 ﬁt.
1238 3987 1374 4040 Haec
1423 3983 1526 4040 ille
1579 3982 1816 4049 aiebat;
1846 3982 2023 4056 quasi
2050 3996 2194 4038 vero

531 4086 647 4127 nos
679 4077 1080 4130 statueremus
1124 4074 1390 4146 recipere
1447 4073 1641 4130 instar
1691 4088 1822 4129 esse
1869 4071 2195 4143 cujusdam

533 4159 901 4217 deﬁnitionis
948 4167 1130 4234 atque
1172 4163 1422 4219 rationis
1450 4163 1600 4234 (sive
1629 4162 1926 4234 pertinere
1980 4160 2060 4217 ad
2105 4175 2196 4218 es-

534 4250 813 4321 sentiam)
843 4249 1470 4322 incomprehensibilis
1514 4254 1572 4307 et
1599 4248 2192 4322 supersubstantialjs

533 4336 805 4404 deitatis;
833 4343 890 4394 et
914 4354 1037 4395 non
1061 4339 1262 4410 potius
1285 4340 1444 4396 hanc
1472 4338 1904 4412 proprietatem
1929 4353 1966 4394 a
1990 4337 2197 4394 divina

533 4425 823 4496 dignitate
872 4442 1236 4485 arceremus.
1285 4431 1418 4484 Haec
1457 4427 1568 4484 fuit
1615 4426 1970 4484 Antiocheni
2025 4424 2197 4482 electi

535 4531 782 4572 summa
805 4517 1110 4588 orationis,
1143 4531 1221 4574 ne
1243 4516 1484 4587 singula
1509 4516 1588 4573 ab
1637 4531 1708 4573 eo
1746 4516 1908 4572 dicta
1954 4529 2196 4588 percur-

534 4608 753 4678 rentes,
789 4607 1013 4664 diutius
1031 4606 1198 4663 hunc
1226 4621 1569 4664 sermonem
1595 4606 2045 4677 protrahamus.

609 4695 725 4754 Sed
751 4697 912 4754 enim
944 4701 1083 4754 ante
1111 4712 1226 4755 nos
1255 4713 1468 4754 omnes
1507 4695 1984 4770 sapientissimus
2012 4699 2071 4754 et
2093 4711 2198 4753 au-

537 4793 712 4859 gusta
735 4786 1056 4861 prudentia
1082 4787 1319 4860 plenus,
1351 4791 1409 4844 et
1437 4802 1610 4860 aeque
1633 4802 1705 4843 ac
1736 4785 2021 4844 Salomon
2049 4785 2195 4843 divi-

535 4879 699 4936 nitus
740 4878 984 4936 doctam
1024 4881 1290 4936 mentem
1347 4892 1580 4949 gerens,
1631 4877 2085 4950 potentissimus
2139 4882 2198 4938 et

536 4971 782 5025 sanctus
800 4972 1005 5026 noster
1021 4968 1371 5041 imperator,
1389 4983 1514 5024 non
1535 4967 1882 5025 detrectavit
1901 4983 2092 5041 usque
2115 4969 2196 5026 ad

537 5057 883 5116 dialecticos
912 5073 1226 5115 sermones
1255 5073 1393 5114 cum
1427 5057 1776 5115 Sothericho
1807 5057 2192 5128 descendere,

535 5146 858 5220 verbisque
909 5147 1336 5204 adhortatoriis
1361 5146 1645 5203 eumdem
1687 5146 1796 5203 diu
1833 5147 2136 5206 nitebatur
2158 5165 2197 5206 a

539 5248 653 5293 sua
680 5237 976 5294 sententia
1003 5237 1336 5306 retrahere;
1365 5236 1736 5308 argumentis
1766 5237 1948 5296 etiam
1973 5253 2197 5310 urgens

536 5339 650 5398 pro
679 5339 790 5381 sua
806 5324 1071 5396 ingenita
1089 5325 1274 5398 regali
1302 5325 1569 5393 scientia,
1593 5331 1652 5382 et
1673 5326 1858 5384 modo
1878 5326 1999 5384 huc
2011 5328 2199 5385 modo

538 5412 678 5470 illuc
707 5413 1120 5472 adversarium
1175 5417 1460 5472 contortis
1505 5415 2034 5489 epichirematibus
2067 5432 2196 5473 ver—

541 5517 700 5560 sens.
717 5507 872 5561 Inter
888 5509 1105 5563 caetera
1127 5506 1492 5564 amanterilli
1511 5505 1574 5562 in
1589 5511 1858 5564 mentem
1872 5507 2200 5565 revocabat

542 5592 709 5651 Pauli
731 5594 920 5655 verba
947 5595 1029 5653 ad
1081 5595 1434 5667 Corinthios,
1471 5597 1538 5654 ut
1563 5595 1627 5653 id
1672 5596 1876 5669 ipsum
1919 5595 2199 5656 videlicet

2287 3179 2572 3254 παρέλαϐεν
2647 3178 2888 3233 ἔκπαλαιο
2960 3181 3088 3234 Εἶτα
3145 3178 3214 3240 δὴ
3273 3185 3362 3234 καὶ
3457 3180 3679 3234 ἐντεῦθεν
3755 3181 3917 3251 ἡμᾶς

2289 3272 2423 3346 πρὸς
2460 3273 2519 3322 τὸ
2574 3265 2762 3322 δοκοῦν
2811 3271 2948 3342 αὐτῷ
2987 3270 3450 3342 κατεσυλλογίςετο
3497 3285 3510 3300 ³
3570 3269 3614 3323 εἰ
3641 3271 3744 3344 γὰρ
3793 3273 3909 3342 μὴ,

2291 3361 2462 3420 καθὼς
2523 3359 2681 3420 αὐτός
2743 3379 2925 3433 φησιν,
2971 3357 3284 3413 ’ἰδιαίτατον
3343 3363 3418 3418 εἴη
3477 3365 3573 3420 τῆς
3635 3366 3917 3434 πατρικῆς

2293 3450 2636 3510 ὑποστάσεως
2681 3451 2741 3502 τὸ
2809 3446 3232 3523 προσδέχεσθαι,
3293 3449 3420 3502 ἀλλὰ
3474 3455 3565 3510 τῆς
3620 3449 3775 3515 θείας,
3835 3448 3918 3508 ὡς

2295 3541 2443 3612 ἡμεῖς
2495 3559 2678 3613 φαμεν,
2732 3539 2954 3612 φύσεως,
3004 3540 3195 3593 ἄτοπόν
3230 3558 3284 3591 τι
3329 3540 3478 3611 τάχα
3525 3534 3865 3610 συμϐήσεται
3893 3549 3909 3566 ⁸

2298 3631 2449 3682 ἔσται
2478 3628 2597 3681 καθ’
2637 3630 2776 3702 ἡμᾶς
2814 3631 2840 3681 6
2881 3632 3006 3691 Θεὸς
3042 3631 3165 3682 ποτὲ
3201 3631 3290 3702 μὲν
3331 3631 3482 3697 Θεὸς,
3521 3629 3644 3681 ποτέ
3683 3622 3742 3679 δέ
3797 3628 3865 3678 οὔ
3892 3647 3909 3660 ο

2299 3718 2358 3770 οὗ
2397 3719 2500 3792 γὰρ
2542 3714 2734 3790 ἀΐδιος,
2783 3723 2964 3792 φησὶν,
3035 3722 3382 3794 προσαγωγὴ,
3445 3715 3570 3770 ἀλλὰ
3619 3716 3750 3789 μετὰ
3804 3717 3908 3775 τὴν

2301 3805 2689 3882 ἐνανθρώπησιν
2732 3811 2824 3860 καὶ
2866 3811 3174 3880 γεγενημένη
3205 3824 3218 3838 ο
3263 3803 3358 3860 διὰ
3388 3803 3448 3859 δε
3510 3811 3660 3859 τοῦτο
3698 3805 3911 3866 πάντώς

2302 3897 2350 3948 ἓν
2376 3915 2479 3948 τινι
2503 3899 2680 3969 χρόνῳ
2728 3901 2817 3949 καὶ
2854 3899 2913 3949 τό
2942 3893 3364 3972 προσδέχεσθαι·
3406 3896 3579 3971 ὥσπερ
3620 3893 3681 3946 ἂν
3711 3893 3754 3947 εἰ
3804 3901 3908 3957 τῆς

2302 3983 2672 4043 ἀκαταλήπτου
2738 3990 2827 4038 καὶ
2888 3985 3202 4062 ὑπερουσίον
3285 3986 3530 4047 θεότητος
3585 3983 3701 4056 ὃρον
3785 3986 3907 4037 τινὰ

2301 4078 2391 4127 καὶ
2439 4073 2592 4147 λόγον
2635 4076 2782 4147 ἡμεῖς
2832 4078 2890 4127 τὸ
2959 4070 3380 4148 προσδέχεσθαιο
3431 4073 3712 4146 ἐτιθέμεθα,
3772 4071 3906 4126 ἀλλὰ

2301 4167 2373 4238 μὴ
2405 4172 2478 4235 τῷ
2548 4166 2700 4237 θεῐκῷ
2736 4167 2934 4223 ταύτην
2998 4163 3328 4238 ἀφοσιοῦντες
3394 4159 3520 4236 ἦμεν
3582 4160 3724 4215 τοῦτ’
3774 4161 3904 4216 αὖτό

2303 4251 2364 4306 δὲ
2413 4252 2690 4326 ἀξιώματι.
2734 4259 2914 4308 Ταῦτα
2960 4255 3050 4326 μὶν
3117 4254 3143 4305 6
3195 4252 3542 4326 Ἀντιοχείας,
3573 4250 3655 4304 ἶνα
3691 4254 3785 4324 μὴ,
3838 4254 3900 4303 τὸ

2301 4342 2414 4396 καθ’
2461 4343 2676 4396 ἕκαστον
2729 4351 2830 4396 τῶν
2880 4342 3005 4417 παρ’
3042 4343 3204 4396 αὐτοῦ
3262 4343 3547 4417 λεχθέντων
3599 4337 3896 4410 ἐπεξιόντες,

2302 4432 2388 4486 ἐπὶ
2408 4433 2536 4487 πολὺ
2567 4437 2653 4487 τόν
2691 4432 2840 4506 λόγον
2871 4432 3188 4508 ἓκτείνωμεν.

2373 4699 2458 4764 Ὠς
2489 4697 2550 4756 δὶ
2599 4702 2700 4777 πρὸ
2734 4701 2937 4756 πάντων
2962 4701 3110 4775 ἡμῶν
3139 4701 3165 4753 6
3209 4699 3366 4762 πολὺς
3402 4707 3464 4774 τῇ
3516 4701 3758 4775 φρονήσει
3806 4701 3896 4752 καὶ

2301 4793 2522 4866 γεραρὸς
2571 4799 2648 4863 τῷ
2687 4796 2838 4860 νοεῖν,
2871 4791 2896 4843 ὁ
2948 4787 3286 4844 θεοδίδακτον
3352 4792 3511 4852 ὄντως
3562 4791 3723 4862 φέρων
3763 4792 3894 4842 κατὰ

2302 4883 2390 4934 τὸν
2433 4880 2736 4954 Σολομῶντα
2779 4878 3035 4953 διάνοιαν,
3077 4882 3360 4955 κράτιστος
3408 4884 3500 4932 καὶ
3578 4877 3722 4950 ἆγιος
3753 4879 3892 4950 ἡμῶν

2305 4968 2572 5044 βασιλεὺς,
2612 4974 2702 5024 καὶ
2757 4968 2806 5033 ἐς
2857 4969 3036 5042 λόγους
3082 4969 3223 5042 αὐτῷ
3273 4968 3531 5023 συνελθεῖν
3564 4965 3893 5030 διαλεκτικῶς

2302 5060 2398 5113 οὐκ
2456 5059 2753 5128 ἀπώκνησε,
2801 5063 2892 5112 καὶ
2946 5060 3152 5136 ῥήμασι
3200 5061 3624 5133 παραινετηρίοις
3688 5057 3890 5127 ὑπαγα-

2301 5152 2490 5222 γέσθαι
2519 5145 2760 5203 σπεύδων
2790 5148 2947 5202 αὐτὸν
2984 5147 3043 5201 οὐ
3103 5144 3321 5215 διέλιπε,
3353 5151 3442 5200 καὶ
3498 5153 3607 5208 τοῖς
3666 5143 3890 5217 ἐλέγχοις

2305 5239 2509 5312 βάλλων
2563 5238 2834 5311 αὐτοφυῶς
2893 5239 2920 5290 ὁ
2974 5236 3305 5311 μεγαλοφυής
3361 5240 3452 5289 καὶ
3521 5233 3892 5309 ἓπιστημονάρ-

2303 5347 2415 5401 χης
2454 5326 2548 5382 οὐκ
2583 5326 2857 5403 ἐνάρκησε,
2895 5331 2987 5382 καὶ
3027 5333 3116 5380 νῦν
3158 5329 3248 5400 μιν
3287 5331 3459 5397 τοῦτο,
3501 5330 3590 5378 νῦν
3641 5320 3700 5377 δὶ
3735 5324 3886 5378 intra

2302 5425 2464 5471 ποιῶν
2519 5419 2904 5492 ἀγχιστρόφοις
2963 5416 3375 5492 ἐπιχειρήμασιν
3450 5414 3545 5468 οὐκ
3615 5412 3886 5486 ἀπέκαμεν·

2306 5507 2356 5560 ἐν
2428 5507 2508 5571 οἷς
2578 5509 2746 5563 ἐκεῖνα
2780 5507 3093 5584 παρακαλῶν
3167 5506 3322 5561 αὐτὸν
3409 5503 3886 5580 ἐφιλανθρωπευετο,

2305 5597 2440 5654 ἄττα
2494 5593 2671 5658 δήπου
2735 5601 2826 5654 καὶ
2902 5599 3193 5676 Κορινθίοις
3258 5593 3566 5650 ἐπιστέλλων
3630 5593 3657 5646 ὁ
3738 5595 3886 5668 μέγας
