4046 6310
465 291 558 344 191

1795 281 2055 338 NIClT/E
2084 283 2464 341 CHONIATE

3750 280 3918 334 192

452 411 569 468 hac
594 426 658 467 re
689 410 1144 484 dispiceremus,
1185 409 1402 469 deinde
1439 410 1502 464 in
1531 406 1650 463 alia
1676 406 1942 464 sessione
1970 422 2106 463 sen-

2237 409 2579 481 ιίτησαμένων
2623 407 3066 478 κατασκέψασθαι
3111 409 3357 479 πρότερον
3388 408 3506 477 περὶ
3535 407 3752 457 τούτου
3820 403 3914 454 τὸ

455 500 702 558 tentiam
729 501 988 575 quisque
1019 516 1200 559 suam
1232 500 1583 573 proferrent.

530 678 652 749 Ego
683 679 928 752 quidem
978 677 1690 751 Constantinopolitanus,
1725 691 1845 731 non
1892 674 2108 731 admit-

458 768 710 839 tendum
738 768 817 825 ad
843 768 1244 825 sacerdotium
1275 768 1371 825 aio
1401 768 1583 833 hunc,
1613 765 1755 838 quia
1778 765 1908 835 jam
1945 764 2110 820 bien-

455 857 558 914 nio
574 873 698 913 non
719 858 876 914 clam
901 873 1095 930 neque
1116 857 1179 913 in
1200 856 1456 928 angulis,
1481 855 1590 911 sed
1616 852 1930 911 manifeste
1951 858 2111 910 recto

456 947 728 1017 dogmati
778 948 1154 1017 contradicit,
1200 963 1385 1021 seque
1414 944 1727 1018 publicum
1756 959 1961 1015 pravae
2008 942 2112 999 do-

456 1034 657 1091 ctrinae
686 1035 983 1093 fautorem
1015 1034 1516 1107 defensoremque
1537 1031 1870 1104 proﬁtetur.

527 1128 648 1194 Ego
669 1124 1245 1198 Hierosolymitanus
1264 1124 1425 1180 idem
1443 1139 1660 1179 censeo
1682 1120 1849 1195 quod
1870 1119 2114 1176 sanctis-

457 1214 649 1269 simus
679 1214 964 1271 dominus
990 1230 1162 1270 meus
1186 1218 1243 1269 et
1263 1211 1663 1269 consacerdos
1699 1209 2115 1267 Constantino-

456 1302 758 1375 politanus
785 1303 859 1361 de
889 1304 1004 1360 hoc
1035 1303 1345 1376 proposito
1387 1301 1483 1375 pie
1523 1305 1581 1357 et
1637 1299 1971 1357 secundum
2014 1296 2115 1354 Dei

457 1391 831 1449 voluntatem
854 1393 1076 1449 statuit.

528 1485 648 1554 Ego
677 1482 965 1552 Bulgarus
995 1484 1090 1539 aio
1112 1482 1237 1540 ﬁeri
1266 1498 1392 1538 non
1411 1497 1594 1554 posse
1628 1483 1692 1537 ut
1715 1480 1813 1536 hic
1843 1476 2116 1535 sacerdo-

458 1570 608 1627 tium
638 1570 890 1627 retinere
933 1571 1183 1639 sinatur,
1214 1569 1358 1643 quia
1388 1574 1623 1626 tantum
1649 1572 1856 1624 contra
1884 1566 1984 1623 Dei
2015 1568 2113 1620 Ec-

459 1658 704 1715 clesiam
752 1659 1110 1716 scandalum
1158 1658 1485 1729 suscitavit,
1528 1663 1584 1714 et
1630 1656 1735 1731 qui
1771 1653 2114 1727 complures

2219 497 2534 572 τελεώτερον,
2574 501 2659 549 καὶ
2682 496 2731 549 ἐν
2779 496 2925 571 ἑτέρᾳ
2975 495 3270 550 συνελεύσει
3314 496 3374 547 τὸ
3425 490 3612 547 δοκοῦν
3650 492 3836 545 αὐτο
3850 494 3916 551 ῖς

2222 585 2612 658 ἀποφήνασθαι.

2293 675 2424 747 Ἐγὼ
2470 678 2560 747 μὲν
2614 676 2640 726 6
2696 672 3281 735 Κωνσταντινούπολεως
3335 667 3707 744 ἁπαράδεκτον
3790 670 3905 731 εἰς

2221 767 2504 838 ἱερωσύνην
2535 768 2715 817 τοῦτόν
2743 783 2876 838 φημι
2905 760 3055 833 εἶναι,
3096 766 3164 825 ὡς
3209 761 3294 816 ἐπὶ
3325 759 3421 815 δύο
3459 757 3567 820 ἤδη
3594 778 3909 835 χρονονς

2220 852 2278 905 ού
2309 856 2482 928 κρύφα
2511 851 2626 907 053’
2653 852 2701 906 ἐν
2739 857 2922 926 γωνίᾳ,
2970 852 3097 905 ἀλλὰ
3124 859 3348 927 φανερῶς
3377 852 3515 903 κατὰ
3543 858 3633 903 τοῦ
3662 850 3905 923 ὀρθοῦ

2219 941 2705 1018 παρρησιαζόμενον
2728 938 3011 1015 δόγματος,
3024 946 3113 995 καὶ
3131 946 3418 1015 συνήγορον
3441 944 3562 993 ὄντα
3583 938 3902 1012 λαμπρὸν

2222 1040 2313 1092 τῆς
2335 1030 2572 1095 ἀσεϐείας
2591 1037 2683 1086 καὶ
2710 1035 3011 1106 πρόμαχον.

2293 1125 2423 1193 Ἐγὼ
2482 1118 2541 1173 δὲ
2592 1123 2617 1173 6
2662 1120 3027 1195 Ἰεροσολύμων
3099 1119 3234 1173 αύτὰ
3293 1126 3461 1171 ταῦτα
3518 1121 3608 1170 καὶ
3666 1116 3902 1176 αὐτὸς

2222 1213 2537 1283 γνωματεύω
2589 1211 2719 1284 άπερ
2791 1212 2817 1262 6
2880 1209 3167 1282 ἁγιώτατος
3222 1208 3349 1282 ἐμοῦ
3417 1204 3676 1267 δεσπότης
3756 1210 3900 1258 καὶ

2224 1299 2620 1376 συλλειτουργός
2646 1302 2672 1352 6
2727 1298 3312 1360 Κωνσταντινουπόλεως
3358 1297 3444 1352 ἐπὶ
3490 1305 3551 1370 τῇ
3604 1316 3891 1369 τοιαυτῃ

2225 1391 2467 1442 ὑποθέσει
2499 1391 2783 1465 θεαρέστως
2810 1391 2943 1461 ἄγαν
2972 1392 3062 1442 καὶ
3092 1387 3311 1449 εὐσεϐῶς
3341 1388 3654 1459 ἀπεφήνατο.

2298 1478 2426 1550 Ἐγώ
2494 1475 2553 1531 δὲ
2609 1479 2634 1531 6
2692 1478 3011 1554 Βονλγαρίας
3068 1477 3197 1550 λέγω
3254 1474 3509 1530 ἀδύνατον
3570 1473 3705 1527 εἶναι
3797 1477 3889 1526 τὸ

2222 1564 2631 1642 παραδεχθῆναι
2703 1575 2881 1620 τοῦτον
2956 1570 3098 1638 ἔχειν
3174 1569 3477 1642 ἱερωσύνην,
3590 1565 3672 1617 ὅτι
3811 1582 3897 1615 τε

2222 1664 2456 1709 τοιοῦτον
2515 1653 2806 1711 σκάνδαλον
2871 1659 3006 1710 κατά
3060 1664 3151 1719 τῆς
3210 1655 3518 1715 Ἐκκλησίας
3574 1652 3885 1726 ἐξήγειρε,

456 1746 595 1802 huic
611 1762 743 1804 esse
771 1747 1029 1805 asseclas
1058 1752 1226 1821 puto,
1245 1747 1668 1819 nescimusque
1692 1750 1893 1802 utrum
1916 1743 1994 1801 ad
2014 1758 2111 1799 ve-

2237 1751 2313 1799 ιαὶ
2368 1748 2447 1800 ὅτι
2496 1751 2588 1799 καὶ
2637 1743 2882 1822 διάφοροι
2929 1748 3094 1818 τούτῳ
3142 1742 3290 1818 οἶμαι
3339 1743 3886 1811 συνηκολούθησαν,

454 1835 692 1894 ritatem
742 1836 972 1894 sincero
1015 1837 1243 1909 judicio
1271 1837 1567 1893 reversuri
1615 1833 1943 1909 aliquando
1973 1833 2108 1889 sint.

457 1924 631 1991 Quod
647 1926 694 1981 si
708 1926 884 1997 juxta
908 1925 1157 1984 effatum
1190 1926 1588 1997 Dominicum,
1618 1924 1847 1981 homini
1874 1922 1980 1996 qui
2004 1921 2113 1979 mi-

454 2013 689 2070 nimum
707 2015 972 2088 aliquem
990 2015 1216 2072 Christo
1234 2014 1578 2071 credentem
1595 2012 2110 2077 scandalizaverit,

456 2103 696 2177 expedit
725 2108 790 2161 ut
812 2104 1015 2178 lapide
1057 2105 1310 2162 molario
1335 2105 1397 2161 in
1428 2105 1558 2177 ejus
1588 2102 1810 2160 collum
1839 2101 2115 2158 immisso

455 2192 879 2265 pracipitetur,
905 2193 1043 2249 etin
1067 2193 1252 2250 maris
1277 2192 1748 2265 profunditatem
1771 2189 2112 2262 jaciatur“;

456 2280 562 2351 qui
590 2280 811 2338 multos
842 2281 1000 2338 circa
1028 2281 1258 2351 dogma
1278 2280 1720 2347 scandalizavit,
1744 2282 1989 2351 quantae
2010 2277 2119 2339 erit

460 2382 659 2440 poenae
681 2368 980 2426 obnoxius
1003 2370 1029 2425 ?
1050 2372 1298 2442 Insuper
1327 2384 1400 2425 ex
1423 2367 1673 2425 diversis
1693 2365 1909 2423 divinis
1940 2380 2118 2423 cano-

460 2455 641 2512 nibus
666 2457 807 2514 satis
837 2459 1244 2529 cognoscitur,
1274 2458 1437 2514 hunc
1467 2456 1545 2514 ad
1573 2455 1975 2514 sacerdotium
1999 2455 2115 2511 mi-

457 2545 623 2603 nime
646 2546 879 2605 admitti
899 2563 1098 2620 posse,
1122 2547 1247 2605 imo
1276 2545 1736 2620 deponendum.

531 2724 651 2798 Ego
676 2741 922 2799 quoque
961 2726 1211 2799 Cyprius
1237 2726 1357 2797 aio,
1395 2741 1493 2782 me
1522 2728 1730 2798 utpote
1758 2728 2113 2781 extraneum

464 2817 642 2871 antea
663 2814 913 2887 quidem
935 2831 1058 2872 non
1084 2815 1231 2872 satis
1252 2815 1604 2886 cognovisse
1620 2830 1773 2887 quas
1802 2813 1909 2870 iste
1931 2813 2115 2870 vomit

455 2903 870 2976 blasphemias
892 2906 1183 2962 adversus
1202 2910 1432 2962 rectum
1452 2904 1726 2962 Ecclesiae
1739 2902 2115 2974 dogma.Sed

454 2993 617 3050 enim
672 3009 747 3050 ex
795 2994 890 3051 his
932 3011 1069 3068 quas
1111 2995 1293 3052 hodie
1339 2995 1542 3068 ipsum
1580 2993 1786 3051 audivi
1816 2993 2113 3049 dicentem

2223 1842 2314 1889 καὶ
2360 1835 2640 1909 ἀγνοοῦμεν
2689 1835 2734 1888 εἰ
2787 1839 2918 1909 πρὸς
2975 1834 3216 1894 ἀλήθειαν
3269 1836 3397 1907 μετᾶ
3446 1833 3602 1908 ὀρθοῦ
3640 1836 3889 1907 φρονή-

2223 1945 2383 1998 ματος
2438 1930 2528 1979 καὶ
2577 1928 2691 1978 τότε
2754 1926 3237 1999 ἑπιπραφῆσονται
3269 1944 3282 1957 ·
3346 1927 3436 1976 καὶ
3501 1925 3639 1995 εἰπερ
3690 1922 3885 1974 κατὰ

2224 2035 2291 2068 τα
2338 2017 2579 2088 Κυριακὰ
2620 2014 2773 2086 λόγια
2816 2022 2889 2086 τῷ
2930 2014 3019 2067 ἕνα
3063 2015 3183 2068 τινὰ
3220 2021 3322 2065 τῶν
3360 2020 3559 2087 μικρῶν
3592 2006 3877 2063 σκανδα-

2223 2103 2432 2158 λίσαντι
2469 2124 2569 2157 των
2615 2107 2959 2158 πιστευόντων
3014 2102 3082 2164 εἰς
3141 2105 3228 2155 τὸν
3281 2103 3514 2175 Χριστὸν
3565 2102 3874 2174 συμφέρον

2227 2192 2367 2247 ἐστὶν
2407 2197 2489 2246 ἵνα
2552 2193 2697 2256 λίθος
2751 2192 3037 2266 μυλωνικὸς
3092 2191 3165 2254 εἰς
3219 2194 3307 2244 τὸν
3359 2189 3625 2267 τράχηλον
3663 2189 3872 2241 αὐτοῦ

2226 2284 2520 2357 κρεμασθῇ,
2591 2287 2682 2336 καὶ
2738 2282 2810 2345 εὶς
2877 2280 3042 2355 βυθὸν
3103 2279 3373 2341 θαλάσσης
3454 2277 3743 2354 ἁπορῥιφῇ,
3835 2279 3873 2331 ὁ

2225 2371 2441 2433 πολλοὺς
2499 2368 2858 2432 σκανδαλίσας
2904 2369 2988 2424 ἐπὶ
3044 2378 3118 2443 τῷ
3167 2366 3420 2443 δόγματι,
3478 2369 3633 2439 ὁποίᾳ
3679 2370 3871 2420 ἔσται

2225 2466 2456 2538 τιμωρίᾳ
2518 2458 2769 2522 ὑπόδικος
2818 2477 2832 2529 ;
2873 2459 3031 2513 Ἀλλὰ
3091 2464 3182 2513 καὶ
3241 2457 3297 2511 ἔκ
3359 2454 3622 2531 διαφόρων
3681 2457 3867 2508 θείων

2225 2555 2447 2605 κανόνων
2471 2554 2528 2604 τὸ
2555 2547 2919 2627 ἀπαράδεκτον
2947 2552 3079 2624 πρὸς
3111 2548 3394 2624 ἱερωσύνην
3419 2551 3509 2601 καὶ
3532 2548 3868 2620 καθῃρημέ-

2224 2661 2308 2695 νον
2333 2648 2513 2694 τοῦτον
2544 2636 2674 2693 εἶναί
2700 2636 3130 2712 διαγινώσκεται.

2298 2731 2453 2786 Ἀλλὰ
2499 2729 2642 2802 κάγὼ
2702 2732 2728 2784 ὁ
2803 2733 3016 2805 Κύπρου
3081 2732 3235 2783 τοῦτό
3293 2747 3450 2801 φημι,
3500 2728 3567 2788 ὡς
3617 2727 3684 2778 τὰ
3736 2728 3860 2798 μὲν

2225 2821 2355 2875 ἄλλα
2390 2827 2483 2874 τοῦ
2530 2817 2721 2895 ἀνδρὸς
2775 2816 3053 2893 ἀπόδημος
3091 2819 3180 2886 ὧν,
3221 2820 3280 2871 τὸ
3322 2820 3570 2892 πρότερον
3602 2814 3659 2869 ού
3701 2818 3858 2867 σύν-

2225 2907 2351 2964 οιδα
2415 2908 2644 2983 ἀκριϐῶς
2687 2911 2789 2963 ὅσα
2841 2913 2932 2963 καὶ
2992 2907 3383 2982 βλασφημῆσαι
3434 2905 3635 2978 λέγεται
3693 2907 3862 2957 κατὰ.

2223 3006 2317 3052 τοῦ
2381 2999 2540 3075 ὀρθοῦ
2604 2995 2864 3072 δόγματος
2923 3006 3017 3059 τῆς
3074 2997 3392 3058 Ἐκκλησίας
3422 3012 3436 3027 ⁸
3496 2993 3582 3067 ἀφ’
3634 2995 3701 3046 ὧν
3777 2990 3857 3047 δὲ

457 3085 594 3138 ante
624 3081 858 3153 regium
887 3088 943 3140 et
972 3083 1446 3141 ecclesiasticum
1476 3082 1781 3145 thronum.
1809 3096 1933 3138 non
1963 3096 2111 3153 pon-

2237 3092 2452 3163 τὴμερον
2479 3086 2690 3141 ἐνώπιον
2720 3096 2813 3141 τοῦ
2856 3084 3136 3159 βασιλικόν
3171 3091 3262 3139 καὶ
3295 3087 3554 3156 ἱερατικου
3587 3081 3855 3156 βήματος

456 3171 705 3228 tiﬁcatui
737 3173 1158 3230 tantummodo
1175 3190 1315 3229 cum
1331 3189 1578 3247 prorsus
1603 3173 1873 3245 ineptum
1881 3170 2112 3242 judico,

457 3275 669 3316 verum
696 3259 877 3317 etiam
911 3261 1213 3318 diaconali
1239 3261 1453 3332 gradu,
1481 3276 1663 3334 quem
1705 3260 1997 3317 hactenus
2030 3262 2116 3314 te-

457 3348 662 3405 nuisse
690 3349 939 3421 videtur,
980 3350 1320 3420 indignum,
1348 3352 1432 3407 ita
1460 3355 1525 3407 ut
1550 3367 1623 3407 ex
1655 3350 1771 3406 hoc
1800 3348 1982 3406 etiam
2012 3347 2116 3419 eji-

461 3437 712 3495 ciendus
750 3437 1048 3497 videatur.

531 3529 655 3597 Ego
687 3526 1063 3584 Caesariensis
1091 3527 1276 3598 hunc,
1307 3532 1513 3601 utpote
1541 3543 1700 3600 saepe
1744 3525 2117 3584 orthodoxiae

467 3615 876 3683 adversatum,
902 3617 980 3674 ad
1010 3616 1413 3674 sacerdotium
1440 3633 1568 3674 non
1596 3616 1868 3675 admitto.

534 3709 657 3778 Ego
688 3705 1022 3764 Corinthius
1046 3706 1249 3775 iudico
1268 3706 1431 3764 hunc
1473 3706 1643 3764 omni
1668 3704 2000 3764 sacerdotio
2025 3704 2120 3761 in-

460 3795 732 3869 dignum,
764 3800 971 3869 utpote
1011 3795 1412 3867 irreligiosum
1443 3801 1500 3853 et
1535 3794 1947 3869 blasphemias
1994 3809 2120 3851 non

464 3886 665 3943 solum
690 3890 891 3943 mente
920 3884 1243 3957 foventem,
1274 3902 1486 3943 verum
1526 3885 1706 3943 etiam
1746 3885 2117 3958 loquentem.

464 3976 754 4042 Quamvis
793 3975 956 4033 enim
995 3975 1112 4032 illis
1159 3991 1323 4033 nunc
1353 3976 1678 4033 anathema
1706 3973 1874 4045 dixit,
1905 3973 2120 4031 nihilo-

462 4065 665 4122 minus
686 4064 1021 4123 sacerdotio
1038 4069 1096 4122 et
1115 4064 1272 4122 clero
1288 4065 1624 4123 excluditur
1637 4066 1810 4138 juxta
1825 4079 2121 4136 magnum

461 4152 856 4210 Athanasium
880 4153 1351 4212 Alexandrinum
1371 4154 1434 4211 in
1457 4154 1721 4228 Epistola
1746 4153 1829 4210 ad
1858 4153 2121 4210 Ruﬁnia-

460 4256 613 4298 num
650 4240 1025 4313 episcopum,
1052 4242 1344 4317 juxtaque
1375 4244 1525 4300 alios
1562 4243 1800 4300 divinos
1829 4257 2118 4300 canones.

467 4334 630 4388 Certe
657 4330 951 4404 synodica
980 4332 1131 4389 sexti
1152 4333 1388 4391 concilii
1412 4331 1682 4390 deﬁnitio
1712 4333 1794 4389 ita
1813 4333 2035 4405 partim
2057 4346 2121 4387 se

460 4420 648 4478 habet
675 4435 696 4476 .’
727 4442 754 4472 ς
787 4420 885 4476 His
920 4420 1125 4493 itaque
1148 4437 1287 4477 cum
1326 4421 1494 4478 omni
1517 4421 1826 4494 diligentia
1849 4436 2115 4494 curaque

368 4548 373 4551 ι
467 4510 689 4567 eximia
747 4526 785 4567 a
829 4508 1008 4568 nobis
1048 4510 1408 4580 constitutis,
1444 4475 1767 4567 deﬁnimus
1795 4475 2038 4567 nemini
2052 4509 2122 4566 li-
2151 4475 2197 4531 Β

469 4615 600 4656 cere
650 4597 832 4655 aliam
883 4597 1068 4654 fidem
1114 4599 1381 4673 proferre
1425 4615 1533 4655 seu
1582 4598 1981 4669 conscribere,
2031 4598 2123 4656 vel

469 4702 855 4761 componere,
888 4696 1088 4761 neque
1127 4687 1290 4746 aliud
1318 4687 1667 4763 symbolum
1689 4702 1988 4761 exponere
2020 4691 2125 4744 aut

467 4777 685 4837 docere
708 4777 805 4834 vel
829 4776 1082 4835 tradere.
1110 4799 1139 4829 »
1171 4780 1241 4835 Et
1267 4777 1477 4853 paucis
1503 4777 1864 4851 interpositis
1895 4795 1909 4835 :
1963 4798 1987 4829 ε
2022 4774 2124 4834 Vel

468 4881 698 4925 novum
742 4865 1030 4940 loquendi
1057 4882 1270 4940 genus,
1303 4884 1408 4924 seu
1435 4867 1872 4925 vocabulorum
1913 4867 2121 4924 inven-

468 4954 695 5013 tionem
737 4955 1041 5025 invehere,
1087 4955 1166 5013 ad
1191 4956 1548 5027 dogmatum
1571 4973 1709 5030 quae
1735 4955 2121 5015 deﬁnivimus

472 5043 944 5106 subversionem.
1000 5043 1174 5110 Quod
1225 5044 1276 5101 si
1320 5044 1383 5100 id
1427 5043 1651 5102 faciant
1699 5045 1966 5118 episcopi
2020 5046 2124 5103 aut

468 5129 686 5202 clerici,
728 5133 1084 5206 episcopatu
1129 5137 1188 5191 et
1230 5132 1512 5193 clericatu
1550 5138 1813 5192 extorres
1850 5134 2001 5192 ﬁant
2030 5154 2046 5207 ;
2073 5134 2123 5192 si

549 5548 596 5587 ιο
619 5546 820 5609 Matth.
842 5550 997 5622 mn,
1016 5551 1070 5608 6.

2224 3173 2380 3231 τουδε
2436 3178 2781 3252 ἠκροασάμην
2849 3175 3087 3249 λέγοντος
3147 3177 3356 3244 τούτου,
3424 3173 3483 3227 ού
3539 3176 3690 3246 μόνον
3759 3172 3854 3234 εἰς

2226 3264 2625 3342 ἀρχιερωσύνην
2656 3261 3014 3341 ἀπαράδεκτον
3059 3261 3191 3317 εἶναι
3235 3263 3568 3316 παντάπασιν
3597 3258 3849 3332 ἀποφαί-

2224 3375 2380 3429 νομαι
2405 3355 2582 3424 αὐτὸν,
2616 3354 2744 3409 ἀλλὰ
2786 3359 2877 3408 καὶ
2919 3353 3079 3409 αύτου
3104 3372 3197 3406 του
3244 3348 3491 3405 διακόνου
3532 3348 3742 3424 βαθμου
3778 3349 3849 3401 ὃν

2228 3440 2375 3497 δοκεῖ
2401 3448 2527 3506 τέως
2559 3447 2722 3516 ἔχειν,
2739 3442 2946 3507 ἀνάξιος
2965 3443 3134 3500 πάντη
3159 3442 3500 3505 καθέστηκεν,
3526 3440 3595 3500 ὡς
3620 3436 3847 3512 ἀφαιρε-

2227 3538 2343 3588 τέου
2372 3539 2463 3587 καὶ
2486 3536 2673 3586 τούτου
2700 3534 3049 3606 τυγχάνοντος
3070 3529 3124 3594 ἐξ
3148 3530 3330 3584 αὐτου.

2300 3626 2431 3695 Ἐγὼ
2454 3620 2488 3676 δ
2492 3626 2513 3675 ἒ
2529 3624 2555 3676 6
2572 3626 2889 3696 Καισαρείας
2910 3624 2975 3682 ὡς
2994 3619 3242 3681 πολλάκις
3262 3620 3398 3672 κατὰ
3411 3626 3502 3678 τῆς
3521 3613 3846 3694 ὁρθοδοξίας

2231 3711 2382 3765 αὐτὸν
2412 3710 2663 3765 ἓνστάντα
2700 3710 2768 3772 εἰς
2808 3710 3089 3786 ἱερωσύνην
3114 3708 3174 3762 ού
3194 3703 3593 3781 παραδέχομαι.

2299 3800 2430 3873 Ἐγὼ
2487 3797 2547 3853 δε
2593 3802 2618 3853 6
2677 3801 2931 3875 Κορίνθου
2968 3802 3127 3876 κρίνω
3175 3817 3356 3851 τουτον
3385 3799 3559 3856 πάσης
3599 3797 3838 3869 ἱερωσύ-

2228 3910 2318 3952 νης
2347 3888 2574 3960 ἀνάξιον,
2623 3892 2687 3951 ὡς
2730 3888 2889 3948 ἀσεϐῆ
2940 3908 2995 3942 τε
3027 3892 3119 3941 καὶ
3155 3886 3448 3961 βλάσφημα
3499 3889 3844 3959 φρονήσαντα

2229 3984 2320 4033 καὶ
2356 3978 2656 4039 λαλήσαντα
2711 3993 2726 4009 ⁸
2781 3979 2825 4032 εἰ
2875 3980 2977 4055 γὰρ
3026 3982 3116 4031 καὶ
3166 3972 3451 4049 ἂναθέματι
3486 3995 3575 4028 νυν
3631 3974 3841 4027 καθυπ-

2230 4069 2427 4139 έϐαλεν,
2481 4067 2612 4121 ἀλλὰ
2665 4076 2759 4130 τῆς
2819 4070 3106 4142 ἱερωσύνης
3151 4070 3241 4121 καὶ
3294 4084 3383 4119 του
3436 4063 3629 4139 κλήρου
3683 4061 3841 4115 ἐκϐέ-

2232 4158 2437 4231 ϐληται,
2498 4160 2634 4212 κατὰ
2680 4160 2769 4210 τὸν
2841 4153 3229 4230 Ἀλεξανδρείας
3293 4158 3454 4229 μέγαν
3522 4153 3839 4207 Ἀθανάσιον

2230 4249 2360 4322 πρός
2432 4246 2778 4320 Ῥουφινιανόν
2856 4245 3142 4300 ἐπισκοπον
3200 4243 3502 4319 γράψαντα,
3560 4247 3650 4295 καὶ
3717 4240 3840 4295 καθ’

2232 4337 2436 4413 ἑτέρους
2502 4338 2669 4399 θείους
2727 4339 2946 4398 κανόνας
2994 4351 3006 4362 ·
3066 4336 3091 4388 ό
3134 4338 3224 4407 μέν
3270 4353 3352 4387 τοι
3406 4328 3685 4394 συνοδικός
3715 4334 3840 4406 ὄρος

2231 4434 2326 4489 τῆς
2373 4426 2529 4500 ἁγίας
2568 4427 2719 4487 ἕκτης
2779 4422 3005 4479 συνόδου
3044 4425 3201 4485 οὕτως
3257 4422 3306 4477 ἓν
3357 4427 3502 4497 μέρει
3563 4417 3786 4483 διέξεισι
3820 4438 3833 4451 ·

2231 4536 2262 4569 ι(
2326 4517 2533 4570 Τούτων
2606 4519 2778 4569 τοίνυν
2852 4516 2983 4587 μετὰ
3051 4516 3230 4576 πάσης
3296 4510 3565 4586 ἀκριϐείας
3624 4529 3680 4563 τε
3741 4513 3837 4563 καὶ

2232 4603 2503 4679 ἐμμελείας
2572 4606 2905 4677 πανταχόθεν
2979 4603 3101 4678 παρ’
3175 4605 3321 4676 ἡμῶν
3375 4599 3832 4669 διατυπωθέντων,

2232 4696 2471 4768 ὁρίζομεν
2532 4693 2706 4770 ἑτέραν
2784 4698 2966 4748 πίστιν
3042 4689 3232 4766 μηδενὶ
3286 4691 3470 4755 εξεῖναι
3532 4692 3828 4764 προφέρειν,

2231 4785 2393 4855 ἤγουν
2460 4784 2779 4858 συγγράφειν
2843 4783 2874 4842 ἣ
2944 4783 3239 4835 συντιθέναι
3296 4784 3474 4835 πίστιν
3535 4778 3731 4852 ἑτέραν,
3798 4778 3829 4836 ἦ

2230 4874 2568 4947 προκομίζειν
2613 4872 2643 4932 ἦ
2696 4867 2974 4925 διδάσκειν
3013 4871 3043 4931 ἦ
3098 4866 3458 4947 παραδιδόναι
3492 4869 3657 4944 ἕτερον
3692 4869 3832 4939 σύμ-

2231 4960 2399 5018 ϐολον.
2437 4984 2458 5011 ι
2497 4965 2600 5016 Καὶ
2648 4963 2777 5034 μετά
2827 4980 2945 5014 τινα
2974 4981 2988 4994 ·
3039 4978 3072 5014 ν
3116 4959 3187 5013 Ἦ
3225 4962 3561 5033 καινοφωνίαν
3606 4960 3724 5017 ἦτοι
3752 4956 3834 5009 λέ-

2233 5050 2353 5114 ξεων
2411 5049 2672 5126 ίφεύρεσιν
2745 5053 2872 5125 πρὸς
2936 5049 3231 5125 ἀνατροπὴν
3297 5049 3523 5123 εἰσάγειν
3578 5054 3678 5101 τῶν
3742 5066 3834 5099 νυν

2230 5145 2353 5216 παρ’
2409 5140 2555 5214 ἡμῶν
2622 5136 3011 5214 διορισθέντων,
3062 5138 3378 5200 ἐπισκόπους
3430 5141 3520 5211 μεν
3588 5141 3735 5196 ὄντας
3801 5136 3833 5194 ἦ

2231 5230 2529 5309 κληρικοὺς,
2574 5229 2876 5309 ἀλλοτρίους
2933 5229 3063 5285 εἶναι
3109 5239 3201 5292 τῆς
3260 5227 3548 5290 ἐπισκοπῆς
3606 5231 3696 5280 καὶ
3742 5244 3837 5278 του
