4046 6310
191 281 283 335 193
1507 276 1875 335 THESAURI‘
1903 280 2031 337 LIB.
2072 282 2252 337 XXIV.

182 403 374 476 κλήρου
404 418 418 432 '

184 495 322 545 σθαι.
356 512 391 543 ι»
422 494 609 564 Τούτῳ
642 492 1063 564 συμφθέγγονται
1104 495 1195 542 καὶ
1235 492 1263 542 ό
1291 497 1384 552 τῆς
1403 489 1453 543 ἐν
1493 495 1692 564 Νικαίᾳ
1737 495 1796 545 τὸ

180 579 424 656 δεύτερον
479 580 638 654 ἀγίας
694 576 925 634 συνόδου
981 582 1115 653 ὄρος,
1158 584 1249 633 καὶ
1278 580 1444 656 ἕτερος
1477 582 1669 654 θεσμός
1696 588 1797 634 τῶν

179 671 337 742 ἁγίων
367 675 464 723 καὶ
499 672 756 743 θεοφόρων
783 672 1044 743 Πατίρων.

244 760 386 831 Ἐγὼ
416 756 487 813 δε
512 761 540 811 ό
566 759 797 816 Ἀθηνῶν
828 757 925 830 ὀψέ
962 778 1095 831 φημι
1144 762 1234 810 καὶ
1263 758 1411 831 μόλις
1438 760 1800 832 μεταμαθόντα

178 849 329 902 αὐτόν
390 853 492 907 τὴν
565 846 807 901 ἀσέϐειαν
832 890 854 913 ,
926 851 1016 900 καὶ
1082 854 1251 900 ταῦτα
1314 846 1613 920 ὑποψήφιον
1675 852 1800 902 ὄντα

173 940 553 1014 πατριάρχην,
580 936 649 997 εἰς
688 939 971 1012 ἱερωσύνην
999 935 1092 988 οὐκ
1114 937 1179 988 ἄν
1233 954 1359 989 ποτε
1382 933 1789 1011 παραδίξωμαι·

371 1029 475 1079 xiv
552 1044 682 1087 τινες
746 1021 1145 1101 παραδέξωνται
1178 1069 1192 1092 ,
1258 1024 1439 1078 ἑαυτὸν
1504 1023 1560 1088 ἐξ
1630 1026 1797 1080 αὐτῶν

174 1115 585 1191 ἀπορρήγνυμι.

241 1208 388 1279 Ἐγὼ
407 1203 443 1258 δ
445 1206 512 1258 εὸ
537 1209 835 1279 Λαρίσσης,
861 1212 935 1276 τῷ
957 1204 1189 1263 Ἀθηνῶν
1214 1202 1260 1264 ἐς
1278 1205 1346 1257 τὰ
1369 1207 1545 1257 λοιπὸν
1568 1223 1801 1280 συμφρο-

167 1304 290 1361 νῶν,
315 1293 428 1347 ἀπὸ
468 1301 564 1355 τῆς
587 1300 680 1346 τοῦ
709 1292 937 1365 μεγάλου
975 1292 1164 1366 μᾶλλον
1192 1293 1506 1346 Ἀθανασίου
1525 1291 1800 1354 ἐπιστολῆς

167 1383 533 1458 ἀποκηρύττει)
597 1389 781 1436 τοῦτον
840 1388 934 1435 τοῦ
982 1384 1243 1457 ἱερατικοῦ
1308 1383 1501 1462 παντὸς
1562 1380 1800 1455 ἀξιώμα-

168 1493 257 1535 τος
265 1516 282 1530 .

240 1561 389 1633 Ἐγὼ
446 1556 512 1613 δὲ
544 1561 572 1612 ό
604 1556 1089 1635 Ἀδριανουπόλεως
1138 1566 1294 1613 τοῦτο
1359 1559 1491 1632 λέγω
1516 1604 1532 1631 ,
1567 1561 1648 1613 ὅτι
1665 1604 1681 1629 ,
1713 1558 1800 1613 ea»

173 1651 278 1704 ἀπὸ
310 1659 421 1702 τῶν
471 1652 624 1703 θείων
657 1653 748 1701 καὶ
786 1647 1063 1724 ἀχράντων
1116 1648 1497 1721 εὖαγγελιστῶν
1531 1691 1545 1716 ,
1577 1654 1668 1701 καὶ
1697 1657 1798 1701 τῶν

3457 291 3561 345 194

491 402 817 474 μονάζοντας
886 388 946 455 δε
1001 402 1032 461 ἢ
1098 399 1335 470 λαίκούς,
1365 444 1383 473 ,
1424 399 1796 474 ἀναθεματίζε-

1915 405 2190 463 monachi
2216 408 2318 462 aut
2346 405 2502 477 laici,
2526 408 2913 466 anathemate
2939 408 3247 468 feriantur.
3275 431 3304 460 »
3335 411 3562 467 Canoni

1904 493 2046 551 huic
2087 509 2357 553 consona
2400 496 2685 553 secundae
2741 512 2989 571 quoque
3042 498 3292 555 Nicaeum
3342 499 3561 571 synodi

1906 584 2197 653 deﬁnitio,
2222 589 2400 658 atque
2427 584 2556 642 aliae
2575 586 2758 643 etiam
2784 592 3134 644 sanctorum
3175 593 3355 661 atque
3380 604 3417 645 a
3440 591 3561 647 Deo

1906 672 2245 730 amatorum
2264 676 2505 731 Patrum
2526 676 2929 733 auctoritates.

1978 766 2102 834 Ego
2125 763 2507 820 Atheniensis
2537 763 2699 821 hunc
2724 764 2825 822 vix
2852 780 3109 838 seroque
3138 781 3176 822 a
3204 781 3316 824 sua
3354 766 3562 840 impie-

1905 855 2026 909 tate
2062 851 2463 924 recedentem,
2509 858 2568 909 et
2616 853 2865 925 quidem
2912 870 3054 911 cum
3090 854 3221 925 jam
3272 860 3431 912 esset
3458 872 3563 929 pa-

1906 940 2166 999 triarcha
2195 941 2436 1009 electus,
2463 941 2543 998 ad
2573 942 2975 1000 sacerdotium
2999 958 3315 1016 nunquam
3349 943 3563 1000 admit-

1906 1035 2055 1088 tam.
2105 1030 2257 1097 Quin
2305 1030 2352 1086 si
2403 1031 2510 1103 qui
2566 1046 2706 1089 eum
2763 1032 3137 1096 admiserint,
3192 1048 3289 1089 me
3334 1033 3415 1091 ab
3464 1033 3561 1093 his

1907 1135 2177 1191 segrego.

1978 1213 2099 1279 Ego
2183 1209 2508 1267 Larissaeus
2586 1224 2726 1266 cum
2819 1209 3169 1267 Atheniensi
3239 1211 3562 1284 ceteroqui

1907 1298 2310 1366 consentiens,
2368 1298 2551 1354 fretus
2600 1298 2809 1369 magni
2871 1300 3202 1370 praesertim
3249 1299 3561 1357 Athanasii

1907 1386 2199 1460 epistola,
2270 1386 2412 1442 huic
2473 1386 2707 1442 homini
2779 1400 3024 1443 omnem
3091 1385 3559 1444 ecclesiasticam

1907 1476 2260 1547 dignitatem
2290 1475 2597 1547 abjudico.

1978 1568 2101 1637 Ego
2130 1564 2702 1638 Adrianopolitanus
2755 1565 2874 1633 aio,
2902 1564 3071 1638 quod
3118 1565 3171 1622 si
3206 1564 3559 1636 jubentibus

1906 1655 2061 1713 divis
2122 1655 2605 1727 incorruptisque
2675 1654 3081 1726 evangelistis,
3137 1654 3445 1727 sacrisque
3507 1657 3565 1711 et

174 1743 322 1814 ἱερῶν
355 1745 447 1792 χοὶ
494 1741 640 1792 θείων
691 1742 917 1791 κανόνων
948 1781 965 1807 ,
993 1738 1052 1790 οὐ
1092 1734 1316 1791 δύναται
1367 1746 1459 1800 τῆς
1518 1740 1796 1811 ἱερωσύνης

1915 1745 2061 1802 divis
2107 1744 2470 1810 canonibus,
2498 1745 2664 1803 haud
2700 1743 2835 1800 licet
2884 1743 3290 1801 sacerdotium
3321 1742 3565 1815 assequi

174 1828 517 1901 (τυγχάνειν)
576 1828 673 1879 κᾶν
739 1825 882 1891 ἅπαξ
953 1825 1176 1899 ἆλεγχθῇ
1246 1826 1482 1888 ἑαλωκὼς
1549 1825 1633 1880 ἐπί
1695 1847 1798 1880 τινι

171 1917 710 1992 ἁμαρτήματι,οίοις
766 1911 835 1974 δὴ
890 1919 1266 1990 περιπίπτομεν
1324 1914 1589 1991 ἄνθρωποι
1635 1918 1793 1985 ὄντες,

172 2013 267 2061 καὶ
316 2010 414 2059 τόν
471 2006 638 2064 πηλὸν
699 2011 881 2057 τοῦτον
945 2009 1032 2057 καὶ
1095 2007 1346 2078 σαρκικόν
1402 2009 1746 2078 περικείμενοι
1778 2046 1793 2072 ,

170 2105 290 2158 πῶς
338 2098 459 2148 ἔστι
498 2091 721 2147 δυνατόν
774 2093 847 2156 εἰς
896 2094 1177 2169 ἱερωσύνην
1232 2091 1654 2168 προϐιϐασθῆναι
1706 2096 1795 2145 τόν

168 2184 487 2256 ὑπσξιήφιον
537 2183 908 2255 ’Δντιοχείας,
936 2182 1207 2255 ἄνθρωπον
1264 2183 1392 2254 ὑπὲρ
1428 2183 1494 2234 τὰ
1545 2181 1796 2244 ἐξήκοντα

167 2279 261 2332 ἔτη
320 2277 595 2345 γενόμενον
630 2317 646 2341 ,
681 2268 938 2324 δοκοῦντά
973 2289 1028 2323 τε
1082 2269 1258 2342 λόγοις
1317 2277 1498 2343 σοφοῖς
1529 2267 1796 2325 ἐνευδοκι-

168 2370 312 2435 ;uiv,
373 2366 467 2413 καὶ
540 2361 613 2422 εἰς
669 2363 1059 2433 πατριαρχικόν
1124 2361 1300 2433 θρόνον
1359 2358 1790 2434 προϐεϐλημένον,

167 2456 262 2505 καὶ
312 2459 413 2503 νῦν
439 2451 606 2523 φάντα
642 2449 702 2502 οὐ
750 2453 904 2522 μόνον
951 2448 1135 2519 λόγους
1178 2456 1273 2508 τῆς
1324 2445 1611 2521 ὀρθοδόξου
1643 2446 1793 2501 ἀλλο-

166 2544 500 2616 τριύφρονας
520 2544 743 2601 πίστεως
767 2580 782 2606 ,
825 2536 953 2591 ἀλλά
1008 2542 1099 2589 καὶ
1150 2536 1306 2608 λόγον
1356 2536 1793 2611 συγγραψάμενον

168 2630 357 2705 πλήρη
429 2627 777 2702 βλασφημιῶν
838 2631 931 2679 καὶ
991 2624 1303 2699 ἀποφημιῶν
1343 2621 1616 2677 δυσσεϐῶν
1648 2669 1663 2696 ,
1704 2630 1794 2678 καὶ

169 2721 330 2792 μόλις
374 2722 502 2771 ποτε
538 2717 947 2790 μεταπεισθέντα
995 2720 1086 2769 καὶ
1132 2716 1497 2788 μπαμαθόντα
1554 2718 1610 2767 τό
1651 2714 1793 2767 εὐσε-

173 2809 263 2871 ϐὲς
285 2813 394 2861 καὶ
424 2811 485 2861 τὸ
536 2803 817 2883 ὀρθόδοξον
847 2823 861 2874 ;
895 2807 990 2858 Διά
1038 2812 1193 2857 τοῦτο
1248 2808 1420 2857 τοίνυν
1473 2799 1598 2857 οὐδὲ
1643 2804 1797 2865 αὐτὸς

172 2900 329 2962 ἄξιον
354 2899 639 2970 ἱερωσύνης
660 2899 744 2948 τὸν
772 2901 1008 2948 τοιοῦτον
1027 2892 1328 2966 λογίζομαι.

250 3000 371 3050 Καὶ
435 2995 509 3058 εἰς
573 2993 879 3053 ἀνασκοπήν
945 2992 1268 3053 συνελθόντες
1336 2994 1385 3045 οἱ
1451 2992 1642 3045 αὐτίκα
1704 2995 1800 3049 τὴν

173 3085 296 3139 κατ’
372 3084 530 3137 αὐτὸν
578 3083 753 3157 ψῆφον
818 3082 1116 3156 ίκθὲμενοι,
1174 3080 1566 3155 ἀποφαινόμεθα
1618 3087 1800 3133 τοῦτον

178 3176 482 3251 ἱερωσύνης
526 3174 705 3236 πάσης
768 3171 996 3241 ἀνάξων,
1032 3172 1091 3224 οὐ
1123 3167 1217 3223 διὰ
1246 3173 1313 3224 τὰ
1367 3175 1592 3245 σήμερον
1648 3175 1801 3243 μόνον

174 3265 310 3339 παρ’
374 3263 532 3317 αὐτοῦ
590 3262 877 3321 λαληθέντα
931 3262 1062 3334 μετά
1112 3259 1309 3323 πολλῆς
1354 3267 1447 3321 τῆς
1495 3257 1799 3329 ἐνστάσεως,

174 3354 289 3406 ἀλλ’
332 3354 418 3405 ὃτι
483 3371 577 3424 περ
628 3350 682 3414 ἐξ
729 3352 851 3403 ὅτου
890 3352 950 3402 τὸ
993 3348 1306 3422 βλάσφημον
1348 3355 1500 3401 τοῦτο
1558 3343 1801 3422 διεθρυλ-

171 3443 317 3502 λήθη
402 3437 608 3514 δόγμα,
670 3445 762 3493 καὶ
822 3438 971 3511 λόγος
1035 3437 1234 3501 ἐξέθετο
1307 3445 1404 3498 τῆς
1460 3444 1801 3509 καινοφανοῡς

170 3536 396 3592 ταύτης
454 3532 699 3605 αἱρέσεως
748 3533 1040 3602 συνήγορος
1071 3544 1085 3559 ·
1119 3531 1212 3580 και
1268 3527 1326 3580 οὐ
1374 3530 1527 3599 μόνον
1564 3527 1799 3601 προστά-

172 3642 271 3683 της
335 3619 615 3693 ἐγγράφως
665 3623 757 3671 καὶ
802 3622 1080 3693 πρόμαχος
1117 3624 1210 3677 τῆς
1260 3619 1507 3676 τοιαύτης
1564 3613 1802 3676 ἀσεϐείας

172 3709 464 3765 ἐδείκνυτο
493 3752 510 3779 ,
552 3707 680 3762 ἀλλά
742 3712 834 3760 καὶ
884 3706 1130 3780 ἀγράφως
1194 3705 1496 3766 πλειστάκις
1557 3701 1592 3757 δ
1597 3703 1799 3776 ιαλεγό-

174 3820 340 3875 μενος
380 3801 511 3872 πρὸς
575 3816 628 3851 τε
676 3795 863 3859 ἄλλους
923 3794 1144 3857 πολλοὺς
1206 3798 1296 3847 καὶ
1333 3813 1481 3855 τινας
1532 3793 1589 3856 ἐξ
1632 3795 1798 3865 ἡμῶν,

175 3890 355 3951 οὑτως
402 3881 700 3959 ἀναφανδόν
740 3884 928 3960 ἕκύρου
983 3888 1076 3944 τὴν
1123 3886 1369 3942 τοιαύτην
1410 3881 1671 3952 ἀσέϐειαν,
1710 3886 1801 3934 καὶ

172 3983 279 4041 τὰς
302 3985 414 4031 τῶν
438 3984 771 4051 Χριστιανῶν
807 3974 995 4046 ψυχὰς
1022 3969 1387 4034 ἕσκανδοίλιζε.
1417 3976 1519 4026 Καὶ
1556 3974 1681 4045 ἡμῖν
1710 3975 1802 4044 μὲν

174 4068 320 4122 οὑτω
351 4071 451 4125 τήν
496 4070 720 4138 σήμερον
770 4070 878 4125 τοῖς
913 4062 1123 4115 πλείοσι
1175 4069 1267 4115 τοῦ
1296 4060 1551 4131 συλλόγου
1581 4062 1648 4113 τὰ
1684 4060 1802 4112 κατ’

184 4158 362 4211 αὐτοῦ
405 4153 772 4225 ἀποπέφανται
799 4194 813 4220 ,
868 4150 918 4204 ἰν
1036 4155 1127 4203 καὶ
1154 4152 1184 4209 ἠ
1213 4159 1313 4203 τῶν
1344 4148 1392 4201 ἐν
1422 4153 1621 4221 Νικαίᾳ
1651 4167 1805 4201 συναο

180 4246 537 4321 θροισθέντων
607 4243 751 4295 θείων
808 4244 1048 4312 Πατέρων
1113 4241 1370 4312 ὁμήγυρις
1434 4236 1518 4290 ἐπὶ
1581 4245 1643 4309 τῇ
1710 4244 1804 4289 τοῦ

178 4338 576 4410 ματαιόφρονος
642 4331 845 4405 Ἀρείου
907 4330 1230 4401 καθαιρέσει,
1274 4335 1335 4399 τῇ
1403 4325 1686 4399 Ἐκκλησία
1750 4322 1803 4379 εὖ

178 4432 419 4480 ποιοῦσα
497 4417 829 4495 συνέδραμεν
861 4423 974 4472 τισὶ
1037 4415 1097 4472 δὲ
1158 4418 1214 4481 ἐξ
1273 4419 1444 4489 ἡμῶν,
1506 4416 1666 4488 ἣγουν
1730 4424 1803 4486 τῷ

176 4514 518 4590 Ἡρακλείας,
548 4518 622 4564 τῶ
672 4510 925 4577 Κυζίκου,
958 4516 1031 4580 τῷ
1090 4504 1267 4575 Σίδης,
1297 4515 1371 4579 τῷ
1396 4506 1799 4576 Θεσσαλονίκης,

178 4614 255 4675 τῷ
288 4605 636 4675 Καισαρείας,
667 4608 741 4671 τῷ
772 4599 1056 4666 Φιλίππων,
1097 4602 1187 4650 καὶ
1239 4605 1312 4668 τῷ
1351 4592 1682 4663 Λαοδικείας,
1708 4596 1805 4648 οὐκ

179 4692 491 4746 ἀπεντεῡθεν
520 4685 738 4761 γνωμοδ
741 4696 932 4746 στῆσαι
962 4680 1079 4762 περὶ
1117 4688 1304 4739 τούτου
1338 4683 1447 4738 δεῖν
1476 4681 1650 4747 ἔδοξεν
1678 4683 1807 4737 ἀλλὰ

183 4788 488 4849 σκοπῆσαι,
517 4782 609 4831 καὶ
645 4784 782 4830 οὔτω
802 4779 861 4829 τὸ
888 4772 1046 4839 δόξαν
1086 4773 1477 4847 ἀποφήνασθαι.

254 4978 403 5034 Μηνὶ
440 4976 619 5045 Muigo,
685 4971 747 5045 ιγ’
812 4973 1019 5046 ἡμέρᾳ,
1163 4965 1450 5022 ἰνδικτιῶνι
1475 5010 1489 5036 ,
1535 4967 1806 5039 προκαθη-

185 5071 342 5139 μένου
396 5072 492 5117 τοῦ
545 5066 858 5116 θεοστέπτου
901 5058 1158 5133 βασιλέως
1220 5061 1367 5131 ἡμῶν
1408 5062 1502 5110 καὶ
1548 5057 1806 5130 αὐτοκρά-

185 5175 334 5230 τορος
400 5156 552 5226 ἡμῶν
614 5149 865 5208 Μανουὴλ
891 5156 984 5202 τοῦ
1033 5154 1303 5220 Κομνηνοῦ
1346 5145 1396 5199 ἐν
1452 5154 1525 5216 τῷ
1573 5145 1806 5216 παλατιῳ

185 5253 283 5296 τῶν
355 5241 663 5317 Βλαχερνῶν
692 5282 708 5308 ,
769 5240 1170 5314 παρισταμένων
1234 5244 1297 5308 τῇ
1367 5235 1498 5307 ἁγίᾳ
1561 5231 1810 5307 βασιλεία

188 5333 355 5386 αὐτοῦ
446 5331 654 5383 πάντων
742 5335 842 5380 τῶν
928 5325 1394 5400 ἀναγεγραμμένων
1432 5366 1448 5393 ,
1518 5322 1636 5375 ἄνευ
1715 5326 1808 5372 τοῦ

189 5423 617 5498 πρωτονσταρίου
638 5462 655 5490 ,
731 5423 826 5469 τοῦ
910 5413 1135 5488 μεγάλου
1235 5410 1591 5498 δρουγγαρίου
1616 5452 1629 5478 ,
1716 5414 1808 5461 τοῦ

189 5495 624 5585 πρωτασεκρῆτις
646 5550 662 5576 ,
693 5509 784 5558 καὶ
837 5511 928 5557 τοῦ
983 5501 1339 5577 νομοφύλακος
1361 5543 1375 5569 ,
1431 5495 1808 5574 συνεδριαζόν-

192 5618 291 5651 των
333 5596 478 5668 αὐτῷ
534 5595 654 5648 ἄνευ
720 5600 812 5648 τοῦ
843 5591 1164 5664 Ἀντιοχείας
1224 5592 1371 5661 ἡμῶν
1430 5595 1528 5641 τῶν
1557 5590 1649 5639 καὶ
1671 5582 1810 5639 διαι-

1905 1834 2137 1892 homini
2164 1834 2247 1890 illi
2282 1834 2388 1907 qui
2416 1833 2514 1890 vel
2540 1833 2729 1889 semel
2776 1832 3032 1904 alicujus
3062 1832 3295 1906 peccati
3322 1833 3563 1889 convic-

1906 1928 2002 1982 tus
2018 1924 2212 1994 fuerit,
2227 1924 2318 1993 cuj
2331 1923 2569 1980 usmodi
2593 1922 2877 1981 accidunt
2903 1921 3255 1979 hominibus
3284 1922 3399 1979 hoc
3415 1921 3561 1978 limo

1905 2018 1964 2070 et
2012 2028 2195 2070 carne
2232 2012 2640 2082 circumdatis,
2671 2015 2774 2084 qui
2816 2010 2990 2067 liceat
3020 2010 3100 2066 ad
3153 2010 3564 2067 sacerdotium

1902 2103 2237 2176 provehere
2284 2101 2444 2157 hunc
2470 2100 2725 2157 electum
2753 2099 3214 2165 Antiochenum,
3247 2098 3561 2155 hominem

1906 2193 2367 2266 sexagenariam
2413 2195 2650 2248 aetatem
2696 2193 3175 2262 praetervectum,
3224 2188 3560 2245 litteratura

1904 2283 2161 2351 clarum,
2184 2280 2572 2354 patriarchali
2599 2278 2729 2335 sedi
2758 2278 3147 2348 destinatum,
3176 2292 3339 2333 nunc
3357 2280 3560 2333 autem

1902 2388 2024 2429 non
2053 2371 2238 2427 modo
2296 2368 2678 2427 sermonibus
2726 2372 2995 2424 utentem
3028 2366 3107 2423 ab
3146 2365 3400 2423 orthoxa
3436 2364 3558 2421 ﬁde

1902 2459 2389 2526 abhorrentibus,
2413 2473 2621 2514 verum
2650 2456 2834 2513 etiam
2860 2455 3045 2512 libelli
3085 2459 3412 2523 auctorem,
3452 2454 3562 2527 qui

1901 2549 2292 2623 blasphemiis
2323 2548 2644 2620 impiisque
2672 2543 3150 2603 absurditatibus
3201 2547 3407 2610 scatet,
3436 2542 3562 2599 vix-

1903 2654 2022 2713 que
2051 2638 2300 2694 demum
2329 2637 2800 2711 resipiscentem,
2833 2638 2890 2691 et
2932 2634 3010 2690 ad
3044 2634 3330 2706 pietatem
3359 2632 3564 2689 ortho-

1904 2727 2272 2799 doxiamque
2293 2725 2645 2782 redeuntem
2667 2724 2695 2779 ?
2731 2725 2875 2790 Quae
2895 2738 3038 2779 cum
3066 2722 3148 2778 ita
3178 2736 3243 2777 se
3272 2719 3559 2793 habeant,

1905 2832 2018 2890 ego
2048 2832 2291 2890 quoque
2317 2830 2353 2871 a
2378 2812 2718 2871 sacerdotio
2740 2812 2906 2868 hunc
2932 2809 3182 2885 repello.

1981 2997 2136 3065 Ergo
2192 2993 2274 3050 ad
2322 2991 2680 3048 scrutinium
2725 2988 3168 3059 convenientes,
3231 2986 3336 3059 qui
3381 2984 3567 3042 modo

1829 3108 1874 3165 ο
1911 3084 2268 3141 sententiam
2291 3084 2499 3137 contra
2517 3080 2688 3136 illum
2708 3077 2995 3146 diximus,
3023 3074 3405 3133 declaramus
3427 3089 3569 3131 eum

1910 3172 2077 3230 omni
2098 3169 2432 3229 sacerdotio
2452 3168 2919 3241 indignum,non
2947 3164 3027 3222 ob
3044 3179 3117 3221 ea
3140 3161 3568 3220 tantummodo

1909 3280 2048 3340 quae
2075 3263 2125 3319 is
2151 3260 2333 3318 hodie
2355 3258 2543 3316 multa
2566 3273 2705 3314 cum
2724 3253 3058 3330 pertinacia
3076 3253 3312 3310 locutus
3337 3250 3568 3319 est,eed

1911 3355 2056 3430 quia
2084 3352 2164 3409 ab
2192 3351 2323 3424 ipso
2350 3348 2782 3421 blasphemum
2809 3345 2926 3401 hoc
2954 3341 3569 3414 dogmadivulgatum

1911 3447 2085 3515 est,et
2110 3440 2348 3498 libellus
2384 3438 2563 3496 etiam
2609 3435 2978 3510 perscriptus
3025 3449 3197 3491 novas
3235 3432 3419 3504 hujus
3449 3431 3570 3488 hea-

1909 3548 2111 3593 reseos
2130 3534 2412 3589 assertor.
2442 3531 2641 3600 Neque
2681 3524 2881 3581 solum
2911 3523 3369 3595 antesignamus
3387 3524 3568 3593 atque

1910 3623 2192 3681 defensor
2222 3621 2446 3692 scripto
2497 3633 2608 3673 suo
2654 3615 2908 3687 hujusce
2951 3613 3277 3687 impietatis
3325 3610 3564 3680 exstitit,

1908 3727 2119 3768 verum
2137 3710 2316 3767 etiam
2339 3707 2573 3779 absque
2591 3704 2811 3777 scripto
2830 3717 2988 3775 saepe
3010 3700 3360 3773 colloquens
3378 3697 3566 3753 modo

1911 3816 2051 3858 cum
2078 3799 2208 3856 aliis
2238 3796 2464 3866 multis,
2495 3792 2680 3850 modo
2711 3792 2894 3847 etiam
2924 3805 3065 3846 cum
3094 3793 3371 3845 nostrum
3417 3798 3566 3841 non-

1911 3889 2109 3951 nullis,
2141 3888 2225 3944 sic
2253 3884 2568 3942 manifeste
2615 3879 2872 3953 impium
2918 3878 3082 3933 hunc
3135 3890 3398 3932 errorem
3434 3888 3573 3929 san-

1912 3979 2122 4049 ciebat,
2149 3984 2207 4033 et
2237 3974 2706 4033 Christianorum
2722 3966 3047 4024 animabus
3087 3962 3378 4020 seandalo
3409 3966 3562 4019 erat.

1913 4074 1980 4128 Et
2007 4084 2118 4125 nos
2140 4081 2282 4135 ergo
2335 4060 2556 4135 synodi
2584 4059 2768 4129 hujus
2796 4070 2939 4128 pars
2967 4053 3165 4124 major
3188 4052 3248 4108 in
3277 4052 3442 4107 hunc
3469 4050 3575 4107 ho-

1911 4160 2136 4217 minem
2157 4156 2273 4211 hoc
2293 4152 2391 4208 die
2415 4147 2773 4206 sententiam
2802 4143 3083 4211 dicimus,
3107 4157 3230 4214 quo
3253 4140 3571 4197 collectum

1910 4261 2155 4322 quoque
2186 4243 2393 4301 Nicaeae
2433 4241 2779 4295 sanctorum
2817 4236 3060 4289 Patrum
3082 4229 3435 4322 concilium
3491 4227 3571 4322 ad

1910 4316 2122 4394 vesani
2198 4331 2317 4387 Arii
2393 4327 2872 4388 damnationem,
2942 4318 3213 4376 similiter
3292 4316 3566 4373 Ecclesiae

1909 4422 2204 4482 laboranti
2227 4421 2420 4493 justas
2450 4413 2757 4487 suppetias
2792 4410 3230 4468 tulit.Attamen
3260 4404 3567 4462 nonnullis

1911 4518 2185 4572 nostrum
2212 4508 2495 4566 nimirum
2529 4499 2924 4565 Heracleensi,
2967 4497 3281 4570 Cyziceno,
3313 4493 3568 4563 Sidensi,

1911 4596 2444 4661 Thessalonicensi,
2501 4589 2866 4660 Caesariensi,
2916 4584 3303 4658 Philippensi,
3359 4582 3570 4640 Laodi-

1913 4706 2083 4755 ceno,
2114 4686 2279 4744 haud
2326 4684 2525 4738 visum
2552 4683 2645 4734 est
2690 4678 2751 4733 in
2801 4673 3084 4748 praesenti
3113 4672 3189 4727 de
3222 4671 3338 4727 hoc
3362 4669 3568 4727 decer-

1912 4795 2075 4846 nere,
2099 4777 2203 4833 sed
2251 4773 2451 4831 adhuc
2497 4764 3094 4832 considerandum,et
3148 4766 3277 4818 tum
3318 4759 3568 4815 demum

1915 4865 2272 4926 sententiam
2301 4858 2640 4917 ferendam.

1983 4955 2199 5015 Mensis
2251 4950 2384 5010 Maii
2437 4947 2533 5003 die
2580 4945 2755 5001 tertia
2802 4942 3060 5009 decima,
3093 4936 3419 4994 indictione
3473 4950 3570 4991 se-

1914 5046 2136 5111 cunda,
2191 5038 2549 5114 praesidente
2605 5051 2642 5091 a
2693 5036 2813 5089 Deo
2869 5030 3157 5087 coronato
3208 5025 3569 5097 imperatore
3626 5082 3630 5086 _

1915 5140 2119 5194 nostro
2144 5112 2212 5189 et:
2228 5129 2475 5187 domino
2527 5121 2796 5181 Manuele
2843 5121 3172 5184 Comneno,
3203 5114 3266 5170 in
3301 5112 3570 5170 Blacher-

1914 5239 2132 5282 narum
2148 5220 2393 5295 palatio,
2420 5211 2839 5272 assistentibus
2865 5208 3087 5263 sanctas
3110 5204 3412 5275 majestati
3440 5204 3570 5275 ejus

1916 5293 2168 5371 cunctis‘
2189 5306 2491 5382 praedictis
2514 5347 2528 5371 ,
2577 5298 2840 5372 exceptis
2869 5293 3304 5368 protonotario,
3338 5308 3566 5362 magno

1916 5381 2242 5472 drungario
2273 5389 2746 5470 protoasecretis,
2774 5392 2832 5443 et
2869 5382 3345 5456 nomophylace;
3376 5381 3567 5438 consi-

1916 5469 2198 5548 dentibus
2223 5469 2400 5542 nobis
2428 5475 2802 5553 patriarchis,
2827 5473 3060 5545 absque
3090 5469 3479 5534 Antiocheno,
3509 5474 3568 5525 et

1916 5579 1991 5636 de
2028 5579 2144 5635 hac
2185 5589 2248 5632 re
2286 5566 2700 5645 judicantibus
2733 5582 2746 5635 ;
2789 5561 2955 5619 socio
2980 5559 3190 5635 judicii
3211 5557 3400 5615 nostri
3426 5556 3566 5612 Bul-
