4046 6310
460 273 562 327 195

1785 254 2053 313 NICETE
2114 249 2490 310 CHONIATE

3729 244 3894 300 196

457 408 626 465 garo,
655 395 888 468 absque
919 391 1136 466 Cyprio
1173 389 1280 462 qui
1325 402 1450 445 non
1473 380 1778 450 interfuit,
1810 379 1985 437 nobis
2022 379 2108 436 in-

2229 380 2421 430 raiwraw
2492 381 2556 446 τῇ
2634 370 2882 426 ὑποθέσει
2958 375 3305 444 πατριαρχῶν
3337 411 3352 437 ,
3415 365 3902 429 ουνδιαιτῶντος

455 495 666 557 quam,
699 481 1121 557 suprascriptis
1151 475 1452 553 episcopis
1490 469 1984 548 astipulantibus.

533 767 1037 840 Quandoquidem
1065 766 1350 823 hesterna
1373 764 1506 820 acta
1525 775 1661 834 qua
1691 759 1938 832 propter
1964 759 2115 811 tem-

461 861 623 936 poris
655 858 963 932 augustius
991 855 1146 912 lecta
1195 867 1320 910 non
1351 848 1720 917 fuere,hodie
1751 847 1999 903 demum
2027 843 2113 899 1e-

464 931 662 1023 ﬁgenda
710 931 899 1018 erant,
934 959 1133 1018 neque
1185 941 1394 999 aderat
1438 954 1678 1009 magna
1711 937 1811 993 Dei
1864 931 2112 990 civitatis

461 1037 786 1096 Antiochiae
818 1036 1038 1092 electus
1071 1032 1210 1090 olim
1242 1029 1586 1103 patriarcha
1609 1025 1947 1084 Soterichus
1967 1026 2112 1078 Pan-

461 1132 777 1197 teugenus,
810 1125 920 1180 etsi
949 1123 998 1178 is
1020 1139 1056 1178 a
1079 1121 1244 1192 regia
1291 1120 1551 1190 divaque
1581 1113 2112 1186 Circumspectione

463 1217 588 1273 sine
611 1214 892 1271 dilatione
943 1224 1294 1284 comparere
1336 1206 1516 1264 hodie
1536 1207 1742 1278 jussus
1779 1203 2002 1272 fuerat;
2027 1199 2113 1256 id-

465 1306 620 1362 circo
667 1317 911 1360 necesse
941 1300 1052 1356 fuit
1088 1298 1170 1355 illi
1194 1300 1410 1354 iterum
1433 1296 1709 1352 intimare
1731 1291 2022 1358 notitiam,
2053 1291 2116 1345 ut

464 1398 736 1450 actorum
784 1388 1023 1446 lectioni
1071 1387 1417 1454 interesset;
1463 1383 1630 1456 quod
1663 1382 1713 1439 si
1751 1382 1900 1438 forte
1931 1379 2115 1435 nollet

462 1480 856 1539 nihilominus
886 1483 1158 1534 actorum
1185 1475 1502 1532 lectionem
1532 1472 1660 1528 ﬁeri
1682 1476 1979 1544 oportere.
2009 1470 2115 1523 De-

462 1571 644 1642 legati
674 1574 816 1625 sunt
845 1567 1023 1638 igitur
1054 1565 1131 1622 ad
1160 1565 1361 1634 ipsum
1413 1579 1444 1619 e
1481 1561 1705 1618 nostris
1753 1558 2113 1633 praesulibus

468 1658 728 1716 Corinthi
793 1655 1165 1715 Theodorus,
1227 1651 1698 1724 Adrianopoleos
1762 1655 1896 1716 Leo,
1964 1647 2113 1704 Parii

2219 467 2410 538 ὁμοίως
2458 468 2549 516 καὶ
2596 461 2720 536 ἰμοῦ
2776 460 3094 536 Βουλγαρίας
3119 500 3133 524 ,
3175 461 3293 514 ἄνευ
3348 465 3441 511 τοῦ
3497 461 3719 533 Κύπρου
3785 461 3895 530 μὴ

2223 553 2778 630 συμπαρουσιάζοντος
2808 591 2822 620 ,
2865 547 3454 622 συνδιαγνωμονούντων
3511 549 3658 621 ἡμῶν
3733 554 3896 600 τῶν

2220 646 2786 718 προαναγεγραμμένων
2814 641 3018 694 πάντων
3049 637 3352 713 ἀρχιερέων.

2296 735 2436 787 Ἐπεὶ
2494 736 2554 786 τὸ
2618 733 2755 785 κατὰ
2808 734 2902 790 τὴν
2949 732 3076 802 χθις
3139 730 3342 801 γεγονὸς
3405 730 3683 800 σημείωμα
3773 729 3886 798 μὴ

2223 825 2426 898 φθάσαν
2488 821 2883 894 ἀναγνωσθῆναι
2944 816 3039 872 διὰ
3103 821 3162 870 τὸ
3239 819 3413 870 στενόν
3477 823 3569 869 τοῦ
3631 821 3890 891 καιροῦ

2222 912 2418 987 ἔμελλεν
2467 910 2864 984 ἀναγνωσθῆναι
2914 912 3008 968 τήν
3059 913 3317 983 σήμερον,
3359 905 3417 959 οὐ
3466 913 3634 981 παρῆν
3697 902 3806 958 δὲ’
3847 905 3888 956 ὁ

2223 1003 2427 1075 φθάσας
2490 1002 2826 1075 πατριάρχης
2893 995 3224 1057 Θεουπόλεως
3308 993 3538 1067 μεγάλης
3613 993 3887 1047 Ἀντιο-

2220 1097 2370 1164 χείας
2434 1095 2742 1164 Σωτήριχος
2791 1089 2817 1140 ὁ
2876 1089 3217 1158 Παντεύγενος
3251 1128 3266 1155 ,
3306 1089 3396 1136 καὶ
3458 1090 3624 1136 ταῦτα
3687 1101 3888 1156 παρ-

2221 1180 2488 1252 αγγελθεὶς
2562 1181 2708 1254 παρά
2774 1185 2868 1240 τῆς
2935 1174 3207 1249 βασιλείου
3290 1178 3380 1226 καὶ
3458 1175 3593 1233 θείας
3679 1190 3884 1247 περι-

2223 1279 2369 1334 ωπῆς
2420 1270 2532 1342 (26)
2584 1271 2947 1344 παρουσιάσαι
2998 1265 3353 1339 ἀνυπερθέτως
3402 1268 3496 1323 τήν
3560 1268 3868 1338 σήμερον·

2223 1358 2408 1420 ἐδέησε
2452 1357 2544 1412 διὰ
2597 1366 2763 1412 ταῦτα
2817 1362 2907 1410 καὶ
2956 1355 3109 1410 πάλιν
3168 1352 3389 1414 δοθῆναι
3443 1354 3583 1424 αύτῷ
3613 1349 3880 1410 εἴδησιν

2224 1454 2295 1512 ὡς
2325 1453 2385 1504 οἶν
2446 1451 2782 1523 παρουσιάσῃ
2847 1447 2926 1500 ἐπὶ
2969 1454 3030 1519 τῇ
3084 1444 3372 1516 ἀναγνώσει
3433 1451 3524 1496 τοῦ
3581 1444 3878 1495 τοιούτου

2227 1544 2590 1614 σημειώματος
2620 1554 2633 1568 ⁶
2669 1537 2711 1591 εἰ
2739 1541 2811 1611 μή
2855 1535 3098 1609 βούλοιτο
3123 1575 3137 1602 ,
3178 1539 3268 1586 καὶ
3296 1532 3511 1592 ἀπόντος
3542 1531 3703 1584 αὐτοῦ
3734 1535 3876 1590 τὴν

2224 1632 2411 1683 τούτου
2461 1630 2702 1700 γενέσθαι
2738 1625 3049 1698 ἀνάγνωσιν.
3093 1622 3491 1680 Ἀπεστάλησαν
3550 1617 3638 1674 οὖν
3691 1624 3878 1695 πρὸς

385 1740 390 1747 ’
464 1747 739 1805 Nicolaus
765 1761 779 1811 ;
812 1744 1179 1818 quibuscum
1204 1743 1423 1798 missus
1451 1740 1758 1797 fuitetiam
1785 1739 1975 1811 judex
2003 1736 2114 1793 veli

2229 1720 2377 1772 αὐτὸν
2444 1717 2544 1770 ἀπὸ
2606 1719 2696 1790 μὲν
2757 1722 2856 1767 τῶν
2924 1713 3207 1787 ἀρχιερέων
3269 1715 3414 1783 ἡμῶν
3480 1711 3506 1762 ό
3572 1710 3875 1782 Κορινθου

2246 1816 2259 1818 _
2315 1804 2367 1818 ..ι
2641 1807 2652 1818 ,
2731 1800 2830 1818 ...ι
3068 1801 3103 1818 ,ς
3300 1805 3357 1818 .,
3503 1801 3515 1810 -
3622 1802 3862 1818 ηργργ

463 1838 724 1894 Thomas
778 1831 1165 1906 Hapluchres.
1221 1833 1286 1888 Hi
1331 1847 1470 1887 vero
1507 1845 1635 1886 rem
1680 1829 2113 1900 signiﬁcantes,

465 1926 751 2000 scriptam
797 1921 1312 1979 denuntiationem
1352 1920 1515 1994 apud
1564 1935 1703 1976 eum
1750 1917 2118 1989 reliquerunt

465 2012 874 2088 comparendi,
906 2014 991 2068 uti
1022 2011 1249 2068 dictum
1278 2014 1384 2067 est.
1411 2009 1643 2067 Scheda
1672 2013 1873 2067 autem
1901 2007 2119 2064 tradita

463 2105 549 2162 ita
574 2103 651 2162 ad
676 2103 934 2160 litteram
964 2116 1028 2158 se
1065 2099 1371 2157 habebat:

538 2426 752 2488 Mensis
800 2423 930 2482 Maii
982 2423 1078 2480 die
1129 2422 1301 2481 tertia
1351 2422 1609 2489 decima,
1667 2419 1991 2477 indictione
2034 2434 2122 2475 se-

467 2516 693 2586 cunda,
739 2512 1140 2588 prasentibus
1170 2512 1430 2568 diacono
1458 2515 1682 2581 Magna
1721 2509 1993 2566 Ecclesia
2022 2511 2121 2566 Be-

469 2605 779 2662 lissariota
833 2601 1166 2672 Theodoro,
1214 2601 1463 2671 Georgio
1512 2600 1731 2658 lectore
1791 2599 2121 2656 Antiochia

468 2693 780 2752 modestia
823 2691 1173 2764 praeposito,
1213 2691 1464 2761 Georgio
1515 2688 1848 2748 Scutariota
1902 2689 2121 2746 lectore

467 2782 1004 2856 Adrianopolitano
1049 2800 1062 2850 ;
1120 2781 1306 2852 regali
1348 2781 1607 2853 divoque
1662 2784 1718 2838 et
1771 2779 2120 2837 venerando

459 2871 816 2946 jussu,licet
838 2887 961 2927 non
987 2871 1229 2944 scripta,
1277 2886 1388 2927 nos
1439 2870 1706 2942 episcopi
1769 2869 2120 2926 auctoritate

469 2960 838 3020 demandata
888 2976 926 3017 a
970 2959 1346 3017 sanctissimo
1389 2959 1638 3016 domino
1667 2962 1725 3016 et
1748 2957 2119 3016 acumenico

2229 1804 2544 1882 Θεόδωρος,
2631 1807 2656 1857 ό
2731 1800 3208 1877 Ἀδριανουπόλεως
3284 1805 3426 1853 Λέων
3493 1801 3519 1851 ό

2227 1897 2483 1959 Νικόλαος
2507 1917 2518 1930 ·
2553 1891 2902 1952 συνδιεστάλη
2932 1889 2990 1946 δὲ
3030 1894 3235 1953 τούτοις
3261 1891 3286 1942 ό
3312 1894 3494 1965 κριτὴς
3521 1895 3613 1941 τοῦ
3653 1886 3868 1960 βήλου

2230 1993 2419 2060 Θωμᾶς
2493 1984 2830 2058 Ἀπλούχρης
2889 2003 2902 2016 ·
2966 1987 3056 2034 καὶ
3133 1977 3514 2052 διεμηνύσαντο
3606 1978 3864 2030 τούτων.

2227 2074 2582 2150 παραγγελίαν
2669 2075 2924 2148 ἔγγραφον
3015 2072 3213 2143 θέμενοι
3285 2070 3418 2141 πρὸς
3478 2066 3632 2119 αὐτὸν
3658 2106 3676 2135 ,
3752 2067 3875 2118 ἵνα

2228 2166 2592 2238 παρουσιάσῃ,
2633 2164 2703 2225 ὠς
2749 2165 2971 2236 εἴρηται.
3017 2158 3216 2231 ’Ἐσχεν
3271 2161 3330 2210 τὸ
3372 2153 3494 2230 παρ’
3521 2155 3687 2209 αὐτῶν
3742 2153 3867 2208 ἕκ-

2228 2256 2366 2308 τεθεν
2397 2257 2674 2326 σημείωμα
2699 2251 2871 2326 ῥητῶς
2899 2250 3113 2302 οὑτωσί.

2302 2347 2441 2402 Μηνὶ
2489 2344 2664 2413 Μαῖῳ,
2721 2338 2787 2412 ιγ’
2829 2342 3035 2414 ἡμέρᾳ,
3089 2333 3375 2389 ἰνδικτιῶνι
3432 2332 3502 2406 β’,
3559 2337 3865 2407 παρουσίᾳ

2233 2429 2479 2485 ὃιάκόνου
2546 2427 2824 2504 Θεοδώρου
2883 2437 2974 2488 τῆς
3034 2425 3276 2498 Μεγάλης
3352 2423 3661 2483 Ἐκκλησίας
3736 2429 3864 2476 τοῦ

2232 2521 2669 2596 Βελισσαριώτου,
2712 2522 2969 2592 Γεωργίου
3018 2515 3350 2587 ἀναγνώστου
3382 2513 3704 2584 ’Δντιοχείας
3735 2519 3860 2564 τοῦ

2231 2610 2315 2664 ἐπὶ
2387 2619 2481 2672 τῆς
2548 2609 2806 2675 εὐταξίας,
2867 2611 3124 2680 Γεωργίου
3201 2603 3535 2676 ἀναγνώστου
3608 2598 3859 2674 Ἀδριαο

2229 2700 2510 2762 νουπόλεως
2574 2707 2667 2753 τοῦ
2727 2702 3139 2771 Σκουταριώτου,
3170 2693 3429 2747 Νικολάου
3493 2689 3858 2763 ἀναγνώστου

2229 2799 2322 2844 τού
2388 2789 2627 2845 Ἀττικοῦ
2652 2792 2784 2859 ,καὶ
2845 2791 3064 2848 Λέοντος
3126 2791 3219 2837 τοῦ
3281 2779 3790 2856 Ἀδριανουπολίτου
3827 2797 3846 2811 ·

2232 2881 2332 2936 ἀπὸ
2410 2880 2692 2955 βασιλικῆς
2762 2882 2853 2931 καὶ
2937 2879 3078 2938 θείας
3148 2873 3520 2949 προσκυνήτης
3594 2869 3858 2946 ἀγράφου

2230 2972 2582 3048 προστάξεως,
2611 2972 2762 3042 ἡμεῖς
2804 2970 2853 3020 οἱ
2916 2967 3181 3040 ἀρχιερεῖς
3233 2961 3285 3026 ἔξ
3331 2962 3616 3036 ἐπιτροπῆς
3644 2967 3736 3012 τοῦ
3787 2980 3857 3014 τε

460 3050 831 3144 patriarcha,
863 3053 922 3106 et
954 3065 991 3105 a
1025 3049 1406 3106 sanctissimo
1433 3049 1981 3122 Hierosolymorum
2019 3065 2114 3122 pa-

2229 3063 2523 3134 ἀγιωτάτου
2582 3055 2841 3112 δεσπότου
2897 3060 2988 3108 καὶ
3047 3053 3406 3125 οἰκουμενικοῦ
3470 3051 3854 3125 πατριάρχου,

462 3140 722 3198 triarcha
762 3139 1064 3196 monacho
1094 3139 1344 3196 domino
1371 3141 1620 3203 Joanne,
1646 3139 1894 3212 insuper
1939 3140 2122 3197 etiam

462 3245 500 3287 a
525 3229 910 3286 sanctissimo
953 3229 1406 3302 archiepiscopo
1436 3229 1616 3287 totius
1642 3230 1952 3300 Bulgaria,
1981 3229 2122 3286 cha-

462 3317 703 3374 rissimo
734 3320 952 3388 patruo
983 3317 1240 3388 potentis
1294 3317 1605 3390 sanctique
1651 3319 1836 3375 nostri
1863 3320 2124 3392 impera-

469 3405 942 3476 toris,monacho
967 3405 1238 3477 inquam,
1267 3406 1513 3464 domino
1539 3410 1767 3465 Joanne
1789 3409 2119 3478 Comneno;

465 3510 575 3551 nec
603 3509 726 3551 non
745 3494 823 3550 ad
861 3509 931 3550 ea
950 3509 1087 3566 qua
1125 3495 1186 3549 in
1235 3493 1699 3552 Blachernarum
1728 3497 1951 3569 palatio
1983 3515 2122 3556 con-

464 3583 629 3640 venit
647 3586 860 3639 sancta
876 3582 1138 3654 divaque
1159 3583 1416 3654 synodo;
1441 3586 1823 3655 pervenimus
1849 3589 1927 3643 ad
1950 3603 2123 3644 vene-

464 3672 727 3730 randum
777 3670 1160 3742 Hodegorum
1207 3671 1759 3747 canobium,atque
1789 3676 1849 3732 in
1871 3692 2122 3750 conspe-

470 3765 633 3818 ctum
690 3759 941 3817 admissi
992 3759 1160 3816 electi
1217 3760 1362 3818 olim
1415 3762 1769 3832 patriarcha
1823 3765 1924 3822 Dei
1954 3767 2121 3822 urbis

463 3849 795 3906 Antiochia
850 3863 1093 3919 magna
1131 3849 1362 3906 domini
1391 3851 1676 3908 Soterichi
1730 3855 2116 3925 Panteugeni,

455 3937 868 3996 nuntiavimus
894 3938 947 3994 ei
988 3953 1122 4010 quae
1174 3937 1237 3994 in
1294 3940 1594 3997 mandatis
1640 3940 1988 4008 habuimus,
2020 3944 2116 4000 his

456 4027 656 4084 verbis
677 4043 689 4080 :
707 4027 1164 4084 Potentissimus
1194 4031 1251 4085 et
1277 4034 1523 4086 sanctus
1559 4030 1888 4104 imperator
1914 4039 2121 4092 noster

453 4113 633 4184 jussit
663 4113 806 4183 heri,
837 4118 900 4169 ut
947 4113 1109 4172 dicta
1152 4120 1361 4173 sancta
1419 4117 1691 4189 synodus
1722 4123 1907 4194 tuque
1937 4122 2119 4180 etiam

460 4200 641 4257 hodie
679 4201 1050 4257 conveniatis
1093 4202 1171 4258 ad
1221 4203 1538 4261 lectionem
1569 4207 1936 4266 audiendam
1964 4227 2124 4268 com-

468 4288 744 4345 mentarii
779 4289 853 4343 de
891 4289 1072 4346 rebus
1095 4290 1413 4363 disputatis
1441 4299 1500 4350 et
1525 4296 1695 4366 actis,
1730 4301 1785 4353 te
1815 4299 2118 4369 audiente,

462 4377 742 4433 hesterna
767 4376 862 4432 die
888 4393 1023 4448 qua
1046 4377 1154 4435 fuit
1172 4383 1484 4451 praesentis
1503 4385 1730 4440 mensis
1759 4387 2120 4447 duodecima

464 4480 671 4521 coram
713 4464 900 4535 regali
930 4466 1163 4536 throno,
1197 4475 1526 4543 sanctaque
1548 4478 1605 4528 et
1630 4473 1834 4532 divina
1858 4478 2116 4548 synodo.

466 4552 765 4617 Quoniam
794 4569 936 4610 vero
963 4554 1103 4612 dicti
1125 4558 1489 4616 sanctissimi
1528 4562 1882 4632 patriarcha
1900 4567 2120 4623 cateri-

471 4657 591 4714 que
621 4641 912 4699 antistites
952 4652 1362 4703 convenerunt
1381 4648 1442 4704 in
1470 4648 1932 4709 Blachernarum
1954 4655 2120 4726 pala-

469 4731 644 4799 tio,ac
661 4731 791 4803 jam
822 4731 1179 4802 praesidente
1210 4750 1246 4790 a
1278 4737 1395 4792 Deo
1417 4743 1704 4798 coronato
1732 4741 2117 4816 imperatore,

465 4825 522 4876 et
562 4819 782 4892 synodi
811 4822 988 4892 pleno
1037 4837 1310 4892 numero,
1346 4830 1410 4882 tu
1450 4843 1573 4884 non
1629 4830 1892 4901 adfuisti,
1949 4835 2120 4892 missi

465 4924 578 4966 nos
607 4909 848 4975 fuimus,
871 4909 957 4968 uti
1003 4909 1230 4968 dictum
1279 4919 1384 4986 est,
1415 4916 1493 4971 ad
1527 4922 1582 4974 te
1626 4919 2028 4996 invitandum,
2053 4930 2118 4983 ut

466 4999 594 5054 sine
633 5015 808 5056 mora
834 4999 997 5056 adsis
1042 5000 1222 5057 hodie
1250 5002 1489 5060 lectioni
1523 5013 1794 5067 actorum
1814 5012 2116 5072 hesterno-

467 5103 626 5143 rum.
660 5088 816 5144 Scito
849 5089 1032 5156 enim,
1061 5091 1227 5162 quod
1257 5092 1306 5148 si
1343 5093 1590 5151 minime
1618 5098 1680 5153 id
1708 5099 1914 5170 facias,
1943 5104 2037 5160 vel
2060 5109 2115 5162 te

463 5174 711 5233 absente
753 5181 888 5234 acta
914 5177 1306 5236 nihilominus
1347 5181 1638 5253 legentur.
1673 5189 1923 5248 Coactus
1952 5195 2114 5252 enim

466 5279 505 5323 a
559 5265 681 5322 Deo
749 5263 969 5322 electus
1028 5269 1442 5328 sanctissimus
1514 5279 1715 5334 noster
1785 5280 2114 5354 imperator

536 5442 955 5524 (26).Hsptw1rf),
984 5445 1183 5530 Latine
1233 5451 1691 5530 circumspectio,
1742 5465 2110 5528 vocabulum

465 5514 715 5642 tanta?
756 5530 919 5642 ἓουιῖά
963 5521 2108 5642 arma;Frdaalsmriaas

541 5623 558 5641 .
598 5589 699 5654 PP,
756 5589 919 5657 apud
963 5601 1074 5644 nos
1126 5589 1400 5665 Spicileg.
1453 5601 1492 5653 t.
1548 5600 1616 5663 ll,
1664 5589 2102 5681 Ριυεοίίιῖῗῖῖῇἶ

2228 3155 2318 3203 καὶ
2369 3150 2463 3204 τοῦ
2504 3148 2798 3220 ἀγιωτάτου
2867 3145 3206 3220 πατριάρχου
3271 3139 3636 3213 Ἱεροσολύμων
3675 3156 3858 3210 μονα-

2228 3247 2334 3314 χοῦ
2408 3246 2569 3314 κυρού
2629 3238 2907 3306 Ἰωάννου,
2978 3237 3054 3287 ἔτι
3121 3229 3181 3285 δε
3235 3235 3326 3284 καὶ
3389 3236 3481 3283 τοῦ
3538 3229 3850 3300 ἀγιωτάτου

2230 3329 2651 3402 ἀρχιεπισκόπου
2712 3328 2886 3386 πάσης
2941 3321 3263 3396 Βουλγαρίας
3323 3323 3413 3372 καὶ
3478 3317 3851 3393 περιποθήτου

2232 3421 2368 3471 θείου
2410 3425 2502 3469 τοῦ
2541 3421 2828 3491 κρατίστου
2871 3417 2962 3466 καὶ
3009 3411 3159 3484 ἁγίου
3200 3410 3346 3482 ἡμῶν
3411 3405 3667 3480 βασιλέως
3733 3425 3851 3477 μο-

2227 3515 2397 3580 ναχοῦ
2449 3513 2611 3580 κυροῦ
2663 3507 2899 3559 Ἰωάννου
2947 3508 3038 3555 τοῦ
3103 3504 3391 3572 Κομνηνοῦ,
3425 3495 3553 3549 ἀλλά
3606 3499 3853 3557 καὶτῆς

2230 3596 2279 3650 ἂν
2313 3606 2385 3668 τῷ
2437 3597 2672 3668 παλατίῳ
2725 3603 2823 3648 τῶν
2887 3591 3192 3664 Βλαχερνῶν
3260 3582 3670 3660 συνδραμούσης
3732 3587 3842 3642 τὴν

2233 3692 2459 3760 σήμερον
2527 3688 2662 3758 ἱερᾶς
2725 3688 2816 3737 καὶ
2877 3685 3015 3744 θείας
3079 3673 3306 3732 συνόδου
3339 3673 3730 3748 ,παρεϐάλομεν
3765 3681 3842 3745 τῇ

2233 3775 2496 3849 σεϐασμία
2532 3783 2661 3848 μονῇ
2716 3783 2816 3826 τῶν
2857 3769 3095 3843 Ὀὃηγῶν
3121 3812 3134 3837 ,
3168 3773 3256 3821 καὶ
3315 3767 3387 3827 εἰς
3434 3764 3554 3837 ὄψιν
3602 3762 3847 3825 ἐλθόντες

2230 3873 2302 3936 τῷ
2368 3867 2625 3938 φθάσαντι
2687 3862 3047 3938 προϐληθῆναι
3124 3858 3433 3930 πατριάρχη
3502 3851 3843 3914 Θεουπόλεως

2230 3958 2452 4033 μεγάλης
2528 3956 2849 4027 Ἀντιοχείας
2905 3958 3048 4026 κυρῷ
3114 3950 3405 4019 Σωτηρίχῳ
3467 3951 3538 4015 τῷ
3609 3948 3844 3995 Παντευ-

2228 4052 2385 4120 γένῳ,
2446 4045 2819 4118 ἀνηγγείλαμεν
2886 4040 3024 4110 αύτῷ
3075 4039 3142 4090 τὰ
3203 4033 3503 4088 ἕν’-αλθέντα
3552 4033 3677 4093 ἡμῖν
3706 4072 3721 4099 ,
3766 4029 3841 4084 εἰ·

2229 4119 2407 4198 πόντες
2458 4139 2528 4198 ὡς
2573 4135 2632 4187 'O
2687 4135 2970 4207 κράτιστος
3032 4132 3122 4181 καὶ
3183 4126 3329 4198 ἂγιος
3376 4125 3522 4194 ἡμῶν
3577 4119 3838 4194 βασιλεὺς

2229 4227 2386 4300 ὥρισε
2442 4227 2578 4278 κατά
2636 4227 2726 4282 τὴν
2778 4223 2907 4294 χθὲς
2957 4215 3212 4272 συνελθεῖν
3269 4214 3405 4266 κατά
3457 4215 3552 4270 τήν
3604 4213 3837 4284 σήμερον

2228 4320 2320 4376 τὴν
2358 4317 2607 4391 ῥηθεῖσαν
2647 4311 2799 4384 ἀγίαν
2847 4304 3064 4362 σύνοδον
3114 4309 3203 4357 καὶ
3250 4306 3307 4356 σε
3354 4300 3438 4354 ἐπὶ
3489 4307 3562 4370 τῷ
3593 4297 3834 4370 ἀναγνω-

2230 4407 2420 4464 σθῆναι
2453 4406 2519 4456 τά
2569 4403 2922 4474 σημειωθέντα
2959 4395 3042 4450 ἐπὶ
3080 4401 3189 4456 τοῖς
3230 4391 3502 4449 λαληθεῖσι
3550 4392 3641 4440 καὶ
3698 4407 3836 4460 πρα-

2227 4498 2438 4568 χθεῖσιν
2503 4492 2581 4546 ἐπ’
2648 4491 2897 4566 ἀκροάσει
2951 4507 3044 4540 σου
3093 4487 3228 4537 κατά
3268 4487 3362 4540 τήν
3419 4482 3550 4552 χθὲς
3608 4475 3681 4550 ιβ’
3737 4485 3836 4530 τοῦ

2224 4590 2478 4662 παρόντος
2531 4585 2693 4657 μηνὸς
2735 4579 2819 4633 ἐπὶ
2858 4584 2948 4630 τοῦ
3000 4573 3281 4649 βασιλικοῦ
3341 4569 3585 4644 βήματος
3613 4571 3837 4630 καὶτῆς

2227 4657 2360 4748 ἱεροῖς
2408 4676 2498 4724 καὶ
2565 4673 2700 4730 θείας
2769 4663 3021 4722 συνόδου.
3057 4663 3203 4716 Ἐπεὶ
3235 4657 3294 4713 δε
3359 4660 3408 4711 οὶ
3462 4661 3551 4730 μεν
3589 4658 3831 4731 ῥηθέντες

2223 4764 2504 4834 ἁγιώτατοι
2544 4760 2878 4834 πατριάρχαι
2923 4760 3014 4808 καὶ
3064 4755 3113 4806 οἱ
3159 4751 3330 4804 λοιποὶ
3379 4748 3646 4822 ἀρχιερεῖς
3706 4764 3831 4797 συν-

2223 4853 2377 4912 ῆλθον
2418 4851 2482 4912 εἰς
2539 4854 2596 4902 τὸ
2660 4847 2707 4900 ἐν
2762 4847 3077 4921 Βλαχέρναις
3134 4839 3379 4894 παλάτιον
3404 4880 3418 4905 ,
3447 4840 3536 4888 καὶ
3571 4835 3824 4908 προκαθί-

2226 4961 2406 5003 σαντος
2468 4948 2559 4994 τού
2600 4942 2900 5010 θεοστεφοῦς
2941 4937 3086 5008 ἡμῶν
3153 4929 3533 5002 αὐτοκράτορος
3576 4929 3666 4976 καὶ
3727 4930 3822 4975 τοῦ

2225 5032 2476 5104 συλλόγου
2526 5032 2720 5089 παντὸς
2761 5026 2992 5099 πλήρους
3039 5026 3204 5085 ὄντος,
3228 5022 3294 5072 σύ
3333 5016 3428 5070 οὐκ
3456 5010 3814 5086 ἑνεδήμησας·

2223 5102 2582 5193 ἀπεστάλημεν
2637 5119 2804 5190 ἡμεῖς,
2850 5117 2916 5175 ὡς
2981 5107 3300 5174 δεδήλωται,
3359 5102 3822 5178 μετακαλέσασθαί

2220 5478 2510 5552 Equidem
2540 5474 2769 5547 absque
2797 5473 2913 5529 hoc
2942 5466 3253 5552 synodalis
3275 5461 3588 5552 scriptura
3604 5469 3821 5552 853111-

2215 5529 2694 5624 ᾗῇ)ῑᾶᾗῖᾳῦοῆ
2704 5529 3017 5624 putassem
3039 5540 3276 5599 Latinos
3306 5553 3342 5595 a
3362 5529 3580 5591 Gracis
3604 5529 3706 5600 huj
3717 5543 3816 5582 us-

2215 5616 2383 5680 inodi
2404 5616 2639 5680 titulum
2669 5616 3028 5690 sumpsisse.
