4046 6310
117 325 216 380 197

1518 325 1865 384 THESAURI
1903 327 2039 386 LIB.
2083 326 2266 386 XXIV.

3379 333 3486 391 198

129 450 277 519 χείςο
345 446 621 522 ὀφείλοντα
659 445 854 503 εἰδέναι
911 452 1000 515 ὥς,
1059 449 1190 522 εἰμὴ
1247 455 1402 503 τοῦτο
1463 455 1735 520 ποιήσαις,

1870 452 2168 509 ινοοεάθιιθ
2224 452 2300 509 ad
2354 455 2630 526 paratam
2686 456 2806 510 Deo
2888 454 3124 512 favente
3169 454 3490 512 militarem

124 545 215 591 καὶ
311 547 414 592 σοῦ
512 545 585 613 μὴ
649 537 1042 613 ἐνδημήσαντος
1146 541 1610 612 ἀναγνωσθησεται
1671 544 1728 594 τὸ

123 637 383 682 τοιοῦτον·
455 635 882 704 κατατεινόμενος
924 633 1024 706 γὰρ
1107 632 1134 683 ό
1194 629 1563 706 θεοπρόϐλητος
1640 635 1731 684 καὶ

115 722 408 793 κράτιστος
467 722 615 793 ἡμῶν
655 721 991 796 αὐτοκράτωρ
1050 720 1266 785 ἐξελθεῖν
1328 719 1400 781 εἰς
1460 723 1556 779 τὴν
1609 738 1731 794 προ-

112 811 363 882 κειμένην
420 808 664 882 εὐτυχῶς
722 813 816 863 σὺν
875 818 990 881 Θεῷ
1058 808 1408 885 ἐκστρατείαν,
1499 805 1593 862 διά
1643 812 1733 870 τάς

113 899 446 971 ἐπικειμένας
548 903 810 973 κοσμικὰς
903 899 1192 972 ἀναγκαίας
1284 895 1566 974 φροντίδας
1639 897 1734 951 οὐκ

1838 541 2304 614 expeditionem,
2333 546 2602 615 Spropter
2657 543 2949 599 instantes
2995 543 3489 616 necessariasque

1838 631 2072 704 imperii
2103 647 2300 698 curas,
2332 630 2499 688 haud
2521 631 2744 688 diutius
2767 632 3103 689 discessum
3143 649 3323 690 suum
3384 649 3490 706 po-

1837 723 1951 776 test
2027 720 2286 777 diiferre.
2339 723 2780 794 Proptereaque
2831 722 2959 778 heri
3032 722 3360 794 mandavit,
3417 726 3485 781 ut

1841 809 2038 864 cuncti
2066 808 2246 865 hodie
2272 809 2690 878 convenirent;
2723 814 2780 867 et
2811 825 2975 866 nunc
3006 814 3130 868 tota
3169 810 3265 867 die
3323 811 3491 868 sedet

1840 896 1903 953 in
1933 897 2083 954 solio
2105 902 2275 954 tuum
2305 899 2660 972 praestolans
2691 899 3040 957 adventum.

109 989 226 1059 εχει
291 989 456 1042 πλέον
507 987 729 1062 ἀναρτᾷν
792 992 886 1049 την
943 988 1220 1053 ἑξέλευσινο
1293 994 1384 1042 και
1451 985 1546 1041 διὰ
1590 995 1744 1042 τοῦτο
1809 988 1940 1059 χθές
2003 1005 2058 1040 τε
2116 1007 2275 1064 ωρισε
2351 987 2606 1042 συνελθεῖν
2654 991 2848 1052 πάντας
2905 993 3039 1044 κατά
3092 993 3187 1050 τὴν
3235 994 3485 1066 σήμερον,

110 1083 199 1129 καὶ
223 1084 321 1128 νῦν
363 1079 701 1152 προκάθηται
737 1083 1052 1152 πανημεριος
1081 1083 1175 1139 τὴν
1204 1083 1302 1139 σὴν
1341 1077 1599 1152 ἀναμένων
1629 1073 1934 1150 ἐπιδημίαν.

180 1183 238 1236 ¹0
313 1181 380 1238 δὲ
453 1188 588 1260 πρὸς
635 1193 803 1239 ταῦτα
858 1185 1234 1259 ἀντεφθέγξατο
1323 1190 1395 1260 μὴ
1473 1181 1736 1238 δύνασθαι

110 1278 496 1349 παρουσιάσαι
544 1280 676 1348 μήτε
730 1281 952 1350 τήμερον
990 1281 1120 1350 μήτε
1160 1295 1338 1351 αυριον
1393 1273 1427 1329 δ
1435 1279 1489 1328 ιά
1541 1279 1600 1328 τὸ
1639 1296 1738 1329 πυ-

108 1371 333 1436 ρέττειν,
393 1367 464 1426 ὡς
530 1365 712 1436 ἔλεγεν
766 1365 851 1420 ἐπὶ
905 1366 1083 1428 κλίνης
1162 1368 1264 1441 γὰρ
1337 1365 1581 1436 ἀνέκειτο,
1647 1369 1737 1418 καὶ

112 1453 323 1526 ἀγνοεῖν
393 1453 441 1506 εἰ
517 1452 734 1526 ἐπιταθῇ
792 1455 933 1525 αὐτῷ
983 1457 1049 1508 τὰ
1119 1463 1214 1517 τῆς
1261 1458 1443 1508 νόσουο
1519 1455 1753 1528 προσθέ,

109 1562 264 1616 sane;
336 1543 444 1609 ὃτι,
526 1545 682 1616 Ἐμοῦ
758 1541 998 1613 ἀπόντος,
1052 1543 1080 1596 ὃ
1115 1547 1385 1618 αἱροῦνται
1440 1545 1742 1602 ποιησάτω-

111 1652 230 1698 om,
270 1631 465 1705 'Hyﬁg
505 1628 565 1685 δὲ
605 1636 696 1684 καὶ
734 1630 888 1694 αὖθις
959 1629 1337 1708 διελαλήσαμεν
1379 1635 1512 1708 πρὸς
1562 1632 1740 1719 αὐτὸν,

336 1543 444 1609 ὃτι,

111 1726 182 1783 ὣς
209 1723 256 1776 εἰ
296 1729 379 1795 μὴ
423 1725 778 1796 παρουσιάσει
824 1724 965 1798 ἄρτι,
1027 1723 1486 1796 ἀναγνωσθήσεται
1522 1726 1582 1775 τό
1622 1718 1741 1774 διαὲ

110 1813 308 1884 ληφθὲν
370 1816 620 1886 σήμερον,
668 1816 760 1865 καὶ
801 1819 949 1865 πᾶσα
980 1815 1113 1888 θύρα
1178 1809 1537 1884 δικαιολογίας
1575 1814 1743 1884 τούτῳ

1914 1185 2004 1241 Ad
2023 1187 2152 1242 haec
2171 1185 2486 1258 respondit
2513 1185 2873 1256 Soterichus,
2903 1185 3070 1242 haud
3101 1201 3161 1242 se
3191 1203 3370 1260 posse
3391 1187 3486 1244 vel

1844 1275 2024 1331 hodie
2058 1275 2146 1330 vel
2174 1291 2306 1332 cras
2337 1275 2570 1339 adesse,
2602 1279 2847 1347 propter
2865 1275 3081 1332 febrim
3110 1291 3232 1348 qua
3271 1292 3332 1331 se
3355 1291 3492 1332 cor-

1846 1368 2084 1437 reptum
2113 1363 2387 1432 dicebat;
2418 1381 2563 1420 nam
2593 1369 2649 1420 et
2674 1364 2734 1420 in
2762 1364 2913 1421 lecto
2945 1364 3206 1436 jacebat,
3240 1369 3298 1420 et
3330 1365 3497 1434 igna-

1847 1469 1982 1510 rum
2024 1470 2257 1510 senum
2288 1453 2539 1510 morbus
2597 1457 2915 1526 augeretur
2971 1453 3192 1510 aiebat.
3257 1453 3499 1510 Addidit

1849 1548 2074 1607 tamen,
2107 1547 2172 1600 ut
2201 1559 2262 1599 se
2289 1559 2532 1618 quoque
2563 1543 2829 1613 absente,
2853 1543 3019 1616 quod
3043 1543 3328 1616 placitum
3346 1543 3497 1600 foret

1850 1633 2262 1691 decernerent.
2292 1636 2440 1690 Tum
2471 1649 2585 1689 nos
2607 1649 2818 1688 rursus
2852 1632 2964 1705 ipsi
2996 1633 3493 1703 signiﬁcavimus,

1851 1723 2019 1796 quod
2040 1723 2153 1778 nisi
2184 1723 2382 1779 statim
2408 1727 2804 1795 compareret,
2836 1722 3014 1778 hodie
3063 1721 3320 1792 legenda
3342 1723 3498 1778 esset

1852 1828 1946 1868 res
1989 1811 2296 1884 praedicta,
2351 1815 2528 1883 atque
2581 1811 2747 1867 omni
2833 1810 3118 1882 deinceps
3166 1809 3499 1866 defensioni

115 1900 627 1959 ἀποκλεισθήσεται.
685 1901 1013 1973 Ἀνεγνωσθη
1058 1907 1231 1954 τοίνυν
1289 1901 1415 1954 αὐτὸ
1455 1900 1539 1953 ἐπὶ
1587 1899 1739 1973 βασι-

1870 1877 2011 1958 7ores
2039 1877 2498 1974 praecludendae.
2552 1903 2793 1956 Lectum
2846 1899 2954 1956 fuit
2987 1877 3165 1971 igitur
3207 1899 3502 1972 synodale

115 1991 265 2043 iam?
311 1988 584 2063 βήματος·
639 1995 730 2043 καὶ
790 1991 1133 2064 ἠρωτήθηριεν
1193 1993 1242 2043 οὶ
1294 1992 1744 2064 παρουσιάσαντες

117 2081 490 2154 πατριάρχαι,
541 2078 688 2151 κάγὼ
751 2081 778 2132 ό
844 2080 1186 2153 Βουλγαρίας,
1227 2082 1316 2132 καὶ
1376 2082 1426 2130 οἰ
1482 2077 1744 2152 ἀρχιερεῖς

113 2172 297 2241 ἡμεῖς,
376 2169 420 2222 εἰ
483 2164 565 2221 δεῖ
628 2168 807 2221 λοιπὸν
857 2172 952 2226 την
1011 2167 1301 2240 ἀνάγνωσιν
1355 2167 1595 2239 γενέσθαι
1650 2173 1742 2218 τοῦ

116 2259 425 2321 ἐκτεθέντος
453 2259 592 2311 κατά
625 2262 721 2316 τὴν
759 2259 912 2330 χοες,
952 2259 1023 2320 ὡς
1061 2253 1379 2323 δεδήλωται,
1441 2261 1744 2328 σημειωμα-

117 2367 229 2409 τος-
287 2351 391 2400 καὶ
461 2350 526 2408 ὡς
586 2343 756 2407 οὐδεὶς
803 2345 857 2410 ἐξ
917 2348 1062 2418 ἡμῶν
1130 2344 1462 2418 ἀμφιϐάλλων
1517 2347 1650 2420 πρὸς
1686 2347 1744 2396 τὸ

120 2437 538 2508 ἀναγνωσθῆναι
618 2443 773 2489 τοῦτο
840 2435 1142 2508 ἂτύγχανεν,
1202 2431 1498 2506 ἀνεγνώσθη
1579 2433 1731 2488 αὑτό.

121 2528 270 2580 Ἐπεὶ
344 2526 436 2578 οὗν
468 2532 814 2600 συμπαρῆμεν
843 2530 933 2577 καὶ
999 2525 1047 2577 οἱ
1077 2526 1214 2576 κατά
1263 2528 1358 2581 τὴν
1396 2524 1523 2594 χθὲς
1575 2523 1745 2582 ζητη-

126 2633 318 2676 σαντες
359 2613 619 2687 ἀρχιερεῖς
678 2613 978 2684 σκεῇρασθαι
1031 2617 1150 2686 περὶ
1187 2618 1278 2664 τοῦ
1319 2612 1362 2664 εἰ
1415 2608 1499 2664 δεῖ
1555 2611 1602 2664 ἄν
1636 2609 1747 2685 ἱερᾷ

122 2704 464 2757 καταστάσει
484 2721 539 2756 τε
576 2700 848 2773 εἷναι,εῖτε
906 2706 997 2754 καὶ
1059 2708 1132 2763 εἰς
1183 2700 1438 2775 ἀρχιερέα
1490 2698 1745 2773 προϐιϐα-

129 2795 333 2853 σθῆναι
384 2795 470 2845 τόν
510 2789 808 2849 δηλωθέντα
845 2794 1186 2862 Παντεύγενον
1227 2792 1326 2842 εἴτε
1363 2793 1453 2842 καὶ
1511 2793 1606 2861 μὴ,
1645 2795 1745 2840 τῶν

128 2882 302 2935 ἄλλων
361 2879 600 2934 ἁπάντων
639 2881 882 2934 εἰπόντων
922 2879 1130 2943 ἀνάξιον
1183 2879 1339 2931 αὐτὸν
1378 2880 1554 2938 πάσης
1615 2879 1748 2952 ἱερα-

126 2980 251 3030 τι.κῆ
267 2993 290 3034 ς
396 2971 762 3031 καταστάσεως
819 2967 969 3038 εἶναι,
1047 2971 1253 3042 εἴπομεν
1327 2971 1416 3020 καὶ
1491 2969 1658 3040 ἡμεῖς,
1721 2967 1748 3018 ὃ

124 3060 452 3135 ’Ἡρακλείας
481 3056 740 3130 δηλονότι,
772 3060 801 3111 ὁ
863 3059 1114 3128 Κυζίκου,
1156 3059 1184 3110 ό
1234 3053 1411 3124 Σίδης,
1455 3057 1482 3108 ό
1542 3064 1749 3110 Θεσσα-

129 3150 316 3208 λονίκη
331 3171 380 3215 ς,
420 3150 445 3201 ὁ
482 3151 907 3222 Νεοκαισαρείας,
947 3149 972 3198 ό
1012 3145 1296 3218 Φιλίππων,
1331 3146 1358 3197 ό
1410 3142 1749 3213 Λαοδικείας,

396 2971 762 3031 καταστάσεως
819 2967 969 3038 εἶναι,

1853 1992 2158 2048 decretum
2182 2006 2386 2046 coram
2403 1989 2588 2059 regali
2618 1988 2835 2044 throno
2865 2004 3149 2060 ;moxque
3169 1988 3390 2044 fuimus
3409 1989 3495 2044 in-

1853 2082 2137 2151 terrogati
2158 2095 2270 2136 nos
2293 2079 2647 2152 patriarchae
2669 2077 2751 2134 ibi
2777 2081 3121 2151 praesentes,
3151 2081 3208 2134 et
3237 2093 3348 2148 ego
3371 2077 3499 2134 Bul-

1855 2169 2374 2242 garus,caeterique
2386 2184 2498 2225 nos
2515 2167 2802 2241 episcopi,
2821 2183 2970 2223 num
2992 2181 3204 2239 reapse
3220 2165 3502 2224 facienda.

1853 2261 2026 2318 lectio
2078 2259 2522 2326 hesternorum,
2570 2256 2656 2313 uti
2733 2255 2963 2312 dictum
3019 2261 3125 2327 est,
3203 2258 3494 2311 actorum.

1854 2353 2180 2422 Postquam
2202 2361 2340 2403 vero
2373 2361 2554 2402 nemo
2584 2361 2657 2401 ex
2687 2344 2862 2401 nobis
2892 2343 3220 2417 quominus
3251 2359 3323 2400 ea
3350 2343 3501 2418 lege-

1852 2445 2060 2496 rentur
2089 2437 2444 2510 ambiguum
2475 2451 2538 2492 se
2583 2433 3039 2503 demonstravit,
3062 2432 3216 2490 lecta
3235 2432 3499 2490 fuerunt.

1856 2531 2001 2585 Cum
2034 2532 2236 2584 autem
2277 2525 2632 2582 adessemus
2676 2523 2857 2580 etiam
2923 2538 3035 2578 nos
3083 2521 3181 2578 alii
3213 2522 3499 2595 episcopi,
3535 2517 3538 2521 ’

1854 2617 1959 2692 qui
1977 2617 2175 2674 adhuc
2188 2614 2646 2671 deliberandum
2659 2610 3226 2678 hericensebamus,
3249 2626 3396 2666 num
3409 2609 3505 2666 vel

1854 2707 1915 2763 in
1935 2703 2338 2762 ecclesiastico
2365 2704 2519 2759 statu
2548 2699 2896 2758 retinendus
2916 2703 3077 2755 esset
3099 2699 3192 2754 vel
3223 2699 3402 2755 etiam
3426 2697 3503 2755 ad

1855 2795 2326 2870 patriarchatum
2357 2789 2810 2865 promovendus
2825 2787 3148 2863 praedictus
3181 2788 3508 2859 Panteuge-

1856 2903 1991 2956 nus,
2025 2900 2247 2950 necne;
2298 2879 2524 2938 caeteris
2572 2879 2858 2936 omnibus
2898 2878 3064 2934 omni
3100 2875 3507 2934 ecclesiastico

1858 2979 2015 3032 statu
2045 2975 2365 3044 indignum
2396 2969 2861 3034 afﬁrmantibus,
2894 2983 3007 3023 nos
3036 2980 3301 3040 quoque,
3331 2968 3505 3022 Hera-

1859 3065 2108 3122 cleensis
2139 3063 2378 3127 scilicet,
2409 3060 2750 3133 Cyzicenus,
2805 3056 3090 3124 Sidensis,
3133 3053 3509 3110 Thessaloni-

1862 3155 2082 3213 censis.
2112 3149 2624 3219 Neocaesariensis,
2665 3145 3078 3220 Philippensis,
3114 3143 3502 3216 Laodicenus,

133 3242 202 3292 τὰ
263 3238 436 3306 αὐτὰ,
487 3242 576 3290 καὶ
639 3243 761 3312 περὶ
814 3239 1003 3290 τούτου
1063 3242 1260 3310 φρονεῖν
1298 3239 1388 3287 καὶ
1437 3234 1600 3306 λέγειν
1645 3241 1752 3293 τοῖς

1870 3244 2122 3319 pedibus
2176 3241 2235 3297 in
2277 3238 2636 3296 sententiam
2693 3237 2932 3301 ivimus,
2972 3249 3170 3307 neque
3210 3232 3425 3288 eadem
3451 3236 3510 3289 et

130 3329 346 3390 λοιποῖς
411 3326 818 3400 συλλειτουργοῖς
873 3329 1040 3400 ἡμῶν,
1099 3330 1191 3378 καὶ
1246 3320 1412 3398 μηδεν
1469 3325 1608 3395 ἔχειν
1661 3321 1756 3394 ἀμο

138 3418 390 3490 aviaui”.

202 3509 267 3561 Ὁ
330 3510 572 3568 ταπεινὸς
600 3509 831 3580 μοναχὸς
877 3511 1083 3566 Λουκᾶς
1133 3508 1223 3556 καὶ
1271 3502 1388 3574 Dic,»
1428 3508 1562 3554 Θεοῦ
1600 3498 1757 3576 ἀρχι-

133 3603 436 3659 επίσκοπος
489 3600 602 3658 νίας
646 3595 850 3668 Ῥώμης
914 3601 1021 3656 τοῖς
1105 3593 1154 3646 ἓν
1211 3600 1284 3664 τῷ
1325 3595 1548 3666 παρόντι
1612 3594 1757 3662 τόμῳ

134 3692 534 3762 γεγραμμένοις
571 3686 655 3739 ἰπὶ
700 3693 796 3739 τοῦ
854 3688 954 3758 πρὸ
1023 3687 1168 3757 ἡμῶν
1217 3682 1622 3755 μακαριωτάτου
1661 3698 1758 3732 πα-

134 3781 422 3854 τριάρχου
459 3783 621 3852 κυροῦ
671 3778 1068 3828 Κωνσταντίνου
1123 3778 1422 3844 στοιχησας
1459 3775 1561 3842 ,καὶ
1603 3768 1760 3830 αὐτὸς

135 3872 236 3920 καὶ
263 3869 459 3941 ὁρίσας
499 3863 797 3938 ὑπέγραψα.

212 3974 276 4026 Ὀ
305 3975 555 4033 ταπεινός
594 3976 822 4045 μοναχός
870 3970 1109 4032 Ἰωάννης
1163 3973 1252 4021 καὶ
1309 3967 1429 4039 ἐλέῳ
1461 3971 1594 4020 Θεοῦ
1652 3985 1756 4018 πα-

142 4065 424 4137 τριάρχης
473 4068 567 4123 τῆς
607 4063 800 4134 μητρός
847 4066 1028 4112 πασῶν
1092 4065 1192 4109 τῶν
1251 4054 1572 4113 Ἐκκλησιῶν
1611 4054 1763 4126 άγίας

145 4157 278 4206 Σιὼν
307 4148 508 4210 πόλεως
536 4145 879 4223 Ἰερουσαλὴμ.
905 4149 1088 4223 ὁρίσας
1119 4144 1419 4218 ὑπέγραψα.

219 4259 279 4312 Ὀ
309 4260 555 4317 ταπεινός
601 4260 834 4329 μοναχός
881 4256 1121 4317 Ἰωάννης
1177 4256 1266 4306 καὶ
1330 4251 1448 4323 ἐλέῳ
1504 4256 1636 4303 Θεοῦ
1677 4247 1766 4323 ἀρ-

150 4353 520 4421 χιεπίσκοπος
549 4353 762 4421 πρώτης
803 4347 1174 4400 Ἰουστινιανοῦ
1240 4347 1329 4395 καὶ
1376 4343 1552 4402 πάσης
1613 4338 1767 4391 Βουλ-

148 4443 345 4514 γαρίας
378 4438 404 4487 ό
437 4438 707 4508 Κομνηνὸς
727 4435 912 4510 ὁρίσας
939 4431 1246 4507 ὐπέγμαψα.

219 4527 283 4580 Εἰ
361 4529 455 4578 καὶ
511 4525 644 4596 μετά
723 4527 810 4577 τόν
867 4527 1263 4597 μακαριώτατον
1341 4517 1765 4593 ἀρχιεπίσκοπον

153 4617 483 4690 Βουλγαρίας
552 4612 834 4689 ὑπέγραψα
882 4610 976 4665 διὰ
1011 4616 1070 4665 τὸ
1131 4613 1264 4664 θεῖον
1331 4613 1421 4661 καὶ
1487 4605 1767 4678 ἀναγκαὶον

155 4715 247 4767 τῆς
301 4704 781 4776 ἐκκλησιαστικῇς,
839 4704 1146 4767 ὑποθέσεως,
1203 4697 1310 4750 ἀλλ’
1363 4694 1451 4750 οὖν
1508 4691 1657 4748 οὐδὲν
1716 4693 1769 4746 ἐκ

154 4800 347 4849 τούτου
404 4803 479 4867 τῷ
535 4795 695 4868 θρόνῳ
769 4801 860 4854 τῆς
917 4797 1116 4867 Σόπρου
1173 4793 1449 4862 γενήσεται
1505 4789 1773 4859 πρόκριμα

160 4887 212 4938 ἐκ
251 4895 357 4947 τῆς
411 4882 543 4956 ἐμῆς
602 4882 930 4956 ὑπογραφῆς,
997 4883 1084 4932 τόν
1143 4879 1246 4930 ἄνω
1294 4881 1473 4941 τόπον,
1555 4875 1622 4936 ὠς
1672 4876 1772 4945 εγὼ

155 4975 314 5047 λέγω,
391 4971 448 5025 ἐκ
503 4967 764 5045 διαφόρων
797 4966 1014 5023 δικαίων
1045 4971 1240 5040 ἔχοντι·
1286 4961 1372 5017 διὸ
1413 4970 1644 5035 στοιχῶν
1683 4981 1773 5013 και

165 5065 318 5123 αὐτος
337 5071 452 5121 τοῖς
481 5060 533 5112 ἐν
585 5068 656 5132 τῷ
687 5064 829 5132 τὸμῳ
866 5058 1147 5132 ὁρισθεῖσι,
1205 5053 1443 5128 φυλάττω
1494 5056 1583 5103 καὶ
1613 5049 1772 5123 ἐμαυ-

165 5162 234 5224 τῷ
293 5155 357 5204 τὸ
416 5157 516 5203 τοῦ
586 5152 768 5222 θρόνου
807 5144 1031 5200 δίκαιον.
1075 5144 1415 5216 Ἀσπάξομαι
1477 5137 1536 5194 δὲ
1574 5144 1663 5191 καὶ
1709 5141 1776 5191 τὰ

169 5241 528 5315 γεγραμμένα,
567 5241 658 5289 καὶ
715 5238 933 5297 ταύταις
986 5241 1099 5296 ταῖς
1145 5235 1359 5294 ἐννοίαις
1406 5233 1496 5282 καὶ
1561 5231 1774 5280 πίστεσι

171 5329 554 5382 συναποθανεῖν
607 5329 857 5400 εὔχομαιο
933 5323 990 5377 Ὀ
1065 5324 1300 5397 μοναχὸς
1357 5318 1633 5391 ἐλάχιστος
1686 5318 1774 5368 καὶ

168 5416 281 5491 ﬂz'rp
315 5423 459 5471 Θεοῦ
488 5413 910 5490 ἀρχιεπίσκοπος
931 5416 1145 5487 Κύπρου
1176 5413 1434 5472 Ἰωάννης.

231 5507 292 5559 Ὁ
348 5503 559 5567 εὐτελής
603 5504 1027 5580 ἀρχιεπίσκοπος
1086 5509 1180 5564 τῆς
1237 5497 1596 5576 μητροπόλεως
1645 5499 1774 5550 Και-

179 5601 394 5673 σαρείας
489 5590 879 5656 Καππαδοκίας
942 5600 1187 5664 Στεφανος
1233 5591 1418 5665 ὁρίσας
1474 5583 1774 5661 ὑπέγραψα.

1868 3335 2085 3390 sentire
2107 3339 2164 3388 et
2182 3330 2350 3402 loqui
2387 3344 2525 3384 cum
2544 3325 2787 3399 reliquis
2810 3321 3341 3380 consacerdotibus
3374 3337 3510 3378 nos-

1867 3423 1968 3480 tris
1998 3421 2232 3494 absque
2262 3418 2380 3474 ulla
2409 3415 2781 3473 dubitatione
2807 3411 3132 3470 edidimus.

1937 3511 2189 3568 Humilis
2246 3508 2581 3565 monachus
2612 3508 2820 3572 Lucas,
2861 3503 2964 3560 Dei
3002 3500 3384 3558 miseratione
3424 3516 3512 3556 ar-

1867 3602 2290 3674 chiepiscopus
2310 3612 2483 3653 novze
2513 3598 2737 3664 Romze,
2771 3592 2918 3649 actis
2947 3591 3009 3647 in
3035 3589 3314 3663 prmsenti
3344 3593 3511 3644 tomo

1868 3692 2104 3765 scriptis
2135 3690 2250 3746 sub
2276 3699 2638 3762 praecessore
2677 3687 2882 3740 nostro
2931 3680 3277 3738 beatissimo
3327 3677 3511 3751 patri-

1870 3784 2054 3841 archa
2083 3779 2332 3837 domino
2361 3774 2753 3833 Constantino
2803 3769 3182 3829 consentiens
3214 3783 3326 3842 ego
3366 3782 3516 3840 quo-

1868 3889 1985 3948 que
2017 3875 2072 3928 et
2097 3869 2388 3926 deﬁniens
2414 3864 2758 3938 subscripsi.

1941 3959 2231 4018 Humililis
2260 3956 2596 4014 monachus
2638 3953 2923 4015 Joannes,
2976 3947 3078 4003 Dei
3131 3943 3515 4001 miseratione

1869 4050 2214 4124 patriarcha
2257 4046 2467 4102 matris
2522 4041 2794 4100 omnium
2838 4035 3238 4124 Ecclesiarum
3293 4035 3514 4091 sancta:

1874 4122 2015 4200 Sion
2038 4137 2204 4195 urbis
2223 4133 2578 4201 Jerusalem,
2609 4127 2903 4185 deﬁniens
2927 4122 3274 4195 subscripsi.

1943 4228 2192 4287 Humilis
2226 4223 2564 4282 monachus
2592 4223 2852 4276 Joannes
2880 4218 3247 4279 Comnenus,
3280 4210 3381 4268 Dei
3413 4211 3519 4267 mi-

1873 4320 2169 4378 seratione
2237 4312 2730 4384 archiepiscopus
2778 4306 2987 4382 prima:
3063 4301 3413 4359 Justinianaa
3464 4303 3521 4357 et

1874 4412 2054 4469 totius
2079 4406 2388 4477 Bulgariae,
2423 4401 2717 4477 deﬁniens
2757 4393 3130 4477 subscripsi;
3178 4462 3193 4477 ἱ
3313 4463 3324 4474 .

1947 4462 2306 4552 Quanquam
2329 4462 2440 4548 ego
2464 4478 2603 4547 post
2639 4462 3058 4526 beatissimum
3090 4462 3382 4533 Bulgaria:
3412 4476 3524 4552 ar-

1799 4584 1842 4640 ι)
1876 4551 2327 4645 chiepiscopum
2357 4561 2706 4634 subscripsi,
2739 4563 2984 4616 coactus
3021 4570 3197 4645 sacra
3217 4551 3522 4645 ecclesias-

1879 4664 1973 4719 tici
2004 4641 2343 4730 argumenti
2373 4652 2746 4715 necessitate,
2779 4645 3011 4703 nullum
3057 4643 3198 4699 hinc
3239 4641 3366 4697 sedi
3407 4642 3518 4712 Cy-

1879 4752 2022 4826 priae
2052 4749 2154 4805 ﬁet
2199 4742 2656 4819 praejudicium;
2695 4737 2922 4810 quippe
2973 4732 3074 4806 qui
3097 4820 3112 4826 _
3136 4730 3406 4826 δεδι-η]οὲ
3427 4743 3524 4784 me

1881 4818 2101 4898 inultos
2129 4818 2218 4894 ob
2240 4833 2438 4892 titulos
2461 4829 2832 4902 superiorem
2871 4831 3069 4881 tenere
3097 4820 3319 4877 locum.
3370 4818 3524 4882 Qua-

1881 4931 2154 4988 mobrem
2175 4930 2230 4982 et
2256 4926 2382 4996 ipse
2409 4919 2792 4978 consentiens
2821 4911 3080 4970 deﬁnitis
3106 4910 3165 4964 in
3203 4913 3388 4975 tomo,
3437 4907 3523 4996 at-

1881 5029 2083 5080 tamen
2107 5019 2208 5090 jus
2237 4993 2396 5071 sedis
2441 5026 2592 5066 mea:
2639 5005 2785 5064 mihi
2836 5002 3098 5059 vindico.
3151 4993 3522 5090 Caeteroquin

1883 5085 2483 5183 scripta'amplector,
2518 5105 2700 5172 atque
2729 5096 2791 5152 in
2812 5095 2938 5166 hac
2969 5088 3261 5183 sententia
3284 5085 3526 5183 ﬁdeque

1881 5174 2036 5260 mori
2082 5174 2594 5270 opta—Monachus
2617 5185 2994 5249 minimus,et
3011 5177 3111 5234 Dei
3144 5174 3527 5232 miseratione

1883 5288 2375 5362 archiepiscopus
2400 5278 2577 5353 Cypri
2603 5278 2886 5334 Joannes.

1953 5471 2092 5529 Vilis
2123 5462 2610 5536 archiepiscopus
2633 5457 2915 5512 Caasareze
2945 5445 3347 5520 metropoleos
3375 5444 3528 5517 Cap-
3613 5484 3616 5485 ν

1883 5560 2155 5636 ρᾶἀΟΟῘὶΒ
2188 5554 2524 5628 Stephanus
2557 5543 2852 5602 deﬁniens
2876 5537 3225 5612 subscripsi.
