4046 6310
533 268 633 322 199

528 479 878 552 subscripsi.

596 568 739 625 Vilis
770 565 1148 640 metropolita
1190 569 1441 636 Ancyra
1492 561 1829 636 Stephanus
1880 559 2176 617 deﬁniens

526 658 876 731 subscripsi.

598 749 744 806 Vilis
768 745 1147 821 metropolita
1187 743 1380 819 Cyzici
1417 746 1679 801 Joannes
1707 741 2004 800 deﬁniens
2036 740 2174 797 sub-

527 855 754 912 scrtpsr.

597 928 735 987 Vilis
765 926 1145 1000 metropolita
1170 923 1529 982 Nicomedia
1548 922 2034 996 Theophylactus
2068 921 2174 978 de-

523 1019 740 1075 ﬁniens
755 1015 1058 1088 suscripsi.

597 1107 965 1180 Metropolita
1005 1106 1214 1163 Nicaea
1247 1106 1382 1172 Leo,
1418 1118 1777 1175 quanquam
1822 1101 1965 1158 huic
2021 1118 2174 1175 qua-

525 1198 703 1255 stioni
758 1195 1119 1253 ventilanda
1161 1209 1281 1250 non
1314 1192 1574 1261 interfui,
1620 1192 1695 1247 de
1751 1207 1876 1263 qua
1916 1191 1977 1247 in
2026 1207 2176 1265 pra.

525 1286 681 1343 senti
699 1283 1132 1343 commentario
1147 1282 1360 1352 agitur,
1378 1279 1771 1337 nihilominus
1791 1280 2174 1337 consentiens

524 1374 808 1448 prasenti
834 1371 1055 1429 actioni
1079 1373 1136 1426 et
1164 1370 1292 1443 ipse
1324 1367 1675 1441 subscripsi.

595 1462 734 1518 Vilis
791 1459 1173 1533 metropolita
1228 1457 1637 1524 Chalcedonis,
1699 1456 1805 1513 etsi
1868 1455 2174 1528 indignus,

527 1550 949 1608 Constantinus
999 1547 1379 1605 consentiens
1439 1550 1494 1603 et
1564 1546 1696 1619 ipse
1754 1545 1979 1619 pariter
2036 1546 2177 1603 sub-

527 1656 759 1712 SCI'JpSl.

596 1730 736 1786 Vilis
763 1729 1141 1802 metropolita
1167 1727 1317 1785 Sida
1341 1729 1601 1784 Joannes
1632 1726 1760 1799 ipse
1789 1741 2035 1800 quoque
2078 1726 2178 1817 de-
2213 1738 2252 1792 Β

525 1820 744 1877 ﬁniens
776 1819 1127 1892 subscripsi.

595 1909 737 1965 Vilis
761 1908 1250 1981 archiepiscopus
1296 1906 1697 1979 metropoleos
1738 1905 2175 1963 Thessalonica

529 1998 724 2068 Galus,
761 1998 842 2054 ita
875 2013 1112 2071 semper
1140 2013 1249 2069 per
1280 1996 1379 2052 Dei
1421 1996 1677 2066 gratiam
1729 1995 1889 2051 sensi
1941 2000 2000 2051 et
2045 2009 2179 2050 sen-

525 2088 628 2159 tio,
658 2088 838 2145 docui
867 2093 923 2144 et
951 2088 1182 2155 doceo;
1233 2091 1291 2142 et
1331 2086 1415 2141 sic
1470 2101 1663 2158 usque
1705 2085 1783 2140 ad
1838 2084 1973 2142 vitae
2027 2099 2177 2141 mea

524 2178 886 2235 miseranda
927 2176 1247 2233 terminum
1277 2175 1496 2232 sentire
1522 2181 1581 2231 et
1609 2174 1824 2231 docere
1847 2172 2173 2247 spondens,

524 2267 607 2323 uti
639 2266 701 2321 in
731 2265 1011 2338 praesenti
1044 2269 1208 2321 torno
1249 2263 1609 2329 continetur,
1650 2266 1894 2318 secutus
1938 2264 2174 2317 caetero-

524 2369 663 2410 rum
692 2352 1038 2425 exemplum
1058 2353 1189 2424 ipse
1213 2366 1459 2422 quoque
1503 2349 1797 2405 deﬁniens
1820 2348 2174 2421 subscripsi.

597 2442 738 2497 Vilis
768 2440 1149 2513 metropolita
1179 2438 1641 2510 Claudiopoleos
1683 2438 2000 2509 Gregorius
2031 2437 2177 2493 deﬁ-

523 2531 697 2587 niens
731 2529 1080 2602 subscripsi.

597 2618 851 2676 Humilis
913 2618 1235 2691 episcopus
1310 2616 1711 2673 sanctissima
1770 2615 2177 2689 metropoleos

524 2711 927 2766 Neocasarea
949 2706 1245 2764 deﬁniens
1278 2705 1629 2778 subscripsi.

595 2796 735 2853 Vilis
819 2794 1201 2869 metropolita
1266 2794 1573 2852 Laodicea
1633 2793 1806 2851 Caius
1880 2793 2177 2851 deﬁniens

525 2885 879 2959 subscripsi.

595 2974 743 3032 Vilis
782 2973 1273 3047 archiepiscopus
1302 2971 1706 3047 metrOpoleos
1737 2972 2002 3030 Corinthi
2031 2972 2178 3029 deﬁ—

520 3064 696 3122 niens
722 3064 1074 3137 subscripsi.

596 3154 735 3211 Vilis
765 3155 1088 3226 episcopus
1136 3151 1540 3225 metropoleos
1592 3152 1963 3208 Athenarum
2005 3152 2181 3207 Geor-

526 3244 658 3317 gius
679 3243 973 3299 deﬁniens
995 3241 1351 3314 subscripsi.

598 3332 736 3388 Vilis
757 3330 1137 3403 metropolita
1177 3328 1525 3385 Amastridis
1554 3331 1816 3387 Joannes
1877 3330 2177 3388 deﬁniens

527 3419 878 3492 subscripsi.

597 3508 737 3564 Vilis
811 3506 1193 3579 metropolita
1254 3509 1628 3562 Mocesorum
1703 3508 1817 3563 Leo
1883 3507 2178 3564 deﬁniens

526 3596 875 3671 subscripsi.

598 3687 737 3744 Vilis
778 3684 1159 3760 metropolita
1221 3687 1532 3741 Patraruxn
1580 3684 2025 3751 Constantinus,
2071 3685 2181 3741 etsi

522 3777 706 3849 hujus
751 3775 1102 3851 quastionis
1158 3774 1424 3830 examini
1480 3788 1872 3847 nequaquam
1898 3762 2178 3845 interfui,

523 3871 726 3925 tamen
758 3865 1140 3923 consentiens
1173 3864 1454 3937 prasenti
1507 3863 1729 3920 actioni
1773 3868 1830 3919 et
1875 3863 2007 3936 ipse
2038 3863 2178 3920 sub-

523 3956 758 4030 scripsi.

592 4045 733 4101 Vilis
766 4043 1144 4118 metropolita
1184 4041 1430 4097 Larissa
1477 4042 1763 4111 Georgius
1792 4046 1850 4098 et
1873 4042 2000 4114 ipse
2027 4040 2177 4098 defi-

523 4133 693 4188 niens
721 4132 1066 4205 subscripsi.

596 4221 740 4276 Vilis
770 4221 1087 4293 episcopus
1118 4221 1546 4295 Nicopolitana
1580 4224 1803 4275 sancta
1845 4220 1946 4275 Dei
1990 4219 2179 4276 Eccle-

525 4311 626 4367 sia
650 4309 906 4365 Basilius
928 4315 985 4366 et
1009 4311 1134 4381 ipse
1166 4310 1520 4381 subscripsi.

1883 237 2154 313 ulcera
2194 253 2569 314 summa:

598 389 738 447 Vilis
785 387 1167 463 metropolita
1224 383 1517 443 Heracleae
1587 384 1790 453 Petrus
1880 378 2174 437 deﬁniens
2208 381 2255 435 A

3828 259 4006 312 200

2354 379 2413 433 '0
2444 380 2651 444 εὐτελὴς
2683 382 3071 456 μητροπολίτης
3099 381 3403 456 Ἡρακλείας
3462 387 3655 459 Πέτρος
3699 385 4006 457 ὁρίσας

2284 470 2585 544 ὑπέγραψα·

2353 560 2413 613 '0
2442 560 2613 620 εύτιλή
2625 583 2646 624 ς
2674 561 3027 637 μητροπολίτη
3039 583 3062 624 ς
3111 562 3365 637 Ἀγκύρας
3421 567 3667 637 Στέφανος
3703 565 3786 638 ὁρ
3801 567 3833 616 ἱ
3842 581 4002 638 (τας

2284 649 2585 725 ὑπέγραψα.
2782 636 2789 637 7
3278 636 3281 637 ὁ
3734 636 3747 638 ἡ
3866 636 3883 647 θ

2353 739 2412 793 '0
2450 739 2654 802 εὐτελὴς
2675 739 3065 816 μητροπολίτης
3095 741 3328 802 Κυζίκου
3380 742 3620 804 Ἰωάννης
3697 744 3991 817 ὁρίσας

2284 829 2526 904 ὑπέγραψ
2535 850 2567 881 α
2574 871 2588 886 .

2354 918 2414 971 Ὁ
2453 918 2649 980 εὐτελὴς
2701 918 3085 994 μητροπολίτης
3121 916 3478 994 Νικομηδείας
3524 920 3983 995 Scapti-lacero;

2283 1009 2468 1082 ὁρίσας
2493 1006 2793 1082 ὑπέγραψα.
3450 1017 3461 1025 ⁷’

2351 1096 2411 1150 '0
2466 1094 2856 1171 μητροπολίτης
2908 1100 3136 1159 Νικαίας
3198 1101 3361 1168 Λέων,
3416 1096 3461 1151 εἰ
3502 1102 3591 1151 καὶ
3632 1103 3708 1172 μή
3768 1119 3983 1174 παρ-

2284 1196 2411 1261 ῆμεν
2451 1186 2628 1261 ἐπὶτῇ
2673 1188 2893 1249 ζητήσει
2948 1195 3039 1249 τῆς
3100 1191 3371 1261 παρούσης
3427 1190 3746 1256 ὑποθέσεως,
3842 1191 3975 1264 ἐφ’

2284 1278 2315 1351 ᾖ
2348 1282 2438 1330 καὶ
2476 1281 2536 1330 τὸ
2573 1280 2736 1352 παρὸν
2778 1282 3057 1351 σημείωμα
3100 1281 3327 1350 γέγονεν,
3384 1277 3513 1331 ἀλλὰ
3565 1288 3821 1332 στοικῶν
3865 1289 3964 1354 τῇ

2283 1368 2526 1441 παρούσῃ
2567 1367 2752 1441 πράξει
2791 1367 3073 1441 ὑπέγραψα
3107 1372 3198 1420 καὶ
3227 1368 3402 1430 αὐτός.

2353 1456 2412 1511 Ὀ
2461 1456 2662 1518 εὐτελὴς
2716 1456 3102 1531 μητροπολίτης
3138 1455 3497 1526 Χαλκηδόνος,
3550 1458 3594 1511 εἰ
3628 1462 3725 1512 καὶ
3778 1460 3969 1514 ἂναὶ-

2285 1546 2412 1617 ξιος,
2492 1552 2879 1609 Κωνσταντῖνος
2955 1550 3256 1617 στοιχήσας
3316 1552 3405 1600 καὶ
3476 1546 3632 1611 αὐτὸς
3700 1548 3966 1622 ὁμοίως

2284 1634 2584 1710 ὓπὲγραψα.

2352 1725 2412 1778 '0
2462 1725 2667 1787 εὐτελὴς
2695 1724 3082 1800 μητροπολίτης
3123 1723 3286 1789 Σίδης
3324 1726 3561 1788 Ἰωάννης
3596 1731 3683 1781 καὶ
3735 1728 3961 1790 αὐτὸς

2286 1817 2466 1892 ὁρίσας
2503 1815 2806 1891 ὑπέγραψα,
3218 1884 3223 1887 _

2355 1906 2413 1958 '0
2441 1905 2648 1967 εὐτελὴς
2698 1903 3110 1979 ἀρχιεπίσκοπος
3173 1913 3269 1968 τῆς
3323 1906 3687 1982 μητροπόλεως
3763 1912 3956 1961 Θεσ-

2289 1994 2566 2057 σαλονίκης
2611 1994 2797 2064 Καλός,
2824 1994 2959 2047 οὕτω
2990 2001 3124 2049 Θεοῦ
3170 1997 3396 2067 χάραιτι
3425 2001 3687 2070 φρονήσας
3717 2017 3781 2051 τε
3816 2004 3950 2052 καὶ

2286 2093 2474 2160 φρονῶ,
2536 2080 2810 2137 διδάσκων
2853 2103 2907 2137 τε
2959 2089 3050 2137 καὶ
3094 2080 3337 2153 διδάξας,
3389 2089 3480 2138 καὶ
3525 2084 3660 2159 ἄχρι
3715 2085 3951 2147 τέλους

2285 2182 2381 2236 τῆς
2411 2172 2630 2234 ἐλεεινῆς
2681 2192 2782 2245 μου
2832 2173 2972 2235 ζωῆς
3018 2181 3217 2248 φρονεῖν
3252 2193 3306 2226 τε
3355 2178 3443 2227 καὶ
3496 2171 3784 2227 διδάσκειν
3813 2195 3946 2228 χοι-

2284 2266 2632 2336 τατιθέμενος,
2709 2264 2774 2323 ὡς
2842 2262 2890 2315 ἐν
2980 2270 3051 2334 τῷ
3089 2267 3309 2337 παρόντι
3356 2269 3502 2338 τόμῳ
3561 2260 3944 2337 διιῦιηπται,

2289 2351 2578 2412 ἀκολούθως
2627 2359 2738 2413 τοῖς
2781 2351 2953 2413 ἄλλοις
3018 2356 3108 2404 καὶ
3151 2352 3308 2414 αὑτὸς
3363 2351 3547 2426 ὁρίσας
3583 2354 3935 2428 ὑπέγραψα.

2357 2442 2415 2494 Ὀ
2462 2440 2670 2503 εὐτελὴς
2733 2440 3121 2516 μητροπολίτης
3165 2437 3628 2504 Κλαυδιουπὸλεως
3684 2448 3931 2515 Γρηγὸ-

2288 2550 2398 2606 ριος
2427 2532 2613 2605 ὁρίσας
2635 2529 2937 2605 ὑπέγραψα,

2358 2622 2416 2675 '0
2471 2626 2716 2683 ταπεινῆς
2766 2621 3049 2682 ἐπίσκοπος
3103 2628 3195 2681 τῆς
3261 2619 3555 2692 ἁγιωτάτης
3623 2629 3942 2697 μητροπὸ-

2286 2711 2407 2772 λεως
2425 2716 2837 2786 Νιοκαισαριίας
2866 2709 3050 2785 ὁρίσας
3070 2709 3370 2785 ὑπέγραψα.

2359 2800 2418 2854 '0
2450 2800 2660 2864 εὐτελὴς
2696 2798 3080 2875 μητροπολίτης
3134 2795 3457 2862 Λαοδικείας
3506 2799 3669 2862 Κάλος
3703 2801 3935 2874 ὁρίσας

2287 2890 2589 2965 ὑπέγραψα.

2357 2980 2416 3033 '0
2480 2979 2683 3042 εὐτελὴς
2752 2978 3171 3055 ἀρχιιπίσκοπὸς
3246 2999 3301 3040 τς
3361 2978 3726 3054 μητροπόλεως
3802 2988 3927 3034 Ko-

2220 3090 2260 3145 C
2287 3071 2464 3145 ρίνθου
2506 3069 2688 3143 ὁρίσας
2717 3067 3021 3143 ὑπέγραψα.

2355 3157 2415 3211 '0
2441 3158 2637 3220 εὐτελὴς
2674 3162 2955 3219 ὶπίσκοπος
2971 3166 3067 3220 τῆς
3102 3157 3443 3230 μητροπόλως
3468 3160 3696 3217 Ἀθηνῶν
3725 3164 3884 3235 Γεώρ
3900 3193 3923 3203 -

2285 3267 2402 3324 γιρς
2431 3250 2615 3322 ὁρίσας
2652 3247 2956 3324 ὑπέγραψα·

2356 3336 2416 3390 Ὀ
2481 3337 2683 3398 εὐτελὴς
2756 3335 3138 3412 μητροπολίτης
3211 3332 3568 3411 ’Λμάστριδος
3650 3336 3923 3402 Ἰωάννης

2290 3428 2475 3503 ὁρίσας
2498 3425 2802 3499 ὑπέγραψα.

2358 3514 2416 3567 '0
2461 3514 2663 3577 εὐτελὴς
2720 3511 3106 3587 μητροπολίτης
3158 3519 3435 3572 Μωκησῶν
3490 3517 3633 3567 Λέων
3698 3515 3919 3587 ὁρίσας

2289 3602 2585 3679 ὑπέγραψα.

2358 3692 2416 3746 Ὀ
2474 3692 2677 3754 εὑτιλής
2733 3691 3123 3765 μητροπολίτης
3195 3698 3412 3761 Πατρῶν
3481 3698 3909 3765 Κωνσταντῖνος,

2290 3781 2333 3833 εἰ
2387 3784 2477 3832 καὶ
2517 3784 2587 3852 μή
2633 3786 2871 3853 παρῆμεν
2950 3779 3034 3831 ἐπὶ
3084 3787 3146 3852 τῇ
3195 3778 3419 3840 ζητήσει
3469 3788 3566 3841 τῆς
3611 3784 3908 3854 παρούσης

2288 3871 2605 3938 ὑποθέσεως,
2665 3867 2789 3926 ἄλλη
2860 3876 3091 3940 στοιχῶν
3159 3876 3222 3941 τῇ
3273 3866 3515 3942 πάρούση
3560 3868 3746 3942 πράξέι
3799 3878 3905 3925 καὶ

2288 3961 2439 4019 αὐτὸς
2470 3956 2773 4032 ὑπέγραψα.

2354 4046 2413 4100 Ὀ
2470 4046 2672 4107 εὐτελὴς
2709 4046 3094 4119 μητροπόλει-ης
3148 4050 3424 4121 Λαρίσοης
3466 4052 3723 4121 Γεὼργιος
3798 4057 3900 4105 καὶ

2288 4135 2445 4196 αὑτὸς
2474 4136 2657 4210 ὁρίσας
2688 4135 2993 4209 ὑπέγραψα.

2354 4224 2413 4277 Ὀ
2452 4224 2659 4286 εὐτελὴς
2707 4220 2986 4284 ἐπίσκοπος
3027 4231 3119 4284 τῆς
3150 4222 3196 4275 ἐν
3239 4224 3521 4278 Νικοπολει
3577 4229 3733 4296 ἁγίας
3789 4236 3893 4281 τοῦ

2288 4320 2419 4367 Θεοῦ
2451 4312 2731 4375 ἐκκλησίας
2758 4311 3023 4375 Βασίλειος
3050 4317 3137 4365 καὶ
3156 4316 3314 4374 αὑτός
3334 4313 3632 4388 ὑπέγραψα.

592 4399 940 4490 Theodorus
968 4399 1100 4455 vilis
1150 4398 1530 4472 metropolita
1580 4396 1991 4471 Philipporum
2034 4398 2176 4455 deﬁ-

2357 4399 2627 4477 Θεόδωρος
2656 4403 2681 4455 6
2709 4401 2910 4462 εὑτελὴς
2947 4402 3334 4477 μητροπολίτης
3376 4402 3647 4456 Φιλίππων
3696 4405 3892 4478 ὁρίσας

518 4490 694 4546 niens
716 4487 1068 4560 subscripsi.

593 4577 879 4648 Georgius
930 4576 1064 4631 vilis
1107 4574 1486 4648 metropolita
1528 4576 1825 4646 pramea
1877 4572 2175 4631 deﬁniens

523 4665 880 4739 subscripsi.

560 4755 727 4823 .Vilis
783 4753 1168 4825 metropolita
1211 4751 1482 4825 Corcyra
1557 4750 1984 4807 Constantinus
2031 4753 2172 4808 deﬁ-

519 4846 693 4904 niens
716 4843 1069 4916 subscripsi.

589 4934 729 4991 Vilis
768 4930 1153 5005 metropolita
1205 4930 1564 5003 Methymna
1621 4930 1866 4988 Michael
1921 4946 2172 4989 consen-

516 5023 668 5080 tiens
688 5022 1101 5094 deﬁniensque
1141 5019 1489 5092 subscripsi.

586 5115 851 5168 Joannes
874 5111 1006 5167 vilis
1028 5107 1411 5182 metropolita
1451 5108 1803 5165 Paronaxia
1833 5114 1890 5167 ct
1916 5110 2045 5183 ipse
2070 5110 2169 5167 de-

516 5200 731 5256 ﬁniens
753 5199 1107 5271 subscripsi.

589 5288 867 5345 Nicolaus
894 5289 1026 5344 vilis
1045 5286 1424 5360 metropolita
1444 5286 1674 5343 Attalia
1698 5286 1992 5346 deﬁniens
2021 5290 2165 5346 sub-

518 5377 756 5450 scripsi.
1250 5434 1253 5437 ,

586 5466 727 5523 Vilis
787 5464 1161 5538 metropolita
1222 5466 1689 5540 Acardiopoleos
1739 5468 2164 5526 Constantinus

517 5554 810 5613 deﬁniens
842 5554 1198 5627 subscripsi.

2285 4489 2566 4566 ὑπέγραψα

2354 4587 2610 4655 Γεωργιος
2656 4582 2681 4632 ὁ
2729 4578 2931 4641 εὐτελὴς
2957 4580 3344 4656 μητροπολίτης
3372 4581 3654 4655 Ἀπαμείας
3700 4583 3888 4655 ὁρίσας

2281 4669 2580 4744 ὑπέγραψα.

2348 4757 2407 4812 '0
2429 4758 2634 4820 εὐτελὴς
2688 4759 3072 4833 μητροπολίτης
3137 4762 3400 4835 Κερκύρας
3432 4766 3756 4828 Κωνσταντῖ,
3791 4746 3878 4825 νος

2279 4849 2464 4922 ὁρίσας
2489 4840 2790 4924 ὑπέγραψαί

2345 4936 2405 4989 '0
2489 4936 2691 5001 εὐτελὴς
2781 4938 3169 5014 μητροπολίτης

2279 5032 2471 5099 στοιχή
2485 5047 2576 5089 σας
2604 5032 2694 5080 καὶ
2723 5028 2906 5101 ὁρίσας
2937 5027 3235 5104 ὑπέγραψα.

2351 5117 2585 5177 Ἰωάννης
2622 5118 2648 5168 ὁ
2707 5116 2909 5178 εὐτελής
2957 5116 3351 5191 μητροπαλίτης
3412 5117 3738 5192 Παροναξίας
3786 5124 3874 5172 καὶ

2276 5203 2432 5267 αὐτὸς
2462 5206 2649 5280 ὁρίσας
2680 5204 2982 5278 ὑπέγραψα.

2343 5293 2867 5357 Νικόλαοςὸεὑτελὴς
2917 5294 3307 5370 μητροπολίτης
3350 5296 3650 5359 Ἀτταλείας
3687 5297 3873 5371 ὁρίσας

2273 5382 2573 5457 ὔπέγραψα.

2345 5470 2404 5523 '0
2445 5470 2650 5535 εὐτελὴς
2699 5467 3183 5548 Ἀρκαδιουπόλεως
3248 5470 3633 5537 Κωνσταντῖνος
3679 5472 3860 5549 ὁρίσας

2273 5559 2571 5637 ὑπέγραψα.

3260 4940 3553 5013 Μηθύμνης
3648 4946 3697 4993 Μ
3710 4941 3878 5011 ιχαὴλ
