4046 6310
85 359 169 414 ιοι
1422 345 1683 421 1325M

1848 361 1950 423 .IB.
1989 357 2146 420 XXV.
3337 357 3446 426 202

146 478 373 554 Μιχαὴλ
427 479 459 534 ὃ
514 478 715 544 came;
761 478 1040 546 ὶπίσκόπος
1089 487 1306 560 Λήμνου
1364 487 1554 564 ὁρίσας
1591 489 1685 544 ὑπ-
1712 510 1744 563 Α

1863 487 2109 548 Michael
2149 484 2284 546 vilis
2334 481 2652 560 episcopus
2694 483 2901 546 Lemni
2951 484 3248 548 deﬁniens
3303 490 3446 550 sub-

86 571 298 644 ὴρραίια.

1795 577 2024 653 scripsi.

143 661 197 715 Ὁ
236 660 460 724 εὐτελὴς
513 661 928 738 ἅρχωπίσκοπος
981 674 1075 731 τῆς
1122 667 1397 744 Ἡρακλέος
1440 669 1686 735 Ἀκοξκως

1865 667 2012 725 Vilis
2046 666 2532 742 archiepiscopus
2581 668 2876 728 Heracleae
2929 668 3180 728 Acacius
3231 684 3443 732 mone.-

83 755 314 824 μανικὸς
341 753 536 826 ὁρίσας
571 754 871 828 ὑπέγραψα.

1793 757 1945 816 chus
1972 758 2265 814 deﬁniens
2295 755 2646 830 subscripsi.

143 840 202 895 '0
230 841 449 904 εὐτελής
469 841 891 918 ἀρχιεπίσκοπος
917 845 1185 922 Ὑρκανίας
1210 850 1473 913 Διονύσιος
1503 852 1687 925 ὁρίσας

1864 846 2003 904 Vilis
2059 847 2545 920 archiepiscopus
2590 846 2902 920 Hyrcania:
2952 847 3276 923 Dyonisius
3301 848 3445 908 deﬁ-

84 930 385 1006 ὑπέγραψα-

1794 935 1966 993 niens
1997 936 2345 1008 subscripsi.

145 1019 477 1096 ’Δρχιερέων
516 1026 715 1088 νείατος
745 1023 842 1079 εἰνὶ
887 1025 998 1099 [ita
1049 1027 1206 1101 cod.]
1241 1027 1378 1103 λόγῳ
1430 1026 1528 1089 ἡδὶ
1557 1038 1682 1104 τιμῇ

1865 1025 2205 1082 Antislitum
2249 1025 2494 1082 ultimus
2525 1029 2585 1084 et
2621 1039 2899 1084 sermone
2928 1031 2988 1082 et
3009 1027 3257 1096 honore,
3279 1027 3447 1100 igno-

87 1114 315 1184 ωπτήρ
345 1114 596 1184 νωνύμων
635 1111 968 1168 Δαλισανδῶν
1013 1122 1398 1182 Κωνσταντίνος
1443 1118 1682 1193 ἰσοϐριθῆ

1847 1113 2008 1171 ilium
2093 1113 2558 1172 Dalisandorum
2631 1115 2962 1182 excubitor,
3021 1117 3238 1174 mentis
3295 1132 3445 1175 mese

86 1218 163 1268 μοι
183 1202 256 1252 τὰ
281 1201 432 1274 ζυγὰ
461 1209 554 1255 τοῦ
583 1210 674 1256 νοῦ
695 1207 831 1278 φέρω
850 1212 922 1277 τῷ
943 1201 1176 1282 δεσπότῃ
1197 1226 1298 1281 μου
1320 1214 1683 1284 Σκουταριὼτῃ

1848 1216 2031 1262 .ncem
2096 1219 2238 1276 gero
2303 1219 2515 1278 parem
2578 1203 2828 1264 domino
2893 1220 3031 1263 meo
3099 1206 3446 1265 Scutariotaa

87 1285 253 1351 Σίδης.

1799 1293 2051 1351 Sidensi.

142 1293 253 1351 ἵης.

142 1376 199 1432 Ὀ
251 1377 475 1444 εὐτελὴς
523 1369 811 1446 ἐπίσκοπος
873 1385 1126 1462 Πατάρων
1192 1390 1448 1461 Γιὼργιος
1503 1387 1688 1464 ὁρίσας

1853 1293 2338 1458 gilghepicopus
2393 1386 2745 1445 Patarorum
2810 1385 3100 1459 Georgius
3148 1384 3451 1447 deﬁniens

87 1467 378 1541 ὑπέγραψα.
388 1505 402 1521 .

1799 1473 2151 1548 subscripsi.

90 1650 3445 1682 mw

1021 1845 1285 1992 EX
1399 1843 1996 1998 LIBRO
2108 1848 2538 1997 XXV

956 2159 1332 2225 LECTORI
1373 2161 1810 2227 BENIVOLO
1849 2161 2258 2226 ANGELUS
2297 2162 2596 2229 MAIUS.

1427 2350 1664 2424 (Script.
1694 2353 1814 2409 vet.
1841 2353 1986 2408 tom.
2020 2349 2134 2424 IV.)

174 2704 221 2756 l.
262 2701 567 2758 lneditam
598 2705 814 2760 Graecas
849 2703 1120 2761 Ecclesia
1141 2705 1467 2778 synodum,
1489 2705 1791 2778 dogmatis
1814 2707 2107 2778 gravitate
2137 2697 2560 2772 venerabilem,
2583 2697 3062 2778 patriarcharum
3084 2705 3142 2764 et
3171 2712 3473 2782 metropo-

105 2788 426 2847 litanorum
466 2807 722 2850 numero
751 2793 1073 2865 insignem,
1107 2795 1389 2852 Manuelis
1444 2795 1857 2866 gloriosissimi
1882 2798 2127 2852 Caesaris
2185 2797 2501 2868 prmsentia
2531 2800 2587 2852 et
2620 2796 2855 2853 actibus
2887 2797 3366 2868 cohonestatam,
3399 2813 3473 2854 ex

108 2881 487 2953 autographa
516 2886 737 2947 vetere,
760 2883 821 2939 in
851 2883 1119 2956 ipsisque
1169 2885 1388 2957 synodi
1430 2884 1839 2958 penetralibus
1891 2885 2161 2941 confecto
2204 2885 2432 2949 codice,
2463 2887 2581 2941 Deo
2621 2884 2877 2952 favente,
2909 2885 3254 2955 vulgamus.
3299 2887 3474 2942 Estis

108 2969 296 3025 codex
346 2972 587 3026 Graecus
642 2972 960 3028 Vaticanus
988 2976 1147 3036 1176,
1181 2974 1633 3036 membraneus,
1664 2974 1802 3040 in-é,
1825 2973 2029 3030 litteris
2063 2973 2246 3046 paulo
2287 2973 2711 3044 grandioribus
2766 2990 3128 3047 summaque
3161 2974 3477 3030 sedulitate

110 3063 162 3113 ct
183 3058 588 3131 calligrapbia
609 3061 900 3134 scriptus;
933 3077 1115 3134 quem
1145 3063 1390 3136 quidem
1420 3063 1563 3119 olim
1585 3063 1732 3119 vidit
1765 3065 1876 3119 Leo
1907 3061 2263 3134 Allatius(t),
2299 3062 2406 3118 sed
2435 3062 2685 3119 ubinam
2711 3063 2760 3118 is
2780 3062 3056 3121 latitaret.
3082 3077 3477 3135 nequaquam

109 3147 417 3214 indicavit,
441 3164 604 3205 nunc
657 3157 858 3206 autem
890 3152 952 3208 in
982 3151 1278 3208 Vaticanus
1326 3151 1702 3208 bibliothecas
1750 3151 1964 3225 pluteis
2008 3152 2297 3225 quaerenti
2338 3151 2484 3207 mihi
2531 3151 2704 3208 facile
2734 3151 2980 3208 occurit.
3033 3151 3312 3208 Codicem
3345 3167 3479 3207 esse

109 3238 581 3310 autographum,
611 3237 830 3295 docent
858 3240 1004 3312 ipsae
1035 3240 1379 3312 episcorum
1409 3247 1730 3314 postremae
1765 3241 2263 3313 subscriptiones,
2295 3240 2636 3297 charactere
2663 3241 2907 3313 proprio
2936 3239 3312 3309 singulorum
3333 3241 3481 3296 satis

107 3326 267 3382 vario
293 3331 355 3381 et
383 3325 610 3382 difﬁcili
630 3334 911 3384 exaratm.
931 3332 1179 3402 Insuper
1208 3331 1365 3386 hanc
1397 3329 1672 3402 synodici
1702 3329 1922 3385 codicis
1955 3329 2223 3381 αὐθεντίαν
2249 3327 2966 3385 demonstrantManuelis
2997 3327 3209 3400 imper.
3225 3327 3482 3400 ejusque

107 3413 391 3485 conjugis
417 3415 633 3481 Mariae,
656 3417 716 3472 in
743 3417 938 3474 fronte
967 3417 1190 3474 codicis
1243 3434 1392 3475 auro
1423 3425 1481 3476 et
1519 3418 1699 3475 variis
1751 3417 2053 3476 coloribus
2099 3417 2272 3490 pictas
2328 3418 2648 3488 imagines,
2684 3433 2820 3490 quae
2856 3417 3099 3474 nonnisi
3149 3417 3482 3474 viventium

108 3505 459 3577 principum
510 3505 636 3561 ﬁeri
685 3511 1054 3577 potuerunt:
1089 3511 1329 3564 mortuo
1385 3508 1610 3581 quippe
1660 3507 1949 3570 Manuele,
1975 3521 2177 3562 rerum
2227 3507 2427 3563 statim
2478 3505 2860 3579 publicarum
2894 3522 3137 3562 summa
3167 3507 3482 3562 conversio

110 3593 262 3648 facta
295 3599 411 3661 est,
445 3599 705 3665 tyranno
756 3595 967 3652 oborto
1009 3596 1375 3665 Andronico,
1406 3597 1510 3670 qui
1556 3597 1798 3654 Mariam
1847 3600 2181 3666 Augustam
2210 3595 2367 3652 illico
2420 3595 2659 3665 occidit,
2681 3595 2981 3668 pauloque
3021 3599 3157 3669 post
3206 3594 3483 3651 Alexium

111 3698 394 3753 puerum,
423 3682 706 3738 Manuelis
726 3683 1047 3756 heredem,
1075 3686 1203 3757 pari
1234 3684 1453 3741 scelere
1475 3685 1772 3741 exstinxit.
1806 3685 2029 3741 Eadem
2060 3685 2330 3756 synodus
2357 3689 2556 3741 exstat
2575 3685 2753 3740 etiam
2776 3685 2834 3740 in
2865 3683 3297 3740 recentioribus
3324 3682 3484 3739 Vati-

114 3786 276 3827 canae
321 3770 702 3828 bibliothecae
747 3772 1081 3838 codicibus,
1110 3789 1331 3846 nempe
1369 3775 1496 3830 Vat.
1531 3779 1656 3837 680,
1689 3778 1827 3845 Reg.
1855 3778 1942 3840 67,
1973 3775 2307 3845 Separatim
2350 3790 2492 3830 vero
2534 3773 2947 3844 dogmaticum
2993 3771 3277 3829 Manuelis
3319 3772 3474 3844 imp.

115 3860 380 3916 edictum
418 3861 700 3916 scribitur
737 3862 797 3916 in
829 3862 1026 3919 Ottob.
1063 3866 1187 3919 309.
1219 3865 1349 3918 Jam
1381 3863 1598 3935 synodi
1627 3864 1809 3934 hujus
1839 3863 2184 3918 historicam
2225 3864 2497 3920 notitiam
2521 3862 2683 3935 apud
2714 3862 3073 3918 Cinnamum
3093 3862 3190 3932 (2),
3219 3875 3330 3916 nec
3359 3874 3485 3916 non

116 3949 273 4020 apud
305 3950 668 4006 Choniatam
689 3955 986 4023 (3),atque
1018 3950 1718 4024 Ephraemiummuegere
1746 3952 1908 4008 licet:
1927 3959 2140 4009 caetera
2168 3969 2310 4009 vero
2341 3969 2479 4008 cum
2510 3969 2576 4008 ex
2602 3952 2735 4024 ipsa
2760 3951 3012 4008 lectione
3039 3949 3276 4022 synodi,
3296 3964 3484 4022 quam

119 4053 223 4108 ego
252 4038 535 4094 Latinam
569 4038 702 4104 feci,
724 4055 1020 4113 perquam
1050 4039 1247 4097 lucide
1275 4047 1628 4114 appareant,
1660 4041 1826 4098 nolui
1851 4041 1965 4099 hac
1995 4057 2177 4115 super
2199 4059 2262 4097 re
2283 4041 2599 4098 verbosius
2621 4040 2878 4113 praefari.

157 4147 262 4235 uti)
301 4165 396 4219 De
427 4178 693 4220 consens.
717 4162 821 4219 lib.
845 4178 907 4234 ll,
937 4166 1022 4219 12.
2025 4169 2102 4236 ('2)
2141 4165 2302 4222 Hist.
2333 4181 2430 4233 vn,
2457 4169 2506 4220 5.

182 4242 258 4302 (3)
301 4237 469 4291 Hist.
500 4251 579 4304 vi,
607 4239 659 4290 2.
2018 4240 2099 4308 (4)
2149 4237 2263 4294 Vit.
2298 4238 2522 4294 Caesar.
2544 4252 2598 4292 γ.
2624 4238 2763 4293 4746
2786 4250 2920 4310 sqq.

1550 4503 2064 4598 ΣΥΝΟΔΟΣ

890 4711 1040 4764 ΠΕΡΙ
1078 4715 1209 4764 ΤΟΥ
1248 4715 1482 4778 ΡΗΤΟΥ,
1525 4715 1660 4783 ΟΤΙ,
1701 4717 1744 4762 Ο
1782 4715 2004 4766 ΠΛἸἮΡ
2043 4713 2296 4766 ΜΕΙΖΩΝ
2335 4713 2478 4765 ΜΟΥ
2517 4711 2730 4764 ΕΣΤΙΝ.

257 5144 583 5209 ΗΑΒΙΤΑ
626 5145 1025 5211 PROPTER
1066 5146 1326 5212 ILLUD
1372 5147 1729 5224 DICTUM,
1779 5147 2010 5226 QUIA,
2055 5148 2160 5210 PA
2179 5138 2351 5210 TER
2392 5142 2638 5210 MEUS
2681 5141 2957 5209 ΜΛ]οΗ
2997 5143 3129 5207 ΜΕ
3169 5140 3364 5208 EST;

202 5409 447 5473 Ἐκθεσις
507 5420 606 5464 τῶν
684 5417 1024 5488 πραχθέντων
1083 5412 1165 5468 ἐπὶ
1227 5423 1290 5488 τῇ
1356 5415 1579 5477 ζητήσει
1642 5424 1734 5477 τῆς
1767 5423 1800 5476 Ε

1917 5406 2218 5489 Expositio
2259 5431 2469 5472 eorum
2511 5430 2648 5488 quae
2689 5417 2854 5484 gesta
2883 5417 3023 5471 sunt
3046 5413 3126 5470 ob
3158 5417 3503 5472 controvera

144 5498 428 5572 ἐξηγήσεως
494 5518 584 5553 τον
642 5502 690 5555 ἓν
731 5512 803 5574 τῷ
862 5503 994 5576 ἁγίῳ
1051 5504 1342 5577 Εὐαγγελίῳ
1398 5503 1738 5581 ἆμφερομένου

1907 5522 2006 5562 am
2032 5505 2519 5579 interpretatione
2546 5504 3035 5576 sententiae,quze
3077 5503 3139 5560 in
3184 5501 3505 5573 Evangelia

145 5590 293 5662 ῥητοῦ
322 5599 420 5646 τοῦ
469 5590 716 5652 ἀληθινοῦ
743 5601 879 5648 Θεοῦ
921 5599 1013 5648 καὶ
1061 5603 1294 5672 Σωτῆρος
1348 5597 1495 5670 ἡμῶν
1563 5596 1740 5656 Ἰησοῦ

1911 5595 2083 5655 relata
2109 5595 2326 5670 legitur
2345 5611 2382 5654 a
2410 5609 2554 5652 vero
2586 5595 2706 5653 Deo
2728 5598 2785 5652 et
2806 5595 3118 5653 Servatore
3138 5597 3347 5652 nostro
3369 5593 3509 5648 Jesu

502 5717 748 5778 Panos.
791 5719 892 5778 Ga.
925 5718 1077 5778 CXL.
2972 5721 3008 5780 7
