4046 6310
1913 355 2183 415 ΝΙΟΕἹῈ
2225 348 2599 414 CBONIATIE

3843 344 3998 401 204

569 481 821 551 Christo,
846 478 1119 543 videlicet
1132 484 1310 541 Pater
1330 494 1491 539 meus
1519 480 1719 548 major
1745 493 1839 537 me
1868 483 1953 535 est
1979 480 2020 532 ι.
2048 477 2208 534 Reci-

2329 484 2526 550 Χριστο
2579 481 2609 527 ῡ
2660 472 2913 539 Δτοίη-Ὀ
2964 478 3145 547 Πατήρ
3201 492 3299 545 μου
3374 471 3564 545 μείζων
3638 474 3741 545 μού
3799 471 3984 530 ἐστι,

564 576 727 628 tatur
753 574 955 627 autem
975 570 1273 643 quidquid
1302 573 1481 626 antea
1508 568 1738 623 dictum
1769 567 1878 623 fuit
1906 568 1984 623 ab
2007 568 2079 624 iis
2107 567 2213 640 qui

564 661 732 737 varie
749 659 1104 733 sententiam
1133 659 1299 723 illam
1335 656 1705 729 interpretati
1726 662 1866 713 sunt
1896 675 1908 712 :
1942 661 2121 728 atque
2150 656 2211 711 in

565 746 836 802 medium
864 745 1196 802 afferuntur
1220 750 1571 802 sanctorum
1622 747 1863 801 Patrum
1895 744 2214 805 auctorita-

564 839 689 890 tes:
720 838 850 895 tum
880 850 953 892 ea
971 850 1108 908 quae
1134 834 1353 901 deinde
1379 834 1619 889 decreta
1646 832 1925 899 fuerunt;
1956 848 2066 888 nec
2090 846 2215 889 non

2339 565 2579 622 Δηλοῦσα
2633 569 2723 616 καὶ
2760 565 2828 615 τά
2876 568 3121 638 πρότερον
3170 565 3259 633 μὲν
3310 561 3592 619 λαληθέντα
3644 564 3792 635 παρὰ
3848 569 3991 612 τῶν

2318 659 2379 707 τὸ
2462 661 2696 711 τοιοῦτον
2767 654 2924 727 ῥητὸν
3001 649 3263 726 διαφόρως
3308 650 3714 723 ηερμηνευόντων
3752 695 3768 717 ,
3851 652 3986 711 τὰς

2322 744 2772 817 προκομισθείσας
2830 760 2883 793 τε
2961 746 3188 814 χρήσεις
3253 748 3354 792 τῶν
3426 740 3586 811 ἁγίων
3664 744 3971 813 Πατάρων,

2324 837 2414 885 καὶ
2467 835 2533 883 τὰ
2581 835 2711 903 μετά
2765 837 2915 882 τοῦτο
2972 831 3309 901 κυρωθέντα,
3372 828 3501 881 ἀλλά
3554 833 3644 881 καὶ
3680 832 3747 881 τὰ
3802 832 3976 899 μετὰ

2324 925 2418 978 τὴν
2471 923 2700 993 κύρωσιν
2754 929 2847 980 τῆς
2898 918 3117 978 ἀληθοῦς
3173 919 3444 993 ἑρμηνείας
3490 919 3954 988 συνενεκχθὲντα.

2329 1014 2429 1063 Καὶ
2470 1009 2558 1061 ἐπὶ
2607 1011 2811 1070 τούτοις
2868 1012 2925 1060 τό
2983 1015 3075 1058 τοῦ
3127 1014 3379 1079 κραταιού
3437 1012 3528 1059 καὶ
3576 1008 3730 1076 ἁγίου
3786 1008 3964 1077 ἡμῶν

2329 1096 2588 1170 βασιλέως
2663 1101 3151 1171 Πορφυρογεννητου
3209 1101 3297 1148 καὶ
3377 1097 3755 1169 αὐτοκράτορος
3801 1094 3964 1145 Ῥω-

2326 1191 2515 1257 μαίων,
2569 1193 2729 1252 κυροῦ
2777 1185 3023 1243 Μανουηλ
3083 1192 3175 1237 τοῦ
3230 1191 3499 1257 Κομνηνοῦ
3558 1181 3963 1238 εὐσεϐέστατον

562 921 665 978 illa
690 939 825 996 quae
837 928 1192 995 postveram
1214 923 1764 995 interpretationem
1791 922 2029 977 decreto
2050 936 2221 975 cons-

563 1012 820 1081 titutam,
854 1013 1223 1070 acciderunt.
1252 1015 1556 1069 Postremo
1587 1010 1849 1082 potentis
1903 1009 2214 1081 sanctique

562 1100 719 1173 regis
748 1102 937 1157 nostri
982 1100 1499 1173 Porphyrogeniti,
1524 1102 1932 1155 Romanorum
1962 1100 2219 1169 impera-

563 1189 732 1258 toris,
761 1189 993 1247 domini
1036 1192 1322 1247 Manuelis
1353 1188 1666 1254 Comneni,
1697 1186 2217 1258 religiosissimum

564 1278 825 1335 edictum
858 1278 1122 1352 ponitur.

2329 1271 2550 1327 ἵδικτον.

1152 1404 1360 1460 ACTIO
1399 1405 1634 1461 PRIMA.

2954 1400 3191 1450 ΠΡΑΞΙΣ
3232 1395 3306 1452 Α’.

636 1533 686 1585 l.
707 1531 897 1586 Tertio
908 1529 1038 1601 jam
1069 1532 1125 1585 ct
1138 1528 1422 1584 vicesimo
1445 1543 1606 1584 anno
1640 1526 1876 1599 imperii
1911 1528 2217 1597 sceptrum

559 1621 797 1685 tenente
839 1616 1103 1681 Manuale
1160 1617 1487 1682 Comneno,
1517 1632 1696 1687 quem
1743 1615 1805 1671 in
1843 1615 1976 1686 ipso
2035 1619 2216 1684 partu
2266 1672 2273 1677 ,

560 1720 834 1778 purpura
864 1705 1115 1776 excepit,
1143 1705 1433 1777 sapientia
1463 1705 1543 1760 ad
1562 1703 1741 1759 vitale
1756 1703 1963 1758 lumen
1989 1708 2214 1774 protra-

558 1795 663 1861 xit,
694 1794 979 1850 fortitudo
1020 1793 1184 1859 aluit,
1211 1793 1362 1849 ﬁdes
1412 1809 1564 1849 verm
1593 1791 1891 1862 religionis
1923 1792 1998 1847 ad
2026 1790 2213 1863 perfe-

2329 1794 2409 1842 μὲν
2468 1793 2522 1842 ἐκ
2594 1798 2861 1864 μητρικῶν
2927 1786 3127 1841 ὠδίνων
3202 1790 3501 1864 παρέλαϐε,
3571 1795 3817 1864 φρόνησις
3878 1788 3956 1842 δὲ

559 1888 716 1940 ctam
744 1888 980 1940 aetatem
1010 1882 1325 1956 perduxit;
1362 1899 1546 1954 quem
1572 1952 1579 1959 γ
1602 1888 1667 1937 ut
1712 1878 2004 1939 Davidem
2059 1882 2211 1937 Deus

2329 1870 2633 1951 ἓμαιεῦσατο
2668 1922 2681 1945 ,
2731 1884 2821 1930 καὶ
2877 1875 3067 1954 ἀνδρία
3136 1881 3526 1947 ἐτιθηνήσατο,
3582 1884 3670 1930 καὶ
3738 1884 3952 1942 πίστις

558 1973 902 2046 elegit,quia
921 1988 1096 2045 aeque
1109 1971 1670 2029 mansuetissimam
1690 1986 1819 2027 esse
1832 1969 2140 2040 ‘cognovit,
2156 1974 2213 2023 et

2329 1967 2581 2028 εὐσεϐείας
2626 1964 2936 2040 ἠνδρώσατο
2972 1989 2982 1999 ·
3010 1967 3064 2018 ὃν
3118 1970 3253 2019 κατά
3294 1971 3381 2018 τόν
3430 1964 3598 2020 Δαϐἱδ
3654 1971 3780 2027 Θεὸς
3839 1967 3945 2029 ἐξ-

555 2062 633 2119 ad
644 2062 877 2136 paterni
888 2061 1249 2117 diadematis
1259 2061 1652 2117 obtinendam
1664 2060 2072 2116 haereditatem
2086 2073 2210 2114 ma-

2329 2056 2554 2122 Ξλέξατο,
2611 2058 2680 2116 ὡς
2717 2056 2835 2106 κατ’
2888 2054 3074 2107 ἐκεῖνον
3134 2060 3424 2129 πραότατον
3473 2058 3609 2107 κατὰ
3650 2061 3741 2113 την
3802 2055 3945 2107 ἑαυ-

547 2153 783 2225 joribus
795 2157 943 2210 natu
959 2153 1245 2209 fratribus
1287 2152 1578 2218 antetulit,
1593 2156 1773 2223 atque
1795 2150 1873 2207 ab
1903 2148 2206 2207 orientali-

549 2242 667 2298 bus
689 2242 884 2316 plagis
912 2257 1104 2313 usque
1132 2240 1211 2297 ad
1238 2256 1529 2295 occasum
1548 2240 1750 2295 relatis
1786 2239 1861 2293 de
1892 2238 2063 2294 hoste
2085 2243 2204 2293 tro-

548 2333 696 2403 paeis
747 2330 1211 2395 condecoravit;
1259 2329 1392 2394 hoc,
1441 2329 1712 2401 inquam,
1745 2343 1908 2382 anno
1955 2327 2205 2399 quaestio

550 2434 658 2491 per
687 2418 1013 2475 Ecclesiam
1043 2422 1251 2473 coorta
1277 2422 1386 2483 est,
1412 2433 1549 2489 quae
1570 2417 1664 2472 vel
1692 2417 1777 2471 uti
1806 2417 1983 2486 ignea
2006 2416 2204 2472 favilla

549 2508 713 2563 tenui
728 2512 871 2563 nata
896 2507 1213 2579 principio,
1247 2504 1613 2576 augentibus
1635 2505 1777 2560 hinc
1801 2504 1942 2559 inde
1971 2509 2200 2559 contra-

547 2596 778 2653 riarum
806 2596 1068 2668 partium
1092 2594 1495 2666 spiritibus,in
1519 2593 1818 2649 excelsam
1845 2593 2036 2648 facem
2059 2609 2203 2649 eva-

551 2686 652 2757 sit;
680 2700 881 2758 neque
911 2684 1109 2743 solum
1152 2683 1528 2756 episcopales
1562 2682 1735 2743 sedes
1767 2682 2073 2755 corripuit,
2107 2699 2205 2738 ve-

552 2788 692 2831 rum
730 2775 912 2830 etiam
950 2774 1324 2830 monasticos
1361 2778 1549 2829 coetus
1592 2772 1840 2839 invasit;
1870 2788 2068 2844 neque
2094 2773 2206 2828 hos

552 2864 995 2930 tantummodo,
1019 2862 1128 2919 sed
1180 2864 1360 2920 etiam
1408 2861 1801 2932 magistratus
1852 2868 1909 2917 et
1953 2862 2200 2928 aulicos,

556 2958 835 3011 senatum
857 2953 1037 3010 simul
1054 2958 1111 3010 et
1127 2969 1337 3010 omnes
1351 2953 1456 3025 qui
1482 2951 1647 3024 regio
1663 2951 1724 3006 in
1740 2950 1970 3024 palatio
2001 2966 2207 3007 versa-

550 3043 796 3100 bantur.
823 3042 1032 3100 Cuncti
1051 3042 1325 3099 videlicet
1351 3041 1503 3097 mira
1533 3039 1862 3112 pertinacia
1881 3045 1938 3096 et
1975 3038 2208 3096 fervore

554 3132 982 3191 ardentissimo
1019 3131 1100 3188 ad
1134 3130 1399 3188 veritatis
1435 3129 1829 3203 rapiebantur
1864 3129 2205 3200 vestigatio-

551 3225 923 3295 nem.Neque
941 3222 1233 3279 hactenus
1252 3219 1650 3278 contentionis
1662 3219 1911 3276 ﬂamma
1928 3220 2206 3290 substitit,

556 3309 669 3366 sed
680 3309 759 3365 ad
774 3311 1131 3383 popularem
1155 3325 1400 3383 quoque
1422 3308 1664 3365 turbam
1684 3308 1997 3381 plebisque
2018 3309 2211 3364 fecem

560 3396 1066 3455 devenit.lnitium
1088 3397 1441 3470 quaestionis
1463 3397 1575 3454 fuit
1601 3412 1676 3453 ex
1707 3396 1867 3454 dicto
1892 3396 2017 3452 veri
2041 3397 2140 3453 Dei
2156 3399 2214 3451 et

561 3487 895 3544 Servatoris
921 3487 1116 3544 nostri
1148 3490 1288 3543 Jesu
1335 3486 1565 3555 Christi,
1593 3502 1778 3558 quem
1807 3486 1870 3541 in
1913 3484 2214 3541 Passionis

556 3578 734 3634 nocte
771 3575 1102 3649 discipulos
1152 3575 1563 3648 alloquentem
1591 3574 1758 3649 apud
1785 3574 2213 3645 evangelistam

558 3668 865 3723 Joannem
881 3664 1233 3736 theologum
1258 3665 1390 3721 haec
1441 3663 1637 3721 dicere
1663 3664 2072 3736 comperimus
2102 3681 2117 3719 :
2150 3663 2216 3719 Si

560 3757 892 3826 diligerem
926 3769 1039 3821 me,
1070 3753 1411 3826 gauderem
1440 3754 1667 3824 utique,
1692 3753 1853 3824 quod
1882 3752 2016 3808 dixi
2051 3752 2214 3809 vobis

557 3861 654 3904 me
670 3848 760 3904 ire
777 3845 859 3903 ad
885 3846 1171 3909 Patrem;
1190 3844 1335 3916 quia
1354 3844 1531 3899 Pater
1549 3857 1711 3898 meus
1733 3843 1935 3913 major
1958 3856 2051 3898 me
2070 3847 2151 3898 est
2170 3842 2214 3895 ².

556 3936 992 4007 Ambigebatur
1018 3936 1241 4007 itaque,
1267 3948 1539 4006 quanam
1568 3932 1799 3988 ratione
1818 3948 2013 4004 quove
2035 3946 2219 3987 sensu

557 4026 757 4096 major
786 4025 1014 4083 Christo
1043 4027 1214 4095 pater
1243 4020 1666 4095 appellaretur.

555 4121 677 4174 ταῖς
705 4113 897 4186 ὁμιλῶν
924 4115 1069 4185 παρά
1086 4120 1160 4182 τῷ
1180 4110 1520 4183 εὐαγγελιστῇ
1554 4110 1764 4182 Ἰωάννη
1807 4114 1898 4162 καὶ
1939 4108 2162 4179 θεολόγῳ
2209 4104 2371 4172 λέγων
2397 4098 2696 4168 εὑρίσκεται
2730 4114 2741 4126 '
2785 4097 2845 4150 Εἰ
2888 4099 3129 4168 ἠγαπᾶτέ
3170 4097 3489 4172 με,ἐχάρητε
3540 4099 3621 4167 ἄν,
3646 4096 3726 4149 ὃτι
3765 4094 3937 4169 εἷπον,

559 4205 856 4275 Πορεύομαι
886 4204 1019 4273 πρὸς
1053 4203 1139 4252 τὸν
1186 4204 1391 4273 Πατέρα
1422 4217 1433 4228 -
1464 4199 1544 4251 ὃτι
1575 4200 1600 4250 ὁ
1632 4204 1812 4274 Πατήρ
1864 4217 1963 4270 μου
2019 4197 2209 4270 μείζων
2259 4208 2358 4263 μου
2403 4186 2539 4240 ἐστι.
2566 4193 2682 4247 Πῶς
2722 4182 2809 4238 οὖν
2839 4191 2929 4239 καὶ
2980 4189 3116 4239 κατά
3170 4207 3287 4239 τινα
3336 4192 3524 4262 τρόπον
3572 4191 3660 4240 καὶ
3698 4187 3810 4240 οἷαν
3844 4192 3940 4246 τὴν

569 4287 811 4363 ἱκδοχήν
851 4290 1041 4363 μείζων
1071 4288 1231 4340 αὐτου
1262 4290 1287 4340 ὁ
1323 4293 1500 4361 Πατὴρ
1537 4288 1856 4360 ὠνόμασται,
1892 4285 2186 4361 διηπόρητο

632 4383 695 4436 2.
728 4377 839 4435 Alii
880 4376 1128 4450 quidem
1165 4376 1639 4448 pertinacissime
1694 4376 1879 4431 verba
1929 4376 2057 4430 haec
2087 4388 2222 4446 pro-

565 4468 846 4528 nuntiata
874 4466 1283 4535 afﬁrmabant,
1329 4469 1627 4538 quatenus
1665 4467 1834 4522 Pater
1881 4480 2069 4520 causa
2114 4463 2224 4519 fuit

569 4564 810 4617 aeternae
840 4563 900 4614 et
927 4556 1162 4628 absque
1194 4555 1491 4628 principio
1517 4558 1573 4610 et
1596 4552 1957 4609 venerandae
1983 4552 2112 4609 Filii
2138 4551 2221 4607 di-

566 4648 839 4705 vinitatis
864 4646 927 4701 in
955 4645 1155 4718 prima
1167 4643 1478 4700 nativitate
1503 4658 1515 4696 :
1541 4647 1598 4698 et
1619 4642 1882 4714 aliquem
1904 4657 1977 4696 ex
1999 4640 2222 4698 sanctis

566 4736 841 4797 Patribus
890 4750 1000 4809 pro
1046 4749 1111 4789 se
1159 4731 1562 4805 proferebant.
1594 4733 1701 4803 qui
1756 4730 1817 4786 id
1866 4729 2094 4785 dictum
2138 4729 2223 4784 sic

568 4827 766 4884 fuerat
791 4826 1248 4896 interpretatus:
1277 4836 1475 4893 neque
1500 4819 1818 4876 ferendum
1852 4819 2100 4874 omnino
2126 4818 2223 4888 ju-

569 4917 876 4983 dicabant,
892 4913 1064 4970 sicuti
1087 4912 1317 4984 aliquot
1345 4909 1731 4967 ecclesiastici
1752 4912 2026 4965 doctores
2058 4906 2223 4963 intel-

570 5004 1168 5073 lexerant,Christum
1196 5015 1435 5073 nempe,
1473 5000 1654 5056 etiam
1702 4998 1782 5055 ob
1812 5013 1987 5055 suam
2012 4997 2226 5054 huma-

1226 5142 1250 5178 ³
1286 5140 1434 5197 ibid.

2396 1521 2462 1577 α’.
2498 1518 2638 1579 Ἤδη
2700 1524 2788 1573 τὸν
2841 1520 2924 1574 ἐπὶ
2984 1530 3055 1592 τῷ
3114 1522 3331 1592 εἰκοστῷ
3376 1530 3473 1584 τῆς
3522 1521 3958 1596 αὐτοκρατορίας

2327 1617 2505 1685 τρίτον
2552 1616 2744 1684 χρόνον
2812 1609 3055 1671 ἀνύοντος
3098 1611 3346 1668 Μανουὴλ
3401 1619 3492 1663 τοῦ
3547 1611 3603 1662 ἐκ
3648 1618 3957 1683 Κομνηνῶν

2324 1704 2392 1753 τὰ
2438 1710 2534 1762 τῆς
2591 1699 2866 1773 βασιλείας
2926 1708 3171 1775 σκῆπτρα
3226 1698 3495 1761 διέποντος
3527 1743 3541 1768 ,
3597 1700 3648 1751 ὃν
3686 1704 3960 1774 πορφύρα

2314 2152 2406 2199 τοῦ
2431 2140 2657 2217 καρδίαν
2708 2144 3012 2218 εὑράμενος,
3067 2147 3323 2215 καὶπρὸς
3372 2148 3466 2201 την
3518 2152 3610 2195 τοῦ
3662 2151 3943 2217 πατρικοῦ

2318 2237 2531 2304 στέφους
2591 2228 2862 2302 διαδοχὴν
2921 2240 3020 2283 τῶν
3069 2231 3117 2283 ἐν
3166 2229 3506 2304 αὑταδέλφοις
3562 2238 3944 2305 πρωτογεννή-

2312 2340 2411 2373 των
2460 2325 2725 2393 προέκρινε
2778 2321 2876 2390 (1),
2928 2325 3018 2371 καὶ
3086 2318 3186 2371 ἀπὸ
3244 2319 3498 2372 ἀνατολῶν
3559 2321 3706 2379 ἡλίου
3755 2326 3947 2393 μέχρι

2315 2408 2531 2482 δυσμῶν
2581 2419 2691 2470 τοῖς
2735 2411 2850 2461 κατ’
2911 2408 3115 2482 ἐχθρῶν
3171 2414 3438 2482 τροπαίοις
3496 2410 3734 2483 ἐσέμνυνε
3767 2429 3781 2441 ·
3815 2416 3949 2463 τότε

2315 2498 2382 2557 δὴ
2453 2504 2569 2551 τότε
2627 2501 2839 2571 ζήτημά
2890 2519 2941 2550 τι
2986 2503 3114 2573 πρὸς
3160 2504 3323 2570 μέσην
3388 2499 3697 2557 Ἐκκλησίαν
3752 2497 3947 2552 ἐνέπε-

2316 2605 2440 2640 σεν·
2494 2590 2521 2640 ὃ
2572 2592 2685 2656 καὶ,
2743 2591 2880 2640 κατὰ
2929 2593 3051 2650 τοὺς
3106 2593 3199 2639 τοῦ
3254 2591 3418 2662 πυρὸς
3475 2590 3760 2662 σπινθῆρας
3824 2588 3948 2640 ἀπο

2316 2677 2560 2752 βραχέων
2592 2677 2887 2752 ἀρχάμενον
2936 2684 3046 2739 τοῖς
3089 2686 3186 2729 τῶν
3237 2677 3290 2740 ἔξ
3341 2678 3512 2750 ἐτέρας
3566 2682 3692 2746 πρὸς
3747 2677 3945 2751 ἑτέραν

2316 2765 2618 2819 ἀντιθέσεων
2684 2769 3015 2838 πνεύμασιν,
3082 2764 3166 2819 ἐπὶ
3229 2769 3430 2841 πυρσόν
3492 2766 3760 2828 κατέληξεν
3848 2766 3946 2819 ἐν-

2315 2860 2485 2930 αέριον
2508 2899 2523 2923 ,
2574 2860 2663 2909 καὶ
2711 2856 2883 2909 οὐκέτι
2942 2860 3095 2928 μόνον
3171 2860 3287 2929 περὶ
3344 2860 3463 2917 τοὺς
3515 2854 3947 2930 ἀρχιεμτικούς

2318 2945 2586 3016 σταθμοὺς
2637 2945 3002 3013 ὑπανηπτετο,
3054 2938 3177 2996 ἀλλ*
3217 2940 3325 3002 ἠδη
3387 2947 3477 2995 καὶ
3519 2946 3604 2994 τὸν
3647 2951 3744 2994 τῶν
3777 2945 3945 3016 ἱερω-

2318 3036 2478 3104 μένων
2530 3031 2816 3103 κατάλογον
2876 3031 3140 3104 ἐπενέμετο
3173 3051 3186 3063 ·
3242 3037 3331 3084 καὶ
3379 3031 3455 3084 -οὐ
3509 3039 3688 3084 τοῦτον
3745 3036 3944 3103 μόνον,

2321 3119 2449 3171 ἀλλὰ
2504 3124 2594 3171 καὶ
2658 3120 2815 3181 ὃσους
2880 3129 2980 3173 τῶν
3050 3119 3255 3173 ἐντελῶν
3330 3120 3493 3191 αὐχεῖ
3537 3123 3604 3173 τά
3653 3118 3942 3192 βασίλεια,

2240 3177 2280 3231 C

2323 3208 2615 3280 σύγκλητόν
2670 3228 2722 3261 τε
2778 3208 2906 3281 ἅμα,
2993 3214 3082 3261 καὶ
3154 3213 3277 3270 τοὺς
3327 3208 3492 3269 ἄλλως
3570 3210 3636 3261 τά
3710 3209 3949 3284 λαμπρὰ

2320 3297 2720 3376 περιπρλοῡντας
2784 3297 3087 3371 ἀνάκτορα,
3137 3297 3182 3350 εἰ
3246 3303 3337 3351 καὶ
3402 3303 3473 3371 μὴ
3534 3301 3731 3360 πάντας
3783 3296 3945 3370 εἶχε)

2322 3387 2753 3461 ἐκτεφρουμένους
2846 3393 2937 3442 καὶ⁹
3031 3387 3308 3460 λυομένους
3343 3428 3361 3457 ,
3462 3386 3946 3462 ἀνθρακιζομένους

2325 3473 2384 3529 δέ
2447 3496 2591 3538 τινας
2637 3476 2826 3548 μᾶλλον
2883 3484 2956 3547 τῷ
3008 3495 3099 3528 του
3149 3484 3246 3538 τῆς
3298 3476 3542 3537 ἀληθείας
3609 3479 3790 3551 ἔρωτος
3838 3476 3944 3549 ἄμ·-

2323 3568 2638 3639 πυρεύματι.
2672 3565 2747 3615 Οὐ
2778 3569 2943 3639 μέχρι
2992 3561 3051 3617 δὲ
3101 3569 3287 3618 τούτου
3319 3569 3383 3618 τὰ
3410 3574 3503 3627 τῆς
3556 3564 3741 3635 φλογὸς
3782 3584 3946 3638 περι-

2327 3659 2510 3707 ίστατο
2537 3696 2551 3721 ,
2612 3651 2738 3706 ἀλλά
2775 3674 2834 3725 γε
2878 3658 2967 3707 καὶ
3019 3657 3106 3706 τὸν
3152 3652 3386 3726 ἀγελαῖον
3445 3654 3604 3726 ὄχλον
3656 3660 3746 3706 καὶ
3801 3658 3945 3727 σύρ-

2327 3762 2467 3815 φακα
2515 3751 2609 3805 τῆς
2675 3742 2861 3795 ἑαυτου
2939 3749 3195 3816 πυρκαϊᾶς
3250 3742 3443 3795 ἐτίθετο
3515 3748 3798 3817 παρέργου.
3864 3747 3943 3797 Τὸ

2329 3829 2387 3885 δὲ
2420 3836 2629 3904 ζήτημα
2678 3838 2795 3906 περὶ
2852 3840 2949 3893 τῆς
2988 3851 3079 3883 του
3134 3831 3380 3889 ἀληθινοῦ
3440 3840 3573 3885 Θεοῦ
3626 3836 3714 3884 καὶ
3754 3838 3944 3890 Σωτῆ-

2330 3940 2415 3995 ρος
2462 3922 2606 3990 ἠμῶν
2646 3920 2827 3977 Ἰησοῦ
2876 3927 3108 3994 Χριστοῦ
3160 3928 3330 3993 φωνῆς
3383 3919 3560 3994 ἀρχῆς
3614 3918 3669 3971 ἐκ
3714 3925 3943 3992 πρώτης

2320 4006 2676 4082 προῦϐέϐλητο
2712 4030 2724 4041 ·
2777 4013 2838 4067 ἤν
2887 4016 2948 4081 τῇ
3009 4028 3101 4060 του
3145 4011 3346 4071 πάθους
3400 4015 3550 4061 νυκτὶ
3595 4016 3700 4069 τοῖς
3759 4011 3942 4080 μαθη-

2404 4363 2478 4438 βίο
2537 4367 2602 4417 Οἱ
2658 4368 2748 4437 μὲν
2804 4365 2891 4417 οὖν
2952 4365 3374 4418 ἐνστατικώτατα
3446 4368 3639 4424 ταύτην
3705 4366 3943 4440 ῥηθῆναι

2330 4458 2424 4513 τὴν
2493 4458 2660 4526 φωνην
2734 4453 3081 4526 ἐγνωμάτευον
3108 4498 3123 4523 ,
3174 4457 3307 4506 κατά
3381 4459 3542 4526 μόνην
3594 4455 3763 4507 αἰτίαν
3838 4462 3941 4515 τῆς

2330 4540 2562 4616 ἀχρόνου
2612 4545 2699 4593 καὶ
2746 4539 2926 4594 ἀϊδίου
2978 4548 3067 4594 καὶ
3112 4541 3259 4605 ἀξίας
3316 4552 3407 4603 τῆς
3458 4544 3617 4595 αὑτοῦ
3672 4545 3936 4610 θεότητος,

2330 4636 2538 4703 πρώτης
2591 4635 2917 4701 γεννήσεως,
2977 4636 3066 4682 καὶ
3123 4629 3275 4683 τόνδε
3335 4633 3454 4683 τινὰ
3523 4640 3623 4684 τῶν
3679 4633 3939 4705 θεοφόρων

2332 4718 2493 4789 ἁγίων
2543 4718 2614 4778 εἰς
2672 4722 2827 4791 μέσον
2879 4728 3117 4793 παρῆγον
3167 4724 3299 4771 οὕτω
3369 4723 3564 4778 ταύτην
3625 4724 3718 4778 τὴν
3764 4724 3939 4791 φωνὴν

2331 4807 2667 4879 ἕκλαϐόμενον
2725 4827 2736 4837 ·
2796 4813 2887 4860 καὶ
2942 4809 3035 4861 οὐκ
3093 4807 3298 4861 ἀνεκτὸν
3355 4809 3477 4870 ὂλως
3554 4813 3747 4881 ἥγηντο
3780 4852 3794 4876 ,
3847 4812 3940 4860 καὶ

2331 4900 2466 4948 κατά
2511 4899 2569 4948 τὸ
2625 4896 2672 4948 ἐν
2711 4904 2927 4971 Χριστῷ
2982 4896 3299 4969 ἀνθρώπινον
3347 4899 3563 4969 μείζονα
3608 4896 3727 4971 παρ’
3775 4896 3939 4948 αὐτοῦ

2332 4988 2420 5038 τὸν
2482 4989 2689 5060 Πατέρα
2758 4987 2984 5060 ῥηθῆναι
3015 5030 3032 5056 ,
3077 4989 3147 5048 ὡς
3215 4985 3487 5060 ἀνθρώπου
3553 4986 3743 5039 τελείου
3793 4989 3940 5046 ὄντος

648 5148 667 5181 ¹
704 5149 885 5204 Joan.
909 5160 1028 5212 xlv,
1057 5147 1149 5200 28.

2405 5268 2719 5351 (2)__Hanc_
2746 5269 3145 5351 quaestionem
3168 5270 3595 5351 _propositam_
3610 5269 3803 5351 fuisse
3860 5268 3940 5325 ab

2337 5339 2468 5412 ipso
2495 5339 2943 5414 Manueleimp.,
2967 5348 3051 5398 ait
3082 5339 3454 5414 Ephraemius
3484 5359 3540 5397 v.
3559 5344 3731 5414 @703,
3756 5356 3943 5414 quem

2339 5411 2647 5467 auctorem
2676 5411 2892 5481 legesis
2920 5411 3267 5470 narrantem
3298 5414 3373 5469 de
3402 5412 3652 5469 concilio
3676 5411 3796 5467 hoc
3808 5411 3941 5481 ipso

2340 5481 2420 5561 ob
2441 5496 2577 5561 eam
2603 5498 2733 5561 rem
2763 5488 2992 5561 coacto.
3020 5484 3132 5541 Adi
3167 5490 3454 5558 praeterea
3483 5484 3746 5541 Nicetam
3794 5481 3945 5540 Cho-

2341 5555 2571 5610 niatam
2590 5555 2749 5611 Hist.
2781 5571 2876 5623 vn,
2908 5559 2961 5611 '5.

649 5289 726 5361 (1)
767 5286 1135 5361 Manuelem._
1152 5285 1304 5341 inter
1353 5281 1597 5361 Joannis
1640 5282 1688 5338 ΙΙ
1738 5283 2027 5361 Comneni
2066 5283 2218 5361 imp.

579 5356 737 5419 ﬁlios
784 5364 933 5415 natu
992 5357 1313 5413 minimum
1344 5399 1356 5423 ,
1410 5359 1654 5427 propter
1720 5356 1982 5426 majores
2036 5356 2230 5427 regias

582 5434 778 5497 dotes,
811 5429 1125 5501 praelatum
1173 5428 1790 5501 fuisse_testamento_
1803 5427 1993 5501 patris
2029 5429 2232 5501 utim-

630 5496 833 5561 eriuni
854 5499 1303 5572 adipisceretur,
1329 5497 1472 5572 dicit
1500 5502 1715 5572 praeter
1740 5496 1888 5572 alios
1915 5497 2233 5572 historicos

629 5568 978 5649 phraemius'
1007 5587 1066 5629 v.
1118 5568 1535 5627 4048.'collect.
1576 5570 1808 5640 vat.,'l‘.
1847 5572 1936 5625 Ill.
1982 5571 2135 5640 part.
2177 5571 2224 5625 ι.

578 5647 652 5722 pi
687 5647 816 5708 100.
