4046 6310
601 349 707 404 2οΊ

1945 336 2215 397 NICETE
2252 337 2623 419 caenum;

3878 335 3995 404 208

603 467 860 540 singulis
910 461 1309 524 sanctissimis
1348 462 1707 537 patriarchis
1747 461 1948 535 jussit,
1991 461 2237 537 itemqu:

2366 468 2457 518 καὶ
2502 461 2749 535 θεολόγων
2797 460 3002 540 ἀνδρῶν
3054 467 3172 541 περὶ
3220 474 3312 522 τοῦ
3367 472 3703 547 προκειμένου
3764 478 3993 526 σκοποῦ

603 558 736 616 aliis
783 556 1028 615 delectis
1084 571 1193 628 per
1246 553 1310 611 id
1359 558 1602 628 tempus
1649 552 2153 626 congregatisque
2193 554 2258 610 in

603 648 808 705 divina
852 660 1149 717 sacraque
1195 643 1432 716 synodo
1472 642 1632 713 viris,
1659 658 1888 717 perque
1932 642 2048 699 hos
2091 642 2258 716 ipsos

606 737 885 793 universo
927 732 1214 806 deinceps
1260 732 1534 790 Ecclesiae
1574 730 1844 806 populo:
1872 734 2116 790 Patrum
2144 731 2256 803 igi-

601 830 700 882 tur
727 821 1036 881 sententiae
1060 826 1233 879 erant
1257 823 1372 879 hae.

2370 554 2789 628 συνεγράφησαν,
2843 553 3154 629 συλλεγῆναι
3210 563 3302 613 καὶ
3340 568 3761 637 συνεγγραφῆναι
3813 581 3992 616 στοι-

2366 638 2543 715 χηδὸν
2570 639 2843 707 διετάξατο
2876 659 2889 674 ⁸
2921 649 3013 699 καὶ
3043 642 3111 705 δὴ
3141 652 3232 702 καὶ
3275 650 3367 712 τὰς
3406 653 3644 712 τοιαύτας
3676 659 3777 704 τῶν
3811 651 3992 724 ἁγίων

2365 734 2560 785 τούτων
2606 737 2835 808 χρήσεις
2889 733 3090 808 ἑκάστῳ
3129 745 3229 790 τῶν
3268 757 3324 792 τε
3369 736 3670 811 ἁγιωτάτων
3711 759 3992 816 πατριαρ-

2364 828 2479 893 χῶν
2513 817 2798 883 ἐκδοθῆναι
2849 819 3227 900 διεκελεύσατο,
3255 831 3340 881 ναὶ
3387 831 3491 901 μὴν
3542 833 3633 883 καὶ
3670 837 3783 892 τοῖς
3829 849 3989 888 113v:-

600 922 771 967 καῦτοι
808 911 1216 985 συνειλεγμένοις
1251 911 1442 984 λογάσι
1470 918 1567 975 τῆς
1609 912 1746 974 θείοις
1790 915 1881 967 καὶ
1921 912 2057 989 ἱερᾶς
2096 906 2344 980 συνόδου,
2376 914 2466 963 καὶ
2506 906 2579 964 δι’
2620 910 2787 964 αὐτῶν
2835 917 2991 966 παντὶ
3028 921 3101 987 τῷ
3132 924 3227 980 τῆς
3270 916 3583 980 Ἐκκλησίας
3609 917 3939 997 πληρώματι
3966 939 3982 953 ο

598 1004 634 1056 ἃ
670 1009 760 1058 καὶ
798 1004 931 1058 κατὰ
966 1003 1125 1079 ῥητόν
1164 1002 1323 1063 οὕτως
1361 1004 1572 1075 ἔχουσι.

961 1145 1178 1204 Sancti
1211 1145 1467 1203 Joannis
1505 1143 1882 1202 Damasceni.

668 1280 722 1330 4.
777 1276 1028 1345 Eorum,
1080 1289 1217 1347 quae
1275 1271 1548 1329 humano
1597 1286 1767 1327 more
1822 1269 1899 1326 de
1946 1270 2254 1328 Servatore

600 1365 829 1422 Christo
856 1363 1281 1437 praedicantur,
1300 1361 1422 1418 sive
1447 1360 1630 1429 dicta,
1663 1360 1783 1417 sive
1814 1364 1986 1431 gesta
2013 1360 2249 1430 fuerint,

600 1470 707 1511 sex
737 1453 905 1511 modi
933 1456 1094 1509 sunt.
1129 1450 1416 1517 Quaedam
1445 1449 1607 1507 enim
1647 1465 1719 1505 ex
1746 1448 1861 1505 illis
1905 1447 2255 1506 naturaliter

598 1544 831 1602 ratione
851 1542 1049 1599 carnis
1070 1544 1405 1613 assumpta:
1424 1538 1586 1596 facta
1604 1538 1885 1611 dictaque
1915 1543 2072 1606 sunt,
2090 1536 2254 1595 velut

600 1636 811 1705 partus
854 1646 927 1686 ex
969 1629 1227 1701 Virgine,
1259 1632 1441 1701 atque
1486 1627 1675 1683 aetatis
1716 1626 2155 1684 incrementum
2197 1629 2256 1682 et

600 1720 925 1793 profectus,
947 1718 1160 1782 fames,
1182 1717 1335 1787 sitis,
1358 1716 1729 1786 defatigatio,
1750 1715 2058 1789 lacrymaa,
2089 1730 2252 1772 som-

2544 1148 2650 1198 Τοῦ
2689 1142 2842 1219 ἁγίου
2883 1144 3119 1201 Ἰωάννου
3157 1153 3248 1203 τοῦ
3288 1156 3633 1225 Δαμασκηνοῦ
3674 1152 3774 1226 (3).

2436 1261 2502 1324 δ’.
2542 1276 2653 1323 Τῶν
2711 1268 3157 1346 ἀνθρωποπρεπῶς
3213 1272 3301 1329 ἐπὶ
3362 1283 3453 1330 τοῦ
3517 1282 3753 1350 Χριστοῦ
3820 1275 3984 1349 λεγο-

2360 1362 2522 1433 μένων
2588 1362 2688 1413 εἶτε
2752 1359 2802 1412 ἓν
2859 1361 3092 1435 ῥήμασιν
3150 1366 3251 1416 εἴτε
3321 1363 3371 1416 ἐν
3434 1370 3711 1440 πράγμασι
3776 1371 3983 1442 τρόποι

2362 1448 2494 1502 εἰσὶν
2541 1448 2619 1512 ἐξ.
2674 1452 2750 1502 Τά
2804 1453 2895 1523 μεν
2946 1454 3047 1525 γὰρ
3088 1451 3257 1505 αὐτῶν
3313 1456 3451 1507 κατὰ
3501 1458 3655 1527 φύσιν
3700 1453 3990 1531 οἰκονομκ

2360 1546 2464 1599 κῶς
2502 1542 2794 1613 πέπρακταί
2837 1559 2893 1593 τε
2937 1545 3028 1594 καὶ
3073 1540 3310 1614 λέγεται·
3366 1543 3471 1597 οἷον
3524 1544 3550 1596 6
3597 1543 3653 1597 ἐκ
3695 1546 3978 1619 Παρθένου

2358 1631 2529 1693 τόκος,
2584 1629 2615 1686 ἡ
2669 1628 2787 1681 καθ’
2844 1627 3049 1687 ἡλικίαν
3105 1630 3319 1694 αὔξησίς
3371 1650 3429 1685 τε
3481 1636 3570 1686 καὶ
3620 1636 3895 1707 προκοπὴ,
3939 1634 3973 1692 ἡ

2358 1724 2528 1785 πεῖνα,
2582 1718 2613 1775 ἡ
2667 1713 2825 1788 δίψα,
2881 1719 2908 1770 ό
2959 1722 3132 1786 κόπος,
3186 1721 3214 1773 ό
3273 1721 3453 1788 ὕπνος,
3506 1725 3565 1775 τό
3623 1718 3884 1796 δάκρυον,
3937 1724 3971 1781 ἡ

600 1825 738 1877 nus,
772 1808 1083 1865 clavorum
1111 1807 1327 1871 ﬁxura,
1360 1822 1525 1862 mors
1557 1785 1816 1878 aliaque
1845 1785 2086 1873 similia,
2115 1819 2237 1877 qua

2361 1813 2460 1859 τῶν
2514 1805 2648 1865 ἥλων
2699 1814 2906 1879 τρῆσις,
2956 1808 2983 1859 ό
3037 1809 3275 1877 θάνατος,
3313 1815 3403 1863 καὶ
3459 1813 3527 1864 τὰ
3578 1818 3818 1877 τοιαῦτα,
3865 1812 3979 1863 ὃσα

600 1897 905 1956 naturales
928 1902 987 1954 et
1002 1895 1321 1969 inculpata:
1342 1895 1668 1968 passiones
1689 1898 1850 1951 sunt.
1880 1898 1946 1951 In
1972 1895 2067 1952 his
2091 1896 2252 1951 enim

601 1988 888 2044 omnibus
904 1989 1099 2043 manet
1113 1985 1350 2058 quidem
1367 1983 1583 2041 divinae
1596 1989 1829 2042 natura:
1842 2000 1977 2041 cum
1991 1984 2254 2041 humana

600 2076 966 2149 conjunctio,
999 2073 1268 2147 corporis
1317 2079 1521 2132 tamen
1551 2089 1623 2131 ea
1664 2090 1803 2130 vere
1833 2089 1963 2130 esse
1992 2073 2251 2130 credun-

597 2173 729 2225 tur:
763 2165 991 2238 quippe
1017 2180 1155 2220 cum
1186 2162 1469 2221 divinitas
1506 2162 1655 2220 nihil
1678 2163 1899 2221 horum
1921 2161 2250 2236 pertulerit,

598 2257 705 2314 sed
747 2270 855 2328 per
901 2270 974 2311 ea
1019 2252 1276 2310 salutem
1323 2252 1500 2310 nobis
1555 2253 1912 2325 procurarit.
1963 2251 2251 2319 Quaedam

598 2342 1025 2402 dissimulandi
1050 2341 1256 2411 modo,
1280 2345 1345 2398 ut
1365 2358 1507 2399 cum
1527 2340 1603 2397 de
1626 2343 1846 2400 Lazaro
1867 2341 2111 2413 quaerit:
2143 2338 2256 2397 Ubi

590 2434 876 2506 posuistis
904 2433 1109 2490 eum”?
1138 2433 1283 2488 Cum
1314 2436 1465 2498 orat,
1480 2434 1539 2487 et
1567 2447 1706 2488 cum
1738 2447 1801 2488 se
1826 2428 2127 2487 subducit.
2153 2428 2250 2485 His

597 2526 760 2585 enim
779 2540 977 2596 neque
998 2526 1064 2579 ut
1082 2524 1238 2578 Deus
1256 2537 1455 2594 neque
1475 2526 1541 2578 ut
1558 2520 1744 2578 homo
1773 2536 1927 2593 opus
1947 2518 2243 2576 habebat:

592 2631 798 2674 verum
818 2614 1089 2670 humano
1106 2626 1275 2668 more
1292 2610 1441 2667 illud
1457 2608 1841 2683 praetexebat,
1855 2607 2023 2681 quod
2042 2622 2221 2665 neces
2245 2638 2250 2643 ε

596 2705 743 2763 sitas
780 2707 960 2776 atque
1000 2700 1222 2757 utilitas
1251 2697 1635 2771 exposcebat.
1667 2697 1955 2754 Nimirum
1997 2696 2243 2766 idcirco,

591 2799 762 2868 puta,
788 2789 1174 2864 precabatur,
1204 2792 1272 2845 ut
1299 2804 1364 2844 se
1392 2786 1642 2844 minime
1672 2790 1790 2844 Deo
1821 2785 2124 2843 adversari
2152 2800 2247 2841 os-

591 2883 890 2950 tenderet;
920 2884 1106 2952 utque
1132 2881 1386 2947 Patrem,
1412 2875 1575 2932 velut
1601 2876 1696 2932 sui
1720 2890 1992 2941 causam,
2014 2873 2244 2930 honore

590 2972 872 3029 afﬁceret.
906 2966 1340 3039 Interrogabat,
1381 2980 1505 3022 non
1548 2964 1715 3037 quod
1758 2964 2008 3036 ignarus
2054 2968 2240 3031 esset;

589 3061 696 3119 sed
734 3065 803 3117 ut
848 3074 930 3126 se,
974 3071 1328 3130 quanquam
1382 3057 1538 3110 Deus
1580 3052 1886 3123 manebat,
1933 3052 2242 3109 hominem

2361 1897 2562 1968 φυσικά
2614 1900 2706 1949 καὶ
2741 1892 3038 1955 ἀδεάϐλητα
3085 1900 3229 1958 πάθη
3287 1901 3662 1973 τυγχάνουσιν.
3707 1900 3792 1953 Ἐν
3848 1904 3978 1954 τού-

2360 2003 2470 2047 τοις
2514 1986 2615 2058 γάρ
2674 1983 2844 2038 ἅπασι
2885 1985 3028 2058 μίξις
3077 1991 3168 2060 μέν
3227 1986 3339 2041 ἐστι
3393 1996 3488 2042 τοῦ
3547 1991 3682 2043 θείου
3725 1991 3861 2062 πρὸς
3909 1993 3973 2041 τό

2362 2072 2712 2150 ἀνθρώπινον·
2770 2074 2903 2134 πλὴν
2950 2083 3042 2128 τοῦ
3108 2083 3351 2150 σώματος
3415 2077 3618 2141 ἀληθῶς
3682 2077 3815 2131 εἶναι
3877 2098 3975 2132 πι-

2363 2165 2615 2234 στεύεται,
2668 2159 2821 2216 ούδεν
2885 2167 3076 2218 τούτων
3134 2173 3225 2219 τοῦ
3294 2168 3431 2220 θείου
3495 2169 3822 2240 πάσχοντος,
3890 2163 3971 2220 δι’

2359 2252 2529 2305 αὐτῶν
2577 2248 2637 2305 δὲ
2665 2256 2759 2311 τὴν
2816 2253 2962 2326 ἡμῶν
3017 2254 3406 2328 οὶκονομοῦντος
3460 2260 3743 2330 σωτηρίαν.
3776 2258 3860 2313 Τά
3906 2251 3973 2308 δὲ

2358 2343 2493 2393 κατά
2555 2345 2931 2415 προσποίησιν,
2991 2345 3050 2395 τὸ
3108 2341 3301 2417 ἐρωτᾷν
3353 2351 3464 2398 Ποῦ
3523 2347 3786 2399 τεθείκατε
3853 2346 3974 2399 Λά-

2359 2429 2537 2504 ζαρον,
2595 2430 2625 2488 ἡ
2696 2433 2996 2505 προσευχὴ,
3036 2434 3094 2484 τὸ
3152 2432 3540 2506 ύπαναχωρεῖν.
3596 2436 3803 2487 Τούτων
3855 2435 3969 2507 γὰρ

2356 2520 2473 2570 οὔτε
2539 2518 2608 2581 ὡς
2670 2521 2821 2582 Θεὸς,
2884 2522 3002 2572 οὔτε
3066 2522 3131 2581 ὡς
3195 2521 3465 2589 ἄνθρωπος
3528 2522 3763 2596 ἔχρῇζεο
3819 2520 3967 2580 πλὴν

2356 2604 2803 2682 ἀνθρωποπρεπῶς
2866 2607 3262 2681 ἕσχηματίζετο
3321 2613 3448 2686 πρὸς
3508 2612 3629 2684 ὅπερ
3695 2613 3725 2670 ἠ
3792 2615 3969 2686 χρεία

2352 2700 2442 2748 καὶ
2479 2699 2537 2748 τὸ
2590 2695 2848 2757 λυσιτελὲς
2905 2695 3110 2770 ἀπῄτει.
3162 2700 3282 2751 Οἷον
3338 2703 3433 2758 την
3484 2704 3818 2773 προσευχὴν,
3864 2697 3968 2753 διὰ

2352 2788 2410 2837 1'6
2466 2781 2635 2848 δεῖξαι
2688 2785 2753 2846 ὡς
2813 2785 2908 2838 ούκ
2959 2788 3101 2839 ἔστιν
3158 2785 3456 2851 ἀντίθετος”
3513 2794 3603 2842 καὶ
3658 2789 3724 2850 ὠς
3782 2792 3964 2842 αἴτιον

2352 2874 2513 2928 αὐτοῦ
2568 2884 2731 2948 τιμῶν
2780 2878 2865 2928 τόν
2909 2880 3137 2951 Πατέρα.
3189 2880 3259 2931 Τὸ
3309 2876 3521 2952 ἐρωτᾷν,
3580 2878 3675 2932 ούκ
3728 2877 3962 2951 ἀγνοῶν,

2352 2962 2459 3016 ἀλλ’
2519 2966 2601 3017 ἵνα
2655 2960 2800 3038 δείξῃ
2864 2964 2933 3028 ὡς
2984 2968 3120 3018 κατά
3185 2965 3427 3027 ἀλήθειάν
3483 2966 3623 3021 ἐστιν
3679 2969 3966 3043 ἄνθρωπος

2349 3055 2481 3125 μετά
2525 3060 2619 3106 τοῦ
2671 3052 2803 3106 εἶναι
2851 3058 3020 3115 Θεός·
3068 3058 3127 3108 1'6
3172 3057 3556 3132 ύπαναχωρεῖν,
3610 3058 3693 3110 ἱνα
3742 3053 3958 3133 διδάξῃ

586 3164 836 3223 quoque
863 3163 1002 3203 vere
1029 3160 1159 3202 esse
1181 3144 1647 3200 demonstraret.
1676 3145 1811 3198 Haec
1835 3142 2096 3214 denique
2123 3139 2237 3213 ipsi

2348 3146 2420 3215 μὴ
2462 3144 2870 3218 προπετεύεσθαι
2912 3139 3052 3217 μηδὲ
3108 3144 3323 3208 ἑαυτούς
3375 3143 3711 3219 προδιδόναι.
3751 3149 3832 3199 T6:
3897 3145 3962 3201 δὲ

586 3254 776 3295 causa
817 3233 1139 3292 secedendi
1173 3238 1321 3301 erat,
1348 3236 1415 3288 ut
1456 3247 1568 3288 nos
1602 3231 1843 3287 doceret
1869 3230 2137 3303 pericula
2161 3234 2241 3285 te-

583 3341 748 3384 mere
778 3339 903 3381 non
927 3323 1116 3392 adire,
1131 3337 1244 3378 nec
1268 3336 1382 3377 nos
1400 3320 1570 3393 ipsos
1591 3319 1745 3377 ultro
1773 3318 2050 3393 prodere.
2071 3320 2240 3385 Quaa-

584 3413 730 3471 dam
754 3428 969 3469 rursus
999 3411 1281 3466 dicuntur
1308 3425 1415 3482 per
1435 3409 1912 3481 assumptionem
1943 3412 2028 3471 ut,
2052 3406 2232 3463 illud:

579 3504 740 3560 Deus
768 3517 955 3571 meus,
988 3502 1142 3557 Deus
1173 3514 1356 3565 meus,
1388 3503 1456 3554 ut
1493 3498 1640 3570 quid
1667 3513 1760 3555 me
1786 3496 2236 3568 dereliquisti‘?

579 3593 756 3649 Item:
777 3591 1120 3661 IpseFili-us
1142 3589 1318 3644 Patri
1335 3587 1745 3658 subjiciatur“.
1770 3589 1886 3643 Nec
1905 3585 2066 3641 enim
2087 3600 2234 3658 qua-

577 3686 753 3737 tenus
783 3684 941 3737 Deus
971 3695 1083 3736 nec
1111 3682 1411 3751 quatenus
1443 3676 1651 3743 homo,
1680 3693 1717 3733 a
1747 3679 1915 3732 Patre
1958 3691 2231 3748 unquam

575 3771 896 3828 derelictus
924 3769 1061 3825 fuit:
1090 3783 1200 3824 nec
1226 3771 1565 3839 peccatum,
1594 3782 1705 3822 nec
1733 3764 2121 3821 maledictum
2141 3764 2228 3820 fa-

574 3864 705 3918 ctus
724 3864 833 3925 est,
852 3875 963 3916 nec
979 3858 1134 3915 Patri
1150 3855 1366 3928 subjici
1386 3871 1542 3927 opus
1560 3854 1763 3912 habet.
1779 3854 2004 3910 Etenim
2025 3858 2205 3925 quate
2226 3890 2229 3891 ν

570 3967 705 4024 nus,
727 3953 881 4007 Deus
898 3955 1008 4017 est,
1025 3947 1275 4021 aequalis
1296 3950 1384 4003 est
1400 3945 1574 4012 Patri,
1590 3960 1710 4000 non
1730 3950 1933 4001 autem
1949 3942 2228 4000 adversa-

568 4040 715 4107 rius,
748 4054 863 4095 nec
892 4037 1230 4110 subjectus:
1263 4039 1563 4108 quatenus
1593 4040 1795 4089 autem
1832 4033 2038 4101 homo,
2070 4046 2224 4087 nun-

568 4144 759 4202 quam
774 4127 1067 4184 adversus
1082 4130 1313 4182 Patrem
1325 4128 1653 4181 contumax
1664 4123 1791 4179 fuit.
1808 4125 1891 4178 Ex
1902 4137 2024 4194 quo
2039 4120 2225 4195 sequi-

569 4223 683 4283 tur,
705 4232 866 4283 eum,
889 4214 1078 4271 nostri
1098 4217 1417 4285 assumpta
1445 4227 1725 4284 persona,
1752 4217 1956 4283 partes
1986 4214 2226 4266 nostras

571 4303 1090 4376 suspiciendo,his
1110 4301 1308 4358 verbis
1330 4317 1510 4357 usum
1530 4316 1684 4357 esse.
1711 4299 2000 4365 Quaedam
2022 4302 2224 4355 autem

566 4409 675 4465 per
690 4392 1090 4462 excogitatam
1108 4396 1308 4448 mente
1323 4389 1741 4462 praecisionem
1758 4388 2056 4444 dicuntur.
2075 4389 2222 4444 Nam

2348 3231 2463 3283 κατ’
2517 3231 2776 3284 οἰκείωσιν
2810 3248 2823 3263 ⁶
2884 3232 2949 3293 ὡς
3003 3236 3084 3302 1'6,
3141 3238 3239 3288 Θεέ
3290 3254 3413 3308 μου,
3465 3240 3561 3289 Θεέ
3612 3255 3748 3309 μου,
3808 3237 3960 3291 ἱνατὶ

2345 3320 2403 3391 μ’
2468 3318 2829 3392 ἐγκατέλιπεςο
2899 3326 2988 3374 καὶ
3039 3324 3120 3394 τό,
3179 3323 3344 3386 Δύτός
3410 3325 3436 3376 ό
3493 3327 3615 3387 Υἱός
3678 3325 3958 3396 ὑποταγή-

2347 3426 2495 3461 σεται
2533 3417 2606 3479 τῴ
2662 3413 2847 3482 Πατρί.
2909 3412 3043 3462 Οὔτε
3097 3413 3197 3485 γὰρ
3253 3412 3322 3474 ὠς
3378 3415 3506 3475 Θεὸς
3558 3416 3675 3466 οὔτε
3732 3416 3798 3474 ὡς
3855 3416 3957 3467 ἄν·

2346 3498 2544 3570 θρωπος
2603 3496 2965 3571 ἐγκατελείφθη
3023 3502 3148 3552 ποτὲ
3203 3501 3303 3553 ὑπὸ
3360 3509 3451 3554 τοῦ
3457 3546 3479 3572 _,
3518 3505 3755 3575 Πατρός·
3824 3507 3954 3557 οὔτε

2339 3586 2574 3662 ἁμαρτία
2604 3629 2619 3656 ,
2678 3589 2794 3639 οὔτε
2854 3589 3056 3663 κατάρα
3120 3592 3357 3663 γέγονεν,
3430 3594 3544 3644 οὔτε
3610 3593 3952 3663 ὑποταγῆναι

2338 3676 2531 3751 χρῄζει
2571 3683 2643 3747 τῷ
2682 3680 2870 3750 Πατρί.
2910 3678 3051 3730 Καθό
3091 3680 3183 3749 μὲν
3226 3681 3329 3753 γὰρ
3377 3682 3507 3743 Θεὸς
3554 3683 3666 3741 ἶσος
3708 3679 3823 3734 ἐστὶ
3864 3690 3949 3753 τῷ

2338 3770 2527 3839 Πατρὶ,
2569 3768 2657 3818 καὶ
2706 3761 2829 3817 οὐδὲ
2876 3763 3096 3828 ἕναντίος
3144 3763 3271 3819 οὐδὲ
3320 3768 3757 3842 ὑποτεταγμενος’
3800 3774 3948 3824 καθὸ

2338 3850 2398 3906 δε
2461 3855 2731 3928 ἄνθρωπος
2788 3850 3039 3908 οὐδέποτε
3093 3853 3303 3917 ἀνήκοος
3356 3862 3534 3930 γέγονε
3593 3867 3684 3912 τοῦ
3742 3865 3946 3919 Γεννή-

2336 3960 2507 4016 τορος.
2562 3944 2633 3993 T6
2700 3943 2943 4014 ἡμέτερον
3000 3946 3171 3995 τοίνυν
3231 3944 3574 4018 οἰκειούμενος
3629 3950 3944 4019 πρόσωπον,

2334 4035 2424 4083 καὶ
2488 4030 2601 4103 μεθ’
2663 4034 2808 4103 ἡμῶν
2860 4034 3070 4085 τάσσων
3133 4032 3349 4098 ἑαυτὸν,
3411 4044 3576 4089 ταῦτα
3633 4037 3786 4109 ἔλεγε.
3854 4041 3945 4092 Τὰ

2336 4117 2394 4172 δὲ
2442 4115 2536 4172 δια
2576 4124 2671 4178 τὴν
2722 4120 2837 4172 κατ’
2891 4119 3117 4174 ἐπίνοιαν
3184 4118 3464 4196 διαίρεσιν.
3518 4125 3635 4179 Ἐἀν
3693 4128 3796 4201 γὰρ
3861 4135 3937 4201 τῇ

2332 4206 2533 4282 ἐπινοίᾳ
2585 4205 2757 4282 διέλῃς
2802 4211 2869 4262 τὰ
2914 4218 2976 4283 τῇ
3028 4208 3243 4285 ἀληθείᾳ
3282 4212 3591 4287 ἀχώριστα,
3636 4220 3796 4287 ἤγουν
3834 4221 3940 4276 τὴν

2333 4298 2508 4370 σάρκα
2558 4295 2604 4349 ἐν
2664 4303 2753 4349 τοῦ
2801 4301 2983 4370 Δόγου,
3028 4300 3059 4357 ἡ
3117 4300 3251 4376 σὰρξ
3302 4297 3463 4361 δούλη
3520 4300 3582 4363 ἦν
3636 4308 3726 4356 καὶ
3779 4302 3942 4376 ἀγνο-

2331 4394 2467 4439 οῦσα
2490 4404 2502 4416 ·
2535 4384 2664 4439 ἀλλά
2701 4382 2737 4439 δ
2743 4388 2796 4439 :6:
2828 4391 2922 4444 τὴν
2974 4391 3105 4463 πρὸς
3135 4393 3222 4442 τόν
3261 4394 3389 4444 Θεὸν
3419 4396 3517 4461 Λό,
3553 4412 3607 4446 ον
3655 4394 3770 4446 καθ’
3802 4395 3940 4448 ὑπό-

568 4483 617 4538 si
637 4499 708 4539 ea
727 4498 865 4555 quae
887 4497 1092 4538 revera
1108 4479 1219 4551 disj
1233 4478 1375 4548 ungi
1390 4477 1848 4550 nequeunt,hoc
1869 4480 1960 4532 est
1979 4492 2222 4535 carnem

2348 4494 2515 4528 πασιν
2553 4476 2733 4528 ἕνωσιν
2776 4478 2893 4528 οὔτε
2933 4472 3093 4536 δουλη
3136 4474 3218 4549 ἦν,
3251 4483 3368 4533 οὔτε
3397 4481 3591 4552 ἠγνόει.
3641 4483 3792 4536 Ούτω
3835 4490 3936 4539 καὶ

567 4585 605 4627 a
633 4571 846 4635 Verbo,
873 4569 1198 4640 cogitando
1237 4566 1589 4638 sejunxeris,
1623 4580 1764 4620 caro
1794 4579 1968 4621 serva
2011 4569 2139 4622 erat
2166 4569 2225 4622 et

564 4658 813 4729 ignara:
847 4674 1059 4714 verum
1098 4656 1311 4713 eadem
1345 4654 1425 4710 ob
1464 4652 1907 4726 hypostaticam
1934 4668 2073 4709 cum
2101 4655 2220 4711 Deo

562 4748 755 4806 Verbo
782 4746 1268 4819 conjunctiouem
1298 4743 1362 4799 id
1389 4743 1622 4812 habuit,
1645 4744 1711 4797 ut
1737 4757 1847 4798 nec
1873 4757 2044 4799 serva
2067 4747 2222 4800 esset

562 4852 675 4894 nec
702 4838 938 4909 ignara.
978 4835 1205 4892 Eadem
1232 4833 1307 4890 de
1339 4847 1525 4889 causa
1554 4834 1785 4888 Patrem
1820 4833 2008 4886 Deum
2039 4847 2218 4887 suum

560 4928 818 4984 vocavit.
850 4926 1144 4993 Quaedam
1167 4938 1311 4980 vero
1333 4919 1551 4987 aiebat,
1576 4925 1640 4976 ut
1670 4935 1733 4976 se
1761 4919 1938 4976 nobis
1965 4918 2217 4977 manife-

565 5022 768 5086 staret,
796 5021 1187 5088 nostramque
1220 5013 1491 5068 ﬁrmaret
1516 5010 1724 5079 ﬁdem,
1749 5008 1928 5065 veluti
1953 5024 2093 5065 cum
2123 5008 2214 5065 di-

559 5106 672 5162 xit:
691 5108 890 5175 Pater,
904 5106 1175 5174 clari/ica
1194 5117 1288 5158 me
1303 5102 1584 5158 claritate
1610 5113 1795 5170 quam,
1813 5098 2021 5165 habui,
2035 5099 2213 5167 prius

559 5208 740 5264 quam
760 5194 1020 5249 mundus
1041 5196 1206 5258 esset,
1229 5189 1396 5260 apud
1416 5189 1527 5246 te“.
1554 5186 1784 5243 Etenim
1803 5186 1932 5259 ipse
1958 5185 2207 5259 quidem

559 5286 617 5338 et
644 5285 787 5337 tunc
815 5279 1175 5337 clariﬁcatus
1210 5282 1353 5346 erat,
1382 5281 1439 5334 et
1482 5291 1645 5333 nunc
1674 5274 2073 5333 clariﬁcatur:
2104 5291 2207 5333 ne-

630 5444 652 5478 ³
689 5443 860 5500 Joan.
890 5458 968 5509 ιι,
1002 5445 1091 5499 34.
1167 5441 1189 5477 ’⁸
1229 5439 1431 5499 Matth.
1460 5454 1630 5511 xxvu,
1661 5440 1751 5495 46.

2316 5293 2473 5350 φησιν
2516 5296 2531 5310 ⁹

1827 5436 1852 5474 ⁸
1890 5441 1913 5494 Ι
1943 5439 2074 5496 Cor.
2103 5453 2206 5507 xv,
2234 5441 2325 5496 28.

2328 4568 2456 4618 Θεὸν
2510 4565 2697 4617 ἑαυτοῦ
2747 4568 2834 4616 τὸν
2892 4570 3099 4639 Πατέρα
3149 4566 3360 4622 ἐκάλεσε
3392 4586 3405 4600 '
3446 4572 3512 4624 τά
3562 4567 3623 4625 δὲ
3681 4568 3776 4625 διὰ
3829 4577 3933 4633 τὴν

2325 4655 2452 4726 πρὸς
2514 4655 2654 4726 ἡμᾶς
2706 4657 2990 4729 φανέρωσίν
3041 4674 3096 4708 τε
3140 4661 3232 4710 καὶ
3282 4663 3484 4717 πίστιν.
3532 4659 3621 4723 Ὠς
3673 4664 3760 4730 τὸ,
3805 4664 3932 4715 Πά-

2324 4760 2440 4815 τερ,
2503 4738 2728 4804 δόξασόν
2789 4761 2852 4816 με
2909 4751 2972 4817 τῇ
3040 4740 3169 4818 δόξῃ
3331 4744 3476 4819 εἶχον
3514 4753 3615 4822 πρὸ
3680 4757 3771 4803 τοῦ
3832 4756 3929 4804 τὸν

2322 4834 2519 4903 κόσμον
2579 4827 2710 4884 εἶναι
2773 4835 2918 4905 παρά
2984 4837 3090 4889 σοί.
3145 4835 3314 4898 Αὐτὸς
3376 4839 3478 4910 γὰρ
3538 4835 3930 4912 δεδοξασμέδος

2324 4915 2386 4977 ἦν
2436 4938 2490 4972 τε
2540 4924 2631 4973 καὶ
2694 4918 2874 4973 ἐστίν*
2939 4919 3045 4974 ἀλλ’
3112 4923 3238 4995 ἡμῖν
3303 4924 3397 4977 οὐκ
3455 4923 3516 4985 ἧν
3569 4929 3931 5002 φανερωθεῖσα

2321 5012 2411 5061 καὶ
2443 5010 2771 5062 πιστωθεῖσα
2812 5011 2842 5068 ἡ
2895 5006 3027 5073 δόξα
3073 5010 3233 5065 αὐτοῦ
3258 5025 3273 5042 ⁸
3306 5015 3374 5066 τὰ
3417 5010 3496 5081 δε,
3529 5018 3666 5069 κατά
3701 5021 3796 5076 τὴν
3826 5038 3928 5072 του

2322 5093 2619 5151 Ἰουδαϊκοῦ
2701 5104 2986 5173 προσώπου
3062 5099 3349 5157 οὶκείωσιν.
3435 5108 3536 5158 Καὶ
3616 5108 3746 5178 μετὰ
3818 5116 3927 5160 τῶν

2320 5183 2589 5243 Ἰουδαίων
2629 5183 2862 5262 ἀριθμῶν
2910 5187 3128 5241 ἑαυτόν·
3178 5189 3243 5252 ὠς
3288 5194 3418 5266 πρός
3466 5197 3560 5251 τὴν
3610 5201 3929 5268 Σαμαρεῖτίν

2586 5274 2755 5348 Ὑμεῖς
2817 5285 3180 5349 προσκευνεῐτε
3244 5279 3272 5332 6
3328 5280 3424 5333 οὐκ
3488 5277 3669 5336 οἴδατε
3699 5300 3713 5315 ο
3773 5287 3931 5357 ἡμεῖς

2400 5438 2423 5475 θ
2460 5438 2632 5496 Joan.
2668 5440 2752 5507 t7,
2789 5441 2844 5495 5.

625 5588 700 5661 (ὅ)
739 5588 827 5645 De
867 5585 988 5657 ﬁde
1028 5585 1386 5660 orthodoxa,
1414 5582 1628 5654 1ib.1v,
1662 5595 1798 5656 cap.
1832 5585 1919 5654 18,
1950 5580 2093 5640 edit.
2137 5578 2462 5657 chuienii,
2493 5582 2539 5641 t.
2577 5582 2621 5653 Ι,
2654 5594 2716 5653 p.
2756 5582 2883 5641 286.
2915 5581 3179 5655 Carptim
3225 5585 3428 5644 tamen
3472 5584 3604 5643 haec
3650 5584 3894 5650 desumi

555 5664 975 5733 excerptorum
1000 5661 1233 5719 auctor.
