4046 6310
153 302 262 357 ξω

1485 293 1836 352 THESAURI
1877 291 2010 352 LlB.
2059 293 2210 350 XXV.

3423 294 3528 350 210

156 429 558 496 ιςωοκυνοῦμεν
607 423 635 477 ὅ
664 419 883 496 οἴδαμεν
911 441 924 457 ·
966 422 1048 475 ὅτι
1089 420 1121 480 ἠ
1157 423 1394 494 σωτηρία
1435 417 1491 473 ἔκ
1519 425 1620 472 τῶν
1649 419 1766 474 Ἰον·

1881 433 2191 493 quaquam
2214 421 2416 476 tamen
2436 417 2613 476 nobis
2636 417 2875 475 claritas
2891 418 3023 489 ejus
3043 413 3342 490 patefacta
3365 431 3528 472 com-

158 509 318 564 δαίων
353 511 520 569 ἐστίν.

1872 509 2252 582 probataque
2282 513 2426 566 erat.
2459 512 2765 565 Postremo
2791 507 3092 564 interdum
3121 506 3204 564 ita
3232 505 3525 578 loqueba-

155 603 266 671 tur,
291 607 601 675 tanquam
629 600 977 659 Judeorum
1005 613 1330 673 personam
1357 598 1724 661 adscivisset,
1748 614 1812 654 se
1835 598 1895 655 in
1925 614 2130 655 eorum
2164 613 2488 654 numerum
2519 597 2907 665 ascribendo;
2940 603 3006 652 ut
3035 612 3174 653 cum
3207 594 3527 654 Samarita-

149 703 243 745 na
270 691 394 748 ait:
442 692 560 748 Vos
587 691 858 748 adoratis
886 691 1046 765 quod
1075 691 1348 761 nescitis;
1374 703 1480 744 nos
1509 690 1833 746 adoramus
1863 689 2022 761 quod
2048 689 2265 744 scimus
2293 706 2306 745 :
2335 690 2480 760 quia
2510 689 2672 745 salus
2699 702 2772 744 ea:
2799 686 3023 743 Judaeis
3062 691 3144 742 est
3165 686 3212 745 ".

146 820 252 870 Τόν
292 816 456 889 ἁγίου
503 822 795 891 Γρηγοριου
838 835 930 870 του
981 815 1234 886 Θεολόγου
1285 813 1340 869 ἐκ
1383 821 1474 869 τοῦ
1520 809 1765 889 δευτέρου

622 905 778 979 λόγου
807 913 900 959 τοῦ
927 909 1045 982 περὶ
1068 910 1193 958 Υίοῡ

220 1029 274 1083 ε’.
314 1031 389 1083 Τό
438 1030 545 1102 γὰρ
599 1025 668 1088 δὴ
719 1028 885 1101 λέγειν
937 1029 1016 1082 ὅτι
1061 1047 1153 1081 του
1197 1028 1332 1080 κατὰ
1363 1029 1452 1080 τὸν
1498 1027 1766 1100 ἄνθρωπον

142 1123 431 1190 muluium;
489 1118 705 1191 μείζων,
759 1116 944 1180 ἀληθὲς
1001 1120 1110 1190 μὲν,
1157 1116 1214 1169 οὗ
1264 1121 1396 1189 μέγα
1445 1111 1518 1170 δέ.
1565 1120 1628 1170 Τί
1663 1117 1765 1192 γὰρ

139 1211 205 1260 τό
231 1209 574 1279 θαυμαστὸν,
609 1206 652 1260 εἰ
670 1206 862 1279 μείζων
893 1204 1163 1278 ἀνθρώπου
1195 1210 1357 1272 Θεόςς

139 1339 246 1385 Τοῦ
289 1331 456 1403 ἁγίου
500 1332 838 1397 Ἀθανασίου,
884 1329 937 1382 ἐκ
975 1337 1066 1382 τοῦ
1111 1326 1442 1383 διαλεκτικοῦ
1489 1328 1664 1401 λόγου,
1712 1329 1765 1381 ὃν

216 1420 521 1477 ἐποιήσατό
572 1417 620 1470 ἐν
659 1427 721 1491 τῇ
748 1421 883 1470 κατὰ
929 1424 1152 1471 Νίκαιαν
1191 1418 1318 1492 ἁγίᾳ
1353 1422 1531 1493 πρώτῃ
1564 1417 1760 1491 μεγάλῃ

216 1503 438 1578 συνόδῳ
479 1510 608 1580 πρὸς
649 1509 735 1560 τὸν
774 1505 977 1581 Ἀρειον
1017 1507 1115 1579 (7).

219 1633 285 1694 ζ·
332 1633 660 1694 Ἀθανάσιος
704 1632 813 1685 εἷπε
844 1652 857 1666 ·
909 1635 1048 1693 Τίνες
1104 1627 1192 1684 οὖν
1239 1640 1514 1700 κοπιῶσιν,
1558 1633 1763 1708 ἄνθρω-
1793 1647 1839 1704 Β

145 1741 235 1774 ποι
290 1722 326 1780 ἦ
392 1719 647 1793 indm;
706 1719 910 1794 ’Ἄρειος
964 1719 1133 1774 εἶπεν·
1197 1719 1436 1794 ’Ἄγγελοι
1495 1720 1766 1796 ἀσώματοι

143 1812 520 1881 τυγχάνουσι,
572 1812 704 1885 πρὸς
754 1813 814 1862 τὸ
865 1806 1237 1870 διακονοῦντας
1290 1809 1475 1872 αὐτοὺς
1527 1813 1763 1884 καμάτου

143 1905 335 1973 πεῖραν
377 1903 452 1971 μὴ
505 1896 710 1950 λαϐεῖν’
772 1897 1041 1974 ἀνθρώπου
1083 1895 1142 1952 δε
1169 1901 1226 1951 τὸ
1254 1901 1463 1972 κάμνειν
1491 1895 1629 1952 ἴδιον
1675 1897 1769 1954 διὰ

144 1992 240 2045 τήν
290 1995 392 2040 τοῦ
446 1992 685 2060 σώματος
734 1987 950 2061 βαρεῖαν
1007 1987 1182 2044 ὁλκήν.
1233 1987 1544 2052 Ἀθανασιος
1591 1991 1762 2043 εἶπεν·

147 2080 212 2129 '0
271 2074 368 2130 οὖν
440 2079 630 2149 Κύριος
703 2085 808 2137 πῶς
879 2076 1170 2144 ἐκοπίασε;
1249 2082 1539 2152 Γέγραπται
1602 2081 1700 2154 γὰρ
1748 2098 1761 2113 ο

145 2166 367 2226 Ἰησους
400 2162 462 2219 δὲ
510 2169 829 2226 κεκοπιακὼς
866 2165 923 2218 ἐκ
970 2174 1066 2226 τῆς
1103 2163 1424 2239 ὁδοιπορίας,
1475 2165 1761 2228 ἐκαθίζετο.

147 2256 367 2330 Ἀρειος
436 2251 574 2308 εἶπεν
616 2276 629 2288 ·
709 2258 1000 2326 Συνήγαγές
1059 2274 1144 2328 με,
1215 2258 1284 2318 ὡς
1359 2256 1638 2318 ἠθέλησας,
1709 2256 1766 2309 ἐκ

146 2366 239 2398 του
286 2342 731 2420 παραδείγματος
769 2353 868 2396 τῶν
916 2344 1141 2416 ἀγγελῶν
1190 2351 1278 2398 καὶ
1323 2355 1422 2398 τῶν
1464 2345 1761 2419 ἀνθρώπων,

151 2437 231 2488 ὅτι
275 2436 388 2507 οὐχ
429 2439 499 2499 ὡς
542 2438 661 2496 Θεὸς
707 2438 872 2506 Λόγος
910 2433 1205 2502 ἐκοπίασεν,
1246 2434 1352 2488 ἀλλ’
1391 2439 1476 2488 ἵνα
1523 2445 1652 2509 φανῇ
1686 2439 1766 2490 ὅτι

156 2528 358 2598 σάρκα,
433 2527 496 2583 ἦν
556 2525 649 2576 οὐκ
703 2521 816 2597 εἶχε
866 2529 1114 2598 πρότερον
1167 2526 1193 2577 ό
1248 2529 1418 2596 Λόγος
1472 2531 1562 2577 καί
1619 2529 1763 2588 Θεὸς,

153 2618 355 2672 ταύτην
405 2613 643 2666 ἁνελαϐεν
674 2631 688 2644 ·
744 2610 837 2666 δια
889 2621 1039 2666 τοῦτο
1095 2622 1155 2687 τῇ
1220 2620 1377 2690 σαρκὶ
1426 2621 1767 2690 συνεχώρησε

152 2707 392 2775 πάσχειν
438 2705 506 2756 τὰ
534 2699 669 2774 ἴδια,
703 2704 786 2755 ἵνα
827 2711 955 2776 φανῇ
1004 2705 1084 2756 ὅτι
1117 2703 1250 2776 σάρξ
1281 2704 1440 2760 ἐστιν.
1475 2706 1766 2767 Αθανάσιος

153 2790 262 2847 εἷπε
287 2814 302 2827 ·
341 2797 596 2865 Μέμνησο
636 2797 716 2844 ὅτι
757 2793 1195 2868 προωμολόγηται
1237 2796 1317 2846 ὅτι
1345 2795 1622 2866 πανταχοῦ
1665 2797 1766 2848 πά-

1873 817 2089 874 Sancti
2115 817 2381 890 Gregorii
2430 815 2702 888 Theologi
2741 831 2815 873 ex
2843 816 3116 874 oratione
3150 815 3409 872 secunda
3452 815 3525 874 de

2608 906 2784 975 Filio,

1946 1035 1998 1086 5.
2029 1029 2228 1087 Dicere
2269 1035 2494 1098 autem,
2523 1031 2690 1104 quod
2717 1030 2890 1086 Pater
2935 1030 3132 1101 major
3172 1029 3400 1086 Christo
3426 1029 3518 1097 sit,

1874 1123 2175 1193 quatenus
2211 1120 2308 1177 hic
2337 1120 2521 1178 modo
2545 1119 2927 1191 intelligitur;
2958 1135 3166 1175 verum
3187 1118 3248 1174 id
3273 1118 3521 1191 quidem

1875 1214 1982 1277 est,
2014 1209 2179 1266 haud
2206 1213 2409 1266 tamen
2450 1224 2764 1280 magnum.
2805 1209 2959 1276 Quid
2985 1209 3147 1266 enim
3176 1207 3420 1273 mirum,
3470 1208 3522 1264 si

1876 1298 2033 1354 Deus
2061 1299 2306 1356 homine
2335 1299 2528 1371 major
2550 1298 2683 1354 est?

1871 1423 1932 1481 S.
1990 1425 2316 1482 Athanasii
2367 1440 2443 1482 ex
2493 1425 2899 1494 disputatione
2955 1438 3133 1495 quam
3189 1423 3398 1479 habuit
3455 1425 3518 1480 in

1943 1520 2156 1570 sancta
2181 1516 2382 1584 prima
2424 1515 2675 1572 Nicaeae
2712 1529 2935 1584 magna
2966 1513 3194 1586 synodo
3229 1512 3520 1570 adversus

1944 1605 2172 1659 Arium.

1945 1732 1997 1784 6.
2026 1729 2386 1786 Athanasius
2416 1729 2586 1786 dixit:
2624 1729 2879 1796 Quinam
2937 1728 3115 1798 igitur
3157 1727 3517 1798 fatigantur;

1871 1817 2245 1885 hominesne,
2280 1836 2356 1875 an
2387 1819 2626 1888 angeli?
2662 1819 2832 1874 Arius
2863 1817 3050 1874 dixit:
3091 1816 3297 1886 Angeli
3325 1818 3518 1873 incor-

1873 1907 2040 1980 porei
2071 1912 2229 1974 sunt,
2251 1913 2315 1963 ut
2340 1924 2478 1964 cum
2509 1907 2623 1980 ipsi
2646 1907 3005 1975 ministrant,
3027 1906 3263 1962 nullum
3286 1906 3520 1962 lassitu-

1873 1995 2031 2051 dinis
2062 1996 2538 2068 experimentum
2583 1996 2931 2068 percipiant.
2975 2000 3047 2050 At
3083 1994 3346 2050 hominis
3383 2011 3520 2066 pro-

1873 2085 2073 2156 prium
2109 2089 2199 2140 est
2227 2084 2479 2154 fatigari,
2522 2091 2764 2157 propter
2794 2098 3038 2153 gravem
3066 2098 3286 2154 nempe
3311 2099 3520 2154 corpo-

1872 2173 1954 2229 ris
1985 2173 2225 2230 molem.
2259 2174 2623 2230 Athanasius
2656 2173 2839 2228 dixit:
2875 2171 3191 2237 Quomodo
3223 2187 3362 2241 ergo
3393 2171 3521 2226 fati—

1874 2268 2048 2335 gatus
2077 2270 2164 2320 est
2185 2264 2518 2320 Dominus?
2546 2263 2842 2334 Scriptum
2869 2261 3030 2318 enim
3053 2265 3166 2318 est:
3188 2263 3359 2317 Jesus
3384 2276 3519 2318 vero

1869 2353 2169 2423 fatigatus
2199 2369 2274 2410 ex
2310 2356 2543 2422 itinere,
2580 2351 2878 2409 sedebat”.
2908 2349 3081 2406 Arius
3111 2348 3296 2406 dixit:
3322 2351 3391 2405 Ut
3418 2365 3520 2404 ve-

1872 2441 2050 2512 luisti,
2067 2457 2135 2498 eo
2157 2459 2272 2511 me,
2291 2441 2642 2512 angelorum
2661 2440 3098 2510 hominumque
3113 2438 3405 2510 exemplo,
3421 2438 3522 2494 ad-

1873 2531 2115 2597 duxisti,
2145 2536 2206 2587 ut
2235 2530 2424 2588 fatear
2451 2531 2716 2586 Verbum
2743 2544 2866 2584 non
2897 2533 2962 2584 ut
2991 2530 3177 2583 Deum
3207 2526 3523 2597 fatigatum

1874 2636 2025 2689 esse,
2057 2619 2163 2675 sed
2194 2624 2259 2676 ut
2297 2623 2614 2693 appareret
2649 2633 2894 2675 carnem
2924 2617 3102 2684 hanc,
3131 2632 3318 2688 quam
3350 2621 3524 2673 antea

1874 2709 2132 2765 Verbum
2155 2713 2211 2765 et
2233 2712 2388 2765 Deus
2409 2725 2532 2764 non
2552 2708 2836 2775 habebat,
2856 2705 3281 2778 assumpsisse:
3302 2704 3524 2760 idcirco

1875 2799 2042 2854 carni
2067 2815 2204 2871 quae
2236 2799 2350 2854 sibi
2371 2804 2540 2855 erant
2564 2797 2808 2870 propria
2836 2797 2960 2868 pati
2986 2795 3273 2866 permisit,
3308 2799 3372 2850 ut
3401 2810 3526 2850 car-

150 2902 335 2955 ρεστιν
367 2884 394 2934 ό
436 2887 604 2953 Λόγος
649 2887 740 2934 καὶ
780 2887 930 2943 Θεὸς,
971 2881 1175 2956 ’Λρειος
1213 2883 1346 2936 εἶπεν
1371 2899 1385 2913 ⁶
1448 2884 1762 2956 ’Λραρότως.

1881 2904 2017 2943 nem
2047 2904 2176 2944 esse
2206 2887 2453 2944 evidens
2484 2888 2668 2943 ﬁeret.
2701 2884 3064 2942 Athanasius
3094 2883 3278 2940 dixit:
3306 2886 3528 2940 Memor

149 2973 475 3033 Ἀθανάσιος
496 2969 650 3024 εἶπεν·
681 2973 746 3025 Ei
766 2972 852 3024 οὖν
874 2991 1149 3043 πανταχου
1167 2974 1410 3047 πάρεστι,
1442 2978 1580 3036 τίνος
1610 2974 1767 3026 ἕνεκεν

152 3063 405 3131 ἓγασκεν,
455 3061 513 3112 Ὀ
562 3066 744 3134 Πατὴρ
776 3080 876 3132 μου
929 3062 954 3112 ὁ
988 3061 1200 3132 πέμψας
1253 3081 1315 3133 με
1346 3064 1534 3124 μείζων
1587 3060 1766 3128 Ean»;

155 3149 369 3221 Ἀρειος
400 3146 555 3202 εἶπεν
589 3150 880 3224 Παρακαλῶ
913 3169 990 3218 σε,
1015 3154 1085 3222 μὴ
1109 3149 1326 3222 ὀκνήσῃς
1353 3149 1688 3222 ἀποκαλύψαι
1713 3153 1770 3203 τό

148 3238 415 3310 κάλυμμα
433 3237 534 3290 ἀπὸ
561 3258 652 3291 του
689 3241 997 3313 γράμματος
1021 3237 1068 3290 ἐν
1098 3240 1278 3310 τάχει.
1310 3245 1442 3293 Λίαν
1480 3242 1581 3312 γὰρ
1618 3239 1770 3292 ἀνιῶ-

149 3348 273 3399 μαι.
299 3328 361 3378 Ἀ
372 3329 612 3388 θανάσιος
632 3324 787 3381 εἶπενο
810 3333 894 3388 Τίς
923 3327 1062 3380 ἐστιν
1083 3330 1109 3380 ό
1131 3333 1464 3400 κεκοπιακὼς,
1481 3331 1768 3401 ἄνθρωπος,

152 3417 184 3473 1';
246 3417 273 3467 ό
323 3421 457 3477 Θεὸς
501 3420 700 3487 Λόγος;
752 3415 956 3491 Ἄρειος
1005 3413 1140 3469 εἶπεν
1182 3437 1196 3450 ο
1250 3416 1570 3491 Ἄνθρωπος.
1619 3417 1774 3471 Ἀθα-

147 3510 345 3567 victo;
373 3504 526 3559 εἶπεν·
553 3508 755 3559 Οὐκονν
779 3511 867 3559 σόν
897 3507 1013 3559 ἐστι
1041 3511 1100 3560 τό
1126 3515 1314 3566 νοῆσαι
1342 3507 1541 3573 λοιπόν,
1571 3507 1771 3585 Ἀρειος

149 3594 294 3650 εἶπεν
320 3615 334 3628 ·
381 3597 748 3670 Κατελαϐόμην
781 3617 874 3650 σου
925 3600 1011 3650 τὸν
1049 3605 1165 3650 νοῦν
1196 3596 1243 3650 ἐν
1283 3607 1354 3670 τῷ
1396 3599 1532 3671 λόγῳ
1578 3603 1766 3672 τούτῳ.

146 3691 255 3757 ὅτι,
307 3683 403 3739 τοῦ
444 3694 575 3740 Θεοῦ
634 3691 808 3758 Λόγου
847 3706 1127 3758 πανταχου
1174 3692 1446 3761 παρόντος,
1491 3685 1648 3747 δῆλον
1688 3691 1768 3742 ὅτι

147 3773 251 3829 διὰ
300 3780 400 3834 τήν
441 3779 611 3851 σάρκα
657 3773 812 3848 εἶπεν,
852 3775 911 3829 Ὀ
952 3781 1132 3848 Πατήρ
1200 3796 1300 3848 μου
1368 3778 1394 3829 ὁ
1459 3777 1665 3849 πέμψας
1703 3797 1767 3850 με

147 3867 357 3940 μείζων
419 3864 580 3934 ἐστὶν,
645 3871 740 3924 τὴν
803 3862 1136 3939 βαδίζουσαν
1189 3871 1278 3918 καὶ
1333 3875 1622 3935 κοπιῶσαν,
1677 3871 1766 3920 καὶ

149 3957 258 4007 ἀπὸ
307 3959 473 4008 τόπου
533 3955 604 4018 εἰς
658 3959 813 4008 τόπον
866 3959 1034 4030 ἕτερον
1098 3956 1441 4031 πορευομένην
1478 3994 1489 4007 .
1537 3954 1765 4017 Ἀληθῶς

147 4047 326 4119 ὀρθῶς
357 4045 473 4117 ἔχει
500 4052 672 4100 τοῦτο.

288 4248 399 4296 Τοῦ
431 4240 586 4312 ἁγίου
617 4239 966 4314 ’Δμςοιλοχίου
1005 4238 1060 4292 ἔκ
1085 4259 1176 4294 του
1200 4243 1337 4294 κατὰ
1361 4241 1635 4316 Ἀρειανῶν

828 4328 984 4402 λόγου
1007 4330 1126 4401 (8).":

225 4457 293 4520 ζ’.
345 4459 442 4510 Διὰ
483 4475 636 4509 τουτο
675 4457 776 4530 γὰρ
819 4462 893 4514 πῆ
941 4457 1030 4528 μὲν
1073 4453 1413 4527 ἀνηγμένους,
1453 4477 1524 4516 πη
1577 4455 1636 4510 6";
1662 4478 1764 4512 τα-

149 4550 368 4607 πεινοὺς
410 4547 703 4618 φθέγγομαι
757 4544 978 4616 λόγους’
1031 4545 1114 4596 ἶνα
1143 4541 1236 4597 διὰ
1272 4547 1363 4617 μεν
1411 4553 1512 4598 τῶν
1560 4546 1762 4619 ὑφηλῶν

156 4657 246 4690 του
305 4634 622 4696 ἑνοικουντος
667 4633 820 4706 λόγου
876 4629 1141 4696 ἀποδείξω
1191 4639 1285 4693 τὴν
1344 4634 1616 4706 εὐγένειαν,
1671 4633 1766 4690 διὰ

154 4723 217 4779 δὲ
276 4733 383 4778 τῶν
433 4731 687 4776 ταπεινῶν
738 4731 834 4785 τῆς
882 4721 1235 4795 ἐνοικουμένης
1284 4727 1475 4798 σαρκὸς
1526 4731 1764 4799 γνωρίσω

153 4817 221 4867 τὰ
274 4814 502 4872 ἀσθενῆ.
564 4818 666 4867 Καὶ
701 4812 876 4864 πάλινι
929 4819 1007 4871 Πῆ
1068 4815 1157 4886 μὲν
1197 4811 1416 4886 ἐμαυτόν
1469 4816 1583 4866 ἴσον
1636 4813 1764 4886 λέγω

151 4913 228 4976 τῷ
274 4907 469 4976 “arpi.
511 4910 583 4961 πῆ
632 4899 692 4955 δὲ
733 4906 950 4974 μείζονα
987 4905 1074 4954 τὸν
1121 4906 1362 4976 Πατέρα·
1415 4902 1472 4955 οὔ
1521 4908 1763 4978 μακάριε·

225 5067 247 5100 τ
279 5067 458 5121 Joan.
481 5078 561 5131 Iv,
585 5062 675 5118 22.
755 5063 775 5098 ⁸
802 5061 951 5119 ibid.
985 5066 1037 5119 6.

228 5228 311 5296 (6)
341 5225 492 5298 Edit.
529 5226 774 5282 Maurin.
805 5228 848 5281 t.
882 5228 1076 5292 l,orat.
1112 5229 1200 5292 30,
1230 5226 1258 5298 §
1286 5232 1339 5282 7.

226 5302 308 5366 (7)
364 5297 518 5353 Edit.
568 5297 816 5370 Maurin.
849 5300 889 5352 t.
949 5300 1012 5370 ll,
1073 5312 1132 5370 p.
1191 5300 1545 5370 2l0.7Porro
1594 5297 1760 5354 vides

159 5372 431 5425 Graecam
465 5368 663 5424 szeculi
684 5385 758 5425 xu
781 5368 1092 5439 synodum
1119 5369 1436 5438 agnovisse
1465 5375 1531 5425 ut
1556 5370 1761 5438 genui-

158 5456 306 5521 num
329 5439 639 5521 athanasii
661 5439 1021 5521 opus,‘q‘uod
1045 5447 1256 5521 postea
1276 5441 1520 5521 Maurini
1543 5440 1762 5521 aliique

159 5511 344 5641 {Sigei
373 5512 532 5640 intetr
575 5511 795 5586 Spuria
822 5511 1232 5570 Athanasiana
1257 5511 1626 5570 confidenter
1646 5511 1763 5570 col-

291 5598 489 5641 verun
517 5623 530 5638 .

291 5598 530 5642 verum.

1879 2979 1986 3046 sis,
2019 2993 2376 3034 concessum
2393 2978 2523 3048 jam
2549 2991 2680 3032 esse
2711 2973 2968 3030 Verbum
2998 2977 3055 3028 et
3085 2975 3271 3028 Deum
3301 2972 3527 3044 ubique

1879 3065 2179 3122 exsistere.
2207 3065 2378 3120 Arius
2397 3065 2562 3119 dixit.
2592 3065 2763 3118 Recte
2784 3060 3138 3116 admodum.
3169 3059 3527 3114 Athanasius

1880 3154 2064 3210 dixit:
2101 3153 2156 3210 Si
2200 3154 2381 3223 igitur
2423 3152 2647 3224 ubique
2692 3165 2962 3222 praesens
2991 3153 3100 3213 est,
3144 3163 3413 3220 quanam
3451 3147 3526 3202 de

1881 3260 2066 3301 causa
2107 3243 2223 3299 ait:
2273 3245 2458 3300 Pater
2493 3257 2679 3308 meus,
2717 3241 2824 3311 qui
2849 3239 3010 3294 misit
3051 3253 3162 3303 me,
3203 3239 3401 3307 major
3436 3253 3529 3292 me

1882 3338 2019 3392 est?
2049 3333 2223 3390 Arius
2262 3331 2447 3388 dixit:
2496 3330 2756 3388 Obsecro
2795 3333 2870 3398 te,
2909 3343 2984 3384 ne
3027 3327 3286 3398 graveris
3323 3326 3526 3382 velum

1881 3440 1918 3480 a
1944 3423 2138 3479 littera
2174 3437 2360 3494 quam
2405 3420 2519 3476 cito
2549 3418 2880 3474 detrahere.
2914 3415 3096 3472 Valde
3139 3415 3299 3471 enim
3338 3429 3528 3485 angor

1881 3513 2105 3570 animo.
2131 3509 2498 3568 Athanasius
2520 3508 2697 3564 dixit:
2725 3507 2866 3573 Quis
2887 3506 3167 3575 fatigatus
3189 3508 3293 3575 est,
3317 3503 3526 3560 homo-

1877 3619 1974 3670 ne,
2004 3618 2083 3658 an
2109 3605 2263 3658 Deus
2288 3599 2596 3656 Verbum?
2622 3598 2794 3653 Arius
2820 3595 3001 3652 dixit:
3036 3599 3243 3652 Homo.
3277 3594 3526 3651 Athana-

1877 3692 2000 3747 sius
2029 3691 2208 3747 dixit:
2251 3693 2442 3746 Tuum
2471 3688 2650 3759 igitur
2678 3687 2809 3758 jam
2839 3690 2931 3741 est
2955 3684 3302 3754 intelligere.
3348 3683 3524 3740 Arius

1875 3780 2063 3849 dixit;
2110 3779 2378 3850 Percipio
2426 3777 2573 3850 quid
2607 3781 2709 3831 tuo
2739 3776 2854 3830 hoc
2882 3787 3174 3845 responso
3202 3769 3522 3840 intelligas,

1875 3885 2090 3943 nempe
2121 3885 2259 3926 cum
2306 3871 2460 3924 Deus
2491 3865 2749 3922 Verbum
2797 3863 3019 3934 ubique
3048 3861 3224 3926 adsit,
3272 3875 3522 3931 prorsus

1875 3964 2151 4016 constare
2202 3959 2404 4030 ipsum
2455 3958 2700 4028 propter
2727 3966 2973 4006 carnem
3020 3949 3285 4004 dixisse:
3337 3947 3524 4004 Pater

1872 4065 2035 4107 meus
2065 4049 2166 4120 qui
2185 4049 2339 4103 misit
2357 4045 2768 4113 me,majorme
2795 4045 2898 4096 est.
2929 4042 3077 4096 Caro
3103 4036 3262 4092 enim
3291 4035 3522 4108 gradie-

1872 4137 2050 4195 batur
2074 4142 2131 4193 et
2157 4133 2542 4204 fatigabatur,
2571 4135 2629 4186 et
2659 4145 2696 4185 a
2715 4127 2851 4185 loco
2880 4127 2943 4184 in
2965 4125 3167 4183 locum
3192 4123 3519 4197 migrabat.

1793 4243 1838 4299 ι)
1871 4226 2035 4282 Certe
2063 4225 2126 4281 id
2148 4227 2305 4280 recte
2335 4237 2396 4278 se
2424 4219 2626 4277 habet.

1941 4334 2002 4391 S.
2033 4330 2444 4403 Amphilochii
2471 4343 2545 4386 ea:
2571 4339 2839 4384 sermone
2858 4323 3144 4382 adversus
3164 4323 3445 4379 Arianos.

1941 4465 1992 4514 7.
2029 4458 2255 4514 Idcirco
2303 4470 2464 4512 nunc
2502 4451 2764 4520 sublimi,
2794 4465 2954 4506 nunc
2993 4447 3205 4505 humili
3251 4447 3519 4504 oratione

1872 4553 2038 4616 utor;
2064 4562 2281 4620 nempe
2318 4550 2384 4601 ut
2412 4541 2676 4610 sublimi,
2706 4537 3094 4595 inhabitantis
3133 4537 3309 4593 Verbi
3350 4535 3521 4593 nobi-

1870 4637 2095 4694 litatem
2138 4637 2585 4698 demonstrem;
2633 4628 2847 4686 humili
2908 4632 3130 4696 autem,
3178 4625 3520 4682 comitantis

1872 4727 2067 4784 carnis
2105 4724 2512 4781 inﬁrmitatem
2555 4717 2909 4788 signiﬁcem.
2955 4718 3022 4772 Et
3056 4715 3305 4772 iterum:
3345 4715 3516 4770 Modo

1874 4832 1969 4872 me
1999 4814 2151 4871 Patri
2180 4812 2497 4886 aequalem,
2534 4809 2718 4866 modo
2749 4810 2978 4863 Patrem
3009 4806 3302 4874 majorem
3333 4802 3466 4857 dico
3500 4819 3512 4856 :

1873 4921 2071 4979 neque
2118 4905 2246 4977 ipse
2294 4902 2440 4958 mihi
2473 4915 2770 4974 repugno,
2820 4897 2926 4954 sed
2955 4911 3052 4951 me
3094 4896 3282 4950 Deum
3320 4893 3516 4950 homi-

1943 5228 2019 5295 (8)
2040 5226 2103 5281 In
2130 5218 2885 5298 S.Amphilochiireliquiis
2902 5215 3065 5298 apud
3088 5215 3518 5298 Combeﬁsium

1870 5290 2067 5371 p.159
2107 5290 2336 5371 citatur'
2355 5295 2518 5352 idem
2549 5294 2652 5371 hic
2699 5290 2898 5371 titulus
2924 5290 3167 5371 {Sermo
3210 5290 3519 5371 Verqoipse

1873 5360 2102 5442 periit:
2129 5370 2209 5425 ita
2249 5373 2452 5442 tamen
2497 5370 2562 5421 ut
2600 5360 2892 5442 particula
2929 5361 3212 5442 qumdam
3254 5360 3519 5442 νειιὶοὲιηί

1869 5431 2052 5511 hujus
2081 5440 2401 5509 fragmenti
2438 5431 2713 5493 occurrat
2755 5431 3516 5511 etiatn'apuduprtedictum

1871 5503 2320 5578 Coinbeﬁsium,
2343 5526 2402 5582 p.
2430 5511 2557 5578 146,
2583 5521 2724 5563 cum
2755 5503 2958 5562 titulo:
2990 5503 3063 5563 In
3087 5503 3267 5576 illud,
3296 5525 3323 5554 «
3349 5506 3520 5560 Pater

1869 5585 2070 5654 major
2092 5598 2184 5641 me
2213 5588 2317 5640 est.
2348 5603 2378 5631 »
