4046 6310
484 248 590 311 Si!

1819 243 2086 304 NICETIS
2121 237 2510 301 CHONIATE.

3752 244 3952 309 212

488 392 755 451 namque
772 376 1152 444 demonstro;
1174 378 1382 442 Deum,
1406 369 1772 430 sublimitate
1801 368 2098 426 sermonis
2124 386 2140 430 ;

2256 383 2339 427 νος
2385 362 2611 437 ἐμαυτῷ,
2660 364 2789 419 ἀλλὰ
2826 362 3031 429 δεικνὺς
3065 369 3132 430 ὣς
3174 373 3300 431 Θεός
3351 370 3456 444 εἰμι
3505 378 3592 427 καὶ
3638 376 3949 449 ἄνθρω-

490 466 1184 536 bominem,humilitate.
1196 469 1396 537 Neque
1410 469 1611 519 tamen
1622 476 1726 525 cor
1735 464 2005 517 vestrum
2021 464 2140 515 tur-

491 555 689 625 betur,
713 556 859 628 quia
886 556 1009 613 dixi
1038 554 1233 612 vobis:
1265 554 1446 611 Pater
1465 566 1628 608 meus
1662 552 1865 620 major
1899 564 1992 605 me
2019 554 2138 616 est;

492 647 692 719 major
719 646 879 705 enim
895 651 987 703 est
1007 643 1232 717 illoqui
1252 642 1330 700 ad
1351 657 1494 699 eum
1513 639 1820 707 vadit,non
1840 638 1941 695 illo
1956 637 2063 710 qui
2078 637 2144 695 in

493 736 629 810 ipso
656 740 774 805 est;
802 750 948 791 nam
978 738 1280 807 quatenus
1311 735 1465 789 Deus
1507 746 1663 796 sum,
1691 731 1755 784 in
1776 730 1949 784 Patre
1975 743 2139 799 sum;

496 828 795 897 quatenus
825 826 1026 880 autem
1055 823 1261 891 homo,
1283 820 1365 878 ad
1390 820 1625 876 Patrem
1642 817 1824 874 vado.
1842 816 1945 873 lllo
1965 815 2145 886 igitur

496 913 695 984 major
721 916 889 969 Pater
925 917 1033 980 est,
1063 912 1171 985 qui
1208 910 1286 967 ad
1310 910 1515 983 ipsum
1535 908 1700 964 vadit
1731 922 1889 976 ;non
1914 906 2013 961 illo
2039 904 2145 978 qui

496 1015 736 1074 semper
754 1001 816 1058 in
837 1002 972 1073 ipso
987 1005 1093 1058 est.
1122 1005 1312 1073 Atque
1328 1003 1391 1055 ut
1410 997 1596 1054 verba
1615 996 1693 1053 ad
1716 993 2147 1066 compendium

498 1091 827 1158 conferam,
858 1092 1058 1163 major
1096 1089 1278 1146 simul
1304 1093 1393 1145 est
1429 1092 1610 1160 atque
1638 1084 1917 1158 aqualis:
1950 1084 2149 1155 major

498 1180 835 1238 sciscitante
858 1182 1031 1250 :Quot
1052 1194 1244 1250 panes
1274 1177 1569 1235 habetis“?
1585 1173 1833 1247 aqualis
1854 1173 2150 1246 populum

498 1270 847 1327 universum
868 1269 1140 1342 quinque
1162 1267 1428 1341 panibus
1452 1264 1784 1322 saturanti:
1826 1262 2025 1333 major
2059 1261 2150 1317 in-

500 1362 864 1429 terrogante:
906 1358 1158 1416 Ubinam
1190 1358 1488 1413 Lazarum
1517 1354 1804 1425 posuistis
1830 1352 1875 1387 ιο
1895 1352 1923 1407 ?
1950 1366 2149 1423 aqua-

500 1444 573 1504 lis
594 1448 880 1503 Lazarum
905 1447 1082 1517 jussu
1104 1444 1444 1501 suscitanti:
1474 1441 1670 1512 major
1699 1441 1967 1496 dicente:
2012 1438 2151 1506 Quis

500 1550 594 1592 me
631 1536 826 1606 tetigit
858 1534 948 1589 “‘I
997 1532 1247 1605 aqualis
1278 1536 1635 1604 perpetuum
1670 1527 2150 1584 hamorrhoissa

501 1622 735 1679 ﬂuxum
767 1623 993 1679 sistenti
1013 1640 1026 1677 :
1054 1623 1252 1693 major
1271 1621 1603 1678 dormiente
1622 1620 1684 1675 in
1703 1632 1931 1691 puppe,
1951 1632 2153 1688 aqua-

2250 472 2384 513 πος·
2435 456 2561 514 Θεὸς
2598 456 2687 526 μὲν
2730 454 2787 507 ἐκ
2832 464 2932 508 τῶν
2971 455 3205 526 ὑψηλῶν,
3242 458 3508 535 ἄνθρωπος
3554 458 3612 516 δι
3649 461 3706 515 ἐκ
3758 469 3947 516 τῶν

2251 550 2520 597 ταπεινῶν.
2584 542 2738 597 Ἀλλὰ
2791 549 2864 617 μὴ
2928 548 3275 621 ταρασσέσθω
3340 550 3482 621 ὑμῶν
3538 552 3570 609 ἡ
3624 548 3939 625 καρδία,

2252 634 2333 684 ὅτι
2396 629 2539 685 εἶπον
2591 634 2734 706 ὑμῖν,
2781 634 2840 688 Ὀ
2901 640 3083 710 Ηατήρ
3142 656 3243 708 μου
3301 639 3479 711 μείζον
3535 642 3634 713 μού
3692 640 3864 694 ἔστι
3911 659 3935 674 ο

2251 723 2443 793 μειζών
2497 722 2598 796 γάρ
2666 719 2777 775 ἔστι
2827 731 2918 775 τοῦ
2968 730 3310 799 πορευομένου
3362 731 3488 805 πρὸς
3551 729 3731 796 αὐτὸν,
3820 728 3930 783 οὖ

2252 815 2345 861 τοῦ
2393 811 2532 870 ὄντος
2580 806 2628 862 ἓν
2678 811 2817 883 αὐτῷ
2840 829 2855 842 ⁸
2907 816 2976 874 ὡς
3013 817 3114 887 γὰρ
3146 816 3271 876 Οεὸς
3305 815 3412 888 εἰμι
3445 813 3494 869 ἓν
3529 824 3600 886 τῷ
3632 822 3847 890 Πατρί
3896 838 3923 851 ο

2255 899 2389 951 ὥστε
2453 901 2523 960 ὡς
2583 902 2848 976 ἄνθρωπος
2920 907 3208 978 πορεύομαι
3274 909 3405 981 πρὸς
3465 911 3549 960 τὸν
3615 913 3922 983 Πατέρα-

2258 986 2484 1041 Ἐκεὶνου
2527 986 2614 1041 οὖν
2661 993 2852 1064 μείζων
2902 994 2929 1044 ὀ
2962 999 3169 1067 Πατὴρ,
3209 1000 3302 1047 τοῦ
3338 1000 3681 1069 πορευομένου
3719 1001 3927 1073 πρὸς

2257 1076 2433 1149 αὐτὸν,
2479 1078 2539 1130 οὐ
2581 1087 2673 1132 τοῦ
2704 1078 2784 1133 ἀεὶ
2832 1084 2977 1145 ὄντος
3014 1082 3062 1134 ἐν
3099 1083 3241 1155 αὐτῷ
3269 1104 3282 1117 ·
3332 1088 3422 1137 καὶ
3452 1085 3536 1138 ἵνα
3582 1090 3928 1159 συντόμως

2259 1169 2404 1233 εἴπω,
2455 1168 2645 1239 μείζων
2689 1167 2801 1223 ἐστὶ
2848 1176 2937 1224 καὶ
2983 1175 3132 1235 ἶσος·
3179 1176 3293 1234 ἶσος
3340 1182 3432 1227 τοῦ
3479 1172 3710 1227 ἰκπέντε
3755 1176 3925 1250 ἄρα

2259 1274 2359 1307 των
2405 1252 2573 1330 δῆμον
2618 1257 2896 1332 ὁλόκληρον
2942 1263 3303 1333 κορεννὺντοςο
3354 1263 3546 1335 μείζων
3590 1270 3684 1317 τοῦ
3732 1264 3929 1340 ἔρις-»-

2258 1352 2462 1412 τῶντος,
2509 1352 2618 1399 Ποῦ
2668 1351 2752 1400 τὸν
2804 1349 3048 1423 Λάζαρον
3097 1353 3401 1420 τεθείκατε;
3458 1355 3574 1414 ’ἴσος
3616 1372 3709 1405 του
3776 1356 3930 1407 τὸν

2262 1434 2506 1509 Λάζαρον
2573 1435 2885 1498 ἁνιστῶντος
2948 1437 3085 1511 λόγῳ
3113 1459 3126 1471 ·
3193 1441 3385 1513 μείζων
3446 1448 3537 1495 τοῦ
3594 1441 3916 1514 λέγοντος,

2262 1527 2353 1583 Τίς
2399 1544 2499 1596 μου
2548 1523 2757 1597 ἣψατος
2797 1530 2908 1587 ἴσος
2936 1536 3029 1579 τοῦ
3072 1530 3167 1590 τὰς
3206 1526 3490 1592 ἁκενώτους
3539 1534 3714 1602 πηγὰς
3763 1540 3860 1590 τῆ
3886 1553 3925 1594 ς

2264 1611 2650 1688 αἰμοῤῥοούσης
2706 1615 3057 1690 ξηράναντος·
3115 1616 3305 1689 μείζων
3361 1626 3454 1671 τού
3510 1616 3915 1683 καθεύδοντος

503 1712 579 1768 Iis
603 1712 757 1768 mari
783 1712 1117 1784 increpanti
1143 1731 1157 1768 :
1190 1712 1386 1782 major
1413 1726 1483 1766 eo
1512 1724 1696 1781 quem
1720 1707 2034 1763 damnavit
2059 1706 2140 1761 Pi-

2263 1700 2346 1753 ἐπὶ
2393 1709 2455 1774 τῇ
2509 1705 2716 1777 πρύμνῃ
2743 1724 2756 1737 ο
2797 1708 2908 1765 ἶσος
2949 1712 3042 1757 τοῦ
3074 1705 3415 1778 ἐπιτιμῶντος
3464 1714 3527 1780 τῇ
3568 1708 3831 1782 θαλάσσῃ
3884 1726 3911 1739 ο

500 1800 694 1868 latus;
723 1799 970 1873 aqualis
992 1800 1045 1857 ei
1068 1800 1173 1873 qui
1194 1799 1490 1856 mundum
1508 1797 1898 1855 damnatione
1916 1796 2149 1851 liberat:

502 1888 701 1959 major
727 1904 800 1945 eo
818 1889 923 1961 qui
944 1888 1188 1961 alapam
1215 1901 1579 1960 crucemque
1601 1885 1881 1941 sustinuit
1906 1900 2045 1940 cum
2067 1883 2153 1940 la-

503 1976 807 2046 tronibus;
838 1977 1090 2051 aqualis
1108 1977 1163 2034 ei
1191 1977 1295 2050 qui
1331 1977 1625 2033 latronem
1653 1975 1839 2046 gratis
1863 1972 2149 2045 justiﬁca-

498 2066 619 2124 vit:
671 2068 871 2139 major
915 2083 988 2124 eo
1016 2069 1122 2141 qui
1150 2072 1314 2124 veste
1347 2066 1605 2122 nudatus
1638 2064 1767 2135 fuit,
1807 2063 2058 2135 aqualis
2094 2064 2148 2119 ei

499 2155 606 2228 qui
635 2157 905 2213 animam
936 2161 1146 2213 ornat:
1189 2155 1382 2227 major
1406 2170 1477 2211 eo
1507 2154 1600 2210 cui
1624 2154 1984 2226 propinatur
2012 2167 2148 2209 ace-

497 2248 628 2299 tum
653 2262 668 2314 ;
699 2244 951 2318 aqualis
976 2245 1029 2301 ei
1049 2245 1153 2318 qui
1174 2244 1488 2316 proprium
1519 2242 1877 2311 sanguinem
1905 2256 1980 2297 ex
2009 2241 2147 2298 vino

495 2330 671 2389 facit:
711 2333 911 2404 major
947 2347 1019 2389 eo
1048 2333 1152 2406 qui
1195 2330 1650 2388 dissolutionem
1684 2329 1894 2402 templi
1937 2331 2019 2400 (id
2058 2335 2149 2387 est

496 2421 766 2492 corporis
795 2421 907 2492 sui)
924 2437 1144 2493 passus
1160 2425 1278 2486 est;
1302 2419 1549 2492 aqualis
1578 2419 1631 2475 ei
1658 2419 1765 2491 qui
1791 2435 1970 2475 suum
2002 2424 2146 2475 tem-

494 2507 665 2580 plum
692 2509 776 2581 (id
804 2513 895 2565 est
926 2509 1166 2581 corpus)
1198 2508 1542 2573 suscitavit;
1574 2507 1693 2574 illo,
1718 2508 1991 2580 inquam,
2020 2524 2144 2564 ma-

489 2597 607 2668 jor,
633 2598 775 2655 huic
802 2598 1074 2671 aqualis.
1103 2601 1165 2654 Et
1186 2600 1422 2654 iterum.
1452 2596 1625 2653 Haud
1649 2596 1923 2668 pluribus
1942 2597 2143 2653 verbis

490 2701 603 2742 vos
630 2686 939 2746 morabor.
968 2687 1188 2756 Cernis,
1219 2687 1512 2756 haretice,
1547 2701 1815 2758 quonam
1841 2687 2038 2757 major
2067 2686 2143 2743 sit

491 2775 680 2843 Pater,
721 2790 794 2829 eo
818 2774 1105 2830 nimirum
1143 2775 1247 2848 qui
1287 2774 1408 2830 ait:
1439 2774 1584 2830 ‘Jam
1624 2776 1812 2843 plura
1841 2775 2140 2830 vobiscum

489 2876 613 2917 non
644 2862 863 2933 loquar
905 2864 993 2935 ﬂ;
1017 2878 1140 2918 non
1176 2878 1248 2919 eo
1273 2862 1378 2935 qui
1418 2862 1595 2918 dicit:
1627 2864 1762 2919 Non
1801 2864 2140 2934 relinquam

488 2964 591 3008 vos
619 2951 924 3020 orphanos
938 2951 985 2987 ¹⁸
1009 2967 1023 3017 ;
1046 2953 1266 3008 etenim
1286 2951 1585 3008 vobiscum
1604 2966 1736 3007 sum
1761 2952 1997 3009 cunctis
2014 2952 2142 3008 die-
2175 2980 2215 3035 ρ

491 3041 595 3095 bus
624 3054 811 3112 usque
840 3041 923 3099 ad
949 3041 1153 3097 saeculi
1180 3043 1742 3097 consummationem
1770 3042 1833 3095 ιδ.
1866 3072 1935 3082 -
1974 3043 2142 3098 Venit

484 3131 766 3198 princeps
798 3129 976 3198 huius
999 3130 1229 3196 mundi,
1263 3144 1453 3201 neque
1481 3133 1544 3185 in
1572 3144 1666 3185 me
1693 3130 2020 3202 quidquam
2046 3132 2141 3185 in-

485 3219 647 3273 venit
673 3219 740 3273 ".
767 3218 974 3274 Cernis
1005 3233 1278 3290 quonam
1310 3218 1387 3273 sit
1415 3218 1614 3288 major
1638 3235 1650 3283 ς
1673 3216 1770 3272 ille
1791 3217 2017 3274 scilicet
2035 3218 2141 3291 qui

487 3320 690 3361 coram
719 3306 1091 3378 principibus
1115 3306 1440 3362 damnatus
1461 3307 1587 3377 fuit,
1612 3321 1734 3362 non
1752 3323 1823 3362 eo
1845 3308 1947 3378 qui
1969 3323 2141 3363 mun-

492 3393 637 3449 dum
669 3394 825 3449 fecit.
860 3397 1102 3464 Surgite
1127 3410 1327 3451 eamus
1360 3395 1500 3451 hinc
1523 3398 1588 3449 ‘5.
1624 3397 1896 3460 Quonam
1942 3396 2141 3464 major

489 3490 575 3537 est
605 3484 816 3538 Pater?
852 3498 1071 3554 nempe
1119 3482 1383 3539 dicente:
1418 3484 1681 3547 Eamus;
1724 3498 1848 3539 non
1881 3484 2135 3551 dicente,

488 3572 791 3628 Habitabo
814 3573 1108 3627 vobiscum
1132 3581 1184 3627 et
1209 3574 1366 3627 inam
1381 3573 1597 3627 bulabo
1620 3573 1760 3626 ¹’¹-¹⁸.
1779 3573 1991 3643 --Ερο
2011 3589 2139 3629 sum

506 3664 642 3716 vitis
664 3676 805 3717 vera
829 3660 1117 3725 ";cernis
1147 3675 1417 3732 quonam
1447 3661 1642 3730 major
1671 3660 1745 3715 sit
1775 3662 1948 3716 Pater
1962 3663 2135 3718 nimi-

487 3765 625 3806 rum
655 3748 888 3805 dicente
930 3767 944 3805 :
1008 3750 1134 3820 Ego
1171 3765 1300 3805 sum
1353 3749 1527 3817 vitis;
1560 3764 1682 3805 non
1710 3748 1982 3805 dicente:
2015 3753 2138 3823 Ego

489 3852 696 3895 veram
725 3840 909 3896 vitem
939 3838 1230 3911 plantavi.

594 3964 655 4020 S.
696 3962 922 4035 Cyrilli
948 3979 1023 4021 ea:
1052 3962 1299 4020 homilia
1323 3963 1387 4018 in
1420 3964 1631 4020 Ramos
1657 3962 2026 4020 Palmarum.

562 4125 617 4180 8.
639 4122 753 4178 Sed
774 4123 1055 4194 quamvis
1076 4123 1382 4181 rationalis
1398 4128 1613 4180 natura
1626 4127 1830 4180 nostra
1849 4139 2137 4197 persona-

488 4212 620 4270 liter
647 4211 845 4268 Verbo
877 4212 1046 4268 unita
1078 4212 1206 4283 fuit,
1239 4229 1361 4268 non
1392 4219 1594 4269 tamen
1624 4217 1713 4268 est
1742 4217 2001 4286 aequata.
2029 4213 2141 4278 Qui
2173 4234 2216 4288 υ

492 4299 652 4356 enim
677 4299 807 4355 ﬁeri
831 4305 1045 4371 potest,
1078 4306 1144 4356 ut
1164 4301 1489 4373 temporale
1518 4308 1865 4374 exaquetur
1881 4308 2137 4366 aeterno;

490 4389 553 4445 id
581 4387 746 4461 quod
774 4387 985 4445 habuit
1009 4389 1266 4455 initium,
1296 4389 1349 4445 ei
1378 4390 1541 4463 quod
1570 4390 1696 4446 sine
1727 4390 1892 4445 initio
1918 4393 2051 4446 est?
2077 4394 2143 4446 Et

488 4477 675 4551 paulo
703 4481 877 4550 post,
905 4478 1217 4543 Quomodo
1238 4478 1431 4548 inquit
1458 4500 1469 4533 :
1498 4480 1626 4549 Ego
1656 4485 1710 4535 et
1731 4478 1933 4548 Pater,
1956 4496 2137 4536 unum

485 4582 692 4623 sumus
712 4570 740 4623 7
764 4565 843 4622 ob
875 4566 1177 4624 calestem
1210 4566 1430 4622 scilicet
1459 4571 1596 4622 ante
1625 4566 1845 4623 sacula
1867 4568 2141 4625 nativita-

484 4659 627 4714 tem.
661 4654 980 4722 Quomodo
1006 4656 1187 4712 Pater
1225 4670 1388 4712 meus
1417 4657 1618 4726 major
1644 4670 1736 4712 me
1756 4659 1887 4712 est?
1915 4655 1995 4711 ob
2021 4659 2136 4713 ter-

481 4759 696 4803 renum
727 4760 798 4801 ex
828 4743 1065 4813 Virgine
1094 4748 1315 4810 ortum,

763 4833 1051 4906 Ejusdem
1080 4849 1156 4892 ex
1181 4848 1451 4890 sermone
1480 4834 1563 4891 ad
1587 4835 1843 4906 reginas.

549 4947 601 5000 9.
635 4944 706 4999 At
732 4941 1045 5015 quomodo
1085 4941 1135 4997 is
1163 4940 1392 5011 angelis
1434 4941 1632 4997 minor
1658 4941 1866 5013 evasit,
1898 4941 2003 5015 qui
2048 4940 2128 4998 ab

472 5032 586 5090 illis
606 5031 912 5099 adoretur,
953 5042 1199 5105 unaque
1225 5045 1364 5085 cum
1385 5032 1554 5087 Patre
1572 5030 1741 5101 regni
1768 5030 1984 5087 solium
2013 5031 2122 5087 ob-

543 5159 564 5193 ⁹
587 5155 793 5214 Matth.
830 5172 925 5221 xv,
962 5158 1049 5214 34.
1157 5156 1203 5191 ιο
1230 5156 1401 5221 Joan,
1421 5170 1505 5219 χι,
1535 5158 1621 5210 34.

1387 5158 1621 5237 al.34-
1687 5157 1988 5237 ..'3.¥ar9:
2016 5171 2076 5222 ν,
2108 5158 2198 5212 3!-

465 5232 556 5286 20.
642 5226 687 5261 ¹⁵
717 5227 893 5283 Joan.
924 5242 1047 5293 XIV,
1075 5231 1166 5285 30.
1244 5227 1290 5263 ¹⁶
1316 5224 1465 5282 ibid.
1493 5227 1579 5282 31.

535 5351 609 5420 (9)
663 5353 946 5406 Notemus
1005 5351 1081 5407 de
1136 5350 1529 5407 eucharistica
1578 5349 2090 5406 transsubstantia‘

458 5424 617 5479 tione
657 5421 1069 5480 testimonium
1111 5422 1471 5479 catholicum
1510 5421 1888 5478 ecclesiastici
1921 5421 2105 5477 Patris

453 5492 632 5552 valde
676 5490 915 5559 nobilis,
956 5494 1065 5564 qui
1102 5492 1323 5551 saculo
1367 5498 1584 5567 quarto
1625 5497 1764 5565 post
1804 5492 2103 5549 Christum

1686 5226 1802 5267 17-“
1830 5226 2011 5284 Levit.
2038 5242 2192 5294 XXVI,
2229 5230 2315 5282 12.

2211 5350 2254 5405 ﬂ
2268 5349 2497 5406 orebat.

2260 1790 2450 1861 μείζων
2502 1810 2592 1843 του
2645 1797 2942 1865 κρινομένου
2988 1792 3071 1847 ἐπί
3110 1794 3337 1848 Πιλάτου
3366 1816 3380 1829 ·
3429 1799 3547 1858 ἶσος
3599 1803 3691 1848 τοῦ
3744 1802 3918 1871 κρί-

2263 1896 2387 1940 σεως
2438 1878 2814 1952 ἐλευτεροῦντος
2867 1885 2952 1934 τὸν
3001 1886 3236 1956 κόσμου’
3292 1884 3483 1957 μείζων
3538 1891 3632 1937 τοῦ
3693 1884 3907 1960 ῥαπι-

2263 1971 2494 2041 ζομένου,
2544 1971 2735 2042 μείζων
2780 1977 2872 2023 τοῦ
2916 1976 3368 2047 συσταυρουμένου
3420 1972 3670 2047 λῃσταῖς’
3743 1976 3902 2035 ἶσος

2257 2064 2350 2109 τοῦ
2412 2062 2505 2116 τὴν
2564 2058 2763 2132 λῃστὴν
2815 2057 3140 2123 δικαιουντος
3204 2059 3438 2135 δωρεάν·
3505 2067 3693 2135 μείκων
3758 2070 3896 2115 τοῦ

2256 2151 2609 2219 γυμνουμένου
2656 2152 2751 2206 τήν
2800 2148 3034 2207 ἐσθῆτα·
3084 2151 3203 2213 ἴσος
3247 2156 3338 2202 τοῦ
3382 2148 3709 2212 στολίζοντος
3759 2153 3895 2208 τὴν

2254 2235 2443 2308 ψυχὴν
2473 2257 2486 2270 ·
2529 2236 2719 2309 μείζων
2770 2257 2863 2290 του
2923 2239 3265 2311 ποτιζομένου
3318 2240 3454 2302 ὄξος⁶
3495 2241 3610 2301 ἶσος
3649 2245 3743 2290 τοῦ
3799 2243 3894 2292 τὸ

2255 2331 2440 2378 οἰκεῖον
2480 2325 2833 2397 οἰνοχοοῦντος
2870 2329 3003 2399 αἷμα
3050 2329 3129 2401 (9)
3160 2345 3174 2359 ⁸
3229 2328 3421 2400 μείζων
3466 2335 3558 2380 τοῦ
3605 2326 3894 2399 λυομένου

2253 2432 2377 2466 ναου
2402 2436 2417 2449 ·
2461 2417 2575 2476 ἶσος
2602 2422 2696 2468 τοῦ
2742 2420 2828 2467 καὶ
2865 2418 2994 2489 μετὰ
3020 2421 3115 2475 τὴν
3156 2416 3307 2470 λύσιν
3356 2420 3444 2470 τὸν
3482 2418 3665 2469 οἰκεῖον
3710 2415 3893 2487 ἐγεί-

2253 2522 2439 2577 ραντος
2485 2510 2624 2557 ναόν·
2681 2503 2873 2558 ἐκείνου
2925 2507 3136 2578 μείζων,
3181 2509 3369 2560 τούτου
3419 2510 3553 2569 ἶσος.
3589 2510 3689 2559 Καὶ
3743 2508 3886 2558 ποε-

2252 2592 2331 2645 λιν
2360 2614 2374 2628 ·
2440 2594 2628 2647 Οὐκέτι
2678 2595 2843 2647 πολλὰ
2890 2595 3101 2655 λαλήσω
3165 2598 3276 2669 μεθ’
3324 2597 3486 2669 ὑμῶν.
3537 2597 3714 2670 Ὀρᾴς,
3770 2598 3886 2649 αἱ-

2252 2685 2440 2755 ρετικὶ,
2478 2686 2613 2744 τίνος
2657 2685 2849 2756 μείζων
2896 2685 3039 2738 ἐστιν
3090 2687 3117 2738 ὁ
3164 2692 3359 2761 Πατὴρ,
3414 2686 3506 2738 τοῦ
3570 2685 3803 2756 λέγοντος
3854 2707 3875 2719 ·

2253 2771 2443 2824 Οὐκέτι
2492 2771 2658 2824 πολλά
2711 2772 2922 2831 λαλήσω
2986 2775 3096 2847 μεθ’
3159 2777 3339 2847 ὑμῶν·
3407 2775 3467 2827 οὐ
3527 2781 3618 2827 τοῦ
3673 2772 3879 2843 λέγον-

2251 2877 2371 2920 τος*
2427 2860 2538 2913 Οὐκ
2588 2860 2775 2934 ἀφήσω
2831 2865 2968 2935 ὑμᾶς
3030 2864 3319 2937 ὀρφανούς·
3379 2864 3491 2936 μεθ’
3546 2865 3687 2936 ὑμῶν
3742 2866 3871 2940 γπὲρ

2253 2948 2358 3021 εἰμι
2421 2952 2597 3012 πάσας
2670 2953 2765 3012 τὰς
2819 2954 3016 3024 ἡμέρας
3069 2953 3163 3014 ἕως
3224 2962 3322 3014 τῆς
3396 2953 3704 3017 συντελείας.
3778 2988 3868 2998 —

2249 3036 2500 3112 Ἔρχεται
2548 3041 2574 3091 ὁ
2633 3042 2816 3115 ἄρχων
2871 3048 2964 3094 τοῦ
3014 3046 3219 3114 κόσμου
3271 3046 3361 3094 καὶ
3411 3038 3460 3094 ἐν
3518 3041 3630 3115 ἐμοὶ
3682 3045 3867 3118 εὑρή-

2249 3143 2330 3179 σει
2382 3124 2552 3180 οὐδέν.
2613 3128 2766 3203 Ὁρᾷς
2821 3135 2958 3192 τινος
3013 3132 3125 3183 ὗστὶ
3181 3131 3393 3203 μείζων,
3455 3140 3548 3184 τοῦ
3607 3136 3867 3207 κρινομέ-

2246 3235 2335 3268 νου
2402 3215 2480 3269 ἐπ’
2533 3217 2716 3289 ὄψεσιν
2763 3217 3054 3291 ἀρχόντων,
3111 3219 3172 3271 οὐ
3225 3227 3316 3272 τοῦ
3372 3226 3690 3282 ποιήσαντος
3748 3226 3861 3280 τὴν

2248 3305 2588 3379 οἰκουμένην
2665 3308 2976 3381 Ἐγείρεσθε,
3065 3310 3270 3381 ἄγωμεν
3353 3308 3577 3362 ὶντευθεν
3623 3330 3638 3345 ο
3721 3312 3865 3382 ὁρᾷς

2246 3398 2383 3455 τίνος
2431 3394 2543 3447 ἐστὶ
2594 3397 2783 3467 μείζων
2818 3398 2844 3447 ὁ
2883 3401 3082 3470 Πατὴρ,
3137 3405 3230 3449 τοῦ
3281 3397 3512 3469 λέγοντος
3550 3397 3794 3470 ’Ἄγωμεν
3830 3415 3846 3430 ⁶

2248 3483 2307 3535 οὐ
2378 3492 2468 3535 τοῦ
2529 3484 2764 3555 λέγοντος
2797 3504 2811 3519 α
2874 3485 3160 3544 Ἐνοικήσω
3234 3485 3283 3538 ἐν
3348 3489 3469 3559 ὑμὶν
3529 3491 3618 3539 καὶ
3682 3492 3856 3559 ἐμπε-

2247 3580 2545 3647 pinam/20's):
2618 3606 2688 3615 —-
2757 3576 2886 3646 Ἐγώ
2943 3576 3049 3648 εἰμι
3113 3578 3143 3635 ἡ
3212 3576 3433 3648 ἄμπελος
3501 3578 3531 3635 ἡ
3597 3576 3853 3636 ἁληθινη*

2250 3667 2386 3735 Ορᾶς
2415 3668 2551 3725 τίνος
2581 3663 2694 3717 ἐστὶ
2731 3665 2923 3737 μείζων
2964 3671 2990 3717 ό
3023 3670 3223 3739 Πατὴρ,
3266 3674 3358 3717 τοῦ
3402 3664 3639 3736 λέγοντος
3662 3678 3675 3699 ⁵
3707 3666 3854 3738 Ἐγώ

2248 3752 2354 3823 εἰμι
2409 3755 2439 3810 ἡ
2500 3752 2728 3825 ἄμπελος
2754 3774 2767 3788 ·
2823 3755 2881 3806 οὐ
2945 3760 3039 3807 τοῦ
3097 3753 3353 3826 λέγοντος,
3412 3754 3545 3827 Ἐγὼ
3588 3754 3857 3828 ἐφύτευσα

2247 3841 2473 3913 ἄμπελον
2503 3842 2769 3902 ἀληθινήν.

2316 3972 2419 4019 Τοῦ
2447 3966 2600 4040 ἁγίοῦ
2625 3968 2880 4044 Κυρὶλ).ου
2908 3966 2963 4021 ἐκ
2991 3977 3084 4022 τοῦ
3117 3969 3186 4032 εἰς
3211 3972 3277 4023 τὰ
3305 3973 3435 4023 Βάῑα
3457 3969 3610 4042 λόγου
3637 3969 3770 4042 (10).

2318 4127 2386 4187 η’·
2429 4127 2627 4199 ”Θμως,
2661 4130 2705 4182 εἰ
2733 4135 2823 4182 καὶ
2872 4132 3045 4190 ἠνώθη
3077 4131 3194 4184 καθ’
3239 4132 3533 4184 ὑπόστασιν
3583 4136 3657 4200 τῷ
3688 4133 3856 4202 Λόγῳ

2248 4220 2279 4276 ἠ
2332 4216 2513 4289 λογική
2574 4221 2720 4292 ἡμῶν
2776 4222 2952 4291 φύσις,
3008 4218 3118 4272 ἀλλ’
3162 4219 3256 4272 οὐκ
3310 4220 3516 4278 Ξσώθηο
3572 4225 3686 4279 Πῶς
3738 4220 3853 4291 γὰρ

2253 4306 2573 4366 ἰσωθὴσεται
2633 4306 2706 4379 τῷ
2766 4314 3059 4382 προαιωνίῳ
3121 4312 3181 4362 τὸ
3234 4313 3583 4383 πρόσφατον;
3642 4309 3673 4367 ἣ
3737 4316 3854 4369 πῶς

2250 4397 2635 4469 ὁμοιωθήσεται
2659 4407 2730 4469 τῷ
2761 4395 2977 4470 ἀνάρχῳ
3008 4401 3065 4450 τὸ
3096 4399 3316 4470 ἔναρχον
3346 4414 3360 4464 ;
3396 4401 3497 4453 Καὶ
3524 4396 3633 4469 μετ’
3666 4394 3847 4467 ὀλίγα·

2249 4493 2367 4547 Πῶς
2416 4490 2610 4559 φησίν·
2673 4486 2795 4556 Ἐγὺ
2843 4491 2933 4539 καὶ
2985 4487 3011 4538 ὁ
3068 4490 3248 4559 Πατὴρ
3300 4488 3350 4539 ἓν
3388 4485 3578 4559 ἐσμεν;
3617 4493 3679 4558 τῇ
3734 4486 3850 4537 ἄνω

2244 4586 2345 4657 πρὸ
2382 4586 2575 4633 αἰώνων
2613 4587 2867 4651 γεννήσει,
2898 4587 3030 4646 Πῶς,
3056 4579 3115 4633 Ὀ
3160 4586 3341 4653 Πατήρ
3380 4600 3479 4653 μου
3509 4581 3700 4653 μείζων
3738 4584 3847 4654 μού

2244 4672 2395 4741 iam;
2427 4679 2489 4730 τῆ
2517 4674 2659 4723 κάτω
2696 4668 2752 4723 ἐκ
2777 4671 3037 4744 Παρθένου
3058 4674 3318 4742 γεννήσει.

2325 4840 2428 4887 Του
2464 4851 2623 4885 αυτου
2644 4835 2701 4884 ἐκ
2730 4851 2821 4884 του
2853 4850 2921 4893 εις
2942 4832 3033 4894 τὰς
3067 4828 3393 4904 βασιλίσσας
3429 4829 3586 4904 λόγου
3611 4833 3659 4902 (1
3677 4830 3744 4903 1).

2310 4938 2369 4993 θ’.

2235 5032 2260 5083 ὁ
2314 5033 2445 5103 πρὸς
2492 5027 2661 5080 αὐτῶν
2700 5029 3168 5100 φροσκυνούμενος,

2880 5152 2926 5187 ¹³
2955 5151 3098 5208 ibid.
3136 5153 3223 5208 18.

2455 4946 2568 5000 Πῶς
2632 4934 2720 4991 οὖν
2795 4937 3091 4996 ἠλάττωται
3166 4940 3311 5011 παρὰ
3388 4941 3509 4999 τοὺς
3592 4935 3846 5008 ἀγγέλους

3250 5027 3277 5079 ὁ
3326 5022 3576 5102 σύνεδρος
3613 5031 3787 5098 Πατρί
3823 5044 3839 5093 ;

2292 5155 2337 5189 ¹²
2362 5156 2514 5210 Joan
2535 5168 2653 5219 xxv,
2687 5154 2773 5207 30.
2880 5152 2926 5187 ¹³
2955 5151 3098 5208 ibid.
3136 5153 3223 5208 18.
3320 5152 3365 5186 ³⁸
3395 5150 3594 5209 Matth.
3621 5164 3835 5217 xxvm,

2418 5227 2461 5260 λθ
2493 5227 2659 5280 Joan.
2690 5238 2784 5286 xv,
2814 5225 2864 5278 1.

2289 5425 2403 5491 (10)
2430 5419 2582 5491 Εᾴἱι.
2614 5417 2795 5491 Paris,
2826 5421 2865 5473 t.
2894 5420 2959 5483 V,
2998 5422 3150 5491 part.
3179 5434 3239 5489 ιι,
3275 5433 3336 5489 p.
3360 5421 3487 5491 407,
3516 5420 3639 5475 498.

2289 5426 2385 5489 (10
2433 5426 2582 5476 Edit.
2615 5426 2795 5485 Paris,
2826 5426 2865 5473 t.
2898 5426 2959 5483 V,
2998 5426 3150 5491 part.
3179 5434 3239 5489 ιι,
3275 5433 3336 5489 p.
3360 5426 3487 5489 497,

2287 5426 2403 5564 (ili
2426 5489 2579 5558 Edit,
2611 5490 2704 5545 cit.
2747 5494 2864 5560 t..v,
2895 5495 3047 5562 part.
3081 5506 3141 5558 ιι,
3170 5502 3230 5562 p.
3262 5493 3383 5545 133.
