4046 6310
100 313 214 371 213

1461 310 1815 375 ΤΗΕΒΑΠΒῘ
1861 312 1990 370 LIB.
2041 312 2195 368 XXV.

3407 310 3519 371 BM

104 438 253 493 ’.ἀλλ’
294 443 421 493 ἔστι
444 445 626 513 σαφής
650 442 684 499 ἠ
713 444 980 516 πρόφασις
999 458 1013 470 ’
1046 442 1288 493 καθίκετο
1312 440 1413 513 γὰρ
1446 436 1496 489 ἓν
1519 444 1623 497 τοῖς
1651 445 1714 496 τῆ

1861 437 2044 494 tinet?
2071 439 2137 493 In
2187 439 2477 508 promptu
2525 438 2620 493 est
2651 436 3005 510 responsio:
3035 438 3187 494 Nam
3234 452 3509 511 corpore,

104 527 535 603 ἀνθρωποτιςτος
599 533 829 602 μέτροις,
879 532 1063 582 καὶτὸ
1118 527 1466 586 ἀποθνῄσκειν
1522 529 1751 598 πεφυκὸς

317 618 525 685 λαϐὼν,
564 615 705 671 ἴδιόν
735 638 791 670 τε
820 619 945 671 αὐτὸ
991 619 1361 690 ποιησάμενος,
1393 616 1440 667 ἐν
1471 616 1612 685 αὐτῷ
1650 618 1747 667 πί·-

100 709 271 760 πονθε
308 707 467 774 ἑκὼν,
496 712 591 760 καὶ
640 716 757 770 ταῖς
790 707 1033 761 ἀνωτάτω
1064 704 1247 770 δόξαις
1277 713 1620 778 στεφανοῦται
1652 701 1748 757 διὰ

102 800 159 848 τὸ
192 799 404 865 πάθος,
441 799 517 860 ὡς
544 795 582 851 ὃ
587 798 621 850 ι’
646 798 805 851 αὖτού
842 804 1187 872 καταργήσας
1225 801 1309 850 τὸν
1360 798 1597 865 θάνατον,
1653 800 1744 847 καὶ

100 888 393 957 ἄπρακτον
440 886 718 961 ἀποφήνας
747 892 842 946 τήν
873 890 1065 963 φθοράν
1088 905 1101 917 ·
1134 890 1226 940 ira
1255 884 1324 947 δὴ
1366 891 1456 939 καὶ
1486 888 1741 960 ὑπάρχων

98 972 401 1048 ἐφόαρσία
430 981 529 1030 καὶ
590 977 725 1038 ζωή.
751 975 911 1029 Ὀταν
960 973 1047 1029 οὖν
1091 978 1297 1035 Ἰησοῦν
1354 975 1608 1048 ὀνομάζῃ,
1648 979 1739 1028 καὶ

98 1065 469 1123 ἐλαττοῦσθαι
531 1065 657 1137 λέγῃ
724 1068 869 1140 παρὰ
922 1071 1042 1128 τοὺς
1094 1064 1345 1137 ἀγγέλους
1408 1064 1582 1133 αὐτὸν,
1643 1064 1737 1117 οὐκ

94 1155 395 1227 ἄνθρωπον
462 1153 565 1207 ἀνὰ
610 1160 764 1229 μέρος
803 1160 894 1207 καὶ
935 1151 1140 1223 ὶδικῶς,
1191 1154 1298 1207 ἀλλ’
1331 1154 1486 1207 αὐτόν
1523 1161 1734 1224 νοοῦμεν

95 1245 187 1293 τὸν
216 1250 535 1314 Μονογενῆ,
560 1251 987 1318 παραχωροῦντα
1012 1251 1103 1296 του
1124 1248 1378 1316 προῦχειν
1399 1243 1735 1313 οἰκονομικῶς

92 1338 213 1393 τοῖς
242 1333 434 1402 ἁγίοις
464 1330 711 1403 αγγελοις
734 1348 748 1360 ·
781 1333 863 1384 ὅτι
914 1331 1128 1404 ἀληθείᾳ
1150 1336 1350 1404 γέγονεν
1399 1333 1669 1403 ἄνθρωπος
1705 1332 1732 1382 6

95 1428 194 1481 ti;
230 1420 453 1473 ἐκείνων
481 1423 757 1495 ὑπεροχῆς
794 1424 1117 1493 ἡττώμενος·
1146 1424 1211 1472 τὰ
1241 1417 1300 1473 δὲ
1330 1428 1421 1482 τῆς
1466 1422 1732 1494 ὑπεροχῆς

93 1515 208 1569 τοῖς
238 1510 424 1580 ἁγίοις
456 1507 714 1581 ἀγγέλοις,
739 1510 819 1560 ὅτι
837 1514 925 1561 καὶ
946 1509 1039 1571 ἔξω
1072 1512 1284 1583 σαρκὸς,
1312 1514 1402 1560 καὶ
1432 1516 1522 1560 τοῦ
1552 1510 1727 1559 τεθνά-

94 1617 181 1647 ναι
208 1604 505 1671 κρείττους
544 1598 650 1649 εἰσί
673 1613 687 1626 ’
732 1602 1002 1669 γεγονότος
1031 1596 1080 1649 ἐν
1117 1601 1318 1658 τούτοις
1344 1604 1436 1649 τοῦ
1472 1599 1596 1649 Υἰοῦ
1637 1593 1731 1649 διὰ

93 1690 191 1739 τὲν
255 1685 510 1738 ἑκούσιον
554 1691 795 1739 κένωσιν.
826 1686 961 1739 Ἀλλ’
992 1689 1018 1738 6
1060 1685 1244 1761 βραχὺ
1298 1706 1426 1760 παρ,
1482 1685 1729 1757 ἀγγέλους

1859 527 2025 598 quod
2049 526 2203 582 mori
2230 528 2453 597 posset,
2474 531 2815 597 assumpto,
2840 525 2920 582 ad
2948 526 3237 585 humana
3275 531 3508 586 natura

1854 614 2232 672 inﬁrmitates
2260 629 2323 670 se
2347 613 2549 685 ipsum
2570 613 2832 682 demisit,
2858 615 2920 671 in
2943 628 3138 688 eoque
3166 615 3349 675 veluti
3366 630 3509 688 pro-

1853 704 1987 777 prio
2012 708 2410 777 spontaneam
2439 707 2698 760 mortem
2727 705 3033 761 sustinuit.
3062 704 3152 762 Ob
3171 719 3308 762 eam
3326 718 3505 776 porro

1853 799 2109 850 mortem
2158 798 2215 849 et
2261 792 2631 865 passionem,
2689 808 2946 849 summa
2977 793 3182 863 gloria
3210 806 3504 853 coronam

1847 881 2182 954 promeruit
2202 900 2216 949 ;
2248 880 2474 953 quippe
2492 880 2599 952 qui
2625 880 2759 952 ipse
2777 881 2905 937 vita
2917 885 2975 937 et
2997 881 3367 954 incorruptio
3386 886 3498 952 est,

1844 976 1907 1027 et
1934 975 2189 1027 mortem
2220 969 2501 1036 abolevit,
2527 973 2584 1026 et
2603 969 3053 1042 corruptionem
3083 970 3253 1027 omni
3277 969 3335 1026 vi
3357 985 3497 1043 spo-

1843 1059 2036 1117 lievit.
2068 1061 2214 1115 Cum
2233 1059 2436 1114 Jesum
2464 1073 2607 1128 ergo
2634 1058 2932 1129 nominat,
2961 1064 3019 1116 et
3047 1058 3277 1130 angelis
3300 1059 3501 1117 mino-

1841 1165 1971 1205 rem
1995 1147 2304 1220 pradicet,
2323 1162 2446 1203 non
2476 1146 2824 1219 simpliciter
2844 1162 2959 1204 nos
2984 1148 3314 1219 hominem,
3336 1164 3498 1206 seor-

1843 1253 2099 1310 sumque
2156 1252 2227 1293 ac
2282 1251 2389 1307 per
2444 1250 2507 1291 se
2560 1236 2825 1307 positum
2852 1281 2866 1305 ,
2919 1242 3119 1294 mente
3177 1237 3494 1310 concipere

1839 1331 2110 1399 oportet;
2167 1324 2276 1380 sed
2314 1324 2642 1397 ipsummet
2682 1325 3065 1396 Unigenitum
3106 1330 3353 1398 propter
3405 1326 3494 1383 in-

1838 1414 2203 1472 carnationis
2229 1413 2504 1470 ordinem
2533 1412 2797 1486 potiores
2833 1418 3036 1486 partes
3063 1414 3293 1484 angelis
3333 1414 3492 1471 defe-

1834 1509 2086 1562 rentem.
2116 1507 2264 1560 Nam
2288 1502 2396 1575 qui
2420 1500 2783 1559 excellentia
2830 1502 3071 1559 illorum
3108 1502 3317 1560 cedere
3341 1519 3492 1576 pra—

1837 1594 2088 1664 dicatur,
2148 1592 2197 1647 is
2249 1606 2385 1648 vere
2445 1590 2635 1647 homo
2688 1590 2884 1647 fectus
2939 1591 3335 1661 dignoscitur.
3382 1591 3490 1651 Illa

1834 1688 2038 1741 autem
2095 1686 2441 1738 sanctorum
2483 1680 2844 1751 angelorum
2897 1681 3227 1739 eminentia
3272 1681 3336 1738 in
3369 1682 3488 1740 hoc

96 1774 507 1847 ὲῖωεττωμένος,
541 1772 636 1827 διὰ
684 1795 747 1847 γε
785 1780 843 1828 τὸ
881 1786 972 1837 τῆς
1011 1775 1408 1848 ἀνθρωπότητος
1438 1780 1644 1851 μέτρον,
1676 1774 1719 1828 ἐν

1834 1773 2133 1846 praecipue
2162 1770 2359 1842 posite
2386 1772 2494 1841 est,
2526 1774 2583 1826 et
2603 1770 2774 1842 quod
2797 1786 2979 1826 carne
2997 1776 3135 1827 sunt
3160 1770 3485 1842 immunes,

94 1865 349 1939 ὑπεροχῇ
405 1867 650 1925 Θεὸτητος
697 1866 787 1936 ὧν³
827 1874 1195 1938 προσκυνεῖται
1243 1867 1364 1941 παρ’
1413 1866 1601 1931 αὐτῶν,
1633 1871 1723 1919 καὶ

96 1949 380 2025 ἐνίδρυται
409 1955 623 2019 θώκοις,
647 1953 735 2014 οὓς
755 1962 1088 2027 περιιστᾶσιν
1119 1954 1299 2007 ἐκεῖνοι
1329 1952 1723 2026 deﬁcior/69v“;

95 2038 199 2108 ἀεὶ,
235 2047 334 2094 καὶ
354 2052 464 2093 τῶν
498 2038 770 2115 δυνάμεων
798 2043 951 2094 αὐτὸν
975 2043 1312 2116 ὀνομάζοντες
1339 2047 1548 2119 Κύριον.

1833 1867 1890 1920 et
1917 1862 2079 1935 quod
2103 1860 2281 1917 morti
2308 1875 2435 1916 non
2465 1864 2607 1916 sunt
2636 1859 2884 1918 obnoxii
2911 1878 2925 1917 :
2953 1861 3048 1918 his
3096 1866 3300 1919 autem
3326 1861 3489 1920 inﬁr-

1831 1950 2140 2008 mitatibus
2169 1952 2412 2020 propter
2429 1947 2836 2006 voluntariam
2860 1949 3330 2009 exinanitionem
3345 1950 3486 2007 sub-

1826 2044 2019 2114 jectus
2069 2038 2179 2095 fuit
2224 2038 2422 2095 Filius.
2471 2040 2691 2095 Verum
2746 2054 3075 2110 enimvero,
3105 2040 3213 2113 qui
3239 2045 3487 2114 propter

88 2130 392 2187 humana
423 2138 660 2188 natura
698 2132 1105 2188 conditionem
1135 2132 1449 2205 paululum
1479 2132 1634 2189 infra
1662 2133 1910 2205 angelos
1938 2131 2275 2186 minoretus
2295 2126 2509 2183 dicitur
2528 2128 2596 2198 ιο,
2654 2126 2707 2183 is
2744 2127 2809 2183 in
2837 2127 3076 2185 deitetis
3133 2128 3487 2191 excellentia

91 2221 430 2286 exsistens,
466 2220 546 2277 ab
572 2219 685 2276 illis
716 2224 1021 2291 adoretur,
1052 2222 1441 2294 considetque
1479 2222 1541 2278 in
1570 2222 1641 2277 iis
1670 2220 2000 2295 majestatis
2020 2217 2274 2284 thronis,
2296 2232 2452 2289 quos
2503 2214 2585 2272 illi
2624 2216 3037 2274 venerabundi
3076 2217 3484 2292 undaque.tu

92 2309 378 2380 cingunt,
410 2309 724 2367 indefesso
754 2309 1005 2366 laudum
1037 2311 1342 2383 praconio
1388 2311 1559 2367 illum
1597 2312 1966 2381 extollentes,
2003 2324 2073 2365 ac
2102 2307 2392 2363 virtutum
2413 2304 2735 2363 Dominum
2763 2305 3159 2378 appellantes.

92 2457 195 2503 Τοῦ
220 2452 388 2523 ἁγίου
418 2452 661 2526 Ἰωάννου
688 2460 782 2504 τοῦ
808 2458 1190 2526 Χρυσοστὸμου
1218 2456 1352 2505 κατὰ
1380 2453 1602 2526 Ἀρείου,
1628 2459 1719 2506 καὶ

164 2523 241 2584 εἰς
267 2522 367 2575 τὸν
406 2522 829 2599 Ειξαγγελισμόν,
856 2522 916 2575 οὗ
944 2526 973 2582 ἡ
1000 2522 1166 2597 ἀρχὴ,
1192 2547 1221 2573 ‹‹
1248 2531 1322 2596 Τῇ
1353 2522 1717 2599 προτέρᾳήΚυ-

163 2603 337 2668 ριακῇ
368 2617 402 2645 ››
428 2595 569 2665 (i2).

170 2717 225 2775 ι’.
254 2719 387 2771 Ἐὰν
417 2722 536 2790 εἴπῃ
562 2739 574 2750 ·
616 2719 751 2789 Ἐγὼ
798 2717 847 2770 ἐν
885 2728 956 2789 τῷ
1006 2724 1197 2793 Πατρὶ,
1226 2724 1317 2772 καὶ
1366 2721 1392 2771 ὁ
1443 2725 1627 2793 Πατὴρ
1666 2719 1715 2772 ἐν

102 2804 238 2875 ἐμοὶ,
263 2807 441 2859 αὐτοῦ
465 2806 676 2860 ἀκούετε
700 2827 713 2841 ο
748 2806 833 2859 ἐὰν
864 2811 979 2880 εἴπῃ
1007 2829 1019 2841 ·
1059 2808 1120 2860 Ὀ
1140 2808 1379 2882 ἑωρακὼς
1417 2808 1505 2881 ἐμὲ
1524 2809 1716 2882 ἑώρακε

1826 2453 1890 2511 S.
1921 2450 2174 2507 Joannis
2203 2448 2615 2519 Chrysostomi
2659 2454 2869 2505 contra
2914 2446 3155 2517 Arium,
3179 2452 3236 2506 et
3262 2450 3328 2505 in
3357 2446 3480 2506 An-

1896 2523 2333 2578 nuntiationem
2385 2521 2685 2590 Deipara,
2735 2519 2988 2577 homilia
3039 2534 3174 2592 qua
3218 2522 3481 2593 incipi“

1894 2593 2279 2651 Pracedente
2309 2592 2637 2648 Dominica.
2672 2613 2703 2641 »

1899 2723 1985 2776 10.
2020 2718 2076 2775 Si
2107 2717 2485 2787 dixeritzEgo
2507 2720 2564 2772 et
2590 2715 2766 2773 Pater
2793 2732 2987 2774 unum
3017 2732 3254 2785 sumus,
3273 2718 3480 2792 ipsum

1822 2807 2042 2864 audite.
2081 2808 2138 2864 Si
2167 2805 2382 2861 dixerit
2413 2824 2426 2861 :
2454 2805 2695 2880 Egojn
2722 2804 2913 2863 Patre
2953 2810 3012 2863 et
3065 2807 3256 2866 Pater
3294 2809 3361 2865 in
3389 2822 3483 2865 me

99 2900 183 2947 τὸν
217 2901 462 2970 Πατέρα,
518 2895 680 2948 αὐτοῦ
733 2896 975 2949 ἀκούετε’
1030 2897 1088 2949 οὗ
1136 2900 1238 2972 γὰρ
1280 2894 1348 2957 δὴ
1389 2895 1643 2969 ψεύδεται
1679 2900 1709 2956 ἡ

1834 2901 1928 2964 est,
1960 2897 2165 2969 ipsum
2193 2893 2414 2951 audite.
2466 2894 2523 2952 Si
2569 2894 2784 2950 dixerit
2815 2912 2828 2950 :
2861 2895 2976 2962 Qui
3000 2895 3153 2952 vidit
3187 2910 3300 2966 me,
3328 2896 3481 2952 vidit

100 2983 385 3042 ’ἁλήθειον
448 2983 535 3036 ἐὰν
574 2988 692 3057 εἴπῃ
717 3001 732 3014 ·
758 2983 817 3037 Ὀ
846 2984 1055 3057 πέμψας
1084 3004 1146 3056 με
1184 2990 1363 3059 Πατὴρ
1394 2989 1584 3058 μείζων
1614 3007 1714 3058 μου

99 3070 233 3143 ἐστι,
260 3080 430 3125 τοῦτο
457 3078 529 3144 μὴ
565 3075 825 3145 θροὴσητε
846 3093 859 3106 ο
882 3073 940 3126 οὐ
968 3076 1069 3147 γὰρ
1099 3075 1317 3131 θεότητα
1344 3078 1470 3147 πρὸς
1498 3076 1717 3133 ϐιότητα

96 3160 251 3233 λέγει,
433 3164 516 3214 ὅτι
546 3164 725 3224 θεότης
756 3171 851 3225 τῆς
892 3162 1291 3235 ἁνθρωπότητος
1327 3163 1520 3235 μείζων
1539 3180 1553 3194 ⁸
1584 3167 1714 3238 πρὸς

96 3255 148 3302 τό
177 3255 375 3324 μεῖζον
399 3254 464 3303 τὸ
490 3249 696 3304 ἔλαττον
726 3251 1033 3323 ἁρμόζεται.

95 3433 192 3480 Τοῦ
217 3428 398 3481 αὐτοῦ
419 3426 476 3480 ἐκ
504 3436 605 3480 τῶν
632 3428 910 3503 ἑρμην-ειὼν
929 3437 1022 3489 τῆς
1040 3432 1166 3501 πρὸς
1183 3427 1448 3502 Ἑϐραίους
1468 3429 1713 3483 Ἐπιστο-

785 3499 875 3559 λῆς
901 3501 1035 3571 (43).

161 3604 257 3660 ια’.
321 3608 425 3657 Τὸν
471 3600 530 3656 δὲ
578 3602 763 3678 βραχύ
800 3624 853 3656 τι
889 3613 1014 3677 παρ’
1052 3603 1298 3675 ἀγγέλους
1335 3605 1708 3678 ἠλαττωμένον,

97 3700 246 3763 ensi,
298 3692 563 3765 βλέπομεν
592 3693 799 3751 Ἰησοῦν
831 3689 925 3745 διὰ
953 3696 1012 3745 τὸ
1066 3695 1287 3766 πάθημα
1323 3702 1414 3746 τοῦ
1468 3696 1708 3749 θανάτου.

99 3780 224 3834 Εἶτα
250 3784 485 3855 χρηστὰ
535 3779 709 3848 πάλιν,
749 3780 880 3852 Δοξῃ
946 3786 1037 3834 καὶ
1090 3788 1218 3854 τιμῇ
1280 3781 1707 3854 ἐστεφανωμένον.

100 3868 274 3935 Εἶδες,
310 3878 427 3930 πῶς
453 3870 592 3941 αὐτῷ
620 3872 790 3921 πάντα
819 3872 1047 3944 ἧρμοσε;
1078 3874 1148 3923 Τό
1178 3874 1277 3943 γὰρ
1303 3869 1488 3946 βραχὺ
1519 3877 1622 3925 τίνι
1650 3873 1710 3925 οἷν

102 3960 125 4017 ξ
154 3960 309 4029 αὐτῷ
370 3958 617 4032 ἁρμόσειε
650 3958 842 4030 μᾶλλον
894 3968 968 4030 τῷ
995 3967 1135 4033 τρεῖς
1172 3963 1368 4034 ἡμέρας
1394 3979 1441 4013 εν
1471 3958 1575 4035 ᾄδῃ
1626 3982 1709 4033 γε·

96 4053 289 4118 νομένῳ
324 4051 502 4118 μόνας
534 4046 667 4099 Ἀλλ’
708 4047 813 4118 οὐχ
862 4050 987 4118 ἡμῖν
1026 4056 1134 4110 τοίς
1178 4048 1396 4101 ἐπιπολύ
1446 4053 1709 4122 φθειρομέ-

96 4156 216 4199 νοις.
247 4132 389 4189 Εἶτα
417 4134 570 4187 mam
617 4142 957 4209 παρακατιὼν
989 4136 1157 4208 λέγει·
1193 4137 1254 4189 Ei
1299 4141 1399 4212 γὰρ
1428 4139 1454 4189 6
1478 4158 1707 4211 προσκυ-

1820 2987 2089 3055 Patrem,
2120 2984 2322 3056 ipsum
2363 2982 2603 3051 audite;
2644 2983 2869 3039 Veritas
2898 2982 3058 3039 enim
3098 2997 3223 3040 non
3270 2983 3481 3040 menti-

1821 3076 1935 3129 tur.
1971 3073 2028 3129 Si
2057 3072 2273 3127 dixerit
2306 3087 2319 3125 :
2349 3070 2466 3138 Qui
2484 3071 2647 3127 misit
2669 3086 2763 3127 me
2785 3070 3004 3143 Pater,
3029 3074 3226 3141 major
3252 3084 3347 3128 me
3371 3074 3477 3143 est,

1819 3162 1884 3219 id
1912 3178 2024 3218 vos
2053 3176 2129 3217 ne
2154 3164 2373 3217 terreat
2399 3177 2413 3215 :
2445 3174 2645 3231 neque
2675 3159 2838 3215 enim
2867 3159 3243 3217 divinitatem
3266 3159 3482 3217 divini-

1819 3252 1925 3309 tati
1956 3251 2237 3323 opponit;
2271 3248 2378 3305 sed
2408 3248 2490 3305 ait
2536 3247 2913 3307 divinitatem
2944 3250 3243 3322 majorem
3265 3248 3481 3308 huma-

1818 3340 2004 3398 nitate
2029 3359 2041 3409 ;
2074 3355 2171 3396 res
2194 3340 2393 3395 minor
2417 3337 2496 3395 ad
2519 3338 2817 3410 majorem
2854 3338 3120 3397 refertur.

1816 3447 2104 3519 Ejusdem
2135 3461 2211 3503 ex
2236 3447 2733 3517 interpretatione
2749 3445 3041 3517 Epistola
3060 3446 3144 3505 ad
3166 3444 3479 3507 Hebraos.

1892 3611 1979 3667 11.
2005 3609 2477 3680 Aliquantulum
2501 3608 2673 3678 infra
2714 3609 2961 3679 angelos
3002 3609 3369 3667 minoratum
3392 3610 3478 3667 vi-

1816 3698 2043 3765 demus,
2076 3697 2289 3770 inquit,
2314 3699 2512 3753 Jesum
2537 3702 2789 3766 propter
2814 3699 3026 3754 mortis
3051 3700 3391 3767 passionem
3403 3699 3476 3754 ’³.

1818 3785 2043 3842 Deinde
2072 3801 2280 3841 rursus
2323 3784 2487 3841 bona
2527 3783 2782 3856 adjecit:
2807 3785 3019 3842 Gloria
3048 3791 3108 3843 et
3137 3784 3364 3843 honore
3389 3802 3481 3843 co-

1816 3877 2182 3932 ronatum".
2216 3873 2420 3930 Viden’
2447 3877 2515 3930 ut
2539 3877 2757 3929 cuncta
2786 3873 2866 3930 ed
2893 3873 3207 3930 hominem
3233 3889 3478 3930 accom-

1815 3963 2123 4020 modavit?
2153 3965 2301 4019 Nam
2323 3961 2471 4018 illud
2499 3963 2975 4032 aliquantulum,
3006 3961 3251 4018 cuinam
3276 3962 3474 4033 magis

1814 4067 2001 4124 quam
2024 4051 2079 4107 ei
2110 4049 2452 4120 congruerit
2502 4049 2610 4121 qui
2646 4053 2767 4105 tres
2797 4048 3224 4105 tantummodo
3253 4046 3383 4106 dies
3409 4051 3473 4108 in

1816 4140 2018 4196 inferis
2050 4138 2318 4195 mansit?
2348 4139 2511 4194 Certe
2537 4136 2714 4193 nobis
2742 4137 3227 4210 haudquaquam
3257 4138 3363 4210 qui
3391 4137 3472 4196 ad

96 4230 340 4298 νούμενος
489 4222 739 4295 ἀγγέλων,
768 4231 949 4295 φησιν,
981 4226 1238 4296 ἠνέσχετο
1279 4224 1464 4299 βραχύ
1508 4247 1559 4279 τι
1582 4227 1705 4302 παρ’

1836 4244 2065 4299 ongum
2089 4232 2329 4300 tempus
2358 4226 2821 4298 corrumpimur.
2836 4225 3060 4283 Deinde
3071 4227 3466 4298 progrediens

98 4312 329 4385 snam
355 4316 500 4383 ἔχειν
526 4308 621 4364 διὰ
653 4316 729 4379 σε,
759 4312 1120 4384 πολλρμᾶλὶον
1147 4318 1236 4384 σὺ,
1282 4317 1309 4367 6
1349 4324 1448 4367 τῶν
1479 4314 1705 4387 ἀγγέλων

97 4401 341 4471 {mittat-1,
374 4403 548 4452 πάντα
577 4406 742 4476 φέρειν
770 4401 1002 4473 ὀφείλεις.

1816 4318 1937 4373 ait:
1968 4320 2118 4373 Nam
2155 4318 2205 4371 si
2236 4316 2288 4371 is
2317 4315 2423 4388 qui
2452 4314 2760 4382 adoretur,
2809 4315 3024 4389 inquit,
3085 4314 3166 4372 ab
3216 4316 3465 4388 angelis,

1809 4403 2389 4477 sustinuitquiddem
2409 4403 2608 4458 minus
2622 4403 2845 4461 habere
2859 4418 3047 4477 quam
3068 4404 3267 4476 angeli
3286 4418 3467 4478 prop-

95 4497 176 4547 ter
205 4498 285 4554 ιθ,
307 4489 503 4546 multo
532 4491 731 4560 magis
764 4496 827 4546 tu
854 4493 960 4563 qui
1003 4506 1065 4547 es
1106 4492 1302 4549 minor
1362 4493 1612 4563 angelis,
1659 4493 2051 4550 debesomnia
2081 4497 2323 4566 propter
2342 4492 2546 4565 ipsum
2574 4492 2859 4565 perferre.

97 4614 177 4668 Ἐκ
227 4623 328 4674 τῆς
392 4613 597 4696 ὁμιλίας
646 4621 755 4699 τοῦε
806 4613 959 4699 ἁγίου
993 4614 1346 4699 Ἀμφιλοχίαν
1410 4615 1697 4669 ἐπισκόπου

158 4688 388 4762 Ἰκονίου
420 4669 511 4762 ἐἰς
562 4688 654 4762 τόυ
682 4708 712 4736 ι(
744 4683 802 4737 Ὀ
844 4668 1155 4748 iurem-aiio};
1192 4668 1261 4759 ρίέ
1285 4692 1467 4762 Πατὴρ
1507 4692 1698 4761 μείζων

158 4760 261 4830 μού
291 4756 409 4808 ἐστι
445 4777 467 4806 ι
491 4757 623 4828 (14).

164 4879 254 4953 ιβ’.
281 4880 411 4933 Εἰπὲ
440 4881 572 4931 κατὰ
600 4886 747 4932 ποῖον
774 4879 925 4952 λόγον
952 4879 1113 4953 λέγεις
1150 4884 1236 4934 τὸν
1262 4884 1470 4956 Πατέρα
1487 4882 1701 4954 μείζονα

162 5093 211 5127 ²⁶
240 5091 425 5148 Hebr.
456 5107 519 5160 ιι,
545 5096 599 5149 9.
678 5094 721 5128 ²¹
755 5092 902 5151 ibid.
979 5094 1028 5129 ²²
1056 5092 1208 5152 ibid.

1807 4617 1904 4674 Ex
1929 4617 2176 4673 homilia
2222 4618 2420 4689 sancti
2468 4612 2878 4689 Amphilochii
2910 4621 3165 4689 episcopi
3191 4619 3463 4677 Iconien-

1877 4690 1962 4815 sit;
1986 4692 2049 4744 in
2077 4690 2236 4745 illud
2266 4706 2279 4742 :
2314 4710 2342 4738 «
2372 4684 2490 4754 Qui
2536 4684 2696 4745 misit
2724 4703 2816 4746 me
2859 4684 3067 4759 Pater,
3095 4684 3321 4761 ‘major
3368 4704 3463 4747 me

1877 4775 1935 4815 es
1970 4803 1980 4814 .
2014 4780 2043 4809 »

1877 4775 1980 4816 ρετ.
2014 4780 2043 4809 ))

1879 4886 1967 4940 12.
2018 4884 2120 4942 Dic
2159 4884 2309 4942 mihi
2359 4900 2633 4958 quonam
2687 4902 2872 4944 sensu
2923 4886 3015 4944 ais
3050 4890 3286 4944 Patrem
3315 4886 3459 4944 Filio

162 5300 277 5369 (l2)
334 5298 499 5352 Hanc
559 5294 876 5352 homiliem
939 5297 1091 5352 inter
1135 5298 1379 5369 Spurias
1445 5296 1696 5357 collocat

102 5365 590 5439 Hontfauconius,
621 5373 658 5422 t.
693 5370 781 5434 XI,
836 5383 893 5439 p.
926 5371 1049 5422 858.
1080 5373 1151 5423 At
1177 5365 1361 5424 Graeci
1393 5375 1550 5426 certe
1580 5371 1694 5427 sub

102 5437 353 5493 Manuale
380 5436 690 5494 Comneno
720 5436 1047 5507 genuinam
1073 5439 1523 5496 existimabant.

166 5509 273 5582 (l3)
310 5508 460 5582 Edit.
490 5509 688 5582 Mfontf.
726 5517 767 5564 t.
797 5511 907 5573 XII,
938 5510 1146 5582 homil.
1174 5527 1246 5576 ιν,
1280 5526 1338 5582 p.
1369 5514 1433 5568 41
1467 5517 1540 5567 Α.

168 5580 277 5651 (it)
293 5579 520 5636 Titulus
530 5581 838 5655 hicexstat
848 5580 1011 5653 apud
1023 5579 1474 5654 Combetisium,
1488 5586 1688 5655 p.145.

1801 5305 2018 5374 Verum
2040 5302 2177 5374 ipse
2224 5303 2477 5360 materie
2511 5303 2732 5360 codicis
2757 5301 3033 5359 Vaticani
3062 5308 3153 5362 est
3203 5304 3452 5364 inedita.

1804 5373 1932 5429 Imo
1962 5373 2103 5448 vero
2123 5373 2285 5429 idem
2339 5389 2537 5448 sermo
2591 5374 2847 5448 videtur,
2879 5374 2987 5448 qui
3025 5390 3211 5448 supra
3239 5376 3455 5448 dicitur

1803 5450 2018 5520 contra
2045 5446 2326 5520 (inanes.
2360 5445 2589 5520 Etenim
2617 5445 2785 5520 locus
2805 5445 2981 5520 apud
3021 5445 3135 5504 nos
3164 5447 3299 5517 (col.
3322 5450 3450 5520 209)

1804 5516 2016 5587 citatus
2045 5516 2259 5572 dicitur
2292 5516 2458 5587 apud
2502 5516 2929 5575 Combeﬁsium
2951 5533 3027 5576 ex
3060 5516 3340 5583 sermone
3388 5516 3453 5587 in

1803 5586 1987 5643 illud:
2016 5589 2203 5645 Pater
2231 5586 2431 5665 major
2451 5601 2545 5644 me
2573 5590 2676 5645 est.
