4046 6310
515 274 580 334 at
593 271 626 332 ις
1850 260 2125 321 NICETE
2169 258 2542 322 CHONIATE
3805 276 3868 330 2
3881 276 3915 330 ι
3935 275 3988 329 6

514 393 865 469 majorem?
917 391 1088 450 Haud
1140 406 1271 467 ego,
1331 387 1544 464 inquit,
1593 388 1749 457 dico,
1801 387 1910 445 sed
1956 387 2176 446 dicenti

2315 395 2376 442 οὔ
2412 390 2573 457 Tim);
2610 390 2722 446 Οὐκ
2765 391 2882 467 ἐγὼ,
2925 400 3076 469 φησὶ,
3103 395 3254 471 λέγω,
3287 396 3415 451 ἀλλα
3449 417 3522 470 τῳ
3549 397 3766 472 λέγοντι.
3805 402 3990 452 πεί-

522 487 726 546 credo.
757 488 1016 558 Ipsemet
1042 482 1205 539 enim
1235 481 1316 538 ait
1349 499 1362 536 :
1397 480 1510 548 Qui
1536 480 1697 536 misit
1717 495 1812 536 me
1833 480 2031 548 Pater,
2051 493 2175 536 ma-

2313 489 2463 552 ὀμαεο
2497 481 2647 546 οὗτος
2670 485 2770 556 γὰρ
2793 482 2934 538 ἐστιν
2956 487 2982 538 ό
3009 486 3180 540 εἰπών·
3203 487 3262 540 '0
3283 486 3587 550 ἀποστείλας
3601 509 3666 562 με
3697 491 3982 562 Πατὴρ

514 580 625 650 jor
651 592 744 634 me
773 580 876 633 est.
913 573 970 631 Si
998 572 1220 629 dicenti
1248 569 1464 640 credis,
1490 570 1619 642 jam
1646 573 1713 626 tu
1737 585 1775 627 a
1798 569 2177 626 contentione

2313 571 2477 631 ιείζων
2505 574 2607 644 μού
2638 570 2800 631 ἐστιν.
2832 575 2893 627 Εἰ
2916 584 2988 648 τῷ
3017 575 3215 648 λέγοντι
3242 580 3415 652 πείθῃ,
3446 586 3648 632 παῦσον
3687 583 3812 632 καὶ
3877 579 3985 630 σὺ

524 666 764 732 desiste,
799 667 856 719 et
879 676 992 733 ego
1021 675 1264 735 quoque
1293 659 1566 731 linguam
1595 658 1911 721 cohibebo.
1941 658 2178 731 ipsique

2313 662 2381 717 ’ἡν
2405 661 2588 732 μάχην
2640 661 2786 734 κάγὼ
2836 663 3070 717 συστελῶ
3108 669 3202 724 τὴν
3241 665 3486 738 γλῶσσαν
3513 688 3525 701 ·
3578 670 3666 719 καὶ
3711 663 3980 739 δῶμεν

526 755 674 814 Filio
699 753 1120 827 permittamus
1167 749 1394 823 proprii
1423 749 1718 806 sermonis
1745 749 2182 822 interpretatio-

2313 755 2360 819 ’ᾧ
2405 751 2512 822 Υἱῷ
2535 753 2622 803 τόν
2651 751 2836 806 οἰκεῖον
2873 752 3024 826 λόγον
3073 754 3407 828 ἑρμηνεῦσαι.
3432 754 3554 809 Εἰπὶ
3581 764 3731 829 γοῦν,
3771 757 3982 809 Δέσ-

526 859 689 902 nem.
717 841 828 899 Ain
858 855 1020 912 ergo,
1056 840 1327 909 Domine,
1380 855 1486 896 cur
1526 839 1710 895 modo
1748 837 1934 894 dicis:
1963 839 2095 910 Ego
2125 843 2182 894 et

2313 856 2442 907 rorat,
2499 836 2646 893 διατί
2683 846 2806 896 ποτε
2842 846 2933 916 μεν
2980 843 3168 916 λέγεις’
3217 843 3345 918 Ἐγὼ
3377 850 3467 898 xui
3522 847 3548 897 6
3595 850 3808 920 Πατὴρ
3895 845 3975 897 ἓν

528 934 707 991 Pater
736 945 921 987 unum
973 944 1210 994 sumus;
1243 927 1427 984 modo
1467 932 1708 984 autem:
1765 926 1879 994 Qui
1905 928 2063 982 misit
2093 941 2182 984 me

2318 948 2462 1002 σμεν,
2504 934 2627 984 ποτε
2676 928 2754 999 δὲ,
2781 931 2840 985 Ὀ
2893 932 3200 997 ἀποστείλας
3252 954 3315 1007 με
3353 938 3534 1008 Πατὴρ
3560 934 3762 1008 μείζων
3811 935 3973 1007 μού

530 1023 732 1092 Pater,
755 1021 956 1090 major
979 1034 1070 1075 me
1090 1024 1172 1075 est
1194 1021 1222 1074 ξ)
1247 1017 1306 1074 Si
1336 1018 1550 1089 major,
1567 1016 1880 1090 quomodo
1897 1015 2184 1088 aequalis?

2318 1037 2468 1088 στιν;
2500 1020 2560 1073 Εἰ
2588 1021 2796 1094 μείζων,
2829 1031 2933 1084 πῶς
2961 1026 3114 1092 ’ίσος;
3148 1023 3192 1077 εἰ
3237 1026 3372 1090 ἴσος,
3420 1032 3523 1085 πῶς
3559 1025 3804 1096 μείζων;
3853 1024 3977 1077 Τὰ

533 1111 586 1166 si
607 1108 878 1182 aequalis,
921 1105 1233 1180 quomodo
1259 1105 1455 1176 major
1473 1107 1500 1162 ?
1537 1106 1683 1176 Ego,
1711 1104 1927 1177 inquit,
1957 1107 2182 1160 utrum-

2313 1105 2391 1161 ΐύο
2419 1109 2551 1180 λέγω
2574 1130 2588 1144 ο
2623 1107 2802 1169 ἐπειδὴ
2830 1117 2920 1164 καὶ
2949 1117 3138 1182 μείζων
3164 1133 3264 1186 μου
3295 1111 3408 1165 ἐστὶ
3445 1117 3533 1166 καὶ
3570 1117 3682 1174 ἶσος
3705 1134 3719 1146 ·
3757 1115 3977 1165 κατὰ

533 1213 654 1272 que
673 1196 910 1253 afﬁrmo
945 1213 957 1250 :
986 1210 1132 1250 nam
1163 1197 1220 1250 et
1244 1194 1443 1264 major
1469 1209 1566 1250 me
1595 1199 1701 1262 est,
1737 1199 1793 1249 et
1813 1192 1958 1249 mihi
1984 1207 2186 1266 aequa-

2313 1202 2386 1255 τὴν
2421 1199 2637 1256 θεότητα
2666 1203 2800 1266 ἶσος,
2829 1204 2978 1254 ’κατά
3014 1206 3103 1260 τὴν
3162 1206 3453 1274 οἰκονομίαν
3502 1202 3717 1274 μείζων.
3746 1201 3974 1262 Ἰσος

533 1283 647 1340 lis:
680 1297 900 1355 nempe
933 1279 1268 1336 secundum
1312 1278 1705 1346 divinitatem,
1761 1278 2050 1351 aequalis;
2097 1293 2188 1334 se-

2313 1286 2454 1340 ιύτοῦ
2507 1286 2632 1360 εἰμι,
2685 1285 2864 1348 ἑπείδὴ
2921 1289 2973 1353 ἐξ
3020 1291 3180 1343 αὐτοῦ
3228 1292 3538 1362 ἐγεννήθηνο
3570 1291 3771 1364 μείζων
3814 1310 3970 1366 μου

535 1372 806 1431 cundum
861 1368 1360 1435 incarnationem,
1407 1369 1622 1440 major.
1678 1371 1800 1440 Ego
1832 1367 2077 1441 aequalis
2105 1367 2189 1423 illi

2313 1379 2453 1450 ἑστὶν,
2488 1374 2667 1437 ἐπειδὴ
2702 1377 2757 1431 ἐκ
2786 1387 2880 1441 τῆς
2907 1382 3169 1454 Παρθένου
3195 1378 3486 1452 ἐγεννήθῆν.
3625 1387 3632 1395 ”

535 1479 696 1526 sum,
727 1463 1029 1534 quatenus
1059 1459 1137 1514 ab
1178 1474 1250 1514 eo
1297 1457 1532 1529 genitus
1566 1476 1580 1514 :
1608 1458 1805 1529 major
1831 1457 1927 1514 ille
1955 1473 2054 1514 me
2079 1461 2186 1525 est,

535 1555 835 1626 quatenus
863 1564 975 1620 ego
1006 1564 1079 1604 ex
1100 1547 1334 1619 Virgine
1363 1551 1539 1604 natus
1568 1563 1724 1603 sum.

537 1660 638 1716 Ea:
666 1658 919 1728 epistola
947 1657 1012 1713 δ’.
1039 1655 1252 1712 Leonis
1273 1669 1449 1724 papae
1495 1656 1770 1728 Romani,
1803 1670 1936 1728 quae
1963 1655 2190 1711 dicitur

1037 1728 1318 1784 columna
1346 1733 1521 1783 rectae
1542 1727 1701 1794 ﬁdei.
1817 1727 1824 1728 '
2216 1745 2262 1799 Β

607 1839 698 1894 13.
731 1837 817 1892 Ita
845 1849 968 1891 non
998 1833 1271 1905 ejusdem
1313 1837 1544 1889 naturae
1584 1837 1673 1889 est
1719 1833 1951 1891 dicere:
1979 1834 2110 1904 Ego
2135 1839 2190 1890 et

537 1929 720 1986 Pater
745 1941 930 1982 unum
953 1938 1192 1994 sumus;
1219 1927 1276 1981 et
1295 1923 1490 1980 dicere
1515 1940 1528 1979 :
1551 1924 1733 1982 Pater
1753 1928 1950 1996 major
1968 1941 2061 1982 me
2084 1930 2187 1982 est.

541 2017 830 2086 Quamvis
859 2016 1020 2074 enim
1051 2015 1113 2071 in
1144 2015 1397 2070 Domino
1423 2017 1566 2070 Jesu
1596 2015 1830 2072 Christo
1879 2016 1980 2072 Dei
2005 2020 2061 2072 et
2088 2015 2192 2072 ho-

538 2107 717 2166 minis
747 2121 871 2162 una
895 2121 1156 2178 persona
1187 2103 1296 2169 sit;
1329 2103 1494 2160 aliud
1541 2110 1744 2161 tamen
1793 2109 1902 2169 est.
1942 2106 2102 2162 unde
2133 2107 2194 2162 in

539 2205 796 2270 utroque
845 2195 1186 2251 communis
1233 2198 1325 2250 est
1373 2194 1757 2261 contumelia,
1813 2195 1978 2250 aliud
2035 2195 2195 2252 unde

542 2284 886 2345 communis
917 2289 1008 2339 est
1037 2283 1246 2353 gloria.
1272 2285 1350 2338 De
1370 2287 1577 2339 nostro
1598 2285 1758 2339 enim
1779 2283 1860 2340 illi
1887 2289 1976 2341 est
1999 2287 2198 2340 minor

544 2380 714 2440 Patre
741 2373 1126 2441 humanitas;
1173 2372 1250 2429 de
1287 2372 1458 2430 Patre
1501 2370 1583 2430 illi
1641 2377 1728 2430 est
1759 2372 2006 2445 aequalis
2058 2389 2198 2432 cum

2299 1667 2428 1723 Ἀπὸ
2457 1676 2554 1730 τῆς
2583 1666 2860 1745 ἕπιστολῆς
2889 1676 2980 1721 τοῦ
3011 1667 3159 1745 ἀγίου
3199 1672 3413 1745 hicat-05
3463 1670 3652 1745 πάππα
3690 1667 3916 1743 Ῥώμη
3936 1689 3966 1730 ς

2536 1749 2630 1802 τῆς
2657 1739 2932 1813 λεγομένης
2965 1738 3158 1803 στῆλης
3186 1738 3494 1816 όρθοδοξίας
3523 1740 3655 1812 (15).

2375 1848 2460 1919 ιγ’.
2488 1848 2667 1912 Οὕτως
2693 1847 2750 1900 οὐ
2782 1857 2877 1913 τῆς
2905 1848 3064 1912 αὐτῆς
3083 1847 3196 1901 ἐστι
3226 1851 3426 1922 φύσεως
3455 1851 3512 1901 τὸ
3536 1845 3696 1920 λέγειν
3725 1867 3739 1880 ·
3762 1845 3957 1919 Ἐγὼ

2299 1941 2439 1992 καὶὸ
2469 1943 2645 2015 Πατὴρ
2677 1941 2725 1991 ἓν
2756 1942 2935 2014 ἑσμεν·
2969 1943 3058 1992 καὶ
3103 1943 3159 1992 τό
3209 1938 3369 2011 λέγειν
3393 1954 3405 1967 ’
3454 1937 3512 1990 Ὀ
3561 1943 3742 2011 Πατὴρ
3804 1958 3956 2011 μου

2302 2029 2492 2103 μείζων
2521 2048 2620 2102 μου
2653 2027 2792 2083 ἐστιν
2818 2050 2829 2062 ·
2863 2029 2907 2082 εἰ
2949 2033 3040 2081 καὶ
3087 2032 3153 2082 τά
3202 2028 3430 2101 μάλιστα
3466 2031 3566 2102 γὰρ
3592 2026 3639 2079 ἐν
3664 2036 3739 2099 τῷ
3769 2033 3954 2080 Δεσ-

2301 2123 2435 2192 πότῃ
2467 2124 2640 2176 Ἰησοῦ
2670 2125 2905 2193 Χριστῷ,
2939 2126 3030 2171 τοῦ
3085 2125 3217 2171 Θεοῦ
3271 2122 3359 2170 καὶ
3412 2124 3502 2170 τοῦ
3552 2115 3848 2191 ἀνθρώπου
3887 2118 3956 2168 ἓν

2305 2209 2419 2262 ἐστι
2474 2213 2770 2284 πρόσωπον,
2828 2209 2962 2282 ὅμως
3026 2207 3194 2281 ἔτερόν
3255 2207 3396 2260 ἐστιν
3444 2205 3601 2258 ἐκεῖνο
3649 2203 3702 2268 ἐξ
3752 2205 3829 2257 οὗ
3885 2204 3953 2257 ἐν

2307 2299 2528 2371 ἑκατέρῳ
2569 2301 2734 2350 κοινόν
2767 2297 2879 2350 ἐστι
2908 2301 2966 2350 τό
3010 2305 3105 2360 τῆς
3161 2296 3356 2372 ὕϐρεως
3379 2313 3392 2325 ·
3425 2299 3515 2348 καὶ
3543 2296 3730 2366 ἕτερον,
3767 2294 3838 2357 ἐξ
3875 2294 3958 2346 οὗ

2307 2392 2475 2442 κοινόν
2505 2391 2562 2440 τό
2584 2395 2680 2449 τῆς
2710 2383 2869 2450 δόξης
2899 2388 3246 2444 καθέστηκεν·
3279 2384 3332 2448 ἐξ
3361 2386 3506 2456 ἡμῶν
3527 2387 3614 2456 μὶν
3635 2385 3739 2454 γὰρ
3765 2381 3954 2438 ἐστιν

545 2468 716 2528 Patre
743 2463 1042 2525 divinitas.

2313 2478 2451 2548 αὐτῷ
2483 2479 2512 2539 ἠ
2549 2476 2779 2530 ἐλάσσων
2811 2496 2902 2529 του
2936 2479 3140 2548 Πατρός
3183 2473 3546 2550 ἀνθρωπότης·
3583 2471 3682 2524 ἀπό
3712 2469 3778 2525 δε
3829 2492 3956 2525 του

2312 2571 2514 2642 Πατρός
2541 2566 2679 2621 ἐστιν
2706 2566 2846 2638 αὐτῷ
2875 2568 2902 2626 ὁ
2931 2567 3063 2639 μετά
3096 2572 3187 2618 τοῦ
3220 2567 3422 2639 Πατρός
3449 2566 3540 2622 ἴση
3577 2564 3785 2623 θεοτης.

550 2645 610 2705 S.
642 2644 955 2704 Anastasii
979 2641 1653 2728 capituluniseptignunz
1684 2657 1760 2700 ex
1781 2642 2075 2701 sexdecim
2100 2642 2202 2698 ad—

1024 2729 1227 2773 versus
1254 2714 1728 2785 Monophysitas.

2313 2750 2402 2805 Ἐκ
2429 2755 2530 2799 τῶν
2558 2742 2741 2808 δεκαεξ
2769 2743 3052 2818 κεφαλαίων
3081 2751 3181 2798 τῶν
3211 2745 3344 2796 κατὰ
3382 2749 3487 2818 των
3534 2745 3952 2812 Μονοφυσιτῶν

629 2828 714 2882 14.
749 2824 861 2891 Qui
891 2821 1310 2896 philosophice
1333 2821 1428 2876 vel
1447 2821 2010 2895 potiusinsipienter
2039 2821 2198 2880 aiunt

2595 2838 2686 2873 του
2719 2809 2868 2890 ἀγίού
2900 2816 3248 2871 Ἀναστασίου
3280 2819 3337 2867 τό
3377 2809 3619 2885 ἕϐδομον.

554 2929 799 2972 carnem
851 2913 1074 2970 factam
1122 2926 1254 2966 esse
1302 2910 1574 2967 divinam
1628 2915 2053 2984 mquatamque
2106 2913 2198 2970 Dei

2390 2924 2480 2985 ιδ’.
2521 2927 2586 2980 Οἱ
2615 2926 2922 2999 φιλοσόφως,
2963 2923 3152 2997 μᾶλλον
3195 2919 3254 2975 δε
3306 2919 3510 2993 ἀσόφως
3559 2917 3794 2991 λέγοντες
3851 2920 3951 2972 ὅτι

555 3003 769 3072 Verbo,
828 3001 1032 3058 dicant
1087 2998 1264 3056 nobis
1315 3003 1513 3055 utrum
1554 2999 1721 3055 haud
1770 2999 2198 3056 contrectabilis

2318 3017 2581 3074 ἀπεθεώθη
2623 2998 2713 3067 καὶ
2764 3015 2927 3072 ἰσώθη
2969 3016 2998 3073 ἠ
3049 3011 3181 3087 σὰρξ
3210 3019 3281 3081 τῷ
3319 3018 3451 3064 Θεου
3489 3014 3662 3080 Λόγῳ,
3696 3011 3950 3061 εἴπωσιν

554 3108 821 3168 quoque,
847 3088 1187 3157 invisibilis,
1235 3093 1291 3144 et
1337 3087 1855 3162 incircumscripta
1907 3093 2042 3163 post
2069 3105 2198 3146 con-

2318 3109 2443 3180 ἡμῖν
2474 3106 2517 3159 εὶ
2547 3107 2650 3180 ἄρα
2678 3109 2770 3160 xui
2799 3103 3169 3176 ἀψληλάφητος
3208 3106 3295 3154 καὶ
3331 3102 3550 3173 ἀόρατος
3591 3103 3681 3151 καὶ
3707 3097 3956 3172 ἀπερίγ-

550 3182 924 3256 junctionem
954 3195 1092 3236 cum
1125 3178 1224 3233 Dei
1251 3176 1443 3234 Verbo
1485 3193 1624 3234 caro
1653 3178 1926 3234 evaserit.
1961 3177 2132 3244 Quod
2162 3179 2211 3235 si

556 3273 642 3329 ita
665 3275 773 3341 est,
799 3267 1134 3325 incarnatio
1164 3266 1411 3339 quidem
1438 3266 1585 3322 nihil
1625 3265 1786 3322 aliud
1812 3266 1926 3323 nisi
1953 3267 2208 3340 phanta-

560 3363 650 3419 sia
679 3363 1105 3434 spectrumque
1134 3361 1240 3412 est.
1276 3355 1379 3412 Sin
1413 3371 1550 3412 vero
1588 3356 1698 3413 has
1741 3357 2060 3431 qualitates
2087 3373 2212 3414 non

557 3450 760 3516 habet,
789 3446 1102 3521 quomodo
1118 3449 1356 3518 aequata
1379 3449 1468 3502 est
1487 3445 2005 3519 incircumscripto
2033 3452 2213 3520 atque

2317 3216 2505 3274 ραπτος
2531 3197 2662 3269 μετά
2697 3199 2791 3254 τὴν
2838 3195 3018 3247 ἕνωσιν
3058 3194 3087 3250 ἡ
3135 3191 3266 3266 σάρξ
3302 3199 3374 3262 τῷ
3419 3197 3534 3266 φεςῦ
3561 3195 3730 3260 Λόγῳ.
3767 3187 3840 3241 Εἰ
3881 3183 3953 3242 δὲ

2319 3293 2490 3352 τοῦτο,
2549 3288 2808 3358 φαντασία
2857 3284 3060 3344 πάντως
3111 3285 3200 3334 καὶ
3262 3283 3488 3339 δόκησις
3528 3280 3559 3337 ἡ
3607 3278 3903 3350 οἰκονομία
3935 3296 3950 3310 ο

2319 3375 2363 3428 εἰ
2409 3371 2458 3428 δ’
2487 3375 2546 3428 οὐ
2575 3393 2742 3428 ταυτα
2781 3375 2935 3446 ἔσχεν
2965 3373 2994 3430 ἠ
3046 3369 3195 3445 σὰρξ,
3241 3379 3349 3435 πῶς
3406 3368 3568 3426 ἰσώθη
3601 3376 3673 3439 τῲ
3704 3364 3950 3440 ἀπεριγν

2319 3466 2496 3540 ράπτῳ
2527 3463 2636 3534 (16)
2658 3480 2672 3533 ;

559 3536 845 3598 invisibili
864 3537 892 3593 ?

561 3647 625 3706 S.
661 3644 938 3716 Gregorii
960 3643 1322 3723 Nyssenni-ep‘
1337 3655 1607 3723 sermone
1633 3640 2052 3723 de_div_initate
2069 3643 2198 3699 Fili:

2321 3650 2424 3698 Τοῦ
2456 3642 2605 3715 ἁγίου
2638 3646 2928 3723 Γρηγορίου
2967 3645 3059 3721 τοῦ
3089 3641 3310 3700 Νύσσης
3348 3636 3403 3690 ἐκ
3433 3643 3522 3723 τοι)
3559 3635 3712 3706 λόγου
3759 3634 3948 3723 αὶύτσῦ

796 3705 1108 3786 ξςαηοίίᾳάθ
1137 3714 1418 3783 Spiritus,
1451 3718 1507 3770 et
1535 3712 1608 3769 de
1634 3712 2000 3769 Abrahamo.

2393 3705 2640 3786 τοιῗπερὶ
2665 3705 2904 3776 θεότητος
2932 3714 3056 3768 Υἱοῦ
3085 3716 3175 3765 xui
3214 3715 3358 3783 αγίου
3387 3705 3682 3782 Πνεύματος
3718 3710 3816 3759 καὶ
3862 3705 3950 3768 είς

2394 3790 2482 3840 τὸν
2513 3786 2752 3861 Ἀϐραάμ
2773 3786 2910 3858 (1⁸7).

639 3900 727 3955 15.
774 3898 920 3954 Cum
973 3895 1152 3966 igitur
1180 3891 1441 3949 Verbum
1490 3890 1651 3962 dicit,
1683 3906 1744 3948 se
1771 3908 1886 3947 non
1910 3907 2084 3962 posse
2117 3895 2198 3964 fa-

2401 3893 2476 3952 ιε’.
2505 3893 2666 3947 Ὀταν
2712 3894 2800 3947 οὖν
2849 3892 3198 3965 ἀποφαίνηται
3241 3892 3267 3942 ό
3303 3888 3456 3961 λόγος
3493 3889 3575 3940 ὅτι
3613 3885 3669 3938 οὖ
3702 3881 3948 3938 δύναται

568 4004 719 4054 cere,
749 3985 1139 4061 perspicuum
1196 3986 1288 4040 est
1332 3996 1458 4038 non
1509 3980 1715 4038 deitati
1765 3981 2058 4051 unigeniti
2096 3981 2196 4038 Fili

2327 3990 2510 4052 ποιεῖν,
2543 3980 2802 4044 δῆλονὸτι
2831 3983 2958 4054 οὐχὶ
2995 3990 3057 4055 τῇ
3095 3984 3295 4038 θεότητι
3333 3986 3427 4032 τοῦ
3474 3981 3794 4048 Μονογενοῦς
3837 3979 3943 4032 τὴν

568 4075 987 4150 impotentiam
1005 4071 1354 4139 attribuere;
1382 4070 1490 4127 sed
1510 4069 1979 4127 imbecillitatem
2002 4076 2198 4128 nostra

2331 4072 2625 4147 ἀδυναμίαν
2655 4075 3028 4147 προστίθησιν,
3059 4070 3185 4124 ἀλλά
3210 4077 3270 4142 τῇ
3304 4067 3542 4138 ἀσθενείᾳ
3563 4074 3652 4126 τῆς
3676 4067 3945 4140 ἡμετέρας

569 4169 802 4225 naturae
853 4163 1246 4234 impotentem
1298 4175 1427 4215 esse
1460 4159 1680 4215 testari.
1740 4159 1984 4216 lnﬁrma
2021 4164 2198 4216 auten

2332 4167 2528 4238 φύσεως
2549 4170 2945 4239 προσμαρτυρεῖ
2965 4165 3022 4214 τό
3051 4157 3328 4214 ἀδύνατον.
3357 4158 3602 4218 Ἀσθενης
3627 4152 3684 4208 δὲ
3708 4157 3737 4212 ἡ
3768 4153 3941 4228 σὰρξ,

573 4268 715 4311 caro
739 4254 849 4317 est,
876 4247 1401 4323 quemadmodum
1450 4248 1738 4320 scriptum
1772 4253 1862 4304 est
1905 4266 1918 4305 :
1958 4248 2198 4318 Spiritu

2331 4255 2503 4316 καθὼς
2533 4257 2843 4327 γέγραπται,
2873 4254 2953 4305 ὃτι
2977 4267 2989 4281 '
3035 4253 3106 4304 Τὸ
3145 4252 3234 4322 μεν
3259 4255 3462 4320 πνεῦμα
3487 4247 3772 4321 πρόθυμον,
3808 4246 3843 4301 ἡ
3880 4239 3946 4294 δε

575 4341 813 4415 quidem
843 4343 1157 4409 promptus
1180 4343 1284 4398 est.
1309 4350 1452 4393 caro
1483 4340 1678 4392 autem
1708 4337 1953 4406 inﬁrma
1974 4338 2042 4392 ’³.
2073 4339 2198 4408 Ετει

2335 4342 2468 4416 σὰρξ
2499 4342 2717 4404 ἀσθενής
2745 4359 2757 4372 ·
2791 4341 2974 4394 οὐκοῦν
3015 4336 3090 4392 δι’
3117 4337 3414 4412 ἀμφοτέρων
3465 4335 3702 4393 ἀληθεύει
3748 4333 3776 4391 ἡ
3818 4335 3943 4386 θεία

574 4445 685 4504 per
713 4432 966 4500 utraque
993 4441 1204 4481 verum
1225 4423 1368 4481 dicit
1395 4423 1598 4481 divina
1628 4424 1950 4497 Scriptura,
1990 4424 2138 4480 dum
2169 4440 2198 4480 e

2333 4436 2528 4504 Γραφὴ,
2572 4436 2662 4484 καὶ
2716 4433 2774 4482 τό
2814 4429 2991 4502 μεῖζον
3041 4427 3389 4500 όμολογουσα,
3443 4429 3533 4476 καὶ
3584 4425 3642 4475 τὸ
3696 4424 3810 4473 ἶσον
3859 4423 3936 4493 μὴ

576 4521 874 4590 majorem
924 4517 1157 4573 Patrem
1205 4511 1537 4578 conﬁtetur,
1578 4517 1636 4569 et
1689 4513 1986 4586 aequalem
2017 4513 2198 4571 Filiun

2335 4521 2661 4596 ἀρνουμένη·
2704 4521 2822 4572 ὃταν
2871 4520 2973 4591 γὰρ
3029 4519 3159 4592 πρὸς
3209 4519 3267 4568 τό
3331 4513 3647 4586 ἀνθρώπινον
3698 4512 3723 4562 ό
3778 4508 3940 4581 λόγος

577 4620 704 4686 non
729 4607 944 4674 negat;
976 4618 1123 4660 nam
1170 4600 1275 4658 ubi
1328 4600 1582 4657 Verbum
1617 4601 1951 4658 humanam
1999 4608 2198 4676 specta

2337 4610 2526 4686 βλέπῃ,
2566 4609 2781 4683 μείζονα
2823 4607 3060 4681 ὁμολογεί
3098 4612 3190 4660 τοῦ
3221 4601 3313 4658 διὰ
3341 4607 3530 4677 σαρκός
3554 4604 3809 4676 ὁρωμένου
3845 4602 3936 4652 τόν

578 4699 882 4763 naturam,
909 4707 1051 4748 eum
1071 4691 1178 4763 qui
1207 4705 1330 4747 non
1355 4689 1633 4757 cernitur,
1662 4691 1956 4761 majorem
1987 4706 2058 4748 eo
2087 4690 2198 4748 dici

2335 4705 2406 4775 μὴ
2440 4702 2697 4776 ὁρώμενον
2722 4715 2735 4729 ⁶
2783 4700 2903 4751 ὅταν
2958 4693 3014 4749 δὲ
3068 4699 3193 4769 πρὸς
3227 4697 3285 4747 τό
3337 4695 3468 4746 θεῖον
3497 4697 3800 4766 χειραγωγῇ
3838 4693 3934 4747 τὴν

580 4799 714 4841 esse
742 4782 846 4856 qui
870 4795 977 4855 per
1001 4794 1244 4837 carnem
1267 4777 1623 4836 cernebatur
1649 4796 1662 4834 :
1695 4779 1801 4835 sed
1835 4778 1937 4835 ubi
1966 4784 2198 4835 menten

2339 4790 2596 4858 διάνοιαν,
2624 4787 2773 4864 ἀργεῖ
2795 4794 2886 4840 τοῦ
2916 4789 3150 4859 μείζονος
3179 4787 3268 4836 καὶ
3309 4790 3398 4835 τοῦ
3426 4780 3680 4842 ἐλάττονος
3727 4780 3757 4837 ἡ
3802 4797 3937 4848 συγ-

581 4873 662 4930 ad
689 4871 1064 4929 divinitatem
1089 4868 1275 4938 ducit,
1296 4867 1510 4924 desinit
1532 4866 1662 4924 haec
1693 4867 1939 4939 majoris
1955 4873 2012 4924 et
2038 4869 2198 4924 mino

2338 4884 2547 4955 κριτικὴ
2600 4878 2730 4936 αὕτη
2783 4876 3216 4951 ἀντιπαράθεσις·
3268 4878 3358 4926 καὶ
3405 4870 3519 4925 ἀντὶ
3547 4874 3734 4923 τούτου
3761 4868 3938 4926 ἑνότης

580 4962 662 5020 ris
715 4959 1120 5035 comparatio:
1177 4972 1408 5031 proque
1451 4957 1546 5013 his
1599 4957 1800 5014 unitas
1827 4956 2186 5031 praedicatur

2339 4973 2680 5044 κηρύττεταιο
2717 4966 2846 5038 Ἐγὼ
2881 4969 2972 5017 καὶ
3018 4965 3046 5042 ό
3093 4967 3272 5037 Πατήρ
3321 4963 3369 5016 ἓν
3409 4960 3578 5033 ἐσμεν.
3609 4962 3686 5012 Tu
3716 4954 3775 5011 δὲ
3803 4976 3936 5034 παρ-

581 5053 711 5124 Ego
741 5059 796 5111 et
835 5033 1028 5109 Pater
1056 5064 1244 5105 unum
1270 5062 1494 5104 sumus.
1548 5051 1621 5106 At
1671 5063 1742 5105 ea
1777 5064 1915 5122 quas
1962 5063 2070 5122 per
2094 5048 2198 5104 inae

2341 5060 2636 5135 ηλλαγμένα
2661 5057 2796 5110 κατὰ
2826 5057 2883 5109 τό
2905 5056 3103 5118 ἄνισον,
3135 5052 3184 5107 ἓν
3215 5049 3345 5107 εἶναι
3370 5051 3428 5104 οὐ
3460 5047 3700 5104 δύναται.

581 5143 933 5218 qualitatem
949 5138 1208 5206 variant,
1239 5152 1433 5195 unum
1453 5151 1589 5195 esse
1612 5152 1737 5196 non
1761 5142 2036 5213 possunt.

654 5319 707 5356 ³³
734 5316 933 5376 Matth.
960 5331 1113 5382 xxvi,
1145 5319 1236 5373 41.

650 5495 763 5644 $15)
791 5493 941 5578 Edit.
977 5492 1322 5576 Ballerinnt.
1348 5495 1391 5561 Ι,
1421 5509 1482 5568 p.
1505 5496 1630 5577 S23.
2336 5489 2611 5557 stasium,
2643 5486 2973 5574 praesertim
2997 5501 3134 5616 cap
3162 5487 3246 5548 t3.

680 5568 765 5642 t6)
783 5569 881 5631 His
904 5580 1064 5644 saepe
1093 5564 1312 5624 simula
1337 5569 1478 5624 sunt
1513 5580 1577 5623 in
1603 5564 1850 5638 Hodego
1877 5563 2044 5637 apud
2071 5566 2226 5624 Ana-
2409 5562 2524 5643 (17)
2553 5559 2702 5630 Edit.
2728 5563 2912 5633 Paris,
2940 5564 2983 5622 t.
3013 5560 3060 5623 Il
3092 5599 3107 5628 ,
3140 5558 3246 5632 p.t

680 5554 765 5642 ιθ)
783 5567 881 5631 His
904 5580 1064 5644 saepe
1093 5554 1312 5624 similia
1337 5554 1478 5624 sinit
1513 5564 1577 5623 in
1603 5564 1850 5638 Hodego
1877 5563 2044 5637 apud
2071 5566 2226 5624 Ana-
2409 5562 2524 5643 (ιτ)
2553 5554 2702 5630 Edit.
2728 5560 2912 5633 Paris,
2940 5564 2983 5622 t.
3013 5554 3107 5628 ut,
3140 5554 3322 5632 p.471
3357 5556 3420 5612 c.
