4046 6310
79 348 181 403 2n
1427 345 1788 407 THESAUBI
1818 349 1949 408 LIB.
1980 351 2138 410 xxv.
3363 341 3472 414 2'48

555 477 662 530 Τοῦ
702 473 857 547 ἁγίου
887 473 1266 548 Δῦγουστίνου.

2424 479 2488 536 S.
2539 478 2870 550 Augustini

150 587 248 651 ις’.
283 588 586 661 Ἐπίγνωθι
621 595 716 651 τήν
743 588 928 652 διττὴν
967 595 1122 665 φύσιν
1162 598 1255 645 τοῦ
1293 597 1528 664 Χριστοῦ
1561 607 1574 621 ⁸
1616 596 1704 651 την

1894 594 1979 652 16.
2011 594 2284 665 Agnosce
2316 595 2619 667 geminam
2651 594 3052 652 substantiam
3083 594 3292 655 Christi
3325 613 3340 664 ;
3379 594 3470 653 di-

81 677 226 728 θείαν
261 673 340 738 δὴ
371 678 535 752 λέγω,
576 685 671 740 τήν
708 684 830 741 ῖσην
883 683 1231 758 ὑπάρχουσαν
1268 689 1341 752 τῷ
1373 685 1540 756 Πατρί
1572 701 1586 715 ο
1619 680 1704 736 καὶ

1816 684 2023 740 vinam
2065 684 2302 751 scilicet,
2336 701 2457 759 qua
2485 685 2736 759 inqualis
2767 689 2856 742 est
2883 685 3040 744 Patri
3066 700 3079 752 ;
3107 684 3463 752 humanam,

79 770 169 823 τὴν
200 765 573 845 ἀνθρωπείαν,
606 770 667 835 ἧς
693 771 884 846 μείζων
912 770 1051 825 ἐστὶν
1090 773 1116 826 ὁ
1143 776 1323 846 Πατήρ
1355 770 1491 843 (18).

1817 788 1940 848 qua
1969 777 2161 846 major
2190 781 2278 832 est
2300 778 2488 832 Pater.

462 893 572 940 Τοῦ
609 893 957 962 Δαμασκηνοῦ
994 908 1107 962 κεφ.
1140 887 1182 964 ρ’
1213 889 1348 958 (19).

2054 892 2414 948 Damascem'
2439 893 2772 962 capitulum
2810 892 3214 950 centesimum.

148 1000 244 1064 ιζ’.
309 1006 418 1056 Καὶ
475 1006 806 1078 σεσάρκωται
843 1010 1014 1058 τοίνυν
1057 1007 1084 1058 ό
1128 1009 1318 1078 Λόγος,
1372 1009 1462 1058 καὶ
1500 1011 1596 1066 τῆς
1634 1002 1704 1057 οἰ-

1891 1009 1952 1061 t7
1967 1049 1980 1062 .
2002 1008 2066 1062 Et
2085 1022 2224 1064 caro
2245 1007 2423 1078 igitur
2441 1008 2707 1064 Verbum
2731 1007 2953 1064 factum
2974 1012 3085 1073 est,
3101 1011 3156 1063 et
3179 1011 3462 1063 naturam

77 1094 222 1150 κείας
280 1089 583 1154 ἀῦλότητος
619 1094 714 1146 οῦκ
765 1093 1008 1157 ἕξίστηκε
1061 1110 1074 1124 ·
1125 1099 1214 1148 καὶ
1267 1094 1376 1154 ὅλος
1431 1095 1704 1168 σεσάρκω-

1817 1109 1990 1150 suam
2019 1095 2268 1151 materia
2299 1103 2600 1169 expertem
2628 1112 2751 1153 non
2781 1095 3001 1153 amisit.
3033 1100 3242 1153 Totum
3274 1095 3464 1152 incar-

75 1196 183 1246 ται,
271 1185 367 1233 καὶ
439 1181 561 1244 ὅλος
619 1181 761 1235 ἐστὶν
824 1181 1208 1258 ἁπερίγραπτος
1274 1205 1287 1219 ·
1368 1186 1704 1256 σμικρῦνεται

1815 1188 2023 1239 natum
2051 1189 2210 1240 estet
2230 1191 2419 1241 totum
2451 1192 2538 1242 est
2558 1185 3462 1259 incircumscriptum.Minuitur

79 1279 417 1339 σωματικῶς
460 1277 553 1325 καὶ
593 1273 946 1340 συστέλλεται,
998 1279 1086 1326 καὶ
1137 1276 1315 1334 θεῑκῶς
1362 1271 1501 1325 ἐστιν
1577 1271 1704 1328 ἁπε-

1815 1273 2200 1345 corporallter
2224 1275 2686 1343 etcontrahitur,
2715 1274 2997 1330 divinitus
3028 1280 3226 1330 autem
3260 1277 3465 1330 manet

75 1363 406 1430 ρίγραπτος,
474 1360 532 1413 οῦ
598 1368 1166 1435 συμπαρεκτεινομίνης
1220 1371 1314 1424 τῆς
1374 1367 1565 1438 σαρκός
1609 1362 1704 1414 αῦ-

1815 1363 2115 1419 intinitum
2163 1381 2176 1419 :
2218 1380 2413 1439 neque
2462 1381 2602 1419 vero
2645 1365 2774 1435 ejus
2828 1380 2966 1420 caro
3019 1364 3354 1420 extenditur
3385 1365 3463 1420 ad

77 1454 166 1497 τοῦ
221 1456 292 1520 τῇ
355 1448 736 1524 ἁπεριγροὲπτῳ
791 1451 950 1505 αὑτοῦ
1002 1455 1228 1510 θεότητι.
1267 1452 1418 1514 Ὀλος
1470 1456 1559 1524 μὲν
1617 1451 1704 1504 οῦν

1815 1453 2084 1522 ejusdem
2136 1453 2463 1510 divinitatis
2514 1453 2889 1509 inﬁnitatem.
2935 1455 3113 1509 Totus
3151 1454 3330 1523 igitur
3376 1457 3464 1508 est

77 1534 189 1587 ἐστι
237 1541 378 1600 Θεὸς
430 1539 644 1608 τέλειος,
687 1540 792 1612 οῦχ
841 1541 952 1594 ὅλον
997 1538 1056 1594 δε
1107 1546 1235 1604 Θεός
1266 1563 1279 1575 ·
1322 1541 1380 1593 οὗ
1419 1543 1520 1616 γὰρ
1551 1546 1702 1613 μόνον

1815 1542 1968 1595 Deus
1999 1542 2294 1614 perfectus
2323 1559 2335 1607 ;
2368 1558 2563 1614 neque
2592 1548 2790 1597 tamen
2825 1542 2954 1611 ejus
2984 1542 3338 1597 universitas
3377 1544 3465 1597 est

79 1628 238 1692 Θεὸς,
269 1625 410 1680 ἀλλὰ
435 1633 527 1680 καὶ
553 1629 858 1702 ἄνθρωπος’
891 1635 976 1682 καὶ
1011 1630 1126 1692 ὅλος
1161 1631 1351 1694 τελειος
1375 1633 1643 1705 ἄνθρωπος
1685 1645 1700 1660 ⁸

1815 1632 2007 1696 Deus;
2054 1646 2174 1685 non
2219 1633 2378 1686 enim
2436 1630 2857 1687 tantummodo
2895 1636 2983 1686 est
3025 1633 3198 1694 Deus,
3252 1646 3458 1685 verum

78 1712 183 1784 οὐχ
224 1713 350 1767 ὅλον
379 1713 447 1769 δί
477 1718 750 1790 ἄνθρωπος
783 1739 796 1753 ⁸
830 1719 890 1772 οῦ
927 1724 1080 1793 μόνον
1115 1722 1218 1796 γὰρ
1244 1721 1536 1795 ἄνθρωπος,
1577 1717 1704 1772 ἀλλὰ

1815 1720 1992 1775 etiam
2023 1721 2233 1776 homo.
2289 1723 2466 1776 Totus
2511 1721 2805 1792 perfectus
2836 1725 2924 1776 est
2962 1721 3144 1776 homo
3183 1736 3195 1785 ;
3228 1735 3350 1776 non
3381 1725 3464 1776 ta-

76 1806 165 1854 καὶ
197 1808 364 1867 Θεὸς.
1732 1835 1776 1891 Β
1814 1825 1949 1866 men
1974 1811 2104 1880 ejus
2135 1811 2494 1867 universitas
2533 1816 2621 1866 est
2649 1809 2832 1866 homo
2865 1828 2877 1865 :
2913 1826 3108 1882 neque
3142 1811 3298 1867 enim
3333 1814 3462 1867 tan-

1813 1900 2128 1957 tummodo
2153 1905 2244 1956 est
2271 1901 2478 1965 homo,
2510 1916 2718 1955 verum
2745 1900 2923 1955 etiam
2952 1903 3127 1956 Deus.

84 1999 170 2052 Ἐκ
225 2009 330 2054 τοῦ
380 2008 594 2078 πρώτου
641 2003 852 2078 βιϐλίου
904 2015 1004 2060 τῶν
1050 2014 1344 2082 Θησαυρῶν
1396 2014 1488 2060 τοῦ
1553 2011 1701 2080 ἁγίου

1815 2017 1911 2076 Ex
1935 2017 2130 2088 primo
2159 2017 2312 2074 libro
2357 2019 2790 2074 Thesaurorum
2819 2018 2877 2071 S.
2913 2017 3144 2087 Cyrilli,
3178 2029 3312 2085 cap.
3362 2014 3457 2070 XI.

278 2090 547 2166 Κυρίλλου
576 2091 631 2145 ἐκ
656 2102 748 2146 τοῦ
779 2091 1054 2149 ἑνδεκάτου
1093 2097 1369 2170 κεφαλαίου
1390 2097 1522 2169 (20).

160 2205 255 2263 ιη’.
296 2205 472 2260 Ὀταν
508 2207 629 2281 λέγῃ
683 2215 913 2282 Χριστός
952 2211 1135 2266 ἑαυτοῦ
1195 2216 1282 2266 τὸν
1335 2217 1542 2286 Πατέρα
1597 2218 1704 2286 μεί-

1891 2209 1972 2260 18.
2007 2205 2151 2262 Cum
2175 2206 2434 2261 Christus
2464 2204 2624 2270 dicit,
2652 2207 2881 2260 Patrem
2904 2203 3195 2273 majorem
3219 2217 3283 2258 se
3307 2216 3458 2267 esse,

85 2296 237 2361 ζονα,
299 2298 456 2349 ἔσται
511 2298 663 2352 πάλιν
719 2308 781 2372 τῇ
843 2300 1201 2373 ἀνθρωπότητι
1237 2307 1442 2377 πρέπων
1481 2305 1507 2355 ό
1537 2303 1701 2375 λογος,

1815 2310 2012 2350 sermo
2043 2295 2140 2349 hic
2177 2295 2532 2349 humanitati
2573 2294 2727 2349 illius
2755 2293 3049 2357 convenit,
3089 2307 3210 2346 non
3262 2294 3464 2346 autem

84 2385 144 2436 οὐ
210 2394 311 2446 τῆς
374 2388 516 2448 Θείας
615 2387 799 2450 οὐσίας
888 2390 1046 2443 αὐτοῦ
1103 2398 1466 2466 κατηγόρημα,
1533 2396 1601 2454 ὡς
1655 2393 1704 2445 ἐν

1815 2383 2086 2440 divinam
2127 2384 2402 2454 ejusdem
2445 2383 2769 2438 essentiam
2800 2382 2980 2447 laedit,
3015 2381 3194 2452 quasi
3225 2379 3467 2434 inferior

86 2474 341 2528 ᾶοὲττοσε
403 2481 664 2549 κειμένης,
737 2479 768 2538 ἣ
869 2484 917 2532 ἐν
1012 2483 1089 2544 οἷς
1158 2483 1300 2534 ἐστιν
1361 2485 1387 2534 ό
1453 2488 1704 2554 γεννήσας

1817 2473 1892 2528 sit
1921 2472 2174 2528 Genitori
2208 2489 2335 2528 suo.
2371 2475 2435 2527 Et
2463 2472 2619 2528 infra
2667 2489 2680 2527 :
2731 2470 2997 2543 quualis
3055 2470 3234 2538 igitur
3275 2472 3367 2524 est
3413 2472 3470 2524 et

84 2563 268 2622 αὐτόν,
312 2570 417 2618 Καὶ
467 2566 618 2618 παλιν
680 2575 876 2641 προῖὼν
913 2586 926 2599 ⁶
968 2569 1106 2631 Ἴσος
1148 2573 1253 2644 ἄρα
1298 2579 1370 2641 τῷ
1412 2577 1578 2645 Πατρὶ
1617 2576 1704 2624 καὶ

1815 2562 2343 2618 consubstantialis
2403 2561 2557 2617 Patri
2605 2560 2800 2617 Filius.
2850 2557 3281 2615 Incarnationis
3323 2572 3466 2612 vero

87 2655 380 2723 ὁμοούσιος
430 2656 459 2706 ὁ
505 2657 640 2716 Υἱός.
685 2657 1036 2730 Οἰκονομικῶς
1075 2656 1135 2712 δε
1187 2660 1429 2733 εἰρῆσθαι
1467 2663 1704 2713 πιστεῦο-

1815 2667 1999 2707 causa
2027 2651 2328 2706 credimus
2357 2653 2586 2707 Patrem
2611 2652 2903 2720 majorem
2927 2666 2963 2705 a
2985 2649 3130 2704 Filio
3161 2653 3462 2704 vacatum.

88 2763 178 2813 μεν
229 2743 320 2796 ἐπὶ
373 2752 472 2796 τοῦ
511 2749 712 2820 Πατρός
749 2751 808 2799 τό
854 2749 1050 2820 μεῖζον.
1110 2748 1272 2802 Ὅταν
1311 2753 1412 2824 γὰρ
1451 2749 1704 2823 ὶνανθρω-

1815 2743 1962 2797 Cum
1989 2741 2146 2796 enim
2187 2739 2623 2796 humanitatem
2667 2739 2994 2811 assumpsit
3027 2743 3153 2794 tum
3183 2736 3363 2793 etiam
3404 2739 3468 2796 ut

88 2838 264 2895 πιέσας
297 2838 558 2906 φαίνεται,
589 2840 704 2889 τότε
728 2842 814 2890 καὶ
841 2843 995 2890 τοῦτό
1025 2858 1182 2910 φησιν
1207 2842 1272 2900 ὡς
1306 2841 1595 2912 ἄνθρωπος.

1815 2829 1998 2886 homo
2021 2829 2135 2884 hoc
2157 2829 2323 2885 dixit.

211 2955 326 3003 Τοῦ
368 2948 533 3003 αὐτοῦ
563 2951 613 3003 ἐν
642 2948 850 3025 ἑϐδόμῳ
888 2961 988 3005 τῶν
1013 2957 1139 3026 πρὸς
1165 2954 1403 3026 Ἑρμείαν
1428 2953 1585 3026 λόγῳ.

1885 2947 2167 3016 Ejusdem
2200 2948 2263 3002 in
2301 2949 2544 3015 septimo
2580 2960 2918 3002 sermonum
2949 2944 3031 3000 ad
3057 2945 3385 2999 Hermiam.

162 3067 252 3124 ιϐ’.
322 3068 717 3139 Ἀνθρωπότητι
782 3071 884 3144 γὰρ
947 3069 1065 3124 καθ’
1127 3073 1307 3126 ἕνωσιν
1373 3071 1702 3143 οἰκονομικὴν

1885 3067 1969 3119 49.
2004 3064 2362 3119 Humanitati
2394 3079 2499 3135 per
2524 3079 2746 3119 nexum
2778 3062 3224 3135 hypostaticum
3254 3059 3462 3116 ineffa-

90 3153 413 3230 ἁποῤῥήτως
470 3162 838 3229 συνενηγμένος
883 3160 908 3210 ό
957 3157 1011 3212 ἐκ
1077 3167 1210 3214 θεοῦ
1279 3166 1447 3232 Λόγος
1511 3169 1702 3213 νοεῖται

1815 3152 2005 3208 biliter
2035 3153 2421 3222 conjunctum
2478 3153 2575 3206 Dei
2617 3151 2896 3214 Verbum,
2943 3149 3209 3206 Christus
3253 3148 3464 3204 intelli~

89 3250 335 3318 Χριστός
377 3258 394 3274 ⁸
487 3242 720 3318 ἀνωτέρω
794 3249 884 3320 μεν
941 3245 1356 3320 ἀνθρωπότητος,
1421 3251 1486 3309 ὡς
1552 3252 1703 3322 φύσει

1815 3242 2010 3312 gitur:
2071 3245 2344 3313 superior
2380 3242 2625 3314 quidem
2674 3241 3068 3305 humanitate,
3119 3244 3323 3310 utpote
3362 3254 3460 3293 na-

89 3337 218 3393 Θεὸς
273 3338 373 3387 καὶ
439 3336 560 3395 Υἱός
599 3355 612 3369 ο
667 3335 927 3406 ὑφιζάνων
969 3332 1028 3391 δέ
1073 3356 1125 3388 τι
1155 3335 1338 3412 βραχὺ
1375 3345 1465 3390 τοῦ
1493 3337 1540 3390 ἐν
1572 3335 1698 3411 δόξῃ

1815 3337 1944 3388 tura
1979 3334 2133 3387 Deus
2164 3339 2220 3386 et
2253 3332 2425 3387 Filius
2457 3349 2468 3386 :
2505 3332 2837 3386 minoratus
2860 3335 3062 3385 autem
3085 3327 3466 3401 aliquantum

91 3423 436 3495 Θεοπρεποῦς,
525 3424 594 3485 ὡς
678 3425 966 3497 ἄνθρωπος,
1051 3429 1332 3501 Τοιγάρτοι
1413 3430 1536 3479 ποτε
1615 3431 1703 3499 μὲν

1815 3421 1968 3476 infra
1999 3420 2249 3489 gloriam
2297 3423 2413 3475 Deo
2465 3421 2734 3489 dignam.
2768 3424 2970 3492 utpote
3013 3420 3215 3474 homo.
3251 3419 3468 3483 Quam-

89 3513 318 3582 ἔφασκεν
369 3527 383 3540 ·
433 3509 493 3562 Ὀ
540 3511 779 3584 ἑωρακὼς
830 3511 914 3585 ἐμὲ
961 3513 1151 3588 ἑώρακε
1185 3518 1271 3566 τόν
1321 3521 1545 3590 Πατέρα.
1582 3520 1700 3584 Καὶ,

1815 3509 2023 3565 obrem
2056 3509 2239 3565 modo
2268 3509 2415 3564 dixit
2448 3527 2460 3563 :
2503 3510 2616 3576 Qui
2652 3509 2803 3566 vidit
2854 3525 2964 3578 me,
3006 3508 3154 3563 vidit
3194 3508 3462 3564 Patrem.

89 3599 228 3670 Ἐγὼ
302 3605 396 3652 καὶ
453 3618 478 3652 ο
535 3605 714 3677 Πατὴρ
764 3602 814 3656 ἓν
866 3601 1038 3675 ἐσμεν.
1073 3607 1202 3658 [lori
1234 3601 1292 3658 δὲ
1340 3605 1406 3657 αὖ
1443 3605 1615 3672 πάλιν,
1645 3605 1704 3657 '0

1817 3603 1959 3654 Item
1993 3615 2005 3653 :
2039 3600 2166 3668 Ego
2205 3606 2258 3655 et
2304 3601 2498 3657 Pater
2534 3615 2719 3655 unum
2751 3615 2975 3656 sumus.
3008 3598 3180 3656 Modo
3211 3602 3412 3654 autem
3446 3613 3459 3652 :

91 3696 280 3766 Πατήρ
327 3710 432 3763 μου
459 3691 646 3763 μείζων
671 3711 770 3764 μου
794 3693 958 3752 ἐστιν,

1815 3689 1998 3745 Pater
2026 3705 2188 3746 meus
2209 3693 2406 3759 major
2444 3706 2532 3745 me
2558 3696 2661 3746 est.

88 3813 194 3859 τοῦ
226 3809 390 3879 ἁγίου
419 3813 709 3880 Γρηγορίου
741 3817 831 3860 τοῦ
864 3809 1120 3886 (ἢεολόγου
1153 3809 1207 3862 ἐκ
1237 3818 1327 3863 τοῦ
1365 3816 1574 3886 πρώτου
1612 3818 1704 3864 τοῦ

1815 3804 1877 3861 S.
1914 3806 2184 3875 Gregorii
2236 3805 2514 3876 Theologi
2545 3822 2620 3862 ex
2648 3820 2917 3862 sermone
2949 3806 3147 3874 primo
3179 3804 3252 3859 de
3282 3803 3457 3859 Filio.

603 3885 721 3953 περὶ
749 3883 870 3933 Υἱοῦ
897 3881 1048 3952 λόγου
1073 3882 1204 3951 (21).

162 3993 234 4048 κ’,
309 3996 381 4045 Σὺ
441 3988 503 4045 δί
547 4013 638 4066 μοι
687 3998 1004 4069 καταριθμει
1067 4000 1195 4071 πρὸς
1243 3999 1410 4049 ταῦτὰ
1473 4000 1538 4050 τὰ
1610 4006 1704 4060 τῆς

1882 3999 1972 4050 20.
1999 3998 2078 4052 Tu
2109 4011 2249 4050 vero
2287 3994 2434 4049 mihi
2463 3993 2594 4049 illas
2622 3991 2972 4048 vecordium
3014 3989 3333 4046 hominum
3361 4001 3463 4043 vos

94 4080 478 4157 ἀγνωμοσύνης
519 4083 731 4157 ῥήματα
767 4105 777 4117 ·
830 4087 908 4149 τό,
945 4090 1069 4138 Θεόν
1100 4105 1199 4158 μου
1232 4092 1319 4139 καὶ
1359 4091 1482 4148 Θεὸς
1513 4088 1654 4159 ὑμῶν
1687 4109 1700 4122 ο

1815 4100 1912 4141 ces
1943 4100 2230 4140 enumera
2263 4101 2274 4138 :
2308 4086 2454 4139 Deus
2485 4097 2645 4138 meus
2688 4087 2745 4137 et
2800 4081 2956 4136 Deus
2993 4084 3208 4145 vester,
3257 4082 3314 4133 et
3341 4091 3461 4133 ma-

92 4175 172 4237 τὸ,
205 4171 407 4244 μείζων
438 4186 452 4201 ⁶
495 4175 575 4236 τὸ,
614 4175 787 4226 ἔκτισε
834 4190 847 4204 '
880 4177 959 4243 τό,
986 4176 1200 4246 ὴγίασε.
1233 4180 1330 4229 Καὶ
1356 4177 1466 4247 μετ’
1499 4175 1648 4247 ὀλίγα
1687 4194 1700 4207 ·

1815 4177 1930 4244 for,
1977 4178 2032 4229 et
2074 4174 2320 4240 creavit,
2361 4177 2416 4227 et
2456 4171 2877 4237 sanctificavit.
2935 4171 3000 4224 Et
3048 4166 3231 4240 paulo
3264 4166 3458 4222 intra:

93 4264 305 4315 Τούτων
360 4264 463 4335 γὰρ
517 4262 733 4316 ἕκαστον
793 4263 852 4317 οῦ
916 4263 1148 4335 χαλεπόν
1205 4270 1294 4317 καὶ
1355 4269 1490 4317 κατά
1553 4269 1704 4340 μέρος

1817 4263 1952 4318 Haec
1998 4261 2157 4317 enim
2209 4259 2444 4330 singula
2502 4257 2804 4328 sigillatim
2881 4256 3182 4330 persequi,
3241 4255 3463 4326 pioque

96 4349 369 4413 ἱπεξιόντα
425 4350 727 4421 ἐξηγεῖσθαί
777 4371 857 4407 τοι
909 4357 1042 4426 πρὸς
1105 4357 1162 4407 τό
1211 4353 1577 4408 εὐσεϐέστατον
1616 4361 1704 4408 καὶ

1816 4367 1993 4408 sensu
2034 4349 2352 4422 explicare,
2385 4348 2628 4403 minime
2661 4345 2898 4401 difﬁcile
2925 4351 3009 4401 est
3036 4365 3050 4411 ;
3073 4349 3253 4416 atque
3283 4342 3464 4398 offen-

98 4438 472 4512 ἀνακαθαίρειν
519 4443 576 4494 τὸ
626 4438 674 4491 ἐν
704 4447 813 4500 τοῖς
855 4443 1132 4516 γράμμασι
1179 4462 1498 4516 προσκομμα
1529 4463 1542 4476 ο
1577 4447 1704 4514 εἴγε

1815 4439 2082 4515 diculum
2115 4437 2280 4508 illud,
2324 4437 2488 4509 quod
2518 4435 2579 4492 in
2599 4434 2803 4490 litteris
2832 4434 3081 4502 exsistit,
3121 4445 3462 4498 removere;

96 4533 454 4601 προσπταίεις
497 4532 674 4596 ὅντως,
717 4527 846 4580 ἀλλὰ
874 4536 946 4602 μὴ
999 4531 1123 4584 ἑκὼν
1154 4540 1480 4605 κακουργεῖς.
1511 4531 1614 4584 Ἑνὶ
1647 4529 1704 4584 δὲ

1817 4529 1862 4584 si
1889 4527 2073 4583 modo
2103 4542 2239 4582 vere
2274 4525 2548 4594 offendis,
2591 4527 2646 4579 et
2680 4538 2802 4578 non
2829 4522 3028 4593 potius
3055 4519 3129 4575 de
3169 4517 3466 4574 industria

99 4617 362 4690 κεφαλαίῳ
387 4619 455 4668 τὰ
491 4620 581 4688 μὲν
605 4617 902 4691 ὑψηλότερα
928 4624 1162 4692 πρόσαγε
1200 4627 1260 4692 τῇ
1294 4622 1495 4678 θεότητι
1516 4627 1606 4673 καὶ
1635 4629 1696 4693 τῇ

1815 4631 2050 4688 peccas.
2097 4615 2166 4669 Ut
2211 4619 2414 4670 autem
2466 4610 2815 4666 summatim
2859 4608 3082 4674 dicam,
3122 4611 3186 4662 tu
3216 4603 3462 4677 quidem

100 4713 356 4779 κρείττονι
377 4709 531 4777 φύσει
555 4709 733 4762 παθῶν
758 4713 848 4760 καὶ
884 4714 1140 4780 σώματος,
1176 4711 1239 4761 τὰ
1262 4707 1320 4762 δὲ
1348 4715 1700 4785 ταπεινότερα,

1816 4704 2167 4760 sublimiora
2191 4702 2350 4757 dicta
2378 4699 2688 4767 divinitati,
2719 4697 3224 4770 passionibusque
3253 4699 3311 4750 et
3338 4708 3464 4748 cor-

100 4805 168 4867 τῷ
199 4796 439 4868 συνθέτῳ
490 4815 579 4849 και
615 4805 689 4868 τῷ
740 4793 774 4853 ὃ
780 4799 833 4850 ιὰ
874 4800 929 4853 σε
955 4799 1220 4856 κςνωθέντι
1245 4803 1334 4852 καὶ
1365 4801 1701 4875 σαρκωθέντι.

1815 4809 1958 4866 pore
1989 4792 2212 4864 experti
2255 4796 2504 4854 naturae,
2552 4788 2807 4844 attribue
2841 4804 2855 4856 ;
2909 4785 3229 4842 humiliora
3259 4788 3460 4838 autem

1815 4881 2154 4954 composito
2179 4878 2410 4936 homini
2434 4878 2637 4950 tuique
2662 4891 2849 4933 causa
2869 4874 3169 4932 exinanito
3191 4875 3247 4928 et
3266 4871 3461 4925 incar-

1814 4976 1975 5028 nato.

459 5099 562 5154 Τοῦ
593 5097 755 5149 αὑτοῦ
784 5095 840 5148 ἐκ
868 5103 960 5150 τοῦ
991 5096 1152 5150 αὑτοῦ
1172 5096 1345 5169 λόγου.

2168 5092 2452 5164 Ejusdem
2497 5106 2571 5148 ex
2595 5091 2790 5147 eodem
2821 5100 3108 5145 sermone.

168 5213 267 5272 κοί.
319 5217 409 5274 Τίς
449 5208 536 5265 οὖν
593 5210 791 5287 ἀντερεῖ
847 5211 1000 5285 λόγος
1061 5218 1262 5287 κτίσμα
1309 5216 1399 5286 μὲν
1464 5212 1704 5286 λέγεσθαι

1885 5214 1944 5268 2|
1961 5212 2270 5278 .Qutenam
2296 5223 2440 5280 ergo
2465 5208 2616 5265 ratio
2642 5209 2821 5275 vetat,
2870 5201 3198 5276 quominus
3239 5203 3470 5258 creatu-

170 5467 283 5537 (t8)
310 5463 636 5539 _Ves_tiganti
687 5461 835 5520 mihi
881 5463 1266 5539 occurrithic
1298 5463 1484 5539 _locus
1541 5465 1705 5539 apud
1815 5481 1948 5539 cap.
1983 5471 2036 5532 7,
2061 5467 2186 5539 CI,
2218 5480 2275 5539 p.
2309 5467 2435 5539 213;.

109 5527 276 5607 Δός(
309 5536 374 5591 in
402 5527 574 5593 Joan.
621 5539 791 5600 tract,
846 5551 1083 5604 Lxxvui,
1133 5537 1189 5593 3.
1227 5535 1313 5592 lbi
1359 5541 1561 5594 tamen
1582 5527 1709 5594 ἐει
1889 5527 2002 5608 (20)
2023 5527 2296 5594 Ἐάἱιξόὶῐ.
2323 5537 2460 5608 t._V,
2492 5535 2644 5605 part.
2671 5547 2712 5601 1,
2734 5545 2795 5608 p.
2825 5533 2914 5608 βξ),
2938 5533 3106 5608 AA,_et
3133 5544 3194 5602 p.
3228 5529 3296 5600 86
3328 5527 3390 5596 Β,

111 5604 653 5682 agrioscamusnon
683 5621 957 5682 agnosce.
991 5676 1025 5682 __
1096 5679 1126 5682 _
1209 5679 1225 5682 _
1258 5678 1272 5682 _
1412 5679 1427 5682 _
1888 5604 2002 5682 (21)
2029 5608 2178 5667 Edit.
2209 5605 2459 5674 Maurin,
2485 5604 2527 5661 t’.
2554 5608 2598 5675 l,
2629 5607 2779 5661 orat.
2815 5606 2906 5671 29,
2934 5604 2962 5670 §
2993 5604 3078 5677 18.
3146 5616 3148 5618 '

173 5679 290 5751 (t9)
327 5681 392 5736 In
421 5677 686 5738 editione
723 5676 1051 5752 Lequienii,
1083 5679 1168 5738 De
1183 5678 1462 5750 ﬁd.or¢h.
1491 5678 1595 5739 lib.
1624 5695 1704 5754 in,
