4046 6310
568 298 676 364 ιιο

572 509 949 569 nativitatem
999 529 1013 577 ;
1064 510 1272 566 Filium
1319 515 1520 566 autem
1574 511 1911 568 secundum
1954 512 2216 585 primam

573 599 893 671 magisque
920 597 1587 671 incomprehensibilem
1606 597 1633 652 ?

571 685 913 760 S.Joannz_'s
949 689 1309 760 Damascem'
1359 688 1440 743 ad
1489 702 1583 744 eos
1635 689 1743 759 qui
1794 695 2035 760 rogant,
2065 691 2220 747 sitne

806 757 1037 815 Christi
1056 773 1311 828 persona
1339 764 1561 828 creata,
1582 757 1664 816 an
1691 757 1981 818 increata.

640 937 730 990 22.
761 935 865 991 Dei
888 934 1069 992 Verbi
1097 951 1376 1009 persona,
1406 942 1542 995 ante
1570 955 1815 997 carnem
1843 945 2221 1013 assumptam

574 1021 830 1094 simplex
872 1028 1018 1094 erat,
1065 1041 1176 1082 nec
1216 1026 1573 1098 composita.
1615 1044 1864 1102 corpore
1895 1045 2126 1102 expers,
2166 1036 2223 1087 et

571 1109 855 1168 increata.
896 1114 979 1168 Ex
1018 1129 1141 1186 quo
1184 1119 1385 1170 autem
1434 1131 1678 1172 carnem
1721 1118 2001 1193 suscepit,
2056 1116 2221 1173 carni

573 1194 818 1273 quoque
847 1216 1107 1273 persona
1134 1203 1292 1265 facta
1311 1209 1421 1274 est,
1448 1207 1902 1280 compositaque
1933 1209 2121 1264 evasit
2148 1223 2222 1264 ex

573 1288 904 1359 divinitate,
934 1307 1122 1362 quam
1142 1308 1458 1365 nunquam
1484 1310 1607 1351 non
1627 1294 1933 1365 habuit,et
1948 1313 2021 1352 ex
2042 1312 2220 1352 carne

574 1392 762 1449 quam
806 1381 1140 1454 assumpsit
1172 1400 1185 1437 :
1221 1383 1489 1455 geritque
1519 1384 1673 1440 adeo
1702 1384 1957 1458 duplicis
1990 1392 2221 1441 naturae

572 1467 992 1540 proprietates,
1028 1475 1229 1542 utpote
1259 1488 1394 1543 quae
1424 1472 1485 1527 in
1513 1473 1753 1530 duabus
1778 1475 2006 1530 naturis
2026 1473 2221 1530 nosci-

572 1559 687 1611 tur.
722 1556 852 1622 Quo
880 1555 947 1612 ﬁt
974 1562 1039 1613 ut
1069 1574 1189 1615 una
1219 1560 1552 1633 eademque
1581 1578 1839 1634 persona
1868 1568 1923 1618 et
1949 1561 2221 1619 divinita-

573 1643 652 1699 tis
682 1645 911 1701 ratione
934 1646 1200 1704 increata
1229 1649 1320 1718 sit,
1362 1655 1419 1705 et
1448 1657 1647 1708 creata
1684 1652 1915 1709 ratione
1939 1653 2219 1709 humani-

576 1733 751 1801 tatis;
780 1734 1030 1791 visibilis
1061 1736 1240 1793 simul
1271 1743 1326 1794 et
1364 1738 1705 1799 invisibilis.
1735 1743 1885 1797 Nam
1911 1740 2138 1813 alioqui
2158 1742 2222 1797 in

575 1836 679 1879 eas
717 1824 1023 1894 angustias
1050 1825 1442 1897 adducemur,
1473 1834 1540 1885 ut
1565 1829 1661 1886 vel
1689 1845 1881 1886 unum
1913 1830 2221 1887 eumdem-

573 1925 694 1984 que
746 1912 1041 1970 Christum
1084 1915 1448 1985 dividamus,
1503 1919 1658 1976 duas
1709 1936 2003 1992 personas
2056 1936 2218 1976 asse-

572 2000 800 2072 rendo;
830 2002 926 2059 vel
976 2008 1328 2064 naturarum
1370 2007 1814 2067 distinctionem
1856 2010 2215 2078 inﬁciantes,

575 2092 1025 2149 conversionem
1054 2100 1158 2152 aut
1181 2097 1600 2155 confusionem
1629 2100 2012 2157 inducamus.

573 2179 861 2249 Ejusdem
889 2184 1221 2252 capitulum
1270 2186 1422 2315 321%
1464 2189 1537 2245 de
1562 2193 1924 2246 naturarum
1947 2190 2220 2260 proprie-

1363 2275 1383 2313 ι
1425 2274 1517 2315 us.

1363 2274 1517 2315 ιοιιε.

644 2338 735 2398 23.
776 2343 1069 2400 Eumdem
1097 2361 1276 2416 porro
1319 2346 1643 2405 Dominum
1690 2355 1964 2407 nostrum
2019 2350 2222 2405 Jesum

576 2429 899 2501 Christum,
921 2437 981 2489 et
1005 2434 1335 2505 perfectum
1365 2439 1576 2507 Deum,
1603 2442 1660 2494 et
1677 2440 2006 2511 perfectum
2032 2439 2225 2495 homi-

576 2532 719 2576 nem
768 2522 1187 2593 praedicantes,
1232 2526 1349 2582 hoc
1394 2527 1767 2599 proﬁtemur,
1828 2527 2111 2584 eumdem
2167 2530 2225 2582 et

577 2609 786 2666 omnia
812 2610 1057 2678 habere,
1097 2629 1233 2685 quin
1274 2620 1445 2688 pater
1472 2615 1674 2680 habet,
1701 2621 1950 2688 excepta
1976 2615 2224 2687 ingeniti

577 2701 984 2772 proprietate;
1033 2703 1087 2759 ei
1116 2705 1323 2761 omnia
1368 2707 1530 2778 item,
1572 2723 1709 2780 quas
1747 2707 1979 2779 primus
2007 2706 2222 2770 Adam,

578 2793 827 2861 excepto
856 2790 984 2847 solo
1025 2798 1296 2863 peccato,
1338 2795 1453 2851 hoc
1478 2801 1587 2862 est,
1619 2811 1841 2868 corpus
1867 2801 1925 2851 et
1954 2798 2223 2852 animam

576 2876 805 2934 ratione
839 2882 897 2936 et
935 2878 1325 2952 intelligentia
1360 2884 1676 2956 praeditam
1722 2903 1736 2938 :
1796 2885 1943 2958 quin
1994 2883 2223 2942 habere

577 2965 757 3022 etiam
782 2983 944 3038 eum,
971 2969 1058 3026 uti
1085 2969 1326 3027 duabus
1353 2974 1585 3029 naturis
1626 2978 2096 3031 consentaneum
2116 2977 2224 3038 est,

575 3054 845 3128 duplices
882 3063 1233 3118 naturarum
1276 3061 1538 3119 duarum
1567 3064 1870 3121 naturales
1898 3063 2225 3137 proprieta-

1881 297 2150 354 NICETE
2181 297 2599 363 CHONITATIE

570 437 706 479 ram
755 422 1120 496 Sapientiam
1161 418 1435 480 dicamus
1485 422 1821 479 secundum
1875 427 2213 480 terrestrem

2342 427 2413 482 ’ὴν
2470 428 2658 497 Σοφίαν
2712 426 2846 477 κατά
2902 428 2998 483 τὴν
3054 427 3196 478 κάτω
3251 428 3512 497 γέννησιν,
3569 428 3812 497 γέννημα

3924 419 4010 475 δὲ

2325 515 2460 566 κατὰ
2488 517 2581 572 τὴν
2611 518 2819 589 πρώτην
2858 519 2948 567 καὶ
2985 513 3131 567 πλέον
3157 514 3385 573 ἄληπτον
3413 530 3426 581 ;

2324 697 2427 744 Τοῦ
2458 690 2609 763 ἁγίου
2641 692 2877 745 Ἰωάννου
2905 698 2999 744 τοῦ
3041 700 3388 766 Δαμασκηνοῦ
3434 696 3563 767 πρὸς
3597 696 3715 752 τοὺς
3753 691 4010 762 λέγον-

2396 782 2509 833 τας,
2534 765 2563 821 ἡ
2593 765 2887 838 ὑπόστασις
2923 771 3013 816 τοῦ
3044 764 3278 838 Χριστοῦ
3309 764 3519 835 acria-r13,
3550 764 3579 823 ἦ
3614 764 3915 823 diurna-ro;
3978 776 4001 790 '

2401 840 2521 906 Κεφ.
2544 834 2658 907 ρκζ
2696 837 2835 904 (22).

2398 939 2504 1014 κβ’.
2545 941 2605 995 Ἦ
2645 944 2934 1003 ὑπόστασις
2980 950 3073 995 τοῦ
3121 950 3254 996 Θεοῦ
3306 948 3480 1014 Λόγου
3519 946 3649 1015 πρὸς
3675 947 3770 1003 τὴς
3801 961 4001 1016 σαρ-

2328 1036 2531 1092 κώσεως
2586 1030 2719 1091 ἁπλῆ
2773 1028 2834 1104 ᾖν
2880 1037 2968 1084 καὶ
3020 1030 3294 1094 ἀσύνθετος
3341 1037 3431 1085 καὶ
3488 1030 3766 1103 ἀσώματος
3854 1037 3995 1083 καὶ

2328 1120 2590 1180 οἴκτιστος.
2641 1123 2976 1193 Σαρκωθείσα
3028 1118 3086 1174 δὲ
3134 1122 3264 1178 αύτη
3303 1126 3480 1193 γέγονε
3507 1124 3597 1175 καὶ
3652 1128 3711 1193 τῇ
3767 1125 4000 1195 σαρκὶ

2329 1210 2620 1270 ὑπόστασις
2669 1226 2683 1237 ’
2736 1214 2826 1261 καὶ
2889 1213 3065 1281 γέγονε
3123 1211 3362 1273 σύνθετος
3415 1208 3468 1262 ἐκ
3532 1211 3795 1276 θεότητος,
3902 1208 3953 1267 ἦ
3968 1228 4000 1269 ς

2328 1293 2469 1369 εἶχεν
2524 1296 2621 1367 ἀεὶ,
2675 1303 2765 1350 καὶ
2806 1296 2857 1361 ἐξ
2909 1299 2971 1360 ἧς
3027 1298 3339 1371 προσείληφε
3386 1301 3578 1370 σαρκός
3606 1311 3620 1327 ’
3654 1303 3747 1350 καὶ
3788 1302 3998 1370 φέρει

2327 1394 2426 1437 τῶν
2484 1383 2581 1438 δύο
2631 1389 2829 1459 φύσεων
2884 1390 2950 1440 τὰ
2994 1383 3274 1459 ἰδιώματα,
3318 1386 3366 1438 ἐν
3407 1383 3536 1441 δυσὶ
3572 1386 3993 1458 γνωριζομένη

2327 1482 2443 1536 ταῖς
2481 1479 2719 1547 φύσεσιν.
2771 1475 2932 1529 Ὠστε
2996 1481 3084 1528 καὶ
3121 1477 3253 1533 αύτὴ
3300 1480 3397 1548 μία
3434 1477 3749 1540 ὑπόστασις,
3782 1475 3993 1526 ἄκτι-

2331 1570 2453 1627 στός
2494 1568 2547 1617 τέ
2593 1562 2705 1617 ἐστι
2751 1574 2813 1637 τῇ
2862 1568 3087 1627 θεότητι,
3114 1570 3203 1617 καὶ
3233 1569 3420 1623 κτιστη
3449 1573 3511 1637 τῇ
3542 1562 3988 1638 ἀνθρωπότητι,

2329 1654 2488 1727 ὁρατή
2523 1673 2577 1707 τε
2602 1659 2691 1706 καὶ
2712 1653 2950 1728 ἀόρατος.
2983 1654 3125 1707 Ἐπεῖ
3152 1653 3553 1726 ἀναγκαζόμεθα
3582 1650 3807 1724 διαιρεῖν
3854 1656 3985 1704 τὸν

2329 1744 2413 1795 ἕνα
2444 1747 2691 1819 Χριστόν,
2750 1741 2845 1796 δύο
2875 1746 2969 1805 τὰς
3005 1745 3325 1804 ὑποστάσεις
3358 1742 3608 1814 λέγοντες,
3636 1743 3666 1801 ἡ
3699 1746 3799 1800 τήν
3834 1750 3985 1792 τῶν

2328 1836 2526 1904 φύσεων
2567 1831 2834 1904 ἀρνεῖσθαι
2864 1830 3119 1906 διαφοράν
3151 1850 3164 1864 ο
3209 1837 3297 1884 καὶ
3327 1836 3525 1907 τροπὴν
3569 1831 3798 1902 εἰσάγειν
3849 1836 3979 1883 καὶ

2330 1925 2598 1994 σύγχυσιν
2611 1964 2624 1977 .

2328 2199 2431 2247 Τοῦ
2477 2192 2635 2244 αὐτοῦ
2698 2189 2969 2262 κεφάλαιον
3013 2188 3093 2263 ρς’
3158 2192 3277 2263 περ).
3312 2197 3410 2241 τῶν
3469 2185 3761 2260 ἰδιωμάτων
3830 2195 3969 2237 τῶν

2931 2248 3131 2334 φύσεων
3187 2248 3318 2332 (23).

2402 2352 2503 2425 κγ’.
2569 2351 2766 2405 Τι’λειον
2838 2348 2898 2403 δὲ
2973 2353 3101 2404 Θεὸν
3179 2349 3542 2422 ὁμολογοῦντες

2334 2443 2524 2512 Κύριον
2576 2442 2721 2511 ἡμῶν
2770 2440 2974 2497 Ἰησοῦν
3021 2442 3272 2511 Χριστόν,
3340 2442 3430 2490 καὶ
3483 2436 3667 2489 τέλειον
3732 2436 3977 2507 ὤνθρω-

3622 2350 3708 2398 τόν
3770 2345 3977 2398 αὐτὸν

2332 2548 2448 2598 πον,
2496 2533 2656 2601 φαμὲν
2714 2532 2800 2581 τόν
2853 2528 3009 2582 αὐτόν
3068 2530 3237 2580 πάντα
3299 2530 3440 2598 ἔχειν
3478 2527 3579 2578 ὅσα
3632 2526 3660 2576 ό
3720 2528 3972 2589 Ππὴο,

2331 2617 2464 2676 πλὴν
2511 2616 2825 2688 ἁγεννησίας
2865 2634 2877 2646 ⁸
2928 2621 3019 2669 καὶ
3061 2618 3233 2669 πάντα
3286 2618 3426 2686 ἔχειν
3470 2616 3573 2666 ὅσα
3618 2614 3643 2664 ὁ
3674 2608 3875 2683 ’Δδὰμ
3936 2614 3971 2663 ὁ

2331 2715 2533 2780 πρῶτος
2585 2703 2724 2778 δίχα
2752 2711 2914 2778 μόνης
2963 2713 3058 2767 τῆς
3108 2704 3362 2777 ἁμαρτίας
3391 2718 3407 2733 ·
3439 2704 3591 2755 ἅτινά
3620 2700 3733 2754 ἐστι
3775 2710 3974 2773 σῶμα

2332 2801 2422 2847 καὶ
2458 2795 2614 2867 ψυχὴ
2664 2795 2845 2867 λογικὴ
2905 2815 2959 2846 τε
3000 2800 3090 2847 καὶ
3117 2796 3267 2866 νοερά
3296 2811 3311 2824 ·
3345 2794 3485 2865 ἔχειν
3525 2787 3584 2844 δε
3610 2793 3763 2842 αύτόν
3798 2809 3969 2842 χατ-

2334 2884 2555 2945 αλ),ἠλως
2601 2892 2715 2946 ταῖς
2770 2881 2899 2937 δυσὶ
2947 2886 3136 2956 φύσεσι
3175 2880 3341 2935 διττὶοὶ
3376 2885 3441 2934 τα
3468 2888 3568 2932 τῶν
3599 2876 3696 2931 δύο
3727 2881 3964 2951 φύσεων

2334 2974 2531 3044 φυσικὰ
2591 2968 2855 3044 tamam“
2903 2993 2915 3005 -
2989 2968 3085 3023 δύο
3134 2970 3361 3030 θελήσεις
3419 2969 3660 3041 φυσικὰς,
3697 2968 3846 3019 Θείαν
3898 2985 3965 3018 τε

2333 3066 2424 3112 καὶ
2471 3060 2794 3134 ἀνθρωπίνην
2826 3075 2842 3090 '
2887 3065 2977 3112 καὶ
3011 3057 3259 3132 ἐνεργείας
3320 3053 3416 3110 δύο
3456 3057 3698 3129 φυσικὰς,
3744 3058 3848 3112 τήν
3897 3074 3965 3107 τε

575 3124 708 3216 tes;
761 3149 878 3205 hoc
906 3154 1014 3222 est,
1047 3151 1201 3208 duas
1228 3154 1532 3211 naturales
1563 3124 1925 3221 voluntates,
1955 3124 2224 3209 divinam

2342 3149 2473 3201 θείαν
2502 3153 2592 3201 καὶ
2620 3153 2713 3207 τὴν
2741 3147 3065 3220 ἀνθρωπίνην
3087 3168 3100 3181 ·
3126 3153 3215 3200 καὶ
3241 3146 3553 3209 αὐτεξούσια
3582 3142 3679 3197 δύο
3709 3147 3961 3216 φυσικὰ,

576 3240 634 3293 et
668 3236 1004 3295 humanam
1038 3259 1051 3296 :
1096 3240 1250 3298 duas
1286 3242 1431 3300 item
1463 3244 1768 3300 naturales
1823 3242 2224 3316 operationes,

576 3324 847 3382 divinam
872 3332 928 3382 et
954 3328 1289 3386 humanam
1332 3349 1347 3398 ;
1391 3331 1545 3389 duas
1575 3333 1878 3389 naturales
1908 3329 2136 3387 arbitrii
2162 3329 2229 3384 li-

577 3413 1145 3478 bertates,divinam
1167 3425 1222 3474 et
1237 3420 1601 3476 humanam:
1622 3438 1691 3476 ac
1712 3422 1971 3493 denique
1990 3419 2227 3492 sapien-

578 3502 725 3559 tiam
746 3507 804 3559 et
827 3505 1136 3561 scientiam
1165 3507 1486 3579 duplicem,
1504 3509 1773 3565 divinam
1796 3514 1853 3565 et
1871 3509 2223 3564 humanam.

580 3594 731 3649 Nam
759 3608 897 3649 cum
931 3594 1199 3666 ejusdem
1229 3612 1301 3652 ac
1334 3599 1499 3653 Pater
1529 3598 1878 3654 substantiae
1919 3599 2011 3661 sit,
2044 3596 2227 3652 libere

577 3681 709 3739 vult
737 3688 792 3738 et
814 3684 937 3754 agit
959 3689 1021 3741 ut
1051 3686 1206 3740 Deus
1239 3703 1252 3740 :
1285 3702 1490 3742 rursus
1520 3702 1658 3742 cum
1697 3684 2229 3743 consubstantialis

582 3771 657 3828 sit
683 3772 882 3843 nobis,
904 3772 1088 3829 libere
1123 3774 1265 3831 item
1297 3775 1423 3830 vult
1441 3779 1499 3832 et
1527 3776 1669 3847 agit,
1696 3779 1762 3832 ut
1784 3775 1988 3831 homo.
2035 3773 2229 3846 Ipsius

580 3858 742 3917 enim
767 3861 1062 3919 miracula
1087 3868 1243 3930 sunt,
1275 3864 1463 3936 ipsius
1483 3879 1727 3936 quoque
1749 3866 2082 3935 passiones.

580 3952 680 4009 Ex
705 3953 967 4010 secunda
998 3953 1061 4009 S.
1102 3954 1307 4009 Leonis
1342 3968 1521 4023 papa:
1562 3954 1822 4009 Romani
1856 3953 1937 4009 ad
1979 3954 2229 4010 Leonem

650 4030 1071 4091 imperatorem
1092 4026 1362 4094 epistola,
1391 4028 1558 4095 cujus
1576 4030 1661 4080 est
1681 4025 2021 4093 inscriptio:
2048 4047 2075 4074 ι(
2095 4024 2226 4080 Glo-

648 4096 974 4168 riosissimo
995 4102 1050 4151 et
1082 4094 1575 4168 tranquillissima
1591 4096 1720 4165 ﬁlio
1743 4097 2011 4167 Augusto
2023 4094 2225 4163 Leoni,

650 4166 765 4220 Leo
795 4168 1122 4234 episcopus.
1159 4187 1187 4215 »

652 4254 741 4307 24.
763 4251 830 4307 In
845 4268 988 4309 vero
1007 4254 1107 4308 Dei
1126 4259 1303 4326 atque
1323 4255 1586 4311 hominis
1600 4253 1951 4323 Filio,Verbi
1964 4259 2018 4310 et
2034 4253 2231 4311 carnis

583 4354 708 4396 una
725 4355 986 4412 persona
1006 4346 1114 4410 est,
1128 4358 1262 4414 quae
1282 4342 1762 4414 inseparabiliter
1778 4348 1958 4414 atque
1979 4341 2232 4397 indivise

584 4443 940 4485 communes
958 4427 1141 4484 habet
1161 4429 1443 4484 actiones.
1466 4430 1865 4498 lntelligendm
1882 4436 2082 4485 tamen
2096 4432 2234 4484 sunt

583 4518 860 4591 ipsorum
910 4532 1161 4589 operum
1202 4517 1538 4589 qualitates,
1576 4523 1633 4574 et
1664 4519 1906 4573 sincerae
1927 4518 2068 4574 ﬁdei
2093 4533 2233 4573 con-

584 4605 972 4677 templatione
1021 4606 1389 4661 cernendum
1440 4612 1545 4669 est,
1594 4606 1673 4662 ad
1702 4623 1839 4678 quas
1869 4606 2236 4677 provehatur

584 4693 892 4750 humilitas
922 4695 1140 4765 carnis,
1159 4700 1215 4750 et
1243 4694 1319 4749 ad
1340 4711 1475 4767 quae
1501 4695 1814 4751 inclinetur
1836 4694 2090 4750 altitudo
2115 4693 2235 4749 dei-

583 4784 723 4842 tatis
756 4805 769 4839 :
805 4782 953 4856 quid
992 4784 1065 4839 sit
1093 4780 1259 4857 quod
1288 4799 1430 4840 caro
1468 4785 1594 4841 sine
1626 4784 1812 4840 Verbo
1842 4799 1966 4839 non
2004 4784 2145 4849 agit,
2178 4788 2236 4839 et

585 4873 735 4947 quid
755 4873 830 4930 sit
857 4873 1020 4946 quod
1049 4873 1308 4930 Verbum
1333 4873 1458 4929 sine
1479 4889 1658 4929 carne
1684 4888 1804 4928 non
1836 4871 2014 4929 efﬁcit
2041 4872 2070 4928 ?
2101 4872 2236 4929 Sine

585 4964 766 5021 Verbi
800 4963 961 5020 enim
991 4963 1257 5035 potentia
1281 4978 1391 5018 nec
1420 4962 1760 5034 conciperet
1784 4961 1963 5033 Virgo
1993 4976 2104 5017 nec
2132 4976 2236 5033 pa-

585 5059 739 5110 reret
777 5070 791 5122 ;
819 5057 877 5110 et
905 5053 1034 5109 sine
1062 5052 1311 5109 veritate
1352 5052 1551 5108 carnis
1576 5051 1863 5109 obvoluta
1900 5051 2119 5123 pannis
2148 5050 2235 5105 in-

586 5141 775 5198 fantia
801 5158 927 5198 non
968 5141 1210 5213 jaceret.
1265 5140 1401 5197 Sine
1441 5139 1613 5195 Verbi
1656 5140 1925 5213 potentia
1961 5155 2085 5196 non
2134 5138 2237 5195 ad-

588 5235 828 5287 orarent
854 5230 1004 5303 Magi
1031 5245 1311 5303 puerum,
1333 5228 1503 5285 stella
1530 5228 1726 5284 indice
1753 5227 2154 5293 declaratum;
2181 5229 2240 5282 et

663 5576 777 5646 (22)
805 5573 953 5631 Edit.
982 5575 1260 5647 Lequien.
1297 5576 1381 5632 De
1417 5574 1725 5644 ﬁd."orlh.
1760 5574 1868 5631 lib.
1906 5591 1980 5645 IV,
2011 5588 2149 5647 cap.
2182 5578 2236 5629 5.

658 5645 772 5721 (23)
804 5647 977 5720 Oper.
1002 5645 1100 5704 cit}
1124 5645 1230 5714 lib,
1250 5650 1596 5719 11,.cap..t3.
1689 5677 1693 5679 -
1936 5684 1939 5687 -

2336 3238 2469 3290 θεῖόν
2497 3257 2550 3290 τε
2586 3243 2676 3290 καὶ
2715 3236 3031 3309 ἀνθρώπινον
3055 3254 3067 3267 ’
3101 3241 3190 3289 καὶ
3223 3239 3405 3308 σοφίαν
3428 3238 3518 3287 καὶ
3546 3241 3759 3304 γνῶσιν,
3790 3234 3962 3284 θείαν

2332 3344 2388 3378 τε
2416 3332 2505 3379 καὶ
2545 3325 2885 3399 ἀνθρωπίνην.
2917 3326 3224 3399 Ὁμοούσιος
3246 3326 3347 3396 γὰρ
3372 3325 3438 3375 ὢν
3467 3330 3540 3393 τῷ
3566 3326 3672 3392 Θεῷ
3702 3325 3793 3372 καὶ
3834 3326 3962 3373 Ποι-

2333 3420 2440 3490 τρὶ,
2470 3415 2811 3478 αὐτεξουσίως
2863 3414 2992 3468 θέλει
3019 3420 3109 3466 καὶ
3139 3415 3330 3487 ἐνεργεί
3353 3414 3419 3472 ὡς
3441 3416 3568 3473 Θεός
3610 3427 3622 3440 ’
3655 3411 3960 3481 όμοούσιος

2336 3500 2396 3556 δὲ
2433 3510 2523 3556 καὶ
2553 3506 2696 3576 ἡμῖν,
2748 3504 3096 3566 αὐτεξουσίως
3125 3502 3256 3555 θέλει
3286 3505 3376 3553 καὶ
3416 3499 3609 3573 ἐνεργεῖ
3630 3502 3699 3559 ὡς
3729 3499 3955 3571 ἄνθρω-

2332 3612 2429 3654 πος
2484 3594 2509 3645 ό
2572 3593 2744 3655 αὐτός.
2779 3593 2949 3645 Αὐτόν
2998 3593 3100 3666 γὰρ
3145 3593 3211 3643 τὰ
3237 3591 3497 3662 θαύματα,
3537 3588 3695 3640 αὐτόν
3733 3590 3828 3638 καὶ
3880 3586 3959 3639 τὰ

2334 3683 2477 3739 παθή
2483 3701 2639 3754 ματα.

2337 3946 2425 4000 Ἐκ
2471 3954 2579 4021 τῆς
2630 3944 2876 4021 θευτίρας
2933 3945 3207 4006 ἐπιστολῆς
3248 3998 3253 4003 ,
3304 3951 3396 4021 τού
3472 3940 3649 4021 έιγίον,
3714 3943 3954 4021 Λέοντος

2404 4019 2596 4092 πάππα
2641 4010 2842 4090 Ῥώμης
2893 4022 3018 4092 πρὸς
3080 4022 3284 4092 Λέοντα
3328 4018 3415 4067 τόν
3464 4010 3732 4092 βασιλέαη
3770 4010 3837 4070 ἧς

2406 4087 2688 4161 ἐπιγραφὴ,
2718 4082 2748 4139 (ἱ
2774 4096 2857 4160 Τῷ
2883 4082 3331 4162 ὑπερενδοξοτάτῷ
3357 4090 3446 4137 καὶ
3464 4082 3809 4162 ’γαληνοτάτῳ
3840 4089 3953 4152 υιῷ

2406 4156 2694 4232 Αὐγούστῳ
2727 4156 2929 4228 Λέοντι,
2962 4156 3103 4212 Λέων
3143 4158 3421 4216 ἐπίσκοπος
3450 4156 3583 4223 (24).
3622 4175 3643 4203 ι

2409 4248 2511 4306 κδ’.
2564 4258 2646 4321 Τῷ
2686 4248 2868 4307 ἀληθεῖ
2919 4257 3012 4300 τοῦ
3058 4256 3190 4302 Θεού
3240 4251 3329 4299 καὶ
3379 4243 3651 4316 ἀνθρώπου
3702 4242 3806 4310 Υὶῷ
3846 4248 3952 4293 τοῦ

2338 4359 2393 4393 τε
2438 4344 2609 4411 Λόγου
2689 4344 2778 4391 καὶ
2842 4347 2935 4398 τῆς
2991 4341 3185 4411 σαρκός
3232 4337 3281 4389 ἓν
3346 4336 3581 4407 ὑπάρχει
3633 4335 3947 4402 πρόσωπον,

2341 4431 2460 4503 ὅπερ
2520 4430 2829 4502 ἁχωρίστως
2893 4433 2985 4481 καὶ
3060 4425 3371 4501 ἁδιαιρέτως
3435 4425 3608 4482 κοινὰς
3669 4420 3781 4491 ἐγει
3845 4423 3951 4481 τὰς

2340 4519 2568 4593 πράξεις.
2628 4524 2712 4570 Δεῖ
2783 4524 2912 4569 νοεῖν
3000 4517 3135 4588 ὅμως
3193 4515 3363 4566 αὐτῶν
3419 4520 3519 4565 τῶν
3616 4511 3774 4582 ἔργων
3843 4510 3953 4566 τὰς

2340 4612 2619 4668 ποιότητας
2675 4624 2687 4637 ³
2754 4612 2843 4660 καὶ
2894 4613 2956 4677 τῇ
3008 4609 3320 4661 κατανοήσει
3367 4609 3465 4663 τῆς
3507 4599 3808 4671 εἰλικρινους
3846 4617 3946 4649 πι-

2346 4714 2500 4757 στεως
2571 4692 2654 4748 δεῖ
2723 4697 2971 4769 καθορᾲν,
3019 4692 3103 4745 ἐπὶ
3160 4699 3287 4744 ποῖα
3340 4693 3429 4762 μὲν
3480 4690 3510 4747 ἡ
3589 4695 3680 4747 τῆς
3743 4689 3948 4759 σαρκός

2340 4787 2628 4861 προάγεται
2656 4789 2981 4850 ταπεινότης,
3015 4781 3097 4835 ἐπὶ
3134 4788 3260 4834 ποῖα
3286 4778 3345 4833 δὲ
3382 4782 3441 4831 τὸ
3482 4777 3611 4848 ὕψος
3638 4783 3697 4835 τῆ
3709 4796 3729 4836 ς
3761 4776 3946 4833 θεότη-

2342 4894 2430 4936 τος
2484 4875 2826 4927 ἑπικλίνεται·
2892 4878 2981 4925 καὶ
3022 4876 3073 4924 τί
3134 4873 3222 4943 us»
3276 4868 3438 4933 ἐστὶν,
3497 4868 3619 4939 ὅπερ
3688 4862 3823 4938 σὰρξ
3879 4862 3943 4915 ού

2342 4966 2559 5038 πράττει
2612 4960 2751 5035 δίχα
2794 4981 2886 5015 τον
2933 4966 3106 5032 Λόγου
3138 4981 3151 4992 ·
3194 4963 3246 5011 τί
3287 4954 3345 5010 δὲ
3399 4959 3474 5014 εἴη
3523 4956 3645 5028 ὅπερ
3691 4954 3716 5004 ό
3767 4956 3944 5024 Λόγος

2342 5056 2509 5128 χωρὶς
2547 5061 2639 5113 τῆς
2686 5053 2880 5125 σαρκός
2930 5049 3023 5103 οὐκ
3072 5047 3365 5120 ἐργάζεται.
3415 5049 3555 5115 Δίχα
3595 5045 3683 5114 μὲν
3712 5042 3815 5115 γὰρ
3845 5049 3945 5102 τῆς

2340 5127 2438 5196 τοῦθ
2489 5146 2663 5213 Λόγου
2723 5137 2988 5211 δυνάμεως
3023 5133 3136 5189 οὐδ’
3185 5134 3246 5187 ἂν
3276 5138 3306 5193 ἡ
3341 5135 3602 5208 Παρθένος
3646 5127 3940 5199 συνεὶαϐεν,

2344 5229 2467 5287 οὐδὲ
2493 5233 2691 5283 ἔτεκεν·
2742 5225 2881 5300 δίχα
2927 5223 2986 5280 δὲ
3010 5233 3105 5287 τῆς
3144 5223 3382 5283 ἀληθείας
3442 5230 3539 5282 τῆς
3594 5220 3789 5292 σαρκός
3848 5218 3945 5271 ούκ

2416 5566 2701 5641 (24)Ε‹1ἱῐ.
2731 5564 3004 5622 Ballerin.
3033 5566 3075 5618 t.
3102 5561 3147 5629 Ι,
3169 5576 3232 5633 p.
3256 5561 3413 5616 1366.
