  <div class='ocr_page' id='page_1' title='image "/cluster/home/n/w/nwhite01/storage/ocr_20150623/140/pst.000005714568/140.png"; bbox 0 0 4046 6310; ppageno 0'>
   <div class='ocr_carea' id='block_1_1' title="bbox 28 315 138 382">
    <p class='ocr_par' dir='ltr' id='par_1_1' title="bbox 28 315 138 382">
     <span class='ocr_line' id='line_1_1' title="bbox 28 315 138 382; baseline 0 0"><span class='ocrx_word' id='word_1_1' title='bbox 28 315 30 326; x_wconf 85' lang='grc'><em>’</em></span> <span class='ocrx_word' id='word_1_2' title='bbox 63 326 138 382; x_wconf 70' lang='lat' dir='ltr'>zu</span> 
     </span>
    </p>
   </div>
   <div class='ocr_carea' id='block_1_2' title="bbox 1396 329 2069 388">
    <p class='ocr_par' dir='ltr' id='par_1_2' title="bbox 1396 329 2069 388">
     <span class='ocr_line' id='line_1_2' title="bbox 1396 329 2069 388; baseline -0.003 0"><span class='ocrx_word' id='word_1_3' title='bbox 1396 330 1742 388; x_wconf 70' lang='lat' dir='ltr'>THESAUR!</span> <span class='ocrx_word' id='word_1_4' title='bbox 1770 329 1903 386; x_wconf 86' lang='lat' dir='ltr'>LIB.</span> <span class='ocrx_word' id='word_1_5' title='bbox 1937 330 2069 386; x_wconf 78' lang='lat' dir='ltr'>XXV</span> 
     </span>
    </p>
   </div>
   <div class='ocr_carea' id='block_1_3' title="bbox 3301 335 3412 390">
    <p class='ocr_par' dir='ltr' id='par_1_3' title="bbox 3301 335 3412 390">
     <span class='ocr_line' id='line_1_3' title="bbox 3301 335 3412 390; baseline 0.009 -1"><span class='ocrx_word' id='word_1_6' title='bbox 3301 335 3412 390; x_wconf 71' lang='lat'>222</span> 
     </span>
    </p>
   </div>
   <div class='ocr_carea' id='block_1_4' title="bbox 61 450 1656 530">
    <p class='ocr_par' dir='ltr' id='par_1_4' title="bbox 61 450 1656 530">
     <span class='ocr_line' id='line_1_4' title="bbox 61 450 1656 530; baseline 0.005 -31"><span class='ocrx_word' id='word_1_7' title='bbox 61 451 106 498; x_wconf 72' lang='grc' dir='ltr'>ἰν</span> <span class='ocrx_word' id='word_1_8' title='bbox 149 450 524 524; x_wconf 71' lang='grc' dir='ltr'>κεκαλυμμένη</span> <span class='ocrx_word' id='word_1_9' title='bbox 586 461 698 516; x_wconf 86' lang='grc' dir='ltr'>τοῖς</span> <span class='ocrx_word' id='word_1_10' title='bbox 747 455 960 530; x_wconf 77' lang='grc' dir='ltr'>ῥάκεσιν</span> <span class='ocrx_word' id='word_1_11' title='bbox 1013 457 1176 509; x_wconf 82' lang='grc' dir='ltr'>ἔκειτο</span> <span class='ocrx_word' id='word_1_12' title='bbox 1231 459 1497 516; x_wconf 70' lang='grc' dir='ltr'>νηπιότης.</span> <span class='ocrx_word' id='word_1_13' title='bbox 1556 460 1656 508; x_wconf 71' lang='grc' dir='ltr'>Καὶ</span> 
     </span>
    </p>
   </div>
   <div class='ocr_carea' id='block_1_5' title="bbox 1766 450 3412 530">
    <p class='ocr_par' dir='ltr' id='par_1_5' title="bbox 1766 452 3412 530">
     <span class='ocr_line' id='line_1_5' title="bbox 1766 452 3412 530; baseline 0.002 -21"><span class='ocrx_word' id='word_1_14' title='bbox 1766 455 1890 511; x_wconf 82' lang='lat' dir='ltr'>sine</span> <span class='ocrx_word' id='word_1_15' title='bbox 1918 456 2167 513; x_wconf 79' lang='lat' dir='ltr'>veritate</span> <span class='ocrx_word' id='word_1_16' title='bbox 2195 454 2394 512; x_wconf 89' lang='lat' dir='ltr'>carnis</span> <span class='ocrx_word' id='word_1_17' title='bbox 2432 471 2556 512; x_wconf 91' lang='lat' dir='ltr'>non</span> <span class='ocrx_word' id='word_1_18' title='bbox 2582 452 2936 528; x_wconf 83' lang='lat' dir='ltr'>juberentur</span> <span class='ocrx_word' id='word_1_19' title='bbox 2980 456 3043 512; x_wconf 92' lang='lat' dir='ltr'>in</span> <span class='ocrx_word' id='word_1_20' title='bbox 3088 453 3412 530; x_wconf 63' lang='lat' dir='ltr'>Egyptum</span> 
     </span>
    </p>
   </div>
   <div class='ocr_carea' id='block_1_6' title="bbox 67 537 1656 618">
    <p class='ocr_par' dir='ltr' id='par_1_6' title="bbox 67 537 1656 618">
     <span class='ocr_line' id='line_1_6' title="bbox 67 537 1656 618; baseline 0.004 -29"><span class='ocrx_word' id='word_1_21' title='bbox 67 537 176 610; x_wconf 67' lang='grc' dir='ltr'>ἶίχα</span> <span class='ocrx_word' id='word_1_22' title='bbox 219 545 315 610; x_wconf 72' lang='grc' dir='ltr'>μὲν</span> <span class='ocrx_word' id='word_1_23' title='bbox 363 551 463 604; x_wconf 80' lang='grc' dir='ltr'>τῆς</span> <span class='ocrx_word' id='word_1_24' title='bbox 503 552 603 596; x_wconf 83' lang='grc' dir='ltr'>τοῦ</span> <span class='ocrx_word' id='word_1_25' title='bbox 652 551 826 616; x_wconf 86' lang='grc' dir='ltr'>Λόγου</span> <span class='ocrx_word' id='word_1_26' title='bbox 877 543 1145 618; x_wconf 73' lang='grc' dir='ltr'>δυνάμεως</span> <span class='ocrx_word' id='word_1_27' title='bbox 1184 546 1278 598; x_wconf 78' lang='grc' dir='ltr'>ούκ</span> <span class='ocrx_word' id='word_1_28' title='bbox 1308 544 1368 598; x_wconf 80' lang='grc' dir='ltr'>ἂν</span> <span class='ocrx_word' id='word_1_29' title='bbox 1399 547 1656 618; x_wconf 79' lang='grc' dir='ltr'>προσεκύ-</span> 
     </span>
    </p>
   </div>
   <div class='ocr_carea' id='block_1_7' title="bbox 62 631 1656 709">
    <p class='ocr_par' dir='ltr' id='par_1_7' title="bbox 62 631 1656 709">
     <span class='ocr_line' id='line_1_7' title="bbox 62 631 1656 709; baseline 0.004 -30"><span class='ocrx_word' id='word_1_30' title='bbox 62 650 196 686; x_wconf 64' lang='lat' dir='ltr'>atauo</span> <span class='ocrx_word' id='word_1_31' title='bbox 260 631 317 683; x_wconf 82' lang='grc' dir='ltr'>οὶ</span> <span class='ocrx_word' id='word_1_32' title='bbox 365 635 551 705; x_wconf 77' lang='grc' dir='ltr'>Μάγοι</span> <span class='ocrx_word' id='word_1_33' title='bbox 601 640 659 687; x_wconf 82' lang='grc' dir='ltr'>τό</span> <span class='ocrx_word' id='word_1_34' title='bbox 715 632 947 701; x_wconf 75' lang='grc' dir='ltr'>παιδίον,</span> <span class='ocrx_word' id='word_1_35' title='bbox 1015 640 1075 688; x_wconf 88' lang='grc' dir='ltr'>τὸ</span> <span class='ocrx_word' id='word_1_36' title='bbox 1137 639 1237 688; x_wconf 80' lang='grc' dir='ltr'>ὑπὸ</span> <span class='ocrx_word' id='word_1_37' title='bbox 1307 643 1399 688; x_wconf 85' lang='grc' dir='ltr'>τοῦ</span> <span class='ocrx_word' id='word_1_38' title='bbox 1437 638 1656 709; x_wconf 85' lang='grc' dir='ltr'>μηνύον-</span> 
     </span>
    </p>
   </div>
   <div class='ocr_carea' id='block_1_8' title="bbox 63 717 1659 796">
    <p class='ocr_par' dir='ltr' id='par_1_8' title="bbox 63 717 1659 796">
     <span class='ocr_line' id='line_1_8' title="bbox 63 717 1659 796; baseline 0.008 -27"><span class='ocrx_word' id='word_1_39' title='bbox 63 739 125 778; x_wconf 79' lang='grc' dir='ltr'>τος</span> <span class='ocrx_word' id='word_1_40' title='bbox 152 717 388 793; x_wconf 76' lang='grc' dir='ltr'>ἀστέρος</span> <span class='ocrx_word' id='word_1_41' title='bbox 441 718 763 795; x_wconf 76' lang='grc' dir='ltr'>δηλούμενον</span> <span class='ocrx_word' id='word_1_42' title='bbox 797 742 809 754; x_wconf 82' lang='grc'><em>’</em></span> <span class='ocrx_word' id='word_1_43' title='bbox 866 721 1006 796; x_wconf 70' lang='grc' dir='ltr'>δίχα</span> <span class='ocrx_word' id='word_1_44' title='bbox 1045 721 1103 778; x_wconf 71' lang='grc' dir='ltr'>δε</span> <span class='ocrx_word' id='word_1_45' title='bbox 1154 734 1244 785; x_wconf 86' lang='grc' dir='ltr'>τῆς</span> <span class='ocrx_word' id='word_1_46' title='bbox 1291 724 1532 786; x_wconf 81' lang='grc' dir='ltr'>ἀληθείας</span> <span class='ocrx_word' id='word_1_47' title='bbox 1562 730 1659 784; x_wconf 79' lang='grc' dir='ltr'>τῆς</span> 
     </span>
    </p>
   </div>
   <div class='ocr_carea' id='block_1_9' title="bbox 65 811 1656 886">
    <p class='ocr_par' dir='ltr' id='par_1_9' title="bbox 65 811 1656 886">
     <span class='ocr_line' id='line_1_9' title="bbox 65 811 1656 886; baseline 0.004 -27"><span class='ocrx_word' id='word_1_48' title='bbox 65 813 232 880; x_wconf 72' lang='grc' dir='ltr'>ηρκός</span> <span class='ocrx_word' id='word_1_49' title='bbox 290 811 408 862; x_wconf 69' lang='grc' dir='ltr'>οὐχ</span> <span class='ocrx_word' id='word_1_50' title='bbox 461 811 526 864; x_wconf 78' lang='grc' dir='ltr'>ἀν</span> <span class='ocrx_word' id='word_1_51' title='bbox 592 811 841 868; x_wconf 73' lang='grc' dir='ltr'>ἐκελεύετο</span> <span class='ocrx_word' id='word_1_52' title='bbox 889 818 946 866; x_wconf 87' lang='grc' dir='ltr'>τό</span> <span class='ocrx_word' id='word_1_53' title='bbox 1000 811 1212 868; x_wconf 80' lang='grc' dir='ltr'>παιδίον</span> <span class='ocrx_word' id='word_1_54' title='bbox 1265 814 1336 875; x_wconf 87' lang='grc' dir='ltr'>εἰς</span> <span class='ocrx_word' id='word_1_55' title='bbox 1389 815 1656 886; x_wconf 78' lang='grc' dir='ltr'>Αἴγυπτον</span> 
     </span>
    </p>
   </div>
   <div class='ocr_carea' id='block_1_10' title="bbox 63 900 1657 978">
    <p class='ocr_par' dir='ltr' id='par_1_10' title="bbox 63 900 1657 978">
     <span class='ocr_line' id='line_1_10' title="bbox 63 900 1657 978; baseline 0.004 -30"><span class='ocrx_word' id='word_1_56' title='bbox 63 901 461 972; x_wconf 59' lang='grc' dir='ltr'>μεταφέρεσθαι,</span> <span class='ocrx_word' id='word_1_57' title='bbox 523 906 613 953; x_wconf 79' lang='grc' dir='ltr'>καὶ</span> <span class='ocrx_word' id='word_1_58' title='bbox 686 911 778 954; x_wconf 83' lang='grc' dir='ltr'>τοῦ</span> <span class='ocrx_word' id='word_1_59' title='bbox 853 906 988 956; x_wconf 74' lang='grc' dir='ltr'>κατά</span> <span class='ocrx_word' id='word_1_60' title='bbox 1045 908 1134 956; x_wconf 85' lang='grc' dir='ltr'>τόν</span> <span class='ocrx_word' id='word_1_61' title='bbox 1188 900 1429 978; x_wconf 80' lang='grc' dir='ltr'>Ἡρώδην</span> <span class='ocrx_word' id='word_1_62' title='bbox 1503 903 1657 965; x_wconf 77' lang='grc' dir='ltr'>ὑπεξ-</span> 
     </span>
    </p>
   </div>
   <div class='ocr_carea' id='block_1_11' title="bbox 63 984 1654 1064">
    <p class='ocr_par' dir='ltr' id='par_1_11' title="bbox 63 984 1654 1064">
     <span class='ocr_line' id='line_1_11' title="bbox 63 984 1654 1064; baseline 0.005 -28"><span class='ocrx_word' id='word_1_63' title='bbox 63 988 258 1054; x_wconf 65' lang='grc' dir='ltr'>εγεσθαι</span> <span class='ocrx_word' id='word_1_64' title='bbox 309 984 595 1061; x_wconf 77' lang='grc' dir='ltr'>διωγμοῦ.</span> <span class='ocrx_word' id='word_1_65' title='bbox 649 996 749 1044; x_wconf 72' lang='grc' dir='ltr'>Καὶ</span> <span class='ocrx_word' id='word_1_66' title='bbox 789 989 923 1063; x_wconf 76' lang='grc' dir='ltr'>δίχα</span> <span class='ocrx_word' id='word_1_67' title='bbox 959 995 1048 1064; x_wconf 66' lang='grc' dir='ltr'>μὲν</span> <span class='ocrx_word' id='word_1_68' title='bbox 1098 1001 1190 1053; x_wconf 78' lang='grc' dir='ltr'>τῆς</span> <span class='ocrx_word' id='word_1_69' title='bbox 1218 1001 1310 1045; x_wconf 80' lang='grc' dir='ltr'>τοῦ</span> <span class='ocrx_word' id='word_1_70' title='bbox 1347 997 1520 1062; x_wconf 84' lang='grc' dir='ltr'>Λόγου</span> <span class='ocrx_word' id='word_1_71' title='bbox 1562 988 1654 1044; x_wconf 84' lang='grc' dir='ltr'>δυ-</span> 
     </span>
    </p>
   </div>
   <div class='ocr_carea' id='block_1_12' title="bbox 61 1077 1658 1156">
    <p class='ocr_par' dir='ltr' id='par_1_12' title="bbox 61 1077 1658 1156">
     <span class='ocr_line' id='line_1_12' title="bbox 61 1077 1658 1156; baseline 0.006 -31"><span class='ocrx_word' id='word_1_72' title='bbox 61 1079 233 1146; x_wconf 62' lang='grc' dir='ltr'>νάμεως</span> <span class='ocrx_word' id='word_1_73' title='bbox 314 1077 428 1129; x_wconf 73' lang='grc' dir='ltr'>οὐκ</span> <span class='ocrx_word' id='word_1_74' title='bbox 507 1078 568 1129; x_wconf 84' lang='grc' dir='ltr'>ἃν</span> <span class='ocrx_word' id='word_1_75' title='bbox 641 1081 806 1151; x_wconf 86' lang='grc' dir='ltr'>ἔλεγεν</span> <span class='ocrx_word' id='word_1_76' title='bbox 860 1084 888 1139; x_wconf 75' lang='grc' dir='ltr'><em>ἡ</em></span> <span class='ocrx_word' id='word_1_77' title='bbox 950 1087 1086 1154; x_wconf 74' lang='grc' dir='ltr'>φωνή</span> <span class='ocrx_word' id='word_1_78' title='bbox 1163 1091 1256 1134; x_wconf 78' lang='grc' dir='ltr'>τοῦ</span> <span class='ocrx_word' id='word_1_79' title='bbox 1323 1086 1546 1156; x_wconf 78' lang='grc' dir='ltr'>Πατρός,</span> <span class='ocrx_word' id='word_1_80' title='bbox 1605 1081 1658 1143; x_wconf 75' lang='grc' dir='ltr'>ἓξ</span> 
     </span>
    </p>
   </div>
   <div class='ocr_carea' id='block_1_13' title="bbox 62 1165 1657 1242">
    <p class='ocr_par' dir='ltr' id='par_1_13' title="bbox 62 1165 1657 1242">
     <span class='ocr_line' id='line_1_13' title="bbox 62 1165 1657 1242; baseline 0.005 -28"><span class='ocrx_word' id='word_1_81' title='bbox 62 1166 264 1236; x_wconf 63' lang='grc' dir='ltr'>οὐρανῶν</span> <span class='ocrx_word' id='word_1_82' title='bbox 353 1165 638 1238; x_wconf 73' lang='grc' dir='ltr'>ἀφεθεῖσα,</span> <span class='ocrx_word' id='word_1_83' title='bbox 715 1170 883 1233; x_wconf 75' lang='grc' dir='ltr'>Οὗτός</span> <span class='ocrx_word' id='word_1_84' title='bbox 956 1171 1096 1224; x_wconf 80' lang='grc' dir='ltr'>ἐστιν</span> <span class='ocrx_word' id='word_1_85' title='bbox 1173 1173 1198 1223; x_wconf 96' lang='lat'>6</span> <span class='ocrx_word' id='word_1_86' title='bbox 1274 1173 1388 1232; x_wconf 79' lang='grc' dir='ltr'>Υἱός</span> <span class='ocrx_word' id='word_1_87' title='bbox 1465 1191 1564 1242; x_wconf 88' lang='grc' dir='ltr'>μου</span> <span class='ocrx_word' id='word_1_88' title='bbox 1631 1173 1657 1222; x_wconf 90' lang='grc' dir='ltr'>ό</span> 
     </span>
    </p>
   </div>
   <div class='ocr_carea' id='block_1_14' title="bbox 63 1252 1658 1332">
    <p class='ocr_par' dir='ltr' id='par_1_14' title="bbox 63 1252 1658 1332">
     <span class='ocr_line' id='line_1_14' title="bbox 63 1252 1658 1332; baseline 0.006 -29"><span class='ocrx_word' id='word_1_89' title='bbox 63 1252 332 1322; x_wconf 54' lang='grc' dir='ltr'>ἀγαπητός,</span> <span class='ocrx_word' id='word_1_90' title='bbox 407 1255 459 1307; x_wconf 73' lang='grc' dir='ltr'>ἐν</span> <span class='ocrx_word' id='word_1_91' title='bbox 612 1255 894 1316; x_wconf 76' lang='grc' dir='ltr'>ηύόόκησα</span> <span class='ocrx_word' id='word_1_92' title='bbox 927 1278 938 1288; x_wconf 94' lang='grc'><strong>·</strong></span> <span class='ocrx_word' id='word_1_93' title='bbox 993 1257 1132 1332; x_wconf 81' lang='grc' dir='ltr'>δίχα</span> <span class='ocrx_word' id='word_1_94' title='bbox 1189 1257 1247 1313; x_wconf 70' lang='grc' dir='ltr'>δὲ</span> <span class='ocrx_word' id='word_1_95' title='bbox 1283 1270 1371 1321; x_wconf 77' lang='grc' dir='ltr'>τῆς</span> <span class='ocrx_word' id='word_1_96' title='bbox 1414 1260 1658 1320; x_wconf 75' lang='grc' dir='ltr'>ἀληθείας</span> 
     </span>
    </p>
   </div>
   <div class='ocr_carea' id='block_1_15' title="bbox 63 1345 1654 1424">
    <p class='ocr_par' dir='ltr' id='par_1_15' title="bbox 63 1345 1654 1424">
     <span class='ocr_line' id='line_1_15' title="bbox 63 1345 1654 1424; baseline 0.006 -33"><span class='ocrx_word' id='word_1_97' title='bbox 63 1350 128 1392; x_wconf 70' lang='grc' dir='ltr'>τοῦ</span> <span class='ocrx_word' id='word_1_98' title='bbox 188 1351 456 1416; x_wconf 79' lang='grc' dir='ltr'>σώματος</span> <span class='ocrx_word' id='word_1_99' title='bbox 515 1346 610 1398; x_wconf 77' lang='grc' dir='ltr'>οὐκ</span> <span class='ocrx_word' id='word_1_100' title='bbox 655 1345 716 1398; x_wconf 83' lang='grc' dir='ltr'>ἆν</span> <span class='ocrx_word' id='word_1_101' title='bbox 777 1353 1238 1424; x_wconf 85' lang='grc' dir='ltr'>προσεμαρτύρατο</span> <span class='ocrx_word' id='word_1_102' title='bbox 1313 1351 1338 1400; x_wconf 91' lang='lat'>6</span> <span class='ocrx_word' id='word_1_103' title='bbox 1377 1349 1654 1411; x_wconf 74' lang='grc' dir='ltr'>Ἰωάννης⁶</span> 
     </span>
    </p>
   </div>
   <div class='ocr_carea' id='block_1_16' title="bbox 407 1255 938 1326">
    <p class='ocr_par' dir='ltr' id='par_1_16' title="bbox 407 1255 938 1326">
     <span class='ocr_line' id='line_1_16' title="bbox 407 1255 938 1326; baseline 0.008 -19"><span class='ocrx_word' id='word_1_104' title='bbox 407 1255 459 1307; x_wconf 73' lang='grc' dir='ltr'>ἐν</span> <span class='ocrx_word' id='word_1_105' title='bbox 612 1255 894 1316; x_wconf 76' lang='grc' dir='ltr'>ηύόόκησα</span> <span class='ocrx_word' id='word_1_106' title='bbox 927 1278 938 1288; x_wconf 94' lang='grc'><strong>·</strong></span> 
     </span>
    </p>
   </div>
   <div class='ocr_carea' id='block_1_17' title="bbox 61 1427 1658 1510">
    <p class='ocr_par' dir='ltr' id='par_1_17' title="bbox 61 1427 1658 1510">
     <span class='ocr_line' id='line_1_17' title="bbox 61 1427 1658 1510; baseline 0.005 -28"><span class='ocrx_word' id='word_1_107' title='bbox 61 1427 144 1482; x_wconf 70' lang='grc' dir='ltr'>Ἰδε</span> <span class='ocrx_word' id='word_1_108' title='bbox 214 1434 243 1483; x_wconf 88' lang='lat'>6</span> <span class='ocrx_word' id='word_1_109' title='bbox 301 1431 489 1505; x_wconf 74' lang='grc' dir='ltr'>ἀμνὸς</span> <span class='ocrx_word' id='word_1_110' title='bbox 563 1444 655 1487; x_wconf 82' lang='grc' dir='ltr'>τοῦ</span> <span class='ocrx_word' id='word_1_111' title='bbox 730 1443 890 1502; x_wconf 76' lang='grc' dir='ltr'>Θεοῦ,</span> <span class='ocrx_word' id='word_1_112' title='bbox 947 1439 973 1489; x_wconf 89' lang='lat'>6</span> <span class='ocrx_word' id='word_1_113' title='bbox 1032 1441 1188 1510; x_wconf 84' lang='grc' dir='ltr'>αἴρων</span> <span class='ocrx_word' id='word_1_114' title='bbox 1241 1443 1335 1496; x_wconf 73' lang='grc' dir='ltr'>τήν</span> <span class='ocrx_word' id='word_1_115' title='bbox 1401 1439 1658 1510; x_wconf 77' lang='grc' dir='ltr'>ἁμαρτίαν</span> 
     </span>
    </p>
   </div>
   <div class='ocr_carea' id='block_1_18' title="bbox 63 1521 1657 1598">
    <p class='ocr_par' dir='ltr' id='par_1_18' title="bbox 63 1521 1657 1598">
     <span class='ocr_line' id='line_1_18' title="bbox 63 1521 1657 1598; baseline 0.006 -30"><span class='ocrx_word' id='word_1_116' title='bbox 63 1530 131 1571; x_wconf 72' lang='grc' dir='ltr'>τον</span> <span class='ocrx_word' id='word_1_117' title='bbox 176 1525 427 1592; x_wconf 79' lang='grc' dir='ltr'>κόσμου.</span> <span class='ocrx_word' id='word_1_118' title='bbox 489 1529 592 1576; x_wconf 73' lang='grc' dir='ltr'>Καὶ</span> <span class='ocrx_word' id='word_1_119' title='bbox 645 1521 783 1596; x_wconf 80' lang='grc' dir='ltr'>δίχα</span> <span class='ocrx_word' id='word_1_120' title='bbox 834 1529 924 1598; x_wconf 68' lang='grc' dir='ltr'>μὲν</span> <span class='ocrx_word' id='word_1_121' title='bbox 974 1535 1065 1588; x_wconf 80' lang='grc' dir='ltr'>τῆς</span> <span class='ocrx_word' id='word_1_122' title='bbox 1119 1535 1208 1579; x_wconf 74' lang='grc' dir='ltr'>τοῦ</span> <span class='ocrx_word' id='word_1_123' title='bbox 1275 1534 1448 1598; x_wconf 87' lang='grc' dir='ltr'>Λόγου</span> <span class='ocrx_word' id='word_1_124' title='bbox 1503 1523 1657 1578; x_wconf 80' lang='grc' dir='ltr'>δυνά-</span> 
     </span>
    </p>
   </div>
   <div class='ocr_carea' id='block_1_19' title="bbox 65 1612 1658 1690">
    <p class='ocr_par' dir='ltr' id='par_1_19' title="bbox 65 1612 1658 1690">
     <span class='ocr_line' id='line_1_19' title="bbox 65 1612 1658 1690; baseline 0.005 -30"><span class='ocrx_word' id='word_1_125' title='bbox 65 1630 163 1678; x_wconf 54' lang='lat' dir='ltr'>aia;</span> <span class='ocrx_word' id='word_1_126' title='bbox 221 1613 325 1664; x_wconf 67' lang='grc' dir='ltr'>οὐκ</span> <span class='ocrx_word' id='word_1_127' title='bbox 395 1612 458 1663; x_wconf 86' lang='grc' dir='ltr'>ἆν</span> <span class='ocrx_word' id='word_1_128' title='bbox 511 1612 700 1684; x_wconf 81' lang='grc' dir='ltr'>ἐγένετο</span> <span class='ocrx_word' id='word_1_129' title='bbox 756 1623 856 1667; x_wconf 82' lang='grc' dir='ltr'>τῶν</span> <span class='ocrx_word' id='word_1_130' title='bbox 905 1636 957 1668; x_wconf 84' lang='grc' dir='ltr'>τε</span> <span class='ocrx_word' id='word_1_131' title='bbox 1001 1616 1347 1669; x_wconf 77' lang='grc' dir='ltr'>ἀσθενούντων</span> <span class='ocrx_word' id='word_1_132' title='bbox 1403 1619 1432 1676; x_wconf 77' lang='grc' dir='ltr'><strong>ἡ</strong></span> <span class='ocrx_word' id='word_1_133' title='bbox 1498 1619 1658 1690; x_wconf 84' lang='grc' dir='ltr'>ῥώσις</span> 
     </span>
    </p>
   </div>
   <div class='ocr_carea' id='block_1_20' title="bbox 65 1702 1659 1777">
    <p class='ocr_par' dir='ltr' id='par_1_20' title="bbox 65 1702 1659 1777">
     <span class='ocr_line' id='line_1_20' title="bbox 65 1702 1659 1777; baseline 0.003 -27"><span class='ocrx_word' id='word_1_134' title='bbox 65 1707 129 1750; x_wconf 75' lang='lat' dir='ltr'>xzi</span> <span class='ocrx_word' id='word_1_135' title='bbox 169 1710 268 1752; x_wconf 82' lang='grc' dir='ltr'>τῶν</span> <span class='ocrx_word' id='word_1_136' title='bbox 303 1702 613 1754; x_wconf 78' lang='grc' dir='ltr'>τεθνεώτων</span> <span class='ocrx_word' id='word_1_137' title='bbox 655 1705 685 1761; x_wconf 83' lang='grc' dir='ltr'><strong>ἠ</strong></span> <span class='ocrx_word' id='word_1_138' title='bbox 730 1704 1049 1766; x_wconf 78' lang='grc' dir='ltr'>ζωοποίησις</span> <span class='ocrx_word' id='word_1_139' title='bbox 1084 1725 1093 1734; x_wconf 90' lang='grc'>·</span> <span class='ocrx_word' id='word_1_140' title='bbox 1132 1702 1266 1777; x_wconf 84' lang='grc' dir='ltr'>δίχα</span> <span class='ocrx_word' id='word_1_141' title='bbox 1298 1703 1354 1759; x_wconf 75' lang='grc' dir='ltr'>δε</span> <span class='ocrx_word' id='word_1_142' title='bbox 1405 1716 1500 1769; x_wconf 76' lang='grc' dir='ltr'>τῆς</span> <span class='ocrx_word' id='word_1_143' title='bbox 1531 1706 1659 1764; x_wconf 77' lang='grc' dir='ltr'>ἀλη-</span> 
     </span>
    </p>
   </div>
   <div class='ocr_carea' id='block_1_21' title="bbox 1763 545 3410 618">
    <p class='ocr_par' dir='ltr' id='par_1_21' title="bbox 1763 545 3410 618">
     <span class='ocr_line' id='line_1_21' title="bbox 1763 545 3410 618; baseline 0.001 -18"><span class='ocrx_word' id='word_1_144' title='bbox 1763 546 2066 602; x_wconf 82' lang='lat' dir='ltr'>transferri</span> <span class='ocrx_word' id='word_1_145' title='bbox 2118 561 2287 618; x_wconf 84' lang='lat' dir='ltr'>puer,</span> <span class='ocrx_word' id='word_1_146' title='bbox 2320 552 2376 602; x_wconf 89' lang='lat' dir='ltr'>et</span> <span class='ocrx_word' id='word_1_147' title='bbox 2423 547 2500 602; x_wconf 90' lang='lat' dir='ltr'>ab</span> <span class='ocrx_word' id='word_1_148' title='bbox 2532 545 2776 602; x_wconf 83' lang='lat' dir='ltr'>Herodis</span> <span class='ocrx_word' id='word_1_149' title='bbox 2805 548 3218 618; x_wconf 80' lang='lat' dir='ltr'>persecutione</span> <span class='ocrx_word' id='word_1_150' title='bbox 3267 547 3410 603; x_wconf 89' lang='lat' dir='ltr'>sub-</span> 
     </span>
    </p>
   </div>
   <div class='ocr_carea' id='block_1_22' title="bbox 1764 635 3411 707">
    <p class='ocr_par' dir='ltr' id='par_1_22' title="bbox 1764 635 3411 707">
     <span class='ocr_line' id='line_1_22' title="bbox 1764 635 3411 707; baseline -0.001 -16"><span class='ocrx_word' id='word_1_151' title='bbox 1764 635 1925 691; x_wconf 88' lang='lat' dir='ltr'>duci.</span> <span class='ocrx_word' id='word_1_152' title='bbox 1957 636 2095 692; x_wconf 91' lang='lat' dir='ltr'>Sine</span> <span class='ocrx_word' id='word_1_153' title='bbox 2121 635 2292 691; x_wconf 82' lang='lat' dir='ltr'>Verbi</span> <span class='ocrx_word' id='word_1_154' title='bbox 2341 636 2604 707; x_wconf 90' lang='lat' dir='ltr'>potentia</span> <span class='ocrx_word' id='word_1_155' title='bbox 2635 651 2757 691; x_wconf 91' lang='lat' dir='ltr'>non</span> <span class='ocrx_word' id='word_1_156' title='bbox 2787 636 3009 692; x_wconf 86' lang='lat' dir='ltr'>diceret</span> <span class='ocrx_word' id='word_1_157' title='bbox 3058 652 3178 691; x_wconf 79' lang='lat' dir='ltr'>vox</span> <span class='ocrx_word' id='word_1_158' title='bbox 3219 635 3411 690; x_wconf 87' lang='lat' dir='ltr'>Patris</span> 
     </span>
    </p>
   </div>
   <div class='ocr_carea' id='block_1_23' title="bbox 1763 725 3409 795">
    <p class='ocr_par' dir='ltr' id='par_1_23' title="bbox 1763 725 3409 795">
     <span class='ocr_line' id='line_1_23' title="bbox 1763 725 3409 795; baseline 0.001 -16"><span class='ocrx_word' id='word_1_159' title='bbox 1763 726 1948 781; x_wconf 87' lang='lat' dir='ltr'>missa</span> <span class='ocrx_word' id='word_1_160' title='bbox 1971 726 2047 781; x_wconf 92' lang='lat' dir='ltr'>de</span> <span class='ocrx_word' id='word_1_161' title='bbox 2067 725 2250 781; x_wconf 64' lang='lat' dir='ltr'>coelo:</span> <span class='ocrx_word' id='word_1_162' title='bbox 2274 726 2391 782; x_wconf 88' lang='lat' dir='ltr'>Hic</span> <span class='ocrx_word' id='word_1_163' title='bbox 2414 732 2500 782; x_wconf 83' lang='lat' dir='ltr'>est</span> <span class='ocrx_word' id='word_1_164' title='bbox 2515 726 2706 782; x_wconf 82' lang='lat' dir='ltr'>Filius</span> <span class='ocrx_word' id='word_1_165' title='bbox 2734 740 2897 782; x_wconf 86' lang='lat' dir='ltr'>meus</span> <span class='ocrx_word' id='word_1_166' title='bbox 2925 725 3194 791; x_wconf 78' lang='lat' dir='ltr'>dilectus,</span> <span class='ocrx_word' id='word_1_167' title='bbox 3209 727 3272 780; x_wconf 88' lang='lat' dir='ltr'>in</span> <span class='ocrx_word' id='word_1_168' title='bbox 3293 739 3409 795; x_wconf 89' lang='lat' dir='ltr'>quo</span> 
     </span>
    </p>
   </div>
   <div class='ocr_carea' id='block_1_24' title="bbox 1762 813 3408 882">
    <p class='ocr_par' dir='ltr' id='par_1_24' title="bbox 1762 813 3408 882">
     <span class='ocr_line' id='line_1_24' title="bbox 1762 813 3408 882; baseline -0.001 -12"><span class='ocrx_word' id='word_1_169' title='bbox 1762 815 1913 870; x_wconf 84' lang='lat' dir='ltr'>mihi</span> <span class='ocrx_word' id='word_1_170' title='bbox 1934 815 2075 871; x_wconf 85' lang='lat' dir='ltr'>bene</span> <span class='ocrx_word' id='word_1_171' title='bbox 2105 816 2498 882; x_wconf 73' lang='lat' dir='ltr'>Complacui“</span> <span class='ocrx_word' id='word_1_172' title='bbox 2518 833 2531 882; x_wconf 89' lang='lat'><strong>;</strong></span> <span class='ocrx_word' id='word_1_173' title='bbox 2555 818 2612 869; x_wconf 90' lang='lat' dir='ltr'>et</span> <span class='ocrx_word' id='word_1_174' title='bbox 2633 814 2758 869; x_wconf 86' lang='lat' dir='ltr'>sine</span> <span class='ocrx_word' id='word_1_175' title='bbox 2786 814 3030 870; x_wconf 85' lang='lat' dir='ltr'>veritate</span> <span class='ocrx_word' id='word_1_176' title='bbox 3061 813 3258 870; x_wconf 90' lang='lat' dir='ltr'>carnis</span> <span class='ocrx_word' id='word_1_177' title='bbox 3285 827 3408 868; x_wconf 88' lang='lat' dir='ltr'>non</span> 
     </span>
    </p>
   </div>
   <div class='ocr_carea' id='block_1_25' title="bbox 1765 902 3412 975">
    <p class='ocr_par' dir='ltr' id='par_1_25' title="bbox 1765 902 3412 975">
     <span class='ocr_line' id='line_1_25' title="bbox 1765 902 3412 975; baseline -0.001 -18"><span class='ocrx_word' id='word_1_178' title='bbox 1765 908 2189 975; x_wconf 83' lang='lat' dir='ltr'>protestaretur</span> <span class='ocrx_word' id='word_1_179' title='bbox 2216 904 2478 959; x_wconf 84' lang='lat' dir='ltr'>Joannes</span> <span class='ocrx_word' id='word_1_180' title='bbox 2509 920 2521 957; x_wconf 89' lang='lat'><strong>:</strong></span> <span class='ocrx_word' id='word_1_181' title='bbox 2555 903 2708 959; x_wconf 84' lang='lat' dir='ltr'>Ecce</span> <span class='ocrx_word' id='word_1_182' title='bbox 2752 904 2942 973; x_wconf 82' lang='lat' dir='ltr'>Agnus</span> <span class='ocrx_word' id='word_1_183' title='bbox 2981 905 3108 968; x_wconf 86' lang='lat' dir='ltr'>Dei,</span> <span class='ocrx_word' id='word_1_184' title='bbox 3148 917 3279 958; x_wconf 88' lang='lat' dir='ltr'>ecce</span> <span class='ocrx_word' id='word_1_185' title='bbox 3305 902 3412 973; x_wconf 85' lang='lat' dir='ltr'>qui</span> 
     </span>
    </p>
   </div>
   <div class='ocr_carea' id='block_1_26' title="bbox 1767 992 3408 1064">
    <p class='ocr_par' dir='ltr' id='par_1_26' title="bbox 1767 992 3408 1064">
     <span class='ocr_line' id='line_1_26' title="bbox 1767 992 3408 1064; baseline -0.002 -16"><span class='ocrx_word' id='word_1_186' title='bbox 1767 994 1926 1048; x_wconf 80' lang='lat' dir='ltr'>tollit</span> <span class='ocrx_word' id='word_1_187' title='bbox 1955 999 2204 1062; x_wconf 83' lang='lat' dir='ltr'>peccata</span> <span class='ocrx_word' id='word_1_188' title='bbox 2252 993 2465 1048; x_wconf 86' lang='lat' dir='ltr'>mundi</span> <span class='ocrx_word' id='word_1_189' title='bbox 2482 995 2550 1047; x_wconf 76' lang='grc'>³⁵.</span> <span class='ocrx_word' id='word_1_190' title='bbox 2587 992 2721 1048; x_wconf 90' lang='lat' dir='ltr'>Sine</span> <span class='ocrx_word' id='word_1_191' title='bbox 2762 992 2938 1047; x_wconf 81' lang='lat' dir='ltr'>Verbi</span> <span class='ocrx_word' id='word_1_192' title='bbox 2976 993 3242 1064; x_wconf 90' lang='lat' dir='ltr'>potentia</span> <span class='ocrx_word' id='word_1_193' title='bbox 3286 1006 3408 1046; x_wconf 93' lang='lat' dir='ltr'>non</span> 
     </span>
    </p>
   </div>
   <div class='ocr_carea' id='block_1_27' title="bbox 1765 1081 3412 1150">
    <p class='ocr_par' dir='ltr' id='par_1_27' title="bbox 1765 1081 3412 1150">
     <span class='ocr_line' id='line_1_27' title="bbox 1765 1081 3412 1150; baseline -0.001 -14"><span class='ocrx_word' id='word_1_194' title='bbox 1765 1082 1928 1137; x_wconf 75' lang='lat' dir='ltr'>fieret</span> <span class='ocrx_word' id='word_1_195' title='bbox 1985 1081 2414 1150; x_wconf 84' lang='lat' dir='ltr'>redintegratio</span> <span class='ocrx_word' id='word_1_196' title='bbox 2463 1081 2778 1150; x_wconf 88' lang='lat' dir='ltr'>debilium,</span> <span class='ocrx_word' id='word_1_197' title='bbox 2821 1087 2878 1138; x_wconf 91' lang='lat' dir='ltr'>et</span> <span class='ocrx_word' id='word_1_198' title='bbox 2907 1082 3220 1136; x_wconf 88' lang='lat' dir='ltr'>viviﬁcatio</span> <span class='ocrx_word' id='word_1_199' title='bbox 3254 1094 3412 1135; x_wconf 86' lang='lat' dir='ltr'>mor-</span> 
     </span>
    </p>
   </div>
   <div class='ocr_carea' id='block_1_28' title="bbox 1766 1170 3407 1241">
    <p class='ocr_par' dir='ltr' id='par_1_28' title="bbox 1766 1170 3407 1241">
     <span class='ocr_line' id='line_1_28' title="bbox 1766 1170 3407 1241; baseline -0.001 -16"><span class='ocrx_word' id='word_1_200' title='bbox 1766 1176 2004 1226; x_wconf 88' lang='lat' dir='ltr'>tuorum</span> <span class='ocrx_word' id='word_1_201' title='bbox 2032 1188 2044 1236; x_wconf 91' lang='lat'><strong>;</strong></span> <span class='ocrx_word' id='word_1_202' title='bbox 2073 1177 2129 1227; x_wconf 91' lang='lat' dir='ltr'>et</span> <span class='ocrx_word' id='word_1_203' title='bbox 2159 1173 2283 1226; x_wconf 86' lang='lat' dir='ltr'>sine</span> <span class='ocrx_word' id='word_1_204' title='bbox 2309 1173 2552 1227; x_wconf 85' lang='lat' dir='ltr'>veritate</span> <span class='ocrx_word' id='word_1_205' title='bbox 2579 1171 2772 1227; x_wconf 87' lang='lat' dir='ltr'>carnis</span> <span class='ocrx_word' id='word_1_206' title='bbox 2807 1187 2916 1226; x_wconf 92' lang='lat' dir='ltr'>nec</span> <span class='ocrx_word' id='word_1_207' title='bbox 2967 1171 3138 1226; x_wconf 80' lang='lat' dir='ltr'>cibus</span> <span class='ocrx_word' id='word_1_208' title='bbox 3178 1170 3407 1241; x_wconf 89' lang='lat' dir='ltr'>jejuno,</span> 
     </span>
    </p>
   </div>
   <div class='ocr_carea' id='block_1_29' title="bbox 1766 1261 3411 1330">
    <p class='ocr_par' dir='ltr' id='par_1_29' title="bbox 1766 1261 3411 1330">
     <span class='ocr_line' id='line_1_29' title="bbox 1766 1261 3411 1330; baseline -0.001 -15"><span class='ocrx_word' id='word_1_209' title='bbox 1766 1277 1874 1316; x_wconf 91' lang='lat' dir='ltr'>nec</span> <span class='ocrx_word' id='word_1_210' title='bbox 1903 1277 2151 1316; x_wconf 86' lang='lat' dir='ltr'>somnus</span> <span class='ocrx_word' id='word_1_211' title='bbox 2191 1266 2349 1316; x_wconf 87' lang='lat' dir='ltr'>esset</span> <span class='ocrx_word' id='word_1_212' title='bbox 2378 1261 2756 1316; x_wconf 87' lang='lat' dir='ltr'>necessarius</span> <span class='ocrx_word' id='word_1_213' title='bbox 2790 1261 3059 1330; x_wconf 85' lang='lat' dir='ltr'>fatigato.</span> <span class='ocrx_word' id='word_1_214' title='bbox 3106 1263 3411 1316; x_wconf 88' lang='lat' dir='ltr'>Postremo</span> 
     </span>
    </p>
   </div>
   <div class='ocr_carea' id='block_1_30' title="bbox 1767 1349 3414 1422">
    <p class='ocr_par' dir='ltr' id='par_1_30' title="bbox 1767 1349 3414 1422">
     <span class='ocr_line' id='line_1_30' title="bbox 1767 1349 3414 1422; baseline 0.002 -20"><span class='ocrx_word' id='word_1_215' title='bbox 1767 1351 1891 1404; x_wconf 90' lang='lat' dir='ltr'>sine</span> <span class='ocrx_word' id='word_1_216' title='bbox 1926 1350 2096 1404; x_wconf 88' lang='lat' dir='ltr'>Verbi</span> <span class='ocrx_word' id='word_1_217' title='bbox 2132 1351 2395 1422; x_wconf 85' lang='lat' dir='ltr'>potentia</span> <span class='ocrx_word' id='word_1_218' title='bbox 2442 1366 2565 1406; x_wconf 91' lang='lat' dir='ltr'>non</span> <span class='ocrx_word' id='word_1_219' title='bbox 2610 1365 2674 1405; x_wconf 92' lang='lat' dir='ltr'>se</span> <span class='ocrx_word' id='word_1_220' title='bbox 2728 1349 3013 1404; x_wconf 88' lang='lat' dir='ltr'>Dominus</span> <span class='ocrx_word' id='word_1_221' title='bbox 3044 1350 3201 1405; x_wconf 83' lang='lat' dir='ltr'>Patri</span> <span class='ocrx_word' id='word_1_222' title='bbox 3230 1350 3414 1422; x_wconf 89' lang='lat' dir='ltr'>proﬁ-</span> 
     </span>
    </p>
   </div>
   <div class='ocr_carea' id='block_1_31' title="bbox 1765 1438 3412 1510">
    <p class='ocr_par' dir='ltr' id='par_1_31' title="bbox 1765 1438 3412 1510">
     <span class='ocr_line' id='line_1_31' title="bbox 1765 1438 3412 1510; baseline 0.001 -16"><span class='ocrx_word' id='word_1_223' title='bbox 1765 1444 1984 1494; x_wconf 88' lang='lat' dir='ltr'>teretur</span> <span class='ocrx_word' id='word_1_224' title='bbox 2015 1439 2342 1510; x_wconf 67' lang='lat' dir='ltr'>aaqualem;</span> <span class='ocrx_word' id='word_1_225' title='bbox 2377 1443 2431 1494; x_wconf 89' lang='lat' dir='ltr'>et</span> <span class='ocrx_word' id='word_1_226' title='bbox 2459 1438 2585 1493; x_wconf 88' lang='lat' dir='ltr'>sine</span> <span class='ocrx_word' id='word_1_227' title='bbox 2609 1438 2852 1493; x_wconf 85' lang='lat' dir='ltr'>veritate</span> <span class='ocrx_word' id='word_1_228' title='bbox 2882 1438 3079 1492; x_wconf 91' lang='lat' dir='ltr'>carnis</span> <span class='ocrx_word' id='word_1_229' title='bbox 3103 1454 3224 1494; x_wconf 92' lang='lat' dir='ltr'>non</span> <span class='ocrx_word' id='word_1_230' title='bbox 3251 1438 3412 1496; x_wconf 91' lang='lat' dir='ltr'>idem</span> 
     </span>
    </p>
   </div>
   <div class='ocr_carea' id='block_1_32' title="bbox 1767 1528 3415 1598">
    <p class='ocr_par' dir='ltr' id='par_1_32' title="bbox 1767 1528 3415 1598">
     <span class='ocr_line' id='line_1_32' title="bbox 1767 1528 3415 1598; baseline 0.002 -17"><span class='ocrx_word' id='word_1_231' title='bbox 1767 1528 1986 1583; x_wconf 90' lang='lat' dir='ltr'>diceret</span> <span class='ocrx_word' id='word_1_232' title='bbox 2017 1531 2247 1583; x_wconf 85' lang='lat' dir='ltr'>Patrem</span> <span class='ocrx_word' id='word_1_233' title='bbox 2297 1545 2360 1582; x_wconf 92' lang='lat' dir='ltr'>se</span> <span class='ocrx_word' id='word_1_234' title='bbox 2391 1543 2519 1582; x_wconf 90' lang='lat' dir='ltr'>esse</span> <span class='ocrx_word' id='word_1_235' title='bbox 2558 1528 2854 1598; x_wconf 88' lang='lat' dir='ltr'>majorem</span> <span class='ocrx_word' id='word_1_236' title='bbox 2887 1545 2899 1581; x_wconf 90' lang='lat'>:</span> <span class='ocrx_word' id='word_1_237' title='bbox 2951 1544 3087 1582; x_wconf 87' lang='lat' dir='ltr'>cum</span> <span class='ocrx_word' id='word_1_238' title='bbox 3121 1528 3415 1585; x_wconf 86' lang='lat' dir='ltr'>catholica</span> 
     </span>
    </p>
   </div>
   <div class='ocr_carea' id='block_1_33' title="bbox 1767 1615 3412 1689">
    <p class='ocr_par' dir='ltr' id='par_1_33' title="bbox 1767 1615 3412 1689">
     <span class='ocr_line' id='line_1_33' title="bbox 1767 1615 3412 1689; baseline 0.001 -19"><span class='ocrx_word' id='word_1_239' title='bbox 1767 1616 1918 1671; x_wconf 84' lang='lat' dir='ltr'>ﬁdes</span> <span class='ocrx_word' id='word_1_240' title='bbox 1953 1625 2272 1688; x_wconf 87' lang='lat' dir='ltr'>utrumque</span> <span class='ocrx_word' id='word_1_241' title='bbox 2303 1617 2940 1688; x_wconf 86' lang='lat' dir='ltr'>suscipiat,utrumque</span> <span class='ocrx_word' id='word_1_242' title='bbox 2968 1615 3412 1689; x_wconf 72' lang='lat' dir='ltr'>defendat,qua3</span> 
     </span>
    </p>
   </div>
   <div class='ocr_carea' id='block_1_34' title="bbox 1769 1705 3411 1778">
    <p class='ocr_par' dir='ltr' id='par_1_34' title="bbox 1769 1705 3411 1778">
     <span class='ocr_line' id='line_1_34' title="bbox 1769 1705 3411 1778; baseline 0.001 -18"><span class='ocrx_word' id='word_1_243' title='bbox 1769 1707 2102 1761; x_wconf 89' lang='lat' dir='ltr'>secundum</span> <span class='ocrx_word' id='word_1_244' title='bbox 2131 1705 2571 1761; x_wconf 86' lang='lat' dir='ltr'>confessionem</span> <span class='ocrx_word' id='word_1_245' title='bbox 2588 1705 2746 1762; x_wconf 89' lang='lat' dir='ltr'>beati</span> <span class='ocrx_word' id='word_1_246' title='bbox 2773 1705 3030 1778; x_wconf 84' lang='lat' dir='ltr'>apostoli</span> <span class='ocrx_word' id='word_1_247' title='bbox 3048 1706 3411 1776; x_wconf 89' lang='lat' dir='ltr'>Petri,unum</span> 
     </span>
    </p>
   </div>
   <div class='ocr_carea' id='block_1_35' title="bbox 67 1791 1656 1866">
    <p class='ocr_par' dir='ltr' id='par_1_35' title="bbox 67 1791 1656 1866">
     <span class='ocr_line' id='line_1_35' title="bbox 67 1791 1656 1866; baseline 0.007 -29"><span class='ocrx_word' id='word_1_248' title='bbox 67 1791 178 1849; x_wconf 60' lang='grc' dir='ltr'>θείας</span> <span class='ocrx_word' id='word_1_249' title='bbox 226 1798 332 1850; x_wconf 75' lang='grc' dir='ltr'>τῆς</span> <span class='ocrx_word' id='word_1_250' title='bbox 405 1795 606 1865; x_wconf 83' lang='grc' dir='ltr'>σαρκός</span> <span class='ocrx_word' id='word_1_251' title='bbox 661 1796 778 1845; x_wconf 74' lang='grc' dir='ltr'>οὔτε</span> <span class='ocrx_word' id='word_1_252' title='bbox 830 1799 989 1866; x_wconf 65' lang='grc' dir='ltr'>τροφὴ</span> <span class='ocrx_word' id='word_1_253' title='bbox 1044 1803 1116 1866; x_wconf 81' lang='grc' dir='ltr'>τῷ</span> <span class='ocrx_word' id='word_1_254' title='bbox 1169 1799 1488 1863; x_wconf 82' lang='grc' dir='ltr'>νηστεύοντι,</span> <span class='ocrx_word' id='word_1_255' title='bbox 1547 1800 1656 1849; x_wconf 74' lang='grc' dir='ltr'>οὔτε</span> 
     </span>
    </p>
   </div>
   <div class='ocr_carea' id='block_1_36' title="bbox 1766 1791 3414 1866">
    <p class='ocr_par' dir='ltr' id='par_1_36' title="bbox 1770 1792 3414 1859">
     <span class='ocr_line' id='line_1_36' title="bbox 1770 1792 3414 1859; baseline 0.001 -11"><span class='ocrx_word' id='word_1_256' title='bbox 1770 1795 2065 1850; x_wconf 84' lang='lat' dir='ltr'>Christum</span> <span class='ocrx_word' id='word_1_257' title='bbox 2101 1795 2198 1850; x_wconf 91' lang='lat' dir='ltr'>Dei</span> <span class='ocrx_word' id='word_1_258' title='bbox 2258 1793 2371 1848; x_wconf 86' lang='lat' dir='ltr'>vivi</span> <span class='ocrx_word' id='word_1_259' title='bbox 2405 1793 2632 1859; x_wconf 84' lang='lat' dir='ltr'>Filium,</span> <span class='ocrx_word' id='word_1_260' title='bbox 2674 1797 2731 1848; x_wconf 92' lang='lat' dir='ltr'>et</span> <span class='ocrx_word' id='word_1_261' title='bbox 2758 1792 3067 1849; x_wconf 87' lang='lat' dir='ltr'>hominem</span> <span class='ocrx_word' id='word_1_262' title='bbox 3123 1793 3312 1850; x_wconf 89' lang='lat' dir='ltr'>credit</span> <span class='ocrx_word' id='word_1_263' title='bbox 3355 1798 3414 1850; x_wconf 88' lang='lat' dir='ltr'>et</span> 
     </span>
    </p>
   </div>
   <div class='ocr_carea' id='block_1_37' title="bbox 71 1877 1660 1955">
    <p class='ocr_par' dir='ltr' id='par_1_37' title="bbox 71 1877 1660 1955">
     <span class='ocr_line' id='line_1_37' title="bbox 71 1877 1660 1955; baseline 0.008 -29"><span class='ocrx_word' id='word_1_264' title='bbox 71 1879 145 1934; x_wconf 55' lang='lat' dir='ltr'>iis</span> <span class='ocrx_word' id='word_1_265' title='bbox 195 1877 363 1939; x_wconf 71' lang='grc' dir='ltr'>ὕπνος</span> <span class='ocrx_word' id='word_1_266' title='bbox 413 1877 699 1950; x_wconf 77' lang='grc' dir='ltr'>ἀναγκαῖος</span> <span class='ocrx_word' id='word_1_267' title='bbox 741 1884 978 1954; x_wconf 72' lang='grc' dir='ltr'>ὑπῆρχεν</span> <span class='ocrx_word' id='word_1_268' title='bbox 1042 1893 1113 1955; x_wconf 75' lang='grc' dir='ltr'>τῷ</span> <span class='ocrx_word' id='word_1_269' title='bbox 1171 1888 1502 1940; x_wconf 80' lang='grc' dir='ltr'>κοπιάσαντι.</span> <span class='ocrx_word' id='word_1_270' title='bbox 1561 1891 1660 1939; x_wconf 73' lang='grc' dir='ltr'>Καὶ</span> 
     </span>
    </p>
   </div>
   <div class='ocr_carea' id='block_1_38' title="bbox 68 1964 1660 2047">
    <p class='ocr_par' dir='ltr' id='par_1_38' title="bbox 68 1964 1660 2047">
     <span class='ocr_line' id='line_1_38' title="bbox 68 1964 1660 2047; baseline 0.006 -30"><span class='ocrx_word' id='word_1_271' title='bbox 68 1971 108 2016; x_wconf 73' lang='grc' dir='ltr'>τὸ</span> <span class='ocrx_word' id='word_1_272' title='bbox 143 1964 204 2024; x_wconf 72' lang='grc' dir='ltr'>δὴ</span> <span class='ocrx_word' id='word_1_273' title='bbox 257 1971 432 2042; x_wconf 84' lang='grc' dir='ltr'>πέρας</span> <span class='ocrx_word' id='word_1_274' title='bbox 459 1965 600 2040; x_wconf 79' lang='grc' dir='ltr'>δίχα</span> <span class='ocrx_word' id='word_1_275' title='bbox 645 1974 735 2042; x_wconf 69' lang='grc' dir='ltr'>μὲν</span> <span class='ocrx_word' id='word_1_276' title='bbox 777 1979 871 2033; x_wconf 83' lang='grc' dir='ltr'>τῆς</span> <span class='ocrx_word' id='word_1_277' title='bbox 909 1980 1000 2024; x_wconf 79' lang='grc' dir='ltr'>τοῦ</span> <span class='ocrx_word' id='word_1_278' title='bbox 1031 1978 1205 2044; x_wconf 90' lang='grc' dir='ltr'>Λόγου</span> <span class='ocrx_word' id='word_1_279' title='bbox 1249 1971 1510 2047; x_wconf 81' lang='grc' dir='ltr'>δυνάμεως</span> <span class='ocrx_word' id='word_1_280' title='bbox 1566 1975 1660 2026; x_wconf 80' lang='grc' dir='ltr'>ούκ</span> 
     </span>
    </p>
   </div>
   <div class='ocr_carea' id='block_1_39' title="bbox 67 2053 1662 2135">
    <p class='ocr_par' dir='ltr' id='par_1_39' title="bbox 67 2053 1662 2135">
     <span class='ocr_line' id='line_1_39' title="bbox 67 2053 1662 2135; baseline 0.007 -30"><span class='ocrx_word' id='word_1_281' title='bbox 67 2053 110 2104; x_wconf 63' lang='grc' dir='ltr'>ἂν</span> <span class='ocrx_word' id='word_1_282' title='bbox 154 2061 340 2108; x_wconf 80' lang='grc' dir='ltr'>εαντόν</span> <span class='ocrx_word' id='word_1_283' title='bbox 414 2059 441 2108; x_wconf 86' lang='grc' dir='ltr'><strong><em>ὁ</em></strong></span> <span class='ocrx_word' id='word_1_284' title='bbox 506 2060 693 2133; x_wconf 77' lang='grc' dir='ltr'>Κύριος</span> <span class='ocrx_word' id='word_1_285' title='bbox 766 2063 880 2112; x_wconf 80' lang='grc' dir='ltr'>ἴσον</span> <span class='ocrx_word' id='word_1_286' title='bbox 954 2070 1026 2132; x_wconf 84' lang='grc' dir='ltr'>τῷ</span> <span class='ocrx_word' id='word_1_287' title='bbox 1103 2064 1286 2135; x_wconf 53' lang='grc' dir='ltr'>Πατρὶς</span> <span class='ocrx_word' id='word_1_288' title='bbox 1333 2066 1662 2134; x_wconf 74' lang='grc' dir='ltr'>τυγχάνοντα</span> 
     </span>
    </p>
   </div>
   <div class='ocr_carea' id='block_1_40' title="bbox 415 2141 1660 2225">
    <p class='ocr_par' dir='ltr' id='par_1_40' title="bbox 415 2141 1660 2225">
     <span class='ocr_line' id='line_1_40' title="bbox 415 2141 1660 2225; baseline 0.006 -27"><span class='ocrx_word' id='word_1_289' title='bbox 415 2141 559 2218; x_wconf 84' lang='grc' dir='ltr'>δίχα</span> <span class='ocrx_word' id='word_1_290' title='bbox 607 2145 666 2200; x_wconf 73' lang='grc' dir='ltr'>δὲ</span> <span class='ocrx_word' id='word_1_291' title='bbox 705 2158 795 2210; x_wconf 81' lang='grc' dir='ltr'>τῆς</span> <span class='ocrx_word' id='word_1_292' title='bbox 851 2148 1086 2212; x_wconf 81' lang='grc' dir='ltr'>ἀληθείας</span> <span class='ocrx_word' id='word_1_293' title='bbox 1134 2171 1225 2204; x_wconf 86' lang='grc' dir='ltr'>του</span> <span class='ocrx_word' id='word_1_294' title='bbox 1286 2159 1524 2225; x_wconf 80' lang='grc' dir='ltr'>σώματος</span> <span class='ocrx_word' id='word_1_295' title='bbox 1567 2154 1660 2206; x_wconf 82' lang='grc' dir='ltr'>ούκ</span> 
     </span>
    </p>
   </div>
   <div class='ocr_carea' id='block_1_41' title="bbox 69 2231 1655 2316">
    <p class='ocr_par' dir='ltr' id='par_1_41' title="bbox 69 2231 1655 2316">
     <span class='ocr_line' id='line_1_41' title="bbox 69 2231 1655 2316; baseline 0.008 -34"><span class='ocrx_word' id='word_1_296' title='bbox 69 2231 109 2282; x_wconf 64' lang='grc' dir='ltr'>Ξ)</span> <span class='ocrx_word' id='word_1_297' title='bbox 143 2236 168 2285; x_wconf 90' lang='lat'>6</span> <span class='ocrx_word' id='word_1_298' title='bbox 210 2234 410 2297; x_wconf 81' lang='grc' dir='ltr'>ἑαυτὸς</span> <span class='ocrx_word' id='word_1_299' title='bbox 435 2235 572 2306; x_wconf 81' lang='grc' dir='ltr'>ἔλεγε</span> <span class='ocrx_word' id='word_1_300' title='bbox 614 2237 826 2308; x_wconf 80' lang='grc' dir='ltr'>μείζονα</span> <span class='ocrx_word' id='word_1_301' title='bbox 865 2237 994 2290; x_wconf 87' lang='grc' dir='ltr'>εἶναι</span> <span class='ocrx_word' id='word_1_302' title='bbox 1039 2239 1224 2292; x_wconf 72' lang='grc' dir='ltr'>ἑαυτοῦ</span> <span class='ocrx_word' id='word_1_303' title='bbox 1275 2244 1361 2292; x_wconf 85' lang='grc' dir='ltr'>τόν</span> <span class='ocrx_word' id='word_1_304' title='bbox 1404 2247 1609 2316; x_wconf 84' lang='grc' dir='ltr'>Πατέρα</span> <span class='ocrx_word' id='word_1_305' title='bbox 1641 2259 1655 2273; x_wconf 86' lang='grc'><strong>⁹</strong></span> 
     </span>
    </p>
   </div>
   <div class='ocr_carea' id='block_1_42' title="bbox 70 2145 345 2216">
    <p class='ocr_par' dir='ltr' id='par_1_42' title="bbox 70 2145 345 2216">
     <span class='ocr_line' id='line_1_42' title="bbox 70 2145 345 2216; baseline 0.007 -22"><span class='ocrx_word' id='word_1_306' title='bbox 70 2145 298 2216; x_wconf 64' lang='grc' dir='ltr'>νμολόγει</span> <span class='ocrx_word' id='word_1_307' title='bbox 328 2163 345 2176; x_wconf 88' lang='grc'>⁶</span> 
     </span>
    </p>
   </div>
   <div class='ocr_carea' id='block_1_43' title="bbox 67 2325 1657 2404">
    <p class='ocr_par' dir='ltr' id='par_1_43' title="bbox 67 2325 1657 2404">
     <span class='ocr_line' id='line_1_43' title="bbox 67 2325 1657 2404; baseline 0.008 -33"><span class='ocrx_word' id='word_1_308' title='bbox 67 2325 190 2374; x_wconf 70' lang='grc' dir='ltr'>ἐτοτε</span> <span class='ocrx_word' id='word_1_309' title='bbox 243 2330 342 2376; x_wconf 81' lang='grc' dir='ltr'>καὶ</span> <span class='ocrx_word' id='word_1_310' title='bbox 387 2326 420 2382; x_wconf 71' lang='grc' dir='ltr'>ἡ</span> <span class='ocrx_word' id='word_1_311' title='bbox 464 2325 718 2384; x_wconf 81' lang='grc' dir='ltr'>καθολικὴ</span> <span class='ocrx_word' id='word_1_312' title='bbox 761 2332 936 2388; x_wconf 82' lang='grc' dir='ltr'>πίστις</span> <span class='ocrx_word' id='word_1_313' title='bbox 993 2329 1230 2404; x_wconf 80' lang='grc' dir='ltr'>ἑκάτερον</span> <span class='ocrx_word' id='word_1_314' title='bbox 1271 2327 1507 2402; x_wconf 77' lang='grc' dir='ltr'>δέχεται,</span> <span class='ocrx_word' id='word_1_315' title='bbox 1567 2338 1657 2385; x_wconf 79' lang='grc' dir='ltr'>καὶ</span> 
     </span>
    </p>
   </div>
   <div class='ocr_carea' id='block_1_44' title="bbox 66 2409 1656 2495">
    <p class='ocr_par' dir='ltr' id='par_1_44' title="bbox 66 2409 1656 2495">
     <span class='ocr_line' id='line_1_44' title="bbox 66 2409 1656 2495; baseline 0.009 -34"><span class='ocrx_word' id='word_1_316' title='bbox 66 2409 276 2488; x_wconf 62' lang='grc' dir='ltr'>ὰάτερον</span> <span class='ocrx_word' id='word_1_317' title='bbox 329 2412 560 2485; x_wconf 80' lang='grc' dir='ltr'>ἐκδιχεῑ,</span> <span class='ocrx_word' id='word_1_318' title='bbox 605 2419 718 2478; x_wconf 73' lang='grc' dir='ltr'>ἣτις</span> <span class='ocrx_word' id='word_1_319' title='bbox 768 2423 901 2470; x_wconf 82' lang='grc' dir='ltr'>κατά</span> <span class='ocrx_word' id='word_1_320' title='bbox 949 2425 1044 2476; x_wconf 79' lang='grc' dir='ltr'>τὴν</span> <span class='ocrx_word' id='word_1_321' title='bbox 1088 2420 1364 2492; x_wconf 72' lang='grc' dir='ltr'>ὁμολογίαν</span> <span class='ocrx_word' id='word_1_322' title='bbox 1415 2431 1508 2474; x_wconf 80' lang='grc' dir='ltr'>τού</span> <span class='ocrx_word' id='word_1_323' title='bbox 1550 2444 1656 2495; x_wconf 90' lang='grc' dir='ltr'>μα-</span> 
     </span>
    </p>
   </div>
   <div class='ocr_carea' id='block_1_45' title="bbox 64 2503 1657 2582">
    <p class='ocr_par' dir='ltr' id='par_1_45' title="bbox 64 2503 1657 2582">
     <span class='ocr_line' id='line_1_45' title="bbox 64 2503 1657 2582; baseline 0.007 -29"><span class='ocrx_word' id='word_1_324' title='bbox 64 2509 219 2572; x_wconf 45' lang='grc' dir='ltr'>καρίου</span> <span class='ocrx_word' id='word_1_325' title='bbox 251 2503 565 2556; x_wconf 83' lang='grc' dir='ltr'>ἀποστόλου</span> <span class='ocrx_word' id='word_1_326' title='bbox 620 2510 838 2578; x_wconf 84' lang='grc' dir='ltr'>Πέτρου,</span> <span class='ocrx_word' id='word_1_327' title='bbox 893 2508 981 2559; x_wconf 83' lang='grc' dir='ltr'>ἕνα</span> <span class='ocrx_word' id='word_1_328' title='bbox 1019 2513 1249 2582; x_wconf 83' lang='grc' dir='ltr'>Χριστόν</span> <span class='ocrx_word' id='word_1_329' title='bbox 1301 2514 1388 2561; x_wconf 87' lang='grc' dir='ltr'>τόν</span> <span class='ocrx_word' id='word_1_330' title='bbox 1419 2513 1534 2564; x_wconf 82' lang='grc' dir='ltr'>Υὶόν</span> <span class='ocrx_word' id='word_1_331' title='bbox 1566 2521 1657 2564; x_wconf 78' lang='grc' dir='ltr'>τοῦ</span> 
     </span>
    </p>
   </div>
   <div class='ocr_carea' id='block_1_46' title="bbox 1767 1881 3410 1954">
    <p class='ocr_par' dir='ltr' id='par_1_46' title="bbox 1767 1881 3410 1954">
     <span class='ocr_line' id='line_1_46' title="bbox 1767 1881 3410 1954; baseline -0.002 -11"><span class='ocrx_word' id='word_1_332' title='bbox 1767 1887 2046 1945; x_wconf 89' lang='lat' dir='ltr'>Verbum.</span> <span class='ocrx_word' id='word_1_333' title='bbox 2089 1882 2374 1950; x_wconf 88' lang='lat' dir='ltr'>Quamvis</span> <span class='ocrx_word' id='word_1_334' title='bbox 2422 1883 2620 1954; x_wconf 88' lang='lat' dir='ltr'>itaque</span> <span class='ocrx_word' id='word_1_335' title='bbox 2669 1881 2748 1938; x_wconf 91' lang='lat' dir='ltr'>ab</span> <span class='ocrx_word' id='word_1_336' title='bbox 2795 1882 2894 1938; x_wconf 92' lang='lat' dir='ltr'>illo</span> <span class='ocrx_word' id='word_1_337' title='bbox 2941 1882 3126 1954; x_wconf 88' lang='lat' dir='ltr'>initio,</span> <span class='ocrx_word' id='word_1_338' title='bbox 3175 1899 3298 1954; x_wconf 91' lang='lat' dir='ltr'>quo</span> <span class='ocrx_word' id='word_1_339' title='bbox 3347 1883 3410 1939; x_wconf 90' lang='lat' dir='ltr'>in</span> 
     </span>
    </p>
   </div>
   <div class='ocr_carea' id='block_1_47' title="bbox 1771 1970 3411 2044">
    <p class='ocr_par' dir='ltr' id='par_1_47' title="bbox 1771 1970 3411 2044">
     <span class='ocr_line' id='line_1_47' title="bbox 1771 1970 3411 2044; baseline -0.004 -11"><span class='ocrx_word' id='word_1_340' title='bbox 1771 1983 1937 2033; x_wconf 90' lang='lat' dir='ltr'>utero</span> <span class='ocrx_word' id='word_1_341' title='bbox 1968 1973 2215 2044; x_wconf 85' lang='lat' dir='ltr'>virginis</span> <span class='ocrx_word' id='word_1_342' title='bbox 2237 1971 2502 2027; x_wconf 86' lang='lat' dir='ltr'>Verbum</span> <span class='ocrx_word' id='word_1_343' title='bbox 2533 1987 2672 2027; x_wconf 88' lang='lat' dir='ltr'>caro</span> <span class='ocrx_word' id='word_1_344' title='bbox 2712 1970 2932 2026; x_wconf 83' lang='lat' dir='ltr'>factum</span> <span class='ocrx_word' id='word_1_345' title='bbox 2979 1975 3086 2036; x_wconf 88' lang='lat' dir='ltr'>est,</span> <span class='ocrx_word' id='word_1_346' title='bbox 3115 1971 3261 2026; x_wconf 91' lang='lat' dir='ltr'>nihil</span> <span class='ocrx_word' id='word_1_347' title='bbox 3303 1987 3411 2027; x_wconf 82' lang='lat' dir='ltr'>un-</span> 
     </span>
    </p>
   </div>
   <div class='ocr_carea' id='block_1_48' title="bbox 1768 2059 3409 2139">
    <p class='ocr_par' dir='ltr' id='par_1_48' title="bbox 1768 2059 3409 2139">
     <span class='ocr_line' id='line_1_48' title="bbox 1768 2059 3409 2139; baseline -0.004 -18"><span class='ocrx_word' id='word_1_348' title='bbox 1768 2083 1945 2139; x_wconf 86' lang='lat' dir='ltr'>quam</span> <span class='ocrx_word' id='word_1_349' title='bbox 1976 2065 2124 2120; x_wconf 90' lang='lat' dir='ltr'>inter</span> <span class='ocrx_word' id='word_1_350' title='bbox 2148 2068 2464 2132; x_wconf 90' lang='lat' dir='ltr'>utramque</span> <span class='ocrx_word' id='word_1_351' title='bbox 2484 2059 2740 2116; x_wconf 87' lang='lat' dir='ltr'>formam</span> <span class='ocrx_word' id='word_1_352' title='bbox 2769 2059 3076 2115; x_wconf 87' lang='lat' dir='ltr'>divisionis</span> <span class='ocrx_word' id='word_1_353' title='bbox 3105 2060 3409 2130; x_wconf 84' lang='lat' dir='ltr'>exstiterit,</span> 
     </span>
    </p>
   </div>
   <div class='ocr_carea' id='block_1_49' title="bbox 1769 2148 3411 2227">
    <p class='ocr_par' dir='ltr' id='par_1_49' title="bbox 1769 2148 3411 2227">
     <span class='ocr_line' id='line_1_49' title="bbox 1769 2148 3411 2227; baseline -0.004 -16"><span class='ocrx_word' id='word_1_354' title='bbox 1769 2161 1825 2213; x_wconf 91' lang='lat' dir='ltr'>et</span> <span class='ocrx_word' id='word_1_355' title='bbox 1853 2171 1959 2227; x_wconf 88' lang='lat' dir='ltr'>per</span> <span class='ocrx_word' id='word_1_356' title='bbox 1992 2153 2199 2209; x_wconf 87' lang='lat' dir='ltr'>omnia</span> <span class='ocrx_word' id='word_1_357' title='bbox 2228 2151 2594 2205; x_wconf 89' lang='lat' dir='ltr'>incrementa</span> <span class='ocrx_word' id='word_1_358' title='bbox 2614 2164 2902 2221; x_wconf 87' lang='lat' dir='ltr'>corporea</span> <span class='ocrx_word' id='word_1_359' title='bbox 2932 2148 3107 2203; x_wconf 90' lang='lat' dir='ltr'>unius</span> <span class='ocrx_word' id='word_1_360' title='bbox 3136 2164 3411 2220; x_wconf 67' lang='lat' dir='ltr'>personas</span> 
     </span>
    </p>
   </div>
   <div class='ocr_carea' id='block_1_50' title="bbox 1768 2235 3410 2311">
    <p class='ocr_par' dir='ltr' id='par_1_50' title="bbox 1768 2235 3410 2311">
     <span class='ocr_line' id='line_1_50' title="bbox 1768 2235 3410 2311; baseline -0.005 -10"><span class='ocrx_word' id='word_1_361' title='bbox 1768 2245 1985 2301; x_wconf 77' lang='lat' dir='ltr'>fuerint</span> <span class='ocrx_word' id='word_1_362' title='bbox 2012 2241 2190 2298; x_wconf 89' lang='lat' dir='ltr'>totius</span> <span class='ocrx_word' id='word_1_363' title='bbox 2247 2238 2532 2311; x_wconf 89' lang='lat' dir='ltr'>temporis</span> <span class='ocrx_word' id='word_1_364' title='bbox 2572 2237 2872 2304; x_wconf 87' lang='lat' dir='ltr'>actiones;</span> <span class='ocrx_word' id='word_1_365' title='bbox 2910 2252 2984 2292; x_wconf 90' lang='lat' dir='ltr'>ea</span> <span class='ocrx_word' id='word_1_366' title='bbox 3027 2235 3158 2308; x_wconf 90' lang='lat' dir='ltr'>ipsa</span> <span class='ocrx_word' id='word_1_367' title='bbox 3188 2242 3410 2304; x_wconf 90' lang='lat' dir='ltr'>tamen,</span> 
     </span>
    </p>
   </div>
   <div class='ocr_carea' id='block_1_51' title="bbox 1767 2326 3413 2407">
    <p class='ocr_par' dir='ltr' id='par_1_51' title="bbox 1767 2326 3413 2407">
     <span class='ocr_line' id='line_1_51' title="bbox 1767 2326 3413 2407; baseline -0.005 -17"><span class='ocrx_word' id='word_1_368' title='bbox 1767 2352 1904 2407; x_wconf 64' lang='lat' dir='ltr'>quae</span> <span class='ocrx_word' id='word_1_369' title='bbox 1940 2329 2417 2404; x_wconf 87' lang='lat' dir='ltr'>inseparabiliter</span> <span class='ocrx_word' id='word_1_370' title='bbox 2442 2327 2600 2384; x_wconf 84' lang='lat' dir='ltr'>facta</span> <span class='ocrx_word' id='word_1_371' title='bbox 2648 2331 2806 2395; x_wconf 90' lang='lat' dir='ltr'>sunt,</span> <span class='ocrx_word' id='word_1_372' title='bbox 2833 2326 2999 2383; x_wconf 90' lang='lat' dir='ltr'>nulla</span> <span class='ocrx_word' id='word_1_373' title='bbox 3027 2327 3413 2397; x_wconf 89' lang='lat' dir='ltr'>permistione</span> 
     </span>
    </p>
   </div>
   <div class='ocr_carea' id='block_1_52' title="bbox 1768 2417 3416 2490">
    <p class='ocr_par' dir='ltr' id='par_1_52' title="bbox 1768 2417 3416 2490">
     <span class='ocr_line' id='line_1_52' title="bbox 1768 2417 3416 2490; baseline -0.005 -10"><span class='ocrx_word' id='word_1_374' title='bbox 1768 2422 2230 2486; x_wconf 74' lang='lat' dir='ltr'>contundimus;</span> <span class='ocrx_word' id='word_1_375' title='bbox 2286 2418 2392 2474; x_wconf 92' lang='lat' dir='ltr'>sed</span> <span class='ocrx_word' id='word_1_376' title='bbox 2433 2419 2606 2490; x_wconf 88' lang='lat' dir='ltr'>cujus</span> <span class='ocrx_word' id='word_1_377' title='bbox 2656 2417 2861 2474; x_wconf 82' lang='lat' dir='ltr'>formae</span> <span class='ocrx_word' id='word_1_378' title='bbox 2914 2417 3008 2485; x_wconf 88' lang='lat' dir='ltr'>sit,</span> <span class='ocrx_word' id='word_1_379' title='bbox 3055 2433 3130 2473; x_wconf 78' lang='lat' dir='ltr'>ex</span> <span class='ocrx_word' id='word_1_380' title='bbox 3161 2431 3416 2490; x_wconf 86' lang='lat' dir='ltr'>operum</span> 
     </span>
    </p>
   </div>
   <div class='ocr_carea' id='block_1_53' title="bbox 1767 2510 2382 2586">
    <p class='ocr_par' dir='ltr' id='par_1_53' title="bbox 1767 2510 2382 2586">
     <span class='ocr_line' id='line_1_53' title="bbox 1767 2510 2382 2586; baseline -0.011 -17"><span class='ocrx_word' id='word_1_381' title='bbox 1767 2513 2049 2586; x_wconf 83' lang='lat' dir='ltr'>qualitate</span> <span class='ocrx_word' id='word_1_382' title='bbox 2073 2510 2382 2565; x_wconf 88' lang='lat' dir='ltr'>sentimus.</span> 
     </span>
    </p>
   </div>
   <div class='ocr_carea' id='block_1_54' title="bbox 66 2593 3407 2673">
    <p class='ocr_par' dir='ltr' id='par_1_54' title="bbox 66 2593 3407 2673">
     <span class='ocr_line' id='line_1_54' title="bbox 66 2593 3407 2673; baseline 0.006 -33"><span class='ocrx_word' id='word_1_383' title='bbox 66 2597 171 2641; x_wconf 69' lang='grc' dir='ltr'>Θεοῦ</span> <span class='ocrx_word' id='word_1_384' title='bbox 207 2601 302 2644; x_wconf 73' lang='grc' dir='ltr'>τοῦ</span> <span class='ocrx_word' id='word_1_385' title='bbox 347 2595 571 2660; x_wconf 81' lang='grc' dir='ltr'>ζῶντος,</span> <span class='ocrx_word' id='word_1_386' title='bbox 610 2599 700 2646; x_wconf 77' lang='grc' dir='ltr'>καὶ</span> <span class='ocrx_word' id='word_1_387' title='bbox 729 2597 998 2670; x_wconf 74' lang='grc' dir='ltr'>ἄνθρωπον</span> <span class='ocrx_word' id='word_1_388' title='bbox 1019 2601 1250 2650; x_wconf 82' lang='grc' dir='ltr'>πιστεύει</span> <span class='ocrx_word' id='word_1_389' title='bbox 1279 2605 1368 2652; x_wconf 83' lang='grc' dir='ltr'>καὶ</span> <span class='ocrx_word' id='word_1_390' title='bbox 1409 2606 1594 2670; x_wconf 85' lang='grc' dir='ltr'>Λόγον.</span> <span class='ocrx_word' id='word_1_391' title='bbox 1631 2603 1690 2655; x_wconf 79' lang='grc' dir='ltr'>Εἰ</span> <span class='ocrx_word' id='word_1_392' title='bbox 1709 2609 1798 2654; x_wconf 78' lang='grc' dir='ltr'>καὶ</span> <span class='ocrx_word' id='word_1_393' title='bbox 1827 2605 1893 2653; x_wconf 85' lang='grc' dir='ltr'>τά</span> <span class='ocrx_word' id='word_1_394' title='bbox 1931 2601 2165 2673; x_wconf 76' lang='grc' dir='ltr'>μάλιστα</span> <span class='ocrx_word' id='word_1_395' title='bbox 2193 2604 2363 2650; x_wconf 82' lang='grc' dir='ltr'>τοίνυν</span> <span class='ocrx_word' id='word_1_396' title='bbox 2391 2596 2442 2659; x_wconf 82' lang='grc' dir='ltr'>ἐξ</span> <span class='ocrx_word' id='word_1_397' title='bbox 2481 2595 2670 2656; x_wconf 78' lang='grc' dir='ltr'>ἐκείνης</span> <span class='ocrx_word' id='word_1_398' title='bbox 2699 2605 2792 2658; x_wconf 78' lang='grc' dir='ltr'>τῆς</span> <span class='ocrx_word' id='word_1_399' title='bbox 2823 2594 3022 2668; x_wconf 63' lang='grc' dir='ltr'>ἀρχῆς,</span> <span class='ocrx_word' id='word_1_400' title='bbox 3052 2593 3137 2667; x_wconf 74' lang='grc' dir='ltr'>ἀφ’</span> <span class='ocrx_word' id='word_1_401' title='bbox 3165 2595 3228 2655; x_wconf 75' lang='grc' dir='ltr'>ἧς</span> <span class='ocrx_word' id='word_1_402' title='bbox 3265 2595 3316 2646; x_wconf 76' lang='grc' dir='ltr'>έν</span> <span class='ocrx_word' id='word_1_403' title='bbox 3345 2603 3407 2654; x_wconf 72' lang='grc' dir='ltr'>τῆ</span> 
     </span>
    </p>
   </div>
   <div class='ocr_carea' id='block_1_55' title="bbox 66 2681 3410 2764">
    <p class='ocr_par' dir='ltr' id='par_1_55' title="bbox 66 2681 3410 2764">
     <span class='ocr_line' id='line_1_55' title="bbox 66 2681 3410 2764; baseline 0.001 -35"><span class='ocrx_word' id='word_1_404' title='bbox 66 2687 234 2755; x_wconf 71' lang='grc' dir='ltr'>γιττρὶ</span> <span class='ocrx_word' id='word_1_405' title='bbox 274 2691 374 2742; x_wconf 77' lang='grc' dir='ltr'>τῆς</span> <span class='ocrx_word' id='word_1_406' title='bbox 431 2684 698 2755; x_wconf 78' lang='grc' dir='ltr'>Παρθένου</span> <span class='ocrx_word' id='word_1_407' title='bbox 739 2685 764 2736; x_wconf 91' lang='lat'>6</span> <span class='ocrx_word' id='word_1_408' title='bbox 796 2691 965 2756; x_wconf 87' lang='grc' dir='ltr'>Λόγος</span> <span class='ocrx_word' id='word_1_409' title='bbox 1002 2689 1149 2757; x_wconf 87' lang='grc' dir='ltr'>γέγνε</span> <span class='ocrx_word' id='word_1_410' title='bbox 1191 2688 1342 2760; x_wconf 81' lang='grc' dir='ltr'>σὰρξ,</span> <span class='ocrx_word' id='word_1_411' title='bbox 1376 2690 1515 2741; x_wconf 82' lang='grc' dir='ltr'>τουτ’</span> <span class='ocrx_word' id='word_1_412' title='bbox 1547 2693 1660 2742; x_wconf 82' lang='grc' dir='ltr'>ἔστι</span> <span class='ocrx_word' id='word_1_413' title='bbox 1705 2694 1876 2764; x_wconf 81' lang='grc' dir='ltr'>σάρκα</span> <span class='ocrx_word' id='word_1_414' title='bbox 1906 2689 2099 2756; x_wconf 76' lang='grc' dir='ltr'>ἔλαϐεν,</span> <span class='ocrx_word' id='word_1_415' title='bbox 2141 2684 2239 2740; x_wconf 74' lang='grc' dir='ltr'>ούὸ</span> <span class='ocrx_word' id='word_1_416' title='bbox 2268 2689 2347 2739; x_wconf 84' lang='grc' dir='ltr'>ὅτι</span> <span class='ocrx_word' id='word_1_417' title='bbox 2376 2683 2463 2738; x_wconf 75' lang='grc' dir='ltr'>οὖν</span> <span class='ocrx_word' id='word_1_418' title='bbox 2512 2681 2573 2744; x_wconf 76' lang='grc' dir='ltr'>ἧν</span> <span class='ocrx_word' id='word_1_419' title='bbox 2606 2681 2912 2759; x_wconf 80' lang='grc' dir='ltr'>διαιρέσεως</span> <span class='ocrx_word' id='word_1_420' title='bbox 2945 2682 3137 2756; x_wconf 82' lang='grc' dir='ltr'>μεταξὺ</span> <span class='ocrx_word' id='word_1_421' title='bbox 3178 2691 3270 2743; x_wconf 86' lang='grc' dir='ltr'>τῆς</span> <span class='ocrx_word' id='word_1_422' title='bbox 3297 2685 3410 2735; x_wconf 79' lang='grc' dir='ltr'>ἔκα-</span> 
     </span>
    </p>
   </div>
   <div class='ocr_carea' id='block_1_56' title="bbox 65 2770 3406 2855">
    <p class='ocr_par' dir='ltr' id='par_1_56' title="bbox 65 2770 3406 2855">
     <span class='ocr_line' id='line_1_56' title="bbox 65 2770 3406 2855; baseline 0.001 -37"><span class='ocrx_word' id='word_1_423' title='bbox 65 2774 186 2840; x_wconf 60' lang='grc' dir='ltr'>τέρας</span> <span class='ocrx_word' id='word_1_424' title='bbox 214 2781 434 2844; x_wconf 74' lang='grc' dir='ltr'>μορφῆς</span> <span class='ocrx_word' id='word_1_425' title='bbox 468 2791 480 2802; x_wconf 85' lang='grc'><strong>·</strong></span> <span class='ocrx_word' id='word_1_426' title='bbox 523 2777 612 2824; x_wconf 77' lang='grc' dir='ltr'>καὶ</span> <span class='ocrx_word' id='word_1_427' title='bbox 647 2770 718 2825; x_wconf 79' lang='grc' dir='ltr'>δι’</span> <span class='ocrx_word' id='word_1_428' title='bbox 762 2774 968 2835; x_wconf 76' lang='grc' dir='ltr'>ἀπάσης</span> <span class='ocrx_word' id='word_1_429' title='bbox 1001 2776 1267 2838; x_wconf 76' lang='grc' dir='ltr'>αὐξήσεως</span> <span class='ocrx_word' id='word_1_430' title='bbox 1316 2788 1635 2850; x_wconf 79' lang='grc' dir='ltr'>σωματικῆς,</span> <span class='ocrx_word' id='word_1_431' title='bbox 1693 2782 1799 2844; x_wconf 83' lang='grc' dir='ltr'>ἑνός</span> <span class='ocrx_word' id='word_1_432' title='bbox 1840 2786 2122 2855; x_wconf 78' lang='grc' dir='ltr'>προσώπου</span> <span class='ocrx_word' id='word_1_433' title='bbox 2173 2779 2227 2829; x_wconf 83' lang='grc' dir='ltr'>αἱ</span> <span class='ocrx_word' id='word_1_434' title='bbox 2264 2797 2355 2828; x_wconf 88' lang='grc' dir='ltr'>του</span> <span class='ocrx_word' id='word_1_435' title='bbox 2393 2778 2579 2834; x_wconf 83' lang='grc' dir='ltr'>παντὸς</span> <span class='ocrx_word' id='word_1_436' title='bbox 2614 2780 2808 2846; x_wconf 86' lang='grc' dir='ltr'>χρόνου</span> <span class='ocrx_word' id='word_1_437' title='bbox 2840 2773 3050 2846; x_wconf 78' lang='grc' dir='ltr'>πράξεις</span> <span class='ocrx_word' id='word_1_438' title='bbox 3088 2777 3359 2843; x_wconf 87' lang='grc' dir='ltr'>γεγόνασιν</span> <span class='ocrx_word' id='word_1_439' title='bbox 3392 2788 3406 2801; x_wconf 85' lang='lat'><strong><em>°</em></strong></span> 
     </span>
    </p>
   </div>
   <div class='ocr_carea' id='block_1_57' title="bbox 68 2859 3410 2942">
    <p class='ocr_par' dir='ltr' id='par_1_57' title="bbox 68 2859 3410 2942">
     <span class='ocr_line' id='line_1_57' title="bbox 68 2859 3410 2942; baseline -0 -30"><span class='ocrx_word' id='word_1_440' title='bbox 68 2860 173 2926; x_wconf 54' lang='grc' dir='ltr'>ἐμως</span> <span class='ocrx_word' id='word_1_441' title='bbox 215 2862 357 2912; x_wconf 63' lang='grc' dir='ltr'>αὐτὰ</span> <span class='ocrx_word' id='word_1_442' title='bbox 399 2881 593 2927; x_wconf 83' lang='grc' dir='ltr'>ταυτα,</span> <span class='ocrx_word' id='word_1_443' title='bbox 635 2863 761 2938; x_wconf 80' lang='grc' dir='ltr'>ἅπερ</span> <span class='ocrx_word' id='word_1_444' title='bbox 791 2861 1103 2937; x_wconf 80' lang='grc' dir='ltr'>ἀχωρίστως</span> <span class='ocrx_word' id='word_1_445' title='bbox 1127 2871 1416 2937; x_wconf 84' lang='grc' dir='ltr'>γεγένηται,</span> <span class='ocrx_word' id='word_1_446' title='bbox 1448 2869 1561 2919; x_wconf 83' lang='grc' dir='ltr'>κατ’</span> <span class='ocrx_word' id='word_1_447' title='bbox 1589 2866 1840 2942; x_wconf 68' lang='grc' dir='ltr'>οὐδεμίαν</span> <span class='ocrx_word' id='word_1_448' title='bbox 1872 2868 2132 2940; x_wconf 74' lang='grc' dir='ltr'>ἐπιμιξίαν</span> <span class='ocrx_word' id='word_1_449' title='bbox 2163 2870 2453 2937; x_wconf 79' lang='grc' dir='ltr'>συγχέομεν</span> <span class='ocrx_word' id='word_1_450' title='bbox 2489 2880 2500 2892; x_wconf 81' lang='grc'><strong><em>³</em></strong></span> <span class='ocrx_word' id='word_1_451' title='bbox 2531 2862 2658 2915; x_wconf 83' lang='grc' dir='ltr'>ἀλλά</span> <span class='ocrx_word' id='word_1_452' title='bbox 2682 2867 2837 2924; x_wconf 89' lang='grc' dir='ltr'>ποίας</span> <span class='ocrx_word' id='word_1_453' title='bbox 2865 2865 2942 2919; x_wconf 88' lang='grc' dir='ltr'>εἰη</span> <span class='ocrx_word' id='word_1_454' title='bbox 2975 2869 3198 2934; x_wconf 73' lang='grc' dir='ltr'>μορφῆς,</span> <span class='ocrx_word' id='word_1_455' title='bbox 3231 2859 3286 2912; x_wconf 74' lang='grc' dir='ltr'>ἐκ</span> <span class='ocrx_word' id='word_1_456' title='bbox 3314 2868 3410 2920; x_wconf 85' lang='grc' dir='ltr'>τῆς</span> 
     </span>
    </p>
   </div>
   <div class='ocr_carea' id='block_1_58' title="bbox 67 2953 1077 3025">
    <p class='ocr_par' dir='ltr' id='par_1_58' title="bbox 67 2953 1077 3025">
     <span class='ocr_line' id='line_1_58' title="bbox 67 2953 1077 3025; baseline 0.011 -30"><span class='ocrx_word' id='word_1_457' title='bbox 67 2956 140 2996; x_wconf 60' lang='grc' dir='ltr'>τῶν</span> <span class='ocrx_word' id='word_1_458' title='bbox 179 2953 345 3024; x_wconf 64' lang='grc' dir='ltr'>ξογων</span> <span class='ocrx_word' id='word_1_459' title='bbox 381 2957 664 3012; x_wconf 82' lang='grc' dir='ltr'>ποιότητος</span> <span class='ocrx_word' id='word_1_460' title='bbox 705 2953 1077 3025; x_wconf 81' lang='grc' dir='ltr'>αἰσθανόμεθα.</span> 
     </span>
    </p>
   </div>
   <div class='ocr_carea' id='block_1_59' title="bbox 66 3053 1654 3136">
    <p class='ocr_par' dir='ltr' id='par_1_59' title="bbox 66 3053 1654 3136">
     <span class='ocr_line' id='line_1_59' title="bbox 66 3053 1654 3136; baseline 0.008 -31"><span class='ocrx_word' id='word_1_461' title='bbox 66 3053 360 3109; x_wconf 73' lang='grc' dir='ltr'>Ἀθανασίου</span> <span class='ocrx_word' id='word_1_462' title='bbox 426 3056 717 3111; x_wconf 76' lang='grc' dir='ltr'>ἐπισκόπου</span> <span class='ocrx_word' id='word_1_463' title='bbox 773 3057 1168 3134; x_wconf 76' lang='grc' dir='ltr'>Ἀλεξαρδρείας</span> <span class='ocrx_word' id='word_1_464' title='bbox 1233 3071 1324 3115; x_wconf 70' lang='grc' dir='ltr'>τοῦ</span> <span class='ocrx_word' id='word_1_465' title='bbox 1395 3064 1654 3136; x_wconf 85' lang='grc' dir='ltr'>ὁμολογη-</span> 
     </span>
    </p>
   </div>
   <div class='ocr_carea' id='block_1_60' title="bbox 729 3151 982 3219">
    <p class='ocr_par' dir='ltr' id='par_1_60' title="bbox 729 3151 982 3219">
     <span class='ocr_line' id='line_1_60' title="bbox 729 3151 982 3219; baseline 0.012 -20"><span class='ocrx_word' id='word_1_466' title='bbox 729 3167 820 3200; x_wconf 86' lang='grc' dir='ltr'>του</span> <span class='ocrx_word' id='word_1_467' title='bbox 848 3151 982 3219; x_wconf 78' lang='grc'>(25).</span> 
     </span>
    </p>
   </div>
   <div class='ocr_carea' id='block_1_61' title="bbox 250 3251 1656 3331">
    <p class='ocr_par' dir='ltr' id='par_1_61' title="bbox 250 3251 1656 3331">
     <span class='ocr_line' id='line_1_61' title="bbox 250 3251 1656 3331; baseline 0.005 -27"><span class='ocrx_word' id='word_1_468' title='bbox 250 3251 431 3305; x_wconf 89' lang='grc' dir='ltr'>Ὀσαι</span> <span class='ocrx_word' id='word_1_469' title='bbox 496 3257 666 3305; x_wconf 83' lang='grc' dir='ltr'>τοίνυν</span> <span class='ocrx_word' id='word_1_470' title='bbox 718 3261 956 3308; x_wconf 73' lang='grc' dir='ltr'>ταπειναί</span> <span class='ocrx_word' id='word_1_471' title='bbox 1019 3255 1172 3319; x_wconf 76' lang='grc' dir='ltr'>λέξεις</span> <span class='ocrx_word' id='word_1_472' title='bbox 1229 3263 1318 3310; x_wconf 85' lang='grc' dir='ltr'>καὶ</span> <span class='ocrx_word' id='word_1_473' title='bbox 1380 3261 1526 3331; x_wconf 74' lang='grc' dir='ltr'>ἔργα,</span> <span class='ocrx_word' id='word_1_474' title='bbox 1587 3259 1656 3319; x_wconf 84' lang='grc' dir='ltr'>εἰς</span> 
     </span>
    </p>
   </div>
   <div class='ocr_carea' id='block_1_62' title="bbox 115 3272 194 3306">
    <p class='ocr_par' dir='ltr' id='par_1_62' title="bbox 115 3272 194 3306">
     <span class='ocr_line' id='line_1_62' title="bbox 115 3272 194 3306; baseline 0.063 -5"><span class='ocrx_word' id='word_1_475' title='bbox 115 3272 194 3306; x_wconf 72' lang='grc' dir='ltr'>ιε.</span> 
     </span>
    </p>
   </div>
   <div class='ocr_carea' id='block_1_63' title="bbox 65 3344 1656 3417">
    <p class='ocr_par' dir='ltr' id='par_1_63' title="bbox 65 3344 1656 3417">
     <span class='ocr_line' id='line_1_63' title="bbox 65 3344 1656 3417; baseline 0.006 -29"><span class='ocrx_word' id='word_1_476' title='bbox 65 3357 104 3388; x_wconf 72' lang='grc' dir='ltr'>το</span> <span class='ocrx_word' id='word_1_477' title='bbox 131 3350 277 3411; x_wconf 71' lang='grc' dir='ltr'>σῶμα</span> <span class='ocrx_word' id='word_1_478' title='bbox 320 3349 426 3394; x_wconf 77' lang='grc' dir='ltr'>τοῦ</span> <span class='ocrx_word' id='word_1_479' title='bbox 481 3344 605 3394; x_wconf 80' lang='grc' dir='ltr'>Υίοῡ</span> <span class='ocrx_word' id='word_1_480' title='bbox 657 3349 990 3417; x_wconf 73' lang='grc' dir='ltr'>γεγραμμένα</span> <span class='ocrx_word' id='word_1_481' title='bbox 1026 3351 1127 3397; x_wconf 86' lang='grc' dir='ltr'>νόει</span> <span class='ocrx_word' id='word_1_482' title='bbox 1163 3363 1175 3374; x_wconf 89' lang='grc'><em>’</em></span> <span class='ocrx_word' id='word_1_483' title='bbox 1234 3348 1334 3399; x_wconf 85' lang='grc' dir='ltr'>ὅσα</span> <span class='ocrx_word' id='word_1_484' title='bbox 1373 3344 1431 3399; x_wconf 72' lang='grc' dir='ltr'>δε</span> <span class='ocrx_word' id='word_1_485' title='bbox 1471 3345 1656 3409; x_wconf 71' lang='grc' dir='ltr'>ἔνδοξα</span> 
     </span>
    </p>
   </div>
   <div class='ocr_carea' id='block_1_64' title="bbox 64 3431 1656 3505">
    <p class='ocr_par' dir='ltr' id='par_1_64' title="bbox 64 3431 1656 3505">
     <span class='ocr_line' id='line_1_64' title="bbox 64 3431 1656 3505; baseline 0.006 -28"><span class='ocrx_word' id='word_1_486' title='bbox 64 3433 339 3500; x_wconf 58' lang='grc' dir='ltr'>γράμματα,</span> <span class='ocrx_word' id='word_1_487' title='bbox 406 3431 484 3491; x_wconf 85' lang='grc' dir='ltr'>εἰς</span> <span class='ocrx_word' id='word_1_488' title='bbox 529 3435 623 3489; x_wconf 80' lang='grc' dir='ltr'>τὴν</span> <span class='ocrx_word' id='word_1_489' title='bbox 674 3451 764 3484; x_wconf 85' lang='grc' dir='ltr'>τον</span> <span class='ocrx_word' id='word_1_490' title='bbox 796 3439 971 3504; x_wconf 84' lang='grc' dir='ltr'>Λόγου</span> <span class='ocrx_word' id='word_1_491' title='bbox 1028 3437 1260 3491; x_wconf 85' lang='grc' dir='ltr'>θεότητα.</span> <span class='ocrx_word' id='word_1_492' title='bbox 1292 3434 1452 3486; x_wconf 82' lang='grc' dir='ltr'>Ὀταν</span> <span class='ocrx_word' id='word_1_493' title='bbox 1505 3443 1656 3505; x_wconf 81' lang='grc' dir='ltr'>πεινᾲ</span> 
     </span>
    </p>
   </div>
   <div class='ocr_carea' id='block_1_65' title="bbox 64 3522 1656 3596">
    <p class='ocr_par' dir='ltr' id='par_1_65' title="bbox 64 3522 1656 3596">
     <span class='ocr_line' id='line_1_65' title="bbox 64 3522 1656 3596; baseline 0.008 -32"><span class='ocrx_word' id='word_1_494' title='bbox 64 3522 163 3582; x_wconf 54' lang='grc' dir='ltr'>μετά</span> <span class='ocrx_word' id='word_1_495' title='bbox 215 3524 272 3571; x_wconf 80' lang='grc' dir='ltr'>νό</span> <span class='ocrx_word' id='word_1_496' title='bbox 335 3528 657 3589; x_wconf 69' lang='grc' dir='ltr'>νηστεῦσαι,</span> <span class='ocrx_word' id='word_1_497' title='bbox 710 3529 802 3572; x_wconf 78' lang='grc' dir='ltr'>τοῦ</span> <span class='ocrx_word' id='word_1_498' title='bbox 852 3532 1091 3594; x_wconf 82' lang='grc' dir='ltr'>σωματος</span> <span class='ocrx_word' id='word_1_499' title='bbox 1147 3522 1456 3596; x_wconf 70' lang='grc' dir='ltr'>ἐλάττωμα·</span> <span class='ocrx_word' id='word_1_500' title='bbox 1504 3527 1656 3582; x_wconf 72' lang='grc' dir='ltr'>ἡνίκα</span> 
     </span>
    </p>
   </div>
   <div class='ocr_carea' id='block_1_66' title="bbox 67 3602 1654 3684">
    <p class='ocr_par' dir='ltr' id='par_1_66' title="bbox 67 3602 1654 3684">
     <span class='ocr_line' id='line_1_66' title="bbox 67 3602 1654 3684; baseline 0.006 -29"><span class='ocrx_word' id='word_1_501' title='bbox 67 3602 108 3655; x_wconf 69' lang='lat' dir='ltr'>ia</span> <span class='ocrx_word' id='word_1_502' title='bbox 171 3607 222 3659; x_wconf 74' lang='grc' dir='ltr'><em>ἐκ</em></span> <span class='ocrx_word' id='word_1_503' title='bbox 300 3613 465 3662; x_wconf 80' lang='grc' dir='ltr'>πέντε</span> <span class='ocrx_word' id='word_1_504' title='bbox 520 3612 687 3682; x_wconf 85' lang='grc' dir='ltr'>οῖρτων</span> <span class='ocrx_word' id='word_1_505' title='bbox 748 3615 862 3671; x_wconf 80' lang='grc' dir='ltr'>τοὺς</span> <span class='ocrx_word' id='word_1_506' title='bbox 915 3616 1149 3673; x_wconf 57' lang='grc' dir='ltr'>πεντακις</span> <span class='ocrx_word' id='word_1_507' title='bbox 1205 3613 1411 3684; x_wconf 83' lang='grc' dir='ltr'>χιλίους</span> <span class='ocrx_word' id='word_1_508' title='bbox 1460 3611 1654 3684; x_wconf 72' lang='grc' dir='ltr'>ἀνδρας</span> 
     </span>
    </p>
   </div>
   <div class='ocr_carea' id='block_1_67' title="bbox 66 3695 1653 3773">
    <p class='ocr_par' dir='ltr' id='par_1_67' title="bbox 66 3695 1653 3773">
     <span class='ocr_line' id='line_1_67' title="bbox 66 3695 1653 3773; baseline 0.006 -29"><span class='ocrx_word' id='word_1_509' title='bbox 66 3713 201 3765; x_wconf 54' lang='lat' dir='ltr'>legi;</span> <span class='ocrx_word' id='word_1_510' title='bbox 276 3695 522 3751; x_wconf 73' lang='grc' dir='ltr'>παιδίων</span> <span class='ocrx_word' id='word_1_511' title='bbox 579 3704 668 3751; x_wconf 81' lang='grc' dir='ltr'>καὶ</span> <span class='ocrx_word' id='word_1_512' title='bbox 722 3709 979 3769; x_wconf 74' lang='grc' dir='ltr'>γυναικών</span> <span class='ocrx_word' id='word_1_513' title='bbox 1034 3707 1223 3773; x_wconf 72' lang='grc' dir='ltr'>τρέφει,</span> <span class='ocrx_word' id='word_1_514' title='bbox 1279 3707 1368 3754; x_wconf 83' lang='grc' dir='ltr'>καὶ</span> <span class='ocrx_word' id='word_1_515' title='bbox 1443 3699 1653 3754; x_wconf 67' lang='grc' dir='ltr'>δώδεκα</span> 
     </span>
    </p>
   </div>
   <div class='ocr_carea' id='block_1_68' title="bbox 66 3788 1652 3864">
    <p class='ocr_par' dir='ltr' id='par_1_68' title="bbox 66 3788 1652 3864">
     <span class='ocr_line' id='line_1_68' title="bbox 66 3788 1652 3864; baseline 0.006 -29"><span class='ocrx_word' id='word_1_516' title='bbox 66 3794 276 3856; x_wconf 60' lang='grc' dir='ltr'>κοινούς</span> <span class='ocrx_word' id='word_1_517' title='bbox 343 3788 568 3861; x_wconf 73' lang='grc' dir='ltr'>πλήρεις</span> <span class='ocrx_word' id='word_1_518' title='bbox 626 3788 938 3861; x_wconf 77' lang='grc' dir='ltr'>κλασμάτων</span> <span class='ocrx_word' id='word_1_519' title='bbox 1006 3795 1325 3864; x_wconf 70' lang='grc' dir='ltr'>περισσεύει,</span> <span class='ocrx_word' id='word_1_520' title='bbox 1393 3799 1487 3853; x_wconf 81' lang='grc' dir='ltr'>τῆς</span> <span class='ocrx_word' id='word_1_521' title='bbox 1547 3794 1652 3844; x_wconf 84' lang='grc' dir='ltr'>θεό-</span> 
     </span>
    </p>
   </div>
   <div class='ocr_carea' id='block_1_69' title="bbox 69 3876 1651 3953">
    <p class='ocr_par' dir='ltr' id='par_1_69' title="bbox 69 3876 1651 3953">
     <span class='ocr_line' id='line_1_69' title="bbox 69 3876 1651 3953; baseline 0.003 -25"><span class='ocrx_word' id='word_1_522' title='bbox 69 3891 193 3937; x_wconf 70' lang='grc' dir='ltr'>τξτος</span> <span class='ocrx_word' id='word_1_523' title='bbox 244 3886 345 3930; x_wconf 79' lang='grc' dir='ltr'>τοῦ</span> <span class='ocrx_word' id='word_1_524' title='bbox 412 3880 587 3947; x_wconf 85' lang='grc' dir='ltr'>Λόγου</span> <span class='ocrx_word' id='word_1_525' title='bbox 644 3881 701 3928; x_wconf 89' lang='grc' dir='ltr'>τό</span> <span class='ocrx_word' id='word_1_526' title='bbox 741 3880 904 3949; x_wconf 82' lang='grc' dir='ltr'>ἔργον.</span> <span class='ocrx_word' id='word_1_527' title='bbox 944 3878 1126 3931; x_wconf 80' lang='grc' dir='ltr'>Ἠνίκα</span> <span class='ocrx_word' id='word_1_528' title='bbox 1164 3876 1223 3931; x_wconf 71' lang='grc' dir='ltr'>δὲ</span> <span class='ocrx_word' id='word_1_529' title='bbox 1274 3879 1359 3932; x_wconf 80' lang='grc' dir='ltr'>ἐπὶ</span> <span class='ocrx_word' id='word_1_530' title='bbox 1396 3883 1454 3931; x_wconf 86' lang='grc' dir='ltr'>τό</span> <span class='ocrx_word' id='word_1_531' title='bbox 1490 3899 1651 3953; x_wconf 87' lang='grc' dir='ltr'>προσ-</span> 
     </span>
    </p>
   </div>
   <div class='ocr_carea' id='block_1_70' title="bbox 69 3965 1652 4038">
    <p class='ocr_par' dir='ltr' id='par_1_70' title="bbox 69 3965 1652 4038">
     <span class='ocr_line' id='line_1_70' title="bbox 69 3965 1652 4038; baseline 0.004 -24"><span class='ocrx_word' id='word_1_532' title='bbox 69 3966 309 4034; x_wconf 64' lang='grc' dir='ltr'>ιεοςέλαιον</span> <span class='ocrx_word' id='word_1_533' title='bbox 375 3965 434 4017; x_wconf 86' lang='grc' dir='ltr'>ἐν</span> <span class='ocrx_word' id='word_1_534' title='bbox 493 3974 563 4035; x_wconf 82' lang='grc' dir='ltr'>τῷ</span> <span class='ocrx_word' id='word_1_535' title='bbox 619 3966 780 4038; x_wconf 83' lang='grc' dir='ltr'>πλοίῳ</span> <span class='ocrx_word' id='word_1_536' title='bbox 818 3974 1084 4038; x_wconf 75' lang='grc' dir='ltr'>κοιμᾶται,</span> <span class='ocrx_word' id='word_1_537' title='bbox 1146 3967 1486 4029; x_wconf 84' lang='grc' dir='ltr'>ἀναπαύσεως</span> <span class='ocrx_word' id='word_1_538' title='bbox 1543 3987 1652 4020; x_wconf 88' lang='grc' dir='ltr'>σω-</span> 
     </span>
    </p>
   </div>
   <div class='ocr_carea' id='block_1_71' title="bbox 73 4055 1654 4129">
    <p class='ocr_par' dir='ltr' id='par_1_71' title="bbox 73 4055 1654 4129">
     <span class='ocr_line' id='line_1_71' title="bbox 73 4055 1654 4129; baseline 0.006 -30"><span class='ocrx_word' id='word_1_539' title='bbox 73 4063 265 4115; x_wconf 66' lang='grc' dir='ltr'>κιτικῆς</span> <span class='ocrx_word' id='word_1_540' title='bbox 324 4059 482 4127; x_wconf 80' lang='grc' dir='ltr'>ἔργον</span> <span class='ocrx_word' id='word_1_541' title='bbox 517 4076 529 4087; x_wconf 73' lang='grc' dir='ltr'>ο</span> <span class='ocrx_word' id='word_1_542' title='bbox 589 4056 708 4106; x_wconf 84' lang='grc' dir='ltr'>ὅταν</span> <span class='ocrx_word' id='word_1_543' title='bbox 760 4065 1055 4129; x_wconf 81' lang='grc' dir='ltr'>περιπατων</span> <span class='ocrx_word' id='word_1_544' title='bbox 1095 4055 1178 4108; x_wconf 79' lang='grc' dir='ltr'>ἐπὶ</span> <span class='ocrx_word' id='word_1_545' title='bbox 1229 4065 1323 4118; x_wconf 82' lang='grc' dir='ltr'>τῆς</span> <span class='ocrx_word' id='word_1_546' title='bbox 1383 4057 1654 4118; x_wconf 77' lang='grc' dir='ltr'>θαλάσσης</span> 
     </span>
    </p>
   </div>
   <div class='ocr_carea' id='block_1_72' title="bbox 75 4139 1651 4217">
    <p class='ocr_par' dir='ltr' id='par_1_72' title="bbox 75 4139 1651 4217">
     <span class='ocr_line' id='line_1_72' title="bbox 75 4139 1651 4217; baseline 0.001 -25"><span class='ocrx_word' id='word_1_547' title='bbox 75 4139 215 4214; x_wconf 56' lang='lat' dir='ltr'>itali;</span> <span class='ocrx_word' id='word_1_548' title='bbox 275 4152 395 4205; x_wconf 86' lang='grc' dir='ltr'>τοῖς</span> <span class='ocrx_word' id='word_1_549' title='bbox 449 4163 652 4215; x_wconf 83' lang='grc' dir='ltr'>κυμασι</span> <span class='ocrx_word' id='word_1_550' title='bbox 689 4149 778 4195; x_wconf 85' lang='grc' dir='ltr'>καὶ</span> <span class='ocrx_word' id='word_1_551' title='bbox 829 4152 938 4204; x_wconf 87' lang='grc' dir='ltr'>τοῖς</span> <span class='ocrx_word' id='word_1_552' title='bbox 995 4143 1220 4215; x_wconf 81' lang='grc' dir='ltr'>ἀνέμοις,</span> <span class='ocrx_word' id='word_1_553' title='bbox 1263 4151 1456 4211; x_wconf 79' lang='grc' dir='ltr'>Σιώπα,</span> <span class='ocrx_word' id='word_1_554' title='bbox 1498 4150 1651 4217; x_wconf 73' lang='grc' dir='ltr'>πεφί-</span> 
     </span>
    </p>
   </div>
   <div class='ocr_carea' id='block_1_73' title="bbox 71 4229 1652 4306">
    <p class='ocr_par' dir='ltr' id='par_1_73' title="bbox 71 4229 1652 4306">
     <span class='ocr_line' id='line_1_73' title="bbox 71 4229 1652 4306; baseline 0.003 -24"><span class='ocrx_word' id='word_1_555' title='bbox 71 4250 202 4296; x_wconf 60' lang='grc' dir='ltr'>μωτο,</span> <span class='ocrx_word' id='word_1_556' title='bbox 267 4232 432 4292; x_wconf 66' lang='grc' dir='ltr'>εὐθὺς</span> <span class='ocrx_word' id='word_1_557' title='bbox 494 4229 669 4284; x_wconf 82' lang='grc' dir='ltr'>ἀκούει</span> <span class='ocrx_word' id='word_1_558' title='bbox 722 4235 865 4306; x_wconf 83' lang='grc' dir='ltr'>παρά</span> <span class='ocrx_word' id='word_1_559' title='bbox 920 4241 1019 4284; x_wconf 81' lang='grc' dir='ltr'>τῶν</span> <span class='ocrx_word' id='word_1_560' title='bbox 1076 4231 1124 4284; x_wconf 79' lang='grc' dir='ltr'>ἐν</span> <span class='ocrx_word' id='word_1_561' title='bbox 1177 4241 1248 4303; x_wconf 85' lang='grc' dir='ltr'>τῷ</span> <span class='ocrx_word' id='word_1_562' title='bbox 1311 4232 1469 4304; x_wconf 84' lang='grc' dir='ltr'>πλοίῳ</span> <span class='ocrx_word' id='word_1_563' title='bbox 1523 4235 1652 4305; x_wconf 87' lang='grc' dir='ltr'>μεθ-</span> 
     </span>
    </p>
   </div>
   <div class='ocr_carea' id='block_1_74' title="bbox 73 4318 1653 4394">
    <p class='ocr_par' dir='ltr' id='par_1_74' title="bbox 73 4318 1653 4394">
     <span class='ocr_line' id='line_1_74' title="bbox 73 4318 1653 4394; baseline 0.005 -29"><span class='ocrx_word' id='word_1_564' title='bbox 73 4318 197 4386; x_wconf 55' lang='lat' dir='ltr'>iam</span> <span class='ocrx_word' id='word_1_565' title='bbox 245 4321 672 4394; x_wconf 76' lang='grc' dir='ltr'>ὁμολογούντων,</span> <span class='ocrx_word' id='word_1_566' title='bbox 727 4320 962 4382; x_wconf 80' lang='grc' dir='ltr'>Ἀληθῶς</span> <span class='ocrx_word' id='word_1_567' title='bbox 1029 4328 1162 4373; x_wconf 77' lang='grc' dir='ltr'>Θεοῦ</span> <span class='ocrx_word' id='word_1_568' title='bbox 1213 4324 1332 4383; x_wconf 80' lang='grc' dir='ltr'>Υἱὸς</span> <span class='ocrx_word' id='word_1_569' title='bbox 1388 4321 1450 4377; x_wconf 81' lang='grc' dir='ltr'>εἰ.</span> <span class='ocrx_word' id='word_1_570' title='bbox 1492 4322 1653 4376; x_wconf 78' lang='grc' dir='ltr'>Ὀταν</span> 
     </span>
    </p>
   </div>
   <div class='ocr_carea' id='block_1_75' title="bbox 72 4406 1653 4485">
    <p class='ocr_par' dir='ltr' id='par_1_75' title="bbox 72 4406 1653 4485">
     <span class='ocr_line' id='line_1_75' title="bbox 72 4406 1653 4485; baseline 0.004 -29"><span class='ocrx_word' id='word_1_571' title='bbox 72 4406 198 4469; x_wconf 75' lang='grc' dir='ltr'>ἐττως</span> <span class='ocrx_word' id='word_1_572' title='bbox 272 4413 410 4484; x_wconf 82' lang='grc' dir='ltr'>πρὸς</span> <span class='ocrx_word' id='word_1_573' title='bbox 487 4417 560 4479; x_wconf 81' lang='grc' dir='ltr'>τῷ</span> <span class='ocrx_word' id='word_1_574' title='bbox 634 4415 866 4480; x_wconf 75' lang='grc' dir='ltr'>μνήματι</span> <span class='ocrx_word' id='word_1_575' title='bbox 946 4411 1193 4482; x_wconf 70' lang='grc' dir='ltr'>Λαζάρου</span> <span class='ocrx_word' id='word_1_576' title='bbox 1267 4407 1494 4485; x_wconf 65' lang='grc' dir='ltr'>δακρύῃ,</span> <span class='ocrx_word' id='word_1_577' title='bbox 1565 4416 1653 4463; x_wconf 84' lang='grc' dir='ltr'>καὶ</span> 
     </span>
    </p>
   </div>
   <div class='ocr_carea' id='block_1_76' title="bbox 70 4477 1731 4576">
    <p class='ocr_par' dir='ltr' id='par_1_76' title="bbox 70 4477 1731 4576">
     <span class='ocr_line' id='line_1_76' title="bbox 70 4477 1731 4576; baseline 0.005 -31"><span class='ocrx_word' id='word_1_578' title='bbox 70 4499 262 4554; x_wconf 48' lang='lat' dir='ltr'>itu-lixa</span> <span class='ocrx_word' id='word_1_579' title='bbox 325 4503 571 4570; x_wconf 67' lang='grc' dir='ltr'>πάσχειν</span> <span class='ocrx_word' id='word_1_580' title='bbox 621 4499 805 4570; x_wconf 80' lang='grc' dir='ltr'>ἔμελλε,</span> <span class='ocrx_word' id='word_1_581' title='bbox 858 4499 976 4572; x_wconf 76' lang='grc' dir='ltr'>λέγῃ</span> <span class='ocrx_word' id='word_1_582' title='bbox 1016 4517 1027 4529; x_wconf 92' lang='grc'><strong>·</strong></span> <span class='ocrx_word' id='word_1_583' title='bbox 1091 4501 1375 4576; x_wconf 78' lang='grc' dir='ltr'>Περίλυπός</span> <span class='ocrx_word' id='word_1_584' title='bbox 1430 4501 1569 4554; x_wconf 80' lang='grc' dir='ltr'>ἐστιν</span> <span class='ocrx_word' id='word_1_585' title='bbox 1619 4504 1648 4560; x_wconf 82' lang='grc' dir='ltr'>ἡ</span> <span class='ocrx_word' id='word_1_586' title='bbox 1688 4477 1731 4530; x_wconf 82' lang='lat' dir='ltr'><strong>D</strong></span> 
     </span>
    </p>
   </div>
   <div class='ocr_carea' id='block_1_77' title="bbox 73 4586 1654 4662">
    <p class='ocr_par' dir='ltr' id='par_1_77' title="bbox 73 4586 1654 4662">
     <span class='ocr_line' id='line_1_77' title="bbox 73 4586 1654 4662; baseline 0.005 -25"><span class='ocrx_word' id='word_1_587' title='bbox 73 4587 193 4657; x_wconf 55' lang='grc' dir='ltr'>’ᾇνχή</span> <span class='ocrx_word' id='word_1_588' title='bbox 243 4610 348 4662; x_wconf 84' lang='grc' dir='ltr'>μου</span> <span class='ocrx_word' id='word_1_589' title='bbox 414 4589 508 4648; x_wconf 87' lang='grc' dir='ltr'>ἓως</span> <span class='ocrx_word' id='word_1_590' title='bbox 559 4589 800 4648; x_wconf 79' lang='grc' dir='ltr'>θανάτου,</span> <span class='ocrx_word' id='word_1_591' title='bbox 843 4594 931 4640; x_wconf 80' lang='grc' dir='ltr'>καὶ</span> <span class='ocrx_word' id='word_1_592' title='bbox 991 4586 1228 4662; x_wconf 67' lang='grc' dir='ltr'>ἀδημονῇ</span> <span class='ocrx_word' id='word_1_593' title='bbox 1263 4605 1279 4620; x_wconf 83' lang='grc'><strong>⁸</strong></span> <span class='ocrx_word' id='word_1_594' title='bbox 1330 4596 1418 4642; x_wconf 82' lang='grc' dir='ltr'>καὶ</span> <span class='ocrx_word' id='word_1_595' title='bbox 1468 4595 1526 4643; x_wconf 87' lang='grc' dir='ltr'>τό</span> <span class='ocrx_word' id='word_1_596' title='bbox 1565 4595 1654 4662; x_wconf 74' lang='grc' dir='ltr'>μὲν</span> 
     </span>
    </p>
   </div>
   <div class='ocr_carea' id='block_1_78' title="bbox 72 4678 1655 4750">
    <p class='ocr_par' dir='ltr' id='par_1_78' title="bbox 72 4678 1655 4750">
     <span class='ocr_line' id='line_1_78' title="bbox 72 4678 1655 4750; baseline 0.004 -26"><span class='ocrx_word' id='word_1_597' title='bbox 72 4686 240 4748; x_wconf 66' lang='grc' dir='ltr'>τιενμα</span> <span class='ocrx_word' id='word_1_598' title='bbox 267 4687 365 4738; x_wconf 78' lang='grc' dir='ltr'>τῆς</span> <span class='ocrx_word' id='word_1_599' title='bbox 397 4679 643 4737; x_wconf 76' lang='grc' dir='ltr'>θεότητος</span> <span class='ocrx_word' id='word_1_600' title='bbox 663 4679 928 4749; x_wconf 82' lang='grc' dir='ltr'>πρόθυμον</span> <span class='ocrx_word' id='word_1_601' title='bbox 951 4678 1019 4740; x_wconf 84' lang='grc' dir='ltr'>εὶς</span> <span class='ocrx_word' id='word_1_602' title='bbox 1049 4685 1222 4730; x_wconf 85' lang='grc' dir='ltr'>πᾶσαν</span> <span class='ocrx_word' id='word_1_603' title='bbox 1253 4679 1546 4750; x_wconf 80' lang='grc' dir='ltr'>οἰκονομίαν</span> <span class='ocrx_word' id='word_1_604' title='bbox 1576 4679 1655 4732; x_wconf 85' lang='grc' dir='ltr'>λέ-</span> 
     </span>
    </p>
   </div>
   <div class='ocr_carea' id='block_1_79' title="bbox 72 4763 1653 4839">
    <p class='ocr_par' dir='ltr' id='par_1_79' title="bbox 72 4763 1653 4839">
     <span class='ocr_line' id='line_1_79' title="bbox 72 4763 1653 4839; baseline 0.003 -24"><span class='ocrx_word' id='word_1_605' title='bbox 72 4785 140 4834; x_wconf 64' lang='grc' dir='ltr'>-ιλς,</span> <span class='ocrx_word' id='word_1_606' title='bbox 169 4773 259 4824; x_wconf 68' lang='grc' dir='ltr'>τὴν</span> <span class='ocrx_word' id='word_1_607' title='bbox 301 4764 363 4820; x_wconf 68' lang='grc' dir='ltr'>δὲ</span> <span class='ocrx_word' id='word_1_608' title='bbox 415 4768 592 4838; x_wconf 83' lang='grc' dir='ltr'>σάρκα</span> <span class='ocrx_word' id='word_1_609' title='bbox 631 4763 844 4838; x_wconf 71' lang='grc' dir='ltr'>ἀσθενῇ,</span> <span class='ocrx_word' id='word_1_610' title='bbox 877 4775 970 4818; x_wconf 74' lang='grc' dir='ltr'>τοῦ</span> <span class='ocrx_word' id='word_1_611' title='bbox 1011 4772 1249 4839; x_wconf 85' lang='grc' dir='ltr'>σώματος</span> <span class='ocrx_word' id='word_1_612' title='bbox 1295 4767 1552 4831; x_wconf 80' lang='grc' dir='ltr'>ἀσθένεια,</span> <span class='ocrx_word' id='word_1_613' title='bbox 1596 4771 1653 4820; x_wconf 88' lang='grc' dir='ltr'>τὸ</span> 
     </span>
    </p>
   </div>
   <div class='ocr_carea' id='block_1_80' title="bbox 73 4852 1650 4930">
    <p class='ocr_par' dir='ltr' id='par_1_80' title="bbox 73 4852 1650 4930">
     <span class='ocr_line' id='line_1_80' title="bbox 73 4852 1650 4930; baseline 0.005 -30"><span class='ocrx_word' id='word_1_614' title='bbox 73 4852 320 4909; x_wconf 62' lang='grc' dir='ltr'>λυπεῖσθαι</span> <span class='ocrx_word' id='word_1_615' title='bbox 379 4860 477 4906; x_wconf 81' lang='grc' dir='ltr'>καὶ</span> <span class='ocrx_word' id='word_1_616' title='bbox 533 4852 814 4927; x_wconf 69' lang='grc' dir='ltr'>ἀδημονεῖν</span> <span class='ocrx_word' id='word_1_617' title='bbox 847 4873 860 4884; x_wconf 92' lang='grc'><strong>·</strong></span> <span class='ocrx_word' id='word_1_618' title='bbox 931 4857 1052 4907; x_wconf 83' lang='grc' dir='ltr'>ὅταν</span> <span class='ocrx_word' id='word_1_619' title='bbox 1112 4856 1446 4918; x_wconf 79' lang='grc' dir='ltr'>κελευστικώς</span> <span class='ocrx_word' id='word_1_620' title='bbox 1505 4857 1650 4930; x_wconf 74' lang='grc' dir='ltr'>λέγῃ,</span> 
     </span>
    </p>
   </div>
   <div class='ocr_carea' id='block_1_81' title="bbox 77 4941 1653 5020">
    <p class='ocr_par' dir='ltr' id='par_1_81' title="bbox 77 4941 1653 5020">
     <span class='ocr_line' id='line_1_81' title="bbox 77 4941 1653 5020; baseline 0.004 -29"><span class='ocrx_word' id='word_1_621' title='bbox 77 4945 271 5018; x_wconf 53' lang='lat' dir='ltr'>Aegaea,</span> <span class='ocrx_word' id='word_1_622' title='bbox 314 4941 478 5016; x_wconf 81' lang='grc' dir='ltr'>δεῦρο</span> <span class='ocrx_word' id='word_1_623' title='bbox 517 4942 633 5007; x_wconf 80' lang='grc' dir='ltr'>ἔξω,</span> <span class='ocrx_word' id='word_1_624' title='bbox 662 4949 752 4995; x_wconf 80' lang='grc' dir='ltr'>καὶ</span> <span class='ocrx_word' id='word_1_625' title='bbox 783 4941 970 5001; x_wconf 83' lang='grc' dir='ltr'>ἀνέστη</span> <span class='ocrx_word' id='word_1_626' title='bbox 1005 4944 1104 5003; x_wconf 80' lang='grc' dir='ltr'>ζῶν</span> <span class='ocrx_word' id='word_1_627' title='bbox 1153 4945 1179 4996; x_wconf 90' lang='lat'>6</span> <span class='ocrx_word' id='word_1_628' title='bbox 1216 4949 1392 5016; x_wconf 82' lang='grc' dir='ltr'>νεκρός</span> <span class='ocrx_word' id='word_1_629' title='bbox 1429 4952 1653 5020; x_wconf 76' lang='grc' dir='ltr'>τετραή-</span> 
     </span>
    </p>
   </div>
   <div class='ocr_carea' id='block_1_82' title="bbox 75 5031 1652 5108">
    <p class='ocr_par' dir='ltr' id='par_1_82' title="bbox 75 5031 1652 5108">
     <span class='ocr_line' id='line_1_82' title="bbox 75 5031 1652 5108; baseline 0.004 -28"><span class='ocrx_word' id='word_1_630' title='bbox 75 5051 194 5104; x_wconf 55' lang='grc' dir='ltr'>μέρος</span> <span class='ocrx_word' id='word_1_631' title='bbox 222 5031 332 5092; x_wconf 69' lang='grc' dir='ltr'>ἤδη</span> <span class='ocrx_word' id='word_1_632' title='bbox 365 5033 636 5104; x_wconf 84' lang='grc' dir='ltr'>λελυμένος</span> <span class='ocrx_word' id='word_1_633' title='bbox 671 5033 717 5095; x_wconf 72' lang='lat'><strong><em>(6</em></strong></span> <span class='ocrx_word' id='word_1_634' title='bbox 741 5033 834 5084; x_wconf 66' lang='grc' dir='ltr'>οὐκ</span> <span class='ocrx_word' id='word_1_635' title='bbox 866 5033 1059 5104; x_wconf 80' lang='grc' dir='ltr'>ἐγένετο</span> <span class='ocrx_word' id='word_1_636' title='bbox 1100 5033 1189 5085; x_wconf 86' lang='grc' dir='ltr'>ἀπ’</span> <span class='ocrx_word' id='word_1_637' title='bbox 1216 5032 1388 5108; x_wconf 80' lang='grc' dir='ltr'>ἀρχῆς</span> <span class='ocrx_word' id='word_1_638' title='bbox 1413 5043 1508 5096; x_wconf 84' lang='grc' dir='ltr'>τῆς</span> <span class='ocrx_word' id='word_1_639' title='bbox 1538 5038 1652 5086; x_wconf 66' lang='lat' dir='ltr'>xti-</span> 
     </span>
    </p>
   </div>
   <div class='ocr_carea' id='block_1_83' title="bbox 77 5125 978 5194">
    <p class='ocr_par' dir='ltr' id='par_1_83' title="bbox 77 5125 978 5194">
     <span class='ocr_line' id='line_1_83' title="bbox 77 5125 978 5194; baseline 0.026 -30"><span class='ocrx_word' id='word_1_640' title='bbox 77 5125 216 5193; x_wconf 62' lang='grc' dir='ltr'>ςεως),</span> <span class='ocrx_word' id='word_1_641' title='bbox 246 5131 343 5184; x_wconf 74' lang='grc' dir='ltr'>τῆς</span> <span class='ocrx_word' id='word_1_642' title='bbox 373 5125 616 5183; x_wconf 82' lang='grc' dir='ltr'>θεότητος</span> <span class='ocrx_word' id='word_1_643' title='bbox 644 5126 702 5174; x_wconf 86' lang='grc' dir='ltr'>τὸ</span> <span class='ocrx_word' id='word_1_644' title='bbox 740 5129 978 5194; x_wconf 73' lang='grc' dir='ltr'>σημεῖονο</span> 
     </span>
    </p>
   </div>
   <div class='ocr_carea' id='block_1_84' title="bbox 124 5297 1474 5368">
    <p class='ocr_par' dir='ltr' id='par_1_84' title="bbox 124 5297 1474 5368">
     <span class='ocr_line' id='line_1_84' title="bbox 124 5297 1474 5368; baseline 0 -14"><span class='ocrx_word' id='word_1_645' title='bbox 124 5301 163 5333; x_wconf 75' lang='lat'>“</span> <span class='ocrx_word' id='word_1_646' title='bbox 192 5299 403 5358; x_wconf 78' lang='lat' dir='ltr'>Matth.</span> <span class='ocrx_word' id='word_1_647' title='bbox 441 5316 527 5367; x_wconf 83' lang='lat' dir='ltr'>iu,</span> <span class='ocrx_word' id='word_1_648' title='bbox 558 5304 620 5355; x_wconf 77' lang='lat' dir='ltr'>i7</span> <span class='ocrx_word' id='word_1_649' title='bbox 650 5317 665 5368; x_wconf 87' lang='lat'><strong>;</strong></span> <span class='ocrx_word' id='word_1_650' title='bbox 704 5315 868 5366; x_wconf 83' lang='lat' dir='ltr'>xvui,</span> <span class='ocrx_word' id='word_1_651' title='bbox 899 5304 950 5355; x_wconf 82' lang='lat'>5.</span> <span class='ocrx_word' id='word_1_652' title='bbox 1026 5301 1076 5335; x_wconf 77' lang='grc'>³⁵</span> <span class='ocrx_word' id='word_1_653' title='bbox 1109 5301 1277 5355; x_wconf 88' lang='lat' dir='ltr'>Joan.</span> <span class='ocrx_word' id='word_1_654' title='bbox 1308 5297 1352 5365; x_wconf 78' lang='grc' dir='ltr'>Ι,</span> <span class='ocrx_word' id='word_1_655' title='bbox 1384 5303 1474 5356; x_wconf 83' lang='lat'>29.</span> 
     </span>
    </p>
   </div>
   <div class='ocr_carea' id='block_1_85' title="bbox 100 5474 1658 5550">
    <p class='ocr_par' dir='ltr' id='par_1_85' title="bbox 100 5474 1658 5550">
     <span class='ocr_line' id='line_1_85' title="bbox 100 5474 1658 5550; baseline 0.001 -22"><span class='ocrx_word' id='word_1_656' title='bbox 100 5476 642 5550; x_wconf 74' lang='lat' dir='ltr'>_(25)Sequ_entibus</span> <span class='ocrx_word' id='word_1_657' title='bbox 672 5475 892 5550; x_wconf 74' lang='lat' dir='ltr'>similia</span> <span class='ocrx_word' id='word_1_658' title='bbox 915 5474 1409 5550; x_wconf 29' lang='lat' dir='ltr'>legebamuetiani</span> <span class='ocrx_word' id='word_1_659' title='bbox 1428 5475 1488 5550; x_wconf 85' lang='lat' dir='ltr'>in</span> <span class='ocrx_word' id='word_1_660' title='bbox 1520 5491 1658 5546; x_wconf 87' lang='lat' dir='ltr'>spu-</span> 
     </span>
    </p>
   </div>
   <div class='ocr_carea' id='block_1_86' title="bbox 75 5545 1650 5619">
    <p class='ocr_par' dir='ltr' id='par_1_86' title="bbox 75 5545 1650 5619">
     <span class='ocr_line' id='line_1_86' title="bbox 75 5545 1650 5619; baseline -0.001 -20"><span class='ocrx_word' id='word_1_661' title='bbox 75 5545 160 5604; x_wconf 78' lang='lat' dir='ltr'>rio.</span> <span class='ocrx_word' id='word_1_662' title='bbox 197 5555 258 5602; x_wconf 88' lang='lat' dir='ltr'>ut</span> <span class='ocrx_word' id='word_1_663' title='bbox 290 5545 528 5616; x_wconf 87' lang='lat' dir='ltr'>dicitur,</span> <span class='ocrx_word' id='word_1_664' title='bbox 572 5563 756 5619; x_wconf 90' lang='lat' dir='ltr'>opere</span> <span class='ocrx_word' id='word_1_665' title='bbox 806 5548 876 5619; x_wconf 17' lang='lat' dir='ltr'>S_.A</span> <span class='ocrx_word' id='word_1_666' title='bbox 915 5545 1225 5619; x_wconf 82' lang='lat' dir='ltr'>Athanasii</span> <span class='ocrx_word' id='word_1_667' title='bbox 1263 5545 1493 5619; x_wconf 16' lang='lat' dir='ltr'>delﬁde</span> <span class='ocrx_word' id='word_1_668' title='bbox 1519 5545 1650 5611; x_wconf 79' lang='lat' dir='ltr'>sua,</span> 
     </span>
    </p>
   </div>
   <div class='ocr_carea' id='block_1_87' title="bbox 75 5615 1648 5689">
    <p class='ocr_par' dir='ltr' id='par_1_87' title="bbox 75 5615 1648 5689">
     <span class='ocr_line' id='line_1_87' title="bbox 75 5615 1648 5689; baseline -0.002 -16"><span class='ocrx_word' id='word_1_669' title='bbox 75 5620 210 5687; x_wconf 88' lang='lat' dir='ltr'>quod</span> <span class='ocrx_word' id='word_1_670' title='bbox 236 5624 431 5676; x_wconf 80' lang='lat' dir='ltr'>exstat</span> <span class='ocrx_word' id='word_1_671' title='bbox 459 5615 666 5678; x_wconf 80' lang='lat' dir='ltr'>Latine</span> <span class='ocrx_word' id='word_1_672' title='bbox 687 5622 754 5676; x_wconf 88' lang='lat' dir='ltr'>in</span> <span class='ocrx_word' id='word_1_673' title='bbox 784 5616 926 5675; x_wconf 87' lang='lat' dir='ltr'>edit.</span> <span class='ocrx_word' id='word_1_674' title='bbox 957 5617 1206 5676; x_wconf 80' lang='lat' dir='ltr'>Maurin.</span> <span class='ocrx_word' id='word_1_675' title='bbox 1237 5621 1278 5674; x_wconf 91' lang='lat' dir='ltr'>t.</span> <span class='ocrx_word' id='word_1_676' title='bbox 1321 5615 1390 5687; x_wconf 91' lang='lat' dir='ltr'>Il,</span> <span class='ocrx_word' id='word_1_677' title='bbox 1432 5631 1492 5689; x_wconf 92' lang='lat' dir='ltr'>p.</span> <span class='ocrx_word' id='word_1_678' title='bbox 1526 5620 1648 5673; x_wconf 83' lang='lat'>629.</span> 
     </span>
    </p>
   </div>
   <div class='ocr_carea' id='block_1_88' title="bbox 1834 3055 3338 3131">
    <p class='ocr_par' dir='ltr' id='par_1_88' title="bbox 1834 3055 3338 3131">
     <span class='ocr_line' id='line_1_88' title="bbox 1834 3055 3338 3131; baseline -0.005 -10"><span class='ocrx_word' id='word_1_679' title='bbox 1834 3065 1896 3121; x_wconf 92' lang='lat' dir='ltr'>S.</span> <span class='ocrx_word' id='word_1_680' title='bbox 1935 3063 2247 3120; x_wconf 79' lang='lat' dir='ltr'>Athanasii</span> <span class='ocrx_word' id='word_1_681' title='bbox 2269 3061 2522 3131; x_wconf 85' lang='lat' dir='ltr'>episcopi</span> <span class='ocrx_word' id='word_1_682' title='bbox 2545 3057 2942 3114; x_wconf 78' lang='lat' dir='ltr'>Alexandrini</span> <span class='ocrx_word' id='word_1_683' title='bbox 2967 3055 3338 3125; x_wconf 76' lang='lat' dir='ltr'>confessoris.</span> 
     </span>
    </p>
   </div>
   <div class='ocr_carea' id='block_1_89' title="bbox 1833 3251 3412 3324">
    <p class='ocr_par' dir='ltr' id='par_1_89' title="bbox 1833 3251 3412 3324">
     <span class='ocr_line' id='line_1_89' title="bbox 1833 3251 3412 3324; baseline -0.006 -8"><span class='ocrx_word' id='word_1_684' title='bbox 1833 3266 1922 3316; x_wconf 79' lang='lat'>25.</span> <span class='ocrx_word' id='word_1_685' title='bbox 1954 3260 2213 3314; x_wconf 89' lang='lat' dir='ltr'>Cunctas</span> <span class='ocrx_word' id='word_1_686' title='bbox 2243 3257 2421 3324; x_wconf 80' lang='lat' dir='ltr'>igitur</span> <span class='ocrx_word' id='word_1_687' title='bbox 2441 3253 2700 3311; x_wconf 88' lang='lat' dir='ltr'>humiles</span> <span class='ocrx_word' id='word_1_688' title='bbox 2729 3252 3018 3308; x_wconf 90' lang='lat' dir='ltr'>dictiones</span> <span class='ocrx_word' id='word_1_689' title='bbox 3039 3251 3113 3307; x_wconf 92' lang='lat' dir='ltr'>de</span> <span class='ocrx_word' id='word_1_690' title='bbox 3132 3251 3259 3306; x_wconf 88' lang='lat' dir='ltr'>Filii</span> <span class='ocrx_word' id='word_1_691' title='bbox 3288 3266 3412 3308; x_wconf 88' lang='lat' dir='ltr'>cor-</span> 
     </span>
    </p>
   </div>
   <div class='ocr_carea' id='block_1_90' title="bbox 1761 3340 3415 3421">
    <p class='ocr_par' dir='ltr' id='par_1_90' title="bbox 1761 3340 3415 3421">
     <span class='ocr_line' id='line_1_90' title="bbox 1761 3340 3415 3421; baseline -0.005 -16"><span class='ocrx_word' id='word_1_692' title='bbox 1761 3366 1906 3421; x_wconf 91' lang='lat' dir='ltr'>pore</span> <span class='ocrx_word' id='word_1_693' title='bbox 1935 3350 2186 3420; x_wconf 90' lang='lat' dir='ltr'>scriptas</span> <span class='ocrx_word' id='word_1_694' title='bbox 2215 3345 2524 3401; x_wconf 84' lang='lat' dir='ltr'>existima:</span> <span class='ocrx_word' id='word_1_695' title='bbox 2559 3343 2850 3413; x_wconf 87' lang='lat' dir='ltr'>gloriosas</span> <span class='ocrx_word' id='word_1_696' title='bbox 2895 3345 3096 3397; x_wconf 87' lang='lat' dir='ltr'>autem</span> <span class='ocrx_word' id='word_1_697' title='bbox 3125 3340 3415 3396; x_wconf 86' lang='lat' dir='ltr'>dictiones</span> 
     </span>
    </p>
   </div>
   <div class='ocr_carea' id='block_1_91' title="bbox 1764 3430 3414 3502">
    <p class='ocr_par' dir='ltr' id='par_1_91' title="bbox 1764 3430 3414 3502">
     <span class='ocr_line' id='line_1_91' title="bbox 1764 3430 3414 3502; baseline -0.006 -8"><span class='ocrx_word' id='word_1_698' title='bbox 1764 3439 1841 3494; x_wconf 75' lang='lat' dir='ltr'>ad</span> <span class='ocrx_word' id='word_1_699' title='bbox 1869 3437 2048 3492; x_wconf 90' lang='lat' dir='ltr'>Verbi</span> <span class='ocrx_word' id='word_1_700' title='bbox 2076 3435 2446 3491; x_wconf 87' lang='lat' dir='ltr'>divinitatem</span> <span class='ocrx_word' id='word_1_701' title='bbox 2478 3431 2649 3488; x_wconf 85' lang='lat' dir='ltr'>refer.</span> <span class='ocrx_word' id='word_1_702' title='bbox 2701 3435 2847 3488; x_wconf 88' lang='lat' dir='ltr'>Cum</span> <span class='ocrx_word' id='word_1_703' title='bbox 2887 3431 3074 3486; x_wconf 88' lang='lat' dir='ltr'>esurit</span> <span class='ocrx_word' id='word_1_704' title='bbox 3102 3435 3237 3502; x_wconf 91' lang='lat' dir='ltr'>post</span> <span class='ocrx_word' id='word_1_705' title='bbox 3259 3430 3414 3500; x_wconf 88' lang='lat' dir='ltr'>jeju-</span> 
     </span>
    </p>
   </div>
   <div class='ocr_carea' id='block_1_92' title="bbox 1761 3517 3414 3596">
    <p class='ocr_par' dir='ltr' id='par_1_92' title="bbox 1761 3517 3414 3596">
     <span class='ocr_line' id='line_1_92' title="bbox 1761 3517 3414 3596; baseline -0.006 -14"><span class='ocrx_word' id='word_1_706' title='bbox 1761 3527 1952 3592; x_wconf 88' lang='lat' dir='ltr'>nium,</span> <span class='ocrx_word' id='word_1_707' title='bbox 1984 3524 2253 3596; x_wconf 90' lang='lat' dir='ltr'>corporis</span> <span class='ocrx_word' id='word_1_708' title='bbox 2293 3528 2377 3578; x_wconf 88' lang='lat' dir='ltr'>est</span> <span class='ocrx_word' id='word_1_709' title='bbox 2429 3521 2778 3591; x_wconf 84' lang='lat' dir='ltr'>inﬁrmitas;</span> <span class='ocrx_word' id='word_1_710' title='bbox 2829 3535 2968 3576; x_wconf 91' lang='lat' dir='ltr'>cum</span> <span class='ocrx_word' id='word_1_711' title='bbox 3011 3525 3212 3575; x_wconf 91' lang='lat' dir='ltr'>autem</span> <span class='ocrx_word' id='word_1_712' title='bbox 3240 3517 3414 3591; x_wconf 89' lang='lat' dir='ltr'>quin-</span> 
     </span>
    </p>
   </div>
   <div class='ocr_carea' id='block_1_93' title="bbox 1761 3609 3412 3687">
    <p class='ocr_par' dir='ltr' id='par_1_93' title="bbox 1761 3609 3412 3687">
     <span class='ocr_line' id='line_1_93' title="bbox 1761 3609 3412 3687; baseline -0.005 -17"><span class='ocrx_word' id='word_1_713' title='bbox 1761 3632 1879 3687; x_wconf 91' lang='lat' dir='ltr'>que</span> <span class='ocrx_word' id='word_1_714' title='bbox 1902 3615 2161 3686; x_wconf 88' lang='lat' dir='ltr'>panibus</span> <span class='ocrx_word' id='word_1_715' title='bbox 2187 3614 2452 3668; x_wconf 89' lang='lat' dir='ltr'>virorum</span> <span class='ocrx_word' id='word_1_716' title='bbox 2477 3612 2744 3683; x_wconf 89' lang='lat' dir='ltr'>quinque</span> <span class='ocrx_word' id='word_1_717' title='bbox 2770 3609 2976 3677; x_wconf 90' lang='lat' dir='ltr'>millia,</span> <span class='ocrx_word' id='word_1_718' title='bbox 3008 3609 3238 3680; x_wconf 87' lang='lat' dir='ltr'>absque</span> <span class='ocrx_word' id='word_1_719' title='bbox 3266 3622 3412 3679; x_wconf 85' lang='lat' dir='ltr'>pue-</span> 
     </span>
    </p>
   </div>
   <div class='ocr_carea' id='block_1_94' title="bbox 1761 3697 3412 3773">
    <p class='ocr_par' dir='ltr' id='par_1_94' title="bbox 1761 3697 3412 3773">
     <span class='ocr_line' id='line_1_94' title="bbox 1761 3697 3412 3773; baseline -0.005 -14"><span class='ocrx_word' id='word_1_720' title='bbox 1761 3705 1842 3759; x_wconf 89' lang='lat' dir='ltr'>ris</span> <span class='ocrx_word' id='word_1_721' title='bbox 1874 3703 2365 3773; x_wconf 88' lang='lat' dir='ltr'>mulieribusque,</span> <span class='ocrx_word' id='word_1_722' title='bbox 2397 3705 2645 3762; x_wconf 84' lang='lat' dir='ltr'>saturat,</span> <span class='ocrx_word' id='word_1_723' title='bbox 2680 3705 2738 3755; x_wconf 87' lang='lat' dir='ltr'>et</span> <span class='ocrx_word' id='word_1_724' title='bbox 2767 3698 3086 3754; x_wconf 88' lang='lat' dir='ltr'>duodecim</span> <span class='ocrx_word' id='word_1_725' title='bbox 3117 3697 3412 3768; x_wconf 87' lang='lat' dir='ltr'>cophinos</span> 
     </span>
    </p>
   </div>
   <div class='ocr_carea' id='block_1_95' title="bbox 1763 3785 3408 3863">
    <p class='ocr_par' dir='ltr' id='par_1_95' title="bbox 1763 3785 3408 3863">
     <span class='ocr_line' id='line_1_95' title="bbox 1763 3785 3408 3863; baseline -0.005 -15"><span class='ocrx_word' id='word_1_726' title='bbox 1763 3792 2114 3862; x_wconf 83' lang='lat' dir='ltr'>fragmentis</span> <span class='ocrx_word' id='word_1_727' title='bbox 2147 3792 2374 3863; x_wconf 90' lang='lat' dir='ltr'>implet,</span> <span class='ocrx_word' id='word_1_728' title='bbox 2401 3790 2513 3846; x_wconf 90' lang='lat' dir='ltr'>hoc</span> <span class='ocrx_word' id='word_1_729' title='bbox 2539 3805 2574 3844; x_wconf 92' lang='lat' dir='ltr'>a</span> <span class='ocrx_word' id='word_1_730' title='bbox 2596 3788 2765 3843; x_wconf 90' lang='lat' dir='ltr'>Verbi</span> <span class='ocrx_word' id='word_1_731' title='bbox 2795 3788 3103 3842; x_wconf 84' lang='lat' dir='ltr'>divinitate</span> <span class='ocrx_word' id='word_1_732' title='bbox 3121 3785 3408 3858; x_wconf 89' lang='lat' dir='ltr'>procedit.</span> 
     </span>
    </p>
   </div>
   <div class='ocr_carea' id='block_1_96' title="bbox 1764 3875 3414 3952">
    <p class='ocr_par' dir='ltr' id='par_1_96' title="bbox 1764 3875 3414 3952">
     <span class='ocr_line' id='line_1_96' title="bbox 1764 3875 3414 3952; baseline -0.006 -15"><span class='ocrx_word' id='word_1_733' title='bbox 1764 3883 1909 3936; x_wconf 85' lang='lat' dir='ltr'>Cum</span> <span class='ocrx_word' id='word_1_734' title='bbox 1937 3883 1996 3936; x_wconf 92' lang='lat' dir='ltr'>in</span> <span class='ocrx_word' id='word_1_735' title='bbox 2024 3881 2163 3935; x_wconf 91' lang='lat' dir='ltr'>navi</span> <span class='ocrx_word' id='word_1_736' title='bbox 2201 3879 2391 3952; x_wconf 83' lang='lat' dir='ltr'>capite</span> <span class='ocrx_word' id='word_1_737' title='bbox 2439 3877 2728 3933; x_wconf 90' lang='lat' dir='ltr'>reclinato</span> <span class='ocrx_word' id='word_1_738' title='bbox 2774 3876 3014 3939; x_wconf 88' lang='lat' dir='ltr'>dormit,</span> <span class='ocrx_word' id='word_1_739' title='bbox 3046 3875 3105 3929; x_wconf 93' lang='lat' dir='ltr'>id</span> <span class='ocrx_word' id='word_1_740' title='bbox 3135 3887 3414 3944; x_wconf 89' lang='lat' dir='ltr'>corpora-</span> 
     </span>
    </p>
   </div>
   <div class='ocr_carea' id='block_1_97' title="bbox 1761 3960 3412 4041">
    <p class='ocr_par' dir='ltr' id='par_1_97' title="bbox 1761 3960 3412 4041">
     <span class='ocr_line' id='line_1_97' title="bbox 1761 3960 3412 4041; baseline -0.007 -17"><span class='ocrx_word' id='word_1_741' title='bbox 1761 3969 1834 4026; x_wconf 90' lang='lat' dir='ltr'>lis</span> <span class='ocrx_word' id='word_1_742' title='bbox 1865 3970 2091 4041; x_wconf 85' lang='lat' dir='ltr'>requiei</span> <span class='ocrx_word' id='word_1_743' title='bbox 2141 3967 2449 4038; x_wconf 84' lang='lat' dir='ltr'>proprium</span> <span class='ocrx_word' id='word_1_744' title='bbox 2489 3971 2622 4021; x_wconf 88' lang='lat' dir='ltr'>est:</span> <span class='ocrx_word' id='word_1_745' title='bbox 2669 3980 2808 4019; x_wconf 93' lang='lat' dir='ltr'>cum</span> <span class='ocrx_word' id='word_1_746' title='bbox 2861 3970 3060 4018; x_wconf 89' lang='lat' dir='ltr'>autem</span> <span class='ocrx_word' id='word_1_747' title='bbox 3092 3960 3412 4016; x_wconf 85' lang='lat' dir='ltr'>ambulans</span> 
     </span>
    </p>
   </div>
   <div class='ocr_carea' id='block_1_98' title="bbox 1763 4049 3409 4128">
    <p class='ocr_par' dir='ltr' id='par_1_98' title="bbox 1763 4049 3409 4128">
     <span class='ocr_line' id='line_1_98' title="bbox 1763 4049 3409 4128; baseline -0.006 -15"><span class='ocrx_word' id='word_1_748' title='bbox 1763 4075 1945 4128; x_wconf 89' lang='lat' dir='ltr'>supra</span> <span class='ocrx_word' id='word_1_749' title='bbox 1967 4074 2133 4113; x_wconf 90' lang='lat' dir='ltr'>mare</span> <span class='ocrx_word' id='word_1_750' title='bbox 2154 4055 2436 4111; x_wconf 85' lang='lat' dir='ltr'>ﬂuctibus</span> <span class='ocrx_word' id='word_1_751' title='bbox 2458 4053 2766 4125; x_wconf 89' lang='lat' dir='ltr'>ventisque</span> <span class='ocrx_word' id='word_1_752' title='bbox 2795 4051 3100 4123; x_wconf 87' lang='lat' dir='ltr'>imperans</span> <span class='ocrx_word' id='word_1_753' title='bbox 3122 4050 3202 4105; x_wconf 89' lang='lat' dir='ltr'>ait</span> <span class='ocrx_word' id='word_1_754' title='bbox 3230 4067 3243 4104; x_wconf 91' lang='lat'><strong>:</strong></span> <span class='ocrx_word' id='word_1_755' title='bbox 3267 4049 3409 4116; x_wconf 84' lang='lat' dir='ltr'>Sile,</span> 
     </span>
    </p>
   </div>
   <div class='ocr_carea' id='block_1_99' title="bbox 1761 4140 3413 4212">
    <p class='ocr_par' dir='ltr' id='par_1_99' title="bbox 1761 4140 3413 4212">
     <span class='ocr_line' id='line_1_99' title="bbox 1761 4140 3413 4212; baseline -0.007 -9"><span class='ocrx_word' id='word_1_756' title='bbox 1761 4149 2110 4212; x_wconf 81' lang='lat' dir='ltr'>obmutesce,</span> <span class='ocrx_word' id='word_1_757' title='bbox 2156 4146 2351 4200; x_wconf 82' lang='lat' dir='ltr'>statim</span> <span class='ocrx_word' id='word_1_758' title='bbox 2385 4143 2551 4197; x_wconf 88' lang='lat' dir='ltr'>audit</span> <span class='ocrx_word' id='word_1_759' title='bbox 2578 4140 2747 4196; x_wconf 89' lang='lat' dir='ltr'>navis</span> <span class='ocrx_word' id='word_1_760' title='bbox 2787 4140 2981 4195; x_wconf 90' lang='lat' dir='ltr'>socios</span> <span class='ocrx_word' id='word_1_761' title='bbox 3019 4155 3158 4194; x_wconf 87' lang='lat' dir='ltr'>cum</span> <span class='ocrx_word' id='word_1_762' title='bbox 3217 4152 3413 4193; x_wconf 89' lang='lat' dir='ltr'>sacra-</span> 
     </span>
    </p>
   </div>
   <div class='ocr_carea' id='block_1_100' title="bbox 1764 4229 3416 4290">
    <p class='ocr_par' dir='ltr' id='par_1_100' title="bbox 1764 4229 3416 4290">
     <span class='ocr_line' id='line_1_100' title="bbox 1764 4229 3416 4290; baseline -0.007 1"><span class='ocrx_word' id='word_1_763' title='bbox 1764 4241 1966 4290; x_wconf 91' lang='lat' dir='ltr'>mento</span> <span class='ocrx_word' id='word_1_764' title='bbox 1991 4233 2396 4289; x_wconf 79' lang='lat' dir='ltr'>affirmantes:</span> <span class='ocrx_word' id='word_1_765' title='bbox 2437 4232 2580 4286; x_wconf 84' lang='lat' dir='ltr'>Vere</span> <span class='ocrx_word' id='word_1_766' title='bbox 2603 4229 2795 4285; x_wconf 82' lang='lat' dir='ltr'>Filius</span> <span class='ocrx_word' id='word_1_767' title='bbox 2826 4229 2935 4284; x_wconf 87' lang='lat' dir='ltr'>Dei</span> <span class='ocrx_word' id='word_1_768' title='bbox 2973 4243 3029 4284; x_wconf 88' lang='lat' dir='ltr'>es</span> <span class='ocrx_word' id='word_1_769' title='bbox 3047 4229 3115 4282; x_wconf 76' lang='grc'>³⁸.</span> <span class='ocrx_word' id='word_1_770' title='bbox 3148 4229 3295 4282; x_wconf 90' lang='lat' dir='ltr'>Cum</span> <span class='ocrx_word' id='word_1_771' title='bbox 3328 4241 3416 4280; x_wconf 89' lang='lat' dir='ltr'>se-</span> 
     </span>
    </p>
   </div>
   <div class='ocr_carea' id='block_1_101' title="bbox 1764 4315 3414 4396">
    <p class='ocr_par' dir='ltr' id='par_1_101' title="bbox 1764 4315 3414 4396">
     <span class='ocr_line' id='line_1_101' title="bbox 1764 4315 3414 4396; baseline -0.005 -18"><span class='ocrx_word' id='word_1_772' title='bbox 1764 4324 1970 4396; x_wconf 88' lang='lat' dir='ltr'>pulcro</span> <span class='ocrx_word' id='word_1_773' title='bbox 2001 4321 2205 4376; x_wconf 88' lang='lat' dir='ltr'>Lazari</span> <span class='ocrx_word' id='word_1_774' title='bbox 2237 4326 2444 4376; x_wconf 89' lang='lat' dir='ltr'>astans</span> <span class='ocrx_word' id='word_1_775' title='bbox 2475 4319 2874 4390; x_wconf 85' lang='lat' dir='ltr'>lacrymatur;</span> <span class='ocrx_word' id='word_1_776' title='bbox 2900 4321 2952 4372; x_wconf 87' lang='lat' dir='ltr'>et</span> <span class='ocrx_word' id='word_1_777' title='bbox 2978 4333 3116 4372; x_wconf 89' lang='lat' dir='ltr'>cum</span> <span class='ocrx_word' id='word_1_778' title='bbox 3147 4315 3414 4387; x_wconf 87' lang='lat' dir='ltr'>passioni</span> 
     </span>
    </p>
   </div>
   <div class='ocr_carea' id='block_1_102' title="bbox 1765 4403 3416 4485">
    <p class='ocr_par' dir='ltr' id='par_1_102' title="bbox 1765 4403 3416 4485">
     <span class='ocr_line' id='line_1_102' title="bbox 1765 4403 3416 4485; baseline -0.005 -17"><span class='ocrx_word' id='word_1_779' title='bbox 1765 4413 2076 4485; x_wconf 88' lang='lat' dir='ltr'>proximus</span> <span class='ocrx_word' id='word_1_780' title='bbox 2117 4410 2256 4466; x_wconf 90' lang='lat' dir='ltr'>dicit</span> <span class='ocrx_word' id='word_1_781' title='bbox 2290 4428 2302 4465; x_wconf 94' lang='lat'><strong>:</strong></span> <span class='ocrx_word' id='word_1_782' title='bbox 2359 4411 2564 4464; x_wconf 80' lang='lat' dir='ltr'>Tris-tis</span> <span class='ocrx_word' id='word_1_783' title='bbox 2592 4415 2674 4464; x_wconf 81' lang='lat' dir='ltr'>est</span> <span class='ocrx_word' id='word_1_784' title='bbox 2717 4408 2926 4464; x_wconf 86' lang='lat' dir='ltr'>anima</span> <span class='ocrx_word' id='word_1_785' title='bbox 2956 4421 3082 4462; x_wconf 83' lang='lat' dir='ltr'>mea</span> <span class='ocrx_word' id='word_1_786' title='bbox 3113 4419 3297 4477; x_wconf 83' lang='lat' dir='ltr'>usque</span> <span class='ocrx_word' id='word_1_787' title='bbox 3333 4403 3416 4460; x_wconf 87' lang='lat' dir='ltr'>ad</span> 
     </span>
    </p>
   </div>
   <div class='ocr_carea' id='block_1_103' title="bbox 1767 4493 3414 4572">
    <p class='ocr_par' dir='ltr' id='par_1_103' title="bbox 1767 4493 3414 4572">
     <span class='ocr_line' id='line_1_103' title="bbox 1767 4493 3414 4572; baseline -0.007 -14"><span class='ocrx_word' id='word_1_788' title='bbox 1767 4508 2010 4558; x_wconf 84' lang='lat' dir='ltr'>mortem</span> <span class='ocrx_word' id='word_1_789' title='bbox 2040 4508 2216 4572; x_wconf 84' lang='lat' dir='ltr'>atque</span> <span class='ocrx_word' id='word_1_790' title='bbox 2246 4500 2482 4568; x_wconf 74' lang='lat' dir='ltr'>taediat;</span> <span class='ocrx_word' id='word_1_791' title='bbox 2535 4502 2590 4554; x_wconf 92' lang='lat' dir='ltr'>et</span> <span class='ocrx_word' id='word_1_792' title='bbox 2618 4497 2943 4552; x_wconf 86' lang='lat' dir='ltr'>divinitatis</span> <span class='ocrx_word' id='word_1_793' title='bbox 2970 4495 3218 4568; x_wconf 86' lang='lat' dir='ltr'>quidem</span> <span class='ocrx_word' id='word_1_794' title='bbox 3246 4493 3414 4565; x_wconf 88' lang='lat' dir='ltr'>spiri-</span> 
     </span>
    </p>
   </div>
   <div class='ocr_carea' id='block_1_104' title="bbox 1765 4582 3415 4658">
    <p class='ocr_par' dir='ltr' id='par_1_104' title="bbox 1765 4582 3415 4658">
     <span class='ocr_line' id='line_1_104' title="bbox 1765 4582 3415 4658; baseline -0.006 -12"><span class='ocrx_word' id='word_1_795' title='bbox 1765 4597 1892 4646; x_wconf 86' lang='lat' dir='ltr'>tum</span> <span class='ocrx_word' id='word_1_796' title='bbox 1922 4591 1998 4645; x_wconf 91' lang='lat' dir='ltr'>ad</span> <span class='ocrx_word' id='word_1_797' title='bbox 2030 4604 2208 4644; x_wconf 90' lang='lat' dir='ltr'>omne</span> <span class='ocrx_word' id='word_1_798' title='bbox 2230 4604 2384 4658; x_wconf 91' lang='lat' dir='ltr'>opus</span> <span class='ocrx_word' id='word_1_799' title='bbox 2412 4585 2838 4642; x_wconf 83' lang='lat' dir='ltr'>incarnationis</span> <span class='ocrx_word' id='word_1_800' title='bbox 2867 4588 3144 4656; x_wconf 88' lang='lat' dir='ltr'>paratum</span> <span class='ocrx_word' id='word_1_801' title='bbox 3177 4582 3415 4649; x_wconf 87' lang='lat' dir='ltr'>ait,car-</span> 
     </span>
    </p>
   </div>
   <div class='ocr_carea' id='block_1_105' title="bbox 1764 4668 3414 4741">
    <p class='ocr_par' dir='ltr' id='par_1_105' title="bbox 1764 4668 3414 4741">
     <span class='ocr_line' id='line_1_105' title="bbox 1764 4668 3414 4741; baseline -0.007 -8"><span class='ocrx_word' id='word_1_802' title='bbox 1764 4695 1902 4733; x_wconf 88' lang='lat' dir='ltr'>nem</span> <span class='ocrx_word' id='word_1_803' title='bbox 1956 4682 2155 4732; x_wconf 88' lang='lat' dir='ltr'>autem</span> <span class='ocrx_word' id='word_1_804' title='bbox 2188 4674 2525 4740; x_wconf 84' lang='lat' dir='ltr'>inﬁrmam;</span> <span class='ocrx_word' id='word_1_805' title='bbox 2565 4674 2693 4730; x_wconf 62' lang='lat' dir='ltr'>hinc</span> <span class='ocrx_word' id='word_1_806' title='bbox 2728 4678 2820 4728; x_wconf 88' lang='lat' dir='ltr'>est</span> <span class='ocrx_word' id='word_1_807' title='bbox 2849 4671 3118 4727; x_wconf 89' lang='lat' dir='ltr'>videlicet</span> <span class='ocrx_word' id='word_1_808' title='bbox 3146 4668 3414 4741; x_wconf 89' lang='lat' dir='ltr'>corporis</span> 
     </span>
    </p>
   </div>
   <div class='ocr_carea' id='block_1_106' title="bbox 1765 4761 3412 4836">
    <p class='ocr_par' dir='ltr' id='par_1_106' title="bbox 1765 4761 3412 4836">
     <span class='ocr_line' id='line_1_106' title="bbox 1765 4761 3412 4836; baseline -0.005 -15"><span class='ocrx_word' id='word_1_809' title='bbox 1765 4767 2098 4829; x_wconf 77' lang='lat' dir='ltr'>infirmitas,</span> <span class='ocrx_word' id='word_1_810' title='bbox 2138 4781 2271 4836; x_wconf 82' lang='lat' dir='ltr'>quae</span> <span class='ocrx_word' id='word_1_811' title='bbox 2318 4764 2580 4820; x_wconf 88' lang='lat' dir='ltr'>tristatur</span> <span class='ocrx_word' id='word_1_812' title='bbox 2609 4768 2788 4834; x_wconf 88' lang='lat' dir='ltr'>atque</span> <span class='ocrx_word' id='word_1_813' title='bbox 2818 4761 3050 4827; x_wconf 65' lang='lat' dir='ltr'>tiediat;</span> <span class='ocrx_word' id='word_1_814' title='bbox 3085 4773 3222 4814; x_wconf 89' lang='lat' dir='ltr'>cum</span> <span class='ocrx_word' id='word_1_815' title='bbox 3272 4773 3412 4813; x_wconf 91' lang='lat' dir='ltr'>vero</span> 
     </span>
    </p>
   </div>
   <div class='ocr_carea' id='block_1_107' title="bbox 1763 4846 3412 4926">
    <p class='ocr_par' dir='ltr' id='par_1_107' title="bbox 1763 4846 3412 4926">
     <span class='ocr_line' id='line_1_107' title="bbox 1763 4846 3412 4926; baseline -0.007 -16"><span class='ocrx_word' id='word_1_816' title='bbox 1763 4853 2116 4926; x_wconf 90' lang='lat' dir='ltr'>imperative</span> <span class='ocrx_word' id='word_1_817' title='bbox 2163 4853 2350 4908; x_wconf 91' lang='lat' dir='ltr'>dicit:</span> <span class='ocrx_word' id='word_1_818' title='bbox 2392 4853 2636 4918; x_wconf 76' lang='lat' dir='ltr'>Lazare,</span> <span class='ocrx_word' id='word_1_819' title='bbox 2687 4851 2820 4907; x_wconf 87' lang='lat' dir='ltr'>veni</span> <span class='ocrx_word' id='word_1_820' title='bbox 2861 4849 3055 4917; x_wconf 76' lang='lat' dir='ltr'>foras,</span> <span class='ocrx_word' id='word_1_821' title='bbox 3101 4846 3412 4916; x_wconf 82' lang='lat' dir='ltr'>surgitque</span> 
     </span>
    </p>
   </div>
   <div class='ocr_carea' id='block_1_108' title="bbox 1761 4933 3416 5014">
    <p class='ocr_par' dir='ltr' id='par_1_108' title="bbox 1761 4933 3416 5014">
     <span class='ocr_line' id='line_1_108' title="bbox 1761 4933 3416 5014; baseline -0.008 -16"><span class='ocrx_word' id='word_1_822' title='bbox 1761 4943 2060 4998; x_wconf 90' lang='lat' dir='ltr'>redivivus</span> <span class='ocrx_word' id='word_1_823' title='bbox 2089 4942 2193 5014; x_wconf 91' lang='lat' dir='ltr'>qui</span> <span class='ocrx_word' id='word_1_824' title='bbox 2245 4940 2685 5012; x_wconf 89' lang='lat' dir='ltr'>quatriduanus</span> <span class='ocrx_word' id='word_1_825' title='bbox 2724 4939 2852 5009; x_wconf 90' lang='lat' dir='ltr'>jam</span> <span class='ocrx_word' id='word_1_826' title='bbox 2900 4935 3145 4992; x_wconf 71' lang='lat' dir='ltr'>foetebat</span> <span class='ocrx_word' id='word_1_827' title='bbox 3187 4933 3416 5003; x_wconf 89' lang='lat' dir='ltr'>(cujus-</span> 
     </span>
    </p>
   </div>
   <div class='ocr_carea' id='block_1_109' title="bbox 1762 5021 3414 5100">
    <p class='ocr_par' dir='ltr' id='par_1_109' title="bbox 1762 5021 3414 5100">
     <span class='ocr_line' id='line_1_109' title="bbox 1762 5021 3414 5100; baseline -0.007 -13"><span class='ocrx_word' id='word_1_828' title='bbox 1762 5031 1927 5087; x_wconf 92' lang='lat' dir='ltr'>modi</span> <span class='ocrx_word' id='word_1_829' title='bbox 1952 5047 2046 5086; x_wconf 89' lang='lat' dir='ltr'>res</span> <span class='ocrx_word' id='word_1_830' title='bbox 2069 5031 2148 5086; x_wconf 90' lang='lat' dir='ltr'>ab</span> <span class='ocrx_word' id='word_1_831' title='bbox 2164 5029 2308 5085; x_wconf 90' lang='lat' dir='ltr'>orbe</span> <span class='ocrx_word' id='word_1_832' title='bbox 2330 5028 2571 5084; x_wconf 90' lang='lat' dir='ltr'>condito</span> <span class='ocrx_word' id='word_1_833' title='bbox 2592 5043 2907 5100; x_wconf 88' lang='lat' dir='ltr'>nunquam</span> <span class='ocrx_word' id='word_1_834' title='bbox 2929 5021 3414 5091; x_wconf 74' lang='lat' dir='ltr'>acciderat).haec</span> 
     </span>
    </p>
   </div>
   <div class='ocr_carea' id='block_1_110' title="bbox 1764 5119 2689 5178">
    <p class='ocr_par' dir='ltr' id='par_1_110' title="bbox 1764 5119 2689 5178">
     <span class='ocr_line' id='line_1_110' title="bbox 1764 5119 2689 5178; baseline -0.005 -1"><span class='ocrx_word' id='word_1_835' title='bbox 1764 5121 2090 5178; x_wconf 89' lang='lat' dir='ltr'>divinitatis</span> <span class='ocrx_word' id='word_1_836' title='bbox 2121 5119 2555 5176; x_wconf 88' lang='lat' dir='ltr'>demonstratio</span> <span class='ocrx_word' id='word_1_837' title='bbox 2580 5123 2689 5174; x_wconf 91' lang='lat' dir='ltr'>est.</span> 
     </span>
    </p>
   </div>
   <div class='ocr_carea' id='block_1_111' title="bbox 1551 5299 2035 5366">
    <p class='ocr_par' dir='ltr' id='par_1_111' title="bbox 1551 5299 2035 5366">
     <span class='ocr_line' id='line_1_111' title="bbox 1551 5299 2035 5366; baseline -0.01 -11"><span class='ocrx_word' id='word_1_838' title='bbox 1551 5299 1600 5334; x_wconf 81' lang='grc'>²⁶</span> <span class='ocrx_word' id='word_1_839' title='bbox 1627 5299 1802 5354; x_wconf 84' lang='lat' dir='ltr'>Marc.</span> <span class='ocrx_word' id='word_1_840' title='bbox 1837 5313 1914 5366; x_wconf 78' lang='grc' dir='ltr'>ιν,</span> <span class='ocrx_word' id='word_1_841' title='bbox 1947 5299 2035 5353; x_wconf 89' lang='lat'>39.</span> 
     </span>
    </p>
   </div>
   <div class='ocr_carea' id='block_1_112' title="bbox 1765 5460 3414 5544">
    <p class='ocr_par' dir='ltr' id='par_1_112' title="bbox 1765 5460 3414 5544">
     <span class='ocr_line' id='line_1_112' title="bbox 1765 5460 3414 5544; baseline -0.007 -16"><span class='ocrx_word' id='word_1_842' title='bbox 1765 5475 1910 5528; x_wconf 89' lang='lat' dir='ltr'>Item</span> <span class='ocrx_word' id='word_1_843' title='bbox 1938 5472 2110 5544; x_wconf 90' lang='lat' dir='ltr'>paria</span> <span class='ocrx_word' id='word_1_844' title='bbox 2129 5469 2313 5544; x_wconf 88' lang='lat' dir='ltr'>habet</span> <span class='ocrx_word' id='word_1_845' title='bbox 2342 5469 2575 5544; x_wconf 72' lang='lat' dir='ltr'>Nicetas</span> <span class='ocrx_word' id='word_1_846' title='bbox 2596 5462 2990 5544; x_wconf 72' lang='lat' dir='ltr'>Aquileiensis</span> <span class='ocrx_word' id='word_1_847' title='bbox 3016 5463 3080 5519; x_wconf 91' lang='lat' dir='ltr'>in</span> <span class='ocrx_word' id='word_1_848' title='bbox 3109 5460 3414 5537; x_wconf 85' lang='lat' dir='ltr'>opusculo</span> 
     </span>
    </p>
   </div>
   <div class='ocr_carea' id='block_1_113' title="bbox 1761 5534 2814 5611">
    <p class='ocr_par' dir='ltr' id='par_1_113' title="bbox 1761 5534 2814 5611">
     <span class='ocr_line' id='line_1_113' title="bbox 1761 5534 2814 5611; baseline -0.01 -11"><span class='ocrx_word' id='word_1_849' title='bbox 1761 5546 1848 5602; x_wconf 88' lang='lat' dir='ltr'>De</span> <span class='ocrx_word' id='word_1_850' title='bbox 1874 5534 2110 5602; x_wconf 57' lang='lat' dir='ltr'>ra&#39;tione</span> <span class='ocrx_word' id='word_1_851' title='bbox 2137 5543 2274 5611; x_wconf 81' lang='lat' dir='ltr'>ﬁdei</span> <span class='ocrx_word' id='word_1_852' title='bbox 2302 5557 2339 5598; x_wconf 90' lang='lat' dir='ltr'>a</span> <span class='ocrx_word' id='word_1_853' title='bbox 2364 5556 2460 5596; x_wconf 89' lang='lat' dir='ltr'>me</span> <span class='ocrx_word' id='word_1_854' title='bbox 2488 5534 2814 5604; x_wconf 72' lang='lat' dir='ltr'>divulgato.</span> 
     </span>
    </p>
   </div>
  </div>
