4046 6310
621 321 728 376 223
1967 316 2011 372 Ν
2017 314 2219 373 [GETA

2403 312 2650 372 »ΝΙΑΤΑΕ
3893 319 4001 373 224

625 445 690 502 S.
722 443 941 516 Cyrilii
981 457 1057 501 ea:
1087 441 1237 498 libro
1283 455 1442 524 nono
1471 440 1664 526 operis
1702 441 1776 499 de
1814 441 2171 498 adoratione
2219 461 2223 471 ·

2402 445 2494 494 Γοῦ
2523 439 2678 513 ἁγίου
2721 438 2975 514 Κυρίλλου
3033 439 3134 526 ἀπό
3180 449 3272 495 τοῦ
3311 442 3517 496 ἑννάτου
3541 440 3714 526 ⁸λόγου
3747 446 3840 496 τοῦ
3877 459 4000 517 περ

1333 514 1571 584 spiritu.
2630 520 2724 574 τῆς
2755 513 2807 564 ἓν
2832 532 2931 566 πνεπ

2630 520 2724 574 τῆς
2755 513 2807 564 ἓν
2832 515 3086 586 πνεύματι
3103 513 3356 590 λατρείας.
3384 522 3504 588 Κεφ.
3608 513 3739 586 (26).

699 629 789 684 26.
821 626 946 680 Non
979 624 1157 694 igitur
1197 637 1439 694 aequare
1489 621 1706 694 poterit
1743 621 2067 678 divinitatis
2096 619 2284 677 excel-

2461 618 2562 680 κζ’.
2595 615 2796 672 Οὐκοῦν
2825 619 2920 673 οὐκ
2948 619 3284 680 ἰσοστατήσει
3311 630 3402 683 τῆς
3431 623 3668 684 θεότητος
3697 621 3999 695 ὑπεροχαῖ

626 714 869 770 lentiam
894 713 1165 769 humana
1188 717 1405 768 natura
1430 730 1444 780 ;
1475 711 1535 768 id
1563 712 1724 768 enim
1746 711 1875 768 ﬁeri
1903 711 2150 768 minime
2181 727 2220 783 p

2403 710 2450 762 τὸ
2490 707 2806 782 ἀνθρώπινον
2837 730 2852 743 ο
2909 709 3100 763 πολλοῦ
3155 730 3215 784 γε
3270 716 3360 764 καὶ
3417 707 3517 765 δεῖ.
3572 713 3861 786 Τοιγάρτοι
3919 730 4001 762 κα

627 807 756 860 test.
782 806 1005 875 Itaque,
1038 807 1102 859 ut
1123 803 1228 874 qui
1259 803 1450 858 nostri
1471 802 1680 859 similis
1710 803 1903 858 factus
1928 807 2101 872 esset,
2128 803 2225 859 tali

2403 801 2610 869 ἔφασκεν
2631 801 2700 860 ὡς
2719 798 2838 852 καθ’
2859 801 2888 858 ἠ
2895 806 2999 872 μᾶς
3023 805 3244 873 γεγονὼς
3271 805 3362 854 καὶ
3393 804 3685 874 νοούμενος’
3712 799 3772 852 '0
3803 804 4001 871 Πατήε

627 906 746 966 que
783 891 1226 962 intelligeretur,
1259 891 1498 949 dicebat
1529 910 1541 948 :
1579 893 1766 949 Pater
1813 894 2012 962 major
2037 908 2130 950 me
2177 908 2225 949 es

2403 905 2490 939 nou
2531 888 2720 959 μείζων
2751 889 2851 961 μού
2881 886 3014 957 ἔστι,
3057 894 3229 942 καίτοι
3256 891 3393 943 κατὰ
3417 892 3571 964 φύσιν
3599 891 3838 949 θεότητος
3879 888 4001 940 ἰσο-

630 998 769 1038 cum
801 986 1002 1038 tamen
1031 982 1195 1038 idem
1219 999 1291 1038 ex
1321 987 1536 1039 natura
1556 983 1882 1039 divinitatis
1905 983 2156 1058 aequalis
2188 984 2228 1040 si

2403 979 2585 1048 κίτρως
2613 979 2773 1049 ἔχων,
2817 981 2902 1031 καὶ
2929 985 3022 1041 τῆς
3055 985 3147 1032 τοῦ
3183 983 3418 1042 τεκόντος
3445 981 3712 1056 ὑπεροχῆς
3747 977 3865 1051 οὐχ
3903 979 4001 1035 1'5“:-

629 1075 686 1128 et
715 1071 900 1128 nihilo
921 1071 1167 1128 inferior
1192 1072 1538 1128 excellentia
1569 1072 1880 1130 Genitoris.
2387 1070 2639 1138 τώμενος.

1283 1179 1343 1236 S.
1375 1180 1619 1251 Cyrilli.
2815 1181 2881 1228 Το

2815 1181 2918 1228 Τοῦ
2957 1175 3110 1248 ἁγίου
3142 1174 3396 1250 κυρίλλου
3421 1177 3557 1249 (27).

698 1290 786 1342 27.
816 1289 1021 1344 Nonne
1051 1286 1125 1342 de
1157 1287 1292 1358 ipso
1326 1287 1608 1359 scriptum
1648 1292 1736 1344 est
1767 1287 2104 1345 inferiorem
2129 1305 2278 1357 esse,

2459 1278 2556 1345 κζ’.
2589 1279 2655 1332 Ἢ
2684 1283 2786 1356 γὰρ
2817 1282 2945 1355 οὐχὶ
2989 1287 3280 1359 γέγραπται
3329 1289 3448 1360 περὶ
3490 1283 3650 1336 αὐτου
3681 1284 3750 1347 ὧς
3797 1283 4001 1356 ὖφιζή·

628 1376 794 1449 quod
839 1377 916 1432 ad
954 1377 1388 1432 humanitatem
1421 1377 1646 1441 attinet,
1676 1383 1998 1450 praestante
2043 1380 2226 1450 angel:

2403 1389 2521 1422 τειεν
2579 1369 2638 1422 ἄν
2693 1373 2827 1424 κατά
2887 1392 2943 1445 γε
2995 1378 3051 1426 τό
3110 1372 3428 1449 ἀνθρώπινον
3492 1379 3583 1426 καὶ
3637 1378 3729 1432 τὴν
3797 1372 4001 1445 ἀμείνο

628 1481 764 1521 rum
794 1469 1042 1531 natura;
1066 1465 1340 1537 infraque
1365 1467 1582 1522 horum
1610 1467 1862 1536 gloriam
1885 1468 2066 1539 paulo
2091 1472 2226 1525 minn

2403 1461 2562 1530 p-Jatv,
2621 1465 2861 1514 τουτέστι
2916 1467 3008 1521 τὴν
3075 1462 3431 1536 εὖαγγελικὴν,
3486 1467 3573 1516 καὶ
3635 1471 3729 1525 τῆς
3788 1461 4001 1515 ἐκείνωτ

628 1553 876 1609 ratum?
915 1557 999 1609 lta
1029 1558 1133 1609 est.
1172 1555 1324 1609 Dixit
1371 1555 1529 1610 enim
1561 1555 1783 1610 Paulus
1819 1573 1831 1610 :
1882 1558 2036 1614 Eum
2084 1565 2222 1616 aute

2403 1547 2609 1609 εὐκλείας
2659 1550 2814 1602 νοοῖτ⁹
2873 1549 2932 1602 ἂν
2990 1553 3252 1609 ἡττᾶσθαι
3310 1551 3533 1627 βραχύς
3585 1551 3814 1612 Ἀληθές.
3859 1550 4001 1622 Ἐφτ

631 1645 736 1715 qui
753 1645 982 1699 modico
1007 1660 1184 1716 quam
1212 1647 1416 1714 angeli
1437 1648 1771 1702 minoratus
1789 1654 1890 1714 est,
1907 1649 2171 1706 videmus
2191 1652 2229 1706 J

2402 1639 2489 1710 γὰρ
2548 1639 2572 1689 ό
2627 1638 2829 1700 Παυλος
2861 1657 2873 1670 ·
2934 1643 3031 1693 Τόν
3100 1637 3158 1694 δὲ
3226 1639 3411 1715 βραχύ
3467 1661 3519 1693 τι
3573 1641 3694 1716 παρ’
3743 1638 4000 1711 ἀγγέλου

631 1749 780 1796 sum,
808 1739 1052 1802 propter
1084 1737 1414 1802 passionem
1452 1737 1680 1802 mortis,
1734 1739 1933 1806 gloria
1979 1745 2032 1794 et
2061 1739 2229 1796 hono:

2405 1725 2744 1800 ἐλαττωμένον
2827 1727 3080 1802 βλέπομεν
3158 1730 3362 1788 Ἰησουν
3457 1727 3551 1783 διὰ
3639 1733 3695 1782 τὸ
3765 1731 4003 1800 πάθημς

633 1829 998 1878 coronatum.
1031 1826 1102 1878 At
1131 1823 1274 1895 quid
1319 1840 1516 1880 causae
1549 1825 1643 1890 sit,
1680 1842 1786 1881 cur
1817 1826 1953 1884 licet
1995 1835 2231 1900 praastai

2397 1823 2481 1869 τοῦ
2577 1819 2796 1870 θανάτου
2831 1861 2844 1885 ,
2925 1816 3054 1893 δόξῃ
3149 1824 3238 1872 καὶ
3330 1827 3454 1894 τιμῇ
3561 1818 3995 1893 ἐστεφανωμένον

630 1911 842 1966 tiorem
882 1915 1162 1968 naturam
1191 1914 1347 1969 nacti
1378 1930 1653 1986 supernae
1686 1915 1938 1973 civitatis
1968 1918 2198 1986 incolae,

2404 1901 2517 1958 Εἶτα
2554 1910 2606 1957 τί
2661 1907 2927 1977 παθόντες,
2971 1908 3079 1962 εἰπέ
3133 1919 3244 1981 μοι,
3285 1913 3458 1961 καίτοι
3513 1912 3606 1966 τὴν
3673 1905 3870 1980 ἀμείνω
3918 1910 3994 1978 φύ

632 2000 960 2057 certissima
983 2007 1161 2074 atque
1186 2002 1528 2059 indubitata
1553 2021 1801 2076 prorsus
1826 2006 1925 2062 Dei
1943 2009 2230 2078 cognitiox

2405 2013 2476 2047 τιν
2514 1993 2764 2066 λαχόντες
2803 1999 2852 2048 οἱ
2888 2001 2982 2056 τὴν
3021 1999 3125 2049 ἄνω
3161 1997 3419 2074 τρίϐοντες
3473 1996 3640 2064 πόλιν,
3681 2001 3771 2048 καὶ
3828 1994 4003 2048 ἀπλα·

629 2089 881 2160 praediti,
916 2089 1083 2146 illum
1116 2093 1220 2163 qui
1252 2096 1465 2148 natura
1506 2093 1745 2149 inferior
1774 2101 1882 2162 est,
1916 2101 1971 2153 et
2015 2097 2218 2170 ipsoru

2405 2091 2450 2143 μῆ
2512 2103 2610 2136 που
2677 2087 2881 2147 πάντως
2940 2091 3030 2138 καὶ
3094 2085 3513 2162 ἁπαραλόγιστον
3575 2091 3666 2145 τὴν
3728 2084 3817 2137 ἐπὶ
3892 2093 4003 2154 est}

632 2177 828 2246 gloriae
851 2179 1027 2238 cedit.
1055 2179 1435 2237 adorandum
1467 2182 1729 2253 fecerint,
1763 2201 2014 2257 expone.
2057 2204 2230 2259 quaes

2400 2181 2584 2243 γνῶσιν
2658 2173 3090 2243 πεπλουτηκότες,
3158 2181 3244 2228 τόν
3319 2175 3368 2228 ἐν
3443 2181 3608 2248 μείονι
3681 2176 3835 2247 φύσει
3921 2194 3998 2224 κα

632 2267 928 2348 Equidem
981 2273 1097 2323 tuae
1119 2269 1247 2339 jam
1280 2275 1419 2326 sunt
1465 2271 1558 2326 hae
1614 2278 1830 2344 partes.
1867 2276 2066 2343 Igitur,
2105 2277 2154 2331 si
2203 2293 2230 2333 e

2405 2267 2613 2314 ιιατόπιν
2676 2265 2868 2322 ἧκοντα
2922 2273 3009 2325 τῆς
3066 2263 3277 2326 ἐνούσης
3334 2264 3566 2326 εὐκλείας
3623 2263 3818 2327 αὐτοῖς,
3867 2262 4003 2315 ἐποι

629 2354 791 2408 1dem
827 2359 883 2409 et
911 2355 1156 2412 inferior
1186 2358 1383 2424 simul,
1417 2363 1474 2414 et
1502 2360 2059 2433 incomparabiliter
2100 2382 2227 2423 exet

2405 2359 2545 2404 οῦντο
2605 2357 2985 2427 προσκυνητόν,
3041 2357 3261 2426 φράσαις
3317 2354 3398 2420 ἂν,
3440 2351 3479 2405 ὦ
3519 2355 3706 2428 ἑταῖρε.
3751 2357 3860 2405 Καὶ
3907 2356 4003 2424 μὴτ

633 2441 780 2504 lens,
811 2442 983 2499 facile
1015 2444 1350 2500 tribuemus
1373 2447 1729 2504 humanitati
1759 2451 1819 2505 id
1850 2453 2014 2524 quod
2039 2454 2231 2510 inierit

2405 2445 2484 2492 tati
2521 2445 2671 2493 τουτό
2709 2446 2768 2514 γέ
2824 2441 2959 2495 ἐστιν
3011 2440 3117 2502 ἤδη
3181 2448 3289 2496 σόν.
3351 2444 3574 2513 Οὔκουν,
3617 2446 3751 2517 εἴπερ
3796 2439 3953 2494 ἐστὶν
3995 2461 4003 2490 ε

635 2535 743 2599 est,
773 2531 935 2601 quod
967 2532 1026 2588 in
1068 2549 1205 2589 eam
1235 2551 1498 2604 congrue
1529 2538 1686 2593 cadit
1712 2539 1990 2609 (multum
2021 2545 2180 2599 enim
2201 2544 2233 2599 d

2395 2530 2551 2592 αὐτὸς
2589 2530 2809 2583 ἐλάττων
2847 2551 2898 2584 τε
2936 2532 3046 2605 ἅμα
3083 2537 3172 2585 καὶ
3211 2531 3259 2584 ἐν
3309 2539 3419 2594 τοῖς
3477 2531 3809 2606 ἀσυγκρίτως
3852 2533 3992 2602 ὑπερ

635 2622 748 2674 stat
780 2619 857 2674 ab
887 2621 1116 2691 angelis
1145 2627 1361 2678 natura
1398 2625 1722 2692 hominis):
1756 2627 1956 2686 deitati
1988 2648 2130 2688 vero
2159 2649 2233 2689 on

2404 2624 2663 2691 κειμένοις,
2729 2619 3076 2694 ἀπονεμοῦμεν
3146 2622 3388 2694 εὐκρινῶς
3453 2628 3514 2694 τῇ
3731 2618 4002 2694 ἁνθρωπό·

634 2708 736 2763 nia
762 2711 1087 2781 superanti,
1125 2716 1573 2784 supereminere
1617 2722 1672 2773 et
1711 2719 1922 2782 attolli
1953 2737 2136 2793 supra
2189 2740 2232 2779 τι

2405 2728 2511 2766 τητι
2566 2713 2625 2760 τό
2700 2718 2908 2782 χωροῦν
2966 2708 3042 2762 ἐπ’
3101 2710 3230 2784 αὐτῇ
3308 2715 3627 2785 πρεπόντως,
3676 2711 3732 2761 τὸ
3791 2707 4003 2761 ἒλαττοτ

634 2803 950 2866 creatas,et
980 2800 1131 2856 ultra
1161 2818 1405 2860 omnem
1431 2805 1783 2863 rationalem
1807 2809 2204 2868 substantiam
2228 2837 2232 2865 ι

2404 2800 2556 2873 ξπαρὰ
2605 2797 2733 2851 πολὺ
2789 2802 2890 2872 γὰρ
2950 2798 3177 2871 ἀγγέλων
3235 2797 3505 2875 ἀνθρώπου
3570 2801 3745 2871 φύσις)
3777 2811 3791 2826 ⁶
3841 2805 3912 2868 τῇ
3963 2793 3996 2848 ὃ

636 2902 816 2942 omne
845 2903 1066 2945 nomen
1098 2892 1263 2962 quod
1293 2895 1660 2960 nominatur,
1685 2897 2151 2957 substantialiter
2179 2918 2234 2958 ei

2404 2889 2514 2961 ἅπερ
2573 2889 2752 2940 πάνπα
2811 2889 3014 2945 θεότητι
3073 2891 3132 2941 τό
3191 2890 3530 2963 ὑπερκεῖσθαι
3570 2907 3622 2940 τε
3659 2891 3748 2938 καὶ
3788 2885 3999 2960 ὗπεραι

633 2974 842 3031 cedere
873 2979 1293 3036 concedemus.
1329 2981 1432 3037 Sin
1461 2988 1660 3039 autem
1688 2986 1866 3042 etiam
1899 2987 2131 3061 absque
2158 3007 2228 3048 ca

2399 2974 2495 3030 ἀειν
2552 2981 2619 3030 τὰ
2674 2981 2871 3049 γενητὰ
2930 2984 3020 3031 καὶ
3059 2982 3238 3042 πάσης
3301 2978 3530 3032 ἐπέκεινα
3567 2977 3783 3049 λογικῆς
3826 2977 3997 3029 οὐσία

633 3068 796 3145 ne,et
824 3065 1098 3122 nondum
1130 3068 1666 3128 humanitativelut
1694 3074 1980 3132 insertum
2001 3078 2231 3134 Verbun

2405 3072 2484 3119 ιιαὶ
2537 3071 2726 3128 παντὸς
2783 3067 3034 3141 ὀνόματος
3090 3065 3319 3140 διᾴττειν
3373 3064 3664 3128 οὖσιωδῶς.
3708 3065 3770 3118 Εἰ
3810 3062 3878 3118 δὲ
3947 3062 4003 3117 δὲ

633 3143 781 3225 ipsis
818 3173 1064 3229 quoque
1095 3160 1322 3229 angelis
1376 3161 1622 3218 inferius
1652 3181 1779 3220 esse
1810 3174 2142 3238 censeatur,
2176 3163 2231 3226 m

2406 3161 2485 3208 tati
2527 3153 2664 3229 δίχα
2692 3160 2906 3224 σαρκός,
2947 3162 3035 3209 καὶ
3066 3160 3208 3209 οὔπω
3244 3163 3352 3217 τοῖς
3389 3158 3505 3209 καθ’
3545 3158 3685 3228 ἡμὰς
3722 3156 3832 3207 οἷον
3883 3173 3997 3226 συμ

633 3259 750 3299 nus
779 3245 1024 3316 quidem
1059 3249 1166 3303 erit
1194 3248 1397 3320 ipsum
1428 3251 1550 3306 suis
1580 3256 1884 3321 creaturis,
1911 3273 1980 3312 ac
2007 3265 2231 3329 praetert

2399 3244 2614 3308 πλακεὶς
2674 3247 2698 3297 ό
2765 3251 2956 3318 Λόγός,
3015 3250 3072 3299 τό
3129 3265 3188 3318 γε
3247 3244 3293 3298 ἐν
3357 3245 3598 3298 ἐλάττοσι
3649 3245 3864 3297 κεῖσθαι
3927 3263 3997 3294 κα

638 3331 919 3388 adorator
943 3353 955 3400 ;
989 3350 1099 3390 nec
1125 3337 1175 3390 ei
1201 3337 1330 3406 jam
1355 3348 1662 3396 succurret
1691 3348 1794 3398 aut
1819 3347 2236 3414 patrocinabitl

2407 3334 2567 3386 αὐτῶν
2635 3333 2909 3398 ἁνεικότως
2976 3335 3287 3410 ἀποφέροιτο
3355 3343 3456 3386 τῶν
3526 3333 3767 3406 ἀγγέλων,
3853 3352 4005 3405 μειωπ

636 3418 882 3476 demum
924 3427 1128 3480 nostra
1159 3425 1446 3482 defensio.
1483 3431 1652 3494 Quod
1700 3433 1747 3487 si
1796 3433 1920 3488 haec
1966 3435 2162 3492 dicere
2221 3454 2234 3493 ι

2407 3430 2491 3499 μέν
2530 3425 2644 3477 ἐστι
2697 3433 2797 3476 τῶν
2857 3422 3007 3477 ἰδίων
3055 3427 3378 3498 κτισμάτων,
3419 3430 3509 3476 καὶ
3550 3428 3674 3499 πρός
3724 3441 3782 3493 γε
3842 3425 4005 3490 τούτῳ

639 3508 852 3564 sentire
881 3509 1136 3581 impium
1162 3519 1250 3569 est
1270 3515 1449 3571 simul
1481 3533 1550 3572 ac
1589 3517 2064 3592 fallacissimum,
2097 3526 2237 3580 mint

2407 3519 2794 3589 προσκυνητὴς,
2874 3511 3024 3567 οὐδὲν
3099 3517 3447 3586 ἐπαμύνοντος
3507 3514 3537 3572 ἦ
3597 3508 4005 3586 ὑπερδικούντος

639 3599 840 3651 autem
869 3603 973 3664 est,
1002 3601 1293 3672 quoniam
1323 3607 1379 3658 et
1406 3604 1590 3661 homo
1621 3613 1744 3674 est;
1772 3611 1973 3681 utique
2011 3619 2237 3686 sequetl

2407 3607 2479 3656 ἔτι
2524 3622 2616 3655 του
2666 3600 2789 3677 πὰρ’
2841 3605 2966 3675 ἡμῖν
3023 3602 3199 3674 λόγου.
3243 3603 3305 3655 Εἰ
3362 3599 3420 3654 δε
3461 3598 3528 3659 δὴ
3571 3605 3717 3653 ταυτὶ
3759 3601 3925 3670 φάναι
3964 3617 4005 3649 τι

641 3682 703 3738 id
732 3699 860 3739 esse
881 3688 1293 3760 cogitandum,
1327 3692 1546 3750 scilicet
1575 3695 1954 3756 adoratorem
1979 3682 2239 3775 esse,un

2407 3698 2492 3744 καὶ
2542 3699 2739 3764 φρονεῖν
2805 3687 3059 3754 δυσσεϐὲς
3112 3711 3168 3745 τε
3230 3693 3341 3764 ἅμα
3403 3696 3492 3743 καὶ
3561 3690 4005 3762 σφαλερώτατονε

638 3776 814 3830 tenus
839 3774 1023 3834 homo
1049 3781 1154 3834 est.
2163 3774 2180 3775 ί

2407 3785 2557 3855 μείων
2617 3777 2695 3848 δὲ,
2757 3783 2835 3833 ὅτι
2895 3786 2986 3834 καὶ
3042 3783 3360 3855 ἄνθρωπος’
3403 3780 3583 3851 ἕψεταί
3638 3798 3739 3832 που
3797 3781 4005 3836 πάντως

2402 3872 2560 3924 ἐκεῖνο
2623 3879 2754 3924 νοεῖν
2787 3888 2799 3902 °
2859 3876 3224 3945 προσκυνητὴς
3278 3873 3382 3945 γάρ
3441 3869 3575 3937 ἐστι,
3630 3871 3711 3922 ὅτι
3765 3872 3862 3920 καὶ
3928 3869 4006 3919 ἇν-

2403 3964 2627 4034 θρωπος.

1314 4069 1613 4137 Ejusdem.

2961 4074 3064 4121 Τοῦ
3097 4066 3256 4119 αὐτοῦ
3297 4066 3429 4138 (28).

707 4172 796 4227 28.
832 4173 980 4227 Cum
1019 4175 1220 4228 autem
1252 4175 1581 4246 apostolico
1613 4177 1772 4233 dicto
1817 4179 2126 4248 insultent,
2167 4199 2298 4256 per-

2479 4174 2578 4234 κη’.
2659 4171 2868 4234 Ἐπιιδή
2968 4172 3028 4228 ti":
3117 4179 3211 4233 τὴν
3298 4173 3650 4232 ἁποστολικὴν
3739 4173 3988 4237 κατεξανι

635 4255 777 4312 inde
806 4273 876 4313 ac
906 4261 954 4313 si
983 4262 1060 4315 ad
1086 4261 1400 4330 vulgarem
1427 4264 1695 4336 aliquam
1721 4268 2028 4326 hominem
2059 4255 2233 4327 refert

2412 4271 2571 4318 στᾶσι
2643 4265 2821 4340 ῥῆσιν,
2880 4267 2949 4326 ὡς
3023 4263 3098 4317 ἔπ’
3168 4262 3438 4338 ἀνθρώπου
3505 4270 3678 4316 κοινοῦ
3751 4281 4005 4337 προενενε-

639 4350 753 4413 tur,
769 4361 879 4415 age
901 4351 1089 4403 totam
1114 4353 1468 4407 sententiam
1494 4354 1572 4408 ab
1594 4355 1761 4412 initio
1784 4363 2237 4434 repetamus,qu

2409 4357 2622 4426 γμένην,
2713 4357 2828 4428 φέρε
2901 4353 3121 4427 λέγωμεν
3214 4352 3406 4416 ﬂown;
3491 4353 3579 4406 ἀπ’
3657 4351 3837 4428 ἀρχῆς
3913 4360 4005 4403 τῶν

639 4438 812 4518 tenus
843 4434 922 4490 ad
947 4436 1286 4494 institutum
1321 4456 1663 4497 sermonem
1691 4446 1965 4516 pertinet.
2002 4450 2234 4521 Scriptu

2411 4447 2774 4518 γεγραμμένων
2859 4447 3020 4516 μέχρι
3107 4441 3433 4506 καταλήξεως
3520 4451 3614 4504 τῆς
3684 4441 4005 4517 ἀποχρώσης

638 4525 843 4594 ltaque
874 4528 962 4579 est
989 4543 1000 4580 :
1025 4525 1181 4581 Eum
1216 4533 1415 4583 autem
1446 4532 1551 4600 qui
1588 4533 1819 4588 modico
1865 4551 2044 4604 quam
2100 4553 2236 4610 angi

2414 4541 2485 4603 τῷ
2522 4532 2690 4604 λόχῳ.
2739 4535 3030 4605 Γέγραπται
3082 4537 3252 4584 τοίνυν
3282 4546 3297 4562 ⁶
3339 4535 3437 4586 Τόν
3479 4527 3536 4585 δὲ
3576 4529 3760 4604 βραχύ
3794 4550 3850 4582 τι
3890 4529 4004 4602 παρ

637 4612 973 4666 minoratus
1005 4619 1106 4678 est,
1145 4614 1409 4670 videmus
1442 4616 1640 4672 Jesum
1680 4628 1926 4689 propter
1968 4626 2235 4692 passione

2415 4621 2658 4693 ἀγγέλους
2734 4621 3085 4694 ἠλαττωμένον
3166 4620 3420 4694 βλέπομεν
3505 4621 3710 4680 Ἰησοῦν
3783 4617 3883 4674 διὰ
3955 4623 4005 4670 τὸ

638 4701 845 4755 mortis
871 4703 1062 4773 gloria
1087 4707 1141 4758 et
1167 4701 1390 4759 honore
1419 4709 1883 4763 coronatum.Et
1907 4713 2089 4780 paulo
2112 4715 2236 4783 infr

2413 4712 2634 4783 πάθημα
2669 4731 2758 4764 του
2788 4712 3008 4764 θανάτου
3045 4707 3173 4784 δόξῃ
3207 4717 3296 4763 καὶ
3324 4719 3449 4784 τιμῇ
3482 4709 3916 4784 ἐστεφανωμένον.
3946 4737 4005 4748 ——

641 4790 785 4844 Ecce
815 4789 997 4854 enim,
1041 4795 1097 4845 et
1141 4789 1388 4862 quidem
1422 4792 1799 4863 apertissime
1839 4812 1979 4852 cum
2009 4798 2169 4856 dicat
2197 4818 2239 4856 n

2415 4804 2516 4852 Καὶ
2575 4799 2684 4872 μετ’
2741 4799 2931 4872 ὀλίγα·
2989 4796 3126 4854 Ἰδοὺ
3164 4803 3288 4874 γὰρ,
3349 4797 3465 4852 ἰδοὺ
3497 4805 3587 4852 καὶ
3643 4799 3782 4873 μάλα
3835 4806 4005 4871 σαφῶς

638 4882 918 4934 noratum
954 4878 1108 4934 infra
1137 4877 1384 4949 angelos
1417 4885 1666 4952 propter
1690 4885 2035 4953 passionem
2073 4892 2236 4945 morti

2412 4887 2745 4948 ἠλαττῶσθαι
2783 4889 2940 4962 λέγων
2981 4889 3135 4942 αὐτόν
3183 4892 3324 4961 παρὰ
3360 4893 3481 4950 τοὺς
3520 4887 3770 4961 ἁγγελους
3822 4885 3918 4941 θ’ιὰ
3954 4890 4005 4938 τό

640 4973 818 5040 atque
841 4968 920 5025 ob
949 4967 1011 5024 id
1043 4971 1398 5024 coronatum
1429 4985 1561 5024 esse
1600 4969 1790 5038 gloria
1820 4979 1876 5029 et
1903 4975 2152 5042 honore,
2176 4995 2235 5034 m

2410 4979 2633 5051 πάθημα
2669 4986 2761 5031 τοῦ
2802 4981 3044 5051 θανάτου,
3105 4981 3450 5051 κατεστέφθαι
3500 4998 3560 5050 γε
3616 4983 3717 5051 μὴν
3757 4973 3835 5029 δι’
3887 4978 4005 5028 αὐτὸ

639 5059 847 5114 nifeste
864 5058 1032 5113 illum
1061 5055 1326 5113 ostendit
1352 5056 1425 5112 de
1457 5073 1582 5129 quo
1612 5059 1798 5116 verba
1826 5061 1982 5130 fecit,
2011 5065 2235 5122 nimiru

2410 5074 2535 5140 τιμῇ
2570 5086 2640 5146 τε.
2661 5073 2749 5119 καὶ
2776 5063 2926 5141 δόξῃ,
2969 5069 3282 5125 καθίστησιν
3313 5065 3506 5139 ἐμφανῆ
3539 5070 3622 5119 τόν
3662 5065 3739 5138 ἐφ’
3854 5072 4005 5118 ποιεῖ-

642 5148 1021 5216 Unigenitum
1051 5163 1063 5202 :
1093 5145 1448 5218 participem
1483 5147 1644 5201 enim
1665 5149 1747 5204 ait
1767 5148 1990 5208 factum
2013 5168 2146 5214 esse
2175 5171 2240 5215 ca

2408 5175 2497 5210 ται
2525 5145 2644 5216 τοὺς
2686 5155 2868 5227 λόγους
2898 5173 2910 5186 ⁵
2964 5153 3127 5216 δῆλοη
3169 5152 3228 5209 δὲ
3285 5159 3363 5208 ὅτι
3401 5159 3488 5208 τὸν
3527 5161 3784 5226 Μονογενῆ
3815 5169 3831 5184 ⁶
3875 5172 4005 5228 μετε·

639 5235 733 5290 nis
771 5240 826 5293 et
857 5235 1170 5307 sanguinis
1208 5235 1459 5310 perinde
1492 5250 1563 5292 ac
1589 5250 1727 5296 nos.

2411 5249 2671 5316 σχηκέναι
2716 5247 2816 5318 γάρ
2859 5265 3016 5319 φησιν
3049 5245 3203 5300 αὐτόν
3231 5247 3447 5318 αἵματος
3475 5249 3566 5298 καὶ
3612 5246 3809 5320 σαρκός
3850 5263 4005 5316 παρα·

2408 5331 2508 5392 πλη
2518 5338 2644 5397 σίως
2673 5335 2702 5392 ἠ
2710 5340 2818 5406 μίν.

715 5484 827 5626 (26;
889 5485 1140 5545 Edit.cit.
1173 5491 1212 5545 t.
1237 5491 1279 5556 Ι,
1307 5506 1364 5564 p.
1399 5495 1500 5548 317
1528 5493 1593 5548 D.
2479 5495 2588 5566 (28)
2621 5494 2847 5568 Dialog.
2879 5495 3050 5565 Quod
3077 5511 3234 5553 unus
3263 5502 3347 5555 est
3379 5495 3670 5565 Christus,
3701 5496 3828 5563 LV,
3851 5496 4001 5570 part.

715 5557 800 5625 (27
857 5559 944 5615 De
999 5561 1310 5626 Trinitale,
1361 5562 1582 5626 dialog.
1639 5580 1715 5626 ιγ.
1762 5566 1803 5626 t.
1835 5567 1902 5626 ν.
1941 5569 2096 5626 Dari.
2149 5581 2191 5626 1.
2230 5582 2290 5626 D.
2408 5584 2444 5626 ι,
2479 5581 2537 5626 D.
2570 5569 2672 5624 763
2703 5567 2768 5626 B.

643 5557 944 5685 (⁵222ἒοῦ8
999 5557 1328 5630 Trinitale;
1361 5562 1582 5637 dialog.
1639 5580 1715 5634 ιγ,
1762 5566 1803 5626 t.
1835 5567 1902 5637 ν,
1941 5569 2096 5643 part.
2149 5581 2191 5640 1,
2230 5582 2290 5641 p.
2408 5584 2444 5632 ι,
2570 5557 2672 5624 763
2703 5567 2768 5630 Β.
