  <div class='ocr_page' id='page_1' title='image "/cluster/home/n/w/nwhite01/storage/ocr_20150623/140/pst.000005714568/142.png"; bbox 0 0 4046 6310; ppageno 0'>
   <div class='ocr_carea' id='block_1_1' title="bbox 54 374 3440 450">
    <p class='ocr_par' dir='ltr' id='par_1_1' title="bbox 54 374 3440 450">
     <span class='ocr_line' id='line_1_1' title="bbox 54 374 3440 450; baseline 0.006 -19"><span class='ocrx_word' id='word_1_1' title='bbox 54 390 144 445; x_wconf 64' lang='lat'>3—15</span> <span class='ocrx_word' id='word_1_2' title='bbox 1397 381 1746 440; x_wconf 73' lang='lat' dir='ltr'>rneswm</span> <span class='ocrx_word' id='word_1_3' title='bbox 1786 381 1915 438; x_wconf 87' lang='lat' dir='ltr'>LIB.</span> <span class='ocrx_word' id='word_1_4' title='bbox 1955 374 2108 439; x_wconf 83' lang='lat' dir='ltr'>xxv.</span> <span class='ocrx_word' id='word_1_5' title='bbox 3335 389 3440 450; x_wconf 76' lang='lat'>226</span> 
     </span>
    </p>
   </div>
   <div class='ocr_carea' id='block_1_2' title="bbox 545 505 2143 586">
    <p class='ocr_par' dir='ltr' id='par_1_2' title="bbox 545 507 1756 586">
     <span class='ocr_line' id='line_1_2' title="bbox 545 507 1756 586; baseline -0.003 -20"><span class='ocrx_word' id='word_1_6' title='bbox 545 517 650 566; x_wconf 86' lang='grc' dir='ltr'>Τοῦ</span> <span class='ocrx_word' id='word_1_7' title='bbox 679 511 1065 586; x_wconf 79' lang='grc' dir='ltr'>Χρυσοστὸμου</span> <span class='ocrx_word' id='word_1_8' title='bbox 1089 509 1224 581; x_wconf 84' lang='lat'>(29).</span> <span class='ocrx_word' id='word_1_9' title='bbox 1707 507 1756 562; x_wconf 75' lang='grc' dir='ltr'><strong>Α</strong></span> 
     </span>
    </p>
   </div>
   <div class='ocr_carea' id='block_1_3' title="bbox 1235 505 2833 586">
    <p class='ocr_par' dir='ltr' id='par_1_3' title="bbox 1707 505 2833 578">
     <span class='ocr_line' id='line_1_3' title="bbox 1707 505 2833 578; baseline 0.01 -23"><span class='ocrx_word' id='word_1_10' title='bbox 1707 507 1756 562; x_wconf 74' lang='grc' dir='ltr'><strong>Α</strong></span> <span class='ocrx_word' id='word_1_11' title='bbox 2397 505 2833 578; x_wconf 77' lang='lat' dir='ltr'>Chrysostomi.</span> 
     </span>
    </p>
   </div>
   <div class='ocr_carea' id='block_1_4' title="bbox 113 611 1711 694">
    <p class='ocr_par' dir='ltr' id='par_1_4' title="bbox 113 612 1680 694">
     <span class='ocr_line' id='line_1_4' title="bbox 113 612 1680 694; baseline -0.004 -25"><span class='ocrx_word' id='word_1_12' title='bbox 113 617 212 675; x_wconf 69' lang='grc' dir='ltr'>ιϐ’.</span> <span class='ocrx_word' id='word_1_13' title='bbox 288 617 474 674; x_wconf 73' lang='grc' dir='ltr'>Ἀλλᾶ</span> <span class='ocrx_word' id='word_1_14' title='bbox 545 623 636 672; x_wconf 79' lang='grc' dir='ltr'>καὶ</span> <span class='ocrx_word' id='word_1_15' title='bbox 693 620 977 694; x_wconf 76' lang='grc' dir='ltr'>περιφέρων</span> <span class='ocrx_word' id='word_1_16' title='bbox 1051 619 1145 675; x_wconf 80' lang='grc' dir='ltr'>τήν</span> <span class='ocrx_word' id='word_1_17' title='bbox 1212 616 1400 691; x_wconf 81' lang='grc' dir='ltr'>σάρκα,</span> <span class='ocrx_word' id='word_1_18' title='bbox 1464 612 1680 687; x_wconf 77' lang='grc' dir='ltr'>ἀφίησιν</span> 
     </span>
    </p>
   </div>
   <div class='ocr_carea' id='block_1_5' title="bbox 1841 611 3439 694">
    <p class='ocr_par' dir='ltr' id='par_1_5' title="bbox 1860 611 3439 687">
     <span class='ocr_line' id='line_1_5' title="bbox 1860 611 3439 687; baseline 0.008 -21"><span class='ocrx_word' id='word_1_19' title='bbox 1860 614 1948 668; x_wconf 84' lang='lat'>29.</span> <span class='ocrx_word' id='word_1_20' title='bbox 1989 611 2104 669; x_wconf 86' lang='lat' dir='ltr'>Sed</span> <span class='ocrx_word' id='word_1_21' title='bbox 2151 627 2330 669; x_wconf 89' lang='lat' dir='ltr'>carne</span> <span class='ocrx_word' id='word_1_22' title='bbox 2373 619 2705 687; x_wconf 89' lang='lat' dir='ltr'>assumpta,</span> <span class='ocrx_word' id='word_1_23' title='bbox 2735 616 2874 673; x_wconf 85' lang='lat' dir='ltr'>sinit</span> <span class='ocrx_word' id='word_1_24' title='bbox 2900 631 3037 674; x_wconf 91' lang='lat' dir='ltr'>eam</span> <span class='ocrx_word' id='word_1_25' title='bbox 3067 623 3298 678; x_wconf 74' lang='lat' dir='ltr'>naturas</span> <span class='ocrx_word' id='word_1_26' title='bbox 3345 621 3439 678; x_wconf 92' lang='lat' dir='ltr'>in-</span> 
     </span>
    </p>
   </div>
   <div class='ocr_carea' id='block_1_6' title="bbox 57 700 1655 783">
    <p class='ocr_par' dir='ltr' id='par_1_6' title="bbox 57 705 1655 782">
     <span class='ocr_line' id='line_1_6' title="bbox 57 705 1655 782; baseline -0.001 -24"><span class='ocrx_word' id='word_1_27' title='bbox 57 708 212 766; x_wconf 48' lang='lat' dir='ltr'>sum</span> <span class='ocrx_word' id='word_1_28' title='bbox 280 711 366 761; x_wconf 74' lang='grc' dir='ltr'>τὰ</span> <span class='ocrx_word' id='word_1_29' title='bbox 427 716 529 771; x_wconf 75' lang='grc' dir='ltr'>τῆς</span> <span class='ocrx_word' id='word_1_30' title='bbox 581 710 780 782; x_wconf 79' lang='grc' dir='ltr'>φύσεως</span> <span class='ocrx_word' id='word_1_31' title='bbox 845 705 1183 779; x_wconf 75' lang='grc' dir='ltr'>ἐλαττώματα</span> <span class='ocrx_word' id='word_1_32' title='bbox 1236 705 1532 778; x_wconf 80' lang='grc' dir='ltr'>ὑπομεῖναι,</span> <span class='ocrx_word' id='word_1_33' title='bbox 1591 722 1655 756; x_wconf 85' lang='grc' dir='ltr'>κα</span> 
     </span>
    </p>
   </div>
   <div class='ocr_carea' id='block_1_7' title="bbox 1843 700 3441 783">
    <p class='ocr_par' dir='ltr' id='par_1_7' title="bbox 1843 701 3441 783">
     <span class='ocr_line' id='line_1_7' title="bbox 1843 701 3441 783; baseline 0.007 -26"><span class='ocrx_word' id='word_1_34' title='bbox 1843 701 2102 758; x_wconf 87' lang='lat' dir='ltr'>rmitates</span> <span class='ocrx_word' id='word_1_35' title='bbox 2141 703 2423 776; x_wconf 90' lang='lat' dir='ltr'>perferre,</span> <span class='ocrx_word' id='word_1_36' title='bbox 2448 703 2724 763; x_wconf 78' lang='lat' dir='ltr'>videlicet</span> <span class='ocrx_word' id='word_1_37' title='bbox 2776 711 2833 762; x_wconf 92' lang='lat' dir='ltr'>et</span> <span class='ocrx_word' id='word_1_38' title='bbox 2881 707 3063 776; x_wconf 91' lang='lat' dir='ltr'>sitire,</span> <span class='ocrx_word' id='word_1_39' title='bbox 3114 714 3172 766; x_wconf 89' lang='lat' dir='ltr'>et</span> <span class='ocrx_word' id='word_1_40' title='bbox 3207 711 3441 783; x_wconf 90' lang='lat' dir='ltr'>requie-</span> 
     </span>
    </p>
   </div>
   <div class='ocr_carea' id='block_1_8' title="bbox 57 789 1655 872">
    <p class='ocr_par' dir='ltr' id='par_1_8' title="bbox 57 789 1655 868">
     <span class='ocr_line' id='line_1_8' title="bbox 57 789 1655 868; baseline -0.009 -9"><span class='ocrx_word' id='word_1_41' title='bbox 57 795 326 868; x_wconf 52' lang='grc' dir='ltr'>διῷἦσαι,</span> <span class='ocrx_word' id='word_1_42' title='bbox 377 803 476 852; x_wconf 78' lang='grc' dir='ltr'>καὶ</span> <span class='ocrx_word' id='word_1_43' title='bbox 534 800 874 866; x_wconf 76' lang='grc' dir='ltr'>καθεσθῆναι,</span> <span class='ocrx_word' id='word_1_44' title='bbox 925 799 1017 848; x_wconf 81' lang='grc' dir='ltr'>καὶ</span> <span class='ocrx_word' id='word_1_45' title='bbox 1082 796 1339 848; x_wconf 86' lang='grc' dir='ltr'>κοπιάσαι</span> <span class='ocrx_word' id='word_1_46' title='bbox 1372 812 1386 826; x_wconf 73' lang='grc' dir='ltr'>ο</span> <span class='ocrx_word' id='word_1_47' title='bbox 1429 793 1571 855; x_wconf 81' lang='grc' dir='ltr'>τέλος</span> <span class='ocrx_word' id='word_1_48' title='bbox 1625 789 1655 845; x_wconf 82' lang='grc' dir='ltr'><em>δ</em></span> 
     </span>
    </p>
   </div>
   <div class='ocr_carea' id='block_1_9' title="bbox 1839 789 3437 872">
    <p class='ocr_par' dir='ltr' id='par_1_9' title="bbox 1839 791 3437 872">
     <span class='ocr_line' id='line_1_9' title="bbox 1839 791 3437 872; baseline 0.006 -25"><span class='ocrx_word' id='word_1_49' title='bbox 1839 807 1974 863; x_wconf 83' lang='lat' dir='ltr'>:ere,</span> <span class='ocrx_word' id='word_1_50' title='bbox 2010 796 2067 849; x_wconf 91' lang='lat' dir='ltr'>et</span> <span class='ocrx_word' id='word_1_51' title='bbox 2089 791 2367 850; x_wconf 82' lang='lat' dir='ltr'>laborare</span> <span class='ocrx_word' id='word_1_52' title='bbox 2393 810 2406 848; x_wconf 90' lang='lat'><strong>:</strong></span> <span class='ocrx_word' id='word_1_53' title='bbox 2440 794 2701 868; x_wconf 89' lang='lat' dir='ltr'>denique</span> <span class='ocrx_word' id='word_1_54' title='bbox 2722 796 2801 853; x_wconf 90' lang='lat' dir='ltr'>ad</span> <span class='ocrx_word' id='word_1_55' title='bbox 2827 813 3066 855; x_wconf 91' lang='lat' dir='ltr'>crucem</span> <span class='ocrx_word' id='word_1_56' title='bbox 3096 799 3437 872; x_wconf 86' lang='lat' dir='ltr'>deveniens,</span> 
     </span>
    </p>
   </div>
   <div class='ocr_carea' id='block_1_10' title="bbox 54 880 1652 962">
    <p class='ocr_par' dir='ltr' id='par_1_10' title="bbox 54 881 1648 962">
     <span class='ocr_line' id='line_1_10' title="bbox 54 881 1648 962; baseline -0.003 -24"><span class='ocrx_word' id='word_1_57' title='bbox 54 892 133 939; x_wconf 71' lang='lat' dir='ltr'>ui</span> <span class='ocrx_word' id='word_1_58' title='bbox 192 884 291 939; x_wconf 76' lang='grc' dir='ltr'>ἐπὶ</span> <span class='ocrx_word' id='word_1_59' title='bbox 350 890 450 939; x_wconf 83' lang='grc' dir='ltr'>τὸν</span> <span class='ocrx_word' id='word_1_60' title='bbox 493 889 718 962; x_wconf 86' lang='grc' dir='ltr'>σταυρόν</span> <span class='ocrx_word' id='word_1_61' title='bbox 775 884 1073 961; x_wconf 76' lang='grc' dir='ltr'>ἐρχόμενος,</span> <span class='ocrx_word' id='word_1_62' title='bbox 1132 881 1348 956; x_wconf 75' lang='grc' dir='ltr'>ἀφίησιν</span> <span class='ocrx_word' id='word_1_63' title='bbox 1407 881 1570 940; x_wconf 71' lang='grc' dir='ltr'>αὐτὴν</span> <span class='ocrx_word' id='word_1_64' title='bbox 1620 901 1648 934; x_wconf 90' lang='grc' dir='ltr'>τ</span> 
     </span>
    </p>
   </div>
   <div class='ocr_carea' id='block_1_11' title="bbox 1841 880 3439 962">
    <p class='ocr_par' dir='ltr' id='par_1_11' title="bbox 1846 880 3439 962">
     <span class='ocr_line' id='line_1_11' title="bbox 1846 880 3439 962; baseline 0.005 -26"><span class='ocrx_word' id='word_1_65' title='bbox 1846 880 1932 936; x_wconf 90' lang='lat' dir='ltr'>nit</span> <span class='ocrx_word' id='word_1_66' title='bbox 1959 896 2204 938; x_wconf 90' lang='lat' dir='ltr'>carnem</span> <span class='ocrx_word' id='word_1_67' title='bbox 2235 899 2371 955; x_wconf 63' lang='lat' dir='ltr'>quas</span> <span class='ocrx_word' id='word_1_68' title='bbox 2403 888 2544 939; x_wconf 90' lang='lat' dir='ltr'>sunt</span> <span class='ocrx_word' id='word_1_69' title='bbox 2571 885 2818 958; x_wconf 89' lang='lat' dir='ltr'>propria</span> <span class='ocrx_word' id='word_1_70' title='bbox 2869 887 3146 958; x_wconf 86' lang='lat' dir='ltr'>ejusdem</span> <span class='ocrx_word' id='word_1_71' title='bbox 3194 889 3439 962; x_wconf 80' lang='lat' dir='ltr'>perpeti.</span> 
     </span>
    </p>
   </div>
   <div class='ocr_carea' id='block_1_12' title="bbox 51 967 1649 1051">
    <p class='ocr_par' dir='ltr' id='par_1_12' title="bbox 51 969 1649 1051">
     <span class='ocr_line' id='line_1_12' title="bbox 51 969 1649 1051; baseline -0.006 -19"><span class='ocrx_word' id='word_1_72' title='bbox 51 983 133 1035; x_wconf 69' lang='grc' dir='ltr'>τὶς</span> <span class='ocrx_word' id='word_1_73' title='bbox 177 979 412 1051; x_wconf 77' lang='grc' dir='ltr'>σαρκὸς</span> <span class='ocrx_word' id='word_1_74' title='bbox 469 978 652 1030; x_wconf 80' lang='grc' dir='ltr'>παθεῖν</span> <span class='ocrx_word' id='word_1_75' title='bbox 685 992 698 1006; x_wconf 83' lang='lat'>&#39;</span> <span class='ocrx_word' id='word_1_76' title='bbox 742 971 836 1029; x_wconf 78' lang='grc' dir='ltr'>διὰ</span> <span class='ocrx_word' id='word_1_77' title='bbox 871 982 1025 1027; x_wconf 81' lang='grc' dir='ltr'>τοῦτο</span> <span class='ocrx_word' id='word_1_78' title='bbox 1073 978 1163 1026; x_wconf 85' lang='grc' dir='ltr'>καὶ</span> <span class='ocrx_word' id='word_1_79' title='bbox 1199 976 1409 1048; x_wconf 79' lang='grc' dir='ltr'>κρουνοὶ</span> <span class='ocrx_word' id='word_1_80' title='bbox 1450 969 1649 1044; x_wconf 72' lang='grc' dir='ltr'>ἰδρὼτω</span> 
     </span>
    </p>
   </div>
   <div class='ocr_carea' id='block_1_13' title="bbox 1848 967 3446 1051">
    <p class='ocr_par' dir='ltr' id='par_1_13' title="bbox 1848 971 3446 1045">
     <span class='ocr_line' id='line_1_13' title="bbox 1848 971 3446 1045; baseline 0.006 -20"><span class='ocrx_word' id='word_1_81' title='bbox 1848 975 2236 1043; x_wconf 86' lang='lat' dir='ltr'>roptereaque</span> <span class='ocrx_word' id='word_1_82' title='bbox 2267 976 2324 1028; x_wconf 91' lang='lat' dir='ltr'>et</span> <span class='ocrx_word' id='word_1_83' title='bbox 2375 971 2612 1029; x_wconf 88' lang='lat' dir='ltr'>sudoris</span> <span class='ocrx_word' id='word_1_84' title='bbox 2642 974 2748 1030; x_wconf 90' lang='lat' dir='ltr'>rivi</span> <span class='ocrx_word' id='word_1_85' title='bbox 2778 991 2851 1030; x_wconf 82' lang='lat' dir='ltr'>ex</span> <span class='ocrx_word' id='word_1_86' title='bbox 2881 991 2953 1031; x_wconf 91' lang='lat' dir='ltr'>ea</span> <span class='ocrx_word' id='word_1_87' title='bbox 2979 976 3348 1045; x_wconf 89' lang='lat' dir='ltr'>deﬂuebant,</span> <span class='ocrx_word' id='word_1_88' title='bbox 3389 981 3446 1034; x_wconf 91' lang='lat' dir='ltr'>et</span> 
     </span>
    </p>
   </div>
   <div class='ocr_carea' id='block_1_14' title="bbox 51 1059 1649 1140">
    <p class='ocr_par' dir='ltr' id='par_1_14' title="bbox 51 1061 1649 1140">
     <span class='ocr_line' id='line_1_14' title="bbox 51 1061 1649 1140; baseline -0.004 -22"><span class='ocrx_word' id='word_1_89' title='bbox 51 1069 422 1140; x_wconf 59' lang='grc' dir='ltr'>κατεφέροντο</span> <span class='ocrx_word' id='word_1_90' title='bbox 517 1064 568 1128; x_wconf 81' lang='grc' dir='ltr'>ὶξ</span> <span class='ocrx_word' id='word_1_91' title='bbox 658 1064 815 1126; x_wconf 73' lang='grc' dir='ltr'>αὐτῆς</span> <span class='ocrx_word' id='word_1_92' title='bbox 847 1079 862 1096; x_wconf 90' lang='grc'><strong>·</strong></span> <span class='ocrx_word' id='word_1_93' title='bbox 938 1067 1028 1116; x_wconf 84' lang='grc' dir='ltr'>καὶ</span> <span class='ocrx_word' id='word_1_94' title='bbox 1115 1061 1333 1134; x_wconf 78' lang='grc' dir='ltr'>ἄγγελος</span> <span class='ocrx_word' id='word_1_95' title='bbox 1407 1062 1649 1136; x_wconf 80' lang='grc' dir='ltr'>ηὑρίσκετ</span> 
     </span>
    </p>
   </div>
   <div class='ocr_carea' id='block_1_15' title="bbox 1848 1059 3446 1140">
    <p class='ocr_par' dir='ltr' id='par_1_15' title="bbox 1848 1059 3446 1133">
     <span class='ocr_line' id='line_1_15' title="bbox 1848 1059 3446 1133; baseline 0.006 -19"><span class='ocrx_word' id='word_1_96' title='bbox 1848 1059 2048 1130; x_wconf 71' lang='lat' dir='ltr'>agelus</span> <span class='ocrx_word' id='word_1_97' title='bbox 2078 1061 2361 1133; x_wconf 82' lang='lat' dir='ltr'>apparuit</span> <span class='ocrx_word' id='word_1_98' title='bbox 2397 1061 2562 1118; x_wconf 86' lang='lat' dir='ltr'>illam</span> <span class='ocrx_word' id='word_1_99' title='bbox 2602 1063 2982 1133; x_wconf 84' lang='lat' dir='ltr'>confortans;</span> <span class='ocrx_word' id='word_1_100' title='bbox 3015 1071 3071 1122; x_wconf 91' lang='lat' dir='ltr'>et</span> <span class='ocrx_word' id='word_1_101' title='bbox 3095 1067 3362 1124; x_wconf 89' lang='lat' dir='ltr'>tristatur</span> <span class='ocrx_word' id='word_1_102' title='bbox 3389 1072 3446 1123; x_wconf 90' lang='lat' dir='ltr'>et</span> 
     </span>
    </p>
   </div>
   <div class='ocr_carea' id='block_1_16' title="bbox 53 1147 1651 1231">
    <p class='ocr_par' dir='ltr' id='par_1_16' title="bbox 53 1147 1651 1231">
     <span class='ocr_line' id='line_1_16' title="bbox 53 1147 1651 1231; baseline -0.003 -25"><span class='ocrx_word' id='word_1_103' title='bbox 53 1156 214 1212; x_wconf 58' lang='grc' dir='ltr'>αὐτὴν</span> <span class='ocrx_word' id='word_1_104' title='bbox 260 1152 593 1231; x_wconf 74' lang='grc' dir='ltr'>διακρατῶν</span> <span class='ocrx_word' id='word_1_105' title='bbox 627 1171 638 1184; x_wconf 93' lang='grc'><strong>·</strong></span> <span class='ocrx_word' id='word_1_106' title='bbox 672 1159 761 1208; x_wconf 85' lang='grc' dir='ltr'>καὶ</span> <span class='ocrx_word' id='word_1_107' title='bbox 809 1153 1068 1219; x_wconf 77' lang='grc' dir='ltr'>λυπεῖται,</span> <span class='ocrx_word' id='word_1_108' title='bbox 1109 1157 1199 1204; x_wconf 84' lang='grc' dir='ltr'>καὶ</span> <span class='ocrx_word' id='word_1_109' title='bbox 1251 1147 1509 1224; x_wconf 75' lang='grc' dir='ltr'>ἀδημονεῖ</span> <span class='ocrx_word' id='word_1_110' title='bbox 1537 1164 1552 1179; x_wconf 84' lang='grc'><strong>⁸</strong></span> <span class='ocrx_word' id='word_1_111' title='bbox 1596 1169 1651 1201; x_wconf 88' lang='grc' dir='ltr'>κο</span> 
     </span>
    </p>
   </div>
   <div class='ocr_carea' id='block_1_17' title="bbox 1847 1147 3445 1231">
    <p class='ocr_par' dir='ltr' id='par_1_17' title="bbox 1847 1153 3445 1224">
     <span class='ocr_line' id='line_1_17' title="bbox 1847 1153 3445 1224; baseline 0.006 -21"><span class='ocrx_word' id='word_1_112' title='bbox 1847 1153 2012 1205; x_wconf 65' lang='lat' dir='ltr'>masta</span> <span class='ocrx_word' id='word_1_113' title='bbox 2045 1154 2151 1205; x_wconf 89' lang='lat' dir='ltr'>est.</span> <span class='ocrx_word' id='word_1_114' title='bbox 2194 1153 2341 1206; x_wconf 88' lang='lat' dir='ltr'>Nam</span> <span class='ocrx_word' id='word_1_115' title='bbox 2391 1156 2448 1207; x_wconf 92' lang='lat' dir='ltr'>et</span> <span class='ocrx_word' id='word_1_116' title='bbox 2477 1157 2804 1224; x_wconf 82' lang='lat' dir='ltr'>antequam</span> <span class='ocrx_word' id='word_1_117' title='bbox 2835 1153 2964 1210; x_wconf 71' lang='lat' dir='ltr'>haec</span> <span class='ocrx_word' id='word_1_118' title='bbox 3006 1155 3228 1213; x_wconf 79' lang='lat' dir='ltr'>diceret</span> <span class='ocrx_word' id='word_1_119' title='bbox 3259 1172 3273 1210; x_wconf 87' lang='lat'><strong>:</strong></span> <span class='ocrx_word' id='word_1_120' title='bbox 3299 1158 3445 1212; x_wconf 83' lang='lat' dir='ltr'>Ani-</span> 
     </span>
    </p>
   </div>
   <div class='ocr_carea' id='block_1_18' title="bbox 52 1239 1650 1320">
    <p class='ocr_par' dir='ltr' id='par_1_18' title="bbox 52 1241 1650 1320">
     <span class='ocr_line' id='line_1_18' title="bbox 52 1241 1650 1320; baseline -0.003 -23"><span class='ocrx_word' id='word_1_121' title='bbox 52 1248 144 1317; x_wconf 69' lang='grc' dir='ltr'>γὲίρ</span> <span class='ocrx_word' id='word_1_122' title='bbox 185 1249 374 1320; x_wconf 79' lang='grc' dir='ltr'>πρινή</span> <span class='ocrx_word' id='word_1_123' title='bbox 421 1253 596 1298; x_wconf 78' lang='grc' dir='ltr'>ταῦτα</span> <span class='ocrx_word' id='word_1_124' title='bbox 621 1245 794 1315; x_wconf 72' lang='grc' dir='ltr'>εἰπεῖν,</span> <span class='ocrx_word' id='word_1_125' title='bbox 830 1247 1010 1316; x_wconf 82' lang='grc' dir='ltr'>φησὶν,</span> <span class='ocrx_word' id='word_1_126' title='bbox 1033 1241 1091 1295; x_wconf 80' lang='grc' dir='ltr'><strong>Ἠ</strong></span> <span class='ocrx_word' id='word_1_127' title='bbox 1121 1241 1274 1314; x_wconf 71' lang='grc' dir='ltr'>ψυχή</span> <span class='ocrx_word' id='word_1_128' title='bbox 1304 1260 1404 1314; x_wconf 88' lang='grc' dir='ltr'>μου</span> <span class='ocrx_word' id='word_1_129' title='bbox 1435 1241 1650 1315; x_wconf 79' lang='grc' dir='ltr'>τετάρακ</span> 
     </span>
    </p>
   </div>
   <div class='ocr_carea' id='block_1_19' title="bbox 1846 1239 3444 1320">
    <p class='ocr_par' dir='ltr' id='par_1_19' title="bbox 1846 1239 3444 1313">
     <span class='ocr_line' id='line_1_19' title="bbox 1846 1239 3444 1313; baseline 0.007 -19"><span class='ocrx_word' id='word_1_130' title='bbox 1846 1255 1912 1308; x_wconf 71' lang='grc' dir='ltr'>ιιι,</span> <span class='ocrx_word' id='word_1_131' title='bbox 1935 1239 2149 1313; x_wconf 81' lang='lat' dir='ltr'>inquit,</span> <span class='ocrx_word' id='word_1_132' title='bbox 2177 1256 2306 1297; x_wconf 82' lang='lat' dir='ltr'>mea</span> <span class='ocrx_word' id='word_1_133' title='bbox 2338 1241 2581 1298; x_wconf 81' lang='lat' dir='ltr'>turbata</span> <span class='ocrx_word' id='word_1_134' title='bbox 2608 1250 2712 1308; x_wconf 82' lang='lat' dir='ltr'>est,</span> <span class='ocrx_word' id='word_1_135' title='bbox 2742 1243 2886 1300; x_wconf 85' lang='lat' dir='ltr'>Item</span> <span class='ocrx_word' id='word_1_136' title='bbox 2919 1263 2932 1301; x_wconf 87' lang='lat'><strong>:</strong></span> <span class='ocrx_word' id='word_1_137' title='bbox 2971 1247 3178 1304; x_wconf 80' lang='lat' dir='ltr'>Tristis</span> <span class='ocrx_word' id='word_1_138' title='bbox 3209 1253 3290 1304; x_wconf 81' lang='lat' dir='ltr'>est</span> <span class='ocrx_word' id='word_1_139' title='bbox 3317 1248 3444 1304; x_wconf 85' lang='lat' dir='ltr'>ani-</span> 
     </span>
    </p>
   </div>
   <div class='ocr_carea' id='block_1_20' title="bbox 54 1330 1652 1409">
    <p class='ocr_par' dir='ltr' id='par_1_20' title="bbox 54 1330 1652 1409">
     <span class='ocr_line' id='line_1_20' title="bbox 54 1330 1652 1409; baseline -0.001 -25"><span class='ocrx_word' id='word_1_140' title='bbox 54 1351 131 1385; x_wconf 76' lang='grc' dir='ltr'>ται</span> <span class='ocrx_word' id='word_1_141' title='bbox 162 1351 177 1364; x_wconf 89' lang='grc'><strong>·</strong></span> <span class='ocrx_word' id='word_1_142' title='bbox 225 1339 360 1404; x_wconf 81' lang='grc' dir='ltr'>καὶ,</span> <span class='ocrx_word' id='word_1_143' title='bbox 429 1334 720 1409; x_wconf 74' lang='grc' dir='ltr'>Περίλυπός</span> <span class='ocrx_word' id='word_1_144' title='bbox 766 1331 905 1385; x_wconf 81' lang='grc' dir='ltr'>ἐστιν</span> <span class='ocrx_word' id='word_1_145' title='bbox 961 1332 990 1390; x_wconf 75' lang='grc' dir='ltr'>η</span> <span class='ocrx_word' id='word_1_146' title='bbox 1032 1331 1186 1403; x_wconf 71' lang='grc' dir='ltr'>ψυχή</span> <span class='ocrx_word' id='word_1_147' title='bbox 1237 1349 1337 1405; x_wconf 85' lang='grc' dir='ltr'>μου</span> <span class='ocrx_word' id='word_1_148' title='bbox 1396 1330 1489 1393; x_wconf 78' lang='grc' dir='ltr'>ἕως</span> <span class='ocrx_word' id='word_1_149' title='bbox 1530 1330 1652 1383; x_wconf 83' lang='grc' dir='ltr'>θανά</span> 
     </span>
    </p>
   </div>
   <div class='ocr_carea' id='block_1_21' title="bbox 1077 1330 2675 1409">
    <p class='ocr_par' dir='ltr' id='par_1_21' title="bbox 1078 1330 2675 1405">
     <span class='ocr_line' id='line_1_21' title="bbox 1078 1330 2675 1405; baseline 0.002 -22"><span class='ocrx_word' id='word_1_150' title='bbox 1078 1336 1186 1403; x_wconf 79' lang='grc' dir='ltr'>υχή</span> <span class='ocrx_word' id='word_1_151' title='bbox 1237 1349 1337 1405; x_wconf 85' lang='grc' dir='ltr'>μου</span> <span class='ocrx_word' id='word_1_152' title='bbox 1396 1330 1489 1393; x_wconf 77' lang='grc' dir='ltr'>ἕως</span> <span class='ocrx_word' id='word_1_153' title='bbox 1530 1330 1684 1383; x_wconf 83' lang='grc' dir='ltr'>θανά·</span> <span class='ocrx_word' id='word_1_154' title='bbox 1793 1343 1893 1384; x_wconf 87' lang='lat' dir='ltr'>ma</span> <span class='ocrx_word' id='word_1_155' title='bbox 1923 1342 2055 1386; x_wconf 88' lang='lat' dir='ltr'>mea</span> <span class='ocrx_word' id='word_1_156' title='bbox 2085 1344 2271 1400; x_wconf 83' lang='lat' dir='ltr'>usque</span> <span class='ocrx_word' id='word_1_157' title='bbox 2300 1330 2381 1386; x_wconf 84' lang='lat' dir='ltr'>ad</span> <span class='ocrx_word' id='word_1_158' title='bbox 2409 1336 2675 1388; x_wconf 80' lang='lat' dir='ltr'>mortem.</span> 
     </span>
    </p>
   </div>
   <div class='ocr_carea' id='block_1_22' title="bbox 54 1441 160 1478">
    <p class='ocr_par' dir='ltr' id='par_1_22' title="bbox 54 1441 160 1478">
     <span class='ocr_line' id='line_1_22' title="bbox 54 1441 160 1478; baseline 0.047 -5"><span class='ocrx_word' id='word_1_159' title='bbox 54 1441 160 1478; x_wconf 74' lang='grc' dir='ltr'>του.</span> 
     </span>
    </p>
   </div>
   <div class='ocr_carea' id='block_1_23' title="bbox 729 1525 2327 1597">
    <p class='ocr_par' dir='ltr' id='par_1_23' title="bbox 729 1526 1046 1584">
     <span class='ocr_line' id='line_1_23' title="bbox 729 1526 1046 1584; baseline 0.003 -2"><span class='ocrx_word' id='word_1_160' title='bbox 729 1533 831 1582; x_wconf 86' lang='grc' dir='ltr'>Τοῦ</span> <span class='ocrx_word' id='word_1_161' title='bbox 861 1526 1046 1584; x_wconf 72' lang='grc' dir='ltr'>αὐτοῦ.</span> 
     </span>
    </p>
   </div>
   <div class='ocr_carea' id='block_1_24' title="bbox 1180 1525 2778 1597">
    <p class='ocr_par' dir='ltr' id='par_1_24' title="bbox 2472 1525 2778 1597">
     <span class='ocr_line' id='line_1_24' title="bbox 2472 1525 2778 1597; baseline -0.01 -14"><span class='ocrx_word' id='word_1_162' title='bbox 2472 1525 2778 1597; x_wconf 80' lang='lat' dir='ltr'>Ejusdem.</span> 
     </span>
    </p>
   </div>
   <div class='ocr_carea' id='block_1_25' title="bbox 118 1629 1716 1712">
    <p class='ocr_par' dir='ltr' id='par_1_25' title="bbox 118 1629 1684 1712">
     <span class='ocr_line' id='line_1_25' title="bbox 118 1629 1684 1712; baseline -0.004 -21"><span class='ocrx_word' id='word_1_163' title='bbox 118 1635 268 1695; x_wconf 76' lang='grc' dir='ltr'>λ’.Ὀ</span> <span class='ocrx_word' id='word_1_164' title='bbox 300 1630 372 1690; x_wconf 67' lang='grc' dir='ltr'><em>δὲ</em></span> <span class='ocrx_word' id='word_1_165' title='bbox 396 1637 631 1712; x_wconf 81' lang='grc' dir='ltr'>Χριστός</span> <span class='ocrx_word' id='word_1_166' title='bbox 663 1643 818 1708; x_wconf 87' lang='grc' dir='ltr'>σῶμα</span> <span class='ocrx_word' id='word_1_167' title='bbox 845 1636 1072 1708; x_wconf 87' lang='grc' dir='ltr'>καθαρόν</span> <span class='ocrx_word' id='word_1_168' title='bbox 1099 1631 1489 1707; x_wconf 75' lang='grc' dir='ltr'>ἁμαρτημάτων</span> <span class='ocrx_word' id='word_1_169' title='bbox 1522 1629 1684 1705; x_wconf 78' lang='grc' dir='ltr'>εἶχεν,</span> 
     </span>
    </p>
   </div>
   <div class='ocr_carea' id='block_1_26' title="bbox 1845 1629 3443 1712">
    <p class='ocr_par' dir='ltr' id='par_1_26' title="bbox 1870 1629 3443 1709">
     <span class='ocr_line' id='line_1_26' title="bbox 1870 1629 3443 1709; baseline 0.004 -22"><span class='ocrx_word' id='word_1_170' title='bbox 1870 1633 1964 1688; x_wconf 85' lang='grc'>30.</span> <span class='ocrx_word' id='word_1_171' title='bbox 2005 1629 2235 1688; x_wconf 83' lang='lat' dir='ltr'>Christo</span> <span class='ocrx_word' id='word_1_172' title='bbox 2265 1634 2467 1688; x_wconf 90' lang='lat' dir='ltr'>autem</span> <span class='ocrx_word' id='word_1_173' title='bbox 2498 1648 2718 1706; x_wconf 91' lang='lat' dir='ltr'>corpus</span> <span class='ocrx_word' id='word_1_174' title='bbox 2742 1637 2867 1691; x_wconf 90' lang='lat' dir='ltr'>erat</span> <span class='ocrx_word' id='word_1_175' title='bbox 2895 1635 3158 1707; x_wconf 82' lang='lat' dir='ltr'>peccatis</span> <span class='ocrx_word' id='word_1_176' title='bbox 3201 1652 3443 1709; x_wconf 84' lang='lat' dir='ltr'>purum,</span> 
     </span>
    </p>
   </div>
   <div class='ocr_carea' id='block_1_27' title="bbox 61 1718 1659 1800">
    <p class='ocr_par' dir='ltr' id='par_1_27' title="bbox 61 1718 1659 1800">
     <span class='ocr_line' id='line_1_27' title="bbox 61 1718 1659 1800; baseline -0.003 -23"><span class='ocrx_word' id='word_1_177' title='bbox 61 1726 112 1777; x_wconf 63' lang='grc' dir='ltr'>οὐ</span> <span class='ocrx_word' id='word_1_178' title='bbox 151 1735 418 1800; x_wconf 79' lang='grc' dir='ltr'>φυσικῶν</span> <span class='ocrx_word' id='word_1_179' title='bbox 451 1724 690 1797; x_wconf 74' lang='grc' dir='ltr'>ἀναγκῶν</span> <span class='ocrx_word' id='word_1_180' title='bbox 737 1720 1129 1796; x_wconf 67' lang='grc' dir='ltr'>ἀπηλλαγμένον</span> <span class='ocrx_word' id='word_1_181' title='bbox 1161 1737 1176 1753; x_wconf 83' lang='grc'><strong>⁸</strong></span> <span class='ocrx_word' id='word_1_182' title='bbox 1228 1721 1336 1776; x_wconf 73' lang='grc' dir='ltr'>ἐπεὶ</span> <span class='ocrx_word' id='word_1_183' title='bbox 1365 1718 1490 1775; x_wconf 63' lang='grc' dir='ltr'>οὐδὲ</span> <span class='ocrx_word' id='word_1_184' title='bbox 1538 1729 1659 1795; x_wconf 82' lang='grc' dir='ltr'>σῶμ</span> 
     </span>
    </p>
   </div>
   <div class='ocr_carea' id='block_1_28' title="bbox 1840 1718 3438 1800">
    <p class='ocr_par' dir='ltr' id='par_1_28' title="bbox 1843 1721 3438 1783">
     <span class='ocr_line' id='line_1_28' title="bbox 1843 1721 3438 1783; baseline 0.004 -6"><span class='ocrx_word' id='word_1_185' title='bbox 1843 1735 1924 1777; x_wconf 91' lang='lat' dir='ltr'>on</span> <span class='ocrx_word' id='word_1_186' title='bbox 1961 1724 2165 1778; x_wconf 87' lang='lat' dir='ltr'>tamen</span> <span class='ocrx_word' id='word_1_187' title='bbox 2219 1721 2598 1779; x_wconf 86' lang='lat' dir='ltr'>naturalibus</span> <span class='ocrx_word' id='word_1_188' title='bbox 2653 1723 3107 1781; x_wconf 84' lang='lat' dir='ltr'>necessitatibus</span> <span class='ocrx_word' id='word_1_189' title='bbox 3146 1725 3438 1783; x_wconf 89' lang='lat' dir='ltr'>alienum.</span> 
     </span>
    </p>
   </div>
   <div class='ocr_carea' id='block_1_29' title="bbox 63 1807 2701 1913">
    <p class='ocr_par' dir='ltr' id='par_1_29' title="bbox 63 1807 2701 1913">
     <span class='ocr_line' id='line_1_29' title="bbox 63 1807 2701 1913; baseline 0 -47"><span class='ocrx_word' id='word_1_190' title='bbox 63 1811 141 1872; x_wconf 68' lang='grc' dir='ltr'>ἓν.</span> <span class='ocrx_word' id='word_1_191' title='bbox 1719 1860 1764 1913; x_wconf 79' lang='grc' dir='ltr'>Β</span> <span class='ocrx_word' id='word_1_192' title='bbox 1801 1807 2041 1882; x_wconf 84' lang='lat' dir='ltr'>Alioqui</span> <span class='ocrx_word' id='word_1_193' title='bbox 2068 1825 2288 1884; x_wconf 89' lang='lat' dir='ltr'>corpus</span> <span class='ocrx_word' id='word_1_194' title='bbox 2317 1826 2440 1867; x_wconf 91' lang='lat' dir='ltr'>non</span> <span class='ocrx_word' id='word_1_195' title='bbox 2467 1811 2701 1867; x_wconf 88' lang='lat' dir='ltr'>fuisset.</span> 
     </span>
    </p>
   </div>
   <div class='ocr_carea' id='block_1_30' title="bbox 481 1918 2079 1994">
    <p class='ocr_par' dir='ltr' id='par_1_30' title="bbox 481 1918 1294 1994">
     <span class='ocr_line' id='line_1_30' title="bbox 481 1918 1294 1994; baseline 0.004 -20"><span class='ocrx_word' id='word_1_196' title='bbox 481 1927 588 1974; x_wconf 87' lang='grc' dir='ltr'>Τοῦ</span> <span class='ocrx_word' id='word_1_197' title='bbox 629 1920 782 1994; x_wconf 78' lang='grc' dir='ltr'>ἁγίου</span> <span class='ocrx_word' id='word_1_198' title='bbox 814 1918 1132 1994; x_wconf 79' lang='grc' dir='ltr'>Ἀμϐροσίου</span> <span class='ocrx_word' id='word_1_199' title='bbox 1163 1919 1294 1992; x_wconf 82' lang='grc'>(30).</span> 
     </span>
    </p>
   </div>
   <div class='ocr_carea' id='block_1_31' title="bbox 1289 1918 2887 1994">
    <p class='ocr_par' dir='ltr' id='par_1_31' title="bbox 1289 1918 2887 1976">
     <span class='ocr_line' id='line_1_31' title="bbox 1289 1918 2887 1976; baseline -0.001 -1"><span class='ocrx_word' id='word_1_200' title='bbox 1289 1959 1294 1975; x_wconf 91' lang='grc'><em>.</em></span> <span class='ocrx_word' id='word_1_201' title='bbox 2341 1918 2557 1975; x_wconf 79' lang='lat' dir='ltr'>Sancti</span> <span class='ocrx_word' id='word_1_202' title='bbox 2579 1919 2887 1976; x_wconf 82' lang='lat' dir='ltr'>Ambrosii.</span> 
     </span>
    </p>
   </div>
   <div class='ocr_carea' id='block_1_32' title="bbox 127 2023 1725 2103">
    <p class='ocr_par' dir='ltr' id='par_1_32' title="bbox 127 2024 1692 2103">
     <span class='ocr_line' id='line_1_32' title="bbox 127 2024 1692 2103; baseline -0.003 -21"><span class='ocrx_word' id='word_1_203' title='bbox 298 2028 399 2091; x_wconf 77' lang='grc' dir='ltr'>Ὠς</span> <span class='ocrx_word' id='word_1_204' title='bbox 462 2030 738 2103; x_wconf 76' lang='grc' dir='ltr'>ἅνθρωπος</span> <span class='ocrx_word' id='word_1_205' title='bbox 802 2025 891 2080; x_wconf 80' lang='grc' dir='ltr'>οὖν</span> <span class='ocrx_word' id='word_1_206' title='bbox 945 2024 1226 2093; x_wconf 77' lang='grc' dir='ltr'>ἐνδοιάζει,</span> <span class='ocrx_word' id='word_1_207' title='bbox 1285 2027 1355 2088; x_wconf 85' lang='grc' dir='ltr'>ὡς</span> <span class='ocrx_word' id='word_1_208' title='bbox 1420 2026 1692 2100; x_wconf 80' lang='grc' dir='ltr'>ἄνθρωπος</span> 
     </span>
    </p>
   </div>
   <div class='ocr_carea' id='block_1_33' title="bbox 1838 2023 3436 2103">
    <p class='ocr_par' dir='ltr' id='par_1_33' title="bbox 1871 2023 3436 2096">
     <span class='ocr_line' id='line_1_33' title="bbox 1871 2023 3436 2096; baseline 0.002 -14"><span class='ocrx_word' id='word_1_209' title='bbox 1871 2026 1962 2082; x_wconf 82' lang='grc'>31.</span> <span class='ocrx_word' id='word_1_210' title='bbox 2001 2025 2072 2080; x_wconf 93' lang='lat' dir='ltr'>Ut</span> <span class='ocrx_word' id='word_1_211' title='bbox 2103 2023 2288 2082; x_wconf 90' lang='lat' dir='ltr'>homo</span> <span class='ocrx_word' id='word_1_212' title='bbox 2333 2040 2476 2096; x_wconf 80' lang='lat' dir='ltr'>ergo</span> <span class='ocrx_word' id='word_1_213' title='bbox 2513 2024 2763 2092; x_wconf 83' lang='lat' dir='ltr'>dubitat,</span> <span class='ocrx_word' id='word_1_214' title='bbox 2797 2030 2862 2082; x_wconf 91' lang='lat' dir='ltr'>ut</span> <span class='ocrx_word' id='word_1_215' title='bbox 2911 2026 3098 2084; x_wconf 92' lang='lat' dir='ltr'>homo</span> <span class='ocrx_word' id='word_1_216' title='bbox 3138 2027 3436 2085; x_wconf 87' lang='lat' dir='ltr'>turbatur.</span> 
     </span>
    </p>
   </div>
   <div class='ocr_carea' id='block_1_34' title="bbox 63 2112 1661 2192">
    <p class='ocr_par' dir='ltr' id='par_1_34' title="bbox 63 2112 1661 2192">
     <span class='ocr_line' id='line_1_34' title="bbox 63 2112 1661 2192; baseline -0.003 -21"><span class='ocrx_word' id='word_1_217' title='bbox 63 2119 460 2192; x_wconf 68' lang='grc' dir='ltr'>ἑαταράττεται</span> <span class='ocrx_word' id='word_1_218' title='bbox 490 2133 507 2149; x_wconf 82' lang='grc'><strong><em>⁸</em></strong></span> <span class='ocrx_word' id='word_1_219' title='bbox 551 2118 611 2170; x_wconf 73' lang='grc' dir='ltr'>οὗ</span> <span class='ocrx_word' id='word_1_220' title='bbox 657 2120 967 2191; x_wconf 76' lang='grc' dir='ltr'>ταράττεται</span> <span class='ocrx_word' id='word_1_221' title='bbox 991 2120 1092 2192; x_wconf 77' lang='grc' dir='ltr'>γὰρ</span> <span class='ocrx_word' id='word_1_222' title='bbox 1131 2119 1162 2175; x_wconf 80' lang='grc' dir='ltr'><strong>ἠ</strong></span> <span class='ocrx_word' id='word_1_223' title='bbox 1199 2112 1424 2189; x_wconf 81' lang='grc' dir='ltr'>δύναμις</span> <span class='ocrx_word' id='word_1_224' title='bbox 1475 2112 1599 2169; x_wconf 61' lang='grc' dir='ltr'>οὔδε</span> <span class='ocrx_word' id='word_1_225' title='bbox 1656 2135 1661 2166; x_wconf 67' lang='lat'>1</span> 
     </span>
    </p>
   </div>
   <div class='ocr_carea' id='block_1_35' title="bbox 1847 2112 3445 2192">
    <p class='ocr_par' dir='ltr' id='par_1_35' title="bbox 1851 2113 3445 2188">
     <span class='ocr_line' id='line_1_35' title="bbox 1851 2113 3445 2188; baseline 0.003 -18"><span class='ocrx_word' id='word_1_226' title='bbox 1851 2129 1931 2170; x_wconf 92' lang='lat' dir='ltr'>on</span> <span class='ocrx_word' id='word_1_227' title='bbox 1964 2113 2239 2172; x_wconf 88' lang='lat' dir='ltr'>turbatur</span> <span class='ocrx_word' id='word_1_228' title='bbox 2265 2115 2394 2186; x_wconf 89' lang='lat' dir='ltr'>ejus</span> <span class='ocrx_word' id='word_1_229' title='bbox 2423 2116 2634 2184; x_wconf 90' lang='lat' dir='ltr'>virtus,</span> <span class='ocrx_word' id='word_1_230' title='bbox 2667 2131 2788 2172; x_wconf 93' lang='lat' dir='ltr'>non</span> <span class='ocrx_word' id='word_1_231' title='bbox 2817 2115 3094 2173; x_wconf 87' lang='lat' dir='ltr'>turbatur</span> <span class='ocrx_word' id='word_1_232' title='bbox 3119 2116 3248 2188; x_wconf 91' lang='lat' dir='ltr'>ejus</span> <span class='ocrx_word' id='word_1_233' title='bbox 3294 2117 3445 2174; x_wconf 88' lang='lat' dir='ltr'>divi-</span> 
     </span>
    </p>
   </div>
   <div class='ocr_carea' id='block_1_36' title="bbox 69 2202 1667 2281">
    <p class='ocr_par' dir='ltr' id='par_1_36' title="bbox 69 2205 1667 2281">
     <span class='ocr_line' id='line_1_36' title="bbox 69 2205 1667 2281; baseline -0.002 -21"><span class='ocrx_word' id='word_1_234' title='bbox 69 2211 257 2270; x_wconf 68' lang='grc' dir='ltr'>θεοτης</span> <span class='ocrx_word' id='word_1_235' title='bbox 317 2208 514 2278; x_wconf 65' lang='grc' dir='ltr'>αὐτοῦ,</span> <span class='ocrx_word' id='word_1_236' title='bbox 555 2205 662 2259; x_wconf 76' lang='grc' dir='ltr'>ἀλλ’</span> <span class='ocrx_word' id='word_1_237' title='bbox 693 2210 724 2265; x_wconf 82' lang='grc' dir='ltr'><strong>ἠ</strong></span> <span class='ocrx_word' id='word_1_238' title='bbox 764 2206 920 2278; x_wconf 68' lang='grc' dir='ltr'>ψυχὴ</span> <span class='ocrx_word' id='word_1_239' title='bbox 977 2207 1289 2281; x_wconf 78' lang='grc' dir='ltr'>ταράττεται</span> <span class='ocrx_word' id='word_1_240' title='bbox 1325 2211 1415 2258; x_wconf 85' lang='grc' dir='ltr'>καὶ</span> <span class='ocrx_word' id='word_1_241' title='bbox 1449 2205 1667 2279; x_wconf 79' lang='grc' dir='ltr'>σπαράτι</span> 
     </span>
    </p>
   </div>
   <div class='ocr_carea' id='block_1_37' title="bbox 1846 2202 3444 2281">
    <p class='ocr_par' dir='ltr' id='par_1_37' title="bbox 1846 2202 3444 2273">
     <span class='ocr_line' id='line_1_37' title="bbox 1846 2202 3444 2273; baseline 0.003 -15"><span class='ocrx_word' id='word_1_242' title='bbox 1846 2203 1992 2271; x_wconf 84' lang='lat' dir='ltr'>itas;</span> <span class='ocrx_word' id='word_1_243' title='bbox 2025 2203 2129 2260; x_wconf 88' lang='lat' dir='ltr'>sed</span> <span class='ocrx_word' id='word_1_244' title='bbox 2168 2203 2446 2260; x_wconf 88' lang='lat' dir='ltr'>turbatur</span> <span class='ocrx_word' id='word_1_245' title='bbox 2472 2203 2698 2273; x_wconf 37' lang='lat' dir='ltr'>.anima</span> <span class='ocrx_word' id='word_1_246' title='bbox 2729 2219 2742 2260; x_wconf 88' lang='lat'><strong>:</strong></span> <span class='ocrx_word' id='word_1_247' title='bbox 2778 2202 3058 2262; x_wconf 86' lang='lat' dir='ltr'>turbatur</span> <span class='ocrx_word' id='word_1_248' title='bbox 3109 2207 3444 2264; x_wconf 89' lang='lat' dir='ltr'>secundum</span> 
     </span>
    </p>
   </div>
   <div class='ocr_carea' id='block_1_38' title="bbox 66 2291 1664 2370">
    <p class='ocr_par' dir='ltr' id='par_1_38' title="bbox 66 2293 1663 2370">
     <span class='ocr_line' id='line_1_38' title="bbox 66 2293 1663 2370; baseline -0.001 -22"><span class='ocrx_word' id='word_1_249' title='bbox 66 2317 210 2350; x_wconf 76' lang='grc' dir='ltr'>τεται</span> <span class='ocrx_word' id='word_1_250' title='bbox 283 2299 434 2350; x_wconf 80' lang='grc' dir='ltr'>κατὰ</span> <span class='ocrx_word' id='word_1_251' title='bbox 488 2300 587 2355; x_wconf 79' lang='grc' dir='ltr'>τήν</span> <span class='ocrx_word' id='word_1_252' title='bbox 645 2305 740 2358; x_wconf 80' lang='grc' dir='ltr'>τῆς</span> <span class='ocrx_word' id='word_1_253' title='bbox 801 2293 1121 2370; x_wconf 70' lang='grc' dir='ltr'>ἀνθρωπίνης</span> <span class='ocrx_word' id='word_1_254' title='bbox 1189 2296 1514 2369; x_wconf 86' lang='grc' dir='ltr'>σαθρότητος</span> <span class='ocrx_word' id='word_1_255' title='bbox 1563 2299 1663 2369; x_wconf 89' lang='grc' dir='ltr'>πρό</span> 
     </span>
    </p>
   </div>
   <div class='ocr_carea' id='block_1_39' title="bbox 1378 2291 2976 2370">
    <p class='ocr_par' dir='ltr' id='par_1_39' title="bbox 1378 2291 2976 2369">
     <span class='ocr_line' id='line_1_39' title="bbox 1378 2291 2976 2369; baseline 0.001 -22"><span class='ocrx_word' id='word_1_256' title='bbox 1378 2313 1514 2357; x_wconf 73' lang='lat' dir='ltr'>“ora;</span> <span class='ocrx_word' id='word_1_257' title='bbox 1563 2299 1692 2369; x_wconf 69' lang='grc' dir='ltr'>πρός</span> <span class='ocrx_word' id='word_1_258' title='bbox 1799 2291 2086 2352; x_wconf 72' lang='grc' dir='ltr'>Ιιιιωξιηω</span> <span class='ocrx_word' id='word_1_259' title='bbox 2115 2291 2450 2363; x_wconf 80' lang='lat' dir='ltr'>fragilitatis</span> <span class='ocrx_word' id='word_1_260' title='bbox 2477 2292 2976 2366; x_wconf 88' lang='lat' dir='ltr'>assumptionem.</span> 
     </span>
    </p>
   </div>
   <div class='ocr_carea' id='block_1_40' title="bbox 65 2385 253 2458">
    <p class='ocr_par' dir='ltr' id='par_1_40' title="bbox 65 2385 253 2458">
     <span class='ocr_line' id='line_1_40' title="bbox 65 2385 253 2458; baseline 0.043 -23"><span class='ocrx_word' id='word_1_261' title='bbox 65 2385 170 2458; x_wconf 58' lang='grc' dir='ltr'>ληῐῖδ</span> <span class='ocrx_word' id='word_1_262' title='bbox 178 2408 253 2443; x_wconf 79' lang='grc' dir='ltr'>ιν.</span> 
     </span>
    </p>
   </div>
   <div class='ocr_carea' id='block_1_41' title="bbox 664 2489 2262 2564">
    <p class='ocr_par' dir='ltr' id='par_1_41' title="bbox 664 2491 1123 2564">
     <span class='ocr_line' id='line_1_41' title="bbox 664 2491 1123 2564; baseline 0.007 -19"><span class='ocrx_word' id='word_1_263' title='bbox 664 2497 769 2545; x_wconf 88' lang='grc' dir='ltr'>Τοῦ</span> <span class='ocrx_word' id='word_1_264' title='bbox 801 2491 958 2545; x_wconf 77' lang='grc' dir='ltr'>αὐτοῦ</span> <span class='ocrx_word' id='word_1_265' title='bbox 987 2492 1123 2564; x_wconf 88' lang='grc'>(31).</span> 
     </span>
    </p>
   </div>
   <div class='ocr_carea' id='block_1_42' title="bbox 1171 2489 2769 2564">
    <p class='ocr_par' dir='ltr' id='par_1_42' title="bbox 2459 2489 2769 2560">
     <span class='ocr_line' id='line_1_42' title="bbox 2459 2489 2769 2560; baseline 0.01 -16"><span class='ocrx_word' id='word_1_266' title='bbox 2459 2489 2769 2560; x_wconf 85' lang='lat' dir='ltr'>Ejusdem.</span> 
     </span>
    </p>
   </div>
   <div class='ocr_carea' id='block_1_43' title="bbox 135 2593 1733 2673">
    <p class='ocr_par' dir='ltr' id='par_1_43' title="bbox 135 2596 1691 2673">
     <span class='ocr_line' id='line_1_43' title="bbox 135 2596 1691 2673; baseline -0.001 -19"><span class='ocrx_word' id='word_1_267' title='bbox 135 2601 237 2654; x_wconf 65' lang='grc' dir='ltr'>λε’.</span> <span class='ocrx_word' id='word_1_268' title='bbox 269 2601 333 2654; x_wconf 80' lang='grc' dir='ltr'><strong>Ὀ</strong></span> <span class='ocrx_word' id='word_1_269' title='bbox 386 2596 479 2652; x_wconf 81' lang='grc' dir='ltr'>οὖν</span> <span class='ocrx_word' id='word_1_270' title='bbox 522 2602 632 2660; x_wconf 80' lang='grc' dir='ltr'>ἶσος</span> <span class='ocrx_word' id='word_1_271' title='bbox 687 2597 736 2651; x_wconf 81' lang='grc' dir='ltr'>ἓν</span> <span class='ocrx_word' id='word_1_272' title='bbox 790 2607 853 2672; x_wconf 73' lang='grc' dir='ltr'>τῇ</span> <span class='ocrx_word' id='word_1_273' title='bbox 908 2606 1041 2653; x_wconf 77' lang='grc' dir='ltr'>Θεοῦ</span> <span class='ocrx_word' id='word_1_274' title='bbox 1070 2606 1242 2672; x_wconf 74' lang='grc' dir='ltr'>μορφῇ</span> <span class='ocrx_word' id='word_1_275' title='bbox 1277 2596 1511 2652; x_wconf 75' lang='grc' dir='ltr'>ἐλάσσων</span> <span class='ocrx_word' id='word_1_276' title='bbox 1541 2597 1590 2652; x_wconf 74' lang='grc' dir='ltr'>ἓν</span> <span class='ocrx_word' id='word_1_277' title='bbox 1628 2605 1691 2673; x_wconf 70' lang='grc' dir='ltr'>τῇ</span> 
     </span>
    </p>
   </div>
   <div class='ocr_carea' id='block_1_44' title="bbox 1852 2593 3450 2673">
    <p class='ocr_par' dir='ltr' id='par_1_44' title="bbox 1875 2593 3450 2668">
     <span class='ocr_line' id='line_1_44' title="bbox 1875 2593 3450 2668; baseline 0.003 -17"><span class='ocrx_word' id='word_1_278' title='bbox 1875 2598 1962 2651; x_wconf 86' lang='lat'>32.</span> <span class='ocrx_word' id='word_1_279' title='bbox 1987 2593 2252 2668; x_wconf 66' lang='lat' dir='ltr'>.Equalis</span> <span class='ocrx_word' id='word_1_280' title='bbox 2281 2609 2425 2666; x_wconf 80' lang='lat' dir='ltr'>ergo</span> <span class='ocrx_word' id='word_1_281' title='bbox 2462 2594 2526 2651; x_wconf 92' lang='lat' dir='ltr'>in</span> <span class='ocrx_word' id='word_1_282' title='bbox 2561 2596 2662 2652; x_wconf 91' lang='lat' dir='ltr'>Dei</span> <span class='ocrx_word' id='word_1_283' title='bbox 2684 2595 2902 2664; x_wconf 85' lang='lat' dir='ltr'>forma,</span> <span class='ocrx_word' id='word_1_284' title='bbox 2935 2595 3134 2652; x_wconf 91' lang='lat' dir='ltr'>minor</span> <span class='ocrx_word' id='word_1_285' title='bbox 3153 2596 3216 2653; x_wconf 91' lang='lat' dir='ltr'>in</span> <span class='ocrx_word' id='word_1_286' title='bbox 3247 2613 3450 2655; x_wconf 89' lang='lat' dir='ltr'>susce-</span> 
     </span>
    </p>
   </div>
   <div class='ocr_carea' id='block_1_45' title="bbox 76 2683 1674 2763">
    <p class='ocr_par' dir='ltr' id='par_1_45' title="bbox 76 2687 1643 2763">
     <span class='ocr_line' id='line_1_45' title="bbox 76 2687 1643 2763; baseline -0.001 -21"><span class='ocrx_word' id='word_1_287' title='bbox 76 2689 384 2763; x_wconf 64' lang='grc' dir='ltr'>προσὶηψει</span> <span class='ocrx_word' id='word_1_288' title='bbox 425 2699 527 2750; x_wconf 81' lang='grc' dir='ltr'>τῆς</span> <span class='ocrx_word' id='word_1_289' title='bbox 559 2691 774 2763; x_wconf 83' lang='grc' dir='ltr'>σαρκὸς,</span> <span class='ocrx_word' id='word_1_290' title='bbox 814 2692 903 2740; x_wconf 86' lang='grc' dir='ltr'>καὶ</span> <span class='ocrx_word' id='word_1_291' title='bbox 933 2696 1004 2758; x_wconf 83' lang='grc' dir='ltr'>τῷ</span> <span class='ocrx_word' id='word_1_292' title='bbox 1045 2690 1198 2740; x_wconf 86' lang='grc' dir='ltr'>πάθει</span> <span class='ocrx_word' id='word_1_293' title='bbox 1236 2695 1329 2741; x_wconf 90' lang='grc' dir='ltr'>τοῦ</span> <span class='ocrx_word' id='word_1_294' title='bbox 1370 2687 1643 2762; x_wconf 83' lang='grc' dir='ltr'>ἀνθρώπου</span> 
     </span>
    </p>
   </div>
   <div class='ocr_carea' id='block_1_46' title="bbox 1852 2683 3450 2763">
    <p class='ocr_par' dir='ltr' id='par_1_46' title="bbox 1852 2683 3450 2758">
     <span class='ocr_line' id='line_1_46' title="bbox 1852 2683 3450 2758; baseline 0.002 -18"><span class='ocrx_word' id='word_1_295' title='bbox 1852 2684 2007 2741; x_wconf 87' lang='lat' dir='ltr'>tione</span> <span class='ocrx_word' id='word_1_296' title='bbox 2027 2685 2224 2741; x_wconf 89' lang='lat' dir='ltr'>carnis</span> <span class='ocrx_word' id='word_1_297' title='bbox 2246 2688 2305 2741; x_wconf 92' lang='lat' dir='ltr'>et</span> <span class='ocrx_word' id='word_1_298' title='bbox 2325 2683 2591 2741; x_wconf 89' lang='lat' dir='ltr'>hominis</span> <span class='ocrx_word' id='word_1_299' title='bbox 2625 2684 2927 2757; x_wconf 84' lang='lat' dir='ltr'>passione.</span> <span class='ocrx_word' id='word_1_300' title='bbox 2961 2688 3111 2742; x_wconf 85' lang='lat' dir='ltr'>Nam</span> <span class='ocrx_word' id='word_1_301' title='bbox 3140 2686 3450 2758; x_wconf 90' lang='lat' dir='ltr'>quomodo</span> 
     </span>
    </p>
   </div>
   <div class='ocr_carea' id='block_1_47' title="bbox 77 2773 1675 2854">
    <p class='ocr_par' dir='ltr' id='par_1_47' title="bbox 77 2773 1654 2854">
     <span class='ocr_line' id='line_1_47' title="bbox 77 2773 1654 2854; baseline 0.001 -26"><span class='ocrx_word' id='word_1_302' title='bbox 77 2788 183 2840; x_wconf 71' lang='grc' dir='ltr'>πῶς</span> <span class='ocrx_word' id='word_1_303' title='bbox 211 2782 318 2854; x_wconf 77' lang='grc' dir='ltr'>γὰρ</span> <span class='ocrx_word' id='word_1_304' title='bbox 348 2773 593 2837; x_wconf 72' lang='grc' dir='ltr'>ἠδύνατο</span> <span class='ocrx_word' id='word_1_305' title='bbox 631 2779 662 2835; x_wconf 84' lang='grc' dir='ltr'><strong>ἠ</strong></span> <span class='ocrx_word' id='word_1_306' title='bbox 698 2775 829 2834; x_wconf 72' lang='grc' dir='ltr'>αῦτὴ</span> <span class='ocrx_word' id='word_1_307' title='bbox 860 2778 1011 2848; x_wconf 76' lang='grc' dir='ltr'>φύσις</span> <span class='ocrx_word' id='word_1_308' title='bbox 1036 2775 1252 2829; x_wconf 80' lang='grc' dir='ltr'>ἐλάττων</span> <span class='ocrx_word' id='word_1_309' title='bbox 1280 2774 1407 2829; x_wconf 83' lang='grc' dir='ltr'>εἶναι</span> <span class='ocrx_word' id='word_1_310' title='bbox 1445 2782 1536 2829; x_wconf 84' lang='grc' dir='ltr'>καὶ</span> <span class='ocrx_word' id='word_1_311' title='bbox 1563 2781 1654 2836; x_wconf 81' lang='grc' dir='ltr'>ἴση</span> 
     </span>
    </p>
   </div>
   <div class='ocr_carea' id='block_1_48' title="bbox 1856 2773 3454 2854">
    <p class='ocr_par' dir='ltr' id='par_1_48' title="bbox 1856 2773 3454 2849">
     <span class='ocr_line' id='line_1_48' title="bbox 1856 2773 3454 2849; baseline 0.001 -19"><span class='ocrx_word' id='word_1_312' title='bbox 1856 2774 2015 2831; x_wconf 73' lang='lat' dir='ltr'>idem</span> <span class='ocrx_word' id='word_1_313' title='bbox 2038 2778 2243 2847; x_wconf 89' lang='lat' dir='ltr'>posset</span> <span class='ocrx_word' id='word_1_314' title='bbox 2268 2776 2466 2831; x_wconf 89' lang='lat' dir='ltr'>minor</span> <span class='ocrx_word' id='word_1_315' title='bbox 2486 2789 2614 2830; x_wconf 90' lang='lat' dir='ltr'>esse</span> <span class='ocrx_word' id='word_1_316' title='bbox 2639 2773 3012 2847; x_wconf 64' lang='lat' dir='ltr'>aequalisque</span> <span class='ocrx_word' id='word_1_317' title='bbox 3037 2777 3281 2849; x_wconf 85' lang='lat' dir='ltr'>natura?</span> <span class='ocrx_word' id='word_1_318' title='bbox 3303 2779 3454 2842; x_wconf 87' lang='lat' dir='ltr'>Quo-</span> 
     </span>
    </p>
   </div>
   <div class='ocr_carea' id='block_1_49' title="bbox 79 2862 1677 2940">
    <p class='ocr_par' dir='ltr' id='par_1_49' title="bbox 79 2864 1677 2940">
     <span class='ocr_line' id='line_1_49' title="bbox 79 2864 1677 2940; baseline -0.003 -19"><span class='ocrx_word' id='word_1_319' title='bbox 79 2873 188 2928; x_wconf 61' lang='lat' dir='ltr'>ﬂ-B;</span> <span class='ocrx_word' id='word_1_320' title='bbox 216 2865 299 2937; x_wconf 78' lang='grc' dir='ltr'>δέ,</span> <span class='ocrx_word' id='word_1_321' title='bbox 335 2867 430 2919; x_wconf 79' lang='grc' dir='ltr'>ἐὰν</span> <span class='ocrx_word' id='word_1_322' title='bbox 462 2865 686 2918; x_wconf 77' lang='grc' dir='ltr'>ἐλάττων</span> <span class='ocrx_word' id='word_1_323' title='bbox 713 2864 848 2936; x_wconf 78' lang='grc' dir='ltr'>ἐστὶ,</span> <span class='ocrx_word' id='word_1_324' title='bbox 877 2867 944 2918; x_wconf 80' lang='grc' dir='ltr'>τὰ</span> <span class='ocrx_word' id='word_1_325' title='bbox 973 2864 1104 2918; x_wconf 72' lang='grc' dir='ltr'>αὐτὰ</span> <span class='ocrx_word' id='word_1_326' title='bbox 1129 2873 1264 2918; x_wconf 84' lang='grc' dir='ltr'>ποιεῖ</span> <span class='ocrx_word' id='word_1_327' title='bbox 1295 2867 1484 2938; x_wconf 89' lang='grc' dir='ltr'>ὁμοίως</span> <span class='ocrx_word' id='word_1_328' title='bbox 1510 2867 1638 2940; x_wconf 82' lang='grc' dir='ltr'>άπερ</span> <span class='ocrx_word' id='word_1_329' title='bbox 1667 2873 1677 2917; x_wconf 80' lang='grc' dir='ltr'>ι</span> 
     </span>
    </p>
   </div>
   <div class='ocr_carea' id='block_1_50' title="bbox 1855 2862 3453 2940">
    <p class='ocr_par' dir='ltr' id='par_1_50' title="bbox 1855 2862 3453 2933">
     <span class='ocr_line' id='line_1_50' title="bbox 1855 2862 3453 2933; baseline 0.001 -15"><span class='ocrx_word' id='word_1_330' title='bbox 1855 2862 1988 2920; x_wconf 72' lang='grc' dir='ltr'>ιοεΙο</span> <span class='ocrx_word' id='word_1_331' title='bbox 2022 2868 2224 2919; x_wconf 90' lang='lat' dir='ltr'>autem</span> <span class='ocrx_word' id='word_1_332' title='bbox 2271 2863 2321 2918; x_wconf 92' lang='lat' dir='ltr'>si</span> <span class='ocrx_word' id='word_1_333' title='bbox 2349 2863 2548 2919; x_wconf 91' lang='lat' dir='ltr'>minor</span> <span class='ocrx_word' id='word_1_334' title='bbox 2593 2866 2703 2933; x_wconf 90' lang='lat' dir='ltr'>est,</span> <span class='ocrx_word' id='word_1_335' title='bbox 2747 2863 2961 2919; x_wconf 88' lang='lat' dir='ltr'>eadem</span> <span class='ocrx_word' id='word_1_336' title='bbox 3013 2864 3278 2921; x_wconf 90' lang='lat' dir='ltr'>similiter</span> <span class='ocrx_word' id='word_1_337' title='bbox 3314 2865 3453 2922; x_wconf 87' lang='lat' dir='ltr'>facit</span> 
     </span>
    </p>
   </div>
   <div class='ocr_carea' id='block_1_51' title="bbox 78 2951 1676 3030">
    <p class='ocr_par' dir='ltr' id='par_1_51' title="bbox 78 2953 1676 3030">
     <span class='ocr_line' id='line_1_51' title="bbox 78 2953 1676 3030; baseline -0.001 -21"><span class='ocrx_word' id='word_1_338' title='bbox 78 2962 258 3030; x_wconf 67' lang='grc' dir='ltr'>Πατὴρ</span> <span class='ocrx_word' id='word_1_339' title='bbox 298 2963 496 3023; x_wconf 54' lang='lat' dir='ltr'>ﬂaui;</span> <span class='ocrx_word' id='word_1_340' title='bbox 563 2959 663 3008; x_wconf 78' lang='grc' dir='ltr'>Καὶ</span> <span class='ocrx_word' id='word_1_341' title='bbox 700 2957 802 3030; x_wconf 82' lang='grc' dir='ltr'>γὰρ</span> <span class='ocrx_word' id='word_1_342' title='bbox 852 2959 970 3006; x_wconf 90' lang='grc' dir='ltr'>τίνα</span> <span class='ocrx_word' id='word_1_343' title='bbox 997 2958 1185 3029; x_wconf 81' lang='grc' dir='ltr'>τρόπον</span> <span class='ocrx_word' id='word_1_344' title='bbox 1233 2956 1262 3013; x_wconf 79' lang='grc' dir='ltr'><strong>ἠ</strong></span> <span class='ocrx_word' id='word_1_345' title='bbox 1298 2954 1428 3014; x_wconf 72' lang='grc' dir='ltr'>αὐτὴ</span> <span class='ocrx_word' id='word_1_346' title='bbox 1468 2953 1676 3029; x_wconf 69' lang='grc' dir='ltr'>ἐνέργεια</span> 
     </span>
    </p>
   </div>
   <div class='ocr_carea' id='block_1_52' title="bbox 1856 2951 3454 3030">
    <p class='ocr_par' dir='ltr' id='par_1_52' title="bbox 1856 2951 3454 3024">
     <span class='ocr_line' id='line_1_52' title="bbox 1856 2951 3454 3024; baseline 0.001 -17"><span class='ocrx_word' id='word_1_347' title='bbox 1856 2968 1938 3007; x_wconf 74' lang='lat' dir='ltr'>uae</span> <span class='ocrx_word' id='word_1_348' title='bbox 1966 2955 2136 3008; x_wconf 88' lang='lat' dir='ltr'>Pater</span> <span class='ocrx_word' id='word_1_349' title='bbox 2161 2951 2299 3008; x_wconf 87' lang='lat' dir='ltr'>facit</span> <span class='ocrx_word' id='word_1_350' title='bbox 2316 2952 2343 3007; x_wconf 68' lang='grc' dir='ltr'>*ἲ</span> <span class='ocrx_word' id='word_1_351' title='bbox 2367 2956 2516 3007; x_wconf 81' lang='lat' dir='ltr'>Nam</span> <span class='ocrx_word' id='word_1_352' title='bbox 2541 2951 3062 3022; x_wconf 89' lang='lat' dir='ltr'>quemadmodum</span> <span class='ocrx_word' id='word_1_353' title='bbox 3083 2953 3295 3008; x_wconf 90' lang='lat' dir='ltr'>eadem</span> <span class='ocrx_word' id='word_1_354' title='bbox 3313 2969 3454 3024; x_wconf 90' lang='lat' dir='ltr'>ope-</span> 
     </span>
    </p>
   </div>
   <div class='ocr_carea' id='block_1_53' title="bbox 78 3039 1676 3119">
    <p class='ocr_par' dir='ltr' id='par_1_53' title="bbox 78 3039 1676 3119">
     <span class='ocr_line' id='line_1_53' title="bbox 78 3039 1676 3119; baseline 0 -23"><span class='ocrx_word' id='word_1_355' title='bbox 78 3042 341 3119; x_wconf 70' lang='grc' dir='ltr'>διαφόρου</span> <span class='ocrx_word' id='word_1_356' title='bbox 377 3043 498 3098; x_wconf 79' lang='grc' dir='ltr'>ἐστὶ</span> <span class='ocrx_word' id='word_1_357' title='bbox 531 3039 838 3116; x_wconf 46' lang='grc' dir='ltr'>δυνάμεως</span> <span class='ocrx_word' id='word_1_358' title='bbox 879 3049 964 3102; x_wconf 82' lang='grc' dir='ltr'>Μή</span> <span class='ocrx_word' id='word_1_359' title='bbox 1021 3063 1073 3096; x_wconf 86' lang='grc' dir='ltr'>τι</span> <span class='ocrx_word' id='word_1_360' title='bbox 1102 3044 1263 3105; x_wconf 75' lang='grc' dir='ltr'>οὕτως</span> <span class='ocrx_word' id='word_1_361' title='bbox 1303 3039 1524 3096; x_wconf 81' lang='grc' dir='ltr'>δύναται</span> <span class='ocrx_word' id='word_1_362' title='bbox 1563 3042 1676 3119; x_wconf 70' lang='grc' dir='ltr'>ἆνερ·</span> 
     </span>
    </p>
   </div>
   <div class='ocr_carea' id='block_1_54' title="bbox 1852 3039 3450 3119">
    <p class='ocr_par' dir='ltr' id='par_1_54' title="bbox 1852 3039 3450 3112">
     <span class='ocr_line' id='line_1_54' title="bbox 1852 3039 3450 3112; baseline 0 -16"><span class='ocrx_word' id='word_1_363' title='bbox 1852 3041 1954 3097; x_wconf 84' lang='lat' dir='ltr'>ttio</span> <span class='ocrx_word' id='word_1_364' title='bbox 1993 3039 2245 3096; x_wconf 74' lang='lat' dir='ltr'>diversae</span> <span class='ocrx_word' id='word_1_365' title='bbox 2292 3044 2447 3095; x_wconf 89' lang='lat' dir='ltr'>esset</span> <span class='ocrx_word' id='word_1_366' title='bbox 2473 3039 2788 3111; x_wconf 86' lang='lat' dir='ltr'>potestatis</span> <span class='ocrx_word' id='word_1_367' title='bbox 2813 3040 2839 3094; x_wconf 86' lang='lat'><strong><em>?</em></strong></span> <span class='ocrx_word' id='word_1_368' title='bbox 2871 3041 3174 3112; x_wconf 84' lang='lat' dir='ltr'>Numquid</span> <span class='ocrx_word' id='word_1_369' title='bbox 3220 3041 3302 3095; x_wconf 92' lang='lat' dir='ltr'>sic</span> <span class='ocrx_word' id='word_1_370' title='bbox 3343 3056 3450 3112; x_wconf 90' lang='lat' dir='ltr'>po-</span> 
     </span>
    </p>
   </div>
   <div class='ocr_carea' id='block_1_55' title="bbox 75 3127 1673 3207">
    <p class='ocr_par' dir='ltr' id='par_1_55' title="bbox 75 3132 1673 3207">
     <span class='ocr_line' id='line_1_55' title="bbox 75 3132 1673 3207; baseline -0.002 -21"><span class='ocrx_word' id='word_1_371' title='bbox 75 3144 178 3204; x_wconf 76' lang='grc' dir='ltr'>γεῖν</span> <span class='ocrx_word' id='word_1_372' title='bbox 209 3137 236 3188; x_wconf 89' lang='grc' dir='ltr'>ό</span> <span class='ocrx_word' id='word_1_373' title='bbox 280 3139 485 3200; x_wconf 71' lang='grc' dir='ltr'>ἥττων,</span> <span class='ocrx_word' id='word_1_374' title='bbox 518 3133 637 3185; x_wconf 84' lang='grc' dir='ltr'>καθ’</span> <span class='ocrx_word' id='word_1_375' title='bbox 659 3134 713 3185; x_wconf 85' lang='grc' dir='ltr'>ὃν</span> <span class='ocrx_word' id='word_1_376' title='bbox 751 3136 940 3205; x_wconf 86' lang='grc' dir='ltr'>τρόπον</span> <span class='ocrx_word' id='word_1_377' title='bbox 971 3133 996 3184; x_wconf 90' lang='grc' dir='ltr'>ό</span> <span class='ocrx_word' id='word_1_378' title='bbox 1027 3136 1219 3205; x_wconf 86' lang='grc' dir='ltr'>μείζων</span> <span class='ocrx_word' id='word_1_379' title='bbox 1243 3151 1258 3201; x_wconf 88' lang='lat'><strong>;</strong></span> <span class='ocrx_word' id='word_1_380' title='bbox 1286 3133 1315 3192; x_wconf 77' lang='grc' dir='ltr'><strong><em>ἦ</em></strong></span> <span class='ocrx_word' id='word_1_381' title='bbox 1350 3137 1448 3205; x_wconf 85' lang='grc' dir='ltr'>μία</span> <span class='ocrx_word' id='word_1_382' title='bbox 1468 3132 1673 3207; x_wconf 79' lang='grc' dir='ltr'>ἑνίργειι</span> 
     </span>
    </p>
   </div>
   <div class='ocr_carea' id='block_1_56' title="bbox 1856 3127 3454 3207">
    <p class='ocr_par' dir='ltr' id='par_1_56' title="bbox 1856 3127 3454 3200">
     <span class='ocr_line' id='line_1_56' title="bbox 1856 3127 3454 3200; baseline 0 -16"><span class='ocrx_word' id='word_1_383' title='bbox 1856 3134 1916 3184; x_wconf 73' lang='lat' dir='ltr'>:st</span> <span class='ocrx_word' id='word_1_384' title='bbox 1944 3129 2161 3194; x_wconf 87' lang='lat' dir='ltr'>minor,</span> <span class='ocrx_word' id='word_1_385' title='bbox 2212 3127 2736 3200; x_wconf 88' lang='lat' dir='ltr'>quemadmodum</span> <span class='ocrx_word' id='word_1_386' title='bbox 2793 3129 2988 3198; x_wconf 85' lang='lat' dir='ltr'>major</span> <span class='ocrx_word' id='word_1_387' title='bbox 3033 3129 3318 3200; x_wconf 81' lang='lat' dir='ltr'>operari?</span> <span class='ocrx_word' id='word_1_388' title='bbox 3352 3131 3454 3184; x_wconf 88' lang='lat' dir='ltr'>aut</span> 
     </span>
    </p>
   </div>
   <div class='ocr_carea' id='block_1_57' title="bbox 80 3203 1678 3295">
    <p class='ocr_par' dir='ltr' id='par_1_57' title="bbox 80 3217 1678 3295">
     <span class='ocr_line' id='line_1_57' title="bbox 80 3217 1678 3295; baseline 0 -22"><span class='ocrx_word' id='word_1_389' title='bbox 80 3219 304 3276; x_wconf 72' lang='grc' dir='ltr'>δύναται</span> <span class='ocrx_word' id='word_1_390' title='bbox 337 3219 497 3290; x_wconf 83' lang='grc' dir='ltr'>εἶναι,</span> <span class='ocrx_word' id='word_1_391' title='bbox 541 3225 670 3274; x_wconf 80' lang='grc' dir='ltr'>ὅπου</span> <span class='ocrx_word' id='word_1_392' title='bbox 711 3217 963 3295; x_wconf 79' lang='grc' dir='ltr'>διάφορος</span> <span class='ocrx_word' id='word_1_393' title='bbox 989 3221 1141 3274; x_wconf 76' lang='grc' dir='ltr'>οὐσία</span> <span class='ocrx_word' id='word_1_394' title='bbox 1180 3221 1329 3288; x_wconf 65' lang='lat' dir='ltr'>iuri;</span> <span class='ocrx_word' id='word_1_395' title='bbox 1371 3227 1552 3275; x_wconf 92' lang='grc' dir='ltr'>Τοίνυν</span> <span class='ocrx_word' id='word_1_396' title='bbox 1574 3220 1678 3274; x_wconf 63' lang='grc' dir='ltr'>λάϐλ</span> 
     </span>
    </p>
   </div>
   <div class='ocr_carea' id='block_1_58' title="bbox 1857 3203 3455 3295">
    <p class='ocr_par' dir='ltr' id='par_1_58' title="bbox 1857 3215 3455 3289">
     <span class='ocr_line' id='line_1_58' title="bbox 1857 3215 3455 3289; baseline -0.001 -17"><span class='ocrx_word' id='word_1_397' title='bbox 1857 3233 1927 3272; x_wconf 88' lang='lat' dir='ltr'>na</span> <span class='ocrx_word' id='word_1_398' title='bbox 1956 3216 2224 3289; x_wconf 85' lang='lat' dir='ltr'>operatio</span> <span class='ocrx_word' id='word_1_399' title='bbox 2254 3221 2448 3288; x_wconf 89' lang='lat' dir='ltr'>potest</span> <span class='ocrx_word' id='word_1_400' title='bbox 2475 3232 2625 3282; x_wconf 90' lang='lat' dir='ltr'>esse,</span> <span class='ocrx_word' id='word_1_401' title='bbox 2683 3215 2789 3271; x_wconf 92' lang='lat' dir='ltr'>ubi</span> <span class='ocrx_word' id='word_1_402' title='bbox 2825 3216 3063 3271; x_wconf 84' lang='lat' dir='ltr'>diversa</span> <span class='ocrx_word' id='word_1_403' title='bbox 3117 3216 3455 3272; x_wconf 87' lang='lat' dir='ltr'>substantia</span> 
     </span>
    </p>
   </div>
   <div class='ocr_carea' id='block_1_59' title="bbox 77 3304 1675 3386">
    <p class='ocr_par' dir='ltr' id='par_1_59' title="bbox 77 3308 1675 3386">
     <span class='ocr_line' id='line_1_59' title="bbox 77 3308 1675 3386; baseline 0.001 -24"><span class='ocrx_word' id='word_1_404' title='bbox 77 3316 158 3363; x_wconf 74' lang='grc' dir='ltr'>τὸν</span> <span class='ocrx_word' id='word_1_405' title='bbox 195 3315 445 3386; x_wconf 73' lang='grc' dir='ltr'>Χριστόν</span> <span class='ocrx_word' id='word_1_406' title='bbox 469 3313 609 3364; x_wconf 80' lang='grc' dir='ltr'>κατὰ</span> <span class='ocrx_word' id='word_1_407' title='bbox 648 3315 741 3369; x_wconf 77' lang='grc' dir='ltr'>τήν</span> <span class='ocrx_word' id='word_1_408' title='bbox 783 3313 1004 3370; x_wconf 84' lang='grc' dir='ltr'>θεότητα</span> <span class='ocrx_word' id='word_1_409' title='bbox 1041 3315 1113 3384; x_wconf 76' lang='grc' dir='ltr'>μὴ</span> <span class='ocrx_word' id='word_1_410' title='bbox 1157 3308 1421 3364; x_wconf 71' lang='grc' dir='ltr'>δύνασθαι</span> <span class='ocrx_word' id='word_1_411' title='bbox 1451 3310 1675 3364; x_wconf 77' lang='grc' dir='ltr'>ἐλάττονι</span> 
     </span>
    </p>
   </div>
   <div class='ocr_carea' id='block_1_60' title="bbox 1855 3304 3453 3386">
    <p class='ocr_par' dir='ltr' id='par_1_60' title="bbox 1855 3304 3453 3378">
     <span class='ocr_line' id='line_1_60' title="bbox 1855 3304 3453 3378; baseline -0.001 -16"><span class='ocrx_word' id='word_1_412' title='bbox 1855 3308 1930 3362; x_wconf 78' lang='lat' dir='ltr'>st?</span> <span class='ocrx_word' id='word_1_413' title='bbox 1960 3309 2164 3377; x_wconf 88' lang='lat' dir='ltr'>Itaque</span> <span class='ocrx_word' id='word_1_414' title='bbox 2195 3305 2398 3378; x_wconf 87' lang='lat' dir='ltr'>accipe</span> <span class='ocrx_word' id='word_1_415' title='bbox 2442 3304 2744 3361; x_wconf 89' lang='lat' dir='ltr'>Christum</span> <span class='ocrx_word' id='word_1_416' title='bbox 2803 3304 3138 3361; x_wconf 89' lang='lat' dir='ltr'>secundum</span> <span class='ocrx_word' id='word_1_417' title='bbox 3185 3305 3453 3361; x_wconf 85' lang='lat' dir='ltr'>divinita-</span> 
     </span>
    </p>
   </div>
   <div class='ocr_carea' id='block_1_61' title="bbox 77 3391 1675 3472">
    <p class='ocr_par' dir='ltr' id='par_1_61' title="bbox 77 3400 344 3472">
     <span class='ocr_line' id='line_1_61' title="bbox 77 3400 344 3472; baseline 0.007 -22"><span class='ocrx_word' id='word_1_418' title='bbox 77 3400 344 3472; x_wconf 69' lang='grc' dir='ltr'>ὶὲγεσθαι.</span> 
     </span>
    </p>
   </div>
   <div class='ocr_carea' id='block_1_62' title="bbox 1179 3391 2777 3472">
    <p class='ocr_par' dir='ltr' id='par_1_62' title="bbox 1805 3391 2777 3465">
     <span class='ocr_line' id='line_1_62' title="bbox 1805 3391 2777 3465; baseline -0.004 -14"><span class='ocrx_word' id='word_1_419' title='bbox 1805 3399 1944 3464; x_wconf 89' lang='lat' dir='ltr'>tem,</span> <span class='ocrx_word' id='word_1_420' title='bbox 1968 3393 2265 3450; x_wconf 89' lang='lat' dir='ltr'>minorem</span> <span class='ocrx_word' id='word_1_421' title='bbox 2293 3409 2417 3450; x_wconf 92' lang='lat' dir='ltr'>non</span> <span class='ocrx_word' id='word_1_422' title='bbox 2439 3408 2616 3465; x_wconf 90' lang='lat' dir='ltr'>posse</span> <span class='ocrx_word' id='word_1_423' title='bbox 2642 3391 2777 3448; x_wconf 92' lang='lat' dir='ltr'>dici.</span> 
     </span>
    </p>
   </div>
   <div class='ocr_carea' id='block_1_63' title="bbox 505 3500 2103 3579">
    <p class='ocr_par' dir='ltr' id='par_1_63' title="bbox 505 3506 1284 3579">
     <span class='ocr_line' id='line_1_63' title="bbox 505 3506 1284 3579; baseline 0.003 -19"><span class='ocrx_word' id='word_1_424' title='bbox 505 3514 610 3560; x_wconf 88' lang='grc' dir='ltr'>Τοῦ</span> <span class='ocrx_word' id='word_1_425' title='bbox 640 3506 792 3579; x_wconf 76' lang='grc' dir='ltr'>ἁγίου</span> <span class='ocrx_word' id='word_1_426' title='bbox 825 3507 1120 3579; x_wconf 82' lang='grc' dir='ltr'>Ἀγάθωνος</span> <span class='ocrx_word' id='word_1_427' title='bbox 1159 3511 1284 3579; x_wconf 83' lang='grc'>(32).</span> 
     </span>
    </p>
   </div>
   <div class='ocr_carea' id='block_1_64' title="bbox 1328 3500 2926 3579">
    <p class='ocr_par' dir='ltr' id='par_1_64' title="bbox 2330 3500 2926 3571">
     <span class='ocr_line' id='line_1_64' title="bbox 2330 3500 2926 3571; baseline 0 -15"><span class='ocrx_word' id='word_1_428' title='bbox 2330 3500 2544 3557; x_wconf 81' lang='lat' dir='ltr'>Sancti</span> <span class='ocrx_word' id='word_1_429' title='bbox 2569 3501 2926 3571; x_wconf 81' lang='lat' dir='ltr'>Agathonis.</span> 
     </span>
    </p>
   </div>
   <div class='ocr_carea' id='block_1_65' title="bbox 141 3606 1739 3688">
    <p class='ocr_par' dir='ltr' id='par_1_65' title="bbox 141 3610 1694 3688">
     <span class='ocr_line' id='line_1_65' title="bbox 141 3610 1694 3688; baseline 0 -21"><span class='ocrx_word' id='word_1_430' title='bbox 141 3614 250 3687; x_wconf 66' lang='lat'>17&#39;.</span> <span class='ocrx_word' id='word_1_431' title='bbox 301 3618 413 3668; x_wconf 74' lang='grc' dir='ltr'>Καὶ</span> <span class='ocrx_word' id='word_1_432' title='bbox 453 3613 506 3666; x_wconf 78' lang='grc' dir='ltr'>ἐν</span> <span class='ocrx_word' id='word_1_433' title='bbox 563 3618 670 3686; x_wconf 80' lang='grc' dir='ltr'>ὅσῳ</span> <span class='ocrx_word' id='word_1_434' title='bbox 710 3610 974 3666; x_wconf 74' lang='grc' dir='ltr'>δείκνυσιν</span> <span class='ocrx_word' id='word_1_435' title='bbox 1005 3616 1030 3666; x_wconf 90' lang='grc' dir='ltr'>ό</span> <span class='ocrx_word' id='word_1_436' title='bbox 1083 3618 1244 3686; x_wconf 78' lang='grc' dir='ltr'>μέγας</span> <span class='ocrx_word' id='word_1_437' title='bbox 1270 3612 1586 3688; x_wconf 81' lang='grc' dir='ltr'>’Λμϐρόσιος</span> <span class='ocrx_word' id='word_1_438' title='bbox 1624 3618 1694 3687; x_wconf 80' lang='grc' dir='ltr'>μὴ</span> 
     </span>
    </p>
   </div>
   <div class='ocr_carea' id='block_1_66' title="bbox 1860 3606 3458 3688">
    <p class='ocr_par' dir='ltr' id='par_1_66' title="bbox 1878 3606 3458 3681">
     <span class='ocr_line' id='line_1_66' title="bbox 1878 3606 3458 3681; baseline 0.002 -17"><span class='ocrx_word' id='word_1_439' title='bbox 1878 3612 1966 3665; x_wconf 87' lang='lat'>33.</span> <span class='ocrx_word' id='word_1_440' title='bbox 2001 3610 2067 3664; x_wconf 89' lang='lat' dir='ltr'>Et</span> <span class='ocrx_word' id='word_1_441' title='bbox 2116 3607 2263 3663; x_wconf 92' lang='lat' dir='ltr'>dum</span> <span class='ocrx_word' id='word_1_442' title='bbox 2315 3606 2575 3663; x_wconf 87' lang='lat' dir='ltr'>ostendit</span> <span class='ocrx_word' id='word_1_443' title='bbox 2607 3621 2868 3676; x_wconf 77' lang='lat' dir='ltr'>magnus</span> <span class='ocrx_word' id='word_1_444' title='bbox 2922 3606 3294 3681; x_wconf 81' lang='lat' dir='ltr'>Ambrosius,</span> <span class='ocrx_word' id='word_1_445' title='bbox 3334 3623 3458 3667; x_wconf 91' lang='lat' dir='ltr'>non</span> 
     </span>
    </p>
   </div>
   <div class='ocr_carea' id='block_1_67' title="bbox 82 3696 1680 3777">
    <p class='ocr_par' dir='ltr' id='par_1_67' title="bbox 82 3698 1680 3777">
     <span class='ocr_line' id='line_1_67' title="bbox 82 3698 1680 3777; baseline 0.002 -24"><span class='ocrx_word' id='word_1_446' title='bbox 82 3699 356 3756; x_wconf 66' lang='grc' dir='ltr'>δύνασθαι</span> <span class='ocrx_word' id='word_1_447' title='bbox 397 3698 656 3774; x_wconf 69' lang='grc' dir='ltr'>διαφόρου</span> <span class='ocrx_word' id='word_1_448' title='bbox 720 3699 986 3775; x_wconf 74' lang='grc' dir='ltr'>δυναμεως</span> <span class='ocrx_word' id='word_1_449' title='bbox 1040 3707 1163 3774; x_wconf 86' lang='grc' dir='ltr'>μίαν</span> <span class='ocrx_word' id='word_1_450' title='bbox 1219 3706 1466 3775; x_wconf 76' lang='grc' dir='ltr'>ἐνέργειαν</span> <span class='ocrx_word' id='word_1_451' title='bbox 1525 3704 1680 3777; x_wconf 72' lang='grc' dir='ltr'>ὑπάρ-</span> 
     </span>
    </p>
   </div>
   <div class='ocr_carea' id='block_1_68' title="bbox 1857 3696 3455 3777">
    <p class='ocr_par' dir='ltr' id='par_1_68' title="bbox 1857 3696 3455 3770">
     <span class='ocr_line' id='line_1_68' title="bbox 1857 3696 3455 3770; baseline 0.002 -18"><span class='ocrx_word' id='word_1_452' title='bbox 1857 3713 1985 3753; x_wconf 88' lang='lat' dir='ltr'>osse</span> <span class='ocrx_word' id='word_1_453' title='bbox 2005 3697 2260 3752; x_wconf 83' lang='lat' dir='ltr'>diversae</span> <span class='ocrx_word' id='word_1_454' title='bbox 2276 3696 2585 3770; x_wconf 88' lang='lat' dir='ltr'>potestatis</span> <span class='ocrx_word' id='word_1_455' title='bbox 2613 3711 2799 3752; x_wconf 90' lang='lat' dir='ltr'>unam</span> <span class='ocrx_word' id='word_1_456' title='bbox 2821 3698 3231 3768; x_wconf 87' lang='lat' dir='ltr'>operationem</span> <span class='ocrx_word' id='word_1_457' title='bbox 3248 3699 3455 3756; x_wconf 81' lang='lat' dir='ltr'>existe-</span> 
     </span>
    </p>
   </div>
   <div class='ocr_carea' id='block_1_69' title="bbox 82 3785 1680 3866">
    <p class='ocr_par' dir='ltr' id='par_1_69' title="bbox 82 3787 1670 3866">
     <span class='ocr_line' id='line_1_69' title="bbox 82 3787 1670 3866; baseline -0.001 -21"><span class='ocrx_word' id='word_1_458' title='bbox 82 3813 215 3862; x_wconf 77' lang='grc' dir='ltr'>χειν,</span> <span class='ocrx_word' id='word_1_459' title='bbox 285 3787 434 3864; x_wconf 59' lang='grc' dir='ltr'>μηϐὲ</span> <span class='ocrx_word' id='word_1_460' title='bbox 491 3796 580 3849; x_wconf 72' lang='grc' dir='ltr'>τὴν</span> <span class='ocrx_word' id='word_1_461' title='bbox 638 3791 899 3844; x_wconf 78' lang='grc' dir='ltr'>ἐλάσσονα</span> <span class='ocrx_word' id='word_1_462' title='bbox 937 3788 1195 3844; x_wconf 70' lang='grc' dir='ltr'>δύνασθαι</span> <span class='ocrx_word' id='word_1_463' title='bbox 1255 3790 1468 3866; x_wconf 75' lang='grc' dir='ltr'>ἐνεργεῖν</span> <span class='ocrx_word' id='word_1_464' title='bbox 1507 3794 1573 3844; x_wconf 80' lang='grc' dir='ltr'>τὰ</span> <span class='ocrx_word' id='word_1_465' title='bbox 1609 3801 1670 3852; x_wconf 79' lang='grc' dir='ltr'>τῆ</span> 
     </span>
    </p>
   </div>
   <div class='ocr_carea' id='block_1_70' title="bbox 1858 3785 3456 3866">
    <p class='ocr_par' dir='ltr' id='par_1_70' title="bbox 1858 3785 3456 3857">
     <span class='ocr_line' id='line_1_70' title="bbox 1858 3785 3456 3857; baseline 0.001 -15"><span class='ocrx_word' id='word_1_466' title='bbox 1858 3802 2018 3853; x_wconf 68' lang='lat' dir='ltr'>5,nec</span> <span class='ocrx_word' id='word_1_467' title='bbox 2047 3785 2344 3842; x_wconf 90' lang='lat' dir='ltr'>minorem</span> <span class='ocrx_word' id='word_1_468' title='bbox 2369 3801 2551 3856; x_wconf 88' lang='lat' dir='ltr'>posse</span> <span class='ocrx_word' id='word_1_469' title='bbox 2573 3785 2985 3856; x_wconf 89' lang='lat' dir='ltr'>operariquod</span> <span class='ocrx_word' id='word_1_470' title='bbox 3009 3801 3324 3857; x_wconf 80' lang='lat' dir='ltr'>magnam;</span> <span class='ocrx_word' id='word_1_471' title='bbox 3347 3804 3456 3844; x_wconf 89' lang='lat' dir='ltr'>nec</span> 
     </span>
    </p>
   </div>
   <div class='ocr_carea' id='block_1_71' title="bbox 82 3874 1680 3953">
    <p class='ocr_par' dir='ltr' id='par_1_71' title="bbox 82 3876 1680 3953">
     <span class='ocr_line' id='line_1_71' title="bbox 82 3876 1680 3953; baseline 0.003 -24"><span class='ocrx_word' id='word_1_472' title='bbox 82 3883 346 3949; x_wconf 68' lang='grc' dir='ltr'>μείζονος,</span> <span class='ocrx_word' id='word_1_473' title='bbox 433 3883 551 3930; x_wconf 68' lang='grc' dir='ltr'>οὔτε</span> <span class='ocrx_word' id='word_1_474' title='bbox 626 3883 754 3931; x_wconf 78' lang='grc' dir='ltr'>ὅπου</span> <span class='ocrx_word' id='word_1_475' title='bbox 831 3876 1076 3953; x_wconf 70' lang='grc' dir='ltr'>διάφορος</span> <span class='ocrx_word' id='word_1_476' title='bbox 1151 3879 1306 3932; x_wconf 71' lang='grc' dir='ltr'>οὐσία</span> <span class='ocrx_word' id='word_1_477' title='bbox 1377 3883 1509 3950; x_wconf 74' lang='grc' dir='ltr'>ἐστὶ,</span> <span class='ocrx_word' id='word_1_478' title='bbox 1578 3886 1680 3953; x_wconf 65' lang='grc' dir='ltr'>μίατ</span> 
     </span>
    </p>
   </div>
   <div class='ocr_carea' id='block_1_72' title="bbox 1856 3874 3454 3953">
    <p class='ocr_par' dir='ltr' id='par_1_72' title="bbox 1856 3874 3454 3945">
     <span class='ocr_line' id='line_1_72' title="bbox 1856 3874 3454 3945; baseline 0 -15"><span class='ocrx_word' id='word_1_479' title='bbox 1856 3874 1914 3930; x_wconf 90' lang='lat' dir='ltr'>bi</span> <span class='ocrx_word' id='word_1_480' title='bbox 1940 3875 2180 3930; x_wconf 85' lang='lat' dir='ltr'>diversa</span> <span class='ocrx_word' id='word_1_481' title='bbox 2211 3874 2548 3929; x_wconf 87' lang='lat' dir='ltr'>substantia</span> <span class='ocrx_word' id='word_1_482' title='bbox 2580 3877 2684 3938; x_wconf 90' lang='lat' dir='ltr'>est,</span> <span class='ocrx_word' id='word_1_483' title='bbox 2731 3888 2918 3928; x_wconf 91' lang='lat' dir='ltr'>unam</span> <span class='ocrx_word' id='word_1_484' title='bbox 2956 3890 3134 3944; x_wconf 87' lang='lat' dir='ltr'>posse</span> <span class='ocrx_word' id='word_1_485' title='bbox 3160 3876 3454 3945; x_wconf 90' lang='lat' dir='ltr'>operatio-</span> 
     </span>
    </p>
   </div>
   <div class='ocr_carea' id='block_1_73' title="bbox 81 3960 1679 4042">
    <p class='ocr_par' dir='ltr' id='par_1_73' title="bbox 81 3965 1672 4042">
     <span class='ocr_line' id='line_1_73' title="bbox 81 3965 1672 4042; baseline 0.003 -24"><span class='ocrx_word' id='word_1_486' title='bbox 81 3965 352 4022; x_wconf 63' lang='grc' dir='ltr'>δύνασθαι</span> <span class='ocrx_word' id='word_1_487' title='bbox 411 3969 646 4020; x_wconf 82' lang='grc' dir='ltr'>νοεῖσθαι</span> <span class='ocrx_word' id='word_1_488' title='bbox 699 3972 793 4026; x_wconf 78' lang='grc' dir='ltr'>τὴν</span> <span class='ocrx_word' id='word_1_489' title='bbox 847 3968 1121 4042; x_wconf 80' lang='grc' dir='ltr'>ἐνέργειαν,</span> <span class='ocrx_word' id='word_1_490' title='bbox 1191 3965 1535 4021; x_wconf 71' lang='grc' dir='ltr'>ἀποδείκνυσι</span> <span class='ocrx_word' id='word_1_491' title='bbox 1601 3989 1672 4041; x_wconf 78' lang='grc' dir='ltr'>φα</span> 
     </span>
    </p>
   </div>
   <div class='ocr_carea' id='block_1_74' title="bbox 1858 3960 3456 4042">
    <p class='ocr_par' dir='ltr' id='par_1_74' title="bbox 1858 3960 3456 4034">
     <span class='ocr_line' id='line_1_74' title="bbox 1858 3960 3456 4034; baseline 0 -15"><span class='ocrx_word' id='word_1_492' title='bbox 1858 3979 1949 4019; x_wconf 89' lang='lat' dir='ltr'>em</span> <span class='ocrx_word' id='word_1_493' title='bbox 1970 3963 2240 4033; x_wconf 83' lang='lat' dir='ltr'>intelligi,</span> <span class='ocrx_word' id='word_1_494' title='bbox 2263 3961 2634 4018; x_wconf 86' lang='lat' dir='ltr'>demonstrat</span> <span class='ocrx_word' id='word_1_495' title='bbox 2655 3960 2985 4016; x_wconf 83' lang='lat' dir='ltr'>manifestis</span> <span class='ocrx_word' id='word_1_496' title='bbox 3013 3961 3267 4030; x_wconf 85' lang='lat' dir='ltr'>indiciis,</span> <span class='ocrx_word' id='word_1_497' title='bbox 3289 3964 3456 4034; x_wconf 90' lang='lat' dir='ltr'>quod</span> 
     </span>
    </p>
   </div>
   <div class='ocr_carea' id='block_1_75' title="bbox 82 4049 1680 4131">
    <p class='ocr_par' dir='ltr' id='par_1_75' title="bbox 82 4053 1680 4131">
     <span class='ocr_line' id='line_1_75' title="bbox 82 4053 1680 4131; baseline 0.001 -24"><span class='ocrx_word' id='word_1_498' title='bbox 82 4067 242 4131; x_wconf 79' lang='grc' dir='ltr'>νεροίς</span> <span class='ocrx_word' id='word_1_499' title='bbox 324 4060 607 4129; x_wconf 72' lang='grc' dir='ltr'>μηνύμασι</span> <span class='ocrx_word' id='word_1_500' title='bbox 681 4060 741 4109; x_wconf 85' lang='grc' dir='ltr'>τὸ</span> <span class='ocrx_word' id='word_1_501' title='bbox 815 4062 887 4130; x_wconf 83' lang='grc' dir='ltr'>μὴ</span> <span class='ocrx_word' id='word_1_502' title='bbox 967 4053 1228 4110; x_wconf 75' lang='grc' dir='ltr'>δύνασθαι</span> <span class='ocrx_word' id='word_1_503' title='bbox 1285 4061 1407 4129; x_wconf 83' lang='grc' dir='ltr'>μίαν</span> <span class='ocrx_word' id='word_1_504' title='bbox 1476 4063 1680 4130; x_wconf 71' lang='grc' dir='ltr'>φυσικὴι</span> 
     </span>
    </p>
   </div>
   <div class='ocr_carea' id='block_1_76' title="bbox 1859 4049 3457 4131">
    <p class='ocr_par' dir='ltr' id='par_1_76' title="bbox 1859 4049 3457 4123">
     <span class='ocr_line' id='line_1_76' title="bbox 1859 4049 3457 4123; baseline -0.001 -15"><span class='ocrx_word' id='word_1_505' title='bbox 1859 4068 1934 4108; x_wconf 90' lang='lat' dir='ltr'>on</span> <span class='ocrx_word' id='word_1_506' title='bbox 1963 4052 2151 4123; x_wconf 85' lang='lat' dir='ltr'>possit</span> <span class='ocrx_word' id='word_1_507' title='bbox 2197 4066 2381 4106; x_wconf 90' lang='lat' dir='ltr'>unam</span> <span class='ocrx_word' id='word_1_508' title='bbox 2421 4049 2756 4105; x_wconf 86' lang='lat' dir='ltr'>naturalem</span> <span class='ocrx_word' id='word_1_509' title='bbox 2787 4050 3198 4120; x_wconf 87' lang='lat' dir='ltr'>operationem</span> <span class='ocrx_word' id='word_1_510' title='bbox 3232 4051 3457 4108; x_wconf 85' lang='lat' dir='ltr'>habere</span> 
     </span>
    </p>
   </div>
   <div class='ocr_carea' id='block_1_77' title="bbox 81 4137 1679 4221">
    <p class='ocr_par' dir='ltr' id='par_1_77' title="bbox 81 4145 1679 4221">
     <span class='ocr_line' id='line_1_77' title="bbox 81 4145 1679 4221; baseline 0.003 -26"><span class='ocrx_word' id='word_1_511' title='bbox 81 4145 338 4221; x_wconf 63' lang='grc' dir='ltr'>ἐνέργειαν</span> <span class='ocrx_word' id='word_1_512' title='bbox 413 4149 555 4216; x_wconf 76' lang='grc' dir='ltr'>ἔχειν</span> <span class='ocrx_word' id='word_1_513' title='bbox 620 4147 713 4198; x_wconf 83' lang='grc' dir='ltr'>τάν</span> <span class='ocrx_word' id='word_1_514' title='bbox 765 4147 984 4203; x_wconf 76' lang='grc' dir='ltr'>θεότητα</span> <span class='ocrx_word' id='word_1_515' title='bbox 1021 4151 1111 4198; x_wconf 84' lang='grc' dir='ltr'>καὶ</span> <span class='ocrx_word' id='word_1_516' title='bbox 1165 4150 1258 4204; x_wconf 77' lang='grc' dir='ltr'>τὴν</span> <span class='ocrx_word' id='word_1_517' title='bbox 1327 4145 1679 4220; x_wconf 75' lang='grc' dir='ltr'>ἀνθρωπότητι</span> 
     </span>
    </p>
   </div>
   <div class='ocr_carea' id='block_1_78' title="bbox 1857 4137 3455 4221">
    <p class='ocr_par' dir='ltr' id='par_1_78' title="bbox 1857 4137 3455 4210">
     <span class='ocr_line' id='line_1_78' title="bbox 1857 4137 3455 4210; baseline 0 -14"><span class='ocrx_word' id='word_1_518' title='bbox 1857 4141 2093 4196; x_wconf 84' lang='lat' dir='ltr'>ivinitas</span> <span class='ocrx_word' id='word_1_519' title='bbox 2125 4144 2182 4194; x_wconf 91' lang='lat' dir='ltr'>et</span> <span class='ocrx_word' id='word_1_520' title='bbox 2202 4139 2549 4194; x_wconf 90' lang='lat' dir='ltr'>humanitas</span> <span class='ocrx_word' id='word_1_521' title='bbox 2579 4137 2807 4206; x_wconf 88' lang='lat' dir='ltr'>Christi,</span> <span class='ocrx_word' id='word_1_522' title='bbox 2825 4137 2961 4193; x_wconf 89' lang='lat' dir='ltr'>licet</span> <span class='ocrx_word' id='word_1_523' title='bbox 2987 4139 3164 4193; x_wconf 92' lang='lat' dir='ltr'>unius</span> <span class='ocrx_word' id='word_1_524' title='bbox 3182 4154 3455 4210; x_wconf 70' lang='lat' dir='ltr'>personae</span> 
     </span>
    </p>
   </div>
   <div class='ocr_carea' id='block_1_79' title="bbox 83 4225 1681 4308">
    <p class='ocr_par' dir='ltr' id='par_1_79' title="bbox 83 4231 1678 4308">
     <span class='ocr_line' id='line_1_79' title="bbox 83 4231 1678 4308; baseline 0.001 -22"><span class='ocrx_word' id='word_1_525' title='bbox 83 4245 158 4288; x_wconf 76' lang='grc' dir='ltr'>τοῦ</span> <span class='ocrx_word' id='word_1_526' title='bbox 215 4241 470 4307; x_wconf 76' lang='grc' dir='ltr'>Χριστοῦ</span> <span class='ocrx_word' id='word_1_527' title='bbox 499 4252 513 4265; x_wconf 87' lang='grc'>·</span> <span class='ocrx_word' id='word_1_528' title='bbox 577 4233 621 4285; x_wconf 83' lang='grc' dir='ltr'>εἰ</span> <span class='ocrx_word' id='word_1_529' title='bbox 678 4239 768 4287; x_wconf 80' lang='grc' dir='ltr'>καὶ</span> <span class='ocrx_word' id='word_1_530' title='bbox 807 4233 915 4296; x_wconf 80' lang='grc' dir='ltr'>ἑνός</span> <span class='ocrx_word' id='word_1_531' title='bbox 952 4241 1236 4308; x_wconf 82' lang='grc' dir='ltr'>προσώπου</span> <span class='ocrx_word' id='word_1_532' title='bbox 1289 4231 1416 4287; x_wconf 84' lang='grc' dir='ltr'>εἶναι</span> <span class='ocrx_word' id='word_1_533' title='bbox 1453 4241 1678 4307; x_wconf 80' lang='grc' dir='ltr'>γινώσκο</span> 
     </span>
    </p>
   </div>
   <div class='ocr_carea' id='block_1_80' title="bbox 1859 4225 3457 4308">
    <p class='ocr_par' dir='ltr' id='par_1_80' title="bbox 1859 4225 3457 4296">
     <span class='ocr_line' id='line_1_80' title="bbox 1859 4225 3457 4296; baseline 0 -12"><span class='ocrx_word' id='word_1_534' title='bbox 1859 4246 1941 4284; x_wconf 77' lang='lat' dir='ltr'>sse</span> <span class='ocrx_word' id='word_1_535' title='bbox 1972 4233 2320 4296; x_wconf 89' lang='lat' dir='ltr'>noscantur,</span> <span class='ocrx_word' id='word_1_536' title='bbox 2354 4232 2410 4282; x_wconf 89' lang='lat' dir='ltr'>et</span> <span class='ocrx_word' id='word_1_537' title='bbox 2439 4227 2692 4282; x_wconf 88' lang='lat' dir='ltr'>alterum</span> <span class='ocrx_word' id='word_1_538' title='bbox 2731 4241 2870 4281; x_wconf 86' lang='lat' dir='ltr'>cum</span> <span class='ocrx_word' id='word_1_539' title='bbox 2901 4225 3144 4281; x_wconf 88' lang='lat' dir='ltr'>alterius</span> <span class='ocrx_word' id='word_1_540' title='bbox 3184 4242 3457 4284; x_wconf 89' lang='lat' dir='ltr'>commu-</span> 
     </span>
    </p>
   </div>
   <div class='ocr_carea' id='block_1_81' title="bbox 85 4315 1683 4398">
    <p class='ocr_par' dir='ltr' id='par_1_81' title="bbox 85 4321 1683 4398">
     <span class='ocr_line' id='line_1_81' title="bbox 85 4321 1683 4398; baseline 0.001 -23"><span class='ocrx_word' id='word_1_541' title='bbox 85 4344 181 4396; x_wconf 59' lang='grc' dir='ltr'>μεν,</span> <span class='ocrx_word' id='word_1_542' title='bbox 279 4328 374 4374; x_wconf 83' lang='grc' dir='ltr'>καὶ</span> <span class='ocrx_word' id='word_1_543' title='bbox 453 4325 588 4394; x_wconf 77' lang='grc' dir='ltr'>μετὰ</span> <span class='ocrx_word' id='word_1_544' title='bbox 658 4331 751 4382; x_wconf 83' lang='grc' dir='ltr'>τῆς</span> <span class='ocrx_word' id='word_1_545' title='bbox 825 4321 1054 4381; x_wconf 75' lang='grc' dir='ltr'>ἀλλήλων</span> <span class='ocrx_word' id='word_1_546' title='bbox 1137 4328 1409 4384; x_wconf 80' lang='grc' dir='ltr'>κοινωνίας</span> <span class='ocrx_word' id='word_1_547' title='bbox 1483 4324 1683 4398; x_wconf 63' lang='grc' dir='ltr'>ἐνεργείῑ</span> 
     </span>
    </p>
   </div>
   <div class='ocr_carea' id='block_1_82' title="bbox 1861 4315 3459 4398">
    <p class='ocr_par' dir='ltr' id='par_1_82' title="bbox 1861 4315 3459 4390">
     <span class='ocr_line' id='line_1_82' title="bbox 1861 4315 3459 4390; baseline -0.001 -16"><span class='ocrx_word' id='word_1_548' title='bbox 1861 4320 1988 4375; x_wconf 88' lang='lat' dir='ltr'>ione</span> <span class='ocrx_word' id='word_1_549' title='bbox 2037 4317 2274 4390; x_wconf 88' lang='lat' dir='ltr'>operari</span> <span class='ocrx_word' id='word_1_550' title='bbox 2305 4321 2641 4372; x_wconf 85' lang='lat' dir='ltr'>cernantur.</span> <span class='ocrx_word' id='word_1_551' title='bbox 2676 4315 2784 4371; x_wconf 91' lang='lat' dir='ltr'>Ubi</span> <span class='ocrx_word' id='word_1_552' title='bbox 2810 4317 3012 4386; x_wconf 90' lang='lat' dir='ltr'>itaque</span> <span class='ocrx_word' id='word_1_553' title='bbox 3043 4317 3238 4386; x_wconf 88' lang='lat' dir='ltr'>major</span> <span class='ocrx_word' id='word_1_554' title='bbox 3277 4322 3334 4373; x_wconf 93' lang='lat' dir='ltr'>et</span> <span class='ocrx_word' id='word_1_555' title='bbox 3352 4318 3459 4373; x_wconf 88' lang='lat' dir='ltr'>mi-</span> 
     </span>
    </p>
   </div>
   <div class='ocr_carea' id='block_1_83' title="bbox 87 4402 1685 4488">
    <p class='ocr_par' dir='ltr' id='par_1_83' title="bbox 87 4409 1685 4488">
     <span class='ocr_line' id='line_1_83' title="bbox 87 4409 1685 4488; baseline 0.002 -27"><span class='ocrx_word' id='word_1_556' title='bbox 87 4414 425 4488; x_wconf 71' lang='grc' dir='ltr'>θεωροῦνται·</span> <span class='ocrx_word' id='word_1_557' title='bbox 465 4409 637 4462; x_wconf 79' lang='grc' dir='ltr'>Ὀπου</span> <span class='ocrx_word' id='word_1_558' title='bbox 698 4415 868 4463; x_wconf 84' lang='grc' dir='ltr'>τοίνυν</span> <span class='ocrx_word' id='word_1_559' title='bbox 919 4416 1072 4484; x_wconf 81' lang='grc' dir='ltr'>μείων</span> <span class='ocrx_word' id='word_1_560' title='bbox 1133 4416 1220 4463; x_wconf 83' lang='grc' dir='ltr'>καὶ</span> <span class='ocrx_word' id='word_1_561' title='bbox 1283 4411 1500 4464; x_wconf 77' lang='grc' dir='ltr'>ἐλάττων</span> <span class='ocrx_word' id='word_1_562' title='bbox 1560 4411 1685 4488; x_wconf 78' lang='grc' dir='ltr'>ἐνέρ-</span> 
     </span>
    </p>
   </div>
   <div class='ocr_carea' id='block_1_84' title="bbox 1859 4402 3457 4488">
    <p class='ocr_par' dir='ltr' id='par_1_84' title="bbox 1859 4402 3457 4477">
     <span class='ocr_line' id='line_1_84' title="bbox 1859 4402 3457 4477; baseline -0.001 -15"><span class='ocrx_word' id='word_1_563' title='bbox 1859 4422 1920 4463; x_wconf 84' lang='lat' dir='ltr'>or</span> <span class='ocrx_word' id='word_1_564' title='bbox 1949 4405 2165 4461; x_wconf 88' lang='lat' dir='ltr'>dicitur</span> <span class='ocrx_word' id='word_1_565' title='bbox 2193 4404 2484 4477; x_wconf 90' lang='lat' dir='ltr'>operatio,</span> <span class='ocrx_word' id='word_1_566' title='bbox 2519 4419 2644 4460; x_wconf 91' lang='lat' dir='ltr'>non</span> <span class='ocrx_word' id='word_1_567' title='bbox 2697 4403 2773 4458; x_wconf 92' lang='lat' dir='ltr'>de</span> <span class='ocrx_word' id='word_1_568' title='bbox 2817 4418 2939 4458; x_wconf 90' lang='lat' dir='ltr'>una</span> <span class='ocrx_word' id='word_1_569' title='bbox 2967 4402 3074 4459; x_wconf 88' lang='lat' dir='ltr'>sed</span> <span class='ocrx_word' id='word_1_570' title='bbox 3103 4403 3177 4458; x_wconf 94' lang='lat' dir='ltr'>de</span> <span class='ocrx_word' id='word_1_571' title='bbox 3217 4404 3457 4460; x_wconf 89' lang='lat' dir='ltr'>duabus</span> 
     </span>
    </p>
   </div>
   <div class='ocr_carea' id='block_1_85' title="bbox 85 4492 1683 4573">
    <p class='ocr_par' dir='ltr' id='par_1_85' title="bbox 85 4497 1683 4573">
     <span class='ocr_line' id='line_1_85' title="bbox 85 4497 1683 4573; baseline 0.001 -21"><span class='ocrx_word' id='word_1_572' title='bbox 85 4519 193 4569; x_wconf 75' lang='grc' dir='ltr'>γεια</span> <span class='ocrx_word' id='word_1_573' title='bbox 252 4499 488 4570; x_wconf 75' lang='grc' dir='ltr'>λέγεται,</span> <span class='ocrx_word' id='word_1_574' title='bbox 539 4499 596 4550; x_wconf 70' lang='grc' dir='ltr'>οὗ</span> <span class='ocrx_word' id='word_1_575' title='bbox 636 4504 756 4572; x_wconf 83' lang='grc' dir='ltr'>περὶ</span> <span class='ocrx_word' id='word_1_576' title='bbox 795 4505 939 4572; x_wconf 78' lang='grc' dir='ltr'>μιᾶς,</span> <span class='ocrx_word' id='word_1_577' title='bbox 993 4498 1118 4553; x_wconf 80' lang='grc' dir='ltr'>ἀλλὰ</span> <span class='ocrx_word' id='word_1_578' title='bbox 1174 4505 1291 4573; x_wconf 83' lang='grc' dir='ltr'>περὶ</span> <span class='ocrx_word' id='word_1_579' title='bbox 1331 4497 1427 4553; x_wconf 71' lang='grc' dir='ltr'>δύο</span> <span class='ocrx_word' id='word_1_580' title='bbox 1467 4510 1683 4573; x_wconf 67' lang='grc' dir='ltr'>φυσικῶτ</span> 
     </span>
    </p>
   </div>
   <div class='ocr_carea' id='block_1_86' title="bbox 1862 4492 3460 4573">
    <p class='ocr_par' dir='ltr' id='par_1_86' title="bbox 1862 4492 3460 4562">
     <span class='ocr_line' id='line_1_86' title="bbox 1862 4492 3460 4562; baseline -0.001 -11"><span class='ocrx_word' id='word_1_581' title='bbox 1862 4495 2184 4552; x_wconf 73' lang='lat' dir='ltr'>aturalibus</span> <span class='ocrx_word' id='word_1_582' title='bbox 2235 4494 2414 4550; x_wconf 90' lang='lat' dir='ltr'>unius</span> <span class='ocrx_word' id='word_1_583' title='bbox 2468 4493 2678 4548; x_wconf 89' lang='lat' dir='ltr'>Christi</span> <span class='ocrx_word' id='word_1_584' title='bbox 2730 4492 3181 4562; x_wconf 87' lang='lat' dir='ltr'>operationibus</span> <span class='ocrx_word' id='word_1_585' title='bbox 3226 4494 3460 4551; x_wconf 91' lang='lat' dir='ltr'>intima-</span> 
     </span>
    </p>
   </div>
   <div class='ocr_carea' id='block_1_87' title="bbox 87 4551 1685 4664">
    <p class='ocr_par' dir='ltr' id='par_1_87' title="bbox 87 4551 1685 4664">
     <span class='ocr_line' id='line_1_87' title="bbox 91 4551 1685 4573; baseline 0.003 -4"><span class='ocrx_word' id='word_1_586' title='bbox 91 4551 191 4569; x_wconf 57' lang='lat'>1&quot;”</span> <span class='ocrx_word' id='word_1_587' title='bbox 296 4551 335 4570; x_wconf 50' lang='lat'>’1</span> <span class='ocrx_word' id='word_1_588' title='bbox 473 4551 488 4570; x_wconf 66' lang='grc' dir='ltr'>ν</span> <span class='ocrx_word' id='word_1_589' title='bbox 699 4551 710 4572; x_wconf 75' lang='grc' dir='ltr'>ι</span> <span class='ocrx_word' id='word_1_590' title='bbox 795 4551 804 4572; x_wconf 82' lang='grc' dir='ltr'>ι</span> <span class='ocrx_word' id='word_1_591' title='bbox 906 4551 939 4568; x_wconf 77' lang='grc' dir='ltr'>-ι</span> <span class='ocrx_word' id='word_1_592' title='bbox 1178 4551 1288 4573; x_wconf 61' lang='lat'>&quot;1”</span> 
     </span>
     <span class='ocr_line' id='line_1_88' title="bbox 87 4586 1685 4664; baseline 0.001 -26"><span class='ocrx_word' id='word_1_593' title='bbox 87 4598 168 4640; x_wconf 81' lang='grc' dir='ltr'>τοῦ</span> <span class='ocrx_word' id='word_1_594' title='bbox 211 4588 324 4649; x_wconf 80' lang='grc' dir='ltr'>ἑνός</span> <span class='ocrx_word' id='word_1_595' title='bbox 363 4594 606 4660; x_wconf 77' lang='grc' dir='ltr'>Χριστοῦ</span> <span class='ocrx_word' id='word_1_596' title='bbox 664 4586 922 4660; x_wconf 82' lang='grc' dir='ltr'>ἐνεργειῶν</span> <span class='ocrx_word' id='word_1_597' title='bbox 973 4597 1276 4664; x_wconf 74' lang='grc' dir='ltr'>φανεροῦται</span> <span class='ocrx_word' id='word_1_598' title='bbox 1315 4592 1448 4661; x_wconf 85' lang='lat'>(33).</span> <span class='ocrx_word' id='word_1_599' title='bbox 1499 4622 1558 4630; x_wconf 95' lang='lat'><strong>—</strong></span> <span class='ocrx_word' id='word_1_600' title='bbox 1598 4596 1685 4643; x_wconf 73' lang='grc' dir='ltr'>Κα]</span> 
     </span>
    </p>
   </div>
   <div class='ocr_carea' id='block_1_88' title="bbox 1860 4551 3458 4664">
    <p class='ocr_par' dir='ltr' id='par_1_88' title="bbox 1860 4551 3458 4658">
     <span class='ocr_line' id='line_1_89' title="bbox 1860 4551 3458 4658; baseline 0 -17"><span class='ocrx_word' id='word_1_601' title='bbox 1860 4551 1924 4642; x_wconf 77' lang='lat' dir='ltr'>1r.</span> <span class='ocrx_word' id='word_1_602' title='bbox 1953 4622 2014 4631; x_wconf 94' lang='grc'><strong><em>--</em></strong></span> <span class='ocrx_word' id='word_1_603' title='bbox 2039 4590 2228 4658; x_wconf 89' lang='lat' dir='ltr'>Atque</span> <span class='ocrx_word' id='word_1_604' title='bbox 2273 4585 2402 4639; x_wconf 60' lang='lat' dir='ltr'>haec</span> <span class='ocrx_word' id='word_1_605' title='bbox 2428 4583 2675 4655; x_wconf 88' lang='lat' dir='ltr'>quidem</span> <span class='ocrx_word' id='word_1_606' title='bbox 2726 4551 2893 4638; x_wconf 74' lang='lat' dir='ltr'>sexta</span> <span class='ocrx_word' id='word_1_607' title='bbox 2923 4581 3192 4653; x_wconf 86' lang='lat' dir='ltr'>synodus</span> <span class='ocrx_word' id='word_1_608' title='bbox 3222 4583 3458 4641; x_wconf 88' lang='lat' dir='ltr'>decreto</span> 
     </span>
    </p>
   </div>
   <div class='ocr_carea' id='block_1_89' title="bbox 89 4672 1687 4753">
    <p class='ocr_par' dir='ltr' id='par_1_89' title="bbox 89 4673 1687 4753">
     <span class='ocr_line' id='line_1_90' title="bbox 89 4673 1687 4753; baseline 0.003 -26"><span class='ocrx_word' id='word_1_609' title='bbox 89 4685 253 4729; x_wconf 73' lang='grc' dir='ltr'>ταῦτα</span> <span class='ocrx_word' id='word_1_610' title='bbox 298 4679 393 4749; x_wconf 76' lang='grc' dir='ltr'>μὲν</span> <span class='ocrx_word' id='word_1_611' title='bbox 427 4676 562 4728; x_wconf 81' lang='grc' dir='ltr'>εἶπεν</span> <span class='ocrx_word' id='word_1_612' title='bbox 603 4678 978 4751; x_wconf 72' lang='grc' dir='ltr'>ἑπικυροῦσαὴ</span> <span class='ocrx_word' id='word_1_613' title='bbox 1014 4679 1132 4737; x_wconf 82' lang='grc' dir='ltr'>ἕκτη</span> <span class='ocrx_word' id='word_1_614' title='bbox 1170 4673 1390 4740; x_wconf 71' lang='grc' dir='ltr'>σύνοδος</span> <span class='ocrx_word' id='word_1_615' title='bbox 1437 4682 1500 4730; x_wconf 76' lang='grc' dir='ltr'>τὰ</span> <span class='ocrx_word' id='word_1_616' title='bbox 1557 4681 1687 4753; x_wconf 78' lang='grc' dir='ltr'>ποιρό</span> 
     </span>
    </p>
   </div>
   <div class='ocr_carea' id='block_1_90' title="bbox 1864 4672 3462 4753">
    <p class='ocr_par' dir='ltr' id='par_1_90' title="bbox 1864 4672 3462 4748">
     <span class='ocr_line' id='line_1_91' title="bbox 1864 4672 3462 4748; baseline -0.002 -16"><span class='ocrx_word' id='word_1_617' title='bbox 1864 4677 2232 4748; x_wconf 69' lang='lat' dir='ltr'>rmavit,quse</span> <span class='ocrx_word' id='word_1_618' title='bbox 2257 4674 2531 4730; x_wconf 85' lang='lat' dir='ltr'>videlicet</span> <span class='ocrx_word' id='word_1_619' title='bbox 2553 4677 2795 4729; x_wconf 87' lang='lat' dir='ltr'>sanctus</span> <span class='ocrx_word' id='word_1_620' title='bbox 2825 4672 3180 4728; x_wconf 87' lang='lat' dir='ltr'>Ambrosius</span> <span class='ocrx_word' id='word_1_621' title='bbox 3213 4675 3462 4745; x_wconf 84' lang='lat' dir='ltr'>scripse-</span> 
     </span>
    </p>
   </div>
   <div class='ocr_carea' id='block_1_91' title="bbox 90 4762 1688 4842">
    <p class='ocr_par' dir='ltr' id='par_1_91' title="bbox 90 4765 1688 4842">
     <span class='ocr_line' id='line_1_92' title="bbox 90 4765 1688 4842; baseline 0.003 -24"><span class='ocrx_word' id='word_1_622' title='bbox 90 4776 170 4819; x_wconf 78' lang='grc' dir='ltr'>τοῦ</span> <span class='ocrx_word' id='word_1_623' title='bbox 223 4767 387 4838; x_wconf 78' lang='grc' dir='ltr'>ἁγίου</span> <span class='ocrx_word' id='word_1_624' title='bbox 431 4765 751 4840; x_wconf 75' lang='grc' dir='ltr'>’Λμϐροσίου</span> <span class='ocrx_word' id='word_1_625' title='bbox 811 4772 1112 4841; x_wconf 81' lang='grc' dir='ltr'>γραφέντα·</span> <span class='ocrx_word' id='word_1_626' title='bbox 1167 4769 1195 4827; x_wconf 81' lang='grc' dir='ltr'>ἡ</span> <span class='ocrx_word' id='word_1_627' title='bbox 1255 4765 1315 4821; x_wconf 75' lang='grc' dir='ltr'>δέ</span> <span class='ocrx_word' id='word_1_628' title='bbox 1373 4787 1433 4841; x_wconf 84' lang='grc' dir='ltr'>γε</span> <span class='ocrx_word' id='word_1_629' title='bbox 1489 4773 1688 4842; x_wconf 56' lang='grc' dir='ltr'>πέμπτη</span> 
     </span>
    </p>
   </div>
   <div class='ocr_carea' id='block_1_92' title="bbox 1858 4762 3456 4842">
    <p class='ocr_par' dir='ltr' id='par_1_92' title="bbox 1858 4762 3456 4836">
     <span class='ocr_line' id='line_1_93' title="bbox 1858 4762 3456 4836; baseline -0.003 -14"><span class='ocrx_word' id='word_1_630' title='bbox 1858 4771 1918 4823; x_wconf 70' lang='lat' dir='ltr'>it.</span> <span class='ocrx_word' id='word_1_631' title='bbox 1963 4767 2180 4831; x_wconf 87' lang='lat' dir='ltr'>Quinta</span> <span class='ocrx_word' id='word_1_632' title='bbox 2210 4780 2350 4820; x_wconf 87' lang='lat' dir='ltr'>vero</span> <span class='ocrx_word' id='word_1_633' title='bbox 2383 4763 2654 4836; x_wconf 87' lang='lat' dir='ltr'>synodus</span> <span class='ocrx_word' id='word_1_634' title='bbox 2679 4769 2806 4818; x_wconf 90' lang='lat' dir='ltr'>tum</span> <span class='ocrx_word' id='word_1_635' title='bbox 2825 4762 2965 4818; x_wconf 89' lang='lat' dir='ltr'>huic</span> <span class='ocrx_word' id='word_1_636' title='bbox 2999 4763 3306 4819; x_wconf 68' lang='lat' dir='ltr'>sententiae</span> <span class='ocrx_word' id='word_1_637' title='bbox 3336 4769 3456 4819; x_wconf 88' lang='lat' dir='ltr'>tum</span> 
     </span>
    </p>
   </div>
   <div class='ocr_carea' id='block_1_93' title="bbox 94 4849 1692 4931">
    <p class='ocr_par' dir='ltr' id='par_1_93' title="bbox 94 4853 1692 4931">
     <span class='ocr_line' id='line_1_94' title="bbox 94 4853 1692 4931; baseline 0.003 -24"><span class='ocrx_word' id='word_1_638' title='bbox 94 4853 316 4917; x_wconf 69' lang='grc' dir='ltr'>σύνοδος</span> <span class='ocrx_word' id='word_1_639' title='bbox 353 4864 528 4908; x_wconf 80' lang='grc' dir='ltr'>ταῦτα</span> <span class='ocrx_word' id='word_1_640' title='bbox 565 4855 849 4929; x_wconf 82' lang='grc' dir='ltr'>ἐξεφώνησε</span> <span class='ocrx_word' id='word_1_641' title='bbox 900 4862 1019 4931; x_wconf 82' lang='grc' dir='ltr'>περὶ</span> <span class='ocrx_word' id='word_1_642' title='bbox 1077 4857 1235 4918; x_wconf 68' lang='grc' dir='ltr'>αὐτῆς</span> <span class='ocrx_word' id='word_1_643' title='bbox 1290 4862 1378 4910; x_wconf 86' lang='grc' dir='ltr'>καὶ</span> <span class='ocrx_word' id='word_1_644' title='bbox 1436 4866 1536 4910; x_wconf 78' lang='grc' dir='ltr'>τῶν</span> <span class='ocrx_word' id='word_1_645' title='bbox 1601 4859 1692 4911; x_wconf 82' lang='grc' dir='ltr'>λοι-</span> 
     </span>
    </p>
   </div>
   <div class='ocr_carea' id='block_1_94' title="bbox 1863 4849 3461 4931">
    <p class='ocr_par' dir='ltr' id='par_1_94' title="bbox 1863 4849 3461 4926">
     <span class='ocr_line' id='line_1_95' title="bbox 1863 4849 3461 4926; baseline -0.001 -18"><span class='ocrx_word' id='word_1_646' title='bbox 1863 4855 2053 4926; x_wconf 66' lang='lat' dir='ltr'>aliquis</span> <span class='ocrx_word' id='word_1_647' title='bbox 2107 4859 2452 4908; x_wconf 88' lang='lat' dir='ltr'>sanctorum</span> <span class='ocrx_word' id='word_1_648' title='bbox 2521 4854 2757 4910; x_wconf 80' lang='lat' dir='ltr'>Patrum</span> <span class='ocrx_word' id='word_1_649' title='bbox 2826 4855 3331 4920; x_wconf 83' lang='lat' dir='ltr'>congregatorum</span> <span class='ocrx_word' id='word_1_650' title='bbox 3379 4849 3461 4906; x_wconf 88' lang='lat' dir='ltr'>sic</span> 
     </span>
    </p>
   </div>
   <div class='ocr_carea' id='block_1_95' title="bbox 92 4937 1690 5020">
    <p class='ocr_par' dir='ltr' id='par_1_95' title="bbox 92 4945 1690 5020">
     <span class='ocr_line' id='line_1_96' title="bbox 92 4945 1690 5020; baseline 0.001 -24"><span class='ocrx_word' id='word_1_651' title='bbox 92 4954 192 4996; x_wconf 68' lang='grc' dir='ltr'>πῶν</span> <span class='ocrx_word' id='word_1_652' title='bbox 263 4945 435 5016; x_wconf 77' lang='grc' dir='ltr'>ἁγίων</span> <span class='ocrx_word' id='word_1_653' title='bbox 500 4953 599 4996; x_wconf 83' lang='grc' dir='ltr'>τῶν</span> <span class='ocrx_word' id='word_1_654' title='bbox 675 4949 789 4999; x_wconf 70' lang='grc' dir='ltr'>τότε</span> <span class='ocrx_word' id='word_1_655' title='bbox 853 4945 1216 5016; x_wconf 79' lang='grc' dir='ltr'>συνελθόντων,</span> <span class='ocrx_word' id='word_1_656' title='bbox 1296 4949 1377 4999; x_wconf 79' lang='grc' dir='ltr'>ὅτι</span> <span class='ocrx_word' id='word_1_657' title='bbox 1433 4949 1690 5020; x_wconf 81' lang='grc' dir='ltr'>Δεχόμεθο</span> 
     </span>
    </p>
   </div>
   <div class='ocr_carea' id='block_1_96' title="bbox 1865 4937 3463 5020">
    <p class='ocr_par' dir='ltr' id='par_1_96' title="bbox 1865 4937 3463 5011">
     <span class='ocr_line' id='line_1_97' title="bbox 1865 4937 3463 5011; baseline -0.004 -11"><span class='ocrx_word' id='word_1_658' title='bbox 1865 4943 2294 5000; x_wconf 66' lang='grc' dir='ltr'>ΞΟῙᾶῐΠᾶνθΓᾶίίε</span> <span class='ocrx_word' id='word_1_659' title='bbox 2355 4940 2691 5011; x_wconf 80' lang='lat' dir='ltr'>Recipimus</span> <span class='ocrx_word' id='word_1_660' title='bbox 2744 4944 2978 5010; x_wconf 85' lang='lat' dir='ltr'>cuncta,</span> <span class='ocrx_word' id='word_1_661' title='bbox 3013 4955 3147 5010; x_wconf 65' lang='lat' dir='ltr'>quae</span> <span class='ocrx_word' id='word_1_662' title='bbox 3199 4939 3276 4993; x_wconf 89' lang='lat' dir='ltr'>ab</span> <span class='ocrx_word' id='word_1_663' title='bbox 3316 4937 3463 5010; x_wconf 89' lang='lat' dir='ltr'>ipsis</span> 
     </span>
    </p>
   </div>
   <div class='ocr_carea' id='block_1_97' title="bbox 94 5026 1692 5111">
    <p class='ocr_par' dir='ltr' id='par_1_97' title="bbox 94 5033 1692 5111">
     <span class='ocr_line' id='line_1_98' title="bbox 94 5033 1692 5111; baseline 0.003 -27"><span class='ocrx_word' id='word_1_664' title='bbox 94 5037 257 5087; x_wconf 79' lang='grc' dir='ltr'>πάντα</span> <span class='ocrx_word' id='word_1_665' title='bbox 314 5037 384 5086; x_wconf 75' lang='grc' dir='ltr'>τὰ</span> <span class='ocrx_word' id='word_1_666' title='bbox 424 5033 549 5107; x_wconf 85' lang='grc' dir='ltr'>παρ’</span> <span class='ocrx_word' id='word_1_667' title='bbox 588 5033 756 5086; x_wconf 71' lang='grc' dir='ltr'>αὐτῶν</span> <span class='ocrx_word' id='word_1_668' title='bbox 807 5040 926 5110; x_wconf 84' lang='grc' dir='ltr'>περὶ</span> <span class='ocrx_word' id='word_1_669' title='bbox 988 5043 1082 5097; x_wconf 78' lang='grc' dir='ltr'>τῆς</span> <span class='ocrx_word' id='word_1_670' title='bbox 1145 5034 1304 5111; x_wconf 80' lang='grc' dir='ltr'>ὀρθῆς</span> <span class='ocrx_word' id='word_1_671' title='bbox 1355 5040 1580 5099; x_wconf 85' lang='grc' dir='ltr'>πίστεως</span> <span class='ocrx_word' id='word_1_672' title='bbox 1637 5036 1692 5096; x_wconf 73' lang='grc' dir='ltr'>εἰς</span> 
     </span>
    </p>
   </div>
   <div class='ocr_carea' id='block_1_98' title="bbox 1864 5026 3462 5111">
    <p class='ocr_par' dir='ltr' id='par_1_98' title="bbox 1871 5026 3462 5101">
     <span class='ocr_line' id='line_1_99' title="bbox 1871 5026 3462 5101; baseline -0.004 -13"><span class='ocrx_word' id='word_1_673' title='bbox 1871 5049 1972 5088; x_wconf 88' lang='lat' dir='ltr'>rca</span> <span class='ocrx_word' id='word_1_674' title='bbox 1996 5038 2217 5087; x_wconf 89' lang='lat' dir='ltr'>rectam</span> <span class='ocrx_word' id='word_1_675' title='bbox 2263 5031 2441 5085; x_wconf 76' lang='lat' dir='ltr'>fidem</span> <span class='ocrx_word' id='word_1_676' title='bbox 2476 5029 2707 5101; x_wconf 86' lang='lat' dir='ltr'>prolata</span> <span class='ocrx_word' id='word_1_677' title='bbox 2756 5034 2896 5084; x_wconf 90' lang='lat' dir='ltr'>sunt</span> <span class='ocrx_word' id='word_1_678' title='bbox 2938 5026 3017 5084; x_wconf 90' lang='lat' dir='ltr'>ad</span> <span class='ocrx_word' id='word_1_679' title='bbox 3045 5028 3462 5083; x_wconf 66' lang='lat' dir='ltr'>haereticorum</span> 
     </span>
    </p>
   </div>
   <div class='ocr_carea' id='block_1_99' title="bbox 94 5116 1692 5198">
    <p class='ocr_par' dir='ltr' id='par_1_99' title="bbox 94 5123 1692 5198">
     <span class='ocr_line' id='line_1_100' title="bbox 94 5123 1692 5198; baseline 0.003 -26"><span class='ocrx_word' id='word_1_680' title='bbox 94 5127 410 5198; x_wconf 76' lang='grc' dir='ltr'>κατάκρισιν</span> <span class='ocrx_word' id='word_1_681' title='bbox 485 5131 586 5175; x_wconf 86' lang='grc' dir='ltr'>τῶν</span> <span class='ocrx_word' id='word_1_682' title='bbox 666 5123 938 5197; x_wconf 81' lang='grc' dir='ltr'>αἰρετικῶν</span> <span class='ocrx_word' id='word_1_683' title='bbox 1013 5123 1276 5177; x_wconf 81' lang='grc' dir='ltr'>ἐκτεθέντα</span> <span class='ocrx_word' id='word_1_684' title='bbox 1307 5141 1319 5154; x_wconf 89' lang='grc'><strong>·</strong></span> <span class='ocrx_word' id='word_1_685' title='bbox 1401 5129 1501 5178; x_wconf 83' lang='grc' dir='ltr'>Καὶ</span> <span class='ocrx_word' id='word_1_686' title='bbox 1575 5145 1692 5197; x_wconf 80' lang='grc' dir='ltr'>μδτο</span> 
     </span>
    </p>
   </div>
   <div class='ocr_carea' id='block_1_100' title="bbox 1867 5116 3465 5198">
    <p class='ocr_par' dir='ltr' id='par_1_100' title="bbox 1867 5116 3465 5189">
     <span class='ocr_line' id='line_1_101' title="bbox 1867 5116 3465 5189; baseline -0.003 -11"><span class='ocrx_word' id='word_1_687' title='bbox 1867 5119 2400 5179; x_wconf 86' lang='lat' dir='ltr'>mdemnationem.</span> <span class='ocrx_word' id='word_1_688' title='bbox 2433 5121 2507 5174; x_wconf 80' lang='lat' dir='ltr'>Et</span> <span class='ocrx_word' id='word_1_689' title='bbox 2532 5120 2721 5188; x_wconf 80' lang='lat' dir='ltr'>paulo</span> <span class='ocrx_word' id='word_1_690' title='bbox 2741 5125 2895 5188; x_wconf 76' lang='lat' dir='ltr'>post.</span> <span class='ocrx_word' id='word_1_691' title='bbox 2923 5118 2986 5172; x_wconf 82' lang='lat' dir='ltr'>Et</span> <span class='ocrx_word' id='word_1_692' title='bbox 3016 5116 3063 5172; x_wconf 91' lang='lat' dir='ltr'>si</span> <span class='ocrx_word' id='word_1_693' title='bbox 3091 5117 3224 5189; x_wconf 89' lang='lat' dir='ltr'>quis</span> <span class='ocrx_word' id='word_1_694' title='bbox 3256 5116 3334 5173; x_wconf 86' lang='lat' dir='ltr'>ab</span> <span class='ocrx_word' id='word_1_695' title='bbox 3359 5117 3465 5174; x_wconf 77' lang='lat' dir='ltr'>ho~</span> 
     </span>
    </p>
   </div>
   <div class='ocr_carea' id='block_1_101' title="bbox 97 5203 1695 5277">
    <p class='ocr_par' dir='ltr' id='par_1_101' title="bbox 97 5211 1695 5275">
     <span class='ocr_line' id='line_1_102' title="bbox 97 5211 1695 5275; baseline 0.003 -14"><span class='ocrx_word' id='word_1_696' title='bbox 97 5230 206 5266; x_wconf 78' lang='grc' dir='ltr'>τινα</span> <span class='ocrx_word' id='word_1_697' title='bbox 239 5229 253 5244; x_wconf 91' lang='grc'><strong>·</strong></span> <span class='ocrx_word' id='word_1_698' title='bbox 328 5215 435 5266; x_wconf 80' lang='grc' dir='ltr'>Καὶ</span> <span class='ocrx_word' id='word_1_699' title='bbox 496 5215 542 5264; x_wconf 88' lang='grc' dir='ltr'>εἰ</span> <span class='ocrx_word' id='word_1_700' title='bbox 595 5231 675 5275; x_wconf 85' lang='grc' dir='ltr'>τις</span> <span class='ocrx_word' id='word_1_701' title='bbox 742 5211 923 5266; x_wconf 83' lang='grc' dir='ltr'>ἑαυτὸν</span> <span class='ocrx_word' id='word_1_702' title='bbox 961 5220 1056 5275; x_wconf 80' lang='grc' dir='ltr'>τῆς</span> <span class='ocrx_word' id='word_1_703' title='bbox 1112 5211 1161 5266; x_wconf 83' lang='grc' dir='ltr'>ἐν</span> <span class='ocrx_word' id='word_1_704' title='bbox 1218 5213 1396 5274; x_wconf 71' lang='grc' dir='ltr'>αὐτοῖς</span> <span class='ocrx_word' id='word_1_705' title='bbox 1439 5217 1695 5275; x_wconf 83' lang='grc' dir='ltr'>κοινωνίας</span> 
     </span>
    </p>
   </div>
   <div class='ocr_carea' id='block_1_102' title="bbox 1863 5203 3461 5277">
    <p class='ocr_par' dir='ltr' id='par_1_102' title="bbox 1863 5203 3461 5277">
     <span class='ocr_line' id='line_1_103' title="bbox 1863 5203 3461 5277; baseline -0.003 -10"><span class='ocrx_word' id='word_1_706' title='bbox 1863 5227 1951 5268; x_wconf 81' lang='lat' dir='ltr'>1m</span> <span class='ocrx_word' id='word_1_707' title='bbox 1974 5225 2271 5267; x_wconf 89' lang='lat' dir='ltr'>consensu</span> <span class='ocrx_word' id='word_1_708' title='bbox 2292 5213 2479 5265; x_wconf 87' lang='lat' dir='ltr'>semet</span> <span class='ocrx_word' id='word_1_709' title='bbox 2507 5203 2820 5277; x_wconf 86' lang='lat' dir='ltr'>abstrahit,</span> <span class='ocrx_word' id='word_1_710' title='bbox 2849 5205 3146 5263; x_wconf 87' lang='lat' dir='ltr'>contraria</span> <span class='ocrx_word' id='word_1_711' title='bbox 3179 5206 3461 5276; x_wconf 88' lang='lat' dir='ltr'>sentiens,</span> 
     </span>
    </p>
   </div>
   <div class='ocr_carea' id='block_1_103' title="bbox 165 5484 3466 5568">
    <p class='ocr_par' dir='ltr' id='par_1_103' title="bbox 165 5484 3466 5568">
     <span class='ocr_line' id='line_1_104' title="bbox 165 5484 3466 5568; baseline -0.002 -18"><span class='ocrx_word' id='word_1_712' title='bbox 165 5493 1709 5568; x_wconf 70' lang='lat' dir='ltr'>(29)SequentiumapudChrysostomumverborum</span> <span class='ocrx_word' id='word_1_713' title='bbox 1887 5493 2000 5568; x_wconf 70' lang='lat'>(3&#39;2)</span> <span class='ocrx_word' id='word_1_714' title='bbox 2060 5484 2405 5568; x_wconf 33' lang='lat' dir='ltr'>Echoncil.</span> <span class='ocrx_word' id='word_1_715' title='bbox 2459 5504 2518 5544; x_wconf 81' lang='grc' dir='ltr'>ιιι</span> <span class='ocrx_word' id='word_1_716' title='bbox 2566 5485 3040 5561; x_wconf 86' lang='lat' dir='ltr'>Constantinop.,</span> <span class='ocrx_word' id='word_1_717' title='bbox 3104 5485 3198 5544; x_wconf 91' lang='lat' dir='ltr'>ed.</span> <span class='ocrx_word' id='word_1_718' title='bbox 3265 5486 3466 5557; x_wconf 90' lang='lat' dir='ltr'>Coleti,</span> 
     </span>
    </p>
   </div>
   <div class='ocr_carea' id='block_1_104' title="bbox 112 5565 3080 5642">
    <p class='ocr_par' dir='ltr' id='par_1_104' title="bbox 112 5565 3080 5642">
     <span class='ocr_line' id='line_1_105' title="bbox 112 5565 3080 5642; baseline -0.001 -22"><span class='ocrx_word' id='word_1_719' title='bbox 112 5565 767 5642; x_wconf 56' lang='lat' dir='ltr'>sedemjéstigandam</span> <span class='ocrx_word' id='word_1_720' title='bbox 794 5565 1115 5642; x_wconf 70' lang='lat' dir='ltr'>perotium</span> <span class='ocrx_word' id='word_1_721' title='bbox 1138 5568 1381 5642; x_wconf 85' lang='lat' dir='ltr'>eruditis</span> <span class='ocrx_word' id='word_1_722' title='bbox 1406 5569 1708 5641; x_wconf 89' lang='lat' dir='ltr'>permitto.</span> <span class='ocrx_word' id='word_1_723' title='bbox 1821 5568 1860 5622; x_wconf 87' lang='lat' dir='ltr'>t.</span> <span class='ocrx_word' id='word_1_724' title='bbox 1889 5567 2026 5642; x_wconf 61' lang='lat' dir='ltr'>Vill,</span> <span class='ocrx_word' id='word_1_725' title='bbox 2041 5581 2108 5642; x_wconf 59' lang='grc' dir='ltr'>Β.</span> <span class='ocrx_word' id='word_1_726' title='bbox 2139 5565 2239 5642; x_wconf 81' lang='lat'>686</span> <span class='ocrx_word' id='word_1_727' title='bbox 2269 5566 2333 5618; x_wconf 91' lang='lat' dir='ltr'>D.</span> <span class='ocrx_word' id='word_1_728' title='bbox 2471 5635 2481 5642; x_wconf 82' lang='lat'>_</span> <span class='ocrx_word' id='word_1_729' title='bbox 2533 5634 2543 5642; x_wconf 29' lang='grc' dir='ltr'><strong><em>ι</em></strong></span> <span class='ocrx_word' id='word_1_730' title='bbox 2584 5634 2594 5642; x_wconf 31' lang='grc' dir='ltr'><strong><em>Δ</em></strong></span> <span class='ocrx_word' id='word_1_731' title='bbox 2685 5633 2695 5642; x_wconf 84' lang='lat'>_</span> <span class='ocrx_word' id='word_1_732' title='bbox 2973 5631 2988 5642; x_wconf 46' lang='lat'><em>.</em></span> <span class='ocrx_word' id='word_1_733' title='bbox 3069 5630 3080 5642; x_wconf 39' lang='grc' dir='ltr'><strong><em>ο</em></strong></span> 
     </span>
    </p>
   </div>
   <div class='ocr_carea' id='block_1_105' title="bbox 180 5631 1778 5715">
    <p class='ocr_par' dir='ltr' id='par_1_105' title="bbox 180 5631 1547 5715">
     <span class='ocr_line' id='line_1_106' title="bbox 180 5631 1547 5715; baseline 0.003 -21"><span class='ocrx_word' id='word_1_734' title='bbox 180 5638 293 5715; x_wconf 62' lang='grc' dir='ltr'>(βο)</span> <span class='ocrx_word' id='word_1_735' title='bbox 310 5640 408 5715; x_wconf 61' lang='lat' dir='ltr'>_E_;</span> <span class='ocrx_word' id='word_1_736' title='bbox 437 5631 584 5715; x_wconf 57' lang='lat' dir='ltr'>oper</span> <span class='ocrx_word' id='word_1_737' title='bbox 608 5640 699 5695; x_wconf 88' lang='lat' dir='ltr'>De</span> <span class='ocrx_word' id='word_1_738' title='bbox 719 5631 860 5715; x_wconf 54' lang='lat' dir='ltr'>ﬁde,</span> <span class='ocrx_word' id='word_1_739' title='bbox 888 5638 989 5695; x_wconf 90' lang='lat' dir='ltr'>lib.</span> <span class='ocrx_word' id='word_1_740' title='bbox 1019 5655 1078 5708; x_wconf 82' lang='grc' dir='ltr'>ιι,</span> <span class='ocrx_word' id='word_1_741' title='bbox 1108 5656 1242 5715; x_wconf 87' lang='lat' dir='ltr'>cap.</span> <span class='ocrx_word' id='word_1_742' title='bbox 1275 5641 1330 5708; x_wconf 86' lang='lat'>7,</span> <span class='ocrx_word' id='word_1_743' title='bbox 1361 5631 1428 5698; x_wconf 56' lang='lat' dir='ltr'>n3</span> <span class='ocrx_word' id='word_1_744' title='bbox 1458 5644 1547 5698; x_wconf 86' lang='lat'>56.</span> 
     </span>
    </p>
   </div>
   <div class='ocr_carea' id='block_1_106' title="bbox 1870 5631 3468 5715">
    <p class='ocr_par' dir='ltr' id='par_1_106' title="bbox 1879 5631 3468 5715">
     <span class='ocr_line' id='line_1_107' title="bbox 1879 5631 3468 5715; baseline -0.005 -22"><span class='ocrx_word' id='word_1_745' title='bbox 1879 5631 2331 5715; x_wconf 42' lang='lat' dir='ltr'>_(33)&#39;Hactenus</span> <span class='ocrx_word' id='word_1_746' title='bbox 2355 5634 2552 5692; x_wconf 84' lang='lat' dir='ltr'>exstat</span> <span class='ocrx_word' id='word_1_747' title='bbox 2579 5633 2774 5692; x_wconf 76' lang='lat' dir='ltr'>textus</span> <span class='ocrx_word' id='word_1_748' title='bbox 2827 5631 2995 5706; x_wconf 82' lang='lat' dir='ltr'>apud</span> <span class='ocrx_word' id='word_1_749' title='bbox 3031 5631 3278 5691; x_wconf 89' lang='lat' dir='ltr'>citatum</span> <span class='ocrx_word' id='word_1_750' title='bbox 3329 5645 3468 5687; x_wconf 82' lang='lat' dir='ltr'>con-</span> 
     </span>
    </p>
   </div>
   <div class='ocr_carea' id='block_1_107' title="bbox 181 5707 2044 5784">
    <p class='ocr_par' dir='ltr' id='par_1_107' title="bbox 181 5707 2044 5784">
     <span class='ocr_line' id='line_1_108' title="bbox 181 5707 2044 5784; baseline -0.001 -18"><span class='ocrx_word' id='word_1_751' title='bbox 181 5707 439 5782; x_wconf 68' lang='lat' dir='ltr'>(sum).</span> <span class='ocrx_word' id='word_1_752' title='bbox 469 5707 567 5771; x_wconf 75' lang='lat' dir='ltr'>cit.</span> <span class='ocrx_word' id='word_1_753' title='bbox 597 5707 738 5784; x_wconf 65' lang='lat' dir='ltr'>cap}</span> <span class='ocrx_word' id='word_1_754' title='bbox 762 5711 820 5780; x_wconf 90' lang='lat'>8,</span> <span class='ocrx_word' id='word_1_755' title='bbox 850 5725 911 5768; x_wconf 91' lang='lat' dir='ltr'>n.</span> <span class='ocrx_word' id='word_1_756' title='bbox 941 5707 1069 5772; x_wconf 67' lang='lat'>70.</span> <span class='ocrx_word' id='word_1_757' title='bbox 1181 5707 1202 5715; x_wconf 82' lang='grc'><strong><em>“</em></strong></span> <span class='ocrx_word' id='word_1_758' title='bbox 1316 5707 1319 5708; x_wconf 59' lang='grc'><strong><em>⁷</em></strong></span> <span class='ocrx_word' id='word_1_759' title='bbox 1496 5765 1500 5771; x_wconf 79' lang='grc'><em>,</em></span> <span class='ocrx_word' id='word_1_760' title='bbox 1645 5759 1664 5774; x_wconf 78' lang='grc'>,.</span> <span class='ocrx_word' id='word_1_761' title='bbox 1821 5707 2044 5771; x_wconf 79' lang='lat' dir='ltr'>cilium.</span> 
     </span>
    </p>
   </div>
  </div>
