4046 6310
596 351 702 418 227

1942 353 2208 413 NICETIE
2250 347 2618 412 CHONIATE

3878 357 4004 410 221

597 483 696 540 hic
721 487 1010 558 quoniam
1063 486 1225 540 recta
1251 481 1370 537 ﬁde
1401 497 1463 538 se
1493 481 1796 538 abalienat
1832 481 2243 553 hiereticisque

2373 485 2584 553 χωρίσει
2607 485 2674 534 τὰ
2722 479 2925 533 ἐναντία
2971 488 3184 555 φρονῶν,
3223 481 3250 531 6
3287 500 3536 550 τοιουτος,
3569 481 3745 534 ἑαυτὸν
3805 480 4004 533 ἀλλο-

599 582 1012 638 connumerat,
1043 575 1254 630 merito
1276 589 1313 628 a
1342 577 1548 628 sancta
1573 573 1674 628 Dei
1705 571 1964 628 Ecclesia
1992 571 2243 627 damna-

601 667 695 718 tur
724 669 902 737 atque
928 663 1295 719 anathemati
1332 661 1667 733 subjicitur.

601 876 701 932 Ex
753 877 1051 945 synodicis
1089 892 1216 946 quae
1264 877 1513 932 Romam
1563 877 1725 930 misit
1775 881 2016 931 sanctus
2063 875 2246 930 Pater

671 955 871 1003 noster
901 950 1272 1016 Sophronias
1297 947 1655 1016 patriarcha
1676 948 2244 1015 Hierosolymorum,

672 1021 746 1073 de
773 1019 1074 1075 dominica
1103 1021 1542 1078 incarnatione.
1593 1025 1646 1074 ei
1679 1019 1838 1088 quod
1875 1020 1949 1073 sit
1981 1033 2136 1072 unus
2175 1032 2250 1073 ex

679 1091 968 1146 Trinitate
988 1091 1153 1145 Jesus
1185 1090 1460 1146 Christus
1490 1090 1683 1144 Filius
1711 1091 1824 1145 Dei
1864 1095 1915 1144 et
1959 1090 2250 1144 Dominus

671 1168 891 1216 noster.

670 1270 760 1325 34.
794 1271 911 1324 Nos
953 1285 1144 1324 unum
1194 1269 1489 1325 Christum
1522 1273 1578 1325 et
1607 1269 1818 1325 Filium
1846 1269 2250 1338 incarnatum,

596 1372 815 1429 nempe
845 1358 1128 1426 Verbum,
1157 1359 1522 1423 asserimus;
1556 1363 1610 1413 et
1641 1359 1883 1414 unicam
1933 1359 2062 1427 ejus
2113 1358 2254 1413 sub-

596 1447 876 1502 stantiam
909 1448 1312 1519 compositam
1333 1448 1609 1513 dicimus,
1642 1453 1699 1501 et
1731 1447 1885 1502 duas
1918 1447 2046 1516 ejus
2073 1445 2251 1502 conﬁ-

595 1539 790 1590 temur
815 1536 1430 1604 naturas,voluntates
1455 1541 1636 1606 atque
1666 1536 2067 1606 operationes.
2097 1537 2254 1590 Duas

593 1639 840 1695 quoque
869 1623 1143 1693 ejusdem
1177 1624 1348 1678 Verbi
1389 1623 1489 1678 Dei
1542 1623 1889 1678 nativitates
1931 1623 2250 1692 credimus,

595 1727 781 1766 unam
801 1712 1050 1783 quidem
1076 1729 1149 1767 ex
1173 1714 1292 1768 Deo
1311 1715 1477 1768 Patre
1513 1728 1698 1784 quam
1723 1711 2182 1784 intemporalem
2202 1716 2258 1765 et

597 1799 1026 1871 sempiternam
1069 1801 1330 1868 scimus;
1364 1817 1437 1856 ex
1465 1801 1717 1872 Deipara
1767 1806 1954 1856 matre
1981 1800 2253 1864 alteram,

2373 1810 2456 1856 καὶ
2529 1801 2696 1855 ἀίδιον
2770 1799 3020 1874 οἴδαμεν·
3098 1807 3188 1852 καὶ
3264 1797 3506 1871 δευτέραν
3580 1804 3667 1857 τὴν
3741 1799 3800 1850 ἐκ

599 1904 785 1958 quam
808 1893 862 1943 et
893 1905 1187 1960 nuperam
1219 1894 1277 1945 et
1299 1891 1696 1962 temporalem
1723 1889 2167 1958 cognoscimus.
2195 1880 2258 1942 Et

601 1981 954 2034 naturarum
1009 1979 1399 2050 proprietates
1469 1980 1694 2035 servari
1757 1979 2032 2044 dicimus,
2102 1977 2255 2032 duas

602 2080 821 2137 nempe
851 2066 1135 2138 physicas
1162 2067 1517 2135 voluntates,
1542 2074 1598 2124 et
1618 2068 1772 2123 duas
1801 2068 2085 2138 physicas
2115 2081 2254 2137 ope-

603 2155 886 2210 rationes.
924 2158 990 2211 Et
1018 2162 1316 2228 quatenus
1346 2159 1499 2212 Deus
1531 2162 1640 2228 est,
1673 2155 2254 2212 consubstantialem

602 2242 804 2313 ipsum
843 2245 1000 2298 Patri
1039 2245 1413 2300 atﬁrmamus
1446 2262 1459 2299 :
1511 2246 1676 2304 Matri
1713 2251 1912 2301 autem
1951 2245 2253 2316 nobisque

601 2332 1426 2406 consubstantialem,quaten
1435 2352 1503 2389 us
1517 2336 1695 2390 homo
1708 2335 2103 2400 est,eumdem
2120 2350 2253 2407 pro-

600 2419 951 2474 nuntiamus
978 2438 991 2487 ;
1025 2420 1317 2476 visibilem
1343 2423 1566 2492 puriter
1595 2428 1652 2477 et
1679 2423 2052 2486 invisibilem,
2086 2438 2252 2478 crea-

596 2511 725 2561 tum
771 2513 828 2561 et
878 2507 1232 2575 increatum,
1274 2526 1633 2582 corporeum
1690 2517 1746 2566 et
1804 2511 2250 2583 incorporeum,

597 2595 1083 2651 contrectabilem
1149 2601 1206 2652 et
1266 2598 1840 2668 incontrectabilem,
1887 2599 2253 2655 circumscri-

598 2689 772 2756 ptum
802 2690 857 2740 et
879 2685 1493 2758 incircumscriptum,
1513 2693 1814 2743 terrenum
1845 2694 1901 2744 et
1931 2690 2247 2759 caelestem,

602 2789 784 2829 carne
802 2791 942 2829 cum
967 2775 1243 2832 rationali
1265 2777 1470 2832 anima
1491 2778 1811 2849 praeditum
1835 2784 1890 2834 et
1913 2778 2093 2833 simul
2108 2778 2255 2832 divi-

604 2862 809 2930 nitate,
835 2879 1135 2936 nuperum
1166 2869 1222 2920 et
1270 2867 1720 2937 sempiternum,
1752 2868 2039 2922 humilem
2073 2873 2129 2923 et
2158 2883 2253 2922 ex-

607 2951 857 3018 celsum,
892 2958 947 3008 et
975 2969 1375 3026 quaecumque
1401 2955 1656 3028 duplicis
1676 2956 2151 3029 inseparabiliter
2171 2972 2256 3010 re-

605 3041 918 3112 periuntur
946 3048 1195 3098 naturae.
1228 3047 1293 3099 Et
1323 3044 1605 3100 sublimia
1646 3046 1893 3118 quidem
1934 3045 1982 3099 is
2022 3060 2258 3118 semper

2356 579 2511 641 τριών
2541 576 2630 623 καὶ
2658 579 2750 631 τῆς
2771 571 2930 643 ὀρθῆς
2966 575 3189 630 πίστεως
3218 575 3309 622 καὶ
3348 579 3458 632 τοίς
3486 574 3760 643 αἱρετικοῖς
3789 589 4004 623 συνα-

2353 662 2572 734 ριθμών,
2608 658 2823 720 δικαίως
2862 662 2962 712 ὑπὸ
3009 669 3105 722 τῆς
3142 660 3291 730 ἁγίοις
3319 668 3412 713 τοῦ
3461 669 3594 714 Θεοῦ
3644 660 4003 718 Ἐκκλησία

2354 755 2717 824 κατακρίνεται
2735 755 2824 802 καὶ
2854 749 3286 822 ἀναθεματίζεται
3313 749 3444 820 (34).

2355 870 2486 928 Ἀπὸ
2518 883 2617 926 τῶν
2661 870 2948 926 συνοὸικῶν
3001 874 3067 923 ὧν
3098 872 3318 944 ἔπεμψεν
3359 872 3407 924 ἐν
3430 871 3596 944 Ῥώμῃ
3652 873 3676 924 ὁ
3707 871 3756 924 ἐι
3789 873 4003 944 ἁγίου

2431 952 2605 1030 Πατὴρ
2637 947 2781 1016 ἡμῶν
2808 950 3086 1024 Σωφρὸνιος
3107 933 3412 1019 πατιάρχης
3443 933 3810 1016 Ἱεροσολύμων
3845 933 3992 1031 ’περ

2429 1027 2523 1080 τῆς
2564 1019 2813 1088 ἐνσάρκου
2853 1019 3144 1088 οἰκονομίας
3173 1035 3264 1067 του
3304 1019 3410 1075 ἐνὸς
3440 1023 3534 1076 τῆς
3554 1019 3702 1088 ἁγίας
3726 1019 4003 1086 Τριάὸοι

2429 1089 2603 1148 Ἰησού
2662 1087 2898 1162 Χριστοῦ
2939 1087 3032 1139 τοῦ
3091 1090 3214 1140 Tia-5
3275 1095 3365 1140 τοῦ
3429 1095 3560 1140 Θεοῦ
3605 1087 3694 1138 καί
3762 1093 4004 1161 Κυρίοι

2432 1163 2598 1232 ἡμῶν.

2433 1264 2532 1320 λῖθ’.
2574 1267 2750 1340 Ἡμεῖς
2823 1267 2908 1318 ἕνα
2980 1269 3209 1339 Χριστὸν
3277 1269 3365 1317 καὶ
3428 1267 3546 1316 Υὶὸν
3603 1267 3688 1316 τὸν
3760 1283 4003 1337 σαρκωη

2368 1359 2514 1409 θέντα
2552 1360 2716 1427 Λόγον
2769 1354 3113 1428 πρεσϐεύομεν
3149 1371 3160 1383 '
3213 1359 3302 1404 καὶ
3333 1358 3456 1425 μίαν
3487 1353 3646 1404 αὐτου
3697 1357 3794 1410 τὴν
3845 1355 4004 1404 ὑπόε

2369 1467 2554 1499 στασιν
2591 1447 2801 1518 λέγομεν
2834 1448 3073 1497 σύνθετον
3107 1461 3119 1473 '
3166 1449 3255 1495 καὶ
3294 1446 3341 1495 ἐν
3382 1441 3538 1496 δυσὶν
3581 1444 3732 1495 αὑτὸν
3785 1444 4004 1514 65.1010-

2363 1554 2552 1607 γουμεν
2606 1542 2720 1594 ταῖς
2787 1537 2996 1605 φύσεσι,
3072 1531 3327 1603 θελήμασί
3383 1550 3435 1583 τε
3494 1537 3583 1582 καὶ
3637 1530 4004 1604 ἐνεργείαις⁴

2365 1631 2453 1677 καὶ
2508 1622 2604 1676 δύο
2660 1631 2752 1676 τοῦ
2801 1623 2960 1675 αὐτοῦ
3013 1627 3139 1674 Θεοῦ
3191 1627 3365 1692 Λόγου
3402 1625 3663 1691 γεννήσεις
3711 1623 4004 1672 πιστεύο-

2366 1733 2456 1787 μεν
2491 1731 2503 1743 ·
2552 1718 2675 1786 μίαν
2715 1716 2804 1784 μὲν
2843 1718 2936 1769 τὴν
2980 1711 3034 1762 ἐκ
3064 1719 3196 1763 Θεοῦ
3235 1716 3324 1761 καὶ
3373 1713 3591 1782 Πατρός,
3645 1710 3705 1767 ἢν
3734 1709 4004 1783 ἄχρονοι

3894 1808 4004 1860 τῆς

2368 1898 2625 1946 Θεοτόκου
2682 1894 2898 1966 μητρὸς,
2941 1891 3003 1949 ἣν
3060 1895 3149 1940 καὶ
3212 1893 3510 1963 πρόσφατον
3569 1893 3658 1939 καὶ
3709 1895 4004 1959 χρονικήι

2365 1981 2690 2053 ἐπιστάμεθα
2721 2002 2734 2013 ·
2798 1985 2888 2032 καὶ
2953 1983 3020 2032 τὰ
3081 1987 3179 2030 τῶν
3236 1981 3432 2049 φύσεων
3493 1979 3750 2047 φάσκομεν
3812 1979 4004 2038 σύζε-

2368 2073 2493 2123 σθαι
2545 2067 2662 2122 ἴδια
2693 2087 2734 2104 ·-
2763 2074 3002 2122 τουτέστι
3042 2064 3139 2119 δύο
3188 2069 3385 2138 φυσικὰ
3426 2065 3709 2137 θελήματα,
3747 2070 3847 2117 καὶ
3886 2062 4004 2116 δύο

2365 2163 2592 2232 φυσικὰς
2665 2158 2918 2233 ἐνεργείας
2952 2175 2963 2186 ’
3041 2162 3132 2209 καὶ
3205 2158 3481 2227 ὀμοούσιον
3556 2157 3621 2213 ὡς
3689 2157 3822 2206 Θεὸν
3917 2163 4004 2223 τῷ

2366 2255 2532 2323 Πατρὶ
2589 2251 2675 2300 τὸν
2730 2249 2884 2300 αὐτὸν
2945 2245 3305 2319 ἁναγράφομεν
3346 2258 3360 2273 '

2363 2343 2526 2409 μητρὶ
2575 2341 2664 2388 καὶ
2693 2338 2840 2408 -ἡμῐν
2869 2339 2956 2386 τὸν
3005 2334 3160 2385 αὐτὸν
3209 2337 3276 2392 ὡς
3324 2333 3592 2403 ἄνθρωπον
3640 2333 3931 2403 φάσκομεν
3978 2353 3994 2364 ο

3420 2247 3509 2296 καὶ
3563 2245 3848 2314 ὁμοούσιον
3925 2251 4004 2315 τῇ

2365 2428 2547 2497 ὁρατὸν
2588 2425 2744 2477 αὑτὸν
2791 2429 2879 2476 καὶ
2928 2422 3182 2496 ἀόρατον·
3237 2425 3444 2472 κτιστὸν
3495 2423 3584 2471 τὸν
3646 2419 3803 2471 αὑτὸν
3875 2423 4004 2472 ὡσ-

2364 2518 2531 2576 αύτως
2568 2521 2657 2566 καὶ
2709 2517 2953 2566 ἄκτιστον
2987 2531 2997 2541 ·
3064 2521 3215 2584 σῶμα
3271 2514 3357 2562 τὸν
3407 2509 3560 2560 αὐτὸν
3607 2514 3695 2560 καὶ
3750 2507 4004 2580 ἀσώμα-

2361 2623 2444 2656 τον
2485 2621 2496 2632 '
2560 2604 2720 2656 ἁπτὸν
2773 2606 2860 2654 τὸν
2919 2601 3071 2653 αὐτὸν
3126 2604 3216 2652 καὶ
3264 2598 3517 2670 ἀνέπαφον
3551 2616 3563 2628 ⁸
3613 2602 4003 2672 περιγραπτὸν

2361 2697 2448 2745 τὸν
2494 2693 2649 2744 αὑτὸν
2688 2697 2776 2743 καὶ
2809 2691 3190 2766 ἁπερίγραπτον
3223 2703 3238 2719 ⁸
3273 2686 3494 2758 ἐπίγειον
3542 2689 3628 2738 τὸν
3669 2686 3825 2737 αὐτὸν
3894 2692 4004 2738 καὶ

2364 2782 2600 2856 οὐράνιον
2635 2798 2648 2810 ο
2720 2785 2892 2856 σάρκα
2954 2783 3041 2831 τὸν
3109 2778 3263 2829 αὐτὸν
3330 2775 3675 2847 ἑψυχωμένην
3745 2773 4004 2845 λογικῶς

2370 2877 2462 2923 καὶ
2531 2873 2792 2928 θεότητα·
2854 2874 3153 2944 πρόσφατον
3217 2869 3300 2918 τὸν
3365 2865 3519 2916 αὐτὸν
3594 2868 3682 2915 καὶ
3744 2860 3942 2915 ἀίδιον
3985 2876 3996 2886 ·

2368 2964 2606 3012 ταπεινὸν
2635 2963 2719 3010 τὸν
2770 2959 2924 3010 αὐτὸν
2987 2963 3074 3008 καὶ⁵
3115 2959 3396 3028 ὑπέρτατον
3430 2975 3442 2986 ·
3485 2957 3574 3006 καὶ
3630 2954 3730 3004 ὅσα
3783 2948 4000 3014 διττῆς

2371 3047 2662 3123 ἀμερίστως
2728 3050 3024 3122 εὑρίσκεται
3081 3050 3302 3118 φύσεως.
3366 3048 3466 3097 Καὶ
3520 3044 3586 3093 τὰ
3644 3045 3733 3114 μὲν
3792 3041 4001 3112 ὑψηλὰ

608 3129 841 3198 habuit,
868 3135 1068 3202 utpote
1099 3133 1464 3204 sempiterna
1486 3139 1703 3189 natura
1728 3135 2040 3206 praeditus;
2067 3135 2255 3191 humi-

2373 3141 2610 3212 ὑπῆρχεν
2642 3139 2739 3202 ἀεὶ,
2793 3141 2861 3197 ὡς
2892 3140 3046 3208 φύσιν
3108 3137 3245 3207 ἔχων
3284 3129 3456 3185 αίδιον
3490 3149 3502 3160 '
3545 3132 3612 3182 τὰ
3659 3126 3717 3182 δέ
3755 3134 4001 3182 ταπεινὰ

605 3217 686 3272 lia
712 3234 854 3273 vero
875 3225 1118 3290 propter
1142 3237 1250 3276 nos
1279 3223 1560 3278 extremis
1581 3224 1954 3295 temporibus
1980 3225 2258 3282 immuta-

606 3305 802 3360 biliter
835 3308 1068 3374 ascivit,
1095 3315 1340 3380 propter
1366 3317 1742 3384 assumptam
1774 3314 2107 3369 humanam
2155 3331 2259 3370 na-

606 3396 1021 3458 turam.Quare
1040 3413 1198 3451 unus
1226 3399 1404 3452 simul
1427 3415 1558 3454 esse
1583 3400 2049 3472 deprehenditur
2079 3408 2258 3474 atque

607 3480 758 3536 duo:
791 3497 947 3536 unus
967 3484 1212 3554 quidem
1234 3487 1569 3542 secundum
1599 3489 2046 3546 subsistentiam
2078 3499 2257 3564 atque

609 3583 956 3640 personam,
999 3572 1120 3628 duo
1149 3589 1290 3630 vero
1320 3577 1654 3632 secundum
1701 3578 1864 3650 ipsas
1903 3585 2150 3635 naturas
2188 3597 2258 3636 ac

609 3667 917 3724 naturales
947 3684 1157 3725 earum
1187 3672 1600 3744 proprietates,
1625 3675 1899 3732 videlicet
1936 3676 2257 3733 voluntatis

610 3761 668 3811 et
696 3757 1078 3828 operationis.
1111 3761 1365 3831 Utraque
1412 3762 1572 3817 enim
1619 3762 1816 3820 forma
1863 3782 2002 3820 cum
2049 3772 2260 3822 mutua

609 3849 1036 3903 communione
1056 3855 1340 3921 operatur
1366 3852 1532 3923 quod
1561 3855 1872 3925 proprium
1903 3855 1996 3910 sui
2021 3860 2109 3910 est
2133 3869 2144 3906 :
2178 3856 2260 3911 ita

610 3940 677 3992 ut
705 3936 962 3993 Verbum
986 3945 1266 4010 operetur
1289 3940 1456 4013 quod
1479 3941 1656 3997 Verbi
1681 3945 1995 4015 proprium
2017 3949 2102 3999 est
2117 3960 2256 3999 cum

609 4028 880 4098 corporis
930 4030 1394 4096 communione;
1436 4047 1655 4103 corpus
1701 4039 1902 4088 autem
1945 4049 2082 4104 quae
2120 4039 2259 4088 sunt

609 4116 855 4185 propria
871 4118 1119 4186 peragit,
1143 4133 1265 4174 non
1291 4119 1416 4174 sine
1438 4120 1610 4175 Verbi
1634 4122 2256 4193 000peratione.Porro

608 4218 682 4257 ex
698 4203 791 4256 his
820 4220 1009 4259 unum
1037 4207 1326 4277 prodigiis
1343 4215 1638 4277 coruscat,
1664 4211 1918 4266 alterum
1950 4216 2255 4267 contume-

606 4289 718 4346 lias
745 4292 1088 4362 perpetitur.

783 4396 843 4452 S.
888 4399 1104 4455 Basilii
1125 4401 1190 4457 in
1221 4403 1382 4458 illud
1410 4419 1434 4458 .'
1471 4425 1499 4453 ‹‹
1532 4405 1661 4475 Ego
1691 4421 1820 4463 sum
1853 4407 2008 4462 vitis.
2042 4425 2073 4459 ›

684 4592 770 4648 3‘5.
797 4592 898 4648 Hic
921 4609 1016 4648 me
1041 4593 1336 4652 invadunt
1362 4597 1640 4670 haeretici,
1673 4602 1958 4675 aiuntque
1987 4620 2000 4658 :
2027 4602 2085 4660 Si
2119 4601 2255 4658 vitis

613 4688 701 4738 est
732 4684 1026 4746 Servator,
1055 4699 1164 4738 nos
1195 4684 1492 4756 palmites,
1527 4691 1789 4760 agricola
1814 4698 2016 4747 autem
2056 4696 2254 4768 Pater;

611 4787 822 4828 rursus
845 4772 892 4827 si
913 4773 1186 4844 palmites
1205 4776 1478 4846 ejusdem
1496 4786 1722 4836 naturae
1744 4786 2002 4855 sunt,cuj
2014 4803 2080 4842 us
2097 4787 2258 4858 vitis,

610 4863 746 4919 vitis
766 4867 967 4918 autem
986 4879 1108 4918 non
1129 4872 1216 4920 est
1235 4866 1512 4937 agricolae
1525 4871 2068 4944 consubstantialis;
2086 4877 2261 4933 Filius

611 4953 858 5024 quidem
899 4950 1171 5022 ejusdem
1203 4962 1294 5011 est
1319 4961 1541 5012 naturae
1573 4961 1746 5032 cujus
1786 4978 1896 5018 nos
1929 4980 2261 5038 sumusque

608 5054 722 5096 nos
753 5040 947 5112 ipsius
986 5055 1171 5112 pars:
1213 5059 1336 5098 non
1387 5049 1588 5101 autem
1641 5047 1816 5103 Filius
1867 5050 2137 5122 ejusdem
2177 5059 2264 5108 est

608 5133 838 5184 naturae
867 5130 1042 5201 cujus
1068 5133 1256 5199 Pater,
1311 5133 1418 5188 sed
1448 5135 1699 5192 omnino
1748 5138 1998 5195 alienus.
2033 5142 2261 5207 Quibus

606 5218 1382 5288 respondebimus,vocatos
1407 5239 1520 5279 nos
1548 5241 1680 5280 esse
1700 5242 1825 5282 non
1848 5227 2085 5284 deitatis
2106 5230 2262 5286 illius

608 5304 908 5375 palmites,
944 5309 1049 5362 sed
1096 5311 1293 5366 carnis
1316 5329 1334 5382 ;
1375 5313 1710 5370 secundum
1753 5331 1892 5372 eum
1922 5318 2028 5389 qui
2066 5318 2212 5375 dixit
2245 5339 2259 5388 ;

611 5392 728 5446 Nos
785 5395 940 5449 enim
991 5411 1194 5453 sumus
1244 5414 1459 5468 corpus
1509 5402 1738 5458 Christi
1778 5409 1836 5459 et
1871 5407 2137 5464 membra
2188 5423 2264 5464 ex

683 5596 799 5678 (ἓξ)
828 5599 1153 5678 Exponcil.
1170 5599 1275 5678 git.
1297 5607 1338 5660 t.
1368 5606 1482 5677 VII,
1504 5622 1566 5678 p.
1588 5608 1851 5666 897-899.

2285 4523 2332 4578 D

2372 3224 2446 3280 δί’
2505 3229 2642 3300 ἡμᾶς
2697 3227 2744 3277 ἐν
2792 3231 2968 3300 χρόνῳ
3029 3223 3240 3296 ἐσχάτῳ
3299 3221 3560 3296 ἀτρέπτως
3617 3221 3839 3291 ἐγένετο,
3917 3223 3995 3280 ὡς

2370 3319 2524 3388 φύσιν
2598 3315 2905 3387 προσλαϐὼν
2979 3319 3072 3372 τὴν
3139 3313 3472 3386 ἀνθρώπειον,
3531 3313 3631 3362 Καὶ
3711 3310 3858 3360 ἔστιν
3937 3309 3992 3360 ἓν

2368 3412 2458 3457 καὶ
2525 3401 2622 3456 δύο
2679 3407 2705 3456 6
2763 3405 2919 3465 αὐτὸς
2974 3403 3350 3475 γνωριζόμενος
3383 3421 3395 3432 ·
3448 3399 3496 3450 ἓν
3562 3402 3652 3470 μὲν
3702 3400 3843 3449 κατὰ
3889 3403 3988 3455 τήν

2367 3497 2663 3546 ὑπόστασιν
2691 3499 2782 3545 καὶ
2826 3497 2886 3544 τὸ
2916 3498 3213 3567 πρόσωπον,
3244 3487 3340 3542 δύο
3389 3484 3450 3540 δὲ
3486 3488 3620 3539 κατὰ
3649 3488 3739 3548 τὰς
3787 3490 3990 3558 φύσεις

2367 3584 2530 3644 αὑτὰς
2596 3587 2686 3635 καὶ
2745 3584 2836 3642 τὰς
2887 3584 3112 3650 φυσικὰς
3167 3579 3337 3632 αὐτῶν
3393 3573 3680 3643 ἰδιότητας,
3732 3574 3872 3645 λέγω
3920 3572 3986 3627 δὲ

2370 3674 2657 3746 θελήματος
2705 3677 2793 3725 καὶ
2831 3672 3084 3747 ἐνεργείας
3110 3687 3125 3701 ⁸
3184 3669 3494 3742 ἐνεργούσης
3549 3667 3795 3739 ἑκατέρας
3832 3685 3984 3740 μορ-

2369 3773 2467 3836 φῆς
2513 3767 2644 3836 μετὰ
2671 3771 2759 3823 τῆς
2789 3765 3005 3836 θατέρου
3053 3765 3336 3822 κοινωνίας,
3370 3761 3491 3831 ὅπερ
3529 3753 3667 3808 ἴδιον
3714 3756 3929 3826 ἔσχηκε
3963 3771 3977 3785 ⁸

2365 3873 2456 3904 του
2496 3857 2585 3924 μὲν
2633 3857 2807 3923 Λόγου
2859 3851 3307 3926 κατεργαζομένου
3359 3846 3497 3898 τουθ’
3544 3847 3663 3918 ὅπερ
3723 3843 3840 3895 ἐστὶ
3881 3851 3982 3896 τοῦ

2367 3947 2543 4012 Λόγου
2574 3960 2704 4014 μετα
2739 3948 2836 4002 τῆς
2863 3945 3132 3999 κοινωνίας
3157 3945 3247 3989 τοῦ
3278 3955 3540 4008 σωματος,
3588 3953 3676 3985 του
3707 3929 3765 3984 δὲ
3793 3939 3981 4005 σῶμα·

2365 4049 2456 4092 τος
2502 4029 2843 4090 ἐκετελοῡντος
2890 4029 3016 4100 οἷπερ
3066 4027 3177 4079 ἐστὶ
3203 4034 3292 4079 τοῦ
3347 4031 3609 4096 σώματος,
3639 4039 3982 4082 κοινωνοντος

2369 4121 2510 4191 αὐτῷ
2569 4140 2660 4172 του
2724 4125 2898 4190 Λόγου
2951 4126 3041 4177 τῆς
3095 4116 3345 4190 πράξεως.
3391 4117 3491 4165 Καὶ
3541 4117 3600 4164 τὸ
3653 4115 3741 4183 μὲν
3801 4111 3980 4162 αὐτῶν

2368 4206 2654 4282 διαλάμπει
2705 4217 2813 4270 τοῖς
2870 4210 3124 4278 θαύμασι,
3157 4208 3214 4256 τὸ
3245 4200 3306 4255 δε
3359 4209 3477 4262 ταῖς
3514 4200 3722 4274 ὕϐρεσιν
3768 4200 3980 4251 ὑποπέ-

2365 4318 2554 4356 πτωκε.

2544 4406 2650 4461 Τοῦ
2682 4407 2833 4478 ἁγίου
2861 4404 3134 4458 Βασιλείου
3175 4402 3244 4478 είς
3278 4405 3357 4468 τὸ,
3393 4423 3420 4451 ‹‹
3453 4401 3588 4472 Ἐγὼ
3619 4399 3726 4471 εἰμι
3753 4400 3784 4455 ἠ

2945 4476 3169 4548 ἄμπελος
3200 4475 3250 4536 (3
3260 4479 3328 4543 5).
3356 4495 3384 4523 ››

2434 4604 2518 4660 λε’.
2567 4605 2820 4658 Ἐνταυθά
2859 4623 2949 4676 μοι
3002 4600 3415 4659 ἐπισκήπτουσίν
3465 4598 3515 4650 οἰ
3571 4598 3821 4671 αἰρετικοὶ
3878 4597 3970 4645 καὶ

2369 4714 2524 4770 φασιν
2553 4712 2566 4724 ·
2601 4695 2660 4747 Εἰ
2712 4692 2935 4766 ἄμπελος
2988 4694 3077 4764 μὲν
3103 4693 3127 4741 6
3160 4694 3354 4763 Σωτὴρ,
3399 4687 3644 4759 κλήματα
3693 4681 3749 4736 δὲ
3792 4685 3965 4755 ἡμεῖς,

2367 4786 2595 4856 γεωργὸς
2658 4779 2716 4834 δε
2780 4784 2805 4832 6
2857 4785 3051 4853 Πατὴρ,
3116 4782 3181 4830 τὰ
3238 4775 3296 4830 δὲ
3346 4776 3591 4848 κλήματα
3646 4775 3843 4846 ὁμοφυῆ
3901 4778 3962 4842 τῇ

2370 4871 2602 4945 ἀμπελῳ,
2657 4873 2687 4928 ἡ
2754 4867 2812 4923 δε
2867 4870 3088 4942 ἄμπελος
3144 4867 3248 4940 οὐχ
3301 4868 3524 4939 ὁμοφυής
3575 4871 3647 4933 τῷ
3702 4868 3917 4934 γεωργῷ
3952 4875 3965 4888 ·

2371 4962 2594 5034 ὀμοφυῆς
2634 4962 2737 5034 ἄρα
2780 4962 2904 5032 ἡμῖν
2953 4960 2978 5009 6
3029 4960 3166 5026 Υἱὸς,
3201 4961 3291 5008 καὶ
3338 4959 3491 5029 μέρος
3543 4955 3693 5025 ἡμεῖς
3757 4969 3918 5001 αυτου
3952 4965 3967 4983 ο

2372 5051 2478 5122 οὐχ
2515 5051 2744 5122 ὀμοφυὴς
2789 5045 2845 5101 δὲ
2903 5055 2973 5118 τῷ
3018 5046 3241 5122 Πατρὶὸ
3271 5046 3412 5110 Υἱὸς,
3445 5041 3572 5094 ἀλλὰ
3621 5041 3755 5093 κατὰ
3798 5038 3971 5090 πάντα

2373 5140 2665 5216 ἀλλότριος.
2732 5141 2872 5212 Πρὸς
2935 5135 3025 5198 οὓς
3099 5133 3354 5210 ἐρουμεν’
3426 5130 3503 5183 Οὐ
3567 5138 3662 5192 τῆς
3730 5130 3969 5188 θεοτητος

2373 5229 2552 5300 αὐτοῦ,
2621 5227 2749 5279 ἀλλὰ
2805 5235 2896 5286 τῆς
2945 5227 3139 5299 σαρκός
3203 5226 3402 5297 εἴρηκεν
3466 5221 3604 5290 ἡμᾶς
3663 5217 3689 5268 6
3739 5220 3968 5287 Χριστὸς

2371 5324 2650 5391 κλήματα·
2711 5318 2848 5368 κατὰ
2895 5319 2982 5366 τὸν
3025 5313 3235 5365 εἵπὸντα
3268 5329 3279 5340 ·
3336 5310 3508 5381 Ἡμεῖς
3543 5310 3644 5380 γὰρ
3704 5303 3854 5376 ἐσμεν
3908 5306 3966 5354 τὸ

2374 5417 2526 5482 σῶμα
2571 5414 2661 5458 τοῦ
2722 5411 2956 5480 Χριστοῦ
3001 5407 3091 5455 καὶ
3144 5401 3272 5474 (“in
3332 5401 3389 5451 ἐκ
3440 5401 3647 5473 μέρους.
3707 5397 3807 5446 Καὶ
3862 5394 3965 5446 πά-

686 5670 804 5740 (35)
831 5670 1137 5727 Adversus
1155 5670 1541 5747 Eunomiuhi,
1562 5678 1670 5736 lib.
1693 5695 1754 5737 iv
1773 5680 1870 5740 ed.
1899 5681 2185 5755 Garnerii,
2215 5688 2260 5742 t.
2287 5685 2336 5754 Ι,
2363 5697 2431 5756 p.
2457 5685 2586 5742 291.
