4046 6310
14 3272 15 3275 η
70 3218 147 3263 καὶ
212 3218 373 3284 κοινῇ

14 3592 21 3711 ἱ

14 3784 19 3837 r

44 364 129 419 ω

1385 358 1731 423 THESAUHI
1770 364 1900 423 LIB.
1938 360 2092 422 XXV.

3311 374 3420 435 230

46 485 136 535 ia-
170 484 291 538 Οὐκ
345 484 547 541 οἱδατε
578 490 660 542 ὅτι
700 492 769 542 τὰ
814 495 1036 562 σώματα
1069 491 1217 562 ἡμῶν
1259 488 1385 561 μέλη
1426 496 1662 562 Χριστοῦ

1796 492 2026 548 mrte".
2050 492 2118 546 Et
2148 505 2423 547 rursum:
2452 492 2704 549 Nescitis
2724 496 2885 566 quod
2913 510 3169 567 corpora
3196 505 3417 573 vestra,

48 574 197 640 ista;
244 575 377 628 Οὐκ
431 576 507 638 εἰς
542 584 642 637 τὴν
693 581 913 638 ϐιότητα
940 575 1028 632 οὖν
1065 586 1158 632 τοῦ
1206 584 1403 650 Λόγου,
1435 579 1543 631 ἀλλ’
1592 580 1666 640 εἰς

47 670 121 721 τον
164 662 526 737 ἀνθρωπίνην
568 669 728 721 αὐτοῦ
756 673 1051 743 παρουσίαν
1094 667 1326 742 ἀναφέρω
1363 673 1442 739 τὸ,
1472 668 1601 740 Ἐγὼ
1627 672 1660 728 ἡ

47 754 260 823 inrtio;
288 776 302 787 ·
342 757 518 826 ἡμεῖς
543 761 648 829 ’γὰρ
679 761 814 811 κατὰ
840 763 899 811 τὸ
932 766 1085 830 σῶμα
1120 766 1212 809 τοῦ
1242 763 1436 832 Κυρίου
1478 777 1666 830 συγγε-

50 851 125 902 σεῐς
146 842 313 915 ἐσμεν
339 866 354 877 ·
393 851 496 898 καὶ
535 847 694 909 αὐτὸς
724 845 819 900 διὰ
860 855 1015 899 τοῦτο
1064 844 1197 900 εἶπεν
1222 864 1234 876 ’
1272 848 1571 918 Ἀπαγγελώ
1605 851 1664 901 τὸ

48 936 188 1002 secari
247 953 363 986 σου
412 944 536 997 τοῖς
593 932 838 1008 ἀδελφοῖς
892 957 1031 1009 μου·
1080 943 1170 988 καὶ
1218 938 1390 1013 ὥσπερ
1444 936 1555 989 ἐστὶ
1600 941 1668 989 τὰ

46 1022 276 1092 illisut:
319 1025 605 1095 ὁμοούσια
637 1034 729 1086 τῆς
776 1025 1004 1098 ἀμπέλου
1044 1029 1135 1077 καὶ
1188 1024 1241 1088 ἐξ
1288 1026 1480 1087 αὐτῆς,
1532 1027 1667 1079 οὕτω

44 1116 118 1161 ut
146 1113 333 1181 ἑμεῖς,
374 1113 609 1184 ὁμογενῆ
655 1117 721 1166 τὰ
751 1122 969 1186 σώματα
996 1116 1204 1186 ἱχοντες
1234 1122 1305 1184 τῷ
1340 1120 1545 1186 σώματι
1573 1121 1666 1166 τοῦ

50 1205 251 1269 Κυρίου,
288 1200 354 1253 ἐκ
388 1208 495 1254 τοῦ
524 1202 872 1275 πληρώματος
898 1204 1058 1255 αὐτοῦ
1082 1202 1433 1275 λαμϐάνομεν·
1462 1202 1668 1257 κάκεῖνο

46 1290 173 1359 ῥίζαν
213 1292 431 1362 ἔχομεν
489 1291 558 1351 εἰς
602 1296 692 1349 τὴν
742 1290 1029 1345 ἀνάστασιν
1077 1297 1171 1344 καὶ
1223 1296 1317 1351 τὴν
1381 1297 1665 1367 σωτηρίαν.

46 1378 87 1428 ’0
122 1375 182 1429 ονε
214 1385 425 1454 Πατὴρ
471 1383 679 1453 εἱρηται
708 1382 735 1432 ὁ
771 1386 1001 1455 γεωργός
1023 1397 1038 1410 ’
1072 1381 1229 1443 αὐτὸς
1257 1384 1357 1454 γὰρ
1387 1382 1669 1455 εἰργάσατο

50 1463 124 1519 ita
165 1477 264 1519 τοῦ
310 1474 512 1539 Λόγου
540 1474 635 1527 τὴν
677 1470 924 1540 ἄμπελον,
956 1473 1070 1531 ἣτις
1112 1470 1225 1523 ἐστὶ
1253 1474 1313 1522 τὸ
1351 1470 1669 1545 ἀνθρώπινον

50 1565 121 1607 :59
150 1564 453 1632 Σωτῆρος·
491 1563 584 1611 καὶ
623 1559 779 1620 αὐτὸς
828 1556 901 1611 δι’
940 1560 1101 1613 αὐτοῦ
1148 1565 1240 1613 τοῦ
1272 1564 1446 1632 Λόγου
1476 1565 1571 1618 τὴν
1601 1559 1671 1620 εἰς

54 1643 319 1699 Samiam
354 1650 495 1719 ἡμῖν
528 1645 650 1699 ὁδὸν
678 1650 981 1721 ἡτοίμασεν.

90 1776 187 1822 Τοῦ
226 1775 648 1855 Χρυσοστόμου
688 1773 867 1844 ὁμιλία
904 1774 972 1833 κζ
1009 1773 1078 1835 εἰς
1114 1777 1173 1825 τὸ
1212 1775 1347 1825 κατὰ
1386 1773 1625 1832 Ἰωάννην

530 1846 598 1915 άγ
606 1863 677 1895 ιον
712 1846 1021 1916 Erinnys/sitos
1060 1847 1174 1917 (36)
1185 1888 1198 1900 .

108 1965 208 2030 λς’.
254 1968 329 2020 Εἰ
396 1970 466 2020 τὰ
529 1967 728 2039 ἐπίγεια
783 1965 923 2021 εἶπον
982 1971 1123 2042 ὑμῖν,
1185 1974 1274 2021 καὶ
1333 1967 1393 2019 οῦ
1448 1973 1670 2023 πιστεύ-

58 2075 151 2121 ετε,
207 2066 332 2119 πῶς
360 2099 378 2123 ,
439 2055 530 2108 ἐὰν
593 2061 717 2109 εἰπω
767 2058 888 2125 ύμῖν
954 2060 1020 2109 τὰ
1080 2057 1399 2131 ἐπουράνια,
1449 2061 1671 2110 πιστεύ-

56 2164 177 2202 σετε,
245 2150 359 2198 Καὶ
388 2187 402 2211 ,
476 2141 666 2206 Οὐδεὶς
731 2145 1042 2204 ἀναϐέϐηκεν
1103 2146 1171 2207 εἰς
1253 2150 1341 2199 τὸν
1414 2147 1669 2222 οὐρανὸν,

56 2233 91 2284 εἰ
140 2239 215 2305 μὴ
292 2236 323 2285 ὁ
394 2232 451 2285 ἐκ
520 2242 610 2285 τοῦ
676 2234 898 2308 οὐρανοῦ
962 2234 1239 2304 καταϐὰς,
1307 2237 1334 2287 ὁ
1399 2239 1520 2298 Υἱὸς
1580 2244 1672 2290 τοῦ

59 2321 334 2396 ανθρώπου
386 2323 415 2373 ὁ
470 2323 539 2373 ὧν
589 2321 637 2373 ἐν
695 2332 768 2393 τῷ
826 2323 1043 2399 οὐρανῷ.
1105 2327 1225 2376 res»
1284 2321 1343 2376 δὲ
1400 2323 1672 2399 ἀνθρώπου

62 2412 273 2464 ἐνταῦθα
357 2411 424 2463 ού
488 2415 583 2470 τὴν
654 2414 827 2484 σάρκα
900 2412 1135 2467 ἐκάλεσεν
1160 2454 1174 2475 ,
1243 2413 1350 2466 ἀλλ’
1418 2413 1519 2467 ἀπὸ
1580 2424 1675 2476 τῆς

61 2500 323 2563 eam»;
415 2501 600 2561 οὐσίας
666 2500 778 2553 ὅλον
855 2500 1035 2555 ἑαυτὸν
1059 2547 1074 2571 ,
1143 2502 1206 2555 ἵν’
1271 2502 1435 2566 οὕτως
1508 2506 1633 2556 εἴπω
1656 2545 1673 2569 ,

1772 579 2037 637 membra
2070 579 2298 636 Christi
2323 587 2465 636 sunt
2479 581 2531 617 ³⁸
2549 581 2577 635 τ
2607 585 2734 638 Non
2759 584 2940 654 igitur
2958 586 3037 642 ad
3067 588 3241 645 Verbi
3269 588 3422 648 divi-

1773 668 2038 733 nitatem,
2075 668 2185 723 sed
2232 668 2311 725 ad
2339 670 2679 726 humanum
2709 673 2838 743 ejus
2879 674 3211 732 adventum
3237 678 3423 736 verba

1771 756 1988 813 refero:
2009 757 2139 827 Ego
2152 772 2282 813 sum
2304 760 2438 814 vitis
2450 760 2518 813 ’9.
2538 762 2653 815 Nos
2670 762 2830 816 enim
2853 764 3187 820 secundum
3203 781 3423 841 corpus

1773 847 2012 916 cognati
2055 861 2268 901 sumus
2316 848 2570 903 Domini.
2607 851 2671 904 Et
2712 850 2839 922 ipse
2887 858 3207 925 propterea
3234 855 3421 925 dixit;

1772 935 2080 990 Nuntiabo
2107 950 2320 991 nomen
2357 942 2523 991 tuum
2564 937 2858 1006 fratribus
2887 942 3026 997 meis
3039 942 3108 998 ³ο.
3140 946 3207 998 Et
3250 945 3426 1002 sicuti

1772 1022 2050 1096 palmites
2096 1024 2638 1081 consubstantiales
2668 1033 2806 1083 sunt
2834 1029 2935 1085 viti
2964 1045 3038 1085 ex
3067 1047 3259 1104 eaque
3287 1049 3425 1105 pro-

1777 1112 2017 1177 cedunt,
2059 1112 2143 1167 sic
2173 1117 2230 1167 et
2264 1128 2379 1168 nos
2422 1114 2801 1184 homogenea
2847 1132 3103 1190 corpora
3136 1120 3426 1178 habentes

1776 1201 2012 1273 corpori
2060 1200 2291 1271 Christi,
2322 1217 2395 1257 ex
2446 1203 2575 1272 ejus
2621 1204 2991 1275 plenitudine
3042 1210 3424 1282 accipimus;

1774 1288 1958 1361 idque
1979 1289 2276 1345 habemus
2298 1291 2479 1345 veluti
2492 1292 2760 1349 radicem
2779 1297 3226 1354 resurrectionis
3245 1303 3426 1372 atque

1778 1376 2007 1432 salutis.
2054 1380 2224 1434 Pater
2267 1393 2409 1433 vero
2460 1377 2678 1434 dicitur
2720 1380 3030 1451 agricola;
3076 1384 3208 1456 ipse
3262 1386 3427 1442 enim

1776 1481 1883 1538 per
1912 1466 2169 1523 Verbum
2199 1466 2459 1523 excoluit
2487 1469 2690 1535 vitem,
2717 1486 2854 1542 quae
2885 1477 2974 1528 est
3000 1474 3186 1545 ipsius
3223 1476 3430 1533 Serva-

1777 1555 1921 1612 toris
1962 1555 2355 1625 humanitas;
2385 1558 2515 1629 ipse
2556 1558 2804 1615 demum
2830 1574 2937 1632 per
2980 1562 3143 1619 idem
3168 1564 3428 1622 Verbum

1778 1644 1938 1701 viam
1968 1645 2143 1701 nobis
2172 1645 2252 1701 ad
2276 1660 2534 1715 regnum
2562 1648 2775 1704 munit.

1781 1768 2188 1841 Chrysostomi
2232 1784 2309 1826 ea:
2356 1770 2604 1828 homilia
2641 1776 2709 1827 27
2747 1773 2812 1828 in
2858 1780 3136 1834 sanctum
3174 1777 3430 1836 Joannis

2390 1842 2812 1913 Evangelium.

1852 1968 1937 2020 36.
1963 1965 2031 2022 Si
2045 1970 2286 2022 terrena
2300 1966 2432 2021 dixi
2450 1981 2520 2022 vo
2528 1966 2631 2029 bis,
2651 1973 2705 2022 et
2720 1983 2834 2024 non
2852 1970 3124 2041 creditis;
3139 1973 3431 2043 quomodo

1780 2056 1833 2112 si
1855 2054 2065 2111 dixero
2093 2056 2254 2110 vobis
2280 2057 2560 2122 castestza,
2588 2058 2838 2114 credetis
2850 2058 2934 2111 ³ιῖ
2950 2061 3137 2117 Nemo
3161 2065 3430 2120 ascendit

1782 2146 1845 2200 in
1867 2145 2102 2210 cmlum,
2125 2147 2244 2200 nisi
2270 2147 2376 2217 qui
2397 2147 2470 2203 de
2493 2149 2639 2204 caelo
2667 2148 2989 2204 descendit.
3019 2151 3211 2206 Filius
3237 2152 3433 2209 homi-

1784 2234 1876 2288 nis
1907 2235 2010 2305 qui
2037 2238 2121 2289 est
2152 2233 2216 2289 in
2249 2235 2393 2290 casio
2406 2235 2474 2289 ³³.
2502 2235 2711 2293 Filium
2736 2236 3000 2294 hominis
3027 2238 3124 2294 hic
3151 2254 3274 2295 non
3299 2256 3434 2297 car-

1782 2338 1923 2378 nem
1946 2322 2197 2387 vocavit,
2222 2323 2328 2378 sed
2354 2339 2393 2379 a
2422 2324 2653 2381 minore
2683 2325 3019 2383 substantia
3045 2342 3110 2382 se
3134 2332 3347 2395 totum,
3371 2335 3438 2386 ut

1783 2411 1867 2469 ita
1916 2410 2138 2478 dicam,
2167 2412 2517 2469 nominavit.
2548 2413 2707 2470 Solet
2743 2413 2904 2472 enim
2934 2430 3093 2487 smpe
3139 2432 3177 2471 a
3227 2416 3438 2475 divini-

1783 2504 1924 2570 tate,
1957 2516 2118 2572 saspe
2164 2500 2308 2557 item
2340 2501 2418 2556 ab
2465 2502 2838 2559 humanitate
2870 2518 2931 2559 se
2962 2508 3153 2561 totum
3195 2519 3434 2563 vocare.

64 2590 292 2660 suam:
338 2597 439 2640 νῦν
466 2610 480 2622 ο
527 2595 617 2641 καὶ
661 2593 764 2661 γὰρ
811 2598 965 2643 τοῦτο
1010 2594 1124 2653 ἔθος
1165 2591 1325 2662 αύτῷ,
1356 2592 1602 2654 πολλάκις
1771 2589 1873 2642 ἀπὸ
1916 2598 2007 2649 τῆς
2057 2591 2316 2660 θεότητος,
2359 2590 2607 2653 πολλάκις
2655 2587 2715 2644 δὲ
2762 2590 2863 2645 ἀπὸ
2902 2600 2999 2655 τῆς
3040 2592 3441 2669 ἀνθρωπότητος

62 2684 110 2729 τε
141 2685 242 2730 πᾶν
283 2678 494 2732 καλεῖν.

122 2767 216 2828 λζ,
278 2767 402 2840 Ἐφ’
471 2769 645 2818 ἱκανὸν
698 2762 757 2819 δὲ
816 2776 913 2830 τῆς
962 2778 1061 2820 τῶν
1128 2772 1372 2822 τοιούτων
1430 2775 1679 2845 χρήσεων

66 2862 335 2929 magi-mg
411 2854 835 2923 κατεξετάσεως,
903 2862 992 2909 καὶ
1069 2863 1312 2932 πρότερον
1395 2862 1484 2932 μὲν
1548 2858 1681 2911 πολ-

67 2945 198 3004 ﬁn;
264 2947 293 2997 ὁ
365 2943 749 3017 φιλοθεώτατος
811 2944 957 3005 οὗτος
1026 2948 1171 3017 ἡμῶν
1238 2944 1487 3018 βασιλεὺς
1552 2966 1683 3000 συν-

72 3029 411 3087 ἓιεσκοπείτο
488 3037 609 3107 περὶ
683 3040 776 3085 τοῦ
841 3035 1185 3106 πράγματος·
1251 3037 1334 3088 ὁτὲ
1571 3054 1684 3088 τισι

1860 2772 1950 2826 37.
1976 2770 2307 2842 Postquam
2333 2768 2479 2826 satis
2506 2768 2602 2825 ha:
2631 2772 2871 2827 Patrum
2899 2772 3282 2833 auctoritates
3310 2788 3442 2845 per-

1788 2873 1992 2931 pensas
2034 2858 2294 2925 fuerunt,
2322 2859 2381 2914 in
2409 2860 2619 2932 primis
2642 2860 2890 2932 quidem
2919 2877 2990 2917 ac
3023 2878 3441 2934 saepenumero

1793 2951 1912 3003 Deo
1952 2946 2371 3003 dilectissimus
2420 2953 2623 3005 noster
2650 2964 2755 3005 rex
2794 2950 2912 3005 hoc
2948 2952 3259 3020 negotium
3300 2968 3443 3013 cum

1793 3036 2019 3092 cmteris
2064 3036 2464 3109 expendebat,
2512 3037 2698 3093 modo
2736 3038 2847 3092 hos
2881 3039 3066 3095 modo
3111 3039 3246 3096 illos
3294 3040 3443 3097 allo-

68 3126 277 3190 τούτων,
348 3124 441 3173 ὁτὲ
495 3118 547 3173 δ’
600 3119 823 3190 ἐκείνων,
883 3119 1308 3195 διομιλούμενος·
1352 3126 1462 3177 ἔστι
1516 3121 1567 3176 δ’
1624 3123 1683 3175 οὗ

1796 3141 2009 3197 quens.
2034 3124 2335 3180 Interdum
2357 3140 2500 3180 vero
2529 3130 2586 3182 et
2613 3125 2905 3195 gregatim
2934 3126 3163 3199 aliquot
3180 3129 3285 3199 qui
3313 3143 3444 3185 sen-

458 3218 562 3262 τῶν
631 3229 777 3273 τινας
840 3217 959 3285 περὶ
1034 3216 1227 3264 τούτων
1304 3209 1686 3287 διαφερομένων

74 3302 557 3373 ἐπεκκαλούμενος,
632 3304 723 3351 καὶ
786 3309 877 3361 τῆς
942 3300 1385 3376 ὀρθοτομουμενης
1444 3308 1536 3355 καὶ
1599 3302 1688 3354 εύ-

78 3390 247 3450 τξϐοῦς
323 3390 611 3463 ἑρμηνείας
684 3387 1141 3461 ἀντιποιούμενος,
1213 3389 1271 3448 ἢν
1346 3390 1400 3442 ἐκ
1474 3390 1689 3462 χειλέων

80 3486 395 3551 προήνεγκεν
451 3477 646 3530 αὐτίκα
700 3485 811 3540 τοῖς
864 3477 1156 3551 λεγομένοις
1210 3480 1370 3539 οὕτως
1435 3478 1689 3532 ἐπιϐαλὼν

81 3568 125 3617 ἐκ
177 3574 409 3641 πρώτης
486 3574 585 3627 τῆς
642 3572 734 3618 τοῦ
801 3566 1102 3639 ζητηματος
1162 3567 1495 3644 ἀκροάσεως·
1557 3570 1693 3619 ὥστε

82 3662 189 3710 ποτε
238 3661 341 3709 καὶ
390 3651 586 3725 τοιῷδε
629 3662 702 3726 τῷ
751 3654 1127 3730 ἐπιχειρήματι
1171 3660 1507 3733 χρήσασθαι.
1551 3657 1692 3709 Ἐπεὶ

200 3765 357 3799 τισιν
412 3741 586 3796 idem
631 3746 768 3796 κατὰ
806 3763 862 3797 το
906 3753 998 3805 τῆς
1044 3755 1221 3806 κοινῆς
1263 3755 1362 3798 τῶν
1412 3746 1693 3819 ἀνθρώπων

87 3841 281 3906 picem;
359 3837 648 3906 πρόσωπον
718 3837 811 3891 τὴν
887 3837 1136 3893 τοιαύτην
1194 3840 1363 3907 φωνὴν
1437 3832 1695 3907 ἐκλαμϐά-

84 3930 295 3995 manu,
357 3929 481 3975 τότε
554 3918 621 3980 δὴ
692 3922 839 3985 οὗτος
906 3925 932 3975 ὁ
1002 3925 1247 3996 θεόσοφος
1317 3922 1567 3996 βασιλεὺς
1622 3930 1694 3993 τῷ

86 4016 287 4087 μεγάλῳ
349 4016 449 4065 καὶ
518 4011 932 4084 θεολογικωτάτῳ
1000 4012 1295 4084 Ἀθανασίῳ
1358 4016 1694 4086 προεντυχών

89 4101 445 4174 διαλεγομένῳ
501 4104 629 4174 πρὸς
683 4099 930 4173 Ἀρειον,
994 4106 1084 4154 καὶ
1152 4109 1332 4153 τοῦτον
1399 4100 1696 4173 ἀνατρέπειν

14 4224 15 4229 η
93 4191 498 4259 σπουδάζοντι,
569 4192 639 4253 εἰς
720 4190 933 4253 ἀνίσους
1012 4195 1190 4264 φύσεις
1255 4196 1349 4250 τὴν
1419 4193 1698 4263 ὁμοούσιον

96 4282 236 4353 5:72am
319 4278 639 4353 διαιροῦντα
701 4277 946 4353 Τριάδα,
1014 4286 1104 4333 καὶ
1180 4277 1543 4353 δευτερεύοντα
1606 4284 1698 4331 τοῦ

96 4378 295 4448 Πατρός
344 4375 440 4423 τὸν
483 4379 731 4442 μονογενῆ
777 4372 896 4423 res»
945 4367 1073 4422 εἶναι
1117 4369 1353 4440 λέγοντα,
1397 4374 1486 4421 καὶ
1531 4369 1697 4440 ταύτῃ

1795 3213 1993 3270 tentiis
2021 3212 2399 3269 dissidebant
2424 3228 2786 3281 convocans,
2816 3218 3043 3271 rectam
3071 3214 3444 3286 religiosam-

1796 3318 1916 3377 que
1945 3302 2497 3374 interpretationem
2539 3302 2932 3375 defendebat;
2958 3319 3146 3376 quam
3174 3306 3305 3378 ipse
3342 3320 3448 3363 ore

1800 3406 1911 3447 suo
1933 3390 2133 3447 statim
2149 3390 2262 3445 illis
2283 3389 2679 3464 signiﬁcabat,
2696 3392 2841 3464 quia
2861 3392 2961 3448 vix
2980 3393 3188 3450 audito
3209 3399 3447 3451 contro-

1798 3479 2012 3536 versiae
2039 3480 2226 3542 initio,
2255 3479 2338 3535 sic
2368 3495 2495 3535 rem
2524 3480 2657 3552 ipse
2683 3479 2794 3535 sibi
2816 3487 3219 3553 persuaserat.
3251 3485 3449 3549 Quare

1801 3567 2130 3639 aliquando
2158 3567 2245 3623 sic
2273 3568 2454 3624 etiam
2481 3573 2935 3639 argumentatus
2970 3575 3082 3627 est.
3114 3573 3262 3628 Cum
3286 3572 3450 3628 enim

1800 3656 2108 3713 nonnullis
2137 3656 2440 3713 videretur
2462 3656 2541 3713 ad
2566 3657 2907 3726 generalem
2933 3658 3251 3723 hominum
3275 3664 3451 3718 natu-

1802 3761 1936 3801 ram
1966 3745 2261 3801 trahenda
2301 3760 2431 3801 esse
2460 3745 2792 3815 evangelici
2832 3746 2976 3804 dicti
3017 3748 3447 3820 interpretatio,

1806 3834 2004 3889 Caesar
2023 3837 2226 3889 autem
2247 3849 2508 3907 superno
2536 3833 2763 3890 lumine
2790 3835 3111 3891 instructus
3138 3836 3201 3892 in
3242 3836 3454 3907 magni

1806 3921 2150 3994 summique
2191 3920 2450 3992 theologi
2472 3921 2780 3977 Athanasii
2809 3921 3118 3991 dialogum
3147 3938 3285 3978 cum
3314 3923 3452 3979 Ario

1805 4009 2082 4066 habitum
2124 4010 2352 4078 incidit,
2380 4009 2461 4065 ob
2502 4009 2668 4065 illum
2703 4010 3156 4079 coarguendum
3187 4012 3291 4083 qui
3320 4026 3454 4069 san-

1807 4104 1968 4155 ctam
2016 4097 2717 4170 consubstantialemque
2743 4098 3087 4154 Trinitatem
3117 4099 3179 4154 in
3206 4104 3456 4157 naturas

1808 4187 2072 4259 impares
2116 4186 2442 4256 dividebat,
2481 4186 2944 4260 interioremque
2988 4188 3145 4245 Patri
3189 4189 3458 4260 unigeni-

1811 4281 1940 4332 tum
1994 4274 2204 4331 Filium
2251 4273 2509 4341 dicebat,
2550 4280 2730 4348 atque
2775 4276 2891 4332 hoc
2936 4276 3070 4348 ipso
3115 4278 3459 4349 evangelica

1811 4365 1972 4421 dicto
2003 4363 2083 4420 ad
2112 4379 2234 4419 sum
2263 4363 2560 4419 haereseos
2587 4366 3136 4437 propugnationem
3165 4365 3462 4424 abuteba-

14 4472 17 4535 ξ
98 4458 155 4519 δὴ
204 4470 267 4534 τῇ
320 4467 467 4533 φωνῇ
515 4463 646 4533 πρὸς
692 4461 1029 4534 παράστασιν
1076 4468 1168 4520 τῆς
1217 4459 1405 4519 οἰκείας
1456 4459 1683 4530 αἱρέσεωι

1812 4458 1931 4511 tur.
1961 4452 2274 4509 Athanasii
2302 4467 2445 4523 ergo
2485 4452 2619 4526 ipsa
2647 4453 2832 4510 verba
2860 4456 3057 4511 Caesar
3080 4455 3145 4511 in
3188 4455 3462 4512 medium

14 4612 15 4617 η
98 4549 477 4623 ἀποχρώμενον
502 4590 523 4613 ,

608 4550 697 4608 τὰς
774 4548 967 4599 ἐκείνου
1052 4547 1308 4608 συλλαϐὰς
1387 4547 1459 4607 εἰς
1544 4551 1702 4619 μέσον

102 4648 348 4714 παρῆγε,
420 4640 555 4711 πρὸς
626 4634 832 4709 Ἀρειον
896 4635 1126 4708 λέγοντος
1195 4636 1356 4707 (37)’
1426 4656 1454 4685 ‹‹
1517 4637 1604 4695 Τίς
1677 4635 1704 4685 ὁ

103 4731 490 4793 memoratam;
564 4727 833 4802 ἄνθρωπος
905 4727 935 4785 ἦ
1016 4730 1141 4787 Θεὸς
1218 4730 1447 4797 Αόγος;
1527 4731 1707 4798 Αρειος

108 4817 228 4870 εἶπεν
257 4841 272 4851 -
349 4816 680 4890 Ἀνθρωπος.
740 4815 1046 4876 Ἀθανάσιος
1104 4812 1237 4868 εἶπεν
1272 4836 1283 4848 ·
1357 4814 1557 4867 Ούκοῦν
1617 4817 1707 4864 σόν

108 4906 207 4960 ἐςτι
259 4910 325 4958 τὸ
379 4913 575 4962 νοῆσαι
622 4903 822 4958 λοιπόν.
878 4902 1077 4978 ’Ἄρειος
1130 4900 1277 4957 εἷπε·
1340 4900 1708 4974 Κατελαϐὁμην

111 5015 194 5048 σου
251 4999 344 5048 τὸν
404 5002 525 5046 νοῦν
582 4992 630 5045 ἐν
679 5002 751 5065 τῷ
807 4992 940 5065 λόγῳ
995 4996 1199 5065 τούτῳ·
1252 4994 1369 5057 ὅτι,
1428 4998 1520 5043 τοῦ
1576 4996 1710 5043 Θεοῦ

111 5096 277 5158 Art-(ou
314 5091 599 5155 πανταχοῦ
644 5086 920 5157 παρόντος,
965 5077 1122 5140 δῆλον
1160 5082 1240 5134 ὅτι
1281 5076 1375 5133 διὰ
1400 5084 1495 5138 τὴν
1541 5080 1716 5153 σάρκα

114 5171 238 5228 εἶπεν
275 5217 289 5241 ,
351 5172 415 5225 Ὀ
498 5175 678 5246 Πατὴρ
741 5173 768 5223 ὁ
829 5170 1040 5244 πέμψας
1112 5174 1304 5243 μείζων
1378 5188 1477 5241 μου
1554 5166 1712 5237 ἐστι,

115 5268 201 5321 τήν
244 5259 592 5335 βαδίζουσαν
649 5266 740 5314 καὶ
795 5268 1065 5312 κοπιῶσαν
1120 5263 1211 5311 καὶ
1259 5256 1361 5311 ἀπὸ
1415 5260 1576 5310 τόπου
1644 5256 1718 5319 εἰς

207 5424 253 5458 ιτ
294 5424 319 5478 1
371 5421 508 5479 Cor.
545 5438 638 5493 xu,
695 5423 795 5478 27.

124 5494 169 5530 ³³
200 5493 347 5551 ibid.
386 5496 479 5551 13.

910 5420 1021 5474 ³⁸1
1068 5422 1197 5477 Cor.
1249 5433 1325 5486 VI,
1383 5421 1474 5475 i5.

197 5655 302 5727 (36)
340 5653 498 5711 Edit.
525 5651 850 5711 Montfauc.
879 5653 924 5709 t.
948 5651 1088 5724 VIII,
1112 5666 1174 5723 p.
1205 5650 1329 5721 153,
1363 5650 1487 5708 154.

1592 5417 1644 5452 ’9
1678 5418 1852 5475 Joan.
1908 5432 1999 5490 xv,
2061 5419 2121 5472 5.

1816 4542 2031 4611 attulit,
2075 4541 2368 4598 adversus
2414 4542 2617 4599 Arium
2658 4542 3066 4616 disputantis:
3111 4566 3133 4595 ι
3168 4545 3281 4611 Qui
3324 4544 3462 4602 fati-

1818 4639 1993 4703 gatus
2056 4637 2186 4697 est,
2253 4630 2517 4687 homone
2575 4647 2654 4688 an
2722 4635 2874 4689 Deus
2926 4633 3234 4690 Verbum?
3292 4634 3465 4691 Arius

1818 4722 2002 4779 dixit.
2036 4723 2244 4777 Homo.
2277 4720 2637 4776 Athanasius
2678 4719 2861 4777 dixit:
2893 4724 3084 4781 Tuum
3121 4723 3299 4793 igitur
3335 4723 3467 4793 jam

1819 4817 1910 4868 est
1944 4809 2290 4880 intelligere.
2337 4809 2531 4877 Arius,
2574 4808 2804 4883 inquit:
2854 4811 3119 4883 Percipio
3164 4810 3316 4883 quid
3364 4813 3468 4867 tuo

1820 4900 1937 4956 hoc
2004 4913 2297 4970 responso
2361 4897 2659 4969 intelligas
2708 4915 2724 4966 ;
2790 4914 3046 4972 nempe,
3112 4914 3253 4954 cum
3311 4898 3470 4954 Deus

1821 4987 2082 5044 Verbum
2111 4986 2337 5060 ubique
2368 4985 2544 5055 adsit,
2574 4986 2779 5060 palam
2816 5003 2947 5043 esse
2982 4987 3184 5059 ipsum
3224 4990 3472 5059 propter

1824 5093 2070 5134 carnem
2101 5075 2321 5132 dixisse
2350 5093 2364 5131 :
2394 5074 2576 5133 Pater
2603 5092 2785 5148 meus,
2816 5078 2924 5148 qui
2948 5077 3106 5132 misit
3133 5090 3246 5142 me,
3272 5078 3475 5149 major

1777 5173 1780 5176 ’
1825 5183 1918 5223 me
1943 5172 2047 5223 est.
2076 5167 2210 5221 Haec
2239 5162 2400 5220 enim
2430 5164 2815 5234 gradiebatur
2842 5169 2902 5220 et
2927 5163 3317 5235 fatigabatur,
3342 5167 3401 5222 et
3436 5178 3477 5222 a

1824 5255 1959 5313 loco
1987 5254 2051 5310 in
2077 5253 2281 5311 locum
2309 5252 2633 5323 migrabat.
2659 5255 2825 5310 Certe
2852 5251 2916 5308 id
2936 5256 3096 5311 recte
3127 5267 3192 5309 se
3215 5252 3418 5311 habet.
3443 5274 3475 5304 as

2233 5414 2282 5451 ³ο
2318 5414 2474 5471 Psal.
2535 5430 2646 5484 xxi,
2703 5416 2803 5470 23.
2921 5413 2966 5450 ⁸¹
3004 5414 3184 5476 Joan.
3241 5429 3324 5483 in,
3376 5416 3471 5473 l2.

1901 5647 2018 5719 (37)
2055 5645 2269 5706 Recole
2298 5661 2485 5722 supra
2509 5650 2636 5709 not.
2675 5650 2734 5707 7.
