4046 6310
629 351 728 416 231

627 570 777 635 dum
804 569 1075 626 divinam
1105 566 1503 624 substantiam
1530 566 1659 624 haec
1687 566 1985 625 Christum
2022 582 2274 640 passum

626 660 832 725 fuisse,
854 657 961 715 sed
982 657 1315 715 secundum
1336 672 1522 729 quam
1542 655 1823 713 induerat
1843 672 2088 714 carnem
2105 659 2276 713 natu-

625 747 856 805 ralibus
896 747 1027 804 sine
1060 750 1310 820 peccato
1353 744 1682 802 obnoxiam
1719 745 2127 819 passionibus.
2165 747 2275 801 Ha-

625 837 876 910 buitque
916 836 980 893 in
1026 835 1121 893 his
1167 835 1639 892 consentientem
1684 834 1911 904 Arium,
1942 832 2276 891 conceden-

626 930 868 1000 temque
914 926 1211 998 majorem
1257 924 1376 982 dici
1413 927 1647 982 Patrem
1695 924 1923 981 Christo
1973 928 2274 997 quatenus

625 1015 809 1073 homo
856 1020 964 1072 est.
1017 1019 1185 1089 Aque
1230 1014 1371 1071 hinc
1414 1014 1612 1071 valide
1662 1014 1999 1087 invicteque
2037 1013 2275 1070 conclu-

625 1104 808 1163 debat
828 1106 1039 1174 Ceesar,
1062 1120 1455 1178 nequaquam
1480 1104 1561 1161 ad
1585 1103 1927 1176 generalem
1956 1103 2275 1162 hominum

624 1200 907 1253 naturam
953 1194 1225 1252 retulisse
1274 1210 1569 1265 magnum
1621 1194 2017 1252 Athanasium
2065 1193 2277 1253 Christi

624 1283 890 1342 dictum:
921 1284 1106 1341 Pater
1127 1286 1328 1355 major
1355 1290 1463 1343 est.
1496 1282 1609 1350 Qui
1638 1282 1800 1340 enim
1843 1283 1972 1340 ﬁeri
2018 1286 2275 1356 poterat.

624 1377 692 1430 ut
720 1372 1104 1430 adversarius
1143 1373 1317 1430 Arius
1345 1373 1409 1428 in
1437 1372 1531 1429 his
1571 1371 1753 1429 rebus
1783 1372 2190 1442 acutissimus,
2220 1374 2278 1427 et

622 1463 686 1520 in
711 1462 1093 1520 sermonibus
1117 1461 1478 1519 ventilandis
1508 1461 1952 1529 solertissimus,
1974 1465 2279 1535 pateretur

623 1570 918 1625 magnum
972 1553 1137 1609 hunc
1182 1552 1377 1609 virum
1427 1552 1503 1609 de
1554 1552 1672 1609 alio
1728 1552 2042 1610 individuo
2087 1552 2274 1627 loqui,

624 1658 819 1716 eoque
868 1646 1103 1698 Patrem
1157 1641 1352 1697 dicere
1411 1641 1706 1713 majorem
1748 1658 1762 1698 :
1818 1641 1968 1698 dum
2018 1641 2147 1715 ipse
2201 1641 2277 1698 de

627 1732 856 1789 Christo
885 1734 1198 1804 quaereret,
1232 1734 1412 1803 atque
1439 1731 1556 1788 hoc
1587 1731 1898 1802 Unigenito
1937 1731 2160 1787 diceret
2190 1746 2277 1787 se-

1964 351 2232 414 NICETE
2276 350 2650 411 CHONIATE

626 485 819 555 Atque
845 479 929 538 ita
955 477 1317 538 Athanasius
1346 476 1871 551 interpretabatur,
1902 491 2029 534 non
2057 492 2268 536 secun-

2383 481 2540 533 τόπον
2617 478 2785 552 ἕτερον
2863 479 3234 552 πορευομένην.
3302 476 3536 542 Ἀληθῶς
3611 477 3773 555 ὀρθῶς

3876 498 4022 553 εχει

2384 575 2557 624 τοῦτο.
2611 570 2711 620 Καὶ
2752 565 2887 619 οὕτω
2933 570 3004 640 μὴ
3052 570 3187 620 κατὰ
3230 571 3327 628 τὴν
3380 571 3518 623 θείαν
3576 568 3759 623 ὀύσίαν
3805 576 4022 623 ταῦτα

2383 658 2563 709 παθεῖν
2626 658 2714 709 τὸν
2774 659 3001 730 Χριστόν
3057 655 3466 732 έρμηνεύοντος,
3538 656 3665 711 ἀλλά
3740 658 3873 712 καθ’
3952 659 4022 718 ἣν

2383 745 2591 820 ἐφόρεσε
2651 747 2823 821 σάρκα
2871 753 2975 807 τοῖς
3027 754 3266 819 φυσικοῖς
3320 753 3409 801 καὶ
3465 745 3804 810 ἀδιαϐλήτοις
3860 750 4022 802 {arm

2383 838 2618 899 κειμένην
2668 836 2880 900 πάθεσι,
2929 838 3020 887 καὶ
3076 842 3256 889 τοῦτον
3313 832 3382 895 δὴ
3449 840 3536 891 τόν
3591 836 3794 913 ⁸Ἀρειον
3864 856 4022 890 συν·-

2385 923 2524 977 ιέντα
2593 931 2693 976 τῶν
2768 922 3046 997 λεγομένων
3123 927 3331 998 ἔχοντος
3363 969 3377 994 ,
3452 930 3542 981 καὶ
3612 928 3670 980 τό
3759 926 4022 1000 μείζονα

2380 1011 2623 1085 λέγεσθαι
2666 1015 2754 1066 τὸν
2800 1016 3008 1089 Πατέρα
3055 1015 3125 1077 ὡς
3166 1012 3438 1090 ἀνθρώπου
3467 1022 3558 1069 τοῦ
3599 1015 3703 1078 ένὸς
3736 1023 4022 1093 Χριστοῦ

2386 1104 2740 1176 συντιθέμενον
2773 1122 2788 1137 ο
2846 1100 3116 1156 κάντεῦθεν
3195 1101 3582 1178 ἀναμφιλέκτως
3653 1110 3744 1160 καὶ
3813 1105 4022 1179 ἰσχυ-

2382 1199 2487 1267 ρῶς
2548 1190 2842 1268 έπεπέραινε
2913 1195 2985 1265 μὴ
3065 1193 3202 1246 κατά
3260 1197 3356 1253 τὴν
3419 1197 3596 1254 κοινὴν
3657 1196 3814 1268 φύσιν
3891 1203 4022 1247 τῶν

2385 1278 2664 1355 ἀνθρώπων
2728 1280 2892 1353 λέγειν
2969 1283 3057 1335 τόν
3135 1284 3297 1355 μέγαν
3361 1283 3670 1337 Ἀθανάσιον
3733 1283 4022 1358 εἰρῆσθαι

2382 1370 2527 1444 παρά
2572 1375 2665 1422 τοῦ
2717 1376 2956 1444 Χριστοῦ
3005 1372 3094 1423 τόν
3151 1375 3358 1446 Πατέρα
3409 1372 3658 1446 μείζονα·
3711 1380 3828 1437 πῶς
3884 1376 4022 1449 γὰρ

2384 1457 2445 1511 ἂν
2483 1462 2574 1512 καὶ
2623 1459 2651 1511 ό
2697 1456 3186 1532 ἀντικαθιστάμενος
3230 1465 3432 1537 Ἀρειος
3485 1470 3586 1515 τῶν
3633 1467 3749 1539 περὶ
3814 1464 4022 1519 ταῦτ-εὶ

2384 1566 2439 1600 τε
2501 1548 2779 1620 τυγχάνων
2837 1544 3053 1621 δεινῶν,
3122 1554 3211 1603 καὶ
3278 1549 3630 1624 ἀκριϐολογεῖν
3694 1548 3853 1614 εἰδὼς
3934 1556 4022 1606 τὰ

2383 1636 2630 1710 λεγόμενα
2663 1680 2677 1703 ,
2742 1640 2830 1691 τόν
2889 1643 3051 1711 μέγαν
3110 1648 3291 1693 τοῦτον
3351 1637 3524 1717 ἄνδρα
3584 1638 3795 1706 ἐδέξατο
3862 1648 4022 1719 περὶ

2386 1725 2560 1801 ἐτέρου
2618 1724 2812 1799 ἀτόμου
2872 1722 3232 1800 διαλεγόμενον
3259 1770 3274 1797 ,
3329 1726 3566 1783 κάκείνου
3625 1730 3844 1803 λέγοντα
3905 1736 4022 1786 τὸν

626 1820 895 1876 cundum
930 1835 1104 1876 suam
1145 1824 1428 1876 naturam
1470 1822 1702 1876 Patrem
1740 1820 2080 1892 majorem?
2116 1823 2268 1876 Tunc

2387 1819 2595 1891 Πατέρα
2656 1816 2915 1889 μείζονα,
2980 1816 3007 1868 ό
3063 1822 3181 1889 περὶ
3240 1825 3477 1893 Χριστοῦ
3539 1819 3831 1889 συζητῶνς
3906 1826 4022 1874 καὶ

628 1908 791 1964 enim
818 1908 980 1964 idem
1009 1907 1310 1965 evenisset
1339 1923 1409 1964 ac
1439 1907 1492 1964 si
1531 1907 1634 1975 illi,
1674 1908 1781 1981 qui
1825 1908 2007 1965 falces
2045 1912 2276 1982 petunt,

627 1995 1003 2068 audiuntque
1033 1995 1147 2052 sibi
1168 1995 1399 2067 ligones
1419 1996 1725 2067 denegari,
1747 1996 1998 2053 minime
2027 1995 2093 2052 id
2122 2011 2278 2067 aegre

627 2083 864 2142 ferrent.
900 2084 1013 2142 Sed
1061 2099 1257 2158 neque
1302 2084 1470 2141 aliter
1504 2086 1754 2141 Nicaeum
1802 2085 2012 2158 primae
2060 2083 2280 2156 synodi

626 2176 849 2239 Patres,
876 2173 995 2230 Arii
1043 2173 1225 2244 hujus
1268 2172 1559 2230 adversus
1602 2173 1977 2243 unigenitum
2015 2173 2278 2231 Verbum

624 2262 928 2331 haeresim,
959 2278 1095 2334 qua
1121 2262 1200 2317 ab
1231 2276 1303 2317 eo
1328 2276 1553 2317 nomen
1579 2261 1886 2333 contraxit,
1919 2261 2280 2319 refutassent

626 2350 698 2421 (is
726 2350 888 2406 enim
931 2350 1126 2406 Verbo
1171 2348 1505 2405 secundum
1534 2349 1805 2405 divinam
1834 2350 1963 2421 ejus
1997 2349 2274 2407 substan-

625 2439 770 2495 tiam
821 2437 1331 2494 accommodabat
1386 2437 1722 2493 dictiones:
1775 2439 2018 2495 Creavit
2068 2454 2181 2510 me,
2221 2442 2279 2495 et

620 2527 886 2583 Fidelem
926 2528 981 2583 ei
1005 2528 1113 2597 qui
1139 2541 1199 2583 se
1238 2527 1399 2596 fecit,
1433 2531 1492 2582 et
1533 2528 1880 2596 Apostolum
1921 2543 1993 2584 ac
2033 2529 2276 2598 pontiﬁ-

624 2631 748 2671 cem
792 2616 1171 2688 confessionis
1221 2615 1496 2687 nostrw);
1537 2615 1651 2671 nisi
1691 2616 1990 2688 ejusmodi
2026 2616 2276 2673 locutio-

623 2719 732 2760 nes
762 2704 840 2760 ad
880 2704 1092 2759 Christi
1138 2704 1578 2760 humanitatem
1608 2704 1963 2761 retulissent.
2009 2708 2157 2761 Nam
2200 2705 2276 2761 de

623 2793 831 2850 divina
870 2798 1087 2849 natura
1131 2793 1416 2865 scriptum
1454 2793 1959 2866 pronuntiarunt:
1996 2796 2064 2851 In
2111 2796 2278 2865 prin-

625 2884 780 2953 cipio
835 2888 969 2940 erat
1039 2883 1289 2939 Verbum
1318 2896 1341 2953 ,'
1392 2888 1494 2939 et:
1553 2884 1682 2955 Ego
1740 2890 1794 2940 et
1850 2884 2031 2942 Pater
2085 2899 2273 2941 unum

623 2989 847 3039 sumus,
876 2975 931 3028 et
957 2988 1093 3045 quas
1118 2972 1213 3028 his
1243 2977 1384 3028 sunt
1412 2972 1649 3029 similia.

2385 1906 2571 1957 τούτου
2619 1905 2685 1965 ὡς
2745 1911 3044 1978 μονογενοῦς
3094 1907 3220 1959 Υὶοῦ
3275 1909 3407 1960 κατά
3459 1911 3555 1968 τὴν
3606 1911 3760 1981 φύσιν
3823 1907 4022 1983 λέγων

2389 1989 2516 2046 εἶναι
2582 1995 2670 2045 τόν
2735 1995 2943 2068 Πατέρα
3006 1994 3276 2067 μείζονα;
3343 1998 3541 2049 Ταυτὸν
3603 1998 3705 2072 γὰρ
3774 1996 3843 2050 ἃν
3941 1996 4022 2058 ἦν

2384 2088 2491 2144 τοῖς
2555 2082 2691 2134 κατά
2749 2086 2845 2141 τὴν
2917 2088 3202 2158 παροιμίαν
3262 2084 3400 2158 οἴμας
3463 2088 3554 2158 μεν
3621 2086 3960 2148 ἐκζητοῦσιν
3996 2133 4019 2161 ,

2386 2169 2772 2246 ἀπαρνουμένας
2857 2167 2917 2225 δὲ
2998 2173 3087 2233 τὰς
3173 2174 3377 2246 σκάφας
3437 2175 3760 2248 μανθάνουσι
3822 2177 3960 2251 (38)
3996 2221 4018 2248 ,

2385 2264 2477 2312 καὶ
2535 2262 2607 2331 μὴ
2672 2261 2803 2332 πρὸς
2864 2263 2958 2318 τὴν
3017 2257 3293 2335 ἀπόκρισιν
3361 2254 3811 2338 δυσχεραίνουσιν
3849 2285 3865 2298 ·
3938 2264 4016 2318 οὗ

2385 2351 2488 2420 μὴν
2551 2346 2660 2400 ἀλλ’
2718 2344 2842 2401 οὐδὲ
2905 2347 3071 2412 ἄλλως
3132 2351 3182 2403 οἱ
3244 2356 3341 2413 τῆς
3404 2349 3454 2403 ἐν
3512 2356 3710 2426 Νικαίᾳ
3767 2358 4018 2427 πρώτης

2388 2433 2612 2490 συνόδου
2691 2444 2764 2508 τῷ
2829 2436 3008 2511 Ἅρείῳ
3088 2441 3253 2511 τούτῳ
3325 2444 3420 2500 τὴν
3489 2440 3770 2516 ἐπωνύμως
3853 2444 4021 2498 κατὰ

2384 2533 2478 2579 τοῦ
2537 2534 2838 2598 μονογενοῦς
2899 2532 3074 2599 Λόγου
3138 2533 3327 2603 μανίαν
3391 2529 3836 2608 ἐναπεκρούσαντο
3909 2535 4015 2608 (τῇ

2384 2619 2571 2668 τούτου
2636 2617 2923 2671 ὑποστάσει
2987 2619 3124 2671 κατά
3187 2623 3281 2678 τὴν
3359 2621 3496 2674 θείαν
3574 2621 3755 2675 ούσίαν
3823 2643 4019 2699 προσ-

2384 2707 2636 2766 άπτοντος
2695 2710 2789 2765 τὴν
2838 2713 2927 2759 τοῦ
2953 2749 2967 2776 ,
3031 2706 3241 2761 ’Ἐκτισέ
3304 2728 3405 2782 με,
3468 2714 3675 2784 φωνην,
3736 2716 3832 2765 καὶ
3898 2719 4016 2773 τήν

2383 2802 2493 2865 τοῦ,
2560 2796 2755 2847 Πιστόν
2819 2802 2891 2866 τῷ
2957 2799 3240 2854 ποιήσαντι
3304 2796 3480 2865 αύτόν,
3547 2805 3637 2852 καὶ
3700 2804 3794 2860 τὴν
3868 2811 4013 2871 τοῦ,

2383 2885 2480 2935 Τόν
2530 2881 2812 2936 ἀπόστολον
2860 2887 2950 2936 καὶ
2996 2884 3248 2959 ἀρχιερέα
3296 2893 3391 2950 τῆν
3439 2886 3719 2961 ὁμολογίας
3763 2890 3956 2963 ἡμῶν)
3989 2912 4009 2928 ο

2385 2971 2428 3024 εἰ
2455 2975 2527 3044 μὴ
2558 2975 2653 3035 τάς
2694 2976 2935 3034 τοιαύτας
2965 2978 3132 3046 φωνὰς
3177 2984 3250 3048 τῷ
3287 2983 3379 3030 τοῦ
3409 2985 3644 3052 Χριστοῦ
3672 2975 4009 3054 ἀνθρωπίνῳ

625 3058 898 3134 ἀπένειμαν
927 3082 940 3095 ·
981 3065 1101 3134 περὶ
1145 3062 1247 3136 γάρ
1290 3068 1385 3122 τῆς
1438 3062 1574 3122 θείας
1613 3064 1807 3135 φύσεως
1843 3064 1924 3131 τό,
1970 3062 2048 3115 Ἐν
2089 3059 2231 3137 ἀρχῇ
2285 3057 2346 3133 ᾖν
2385 3060 2410 3112 ὁ
2454 3064 2643 3134 Λόγος,
2684 3067 2990 3137 παρήγαγον
3015 3084 3027 3098 ·
3073 3068 3163 3117 καὶ
3204 3068 3285 3132 τό,
3335 3064 3465 3139 Ἐγώ
3501 3070 3592 3120 καὶ
3638 3068 3665 3120 ὁ
3705 3072 3899 3145 Πατὴρ
3947 3072 4006 3124 ἓν

622 3150 773 3223 ἐσμεν
797 3172 810 3184 ·
852 3154 942 3203 καὶ
979 3151 1080 3203 ὅσα
1116 3152 1322 3211 τούτοις
1357 3154 1642 3223 παρόμοια.

692 3242 779 3295 38.
824 3240 967 3295 Huic
1025 3239 1256 3312 optimo
1312 3255 1384 3295 ac
1434 3244 1746 3312 tantopere
1801 3239 2268 3296 demonstrativo

2450 3237 2547 3298 λη’.
2593 3240 2711 3295 Ἐπί
2761 3238 2819 3295 δὲ
2860 3249 2932 3313 τῷ
2980 3244 3198 3316 τοιούτῳ
3246 3242 3445 3320 ἀρίστῷ
3487 3249 3579 3298 καὶ
3625 3241 4005 3322 ἀποδεικτικῳ

620 3332 997 3397 argumento,
1024 3327 1203 3383 aliam
1234 3344 1477 3400 quoque
1506 3328 1722 3399 adjecit
1749 3328 2040 3384 miriﬁcus
2071 3330 2271 3385 Caesar

620 3416 1165 3480 conﬁrmationem,
1188 3416 1601 3485 restringendo
1627 3416 1848 3472 scilicet
1877 3432 1946 3472 ac
1977 3416 2270 3473 subtiliter

619 3504 976 3576 explicando
1022 3508 1366 3559 sanctorum
1394 3504 1573 3566 dicta,
1607 3509 1673 3560 ut
1700 3509 2058 3576 opportune,
2092 3509 2271 3577 prout

616 3608 727 3666 par
743 3597 869 3647 erat
889 3591 1071 3649 intelli
1080 3599 1377 3662 gerentur.
1396 3593 1487 3649 Sic
1507 3593 1667 3649 enim
1686 3592 1901 3649 aiebat.
1919 3596 2065 3650 Cum
2084 3593 2269 3667 aliqui

618 3686 940 3739 occurrunt
963 3680 1235 3737 Ecclesiae
1260 3681 1603 3737 defensores
1631 3681 1831 3738 Patres
1862 3682 2087 3737 dictum
2118 3682 2267 3738 illud

617 3770 981 3843 eXplicantes
1015 3770 1352 3826 secundum
1382 3770 1545 3843 quod
1578 3772 1742 3825 Pater
1772 3786 1956 3827 causa
1982 3775 2074 3827 est
2102 3770 2267 3827 caele-

620 3861 726 3917 stis
757 3860 1101 3930 nativitatis,
1133 3860 1195 3916 hi
1221 3865 1363 3916 tunc
1401 3860 1473 3915 de
1503 3860 1791 3929 unigeniti
1819 3860 1945 3916 Filii
1991 3861 2092 3917 Dei
2137 3876 2267 3933 per-

617 3965 770 4007 sona
821 3948 1153 4020 theologica
1190 3947 1253 4005 id
1299 3949 1526 4015 dicunt,
1556 3955 1618 4005 ut
1646 3947 2132 4006 adversariorum
2158 3966 2265 4007 ora

615 4040 955 4111 occludant,
984 4040 1087 4112 qui
1117 4037 1513 4096 differentiam
1544 4039 1605 4094 in
1638 4053 1821 4095 unam
1861 4040 2261 4112 eamdemque

614 4135 895 4185 naturam
944 4128 1271 4194 invehunt;
1302 4129 1431 4201 ipsi‘
1465 4133 1664 4185 autem
1714 4131 1911 4185 Patres
1957 4128 2264 4185 afﬁrmant

613 4219 778 4274 haud
801 4216 1037 4274 differre
1077 4235 1114 4274 a
1152 4223 1401 4291 paterna
1447 4217 1569 4274 Filii
1617 4223 1934 4285 naturam;
1968 4234 2165 4291 neque
2199 4218 2261 4274 in

612 4305 807 4377 gradu
828 4306 1057 4375 majore
1080 4309 1310 4363 Patrem
1332 4306 1570 4376 versari,
1591 4308 1766 4378 quasi
1786 4307 2133 4362 substantias
2156 4323 2261 4362 seu

610 4400 841 4450 naturze
880 4394 1103 4451 habeat
1144 4395 1562 4451 differentiam.
1605 4395 1719 4451 Sed
1764 4394 2046 4467 quamvis
2092 4398 2262 4451 Pater

611 4482 844 4539 dicatur
889 4484 1085 4554 major
1108 4499 1143 4539 a
1177 4482 1337 4552 Filio,
1369 4482 1431 4538 id
1474 4488 1674 4538 tamen
1700 4482 1928 4539 dictum
1958 4483 2261 4556 sempiter-

2381 3336 2472 3381 τοῦ
2531 3328 2688 3401 λόγου
2764 3329 3136 3405 ἐπιχειρήματι
3200 3337 3288 3386 καὶ
3359 3334 3554 3393 ταύτην
3618 3336 3645 3387 ὁ
3715 3337 4003 3401 θειότατος

2380 3413 2608 3491 ἐπήγαγε
2671 3417 2922 3492 βασιλεὺς
2984 3425 3076 3479 τὴν
3135 3423 3216 3475 ἐπὶ
3277 3430 3383 3484 τοῖς
3441 3427 3793 3497 προκειμένοις
3857 3447 4004 3500 συγ-

2378 3512 2664 3581 κρότησινσ
2727 3509 3120 3562 καταλεπτύνων
3184 3512 3289 3564 οἷον
3350 3514 3440 3565 καὶ
3510 3513 3833 3586 ἰσχνολογῶν
3892 3520 4004 3580 τὰς

2376 3604 2473 3648 τῶν
2527 3596 2687 3668 ἁγίων
2745 3599 2913 3670 φωνὰς
2968 3600 3103 3660 ὅπως
3157 3602 3292 3651 κατά
3347 3604 3527 3677 καιρόν
3566 3605 3631 3663 ὡς
3682 3599 3789 3655 ἔδει
3846 3623 4003 3678 παρ-

2377 3685 2739 3759 ελαμϐάνοντο.
2794 3686 2938 3761 Ὅτε,
2985 3691 3108 3763 γὰρ,
3160 3692 3394 3762 ἔφασκεν,
3447 3690 3775 3766 εὑρίσκονται
3841 3712 3999 3758 τινες

2374 3784 2471 3828 τῶν
2528 3784 2622 3839 τῆς
2678 3777 2985 3839 Ἐκκλησίας
3037 3779 3357 3853 ὑπερμάχων
3426 3782 3664 3854 Πατέρων
3718 3783 3814 3840 τὴν
3872 3802 3999 3837 τοι·

2376 3866 2535 3923 αύτην
2574 3870 2742 3936 φωνὴν
2789 3868 2923 3919 κατά
2967 3869 3024 3918 τό
3064 3868 3229 3919 αἴτιον
3275 3874 3366 3928 τῆς
3408 3866 3647 3922 ἀνωτάτω
3682 3872 3995 3941 γεννήσεως

2375 3947 2724 4027 ἐξηγούμενοι,
2775 3960 2889 4007 τότε
2932 3952 3000 4014 δὴ
3055 3956 3169 4030 περὶ
3212 3962 3309 4017 τῆς
3359 3964 3451 4009 τοῦ
3495 3965 3799 4030 μονογενοῦς
3844 3961 3989 4013 Υἱοῦ

2372 4050 2464 4095 τοῦ
2509 4051 2641 4097 Θεοῦ
2671 4045 3010 4106 ὑποστάσεως
3042 4044 3394 4117 θεολογοῦντες
3433 4053 3585 4099 τοῦτο
3616 4042 3985 4120 διδάσκουσι,

2370 4135 2488 4193 τοὺς
2563 4129 2984 4207 ἐτεροδοξοῦντας
3039 4132 3501 4206 ἐπιστομίζοντες,
3561 4132 3814 4211 διαφορὰν
3885 4139 3985 4191 ἐπὶ

2369 4228 2461 4281 τῆς
2507 4228 2630 4293 μιᾶς
2696 4221 2857 4284 αὐτῆς
2904 4222 3205 4294 εἰσάγοντας
3257 4224 3493 4295 φύσεως·
3543 4227 3632 4277 καὶ
3689 4220 3987 4289 ἀποδεῖξαι

2372 4307 2677 4382 βουλόμενοι
2705 4307 2871 4383 μηδέν
2917 4331 2970 4363 τι
3017 4314 3151 4364 κατὰ
3180 4313 3335 4384 φύσιν
3383 4318 3475 4365 τοῦ
3506 4317 3711 4385 Πατρός
3757 4310 3984 4369 ditata:-

2372 4399 2497 4451 σθαι
2532 4403 2618 4452 τόν
2657 4402 2795 4468 Υὶόν,
2825 4396 2964 4474 μηδὲ
3009 4403 3094 4453 τόν
3137 4401 3353 4475 μείζονα
3393 4401 3581 4475 κλῆρον
3627 4399 3831 4475 ἐπέχειν
3883 4406 3983 4457 τόν

2371 4493 2577 4561 Πατέρα
2618 4485 2712 4541 du}.
2758 4492 2815 4542 1'6
2855 4499 2946 4551 τῆς
2992 4489 3171 4551 ούσίας
3219 4493 3381 4543 εἶτουν
3423 4493 3619 4563 φύσεως
3666 4489 3715 4542 ἐν
3761 4494 3982 4556 τούτοις

610 4585 758 4628 nam
797 4572 1068 4642 orginem
1109 4588 1497 4644 causamque,
1528 4572 1589 4627 id
1642 4577 1733 4629 est
1778 4573 1856 4628 ad
1894 4573 2260 4629 ineffabilem

2377 4572 2638 4652 διάφορον.
2691 4575 2826 4631 Ἀλλ’
2874 4578 2918 4631 εἰ
2967 4584 3057 4632 καὶ
3100 4578 3284 4632 ἑαυτοῦ
3333 4579 3524 4652 μείζων
3580 4582 3784 4652 εἴρηται
3823 4585 3983 4654 παρά

609 4661 1216 4733 inexplicabilemquo
1258 4663 1723 4733 generationem,
1767 4662 2045 4733 referunt,
2078 4663 2261 4719 veluti

606 4751 687 4807 ‘de
722 4749 1031 4821 unigenito
1061 4750 1199 4805 Filio
1236 4749 1336 4805 Dei
1365 4751 1755 4822 personaliter
1783 4751 2127 4824 eloquentes
2157 4770 2170 4821 ;
2203 4757 2262 4809 et

613 4840 695 4895 sic
716 4840 891 4895 unice
910 4843 1054 4894 tunc
1074 4839 1521 4908 intelligendam
1545 4840 1863 4897 dictionem
1896 4841 2081 4898 aiunt.
2111 4843 2259 4900 Cum

610 4932 813 4985 autem
859 4926 1148 4997 unigeniti
1194 4928 1373 4983 Verbi
1426 4929 1899 4985 incarnationem
1959 4937 2256 5003 spectant,

609 5023 788 5091 atque
818 5018 895 5075 ad
922 5008 1273 5089 conjunctas
1301 5017 1613 5074 inconfuse
1643 5024 1888 5075 naturas
1918 5036 2258 5079 sermonem

606 5112 1323 5180 convertunt,earumque
1345 5107 1743 5164 differentiam
1764 5108 2011 5165 deﬁnire
2026 5110 2253 5183 volunt,

602 5200 746 5252 tunc
777 5196 989 5252 Christi
1027 5212 1271 5269 quoque
1300 5195 1660 5253 humanitati
1708 5199 1867 5253 hanc
1896 5198 2256 5257 locutionem

602 5284 1090 5340 accommodant.
1117 5287 1362 5355 Magnus
1388 5285 1565 5355 igitur
1592 5285 1907 5356 theologus
1941 5289 2254 5359 Gregorius

601 5373 698 5429 hic
745 5373 807 5428 in
854 5373 1125 5429 medium
1168 5374 1601 5444 proferebatur,
1647 5376 1753 5449 qui
1806 5382 1941 5449 post
1991 5379 2253 5450 priorem

598 5459 1152 5533 interpretationem
1186 5464 1521 5520 secundum
1550 5482 1800 5521 causam
1828 5466 2046 5524 divina:
2077 5452 2252 5539 gene:

599 5550 866 5620 rationis,
896 5550 1055 5607 hanc
1096 5566 1340 5625 quoque
1369 5553 1589 5626 adjecit
1615 5572 1628 5612 :
1662 5554 1814 5613 Nam
1857 5555 2053 5615 dicere
2083 5557 2250 5629 quod

673 5656 785 5732 (3S)
823 5657 1041 5718 Zenob.
1074 5659 1362 5733 proverb.
1385 5677 1425 5736 1,
1458 5663 1547 5723 83.

2368 4675 2459 4718 τοῦ
2498 4669 2623 4720 Υἰοῦ
2675 4668 2701 4719 ό
2750 4672 2954 4743 Πατὴρ,
2993 4671 3119 4742 πρὸς
3162 4669 3395 4743 ἄναρχον
3434 4668 3610 4743 ἀρχὴν
3647 4673 3736 4721 καὶ
3768 4671 3974 4740 αἰτίαν,

2367 4760 2607 4808 τουτέστι
2666 4761 2759 4815 τὴν
2815 4756 3038 4833 ἄρρητον
3093 4760 3374 4830 γέννησιν,
3420 4760 3478 4810 τὸ
3549 4765 3747 4811 τοιοῦτο
3807 4757 3977 4833 ῥητόν

2369 4841 2727 4918 ἀναφέρουσιν,
2758 4849 2827 4909 ὡς
2873 4851 2991 4919 περὶ
3037 4855 3129 4899 τοῦ
3168 4852 3470 4920 μονογενοῦς
3517 4848 3644 4901 Υὶοῦ
3688 4854 3782 4899 τοῦ
3831 4853 3978 4902 Θεοῦ

2368 4933 2735 4996 ύποστατικῶς
2786 4938 2871 4987 τόν
2936 4933 3085 5008 λόγον
3149 4932 3436 5009 ἐκφέροντες
3478 4957 3490 4969 ο
3552 4934 3613 4988 ού
3673 4940 3848 5009 μέντοι
3912 4933 3979 4993 δε

2366 5026 2456 5074 καὶ
2506 5026 2638 5075 κατά
2691 5024 2886 5082 ταύτην
2945 5028 3104 5096 μόνην
3161 5021 3445 5096 ἐπάγουσιν
3494 5024 3654 5082 αὐτὴν
3703 5022 3977 5095 ἐκλαμϐά-

2365 5112 2565 5167 νεσθαι.
2619 5109 2742 5165 Ὅτε
2799 5109 2858 5165 δὲ
2914 5117 2996 5166 τόν
3048 5119 3294 5186 μονογενῆ
3353 5116 3519 5185 Λόγον
3574 5116 3978 5186 σεσαρκωμένον

2369 5201 2569 5275 θεωρεῖν
2633 5203 2824 5274 ἔχουσι
2884 5205 2975 5255 καὶ
3034 5205 3159 5276 πρὸς
3221 5204 3317 5263 τὰς
3380 5200 3430 5254 ἐν
3498 5201 3637 5274 αύτῳ
3699 5203 3978 5274 ἡνωμένας

2366 5288 2683 5362 ἀσυγχύτως
2749 5292 2931 5363 φύσεις
2986 5298 3330 5364 χειραγωγεῖν
3393 5293 3479 5343 τόν
3542 5288 3696 5360 λόγον
3761 5288 3977 5363 ἐπιχει-

2360 5387 2514 5456 ροῦσι
2561 5384 2652 5433 καὶ
2706 5376 3012 5455 διευκρινεῖν
3061 5382 3118 5432 τὸ
3167 5378 3214 5431 ἐν
3266 5381 3479 5440 ταύταις
3536 5375 3808 5452 διάφορον,
3851 5385 3978 5437 τότε

2360 5472 2448 5521 καὶ
2498 5477 2560 5542 τῇ
2621 5467 2669 5520 ἐν
2725 5477 2796 5540 τῷ
2855 5475 3071 5542 Χριστῷ
3129 5466 3493 5542 ἀνθρωπότητι
3555 5473 3650 5529 τὴν
3714 5470 3974 5529 τοιαύτην

2361 5561 2529 5632 φωνὴν
2584 5558 3067 5634 προσαρμόζουσιν.
3119 5556 3178 5612 ’0
3233 5560 3414 5631 μέγας,
3469 5552 3557 5613 οὖν
3609 5555 3658 5611 ἐν
3726 5555 3975 5636 θεολογίᾳ
