4046 6310
70 300 156 355 233

1389 294 1737 357 THESAURI
1798 293 1927 349 LIB.
1966 296 2117 351 XXV.

3327 305 3434 360 234

70 427 351 498 Γρηγόριος
376 422 612 477 ἐντεῦθεν
634 424 706 487 εἰς
736 429 891 496 μέσον
916 430 1181 498 παρήγετο
1209 426 1341 497 μετά
1370 427 1463 482 την
1488 425 1672 497 προτέ-

1811 420 2044 491 Ihristo,
2073 427 2371 495 quatenus
2402 424 2588 480 homo
2613 423 2973 494 intelligitur,
3019 428 3191 498 pater
3241 428 3438 498 major

72 534 148 564 δεῖν
173 516 319 564 κατα
348 516 413 565 τό
436 516 609 565 αἴτιον
640 522 734 575 τῆς
763 516 902 576 θείας
928 519 1210 584 γεννήσεως
1231 513 1522 585 ἑρμηνείαν,
1556 511 1675 564 ἐπά-

68 624 157 673 γων
184 608 281 654 καὶ
310 610 493 655 ταῦτα
525 623 538 637 ·
573 627 600 652 ‹‹
626 607 698 656 Τὸ
727 606 829 678 γὰρ
856 601 925 662 δὴ
956 604 1120 675 λέγειν
1162 605 1242 656 ὃτι
1290 608 1383 655 τοῦ
1430 605 1565 655 κατά
1589 605 1676 653 τὸν

68 693 333 766 irrepet-1:93
360 696 652 764 νοουμένου
673 693 864 765 μείζων
896 690 1085 755 ἀληθες
1111 695 1224 765 μὲν,
1250 692 1308 745 ού
1340 696 1476 765 μέγα
1517 688 1552 745 δ
1555 695 1594 747 ί.
1618 695 1680 743 Τί

68 784 153 852 γὰρ
180 784 244 832 τὸ
268 783 616 853 θαυμαστόν,
652 781 696 834 εἰ
719 782 909 853 μείζων
931 780 1206 856 ἀνθρώπου
1234 786 1391 847 Θεό⁴ς;
1419 804 1446 832 ››
1472 780 1679 853 Ἐφεξῆς

69 865 117 921 9“:
128 874 223 922 καὶ
248 870 277 922 ὁ
299 877 373 929 τῆ
386 891 408 931 ς
426 869 746 945 παλαιτέροις
762 869 959 944 Ῥώμης
973 871 1267 943 ἁγιώτατος
1282 873 1494 931 πάπποις
1516 873 1656 923 Λέων
1663 915 1678 940 ,

67 956 181 1011 τάδε
200 955 599 1033 διαλαμϐάνων
621 981 634 994 ·
679 981 709 1012 ιι
759 964 899 1032 Δίχοι
1048 969 1139 1021 τῆς
1167 968 1257 1013 τοῦ
1308 965 1479 1033 Λόγου
1524 956 1681 1012 δυνά-

66 1067 184 1119 μεως
211 1047 316 1101 οὐκ
346 1047 415 1100 ἂν
447 1048 619 1121 ἔλεγεν
640 1050 671 1110 ἡ
707 1053 845 1122 φωνή
872 1058 967 1104 τοῦ
991 1053 1199 1126 Πατρός
1230 1048 1287 1113 ἐξ
1307 1049 1536 1124 οὐρανῶν
1566 1046 1677 1120 ἀφεν

69 1139 209 1190 Seis:
235 1138 427 1202 Οὗτός
455 1136 601 1191 ἐστιν
633 1139 660 1191 ὁ
689 1141 805 1201 Υἱός
832 1158 935 1212 μου
964 1141 990 1193 ὁ
1027 1138 1316 1212 ἀγαπητὸς,
1350 1137 1399 1191 ἕν
1429 1161 1469 1211 ῳ
1512 1134 1683 1197 ηὐδό-

68 1246 200 1283 ικσα
227 1249 242 1262 ο
278 1225 438 1300 δίχα
469 1224 534 1281 δε
556 1236 653 1290 τῆς
683 1226 926 1292 ἀληθείας
943 1236 1037 1283 τοῦ
1061 1234 1304 1302 σώματος
1332 1229 1426 1282 οὐκ
1447 1228 1506 1281 ἂν
1533 1242 1681 1301 προε-

70 1319 365 1392 βαρτύρετο
400 1317 669 1383 Ἰωάννης,
696 1314 810 1371 Ἴδε
829 1320 856 1370 ὁ
879 1319 1061 1391 Ἀμνός
1085 1326 1177 1371 τοῦ
1196 1326 1329 1372 Θεοῦ
1356 1319 1382 1370 ό
1412 1321 1571 1392 αἴρων
1591 1326 1684 1375 τῆν

70 1404 326 1480 ἁμαρτίαν
361 1414 461 1459 τοῦ
493 1411 701 1480 κόσμου
725 1424 739 1438 ⁸
775 1412 867 1459 καὶ
898 1404 1050 1467 αὖθις
1077 1408 1297 1470 ἕκαστος
1325 1410 1426 1459 τῶν
1452 1405 1685 1479 ἀνωτέρω

68 1501 586 1571 ιαταγεγροιμμένων
618 1499 883 1571 Πατέρων,
925 1497 995 1559 ὡς
1047 1499 1134 1550 οἷοι
1175 1504 1267 1549 τοῦ
1316 1495 1570 1570 βασιλέως
1601 1494 1687 1547 ἐπὶ

71 1584 312 1655 γλώσσης
346 1586 536 1660 ὥσπερ
564 1584 955 1661 ἐγγεγραμμένα
981 1588 1048 1638 τὰ
1071 1587 1279 1660 ῥήματα
1309 1589 1566 1659 φέροντος.

130 1691 230 1749 16".
264 1690 395 1743 Οὐκ
421 1692 636 1762 ἠρκεῖτο
662 1695 863 1754 τούτοις
890 1694 914 1744 ὁ
940 1691 1147 1767 ἀκάμας
1169 1698 1259 1745 καὶ
1289 1700 1442 1765 σῶμα
1461 1696 1549 1744 καὶ
1570 1698 1687 1743 νοῦν

1788 515 1877 566 est
1906 529 1918 577 ;
1947 528 2157 568 verum
2191 513 2249 568 id
2290 513 2558 586 quidem,
2588 514 2694 569 sed
2736 530 2858 569 non
2907 531 3220 585 magnum.
3283 516 3438 583 Quid

1789 598 1949 655 enim
1982 601 2222 671 mirum,
2252 602 2300 657 si
2333 602 2529 674 major
2547 602 2790 659 homine
2816 603 2969 659 Deus
2995 602 3127 659 est?
3152 607 3441 662 Praeterea

1789 689 2038 745 senioris
2069 707 2313 764 quoque
2336 694 2536 748 Romee
2568 692 2987 749 sanctissimus
3027 710 3186 767 papa
3220 698 3333 751 Leo
3363 694 3439 751 de

1787 777 1902 833 hoc
1932 779 2090 835 dicto
2116 780 2489 838 edisserens:
2524 782 2658 839 Sine
2683 781 2874 849 Verbi,
2918 782 3130 854 inquit,
3175 785 3443 855 potentia
3523 811 3535 827 ι

1791 880 1913 923 non
1940 867 2160 925 diceret
2184 887 2301 926 vox
2336 872 2516 927 Patris
2542 872 2732 928 missa
2760 871 2835 927 de
2863 871 3031 937 coelo,
3063 873 3181 929 Hic
3225 880 3307 929 est
3340 874 3442 930 Fi-

1791 958 1910 1012 lius
1936 974 2097 1014 meus
2128 960 2381 1016 dilectus
2407 963 2469 1016 in
2500 976 2616 1033 quo
2646 960 2794 1017 mihi
2821 961 2962 1018 bene
3001 962 3339 1031 eomplacui
3376 965 3446 1018 Et

1792 1045 1918 1101 sine
1959 1047 2193 1104 veritate
2251 1050 2448 1105 carnis
2487 1065 2609 1105 non
2657 1054 3087 1120 protestaretur
3127 1053 3392 1107 Joannes
3426 1068 3441 1106 :

1796 1135 1945 1191 Ecce
1972 1138 2184 1207 Agnus
2214 1138 2323 1193 Dei
2370 1140 2476 1211 qui
2514 1138 2672 1193 tollit
2713 1148 3021 1208 peccatum
3068 1140 3345 1197 mundi...
3378 1142 3446 1195 Et

1794 1224 1881 1280 sic
1906 1241 1976 1280 ex
2008 1217 2215 1281 ordine
2246 1227 2659 1300 unusquisque
2680 1229 3217 1302 Patrum,quorum
3243 1234 3445 1285 aucto-

1792 1314 1995 1369 ritates
2024 1330 2209 1386 supra
2238 1318 2375 1370 sunt
2402 1314 2767 1388 perscriptae,
2797 1315 2859 1371 in
2888 1332 2989 1372 ore
3019 1317 3267 1374 Caesaris
3297 1323 3445 1387 erat,

1794 1406 2089 1476 tanquam
2139 1405 2185 1460 si
2238 1403 2539 1478 impressa
2587 1403 2771 1462 verba
2823 1420 3032 1462 eorum
3090 1411 3292 1466 mente
3342 1407 3448 1465 ha-

1796 1490 1982 1549 beret.

1871 1692 1957 1746 39.
1986 1693 2186 1763 Neque
2214 1696 2415 1748 tamen
2446 1692 2543 1749 hic
2566 1692 2827 1751 substitit
2846 1691 3182 1750 indefessus
3200 1709 3450 1769 corpore

76 1778 346 1851 ῥασὺηεύς,
389 1778 526 1832 ἀλλὰ
552 1785 642 1834 καὶ
670 1782 838 1857 ἕτερόν
868 1801 920 1833 τι
947 1782 1287 1854 ποριζόμενος
1328 1780 1686 1853 ἔπενθύμημα,

1811 1794 1869 1835 ac
1900 1784 2100 1836 mente
2130 1784 2347 1845 Caesar,
2381 1782 2487 1837 sed
2516 1781 2701 1838 alium
2729 1797 2976 1855 quoque
3020 1783 3265 1856 protulit
3294 1783 3453 1856 cogi-

77 1876 173 1932 τοῖς
199 1868 578 1944 προλαϐοῦσιν
607 1869 767 1941 ἐπῆγε
797 1868 1110 1945 διατρανοῦν
1138 1878 1240 1923 τῶν
1273 1869 1322 1922 ἐν
1358 1879 1429 1942 τῷ
1472 1878 1690 1944 Χριστῷ

77 1960 346 2031 ἐντάμνων
382 1962 590 2025 φύσεων
619 1962 679 2011 τὸ
710 1954 994 2035 ἀδιαιρέτῳ
1033 1962 1321 2013 ὑποστάσει
1347 1961 1690 2032 σεσωσμένων

80 2044 344 2123 aliis-opm.
376 2052 453 2100 Τὸ
482 2051 588 2121 γὰρ
608 2047 1036 2109 καταπλουτῆσαι
1066 2054 1160 2108 τὴν
1187 2049 1340 2120 ἁγίαν
1370 2055 1462 2100 τοῦ
1497 2052 1689 2121 Κυρίου

80 2139 337 2212 σάρκατά
365 2145 466 2197 τῆς
496 2136 902 2211 προσλαϐούσης
932 2137 1094 2196 αὑτὴν
1124 2139 1363 2198 θεότητος
1399 2136 1693 2209 αὐχήματα

78 2224 627 2299 προσλαμϐανομένων
647 2233 816 2292 τινῶν,
834 2232 926 2279 καὶ
947 2230 1107 2300 ταύτῃ
1141 2230 1490 2302 προσκόπτειν
1513 2221 1692 2277 κινδ¹υ⁸

77 2321 339 2385 νευόντων,
377 2316 449 2377 ὡς
480 2319 571 2366 καὶ
599 2320 718 2390 περὶ
746 2317 812 2368 τὰ
855 2318 1055 2387 φυσικὰ
1100 2321 1190 2368 καὶ
1220 2311 1520 2372 ἀδιάϐλητοι
1547 2314 1689 2371 πάθη

79 2410 406 2477 ιαιδοτομεῖν
437 2407 566 2466 τούς
589 2403 797 2476 λόγους,
829 2410 919 2456 καὶ
950 2403 1362 2457 ἀποστέλλεσθαι
1389 2403 1552 2475 λέγειν
1589 2422 1690 2455 ποι-

84 2495 234 2552 θετὴν
260 2492 406 2547 εἶναι
435 2498 535 2552 τὴν
562 2494 989 2567 προσληφθεῖσαν
1034 2515 1105 2566 τῳ
1139 2498 1316 2568 Κυρίῳ
1351 2496 1523 2566 σάρκα
1559 2494 1695 2544 κατὰ

82 2587 162 2640 τὲν
203 2591 311 2635 τῶν
350 2589 570 2657 σαρκῶν
613 2586 792 2655 φύσιν,
832 2588 923 2636 καὶ
950 2592 1020 2655 τῷ
1059 2583 1307 2644 ἑκουσίως
1338 2586 1424 2636 τὸν
1466 2585 1695 2654 Χριστόν

84 2673 254 2724 παθεῖν
280 2673 424 2745 ὑπὲρ
446 2673 601 2743 ἡμῶν
635 2675 764 2747 πρός
793 2680 949 2725 τοῦτο
979 2671 1392 2747 ἀποχρωμένων,
1423 2676 1513 2723 καὶ
1554 2668 1694 2721 ἀπο-

85 2756 407 2814 διιστώντων
438 2759 607 2818 oriri)»
638 2768 731 2813 τοῦ
757 2764 897 2813 κατὰ
937 2764 1090 2835 φύσιν
1131 2763 1333 2823 πάθους
1380 2765 1470 2812 καὶ
1498 2767 1594 2820 τῆς
1623 2777 1698 2810 νεα

84 2854 322 2921 κᾳωσεως
348 2871 362 2883 ·
396 2849 556 2912 οὗτος
584 2854 676 2901 καὶ
702 2854 795 2909 τὴν
837 2850 1230 2924 λεχθησομένην
1275 2849 1554 2921 ἐπαγωγὴν
1603 2856 1698 2909 τῆς

87 2938 263 3001 ἑννοίας
290 2944 595 3015 προήνεγκε
619 2956 634 2969 ·
665 2949 783 3013 περὶ
812 2939 912 3014 γὰρ
966 2936 1267 3013 ἰδιωμάτων
1305 2944 1396 2992 καὶ
1444 2937 1697 3010 αὐχημά-

87 3047 173 3079 των
201 3028 583 3102 φιλοσοφήσας
612 3033 703 3081 καὶ
741 3036 816 3100 τῷ
866 3025 1171 3103 διαιρετικῷ
1221 3036 1319 3081 τῶν
1353 3030 1700 3100 ὑποκειμένων

1803 1873 1987 1925 latum
2020 1886 2218 1942 suum,
2251 1887 2372 1943 quo
2398 1871 2721 1943 explicaret
2748 1876 3101 1929 naturarum
3130 1873 3194 1930 in
3225 1873 3452 1931 Christo

1800 1960 2282 2030 conjunctarum,
2316 1959 2486 2016 salva
2520 1960 2699 2017 unica
2719 1959 3031 2020 individua
3060 1961 3451 2034 persona,dit'-

1800 2046 2134 2104 ferentiam.
2167 2051 2317 2105 Nam
2349 2048 2497 2121 quia
2528 2053 2738 2105 sancta
2786 2050 3022 2107 Domini
3073 2066 3235 2119 caro,
3285 2056 3453 2124 post-

1801 2153 1989 2211 quam
2021 2139 2356 2211 assumpsit
2381 2155 2517 2195 eam
2547 2138 2857 2211 divinitas,
2893 2139 3168 2210 gloriosis
3206 2141 3453 2198 dotibus

1801 2227 2089 2284 instructa
2117 2228 2366 2297 fuit;ea
2391 2244 2455 2285 re
2496 2228 2773 2286 nonnulli
2828 2245 2952 2287 non
3004 2231 3131 2288 sine
3184 2230 3453 2305 periculo

1803 2317 2018 2373 erroris
2051 2316 2374 2373 utebantur
2398 2339 2411 2383 ;
2444 2317 2529 2374 ita
2558 2322 2623 2374 ut
2645 2318 2721 2375 de
2749 2319 3135 2376 naturalibus
3161 2320 3287 2377 sine
3316 2337 3453 2393 pec-

1803 2411 1936 2462 cato
1960 2406 2345 2478 passionibus
2356 2406 2594 2463 Domini
2622 2422 2812 2463 novos
2830 2414 3092 2465 sererent
3111 2425 3454 2477 sermones;

1805 2495 2173 2567 minimeque
2203 2495 2496 2552 auderent
2537 2495 2839 2552 afﬁrmare
2881 2497 3239 2568 passibilem
3272 2497 3456 2555 fuisse

1806 2588 2181 2657 assumptam
2214 2601 2251 2640 a
2278 2583 2511 2640 Christo
2538 2601 2784 2642 carnem
2816 2586 3151 2644 secundum
3179 2589 3455 2645 carnium

1802 2674 2001 2745 ipsam
2034 2684 2348 2740 naturam;
2383 2673 2891 2748 abuterenturque
2912 2675 2990 2731 ad
3010 2675 3071 2731 id
3097 2682 3455 2747 argumento

1803 2762 1926 2829 illo,
1958 2762 2125 2835 quod
2156 2762 2420 2819 Christus
2447 2769 2661 2835 sponte
2685 2779 2796 2835 pro
2843 2764 3024 2821 nobis
3063 2780 3283 2839 passus
3326 2772 3454 2835 est;

1803 2852 1885 2908 ita
1916 2856 1978 2907 ut
2008 2851 2211 2923 ipsum
2242 2851 2501 2908 naturali
2532 2851 2817 2925 passione
2845 2868 2915 2909 ac
2946 2855 3307 2912 mortalitate
3337 2856 3457 2913 exi-

1804 2945 2037 2996 merent
2067 2958 2080 3008 ;
2109 2940 2226 3009 his,
2281 2941 2551 3013 inquam,
2600 2943 2800 2997 Caesar
2854 2942 3255 3014 excogitatam
3296 2960 3334 3001 a
3391 2960 3456 3003 se

1807 3029 2184 3096 sententiam,
2205 3045 2391 3102 quam
2415 3029 2547 3101 jam
2577 3029 2872 3099 dicemus,
2893 3032 3195 3103 opposuit.
3210 3035 3358 3089 Nam
3380 3033 3457 3090 de

230 3124 585 3193 χρησόμενος
614 3123 731 3170 τίνα
777 3122 869 3191 μὲν
917 3121 984 3171 τὰ
1033 3114 1319 3191 ἰδιώματα,
1370 3122 1489 3171 τίνα
1529 3114 1588 3169 δὲ
1634 3117 1696 3167 τὰ

1811 3117 2195 3174 idiomatibus
2219 3123 2276 3173 et
2304 3117 2378 3173 de
2399 3117 2673 3190 gloriosis
2715 3118 2957 3175 dotibus
2995 3119 3332 3193 disputans,
3373 3125 3459 3178 at-

86 3207 375 3281 αὲχηματα
412 3203 770 3282 διετράνωσε⁸
800 3210 867 3259 τὰ
909 3210 999 3280 μὲν
1047 3203 1134 3259 οὖν
1188 3204 1457 3279 ἰδιώματα
1495 3208 1701 3278 φύσεως

89 3294 218 3366 εἶναι,
254 3307 362 3349 τῶν
394 3295 824 3369 ὁμολογουμένων
856 3294 1073 3350 ἐτίθετο.
1110 3300 1210 3349 Καὶ
1257 3302 1384 3368 γοῦν
1432 3302 1528 3356 τῆς
1559 3296 1701 3355 θείας

87 3394 164 3439 καί
184 3391 470 3460 μακαρίας
503 3384 554 3437 ἐν
684 3394 984 3461 μοναρχικῇ
1018 3382 1190 3461 Τριάὸ
1194 3406 1211 3438 ι
1251 3388 1450 3458 φύσεως
1480 3381 1700 3458 ἰδιώμα-

91 3495 141 3526 τα
162 3480 219 3529 τό
247 3475 655 3551 ἀπερίγραπτον
686 3473 846 3546 ἢεγε,
879 3479 937 3527 τό
967 3476 1239 3541 οἴκτιστον,
1266 3478 1325 3527 τὸ
1353 3475 1580 3528 αἰώνιον.
1613 3478 1702 3526 καὶ

90 3565 239 3617 rma:
268 3562 342 3623 δή
378 3567 451 3616 τὰ
479 3567 685 3624 τούτοις
708 3564 1012 3636 ὀμοστοιχα
1038 3581 1050 3594 ’
1085 3564 1379 3637 αὐχήματα
1410 3561 1468 3616 δε
1488 3566 1698 3629 ταύτης,

22 3636 25 3697 ἶ
94 3662 187 3716 rei;
216 3653 691 3727 ἂπηριθμημένοις
725 3650 983 3727 ἰδιώμασι
1021 3658 1374 3728 παρετόμενα,
1406 3656 1462 3705 τὸ
1507 3670 1701 3704 παντο-

97 3739 342 3815 δνναμον,
376 3745 440 3795 τό
490 3743 767 3810 ζωοποιόν,
820 3746 908 3794 καὶ
955 3743 1056 3794 ὅσα
1097 3745 1292 3805 ταύτης
1338 3750 1433 3805 τῆς
1492 3740 1699 3803 τάξεως.

98 3831 349 3885 Ἐντεῦθεν
381 3836 478 3883 καὶ
508 3840 812 3904 πφοσεπῆγε
836 3837 929 3890 την
955 3838 1049 3884 τοῦ
1076 3837 1272 3906 Κυρίου
1299 3834 1469 3903 σάρκα
1489 3838 1588 3882 τῶν
1614 3833 1704 3902 μὲν

98 3920 430 3992 ὀχημάτων
454 3921 658 3981 πάντως
677 3928 963 3992 μετασχεῖν
1011 3927 1102 3973 τοῦ
1131 3919 1557 3995 προσλαϐόμενοι)
1584 3919 1707 3971 ταύ-

97 4027 182 4065 την
205 4016 534 4083 W002);
563 4016 717 4077 Θεοῦ,
751 4009 841 4062 ἅτε
870 4015 959 4062 καὶ
987 4009 1241 4070 ζωοποιόν
1272 4028 1325 4061 τε
1381 4015 1467 4061 καί
1521 4026 1706 4061 παντός

101 4095 344 4172 δίο-ινιιμονε
382 4097 448 4150 ού
473 4100 651 4170 μέντοι
677 4117 739 4169 γε
764 4106 863 4151 τῶν
909 4094 1209 4171 ἰδιωμάτων
1243 4107 1303 4157 τῆ
1315 4119 1339 4160 ς
1380 4100 1518 4160 θείας
1550 4096 1707 4148 αὑτοῦ

101 4192 296 4258 sane);
326 4210 339 4223 -
371 4184 504 4240 οὔδε
534 4191 634 4261 γὰρ
662 4187 1048 4262 ἀπερίγραπτός
1071 4187 1233 4255 ἐστιν,
1282 4185 1407 4241 οὐδὲ
1435 4189 1706 4253 οἴκτιστος,

102 4273 212 4330 σὶιῒε
237 4280 482 4352 ἆχρονος
509 4272 604 4328 δια
632 4279 699 4327 τὰ
723 4275 1037 4349 αὔχηματα.
1075 4276 1298 4343 Οὐκοῦν,
1341 4275 1546 4349 ἐπείπερ
1592 4274 1709 4327 ἐκα-

240 4374 347 4417 τῶν
380 4370 589 4436 φύσεων
619 4362 704 4416 ἐπὶ
728 4372 827 4415 τῶν
848 4362 1047 4416 οἰκείων
1071 4361 1374 4435 ἰδιωμάτων
1401 4363 1713 4436 ἀσύγχυτος

1807 3223 1924 3280 que
1955 3212 2273 3278 utramque
2297 3222 2424 3262 rem
2451 3212 2730 3264 accurate
2762 3206 3458 3283 distinguens,quasnam

1809 3296 1929 3351 sint
1949 3295 2547 3369 idiomata,quaenam
2567 3296 2709 3351 item
2733 3296 3009 3366 gloriosae
3031 3296 3459 3372 dotes,perspi-

1808 3400 1917 3441 cue
1949 3383 2321 3440 enucleabat.
2349 3387 2414 3441 Et
2434 3384 2726 3442 idiomata
2768 3386 3013 3458 quidem
3050 3389 3297 3461 propria
3324 3405 3461 3446 esse

1810 3478 2061 3540 naturae,
2091 3479 2259 3529 extra
2283 3473 2723 3533 dubitationem
2754 3474 3039 3549 ponebat.
3058 3479 3139 3533 Ac
3167 3477 3387 3535 divinae
3405 3482 3464 3535 et

1809 3564 2021 3629 beatae,
2055 3563 2116 3618 in
2147 3563 2536 3620 monurchica
2565 3562 2867 3637 Trinitate,
2899 3568 3129 3623 naturae
3170 3567 3463 3626 idiomata

1811 3669 1943 3708 esse
1974 3651 2235 3722 dicebat,
2266 3658 2327 3708 ut
2368 3652 2602 3709 inﬁnita
2646 3652 2742 3723 sit,
2773 3654 3056 3723 increata,
3093 3657 3463 3729 sempiterna.

1813 3741 2065 3813 aliisque
2094 3740 2448 3811 hujusmodi
2472 3743 2939 3815 proprietatibus
2966 3744 3216 3815 praedita
3244 3764 3257 3802 :
3290 3745 3462 3803 dotes

1814 3835 2015 3887 autem
2052 3830 2353 3902 gloriosas
2406 3830 2694 3903 praedicta
2739 3830 3034 3888 idiomata
3084 3835 3460 3903 comitantes,

1815 3920 2341 3993 omnipotentiam,
2371 3919 2718 3976 viviﬁcandi
2768 3919 3071 3985 virtutem,
3114 3926 3294 3994 atque
3346 3923 3465 3980 alia.

1816 4013 2172 4065 ornamenta
2198 4008 2518 4079 ejusmodi.
2537 4008 2759 4065 Deinde
2787 4008 3204 4079 concludebat,
3228 4012 3468 4071 Domini

1816 4114 2061 4155 carnem
2085 4099 2335 4153 omnino
2364 4096 2681 4171 praeditam
2706 4098 2893 4154 fuisse
2920 4096 3199 4169 gloriosis
3224 4100 3468 4160 dotibus

1817 4188 2005 4245 divini
2049 4187 2345 4256 Unigeniti
2373 4203 2411 4243 a
2433 4203 2554 4260 quo
2586 4192 2677 4243 est
2700 4191 3039 4260 assumpta,
3072 4189 3285 4246 virtute
3318 4191 3472 4248 sciti-

1819 4281 1910 4334 cct
1938 4275 2281 4332 viviﬁcandi
2308 4281 2363 4331 et
2392 4275 2865 4349 omnipotentia;
2895 4291 3017 4333 non
3073 4282 3274 4335 tamen
3322 4279 3471 4337 divi-

1821 4383 1913 4423 nae
1939 4370 2169 4423 naturae
2200 4363 2611 4421 idiomatibus.
2649 4367 2800 4421 Nam
2826 4365 3063 4423 etiamsi
3103 4367 3290 4426 habet
3342 4369 3471 4440 glo—

106 4455 275 4524 ἓμεινε,
304 4459 359 4506 τί
417 4456 479 4505 τό
517 4454 934 4528 προσιστάμενον
981 4452 1204 4507 ἐντεῦθεν
1239 4458 1297 4506 τό
1346 4455 1523 4527 μεῖζον
1571 4454 1696 4527 παρέ

1820 4455 2012 4511 riosas
2044 4453 2232 4525 dotes,
2263 4456 2387 4511 neu
2412 4453 2634 4510 idcirco
2669 4458 2870 4511 tamen
2898 4455 3132 4513 inﬁnita
3188 4462 3279 4513 est
3308 4473 3471 4530 caro,

22 4600 23 4609 γ
105 4547 303 4605 τούτοις
333 4541 602 4615 ἐνθεωρεῖν
637 4562 651 4576 ο
682 4546 773 4593 καὶ
800 4547 906 4602 τοῖς
924 4551 1018 4604 τῆς
1050 4544 1186 4604 θείας
1214 4544 1413 4615 φύσεως
1447 4540 1712 4615 ἐὸιώμασι

107 4634 157 4680 τό
183 4632 452 4703 ὑπερέχον
479 4627 774 4702 ἀπονέμειν,
899 4633 1027 4703 πρὸς
1055 4633 1150 4694 τὰς
1174 4639 1269 4694 τῆς
1299 4649 1489 4708 σαρκος
1514 4626 1717 4688 idco-:13.

106 4737 190 4781 τας
216 4720 432 4793 παραθέ
458 4737 503 4771 ει
533 4717 797 4791 ἑπόμενον.

174 5169 241 5240 μ’.
273 5174 463 5221 Ταῦτα
491 5169 583 5240 μὲν
612 5167 699 5220 οὖν
727 5173 821 5220 τοῦ
850 5165 1132 5241 βασιλικοῦ
1161 5170 1298 5234 νοός,
1330 5167 1360 5227 ἢ
1413 5166 1603 5240 μᾶλλον
1635 5166 1714 5219 εἰ-

114 5266 238 5327 πεῖν,
267 5266 366 5310 τοῦ
402 5264 504 5309 τῶν
554 5254 886 5331 ἀνθρωπίνων
928 5260 1054 5308 νόων
1109 5254 1366 5329 βασιλέως
1408 5261 1717 5331 πορίσματα

22 5360 24 5375 ι
114 5352 195 5397 καὶ
218 5351 548 5419 γεννήματα,
580 5350 669 5397 καί,
708 5353 805 5407 τῆς
846 5346 1184 5419 ύπερχρύσου
1231 5345 1468 5416 γλώττης
1521 5344 1720 5415 γλνκίω

118 5435 312 5507 μεᾟτος
344 5433 746 5507 απαγγέλματα.
785 5435 928 5489 Ἐπεὶ
963 5430 1021 5487 δὲ
1050 5433 1238 5494 πολλὰς
1279 5437 1369 5506 μὲν
1416 5436 1598 5494 νύκτας
1632 5432 1719 5485 ἀῦ-

116 5543 288 5594 πνονς,
337 5523 535 5586 πολλὰς
582 5520 632 5576 δ’
681 5525 883 5597 ἡμέρας
924 5519 1267 5600 ἐμφρόντιδας
1328 5523 1597 5591 ἑξετελεσε,
1629 5527 1721 5575 καὶ

120 5608 228 5673 δέον
252 5616 425 5691 ἔκρινε
452 5615 513 5666 τὸ
545 5610 749 5676 εὖσεϐες
792 5608 1225 5689 διατρανωθῆναι
1270 5620 1363 5676 τῆς
1402 5607 1722 5685 ἓξηγὴσεως,

362 5722 611 5778 Par-non.
652 5721 759 5779 Gn.
800 5719 952 5783 CXL.

1821 4544 1916 4600 vel
1945 4544 2233 4611 increata,
2274 4543 2368 4599 vel
2417 4546 2555 4599 ante
2603 4548 2899 4617 tempora.
2956 4545 3136 4616 Igitur
3179 4546 3473 4619 quoniam

1822 4638 2080 4705 utraque
2110 4637 2326 4688 natura
2352 4633 2412 4687 in
2446 4632 2703 4705 propriis
2731 4632 3122 4690 idiomatibus
3154 4634 3477 4694 inconfusa

1825 4726 2067 4787 manet;
2100 4720 2241 4777 hinc
2272 4736 2654 4793 cognoscere,
2676 4721 3038 4795 inquit,licet
3057 4738 3329 4796 quonam
3346 4740 3479 4796 per.

1826 4810 2012 4867 tineat
2039 4809 2186 4865 illud
2216 4809 2547 4883 epithetum
2568 4813 2784 4878 maior,
2800 4811 2873 4866 de
2903 4827 3027 4884 quo
3053 4827 3215 4867 nunc
3242 4818 3478 4867 contro-

1825 4899 2026 4955 versia
2056 4901 2121 4955 tit
2146 4916 2160 4954 :
2192 4903 2546 4972 oportetque
2576 4898 2795 4956 divinae
2826 4905 3058 4957 naturae
3088 4899 3478 4956 idiomatibus

1828 4988 2087 5060 gradum
2165 4987 2575 5045 sublimiorem
2632 4988 2972 5056 attribuere,
3007 4993 3482 5048 consentaneum

1826 5077 2264 5150 comparationi
2293 5093 2432 5134 cum
2464 5078 2660 5134 carnis
2679 5077 3165 5152 proprietatibus.

1899 5171 1986 5223 40.
2023 5169 2118 5223 [ire
2150 5165 2328 5236 igitur
2352 5167 2571 5239 regalis
2609 5168 2847 5234 mentis,
2888 5166 2984 5222 vel
3024 5166 3224 5238 potius
3269 5166 3485 5224 huma-

1827 5271 2047 5313 narum
2076 5256 2369 5311 mentium
2418 5257 2593 5326 regis,
2628 5255 3069 5330 propositiones
3113 5259 3294 5330 atque
3342 5272 3487 5313 con-

1830 5343 2129 5401 clusiones
2152 5348 2341 5415 erant,
2366 5343 2708 5417 linguaeque
2736 5358 2935 5399 aureus
2988 5341 3262 5399 dulciora
3302 5341 3478 5398 melle

1831 5434 2027 5489 etfata.
2085 5433 2417 5507 Postquam
2473 5438 2675 5490 autem
2723 5431 3064 5505 complures
3126 5437 3332 5489 noctes
3395 5432 3490 5488 in-
3548 5442 3551 5445 '

1832 5538 2074 5579 somncs
2100 5523 2439 5596 multosque
2469 5522 2595 5578 dies
2628 5521 2691 5579 in
2721 5523 2939 5579 harum
2980 5538 3187 5581 rerum
3234 5522 3488 5578 medita-

1832 5613 1993 5672 tione
2010 5615 2405 5687 consumpsit,
2419 5611 2775 5671 existimans
2797 5617 3071 5688 oportere
3080 5612 3485 5672 orthodoxam

3033 5724 3068 5779 8
