4046 6310
592 266 699 322 235

596 387 744 446 dicti
773 384 1101 457 evangelici
1128 383 1678 457 interpretationem
1712 384 1789 441 ad
1816 384 2117 460 liquidum
2146 385 2246 442 de-

596 476 738 534 duci
761 494 775 546 ;
801 491 877 533 ne
907 475 988 531 ob
1009 478 1138 546 ejus
1160 474 1615 545 ambiguitatem
1646 474 1831 531 corda
1845 475 2246 537 inﬁrmiorum

594 564 1131 641 perturbarentur:
1182 561 1262 618 ad
1319 567 1656 620 extremum
1703 564 2118 621 sanctissimos
2141 579 2246 637 pa-

594 654 888 713 triarchas
917 667 1274 724 sacramque
1291 656 1349 709 et
1367 651 1637 711 divinam
1662 654 2047 724 congregavit
2067 668 2246 726 syno-

594 743 765 814 dum,
798 741 879 799 ad
911 756 1098 815 quam
1154 745 1459 797 senatores
1510 757 1755 815 quoque
1811 748 2240 806 convenerunt,

591 830 993 906 prmsentibus
1023 829 1204 887 etiam
1228 828 1768 888 illustrissimorum
1796 832 2073 887 omnium
2116 847 2241 887 mo-

592 921 996 978 nasteriorum
1025 918 1371 976 abbatibus.
1403 922 1469 974 Et
1498 920 1691 976 Caesar
1732 920 1978 992 quidem
2019 920 2242 977 reside-

492 1036 495 1039 <
589 1009 698 1069 bat
718 1010 781 1066 in
799 1008 968 1079 regio
996 1009 1232 1081 throno,
1264 1008 1370 1080 qui
1399 1012 1486 1064 est
1513 1007 1575 1063 in
1607 1009 1880 1065 conclavi
1919 1026 2087 1065 mare
2117 1026 2244 1065 ver-

589 1114 695 1155 sus
725 1098 935 1169 magni
960 1096 1167 1170 palatii
1193 1112 1389 1170 nuper
1417 1096 1497 1152 ab
1526 1097 1658 1171 ipso
1681 1100 1917 1155 Caesare
1937 1099 2239 1167 exstructi,

589 1187 759 1262 quod
782 1186 1139 1244 occidentali
1168 1185 1338 1241 urbis
1369 1201 1546 1242 muro
1590 1186 1885 1254 imminet,
1936 1186 2242 1260 habetque

585 1276 650 1334 id
679 1276 968 1334 conclave
998 1276 1078 1331 ad
1105 1273 1239 1347 ipso
1262 1274 1529 1331 Manuele
1549 1290 1814 1331 nomen:
1855 1278 2065 1349 quoin
2106 1276 2241 1332 loco

586 1364 1061 1424 innumerabiles
1118 1363 1498 1437 imperatoris
1549 1364 1831 1422 victorias
1876 1366 2047 1422 brevi
2090 1381 2241 1437 gyro

586 1455 1066 1527 comprehensas
1096 1468 1194 1509 ars
1224 1452 1497 1525 pictoria,
1538 1453 1736 1510 aureis
1787 1454 2008 1527 lapillis
2038 1456 2240 1512 varios

583 1545 947 1601 interserens
973 1542 1226 1606 colores,
1254 1545 1435 1615 prout
1477 1540 1604 1597 ﬁeri
1647 1543 1863 1615 potuit,
1902 1543 2235 1616 descripsit.

584 1634 687 1690 Hic
706 1633 819 1689 fuit
846 1631 1182 1689 consistorii
1206 1630 1376 1686 locus
1397 1648 1411 1699 ;
1437 1630 1642 1704 ibique
1672 1631 1920 1689 definita
1940 1639 2080 1690 sunt
2104 1648 2237 1706 quia

1931 260 2205 319 NICETE
2245 261 2615 325 (ἮΟΝῘΑΤΔΕ

3848 269 4008 326 23-6

2358 389 2442 445 ἱνα
2468 396 2540 464 μή
2574 400 2645 463 τῷ
2677 389 2857 465 ἀδήλῳ
2894 394 3092 454 ταύτης
3120 392 3178 446 αἱ
3204 399 3303 445 τῶν
3332 390 3701 464 ἁπαγεστίρων
3729 390 4011 468 καρδίαι

2355 475 2785 556 διαταράττοιντο
2808 504 2821 517 σ
2853 481 2995 545 τίλος
3023 484 3142 543 τοὺς
3168 479 3487 553 ἁγιωτάτους
3512 485 3848 556 πατριάρχας
3876 484 4005 535 καὶ

2352 572 2447 626 τὴν
2476 572 2613 642 ίιραν
2643 576 2732 624 καὶ
2765 572 2903 625 θείαν
2932 572 3251 643 συνήθροισε
3275 565 3494 622 σύνοδον
3523 587 3536 600 ·
3580 569 3686 624 ἀλλ’
3737 569 3871 626 οῦδὲ
3932 572 4005 623 οἱ

2351 665 2447 721 τῆς
2478 659 2773 732 συγκλήτου
2804 659 3003 733 βουλῆς
3032 658 3362 729 ἀπελείποντο
3388 680 3401 692 ·
3434 666 3679 732 παρῆσαν
3710 656 3769 713 δί
3790 664 3901 713 καὶ.
3930 660 4003 713 οἱ

2349 755 2450 799 τῶν
2480 746 2879 822 ίπισημοτάτων
2906 757 3088 803 πασῶν
3117 756 3282 820 μονῶν
3299 749 3681 822 καθηγούμενοι
3703 765 3717 781 ⁸
3748 754 3845 803 καὶ
3864 752 3997 802 τὸν

2349 838 2441 908 μιν
2471 839 2497 889 ὁ
2529 836 2808 911 βασιλικὸς
2838 836 2951 910 ιῖχε
2979 840 3151 912 θρόνος
3189 836 3345 907 ἕκτῷ
3379 842 3514 912 πρὸς
3541 837 3801 891 θάλατταν
3829 841 3996 891 ὑπι-

2492 935 2583 980 τοῦ
2613 926 2661 980 ἓν
2692 936 2764 999 τῷ
2794 928 3003 1001 μεγάλῳ
3025 927 3262 998 παλατίῳ
3281 928 3678 1000 νεουργοθίντος
3705 930 3859 980 οἰκου
3881 935 3991 997 τῷ

2351 1013 2565 1088 βασιλεῖ
2592 1025 2681 1070 τοῦ
2714 1014 3063 1092 δυτικωτίρου
3087 1021 3299 1089 τιίχους
3320 1015 3617 1091 ίφύπερθεν,
3649 1024 3987 1089 φερώνυμον

2348 1109 2438 1163 τὴν
2467 1106 2656 1166 κλῆσιν
2685 1108 2743 1160 ἐκ
2771 1117 2868 1170 τῆς
2896 1116 2987 1162 τοῦ
3020 1107 3268 1167 Μανουήλ
3296 1112 3639 1182 προσρήσεως
3665 1113 3929 1181 φίροντος
3960 1122 3982 1138 '

2348 1196 2398 1247 ἓν
2500 1200 2713 1249 καὶτῶν
2763 1193 3177 1269 δυσαριθμήτων
3214 1198 3628 1270 κατορθωμάτων
3659 1204 3749 1250 τοῦ
3797 1197 3957 1250 αὐτο
3976 1226 3990 1233 -

2348 1285 2601 1360 κράτορος
2631 1285 2826 1360 βραχέ’
2852 1288 2987 1340 ἄττα
3012 1285 3390 1359 παραλαϐοῦσα
3413 1287 3444 1344 ἡ
3478 1286 3754 1360 ζωγράφος
3780 1289 3983 1357 τέχνη

2347 1372 2405 1426 ίκ
2434 1377 2789 1448 καταχρύσων
2831 1371 3076 1447 ψηφίδων
3109 1373 3505 1448 ποικιλοχρόοις
3548 1374 3739 1448 ἑτέραις
3775 1373 3987 1427 imus.-

2344 1467 2629 1535 γνυμίνων,
2660 1466 2730 1526 ὡς
2759 1462 2920 1536 ιῖχεν,
2949 1460 3331 1539 ἐνδιιγράψατο
3352 1484 3368 1500 η
3401 1463 3626 1517 ἐνταῦθα
3665 1466 3755 1535 μὶν
3787 1460 3861 1522 δὴ
3892 1466 3986 1517 τὰ

2345 1559 2442 1613 τῆς
2468 1551 2809 1616 συνιλιῦσιως
2833 1569 2843 1581 ⁸
2879 1560 3158 1626 κυροῦνται
3186 1549 3247 1606 δέ
3274 1555 3342 1605 τὰ
3388 1554 3795 1625 ὑποτεταγμένα,
3826 1555 3979 1626 ὁμο-

2344 1643 2786 1713 γνωμονησάντων
2816 1641 3073 1713 ἀλλήλοις,
3105 1651 3203 1695 τῶν
3243 1661 3298 1695 τε
3344 1641 3645 1714 ἁγιωτάτων
3692 1662 3976 1717 πατριάρ-

583 1722 743 1780 infra
771 1736 1090 1795 ponemus,
1118 1720 1628 1777 consentientibus
1656 1721 1809 1778 inter
1835 1738 1899 1779 se
1931 1723 2227 1779 sanctissi-

2344 1739 2478 1802 χῶν,
2509 1740 2608 1783 τῶν
2642 1733 2927 1802 ἱερωτάτων
2968 1730 3273 1807 ἀρχιερέων,
3306 1740 3398 1783 τοῦ
3450 1734 3708 1805 ἱερατικοῦ
3755 1730 3974 1784 λοιποῦ

582 1813 703 1869 mis
727 1810 1107 1887 patriarchis,
1151 1806 1699 1885 sacratissimisque
1743 1811 2233 1885 archiepiscopis,

581 1901 938 1976 reliquoque
966 1898 1330 1957 sacerdotali
1357 1902 1533 1968 castu,
1579 1905 1639 1957 et
1684 1900 2066 1958 senatoribus
2108 1902 2231 1958 uni-

580 1991 810 2057 versis;
844 1989 929 2046 sio
983 1988 1221 2046 favente
1267 1991 1437 2062 pacis
1485 1990 1627 2058 Deo,
1684 2005 1923 2047 necnon
1974 1989 2238 2062 religiosi

580 2080 774 2139 nostri
802 2095 841 2137 a
868 2081 990 2136 Deo
1020 2078 1291 2136 coronati
1319 2078 1705 2153 imperatoris
1730 2078 1875 2136 zelo.
1906 2078 1987 2135 De
2013 2080 2107 2135 his
2129 2095 2235 2135 au-

580 2173 704 2227 tem
728 2172 928 2227 tomus
958 2183 1203 2243 quoque
1231 2168 1610 2241 conscriptus
1638 2168 1766 2239 fuit,
1801 2169 1862 2225 in
1892 2184 2015 2243 quo
2046 2168 2127 2226 ad
2149 2168 2237 2225 lit-

579 2262 772 2319 teram
793 2259 1107 2335 sequentia
1134 2258 1536 2317 continentur.

1251 2454 1458 2512 ACTIO
1503 2455 1571 2511 ll.

580 2598 809 2657 Mensis
843 2596 1060 2656 Martii
1090 2596 1189 2655 die
1229 2597 1515 2661 secunda.
1564 2597 1910 2655 indictionis
1960 2599 2113 2656 XIV
2141 2600 2237 2658 die

1283 2692 1525 2761 quarta.

654 2799 708 2852 1.
737 2792 1095 2853 Ρτωείἀοηῑθ
1152 2809 1190 2850 a
1246 2795 1367 2851 Deo
1420 2798 1707 2851 coronato
1771 2799 1980 2852 sancto
2028 2800 2232 2853 nostro

576 2901 718 2959 rege
738 2887 796 2943 et
821 2885 1182 2959 imperatore
1210 2884 1461 2942 domino
1505 2884 1776 2942 Manuelo
1808 2885 2136 2959 Comneno,
2166 2887 2228 2943 in

580 2975 813 3051 tropico
842 2972 1113 3031 conclavi
1142 2972 1457 3031 meridiem
1487 2990 1719 3042 versus,
1749 2991 1971 3049 nempe
2018 2976 2077 3031 in
2110 2993 2234 3034 ma-

581 3065 685 3139 gni
712 3063 918 3139 palatii
950 3062 1608 3138 porphyromanuelico
1634 3063 1887 3122 triclinio
1921 3084 1937 3135 ;
1992 3066 2232 3123 astanti-

578 3155 698 3213 bus
724 3156 947 3211 sanctee
989 3151 1294 3225 majestati
1340 3152 1490 3223 ejus,
1524 3152 1891 3210 amabilibus
1921 3155 2229 3212 consobri-

576 3244 695 3309 nis,
725 3242 863 3300 ﬁliis
890 3240 1098 3315 inclyti
1154 3240 1655 3299 sebastocratoris
1708 3242 1942 3299 domini
1997 3243 2230 3301 Andro-

577 3330 947 3401 nici,scilicet
974 3329 1397 3403 protosebasto
1420 3334 1478 3387 et
1504 3332 1960 3404 protovestiario
1991 3332 2230 3389 domino

576 3421 815 3478 Joanne
839 3417 1170 3486 Comneno,
1202 3418 1452 3492 ejusque
1495 3418 1675 3476 fratre
1726 3419 1977 3477 domino
2026 3421 2231 3478 Alexio

579 3511 922 3576 Comneno;
952 3507 1197 3565 amabili
1227 3508 1593 3565 consobrino
1622 3510 1883 3583 potentis
1915 3513 2230 3584 sanctique

574 3598 765 3656 nostri
792 3598 973 3670 regis,
1024 3595 1274 3655 domino
1324 3597 1671 3655 Andronico
1730 3601 2060 3669 Comneno,
2107 3601 2229 3657 ﬁlio

575 3685 937 3762 pansebasti
968 3685 1280 3743 celsissimi
1322 3686 1555 3744 domini
1596 3687 1893 3744 Theodori
1932 3691 2225 3756 Batatzaa;

574 3776 755 3835 fratre
776 3774 906 3848 ejus
933 3778 991 3832 et
1019 3775 1266 3832 amabili
1296 3776 1668 3833 consobrino
1703 3775 1962 3850 potentis
2006 3778 2228 3833 sancti-

574 3881 695 3941 que
723 3864 914 3924 nostri
932 3865 1092 3936 regis
1116 3864 1368 3922 domino
1389 3865 1592 3922 Alexio
1623 3869 1955 3935 Comneno,
1979 3867 2227 3924 amabili

569 3954 843 4030 patruele
862 3952 1121 4028 potentis
1156 3954 1473 4027 sanctique
1517 3953 1703 4010 nostri
1746 3954 1924 4025 regis,
1969 3960 2113 4011 nato
2155 3972 2227 4012 ex

570 4044 821 4103 amabili
866 4046 1084 4117 patruo
1127 4043 1387 4116 potentis
1435 4043 1748 4116 sanctique
1804 4044 1993 4101 nostri
2045 4045 2221 4116 regis,

568 4133 945 4208 pansebasto
976 4132 1310 4189 celsissimo
1369 4131 1621 4188 domino
1675 4132 2064 4189 Constantino
2108 4139 2224 4190 An-

570 4222 726 4297 gelo,
758 4222 1030 4290 domino,
1063 4222 1337 4297 inquam,
1359 4223 1588 4277 Joanne
1620 4223 1781 4277 Duca
1807 4243 1821 4290 ;
1853 4220 2034 4278 fratre
2065 4224 2224 4293 ejus-

566 4312 732 4384 dem,
763 4311 1008 4370 amabili
1038 4316 1257 4384 nepote
1280 4311 1540 4385 potentis
1593 4316 1651 4367 et
1679 4310 1869 4368 sancti
1914 4312 2101 4368 nostri
2131 4329 2223 4368 re-

565 4403 682 4474 gis,
713 4402 968 4460 domino
997 4401 1344 4459 Andronico
1374 4403 1537 4457 Duca
1562 4419 1575 4469 ;
1609 4416 1830 4471 genero
1878 4402 2137 4473 potentis
2167 4406 2225 4458 et

2345 1818 2658 1892 καταλόγου,
2685 1824 2775 1872 καὶ
2806 1821 3113 1894 ξυμπάντων
3139 1829 3237 1872 τῶν
3267 1828 3361 1881 τῆς
3387 1819 3742 1892 συγκλητικῆς
3760 1840 3975 1893 γερου-

2349 1914 2489 1979 σίας,
2520 1906 2737 1982 εὐδοκία
2760 1918 2850 1963 τοῦ
2876 1918 2968 1971 τῆς
2996 1911 3203 1983 εἰρήνης
3232 1917 3365 1963 Θεοῦ
3410 1915 3499 1962 καὶ
3526 1905 3767 1982 διαπύρῳ
3797 1909 3970 1982 ζήλῳ

2344 2006 2437 2052 τοῦ
2468 1999 2707 2062 εὐσεϐοῦς
2736 2001 2765 2059 ἡ
2773 2009 2882 2073 μῶν
2912 2004 3001 2052 καὶ
3035 2002 3337 2072 θεοστιφοῦς
3386 2000 3767 2076 αὐτοκράτορος
3787 2017 3801 2030 ⁸
3859 1999 3969 2052 ἐπὶ

2347 2085 2415 2147 δή
2448 2091 2653 2151 τούτοις
2681 2093 2770 2143 καὶ
2793 2095 2951 2163 τόμος
2980 2088 3257 2157 ἐκτίθεται,
3288 2084 3419 2145 τάδι
3465 2090 3600 2142 κατὰ
3642 2090 3787 2165 ῥῆμα
3837 2084 3934 2145 διε

2345 2176 2486 2243 ξιὼν.

2970 2467 3206 2519 ΠΡΔΞΙΣ
3242 2461 3313 2519 Ε.

2342 2610 2484 2664 Μηνὶ
2512 2609 2732 2681 Μαρτίῳ
2761 2601 2997 2677 δευτέρα,
3025 2607 3196 2680 ἡμέρᾳ
3237 2606 3455 2679 τετάρτῃ
3493 2599 3818 2667 ἰνδικτιῶνος
3852 2599 3963 2659 ιδ’.

2414 2800 2479 2859 α’.
2508 2802 2911 2874 Προκαθημίνου
2944 2808 3035 2854 τοῦ
3068 2803 3378 2854 θεοστέπτου
3411 2800 3562 2872 ἁγίου
3587 2805 3734 2873 ήμῶν
3781 2799 3963 2875 βασι-

2339 2888 2459 2951 λέως
2487 2894 2577 2943 καὶ
2600 2890 2976 2964 αὐτοκράτορος
3005 2898 3165 2964 κυροῦ
3193 2890 3441 2949 Μανουήλ
3461 2898 3551 2943 τοῦ
3577 2897 3876 2963 Κομνήνοῦ,
3902 2892 3961 2945 ἐν

2339 2987 2401 3052 τῇ
2436 2980 2645 3054 ὑπερῴᾳ
2668 2987 2889 3054 τροπικῇ
2922 2988 2982 3052 τῇ
3016 2983 3143 3053 πρός
3172 2978 3501 3053 μεσημϐρίαν
3526 2988 3617 3033 τοῦ
3650 2979 3697 3032 ἐν
3741 2988 3813 3050 τῷ
3856 3002 3960 3054 με-

2340 3068 2481 3141 γάλῳ
2497 3067 2732 3140 παλατίῳ
2758 3067 3357 3141 πορφυρομανουήλάτου
3380 3067 3664 3141 τρικλίνου,
3682 3088 3960 3141 παριστα-

2341 3161 2502 3229 μένων
2531 3165 2593 3230 τῇ
2627 3157 2755 3230 ἁγίᾳ
2787 3154 3036 3230 βασιλείᾳ
3078 3157 3239 3211 αὐτοῦ
3268 3165 3367 3210 τῶν
3414 3159 3773 3231 περιποθήτων
3826 3158 3958 3213 ἁνε-

2341 3244 2474 3317 ψιῶν
2504 3246 2665 3298 αὐτοῦ
2694 3251 2784 3298 καὶ
2803 3248 2927 3309 υἱῶν
2957 3253 3048 3299 τοῦ
3071 3242 3321 3319 ἀοιδίμου
3348 3244 3821 3320 σεϐαστοκράτορος
3856 3267 3959 3300 κυ-

2339 3342 2435 3410 ροῦ
2461 3332 2819 3411 Ἀνδρονίκου,
2852 3342 2944 3387 τοῦ
2974 3334 3411 3412 πρωτοσεϐαστοῦ
3437 3339 3526 3387 καὶ
3556 3334 3957 3411 πρωτοϐεστια-

2339 3427 2456 3498 ρίου
2483 3431 2646 3500 κυροῦ
2674 3424 2912 3477 Ἰωάννου
2939 3433 3031 3476 τοῦ
3065 3430 3353 3497 Κομνηνου,
3387 3429 3591 3478 καὶτοῦ
3612 3419 3831 3477 αῦταδέ)
3845 3445 3955 3497 φου

2340 3510 2499 3564 αὐτοῦ
2531 3519 2693 3588 κυροῦ
2723 3512 2951 3576 Ἀλεξίου
2977 3520 3069 3566 τοῦ
3102 3520 3371 3586 Κομνγινοῦ
3400 3534 3413 3547 ·
3462 3522 3553 3566 τοῦ
3583 3514 3953 3587 περιποθήτου

2340 3597 2553 3672 ἀνεψιοῦ
2584 3608 2676 3653 τοῦ
2701 3610 2955 3674 κραταιοῦ
2985 3607 3075 3655 καὶ
3104 3602 3259 3674 ἁγίου
3287 3604 3317 3660 ἡ
3325 3611 3433 3674 μῶν
3464 3600 3745 3675 βασιλέως,
3774 3612 3955 3679 κυροῦ

2349 3685 2669 3764 Ανδρονίκου
2698 3698 2787 3742 νοῦ
2822 3698 3089 3764 Κομνηνου
3120 3699 3211 3744 τοῦ
3256 3694 3372 3744 υἱοῦ
3416 3699 3508 3744 τοῦ
3546 3691 3925 3746 πανσεϐαστοῦ

2336 3782 2591 3853 περτάτου
2616 3788 2779 3854 κυροῦ
2821 3777 3099 3856 Θεοδώρου
3142 3788 3232 3833 τοῦ
3274 3783 3543 3844 Βατάτζου
3579 3803 3590 3814 ·
3637 3790 3730 3834 τοῦ
3779 3782 3952 3836 αὗτα-

2338 3864 2526 3942 δέλφου
2549 3869 2710 3922 αὐτοῦ
2734 3875 2824 3923 καὶ
2843 3872 3196 3943 περιποθήτου
3226 3869 3439 3942 ἀνεψιοῦ
3460 3878 3551 3923 τοῦ
3577 3878 3825 3944 κραταιοῦ
3849 3879 3950 3924 καὶ

2335 3956 2486 4028 ἁγίου
2512 3960 2657 4031 ἡμῶν
2685 3958 2966 4031 βασιλέως,
2991 3966 3153 4032 κυροῦ
3204 3959 3436 4024 Ἀλεξίου
3476 3968 3569 4012 τοῦ
3625 3966 3904 4033 Κομνήνοῦ
3930 3983 3945 3994 ·

2332 4053 2426 4098 τοῦ
2448 4050 2799 4120 περιποθήτου
2816 4046 2943 4110 ἐξαὸ
2946 4048 3095 4121 ε’λφου
3118 4056 3213 4101 τοῦ
3230 4056 3483 4124 κραταιοῦ
3502 4054 3595 4101 καὶ
3617 4047 3766 4119 ἁγίου
3790 4050 3946 4122 ἡμῶν

2336 4134 2611 4208 βασιλέως,
2641 4145 2735 4191 τοῦ
2759 4141 2877 4190 υἱοῦ
2906 4147 2997 4190 τοῦ
3019 4141 3372 4213 περιποθήτου
3397 4141 3534 4192 θείου
3560 4147 3652 4191 τοῦ
3681 4148 3945 4211 κραταιοῦ
4036 4150 4039 4157 ‘

2331 4230 2422 4277 καὶ
2450 4226 2602 4298 ἁγίου
2649 4229 2795 4300 ἡμῶν
2850 4226 3131 4302 βασιλέως,
3169 4235 3261 4281 τοῦ
3307 4228 3941 4302 πανσεϐαστοῦπιρτάτου

2330 4323 2494 4389 κυροῦ
2529 4322 2911 4369 Κωνσταντίνου
2940 4326 3033 4369 τοῦ
3082 4317 3352 4389 Ἀγγίλου,
3382 4326 3543 4393 κυροῦ
3578 4318 3812 4371 Ἰωάννου
3843 4327 3944 4372 τοῦ

2331 4407 2503 4457 Δούκα
2536 4426 2548 4437 ·
2578 4413 2669 4458 τοῦ
2705 4402 3030 4479 αῦταδίλφου
3063 4407 3245 4475 αὐτοῦ,
3291 4414 3384 4461 τοῦ
3430 4409 3782 4480 περιποθήτου
3817 4407 3943 4470 ἐξα-

564 4473 758 4549 sancti
775 4491 965 4549 nostri
996 4490 1154 4561 regis
1181 4489 1422 4546 sebasto
1450 4489 1700 4545 domino
1741 4491 1968 4545 Joanne
2014 4491 2219 4546 Canta-

2339 4488 2521 4566 δελφου
2552 4502 2643 4547 τοῦ
2674 4504 2928 4569 κραταιοῦ
2958 4501 3048 4548 καὶ
3078 4496 3234 4568 ἁγίου
3286 4497 3430 4570 ἡμῶν
3464 4494 3738 4568 βασιλέως,
3769 4506 3943 4570 κυροῦ

564 4596 822 4649 cuzeno;
855 4595 1078 4652 genero
1105 4579 1365 4653 potentis
1389 4583 1446 4636 et
1468 4578 1662 4635 sancti
1707 4579 1895 4634 nostri
1921 4580 2079 4645 regis
2105 4580 2218 4636 do-

560 4671 729 4727 mino
755 4668 1146 4727 Constantino
1178 4671 1378 4734 Duca;
1408 4668 1649 4724 sebasto
1679 4667 1929 4723 domino
1967 4668 2218 4726 Gudelio

556 4757 888 4816 Tzicandile
917 4776 930 4827 ;
965 4757 1205 4815 sebasto
1234 4762 1292 4814 et
1318 4772 1545 4827 magno
1574 4756 1973 4813 hetaeriarcha
2018 4758 2217 4814 domi-

555 4864 639 4908 no
671 4848 918 4922 Georgio
963 4845 1338 4918 Palasologo;
1400 4845 1639 4904 sebasto
1677 4845 1931 4903 domino
1986 4849 2215 4905 Joanne

553 4939 761 5009 Duca;
795 4937 1037 4995 sebasto
1063 4941 1120 4994 et
1166 4934 1497 4993 domestico
1552 4933 1834 4995 vestiario
1865 4936 2128 5008 potentis
2157 4942 2215 4992 et

553 5028 749 5085 sancti
804 5027 995 5085 nostri
1037 5025 1195 5098 regis
1253 5024 1502 5081 domino
1563 5023 1771 5081 Alexio
1827 5025 2207 5098 Petralipha;

550 5116 794 5175 sebasto
823 5120 882 5174 et
925 5116 1263 5174 domestico
1326 5113 1607 5171 vestiario
1631 5114 1890 5189 potentis
1930 5120 1987 5171 et
2018 5114 2209 5171 sancti

544 5206 736 5262 nostri
755 5206 911 5276 regis
941 5205 1170 5261 domno
1203 5202 1427 5259 Isaacio
1461 5204 1655 5272 Duca;
1706 5201 1944 5259 sebasto
2002 5209 2056 5259 et
2102 5202 2191 5258 do

543 5292 799 5351 mestico
851 5293 1137 5350 vestiario
1166 5292 1430 5365 potentis
1474 5297 1530 5348 et
1583 5292 1776 5349 sancti
1817 5293 2004 5349 nostri
2047 5293 2205 5362 regis

543 5381 793 5439 domino
851 5382 1053 5438 Alexio
1111 5382 1411 5454 Rogerio;
1471 5381 1712 5441 sebasto
1764 5386 1819 5438 et
1872 5381 2203 5438 domestico

540 5472 823 5529 vestiario
852 5472 1112 5547 potentis
1156 5476 1212 5528 et
1243 5471 1435 5529 sancti
1473 5470 1662 5528 nostri
1710 5471 1869 5540 regis
1919 5479 1975 5527 et
2031 5471 2122 5527 ch'
2150 5487 2202 5526 r-

543 5562 761 5623 tulario
825 5561 1077 5623 domino
1137 5562 1484 5620 Andronico
1545 5561 1939 5637 Lombardo;
1996 5567 2201 5637 proto-

2332 4578 2669 4657 ’Δνδρονίκου
2696 4591 2788 4636 τοῦ
2815 4587 2985 4637 Δούκα
3006 4602 3019 4615 ο
3051 4592 3143 4637 τοῦ
3172 4583 3412 4658 γαμϐροῦ
3446 4593 3537 4638 τοῦ
3565 4593 3819 4659 κραταιοῦ
3843 4592 3942 4640 καὶ

2328 4670 2482 4743 ἁγίου
2512 4674 2659 4744 ἡμῶν
2692 4671 2973 4746 βασιλέως,
2997 4682 3089 4727 τοῦ
3107 4672 3368 4727 σεϐαστοῦ
3392 4682 3555 4751 κυροῦ
3579 4675 3816 4728 Ἰωάννου
3838 4685 3938 4728 τοῦ

2328 4762 2767 4823 Καντακουζήνοῦ
2800 4780 2812 4792 ·
2848 4771 2940 4815 τοῦ
2970 4762 3211 4836 γαμϐροῦ
3240 4772 3335 4816 τοῦ
3364 4772 3618 4837 κραταιοῦ
3662 4769 3752 4817 καὶ
3778 4764 3935 4836 ἁγίου

2324 4850 2469 4921 ήμῶν
2501 4848 2784 4923 βασιλέως,
2813 4860 2975 4926 κυροῦ
3018 4857 3405 4905 Κωνσταντίνου
3439 4860 3532 4905 τοῦ
3580 4857 3750 4905 Δούκα
3776 4870 3789 4883 ⁸
3836 4861 3937 4906 τοῦ

2325 4938 2585 4992 σεϐαστοῦ
2611 4948 2773 5014 κυροῦ
2799 4937 3076 4994 Γουδελίου
3122 4949 3214 4994 τοῦ
3256 4938 3579 5003 Τζικανδίλή
3603 4958 3615 4970 ·
3644 4950 3737 4994 τοῦ
3768 4942 3936 4995 σεϐα-

2324 5036 2450 5081 στοῦ
2481 5034 2571 5082 καὶ
2591 5029 2818 5102 μεγάλου
2851 5030 3217 5105 ἐταιρειάρχου
3239 5040 3402 5105 κυροῦ
3430 5037 3687 5106 Γεωργίου
3709 5039 3800 5083 τοῦ
3825 5039 3867 5085 Π
3876 5054 3935 5085 α-

2317 5114 2588 5191 λαιολόγου
2622 5140 2633 5152 ·
2666 5126 2758 5171 τοῦ
2791 5118 3050 5172 σεϐαστοῦ
3088 5128 3249 5194 κυροῦ
3291 5119 3528 5174 Ἰωάννου
3578 5128 3670 5172 τοῦ
3708 5124 3881 5173 Δούκα
3918 5146 3932 5157 ο

2315 5216 2406 5259 τοῦ
2440 5206 2699 5261 σεϐαστοῦ
2724 5214 2813 5261 καὶ
2839 5210 3030 5262 οἰκείου
3060 5208 3402 5285 βεστιαρίτου
3436 5218 3528 5262 τοῦ
3554 5220 3807 5283 κραταιοῦ
3838 5219 3936 5267 καὶ

2318 5294 2470 5367 ἁγίου
2506 5299 2651 5371 ἡμῶν
2683 5295 2965 5370 βασιλέως,
2996 5306 3158 5373 κυροῦ
3200 5299 3432 5363 Ἀλεξίου
3462 5307 3554 5351 τοῦ
3584 5300 3883 5374 Πετραλίφα
3915 5325 3929 5337 ·

2314 5392 2404 5437 τοῦ
2438 5385 2697 5439 σεϐαστοῦ
2722 5392 2811 5440 καὶ
2833 5387 3024 5441 οἰκείου
3059 5386 3398 5463 βεστιαρίτου
3422 5396 3514 5442 τοῦ
3553 5398 3809 5463 κραταιοῦ
3836 5398 3932 5447 καὶ

2314 5472 2467 5545 ἁγίου
2497 5478 2642 5548 ἡμῶν
2680 5474 2957 5548 βασιλέως,
2979 5485 3142 5551 κυροῦ
3166 5478 3435 5531 Ἰσαακίου
3462 5487 3555 5532 τοῦ
3592 5482 3763 5532 Δοῦκα
3786 5501 3796 5512 ·
3830 5492 3929 5535 τοῦ

2314 5559 2585 5617 σιϐαστοῦ
2615 5569 2706 5617 καὶ
2751 5564 2943 5619 οἰκείου
2997 5565 3344 5641 βεστιαρὶτόυ
3384 5575 3477 5621 τοῦ
3528 5575 3784 5645 κραταιοῦ
3832 5572 3929 5625 καί
