4046 6310
126 221 207 279 ὶ37

126 347 247 416 ἁγίου
264 348 408 419 ἡμῶν
439 343 723 421 βασιλέως,
744 356 909 423 κνροῦ
940 349 1169 412 Ἀλεξίου
1198 357 1293 403 τοῦ
1320 350 1552 423 Ῥογίρηο
1597 352 1690 400 τοῦ

126 435 347 488 πϐαστοῦ
371 441 464 489 καὶ
517 436 725 490 οἰκείου
776 443 1113 512 Βεστιαρίτου
1166 447 1261 492 τοῦ
1313 445 1566 512 κραταιοῦ
1600 441 1695 489 καὶ

123 523 247 594 ἁγίου
267 525 411 595 ἡμῶν
437 523 719 597 βασιλέως,
774 531 867 578 καὶ
881 527 1268 604 χαρτουλοιρίου
1300 523 1664 603 κυροῠἊνδρο

119 619 237 665 τέκον
276 620 368 665 τοῦ
426 610 738 686 Λαμπαρὸἀ
762 631 776 645 ⁸
821 623 914 668 τοῦ
970 616 1533 689 πρωτονωϐελισσίμου
1598 618 1690 668 καὶ

120 702 325 778 ἐπάρχου
355 702 631 776 βασιλείου
660 711 754 757 τοῦ
814 710 1154 779 Καματηροῡ·
1212 714 1305 759 τοῦ
1351 703 1688 779 πρωτονωϐε-

118 792 341 865 λισσίμυ
371 790 642 846 Ἰσαακίου
669 800 764 846 τοῦ
820 794 1148 851 ’Δκολούθου-
1183 804 1276 849 τοῦ
1308 793 1691 866 νωϐελισσίμου

116 886 191 934 καί
228 884 577 958 πριμικηρίου
655 890 754 936 τῶν
821 880 1204 960 βαρδαριωτῶν
1281 883 1551 938 Βασιλείου
1600 890 1691 937 τοῦ

112 970 391 1046 Τριψύχουο
423 975 516 1024 καὶ
545 970 733 1047 ἑτέρων
761 972 855 1025 οὐκ
888 973 1092 1046 ὀλίγων.

172 1094 237 1169 β.
292 1092 741 1170 Συνεδριαζόντων
790 1106 888 1150 τῶν
940 1099 1245 1171 ἁγιωτάτων
1317 1106 1687 1175 πατριαρχῶν,

114 1193 189 1239 τοῦ
224 1186 517 1258 ἀγιωτάτου
583 1192 675 1239 καὶ
716 1187 1075 1260 οἰκουμενικοῦ
1136 1190 1475 1262 πατριάρχου
1530 1195 1692 1261 κυροῡ

118 1282 275 1328 lculi
308 1296 320 1308 ·
388 1282 484 1328 τοῦ
561 1277 858 1339 άγιωτάτου
933 1279 1263 1339 πατριάρχου
1366 1276 1694 1339 Θεουπολεως

1437 1370 1528 1417 καὶ
1601 1374 1693 1418 τοῦ

388 1282 484 1328 τοῦ
561 1277 858 1348 άγιωτάτου
933 1279 1263 1352 πατριάρχου

112 1364 324 1436 μεγάλης
374 1363 710 1437 Ἀντιοχείας
774 1374 936 1443 κυροῡ
1015 1367 1354 1420 Ἀθανασίου’

112 1454 385 1526 ἀγιωττάου
440 1456 777 1530 πατριάρχου
865 1455 1231 1531 Ἰεροσολύμων
1305 1460 1467 1530 κυροῦ
1518 1462 1693 1514 Νικη-

112 1547 251 1618 φόρον
284 1565 298 1576 ·
358 1546 760 1617 παρισταμένων
836 1548 926 1597 καὶ
1008 1547 1295 1619 ίερωτάτων
1384 1542 1690 1619 ἀρχιερέων,

109 1642 185 1684 τοῦ
252 1632 562 1706 Ἡρακλείας
628 1631 877 1704 Μιχαὴλ,
937 1642 1028 1685 τοῦ
1115 1633 1403 1707 Ἀμασείας
1467 1640 1689 1699 Νικήτα,

108 1731 185 1774 τοῦ
234 1721 527 1783 Μελιτηνής
560 1727 784 1792 Νικὴτα,
829 1730 921 1774 τοῦ
966 1729 1215 1797 Γαγγρυῖιν
1276 1724 1532 1786 Ἰωάννου,
1600 1730 1692 1775 τοῦ

106 1814 278 1885 Μύρων
334 1816 721 1887 Χριστοφόρου⁸
777 1820 870 1863 τοῦ
924 1815 1175 1881 Κορίνθου
1231 1808 1532 1886 Θεοδώρου,
1600 1820 1692 1865 τοῦ

107 1901 320 1958 Ἀθηνῶν
340 1899 627 1969 Νικολάου,
653 1907 748 1953 τοῦ
797 1907 1063 1958 Μωκησοῦ
1113 1907 1312 1968 Λουκᾶ,
1354 1910 1447 1953 τοῦ
1487 1904 1694 1974 Κρήτης

104 1990 352 2058 Ἰωάννου,
393 1998 488 2042 τοῦ
538 1993 929 2064 Τραπεζοῦντος
976 1989 1220 2063 Μιχαὴλ,
1275 1998 1365 2043 τοῦ
1412 1994 1694 2065 Λαρίσσης

98 2079 349 2146 Ἰωάννου,
382 2085 477 2131 τοῦ
521 2078 973 2139 ⁴Ινιλιιιτι-πουττόλεως
1014 2079 1306 2153 Βασίλειον.
1369 2100 1461 2131 του
1507 2075 1691 2132 Ῥόδου

98 2172 365 2237 Λέοντος,
429 2188 521 2219 του
578 2167 844 2221 ⁴ιδιλίπττων
874 2169 1130 2235 Ἰωαννου,
1182 2176 1271 2221 τοῦ
1320 2166 1694 2241 Ἀὃριανουπ-ὀ-

96 2258 211 2319 λεως
238 2261 471 2323 Λέοντος,
498 2265 589 2309 τοῦ
626 2255 957 2332 Ἰεραπόλεως
990 2262 1271 2333 Γεωργίον,
1316 2268 1411 2309 τοῦ
1458 2258 1692 2318 Μιτυλή-

97 2367 180 2408 νης
202 2347 398 2413 Ηόθου,
432 2353 524 2397 τοῦ
553 2350 673 2398 νέων
706 2353 923 2421 Πατρῶν
957 2346 1240 2420 Εὐθυμίου,
1292 2354 1384 2398 τοι)
1416 2347 1693 2419 Εὐχαὶτων

100 2440 510 2505 Κωνσταντίνου,
543 2442 631 2487 του
674 2432 1038 2509 Ἀμάστριδος
1096 2437 1354 2504 Ἰωάννου,
1389 2445 1480 2489 τοῦ
1512 2438 1693 2495 Θηϐῶν

98 2526 350 2592 Ἰωάννου,
376 2532 470 2576 τοῦ
503 2523 695 2598 Σερρῶν
720 2522 1022 2597 Θεοδώρου,
1071 2534 1161 2578 τοῦ
1222 2528 1376 2579 Αἴνου
1432 2525 1689 2597 Ἰωάννου,

96 2623 178 2666 τοὺ
205 2620 469 2690 Δρίστρας
495 2618 732 2682 Λέοντος,
786 2622 878 2666 τοῦ
939 2618 1205 2689 Κερκύρας
1268 2622 1679 2675 Κωνσταντίνον.

92 2699 432 2756 τοῦἈϐὐδου
469 2703 715 2776 Μιχαὴλ,
764 2711 866 2755 τσῦ
912 2705 1206 2777 Μηθύμνης
1257 2704 1536 2771 Νικολάου,
1592 2714 1686 2760 τοῦ

95 2789 515 2863 Λακεδαιμονίας
558 2794 788 2851 Νικήτα,
846 2800 937 2845 τοῦ
986 2793 1328 2868 Μεσημϐρίας
1387 2791 1688 2870 Θεοδώρου,

92 2891 175 2933 τοῦ
226 2880 464 2940 Μιλήτου
518 2887 746 2951 Νικήτα,
798 2889 889 2934 τοῦ
946 2887 1251 2956 Μαρωνείας
1318 2889 1542 2956 Νικήτα,
1597 2904 1688 2936 του

92 2968 573 3044 Ἀρκαδιουπόλεως
628 2975 1040 3039 Κωνσταντίνου,
1104 2980 1198 3024 τοῦ
1256 2978 1454 3048 Παρίου
1530 2981 1680 3027 Νικο-

1389 216 1737 281 THESAURI
1775 215 1903 274 LIB.
1949 222 2102 280 XXV.

3343 240 3454 299 238

1725 346 1771 399 Α
1801 345 2177 409 nobilissimo
2205 358 2259 411 et
2290 358 2554 429 eparcho
2581 359 2796 417 Basilio
2844 356 3156 420 Camatero
3187 380 3202 433 ;
3249 369 3456 437 proto«

1801 437 2178 528 nobilissimo
2211 446 2435 503 lsaacio
2454 448 2783 519 Acolutho;
2815 451 3194 509 nobilissimo
3249 458 3307 511 et
3334 455 3457 528 pri-

1802 526 2043 586 micerio
2086 533 2574 594 bardariotarum
2623 538 2846 597 Basilio
2878 538 3206 617 'l‘ripsycho
3235 548 3291 601 et
3326 526 3453 602 non

1801 618 2011 690 paucis
2029 620 2181 689 aliis,

1872 1094 1924 1146 2.
1942 1089 2400 1146 Considentibus
2439 1091 2833 1149 sanctissimis
2848 1094 3454 1173 patriarchis,nempe

1804 1179 2181 1235 sanctissimo
2193 1183 2250 1234 et
2266 1179 2639 1235 acumenico
2656 1180 2998 1252 patriarcha
3014 1183 3263 1240 domino
3279 1187 3454 1254 Luca,

1803 1267 2180 1323 sanctissimo
2207 1268 2545 1340 patriarcha
2567 1269 2730 1326 urbis
2757 1271 2857 1326 Dei
2882 1286 3120 1342 magna
3137 1274 3458 1332 Antiochia

1803 1356 2052 1412 domino
2082 1357 2430 1427 Athanasio,
2465 1361 2521 1413 et
2545 1358 2926 1416 sanctissimo
2958 1361 3302 1432 patriarcha
3329 1364 3460 1420 Hie-

1803 1440 2243 1501 rosolvmitano
2324 1445 2576 1501 Domino
2638 1447 2985 1519 Nicephero:
3059 1451 3460 1521 praesentibus

1806 1535 1984 1590 etiam
2008 1534 2425 1590 sacratissimis
2455 1535 2773 1607 episcopis,
2802 1537 3095 1593 Heraclea
3157 1539 3459 1611 Michaele,

1807 1624 1994 1695 Cyzici
2019 1623 2252 1691 Basilio,
2279 1623 2637 1680 Nicomedia
2665 1624 2967 1693 Michaele,
3028 1628 3303 1684 Amasea
3362 1630 3460 1686 Ni-

1724 1698 1766 1752 Β
1806 1718 1954 1776 ceta,
1982 1712 2277 1768 Melitenes
2307 1712 2526 1780 Niceta,
2559 1716 2935 1784 Gangrorum
2965 1717 3214 1787 Joanne,
3267 1720 3461 1790 Myro-

1804 1818 1939 1859 rum
1966 1801 2408 1875 Christophoro,
2443 1803 2707 1859 Corinthi
2731 1805 3061 1877 Theodoro,
3091 1806 3462 1866 Athenarum

1802 1891 2065 1960 Nicolao,
2090 1891 2303 1948 Mocesi
2324 1893 2502 1961 Luca,
2544 1893 2724 1948 Creta
2770 1895 3021 1959 Joanne,
3077 1897 3461 1969 Trapezuntis

1802 1981 2102 2050 Michaele,
2125 1981 2372 2037 Larissa
2398 1982 2649 2053 Joanne,
2692 1980 3177 2057 Philippopoleos
3220 1974 3463 2058 Basilio,

1804 2070 2000 2125 Rhodi
2028 2074 2242 2135 Leone,
2297 2070 2708 2144 Philipporum
2748 2074 2999 2141 Joanne,
3034 2072 3455 2148 HadrianOpo-

1801 2160 1925 2216 leos
1961 2163 2174 2231 Leone,
2215 2160 2597 2233 Hierapoleos
2623 2161 2897 2232 Georgio,
2922 2162 3229 2236 Mitylenes
3250 2164 3457 2239 Potho,

1804 2253 2238 2322 Neopatrarum
2249 2248 3023 2322 Euthymio,Euchaitarum
3038 2252 3429 2310 Constantino
3440 2296 3456 2321 ,

1802 2337 2154 2395 Amastridis
2174 2341 2426 2406 Joanne,
2457 2339 2797 2396 Theborum
2821 2334 3094 2411 iJoanne,
3151 2343 3462 2400 Serrarum

1802 2428 2134 2494 Theodoro,
2184 2428 2313 2484 IEni
2348 2430 2598 2490 Joanne.
2656 2429 2889 2484 Dristra
2945 2430 3158 2499 Leone,
3188 2431 3457 2504 Corcyra

1802 2518 2209 2583 Constantino,
2243 2516 2437 2589 Abydi
2481 2516 3144 2591 Michaele,Methymna
3192 2519 3455 2590 Nicolao,

1803 2607 2272 2664 Lacedamonia
2289 2608 2506 2676 Niceta,
2538 2607 3006 2680 Arcadiopoleos
3037 2610 3450 2682 Constantino,

1801 2696 1951 2752 Parii
1974 2696 2235 2766 Nicolao,
2267 2695 2643 2752 Praconnesi
2674 2697 2920 2767 Isaacio,
2955 2695 3238 2770 Selybria
3272 2699 3462 2756 Theo-

1800 2787 1962 2853 dulo,
2021 2786 2188 2842 Derci
2243 2787 2491 2852 Joanne,
2532 2785 2802 2841 Anchiali
2863 2786 3214 2858 Stephano:
3250 2792 3455 2845 astan-

1799 2876 1961 2933 tibus
2009 2876 2205 2932 etiam‘
2248 2875 2346 2931 Dei
2391 2875 2824 2931 amantissimis
2876 2875 3291 2933 ecclesiasticis
3312 2892 3462 2951 pra-

1798 2970 2027 3044 positis.

86 3060 224 3127 λάου,
283 3068 381 3113 τοῦ
436 3065 826 3135 Προικοννήσου
870 3060 1158 3125 Ἰσαακίου,
1196 3071 1288 3114 τοῦ
1340 3061 1611 3137 Σελυϐρίας
1636 3061 1945 3131 Θεοδούλου,
1968 3065 2058 3113 τοῦ
2088 3059 2276 3130 Δέρκου
2299 3053 2559 3123 Ἰωάννου,
2590 3057 2681 3106 καὶ
2711 3059 2806 3106 τοῦ
2851 3053 3132 3129 Ἀγγιαλου
3155 3057 3410 3130 Στεφάνου
3436 3068 3453 3093 ί

90 3154 600 3225 συμπαρεσταμένων
626 3154 714 3202 καὶ
744 3158 842 3201 τῶν
878 3149 1280 3223 θεοφιλεστάτων
1311 3150 1757 3211 ἐκκλησιαστικῶν
1788 3153 2078 3228 ἀρχόντων-

290 3239 441 3292 Ἒπεὶ
524 3242 626 3314 πρὸ
701 3259 850 3291 τινων
890 3240 1094 3312 ἡμερῶν
1169 3242 1359 3313 ἔφθασε
1401 3240 1692 3302 λαληθῆναι

1635 3333 1693 3386 Ὀ

92 3424 266 3491 Πατήρ
334 3438 438 3489 μου
516 3418 708 3490 μείζων
744 3419 844 3489 μου
900 3416 1030 3487 ἔστι,
1091 3418 1343 3476 συνῆλθον
1412 3420 1696 3491 προστάξει

92 3516 173 3570 τῆς
257 3506 538 3568 Βασιλείας
597 3526 698 3579 μου
791 3511 1016 3580 σήμερον
1092 3509 1140 3559 οἱ
1225 3503 1566 3581 ἐνδημοῦντες

89 3597 431 3669 μεγαλοπόλει
478 3595 766 3672 ἀρχιερεῖς,
815 3602 905 3648 καὶ
969 3596 1321 3670 apro-triduom
1372 3599 1510 3659 ὅπως
1559 3606 1694 3651 νοεῖ-

88 3706 161 3737 ται
216 3690 282 3739 τὸ
346 3693 582 3738 τοιοῦτον
658 3682 986 3757 εὖαγγελικὸν
1038 3686 1215 3759 ῥητόν,
1273 3691 1478 3761 Πρῶτος
1523 3693 1696 3740 τοίνυν

150 3238 219 3312 7'-

87 3330 229 3401 λόγος
292 3330 444 3402 παρά
499 3348 651 3380 τινων
722 3332 840 3405 περὶ
894 3337 986 3381 τοῦ
1061 3332 1200 3390 ὅπως
1242 3337 1436 3383 νοεῖται
1492 3334 1573 3398 τὸ,

84 3776 105 3825 0'
155 3775 479 3851 Ἡρακλείας
525 3773 804 3849 ἐρωτηθεὶς
850 3774 894 3826 εἰ
940 3778 998 3826 τὸ
1049 3774 1107 3826 '0
1156 3778 1335 3848 Πατήρ
1371 3795 1473 3849 μου
1503 3776 1695 3848 μείζων

83 3868 175 3935 μ.οηῦ
230 3865 406 3919 ἐστιν.
483 3867 687 3935 εἳρηται
721 3866 866 3938 παρὰ
903 3872 996 3915 τοῦ
1051 3868 1245 3937 Κυρίου
1278 3870 1367 3917 καὶ
1417 3872 1551 3919 Θεοῦ
1605 3871 1695 3918 καὶ

81 3961 321 4029 Σωτῆρος
373 3956 522 4027 ἡμῶν
577 3952 755 4010 Ἰησοῦ
804 3958 1060 4027 Χριστοῦ,
1128 3957 1221 4005 καὶ
1296 3957 1432 4006 κατά
1493 3958 1587 4012 τὴν
1644 3956 1693 4008 εν

80 4045 218 4116 αὐτῷ
268 4048 502 4102 κτιστήν
544 4044 699 4114 φύσιν
757 4043 873 4093 καθ’
934 4045 996 4099 ἣν
1053 4046 1143 4093 καὶ
1195 4045 1434 4105 πέπονθε,
1496 4038 1697 4097 δέδωκε

82 4142 149 4204 τῷ
204 4137 389 4207 Πατρὶ
432 4136 523 4183 καὶ
560 4134 697 4183 κατά
718 4138 870 4184 τοῦτο
912 4150 969 4182 το
997 4131 1207 4203 μείζων
1241 4137 1332 4184 καὶ
1391 4134 1479 4193 τὰς
1509 4132 1696 4192 λοιπὰς

82 4222 149 4284 εὶς
210 4230 380 4275 τοῦτο
448 4230 548 4273 τῶν
620 4221 779 4293 ἁγίων
872 4224 1116 4295 Πατίρων
1203 4220 1466 4292 ὶξηγὴσεις
1540 4220 1694 4274 εἰπὼν

80 4309 479 4384 ἀποδέχεσθαι.
535 4310 596 4363 Ὀ
657 4311 886 4371 Κυζίκου
929 4318 1023 4372 τῆς
1091 4309 1249 4371 αὐτῆς
1332 4306 1438 4363 εἶπε
1483 4316 1696 4382 γνώμης

84 4399 211 4453 dum
255 4408 336 4470 τῷ
388 4399 716 4474 Ἠρακλείας.
768 4397 826 4451 '0
882 4395 1246 4472 Νικομηδείας
1294 4398 1387 4470 ἐφη
1436 4402 1524 4467 ὡς,
1558 4399 1699 4452 Ἐπεὶ

81 4494 165 4541 τὸν
226 4480 325 4545 ἕνα
388 4493 480 4541 καὶ
518 4485 814 4562 ἀδιαίρετον
854 4491 939 4540 τὸν
990 4492 1241 4562 Χριστὸν,
1295 4493 1384 4540 καὶ
1431 4508 1562 4561 μετα
1602 4493 1697 4547 τὴν

84 4580 363 4653 ἰφραστον
443 4580 709 4652 σάρκωσιν
756 4576 804 4629 ἓν
892 4573 1019 4630 δυσὶ
1069 4579 1261 4649 φύσεσι
1322 4579 1495 4651 θεωρῶ
1546 4576 1697 4650 ἁτρέ-

80 4687 236 4729 πτοις
279 4673 377 4720 καὶ
406 4664 759 4738 ἀσυγχύτοις,
791 4670 1025 4737 ακτίστῳ
1068 4685 1122 4719 τε
1171 4671 1261 4718 καὶ
1317 4674 1529 4738 κτιστῇ,
1558 4666 1695 4718 ἀπα-

81 4758 158 4809 Θεί
206 4777 269 4810 τε
328 4762 421 4808 καὶ
475 4758 711 4827 παθητῇ,
771 4752 1158 4827 ἓκλαμϐὰνομαι
1234 4758 1293 4807 τὸ
1366 4754 1699 4827 εὐαγγελικὸν

73 4846 237 4919 ῥητὸν
314 4848 396 4908 τὸ,
453 4844 513 4896 '0
570 4844 753 4919 Πατὴρ
819 4862 922 4917 μου
980 4844 1170 4916 μείζων
1246 4846 1347 4915 μου
1414 4842 1549 4914 ἐστι,
1610 4848 1700 4896 καὶ

73 4938 216 4988 κατᾶ
242 4935 380 5008 ξτὴν
422 4933 472 4986 ἄν
529 4933 671 5004 αὖτῷ
723 4939 942 4991 κτιστήν
998 4952 1051 4985 τε
1092 4938 1180 4986 καὶ
1224 4933 1464 4991 παθητὴν
1522 4935 1696 5005 φύσιν·

74 5022 489 5099 ἀποδεχόμενος
513 5029 602 5077 καὶ
623 5026 719 5084 τὰς
752 5021 903 5084 ἄλλας
931 5027 1050 5096 περὶ
1093 5031 1184 5074 τοῦ
1242 5041 1482 5074 τοιουτου
1538 5022 1700 5096 ῥητοῦ

74 5113 388 5188 ἑρμηνείας,
422 5112 478 5174 ἃς
508 5115 557 5166 οἱ
610 5121 706 5175 τῆς
736 5110 1054 5173 Ἐκκλησίας
1108 5120 1378 5187 φωστῆρες
1436 5111 1698 5187 εἰρηκασι.

70 5208 151 5255 τα
206 5203 355 5256 αὐτὰ
408 5201 814 5277 ἀπαραλλάκτως
855 5199 1020 5272 λέγειν
1081 5209 1152 5270 τῷ
1203 5197 1559 5273 Νικομηδείας
1614 5204 1703 5252 καὶ

75 5292 101 5343 ὁ
187 5292 490 5366 Ἀμασείας
572 5289 871 5362 ὶφθέγξατο,
955 5287 1015 5340 '0
1090 5288 1382 5351 Μελιτηνῆς
1433 5285 1568 5342 εἶπεν
1625 5292 1705 5340 ὅτι

79 5381 356 5443 Ἀκούσας
417 5386 511 5431 τοῦ
567 5383 762 5451 Κυρίου
793 5378 939 5450 ἡμῶν
971 5378 1149 5435 Ἰησοῦ
1199 5385 1435 5452 Χριστοῦ
1473 5378 1707 5450 λέγοντος

78 5468 129 5522 ἰν
162 5466 282 5532 τοῖς
328 5467 669 5541 Εὐαγίελίοις
693 5465 753 5520 '0
807 5472 992 5541 Πατήρ
1032 5486 1132 5540 μου
1186 5468 1377 5539 μείζων
1433 5471 1534 5541 μού
1570 5466 1704 5538 ἐστι,

77 5559 218 5632 λέγω
269 5567 432 5614 τοῦτο
481 5557 743 5633 εἰρηκέναι
784 5555 939 5610 αὐτὸν
992 5560 1083 5609 καὶ
1127 5559 1262 5609 κατὰ
1306 5560 1402 5616 τὴν
1465 5555 1515 5611 ἓν
1566 5556 1707 5629 αὐτῷ

1875 3244 1926 3297 3.
1952 3235 2248 3305 Quoniam
2280 3236 2417 3289 ante
2452 3226 2676 3304 aliquoi
2701 3230 2829 3287 dies
2860 3246 3059 3289 sermo
3090 3248 3126 3289 a
3155 3232 3460 3292 nonnullis

1806 3331 2148 3385 commotus
2187 3324 2316 3393 fuit,
2346 3321 2659 3396 quomodo
2688 3321 3075 3392 intelligenda
3119 3324 3237 3381 sint
3272 3325 3461 3385 verba

1803 3420 1992 3477 Pater
2017 3431 2178 3472 meus
2208 3414 2406 3483 major
2430 3426 2522 3469 me
2553 3416 2657 3479 est,
2682 3416 3091 3469 convenerunt
3116 3415 3296 3485 jussu
3332 3432 3460 3472 ma—

1802 3507 2036 3581 jestatis
2060 3519 2209 3561 mea
2238 3500 2550 3574 hodie,qui
2577 3504 2745 3559 erant
2768 3500 2829 3557 in
2856 3517 3081 3573 magna
3094 3502 3241 3561 urbe
3257 3504 3456 3577 ponti-

1803 3594 2447 3666 ﬁces,rogatiquesunt
2474 3590 2724 3665 quinam
2766 3606 2983 3648 sensus
3026 3593 3101 3649 sit
3128 3594 3457 3665 evangelici

1804 3686 1989 3759 hujus
2016 3682 2175 3739 dicti.
2197 3681 2425 3737 Primus
2454 3695 2598 3751 ergo
2637 3679 3033 3737 Heracliensis
3051 3684 3298 3752 rogatus
3326 3697 3457 3738 sen-

1807 3776 2076 3838 tentiam,
2112 3787 2188 3828 an
2218 3769 2407 3827 verba
2426 3768 2606 3826 Pater
2622 3784 2787 3825 meus
2814 3772 3016 3840 major
3037 3786 3130 3826 me
3158 3776 3263 3839 est,
3294 3769 3457 3827 dicta

1804 3864 2024 3921 fuerint
2053 3877 2089 3919 a
2118 3858 2374 3916 Domino
2403 3860 2462 3915 et
2482 3859 2599 3914 Deo
2626 3860 2683 3913 et
2709 3858 3017 3915 Servatore
3072 3862 3277 3913 nostro
3319 3860 3458 3914 Jesu

1806 3952 2033 4009 Christo
2053 3951 2233 4007 etiam
2259 3945 2598 4003 secundum
2631 3961 2809 4002 suam
2862 3950 3126 4003 creatam
3173 3949 3458 4003 naturam

1803 4040 1862 4098 in
1894 4057 2017 4114 qua
2049 4044 2105 4096 et
2142 4051 2359 4111 passus
2385 4038 2512 4104 est;
2567 4035 2862 4091 concessit
2919 4035 3072 4092 Patri
3127 4034 3457 4109 epithetum

1804 4133 2002 4202 major
2029 4147 2043 4198 ;
2067 4134 2123 4185 et
2148 4132 2392 4183 cateras
2415 4139 2659 4199 quoque
2700 4124 2862 4181 effati
2895 4125 3078 4197 hujus
3110 4130 3458 4184 sanctorum

1805 4223 2042 4278 Patrum
2083 4215 2599 4290 interpretationes
2645 4231 2709 4270 se
2747 4212 3059 4272 admittere
3096 4215 3263 4273 dixit.
3298 4217 3459 4291 Cyzi-

1807 4325 1991 4366 cenus
2021 4308 2080 4363 ia
2109 4306 2322 4363 eadem
2350 4303 2645 4362 sententia
2676 4318 2742 4360 se
2780 4319 2917 4361 esse
2940 4304 3105 4377 dixit,
3130 4322 3319 4380 quam
3342 4306 3459 4363 He-

1807 4397 2115 4455 racliensis
2144 4394 2474 4468 protulerat
2503 4390 2967 4450 Nicomediensis
2996 4393 3145 4453 dixit
3175 4412 3189 4452 :
3236 4398 3358 4466 Ego
3384 4395 3459 4452 de

1808 4487 1986 4543 unius
2007 4491 2063 4541 et
2094 4482 2389 4540 individui
2422 4482 2653 4552 Christi,
2693 4483 2874 4539 etiam
2903 4488 3040 4555 post
3093 4483 3460 4542 ineﬂabilem

1732 4601 1775 4655 ι)
1807 4573 2310 4640 incarnationem,
2342 4570 2583 4628 duabus
2626 4571 2858 4628 naturis
2902 4572 3460 4631 inconvertibiiibus

1809 4670 1869 4721 et
1904 4663 2257 4731 inconfusis,
2290 4662 2556 4719 increata
2587 4660 2807 4718 scilicet
2836 4665 2893 4718 et
2932 4666 3150 4730 creata,
3176 4663 3462 4742 impassi_—

1808 4754 1911 4812 bili
1932 4758 1989 4809 et
2016 4751 2307 4825 passibili.
2328 4749 2593 4821 intelligo
2613 4751 3029 4820 evangelicum
3059 4751 3310 4823 dictum,
3357 4755 3463 4811 Pa-

1810 4849 1902 4901 ter
1939 4858 2102 4899 meus
2132 4842 2337 4912 major
2364 4855 2456 4897 me
2477 4846 2558 4897 est
2596 4856 2609 4906 ;
2643 4854 2861 4913 nempe
2887 4840 3067 4897 etiam
3099 4840 3179 4895 ad
3198 4843 3461 4895 creatam

1809 4931 1995 5004 ipsius
2018 4927 2486 5004 passibilemque
2506 4931 2789 4984 naturam
2826 4927 2888 4983 id
2939 4926 3163 4983 refero:
3214 4926 3463 5000 recipio.

1811 5036 1927 5094 que
1955 5019 2135 5076 simul
2159 5019 2308 5076 alias
2334 5033 2579 5091 quoque
2598 5018 2854 5092 hujusce
2867 5017 3008 5074 dicti
3027 5017 3462 5093 interpretatio-

1811 5126 1944 5175 nes,
1966 5126 2120 5184 quas
2152 5109 2423 5165 Ecclesia
2449 5109 2883 5165 illuminatores
2904 5108 3462 5183 pronuntiaverunt.

1812 5203 1874 5256 In
1910 5198 2376 5256 Nicomediensis
2401 5198 2758 5255 sententiam
2787 5199 3047 5271 pedibus
3069 5214 3130 5255 se
3177 5199 3262 5256 ire
3289 5203 3466 5257 Ama-

1815 5305 1995 5345 senus
2021 5288 2192 5344 dixit.
2229 5287 2539 5345 Melitensis
2571 5287 2688 5347 ait:
2716 5290 2838 5357 Ego
2855 5288 3110 5345 audiens
3142 5289 3466 5347 Dominum

1814 5385 2088 5435 nostrum
2109 5380 2307 5434 Jesum
2340 5377 2636 5433 Christum
2668 5376 2729 5433 in
2759 5377 3095 5448 Evangeliis
3120 5379 3419 5437 dicentem
3449 5397 3463 5436 :

1816 5470 1994 5525 Pater
2022 5482 2184 5525 meus
2212 5469 2412 5537 major
2433 5481 2527 5522 me
2550 5469 2654 5537 est,
2699 5465 2794 5522 aio
2846 5465 2964 5523 hoc
2998 5467 3117 5524 dici
3164 5470 3348 5526 etiam
3390 5468 3467 5526 de

1820 5560 2022 5614 creata
2050 5556 2325 5628 ejusdem
2350 5558 2589 5613 natura.
2617 5554 2978 5629 Gangrensis
3003 5555 3149 5614 dixit
3181 5558 3333 5632 :Ego
3363 5573 3469 5617 au-

1731 3245 1771 3298 C
