4046 6310
533 288 640 345 210

1846 288 2115 345 ΝΙΟΕΤΑΞ
2146 289 2564 349 ΟΗΟΝΙΤΑΤΛΕ

3784 294 3962 351 220

536 426 671 468 ram
719 412 1084 486 Sapientiam
1125 409 1400 470 dicamus
1449 412 1786 470 secundum
1840 417 2178 471 terrestrem

2304 418 2379 473 fnv
2434 419 2622 488 Σοφίαν
2676 417 2811 468 κατὰ
2868 421 2962 475 τὴν
3019 419 3161 470 κάτω
3216 421 3477 490 γέννησιν,
3536 421 3766 490 γέννημα
3845 413 3956 469 δὲ

537 498 913 557 nativitatem
963 519 977 568 ;
1029 500 1236 556 Filium
1284 505 1485 556 autem
1538 501 1875 559 secundum
1918 503 2181 576 primam

537 588 857 661 magisque
884 588 1552 661 incomprehensibilem
1571 587 1599 642 Ῥ

535 674 602 734 S.
626 676 878 751 Joannis
911 678 1274 751 Damasceni
1323 677 1406 734 ad
1454 692 1547 734 eos
1600 680 1708 749 qui
1758 686 2000 751 rogant,
2030 682 2185 738 sitne

770 746 1002 805 Christi
1020 762 1275 818 persona
1303 756 1526 819 creata,
1546 746 1628 806 an
1656 746 1946 809 increala.

605 927 694 979 22.
725 924 830 980 Dei
853 924 1034 982 Verbi
1062 941 1340 999 persona,
1370 933 1506 986 ante
1534 945 1779 988 carnem
1808 935 2185 1005 assumptam

538 1011 794 1084 simplex
836 1018 982 1084 erat,
1029 1032 1139 1072 nec
1180 1017 1537 1089 composita.
1579 1035 1828 1093 corpore
1859 1036 2090 1093 expers,
2130 1026 2187 1077 et

536 1098 818 1158 increata.
859 1104 943 1158 Ex
982 1119 1105 1176 quo
1148 1109 1349 1161 autem
1398 1122 1641 1162 carnem
1684 1109 1965 1183 suscepit,
2020 1107 2186 1164 carni

537 1183 782 1263 quoque
811 1206 1070 1263 persona
1098 1193 1256 1250 facta
1275 1198 1385 1265 est,
1411 1196 1866 1270 compositaque
1896 1199 2085 1255 evasit
2111 1214 2186 1254 ex

536 1277 868 1349 divinitate,
898 1297 1086 1352 quam
1106 1299 1423 1356 nunquam
1448 1301 1571 1341 non
1592 1285 1826 1356 habuit,
1840 1291 1896 1343 et
1912 1303 1985 1342 ex
2006 1303 2184 1343 carne

537 1378 743 1439 quam
770 1371 1103 1444 assumpsit
1136 1391 1149 1428 :
1184 1373 1453 1445 geritque
1483 1375 1635 1431 adeo
1666 1375 1920 1449 duplicis
1954 1382 2184 1433 naturae

536 1457 956 1529 proprietates,
991 1465 1193 1532 utpote
1222 1478 1356 1534 quae
1387 1462 1447 1518 in
1476 1464 1717 1521 duabus
1741 1465 1970 1521 naturis
1990 1465 2185 1521 nosci-

536 1549 651 1600 tur.
686 1547 815 1611 Quo
844 1546 910 1602 fit
938 1552 1003 1604 ut
1032 1564 1153 1605 una
1182 1550 1516 1624 eademque
1544 1568 1802 1625 persona
1831 1560 1887 1609 et
1912 1553 2184 1610 divinita-

536 1632 615 1689 tis
644 1635 874 1691 ratione
897 1636 1164 1695 increata
1192 1638 1284 1709 sit,
1326 1646 1382 1696 et
1411 1647 1609 1698 creata
1647 1643 1878 1700 ratione
1903 1644 2183 1700 humani-

538 1723 676 1778 tatis
701 1740 713 1790 ;
743 1724 993 1781 visibilis
1024 1726 1203 1783 simul
1234 1733 1290 1784 et
1326 1728 1668 1789 invisibilis.
1699 1734 1847 1788 Nam
1874 1731 2101 1804 alioqui
2120 1733 2184 1788 in
2213 1768 2256 1823 Β

538 1826 641 1869 eas
680 1813 986 1883 angustias
1012 1815 1405 1887 adducemur,
1436 1824 1502 1875 ut
1529 1819 1625 1876 vel
1652 1836 1844 1877 unum
1876 1821 2184 1878 eumdem-

536 1915 657 1973 que
710 1902 1003 1959 Christum
1047 1905 1411 1976 dividamus,
1466 1909 1621 1966 duas
1672 1926 1966 1982 personas
2019 1927 2180 1966 asse-

536 1990 763 2061 rendo;
793 1992 890 2049 vel
940 1998 1291 2053 naturarum
1333 1997 1777 2056 distinctionem
1819 2000 2178 2068 inﬁciantes,

539 2081 988 2139 conversionem
1017 2090 1121 2141 aut
1144 2087 1563 2145 confusionem
1592 2090 1975 2148 inducamus.

536 2168 824 2239 Ejusdem
852 2173 1185 2242 capitulum
1233 2176 1501 2305 ggbude
1526 2182 1887 2236 naturarum
1910 2181 2183 2250 proprie-

1430 2266 1480 2304 s.

1430 2266 1480 2304 8ο

607 2328 697 2387 23.
739 2333 1031 2390 Eumdem
1059 2350 1239 2406 porro
1282 2336 1606 2395 Dominum
1653 2345 1926 2397 nostrum
1981 2341 2185 2396 Jesum

539 2418 861 2490 Christum,
884 2426 943 2479 et
968 2424 1297 2495 perfectum
1326 2429 1538 2497 Deum,
1566 2433 1622 2484 et
1639 2430 1969 2501 perfectum
1994 2429 2187 2485 homi

539 2522 681 2565 nem
729 2511 1149 2582 praedicantes,
1194 2515 1311 2572 hoc
1356 2517 1729 2588 proﬁtemur,
1790 2518 2073 2574 eumdem
2129 2520 2187 2573 et

539 2599 748 2657 omnia
775 2600 1019 2667 habere,
1059 2618 1195 2675 quae
1236 2610 1408 2677 pater
1434 2605 1636 2670 habet,
1663 2611 1912 2679 excepta
1939 2606 2186 2677 ingeniti

539 2690 946 2761 proprietate;
995 2693 1049 2748 ei
1078 2695 1285 2751 omnia
1329 2697 1492 2768 item,
1534 2712 1671 2770 quas
1710 2697 1941 2769 primus
1969 2697 2184 2761 Adam,

541 2783 790 2850 excepto
819 2779 946 2836 solo
987 2787 1258 2853 peccato,
1300 2785 1415 2841 hoc
1440 2790 1549 2852 est,
1581 2801 1803 2858 corpus
1829 2792 1887 2842 et
1916 2788 2186 2843 animam

538 2865 767 2923 ratione
802 2871 859 2925 et
897 2868 1287 2941 intelligentia
1324 2874 1638 2946 praeditam
1684 2893 1698 2928 :
1758 2875 1905 2948 quin
1956 2873 2186 2931 habere

539 2953 719 3010 etiam
744 2972 907 3027 eum,
933 2959 1019 3015 uti
1047 2959 1288 3017 duabus
1315 2963 1547 3019 naturis
1588 2969 2058 3021 consentaneum
2078 2966 2186 3030 est,

537 3043 808 3117 duplices
844 3052 1195 3107 naturarum
1239 3050 1501 3109 duarum
1529 3053 1832 3111 naturales
1860 3053 2187 3127 proprieta-

2290 506 2424 557 κατά
2453 510 2546 563 τὴν
2575 509 2784 580 πρώτην
2823 511 2913 558 xui
2950 505 3096 559 πλέον
3122 506 3350 565 ἀληπτον
3378 524 3392 574 ;

2289 689 2391 735 Τοῦ
2422 681 2574 755 ἁγίου
2606 683 2842 737 Ἰωάννου
2870 690 2963 737 τοῦ
3007 691 3352 758 Δαμασκηνοῦ
3400 689 3527 758 πρός
3563 688 3682 758 τοὺς
3717 684 3947 756 λέγον-

2361 773 2473 823 τας,
2498 756 2529 812 ἡ
2557 757 2851 830 ὑπόστασις
2886 762 2977 809 τοὺ
3009 756 3242 830 Χριστοῦ
3274 756 3483 828 uno-ri),
3516 758 3544 816 ἢ
3580 757 3837 818 οἰκτιστος
3908 770 3936 784 ⁸

2365 832 2486 897 Κεφ.
2509 825 2623 900 px:
2661 828 2799 895 (22).

2510 933 2569 985 Ἠ
2609 935 2898 995 ὑπόστασις
2945 942 3036 987 τοῦ
3086 942 3220 989 Θεοῦ
3271 940 3445 1007 Λόγου
3484 939 3614 1008 πρὸς
3642 940 3733 996 τὴς
3762 954 3937 1010 σαρ-

2292 1027 2496 1083 κώσεως
2550 1022 2684 1083 ἁπλῆ
2737 1020 2798 1094 ᾖν
2845 1028 2932 1075 xui
2983 1022 3259 1085 ἀσύνθετος
3306 1030 3396 1078 xui
3454 1023 3729 1096 ἀσώματος
3796 1029 3931 1077 καὶ

2292 1112 2554 1172 ἄκτιστος.
2605 1114 2940 1185 Σαρκωθείσα
2992 1110 3050 1167 δὲ
3097 1114 3228 1170 αὕτη
3268 1119 3445 1185 γέγονε
3472 1117 3562 1167 καὶ
3618 1122 3678 1185 τῇ
3728 1119 3935 1189 σαρκὶ

2293 1200 2585 1261 ὑπόστασις
2633 1217 2647 1230 ⁶
2701 1205 2790 1252 xui
2853 1204 3029 1272 γέγονε
3087 1203 3327 1264 σύνθετος
3379 1200 3432 1254 ἐκ
3497 1204 3756 1269 θεότητος,
3829 1201 3939 1263 ἧς

2292 1284 2433 1360 εἶχεν
2488 1287 2585 1358 ἀεὶ,
2639 1295 2729 1342 xui
2770 1288 2821 1352 ἐξ
2872 1291 2935 1351 ἧς
2991 1290 3304 1362 προσείληφε
3350 1294 3543 1362 σαρκός
3571 1304 3585 1320 '
3621 1295 3710 1343 xui
3749 1294 3935 1364 φέρει

2291 1386 2391 1428 τῶν
2448 1374 2545 1430 δύο
2595 1381 2793 1450 φύσεων
2848 1382 2914 1431 τὰ
2958 1375 3238 1452 ἰδιώματα,
3283 1378 3330 1431 ἐν
3371 1375 3502 1433 δυσὶ
3537 1378 3927 1450 γνωριζομένη

2291 1474 2406 1527 ταῖς
2444 1470 2682 1538 φύσεσιν,
2735 1466 2895 1520 Ὠστι
2959 1474 3048 1520 καὶ
3085 1468 3217 1526 αύτὴ
3264 1474 3360 1540 μία
3398 1470 3712 1532 ὑπόστασις,
3743 1467 3929 1519 οἷκτιο

2295 1560 2417 1618 στός
2457 1560 2511 1607 τέ
2556 1554 2668 1608 ἐστι
2715 1565 2777 1629 τῇ
2826 1559 3051 1620 θεότητι,
3077 1562 3167 1610 xui
3196 1562 3383 1615 κτιστὴ
3412 1565 3475 1629 τῇ
3506 1556 3921 1630 ἀνθρωπότητι,

2293 1646 2452 1718 ὁρατή
2487 1665 2541 1697 τε
2565 1651 2654 1698 xui
2676 1644 2914 1719 ἀόρατος.
2948 1646 3089 1700 Ἐπεῖ
3116 1646 3517 1718 ἀναγκαζόμεθα
3547 1643 3765 1717 διαιρεῖν
3800 1649 3921 1697 τὸν

2292 1734 2377 1786 ἕνα
2406 1739 2654 1809 Χριστόν,
2714 1732 2809 1788 δύο
2839 1738 2933 1796 τὰς
2969 1737 3289 1796 ὑποστάσεις
3322 1734 3573 1807 λέγοντες,
3602 1735 3631 1794 ἢ
3665 1739 3758 1792 τήν
3786 1742 3920 1785 τῶν

2291 1827 2489 1895 φύσεων
2530 1822 2798 1896 ἀρνεῖσθαι
2828 1821 3082 1897 διαφοράν
3115 1842 3128 1855 ·
3172 1829 3262 1876 xui
3292 1829 3489 1899 τροπὴν
3533 1824 3756 1895 εἰσάγειν
3798 1828 3918 1875 καὶ

2293 1916 2562 1985 σύγχυσιν
2575 1956 2587 1968 .

2292 2190 2394 2238 Τοῦ
2439 2182 2598 2236 αὑτοῦ
2662 2181 2932 2254 κεφάλαιον
2976 2180 3056 2255 ρς·’
3122 2184 3240 2254 περὶ
3274 2189 3373 2233 τῶν
3432 2176 3725 2252 ἰδιωμάτων
3784 2186 3909 2230 τῶν

2894 2257 3094 2326 φύσεων
3149 2254 3281 2324 (23).

2365 2343 2465 2416 κγ’.
2531 2342 2728 2396 Τι’λειον
2801 2339 2861 2395 δὲ
2936 2345 3064 2395 Θεὸν
3142 2341 3505 2413 ὁμολογοῦντες

2297 2434 2486 2503 Κύριον
2539 2433 2684 2502 ἡμῶν
2733 2431 2937 2489 Ἰησοῦν
2984 2434 3235 2502 Χριστόν,
3302 2434 3393 2482 xui
3445 2428 3631 2482 τέλειον
3695 2428 3922 2500 ἄνθρω-

3585 2342 3672 2391 τόν
3733 2338 3918 2391 αὐτὸν

2294 2539 2411 2589 πον,
2459 2525 2619 2593 φαμεν
2676 2524 2763 2572 τόν
2815 2520 2971 2573 αὑτὸν
3031 2522 3201 2572 πάντα
3262 2522 3403 2592 ἔχειν
3441 2520 3541 2570 ὃσα
3596 2518 3623 2569 ό
3685 2520 3914 2583 Πατήο,

2294 2608 2427 2667 πλὴν
2475 2607 2787 2680 ἀγεννησίας
2827 2626 2839 2638 ο
2891 2613 2982 2661 καὶ
3024 2610 3196 2661 πάντα
3248 2610 3389 2678 ἔχειν
3434 2608 3536 2659 ὃσα
3581 2607 3607 2657 ό
3638 2600 3821 2676 Ἀδὰμ
3876 2606 3916 2656 ὁ

2294 2706 2496 2771 πρῶτος
2547 2694 2686 2769 δίχα
2714 2702 2877 2769 μόνης
2926 2705 3020 2759 τῆς
3071 2696 3324 2770 ἁμαρτίας
3353 2711 3369 2726 ⁸
3402 2696 3554 2748 ἅτινά
3583 2694 3697 2747 ἐστι
3737 2701 3919 2766 σῶμα

2294 2791 2384 2839 xui
2421 2786 2576 2858 ψυχὴ
2625 2787 2807 2859 λογική
2867 2806 2921 2838 τε
2962 2791 3052 2838 xui
3079 2788 3230 2858 νοερά
3259 2803 3274 2816 ⁶
3308 2786 3448 2857 ἔχειν
3488 2781 3548 2836 δὲ
3573 2786 3726 2836 αὑτὸν
3757 2801 3915 2834 κατ-

2296 2874 2517 2935 αλλήλως
2562 2883 2677 2938 ταῖς
2731 2873 2861 2929 δυσὶ
2909 2879 3098 2948 φύσεσι
3138 2872 3303 2927 διπλᾶ
3338 2878 3403 2927 τά
3432 2880 3531 2925 τῶν
3562 2868 3659 2925 δύο
3690 2874 3911 2943 φύσεων

2297 2966 2493 3035 φυσικὰ
2551 2960 2816 3035 ἰδιωματα
2865 2985 2878 2997 ο
2951 2960 3047 3015 δύο
3096 2963 3324 3022 θελήσεις
3381 2962 3623 3034 φυσικὰς,
3660 2961 3799 3012 θείαν
3842 2978 3913 3011 τε

2295 3056 2385 3103 καὶ
2434 3051 2756 3126 ἀνθρωπίνην
2788 3066 2804 3083 ⁵
2850 3058 2940 3104 xui.
2974 3049 3222 3124 ἐνεργείας
3283 3047 3379 3102 δύο
3418 3051 3661 3122 φυσικὰς,
3707 3052 3801 3104 τήν
3842 3067 3913 3101 τε

536 3114 671 3204 tes;
724 3137 841 3193 hoc
869 3143 977 3211 est,
1010 3141 1164 3197 duas
1190 3143 1494 3200 naturales
1525 3114 1887 3212 voluntates:
1917 3114 2186 3199 divinam

2304 3140 2435 3192 θείαν
2464 3145 2554 3192 xui
2582 3144 2676 3198 τὴν
2703 3139 3026 3213 ἀνθρωπίνην
3049 3159 3062 3173 θ
3087 3145 3177 3193 xui
3203 3139 3515 3202 αὐτεξούσια
3545 3135 3642 3190 δύο
3672 3139 3911 3209 φυσικὰ,

538 3228 597 3282 et
631 3224 967 3284 humanam
1000 3247 1013 3285 :
1058 3229 1213 3286 duas
1248 3232 1392 3289 item
1425 3233 1730 3289 naturales
1785 3232 2186 3305 operationes,

538 3314 809 3371 divinam
834 3321 891 3371 et
916 3317 1251 3375 humanam
1294 3338 1308 3387 ;
1353 3320 1507 3378 duas
1537 3322 1841 3379 naturales
1870 3319 2099 3378 arbitrii
2123 3319 2191 3375 li-

539 3402 1108 3467 bertates,divinam
1128 3412 1185 3463 et
1199 3408 1563 3466 humanam:
1584 3427 1654 3466 ac
1674 3411 1934 3483 denique
1953 3410 2189 3482 sapien-

540 3491 686 3548 tiam
708 3496 766 3547 et
788 3493 1097 3550 scientiam
1126 3496 1448 3569 duplicem,
1466 3498 1734 3555 divinam
1757 3504 1814 3555 et
1833 3499 2185 3554 humanam.

541 3583 692 3639 Nam
721 3597 860 3638 cum
893 3584 1160 3655 ejusdem
1191 3601 1263 3642 ac
1296 3588 1461 3642 Pater
1490 3587 1841 3643 substantiae
1881 3588 1973 3651 sit,
2006 3586 2189 3642 libere

539 3670 670 3728 vult
698 3676 755 3727 et
776 3673 899 3743 agit
921 3678 983 3730 ut
1014 3675 1167 3729 Deus
1201 3691 1214 3729 :
1246 3692 1451 3731 rursus
1481 3692 1619 3732 cum
1659 3675 2190 3732 consubstantialis

543 3760 620 3817 sit
645 3761 845 3833 nobis,
866 3761 1050 3818 libere
1085 3763 1227 3819 item
1259 3764 1385 3820 vult
1402 3768 1461 3821 et
1489 3765 1631 3836 agit,
1658 3769 1724 3821 ut
1745 3764 1949 3821 homo.
1997 3763 2192 3836 Ipsius

543 3849 704 3907 enim
729 3850 1024 3908 miracula
1049 3857 1204 3919 sunt,
1237 3853 1425 3924 ipsius
1444 3868 1688 3926 quoque
1709 3854 2043 3923 passiones.

542 3942 642 3998 Ea:
667 3942 930 3998 secunda
960 3942 1023 3998 S.
1065 3942 1269 3999 Leonis
1303 3957 1483 4013 papa!
1524 3943 1783 3999 Romani
1818 3943 1899 3999 ad
1941 3944 2190 4000 Leonem

613 4019 1032 4080 imperatorem
1054 4015 1324 4082 epistola,
1352 4016 1519 4084 cujus
1538 4020 1622 4070 est
1642 4015 1983 4083 inscriptio:
2010 4037 2036 4062 ιι
2057 4014 2188 4069 Glo-

610 4084 936 4157 riosissimo
957 4090 1011 4139 et
1044 4086 1537 4157 tranquillissima
1553 4086 1681 4155 ﬁlio
1705 4087 1973 4157 Augusto
1984 4084 2186 4152 Leoni,

612 4155 727 4209 Leo
757 4156 1084 4223 episcopus.
1121 4176 1148 4203 ››

613 4244 703 4297 24.
725 4240 791 4295 In
807 4257 950 4298 vero
968 4242 1068 4297 Dei
1087 4248 1265 4315 atque
1284 4244 1548 4300 hominis
1562 4243 1911 4311 Filio,Verbi
1925 4248 1979 4299 et
1995 4242 2191 4299 carnis

545 4343 668 4385 una
687 4343 947 4401 persona
967 4335 1074 4399 est,
1089 4347 1223 4403 quae
1244 4330 1723 4403 inseparabiliter
1739 4338 1918 4402 atque
1941 4330 2193 4385 indivise

2298 3228 2431 3280 θεῖόν
2459 3248 2511 3281 τε
2548 3235 2637 3281 καὶ
2677 3228 2992 3302 ἀνθρώπινον
3017 3247 3029 3259 ·
3062 3233 3152 3281 xui
3185 3233 3368 3300 σοφίαν
3391 3231 3480 3279 xui
3509 3234 3720 3297 γνῶσιν,
3751 3226 3913 3276 θείαν

2295 3334 2350 3369 τε
2378 3323 2467 3370 xui
2507 3316 2847 3391 ἀνθρωπίνην.
2878 3317 3185 3391 Ὀμοούσιος
3208 3319 3309 3388 γὰρ
3334 3317 3401 3367 ὢν
3429 3323 3502 3386 τῷ
3528 3319 3635 3385 Θεῷ
3665 3318 3755 3364 καὶ
3790 3318 3915 3365 Πα-

2295 3411 2402 3480 τρὶ,
2432 3406 2772 3470 αὐτεξουσίως
2825 3406 2953 3459 θέλει
2981 3411 3070 3459 xui
3100 3407 3293 3479 ἐνεργεῖ
3316 3407 3380 3465 ὡς
3403 3408 3530 3466 Θεὸς
3573 3420 3585 3433 ·
3617 3404 3913 3475 όμοούσιος

2298 3491 2357 3548 δὲ
2395 3501 2484 3548 xui
2515 3498 2658 3567 ἡμῖν,
2709 3495 3058 3558 αὐτεξουσίως
3086 3494 3217 3547 θέλει
3246 3497 3338 3545 καὶ
3377 3491 3571 3566 ἐνεργεῖ
3593 3495 3662 3552 ὡς
3691 3492 3907 3563 ἄνθρω-

2294 3603 2391 3644 πος
2446 3585 2472 3637 ό
2534 3584 2706 3646 αύτός.
2741 3585 2911 3637 Atii-ou
2960 3586 3061 3658 γὰρ
3105 3585 3172 3634 τὰ
3199 3584 3459 3655 θαύματα,
3499 3581 3657 3633 αὐτόν
3694 3582 3786 3632 καὶ
3831 3578 3914 3632 τά

2296 3674 2601 3745 παθήματα.

2299 3936 2386 3990 ’Ex
2431 3945 2541 4013 fni;
2592 3935 2837 4013 δευτέρας
2894 3938 3167 3998 ἐπιστολῆς
3208 3991 3215 3997 ,
3265 3943 3357 4013 τού
3433 3934 3612 4013 ιξιγίου¹
3676 3935 3910 4013 Λέοντος

2366 4010 2558 4085 πάππα
2602 4004 2803 4082 Ῥώμης
2854 4015 2978 4085 πρὸς
3041 4014 3245 4085 Λέοντα
3289 4011 3396 4085 τόν.
3425 4004 3695 4085 βασιλέα..
3731 4004 3795 4063 ἧς
3864 4006 3905 4085 ᾖ

2367 4077 2649 4152 ἐπιγραφὴ,
2680 4076 2709 4131 (ξ
2735 4089 2817 4152 Τῷ
2844 4076 3292 4154 ὑπερενὸοξοτάτῷ
3319 4083 3407 4131 καὶ
3425 4076 3768 4154 γαληνοτάτῳ
3799 4082 3908 4146 υιῷ

2368 4149 2655 4223 Αὐγούστῳ
2689 4149 2890 4221 Λέοντι,
2922 4149 3064 4204 Λέων
3104 4150 3381 4209 ἐπίσκοπος
3410 4149 3544 4218 (24).
3583 4168 3603 4196 ι

2370 4238 2472 4296 κδ’.
2525 4248 2607 4313 Τῷ
2648 4240 2829 4298 ἀληθεί
2879 4249 2972 4293 τοῦ
3019 4248 3151 4293 Θεοῦ
3201 4244 3290 4292 xui
3340 4237 3612 4309 ἀνθρώπου
3662 4236 3765 4304 Υἰῷ
3805 4242 3908 4286 τοῦ

2299 4349 2354 4383 τε
2398 4335 2570 4401 Λόγου
2649 4335 2739 4382 xui
2802 4339 2894 4390 τῆς
2951 4334 3146 4403 σαρκός
3193 4328 3242 4382 ἓν
3308 4329 3541 4401 ὑπάρχει
3593 4328 3904 4395 πρόσωπον,

546 4432 902 4474 communes
919 4416 1102 4473 habet
1122 4418 1405 4474 actiones.
1428 4418 1825 4486 lntelligendae
1843 4424 2043 4473 tamen
2057 4421 2188 4473 sunt

2304 4421 2422 4494 ὅπερ
2480 4420 2790 4493 ἀχωρίστως
2853 4425 2944 4472 xui
3020 4417 3331 4493 ἀδιαιρέτως
3396 4419 3568 4475 κοινὰς
3629 4414 3741 4485 ἑγει
3805 4416 3906 4475 τὰς

544 4508 821 4579 ipsorum
872 4521 1122 4578 operum
1163 4506 1499 4578 qualitates,
1538 4511 1595 4562 et
1624 4507 1866 4562 sincerae
1888 4506 2029 4563 ﬁdei
2054 4522 2194 4562 con-

545 4594 933 4665 templatione
982 4595 1349 4649 cernendum
1400 4599 1506 4657 est,
1555 4594 1634 4650 ad
1663 4611 1799 4667 quae
1829 4595 2196 4667 provehatur

545 4682 852 4739 humilitas
883 4684 1101 4753 carnis,
1119 4689 1176 4738 et
1203 4684 1279 4738 ad
1300 4700 1435 4755 quae
1461 4683 1774 4739 inclinetur
1797 4683 2050 4739 altitudo
2075 4683 2195 4739 dei-

546 4773 684 4831 tatis
718 4794 730 4828 :
766 4772 915 4845 quid
952 4772 1027 4828 sit
1054 4772 1221 4846 quod
1248 4788 1390 4829 caro
1428 4773 1555 4829 sine
1585 4772 1773 4829 Verbo
1802 4788 1925 4827 non
1963 4774 2105 4840 agit,
2138 4777 2196 4829 et

547 4862 696 4936 quid
716 4862 791 4919 sit
818 4862 983 4935 quod
1011 4862 1269 4918 Verbum
1293 4862 1419 4918 sine
1441 4877 1619 4917 carne
1645 4876 1764 4917 non
1797 4861 1975 4918 efﬁcit
2000 4862 2029 4918 ?
2062 4862 2196 4919 Sine

547 4952 727 5010 Verbi
761 4953 922 5008 enim
951 4952 1217 5023 potentia
1241 4966 1351 5006 nec
1380 4950 1720 5022 conciperet
1745 4950 1923 5022 Virgo
1952 4966 2063 5007 nec
2092 4966 2196 5024 pa-

546 5046 701 5098 reret
738 5058 752 5110 ;
780 5047 838 5098 et
867 5042 995 5097 sine
1022 5040 1270 5097 veritate
1313 5041 1512 5096 carnis
1536 5040 1823 5097 obvoluta
1860 5040 2078 5112 pannis
2108 5040 2194 5096 in-

546 5129 736 5186 fantia
762 5144 889 5186 non
929 5129 1170 5200 jaceret.
1225 5128 1361 5185 Sine
1403 5128 1576 5184 Verbi
1617 5129 1884 5202 potentia
1920 5144 2044 5186 non
2093 5128 2196 5186 ad-

548 5222 789 5275 orarent
814 5217 964 5290 Magi
992 5232 1272 5289 puerum,
1294 5216 1464 5274 stella
1491 5217 1685 5273 indice
1713 5216 2113 5284 declaratum;
2139 5220 2198 5274 et

623 5563 737 5637 (22)
765 5562 912 5637 Edit.
941 5564 1220 5637 Lequien.
1256 5565 1341 5620 De
1377 5563 1684 5633 ﬁd."orth.
1719 5563 1826 5621 lib.
1865 5581 1939 5635 iv,
1969 5579 2108 5637 cap.
2140 5569 2194 5620 5.

618 5634 732 5709 ('23)
763 5635 937 5719 Oper.
961 5634 1059 5693 cit'.
1084 5634 1189 5704 lib,
1210 5639 1555 5724 11,.cap..l3.
1894 5676 1895 5679 η

2300 4508 2528 4583 πράξεις.
2588 4515 2672 4561 Δεῖ
2744 4515 2872 4561 νοεῖν
2961 4509 3096 4580 ὅμως
3154 4507 3323 4558 αὑτῶν
3379 4513 3478 4556 τῶν
3576 4504 3735 4576 ἔργων
3803 4502 3909 4560 τὰς

2300 4603 2579 4659 ποιότητας
2634 4614 2647 4628 ·
2715 4604 2803 4651 καὶ
2854 4606 2916 4670 τῇ
2968 4601 3280 4654 κατανοήσει
3328 4602 3424 4655 τῆς
3466 4592 3767 4665 εἰλικρινους
3805 4609 3903 4641 πι-

2306 4704 2460 4748 στεως
2531 4683 2614 4739 δεῖ
2684 4690 2931 4761 καθορᾴν,
2979 4685 3063 4738 ἐπὶ
3120 4692 3247 4737 ποῖα
3300 4686 3389 4755 μὲν
3440 4683 3470 4740 ἡ
3550 4688 3640 4740 τῆς
3703 4680 3903 4752 σαρκὸς

2300 4778 2587 4852 προάγεται
2616 4782 2941 4841 ταπεινότης,
2975 4773 3057 4828 ἐπὶ
3094 4782 3221 4827 ποῖα
3247 4770 3305 4826 δὲ
3342 4775 3400 4824 τὸ
3442 4770 3570 4841 ὑψος
3597 4777 3690 4831 τῆς
3722 4770 3903 4825 θεότη-

2302 4886 2389 4928 τος
2444 4866 2786 4918 ἐπικλίνεται·
2852 4870 2941 4916 xui
2982 4868 3034 4916 τί
3094 4866 3182 4936 μὲν
3235 4861 3397 4926 ἐστὶν,
3457 4862 3579 4933 ὅπερ
3649 4855 3781 4931 σὰρξ
3837 4855 3902 4908 ού

2301 4957 2519 5029 πράττει
2572 4952 2711 5027 δίχα
2753 4974 2845 5006 του
2892 4959 3066 5024 Λόγου
3099 4974 3111 4985 -
3154 4956 3205 5004 τί
3246 4947 3305 5003 δὲ
3358 4952 3433 5007 εἴη
3483 4949 3605 5020 ὅπερ
3651 4948 3677 4997 ό
3727 4949 3905 5015 Λόγος

2301 5048 2469 5118 χωρὶς
2507 5052 2598 5105 τῆς
2645 5046 2839 5117 σαρκός
2889 5042 2983 5094 οὑκ
3032 5040 3324 5112 ἐργάζεται.
3374 5042 3516 5108 Δίχα
3555 5038 3642 5107 μὲν
3672 5036 3772 5108 γὰρ
3801 5041 3906 5096 τῆς

2299 5142 2390 5187 τοῦ
2448 5138 2623 5204 Λόγου
2682 5128 2947 5204 δυνάμεως
2983 5126 3095 5182 οὐδ’
3145 5127 3205 5180 ἂν
3236 5131 3266 5186 ἡ
3301 5128 3561 5201 Παρθένος
3605 5120 3902 5192 συνελαϐεν,

2303 5220 2427 5278 οὑδὲ
2452 5225 2650 5275 ἔτεκεν·
2702 5217 2841 5292 δίχα
2887 5216 2946 5272 δὲ
2969 5226 3065 5281 τῆς
3104 5216 3342 5276 ἀληθείας
3401 5222 3498 5275 τῆς
3554 5214 3748 5285 σαρκός
3804 5210 3906 5262 οὑκ

2375 5558 2660 5632 (24)Ε(11ῐ.
2691 5556 2964 5614 Ballerin.
2993 5559 3033 5611 ι.
3061 5555 3106 5622 I,
3128 5569 3190 5626 p.
3214 5555 3372 5610 1366.
