4046 6310
82 320 173 377 221
1420 325 1679 386 ΪΒΕΞΔΕ

1794 323 1927 381 LIB.
1960 322 2094 382 XXV

3324 328 3437 386 ΞΗ

81 442 137 495 ἂν
184 443 554 519 κεκαλυμμένη
611 455 723 511 τοῖς
771 448 984 525 ῥάκεσιν
1036 451 1200 503 ἔκειτο
1254 454 1522 511 νηπιότης.
1579 454 1679 504 Καὶ

1789 449 1914 505 sine
1938 450 2191 509 veritate
2219 447 2420 508 carnis
2456 465 2581 508 non
2606 448 2960 522 iuberentur
3003 452 3067 508 in
3111 448 3435 526 mgf/ptum

85 530 219 605 δίχα
262 538 361 606 μὲν
396 544 495 598 τῆς
531 544 629 590 τοῦ
676 544 851 610 Λόγου
901 535 1170 612 δυνάμεως
1207 540 1302 592 οὐκ
1332 536 1393 592 ἂν
1422 542 1679 612 προσεκύ-

82 642 240 681 νησεν
304 625 361 678 οὶ
399 628 683 699 Μάγοιντό
738 626 972 696 παιδίον,
1038 633 1099 683 τό
1161 632 1261 683 ὑπὸ
1330 636 1425 683 τοῦ
1460 631 1680 703 μηνύον-

82 731 160 773 τος
190 710 418 788 ἀστέρος
446 712 788 789 Δδηλούμενον
822 735 835 748 ⁸
890 714 1032 790 δίχα
1069 715 1128 773 δε
1177 728 1268 780 τῆς
1315 718 1557 780 ἀληθείας
1585 724 1682 779 τῆς

86 806 278 876 σαρκός
335 804 437 856 οὐκ
488 803 550 858 ἂν
615 804 866 862 ἐκελεύετο
912 812 971 860 τό
1024 804 1236 862 παιδίον
1287 808 1361 870 εἰς
1412 809 1681 880 Αἴγυπτον

80 894 487 966 μεταφέρεσθαι,
546 899 638 947 καὶ
710 904 804 949 τοῦ
876 900 1013 950 κατὰ
1069 901 1159 950 τόν
1211 894 1453 972 Ἡρώδην
1526 897 1681 959 ὑπεξα-

80 982 302 1051 ἁγεσθαι
354 978 619 1055 διωγμοῦ.
672 989 774 1039 Καὶ
813 982 948 1057 δίχα
982 989 1073 1058 μεν
1121 994 1216 1048 τῆς
1241 994 1335 1040 τοῦ
1370 990 1546 1057 Λόγου
1585 982 1679 1039 δυ-

77 1071 277 1141 νάμεως
359 1071 455 1123 οὐκ
529 1072 590 1124 ἂν
662 1074 831 1146 ἔλεγεν
882 1078 913 1134 ἡ
974 1081 1111 1148 φωνή
1186 1084 1280 1128 τοῦ
1345 1079 1571 1151 Πατρός,
1628 1074 1681 1138 ἕξ

78 1158 308 1231 οὐρανῶν
389 1158 661 1233 ἀφεθεῖσα,
739 1163 907 1226 Οὗτός
979 1164 1121 1218 ἐστιν
1197 1166 1222 1216 6
1297 1167 1414 1226 Υἱός
1488 1184 1588 1237 μου
1654 1166 1681 1217 6

78 1245 373 1317 ἀγαπητὸς,
432 1248 485 1301 ἐν
536 1250 577 1323 ᾧ
634 1248 918 1310 ηὖδόκησα
949 1271 963 1284 ⁸
1016 1250 1156 1327 δίχα
1212 1250 1271 1307 δὲ
1306 1263 1396 1316 τῆς
1438 1253 1683 1315 ἀληθείας

76 1342 159 1387 τοῦ
222 1343 483 1410 σώματος
536 1338 633 1392 οὐκ
679 1338 741 1392 ἂν
800 1346 1263 1419 προσεμαρτύρατο
1336 1344 1362 1395 ό
1401 1344 1678 1406 Ἰωάννος⁸

75 1420 177 1478 Ἰδε
252 1427 284 1477 6
344 1422 513 1499 ἀμνὸς
585 1436 678 1481 τοῦ
754 1435 913 1496 Θεοῦ,
971 1433 997 1483 6
1056 1434 1212 1506 αἴρων
1265 1437 1359 1491 τὴν
1426 1433 1683 1505 ἁμαρτίαν

76 1521 161 1565 τοῦ
210 1516 454 1587 κόσμου.
512 1521 615 1570 Καὶ
667 1514 808 1590 δίχα
857 1523 948 1592 μὶν
997 1528 1090 1583 τῆς
1142 1528 1232 1573 τοῦ
1298 1526 1473 1594 Λόγου
1527 1516 1682 1573 δυνά-

77 1622 198 1675 μεως
259 1604 367 1657 οὐκ
422 1605 485 1657 ἂν
532 1605 724 1679 ἐγένετο
780 1616 879 1661 τῶν
928 1629 981 1663 τε
1025 1609 1372 1663 ἀσθενούντων
1427 1613 1456 1670 ἡ
1521 1612 1682 1684 ῥὼσις

77 1698 159 1745 καὶ
202 1701 308 1746 τῶν
342 1695 635 1748 τεθνεώτων
677 1698 709 1756 ἠ
753 1697 1074 1760 ζωοποίησις
1108 1719 1118 1728 ·
1155 1696 1291 1772 δίχα
1321 1697 1379 1753 δὲ
1428 1709 1524 1765 τῆς
1554 1699 1684 1758 ἀλη-

1786 540 2091 597 transferri
2141 556 2312 613 puer,
2344 545 2401 597 et
2447 541 2526 597 ab
2557 540 2800 598 Herodis
2828 543 3242 613 persecutione
3290 543 3434 600 sub-

1786 629 1948 686 duci.
1981 630 2120 687 Sine
2145 629 2317 686 Verbi
2364 630 2629 703 potentia
2659 646 2781 686 non
2810 630 3034 687 diceret
3081 647 3203 687 vox
3242 626 3435 687 Patris

1786 720 1972 776 missa
1994 720 2071 776 de
2090 719 2275 778 caelo:
2298 721 2416 776 Hic
2439 727 2526 777 est
2538 720 2732 777 Filius
2758 734 2921 777 meus
2948 720 3297 787 dilectus,in
3315 735 3433 791 quo

1785 809 1937 865 mihi
1957 809 2100 866 bene
2128 810 2556 878 complacui“;
2579 812 2637 865 et
2658 808 2782 865 sine
2809 808 3055 866 veritate
3085 809 3283 866 carnis
3309 823 3433 865 non

1787 902 2215 970 protestaretur
2239 899 2502 955 Joannes
2533 915 2547 953 :
2579 898 2732 954 Ecce
2775 898 2967 969 Agnus
3005 900 3133 964 Dei,
3172 912 3303 955 ecce
3329 897 3437 969 qui

1790 989 1950 1044 tollit
1978 994 2229 1057 peccata
2276 988 2491 1044 mundi
2505 988 2575 1043 ³⁵.
2610 987 2746 1044 Sine
2785 986 2962 1042 Verbi
2999 987 3266 1059 potentia
3309 1001 3433 1042 non

1786 1076 1953 1132 ﬁeret
2009 1076 2440 1146 redintegratio
2486 1076 2801 1145 debilium,
2845 1082 2902 1133 et
2930 1076 3245 1132 viviﬁcatio
3278 1089 3438 1131 mor-

1788 1171 2029 1221 tuorum
2055 1183 2067 1232 ;
2096 1172 2153 1221 et
2182 1168 2308 1221 sine
2332 1167 2576 1223 veritate
2602 1166 2797 1223 carnis
2831 1181 2940 1222 nec
2991 1165 3163 1222 cibus
3202 1165 3432 1237 jejuno,

1788 1270 1899 1311 nec
1926 1272 2176 1311 somnus
2215 1260 2373 1311 esset
2401 1256 2780 1311 necessarius
2812 1255 3084 1326 fatigato.
3130 1258 3436 1311 Postremo

1790 1345 1915 1399 sine
1949 1344 2121 1399 Verbi
2154 1345 2419 1417 potentia
2465 1360 2590 1401 non
2634 1360 2698 1400 se
2752 1343 3037 1400 Dominus
3067 1345 3226 1400 Patri
3253 1345 3438 1417 proﬁ-

1788 1438 2008 1489 teretur
2038 1433 2367 1505 aequalem;
2400 1437 2456 1489 et
2482 1432 2609 1489 sine
2632 1432 2876 1489 veritate
2905 1432 3103 1489 carnis
3127 1449 3248 1490 non
3274 1433 3437 1492 idem

1790 1522 2010 1579 diceret
2039 1525 2270 1579 Patrem
2320 1539 2384 1577 se
2414 1538 2543 1578 esse
2581 1522 2877 1594 majorem
2910 1539 2923 1577 :
2974 1539 3111 1579 cum
3144 1523 3440 1581 catholica

1790 1610 1941 1666 ﬁdes
1976 1619 2295 1683 utrumque
2327 1611 2628 1684 suscipiat,
2645 1615 2963 1684 utrumque
2992 1611 3436 1686 defendat,quae

1793 1700 2126 1756 secundum
2154 1700 2595 1756 confessionem
2610 1700 2769 1756 beati
2796 1700 3053 1774 apostoli
3071 1701 3435 1773 Petri,unum

83 1782 214 1843 θείας
262 1790 372 1843 τῆς
431 1788 628 1859 σαρκός
683 1788 802 1839 οὔτε
854 1793 1014 1861 τροφὴ
1068 1796 1141 1860 τῷ
1193 1792 1513 1857 νηστεύοντι,
1571 1793 1679 1843 οὔτε

1794 1789 2089 1844 Christum
2123 1789 2221 1845 Dei
2279 1787 2396 1844 vivi
2427 1787 2656 1855 Filium,
2698 1792 2755 1844 et
2780 1788 3091 1845 hominem
3146 1789 3335 1846 credit
3378 1793 3438 1847 et

83 1872 175 1941 μὴν
228 1870 398 1933 ὕπνος
439 1871 723 1945 ἀναγκαῖος
766 1877 1003 1949 ὑπῆρχεν
1065 1886 1136 1949 τῷ
1194 1881 1528 1933 κοπιάσαντι.
1584 1884 1684 1933 Καὶ

81 1963 132 2012 τὸ
170 1956 241 2019 δή
294 1965 460 2035 πέρας
486 1958 623 2034 δίχα
668 1967 760 2037 μὲν
801 1970 895 2027 τῆς
932 1973 1025 2018 τοῦ
1054 1970 1229 2038 Λόγου
1272 1964 1535 2042 δυνάμεως
1590 1968 1685 2021 οὐκ

82 2047 135 2099 ἂν
182 2049 380 2102 ἑαυτὸν
441 2051 468 2103 6
529 2053 717 2127 Κύριος
789 2057 903 2106 ἴσον
977 2063 1049 2125 τῷ
1126 2057 1310 2129 Πατρὶς
1355 2059 1688 2129 τυγχάνοντα

80 2139 337 2211 ὡμολόγει
365 2156 383 2170 ⁸
442 2136 582 2212 δίχα
628 2138 690 2195 δὲ
728 2151 819 2204 τῆς
874 2141 1112 2205 ἀληθείας
1157 2165 1249 2198 του
1309 2152 1549 2219 σώματος
1591 2148 1685 2201 οὐκ

81 2225 135 2277 ἂν
172 2230 201 2280 ὁ
245 2227 438 2291 ἑαυτός
461 2228 596 2301 ἔλεγε
636 2231 851 2303 μείζονα
888 2230 1019 2285 εἶναι
1062 2232 1248 2286 ἑαυτοῦ
1297 2238 1385 2287 τόν
1427 2241 1634 2311 Πατέρα
1665 2252 1680 2267 ⁸

79 2317 224 2369 ὁπότε
279 2322 380 2370 καὶ
416 2320 448 2376 ἡ
491 2319 742 2379 καθολικὴ
784 2325 961 2383 πίστις
1016 2322 1254 2399 ἑκάτερον
1295 2321 1531 2398 δέχεται,
1591 2332 1682 2380 καὶ

78 2404 315 2482 ἔκαε-ερον
364 2405 583 2480 ἑκδικεῖ,
627 2413 742 2473 ἣτις
792 2417 926 2465 κατὰ
971 2418 1068 2471 τὴν
1111 2414 1387 2487 ὁμολογίαν
1438 2425 1532 2469 τοῦ
1574 2438 1681 2490 μα-

76 2501 256 2568 καρίου
286 2495 588 2550 ἀποστόλου
641 2503 862 2573 Πέτρου,
916 2501 1005 2554 ἕνα
1043 2507 1273 2577 Χριστὸν
1324 2508 1411 2557 τὸν
1441 2506 1559 2559 Υἱόν
1589 2515 1681 2559 τοῦ

1790 1880 2069 1939 Verbum.
2112 1877 2398 1945 Quamvis
2445 1877 2645 1950 itaque
2692 1875 2772 1934 ab
2818 1876 2918 1933 illo
2964 1878 3149 1950 initio,
3198 1894 3322 1950 quo
3369 1877 3434 1935 in

1794 1975 1961 2027 utero
1990 1967 2240 2038 virginis
2261 1966 2526 2021 Verbum
2556 1981 2696 2022 caro
2734 1964 2956 2022 factum
3002 1970 3110 2032 est,
3138 1966 3284 2022 nihil
3325 1982 3435 2023 un-

1792 2076 1970 2134 quam
1999 2059 2149 2115 inter
2171 2061 2489 2128 utramque
2506 2053 2763 2111 formam
2793 2052 3100 2110 divisionis
3128 2054 3434 2126 exstiterit,

1793 2154 1850 2207 et
1877 2164 1983 2222 per
2016 2147 2223 2204 omnia
2251 2144 2618 2201 incrementa
2638 2158 2926 2216 corporea
2956 2141 3132 2198 unius
3160 2158 3436 2215 personae

1792 2238 2010 2296 fuerint
2036 2234 2214 2292 totius
2268 2232 2557 2306 temporis
2595 2231 2895 2300 actiones;
2933 2247 3008 2288 ea
3050 2229 3182 2304 ipsa
3212 2235 3435 2300 tamen,

1790 2346 1928 2402 quae
1964 2323 2441 2399 inseparabiliter
2464 2322 2624 2379 facta
2671 2325 2829 2392 sunt,
2855 2320 3024 2378 nulla
3051 2321 3438 2393 permistione

1791 2416 2254 2482 confundimus;
2309 2413 2416 2469 sed
2456 2412 2630 2485 cujus
2679 2412 2885 2469 formes
2937 2411 3031 2482 sit,
3078 2427 3153 2469 ex
3184 2426 3440 2491 operum

1790 2506 2073 2581 qualitate
2096 2504 2406 2561 sentimus.

79 2591 203 2636 Θεοῦ
239 2594 338 2638 τοῦ
382 2586 595 2655 ζῶντος,
632 2593 724 2640 καὶ
752 2590 1022 2664 ἄνθρωπον
1042 2595 1275 2644 πιστεύει
1301 2598 1410 2647 καὶι
1432 2599 1618 2666 Λόγον.
1654 2597 1714 2650 Εἰ
1733 2603 1822 2649 καὶ
1851 2599 1917 2648 τὰ
1954 2594 2188 2668 μάλιστα
2216 2598 2386 2646 τοίνυν
2414 2591 2467 2654 ἐξ
2504 2589 2694 2650 ἐκείνης
2722 2600 2816 2653 τῆς
2846 2588 2992 2665 ἀρχῆ
3005 2610 3046 2655 ς,
3075 2587 3160 2663 ἀφ’
3187 2590 3252 2651 ἧς
3289 2590 3340 2642 ἐν
3368 2598 3431 2651 τῆ

78 2680 272 2750 γαστρὶ
310 2683 409 2736 τῆς
457 2677 723 2750 Παρθένου
763 2679 789 2730 6
819 2684 989 2751 Λόγος
1025 2683 1173 2752 γίγνε
1214 2682 1365 2754 σὰρξ,
1398 2684 1539 2735 τουτ’
1571 2688 1684 2738 ἔστι
1728 2687 1900 2758 σάρκα
1929 2683 2123 2753 ἔλαϐεν,
2164 2678 2263 2735 οὑὸ
2291 2683 2371 2734 ὃτι
2399 2677 2487 2733 οὖν
2535 2675 2596 2739 ἧν
2629 2675 2936 2755 διαιρέσεως
2967 2677 3161 2751 μεταξὺ
3201 2686 3295 2740 τῆς
3319 2681 3433 2732 ἔκα-

76 2768 220 2838 τέρας
249 2773 463 2839 μορφῆς
495 2783 508 2796 ⁸
546 2770 636 2819 καὶ
668 2763 742 2819 δι’
786 2767 993 2830 ἀπάσης
1023 2769 1291 2833 αὐξήσεως
1339 2782 1660 2845 σωματικῆς,
1716 2775 1823 2838 ἑνός
1863 2780 2145 2850 προσώπου
2196 2773 2250 2825 αἱ
2287 2791 2379 2823 του
2415 2771 2603 2830 παντὸς
2636 2774 2831 2841 χρόνου
2862 2767 3073 2842 πράξεις
3111 2772 3383 2839 γεγόνασιν
3415 2783 3429 2797 ⁸

76 2853 207 2925 ὅμως
250 2853 393 2906 αὐτὰ
429 2875 616 2922 ταυτα,
657 2855 786 2931 ἅπερ
816 2855 1127 2931 ἁχωρίστως
1151 2865 1440 2932 γεγένηται,
1470 2863 1585 2915 κατ’
1613 2860 1864 2938 οὐδεμίαν
1895 2861 2157 2936 ἐπιμιξίαν
2186 2864 2477 2933 συγχέομεν
2512 2874 2524 2887 ³
2553 2856 2682 2910 ἀλλά
2705 2861 2861 2919 ποίας
2888 2859 2966 2915 εἴη
2998 2864 3221 2930 μορφῆς,
3253 2853 3309 2908 έκ
3337 2862 3433 2916 τῆς

75 2950 170 2992 τῶν
211 2945 381 3018 {os/mw
412 2950 687 3006 ποιότητος
727 2947 1102 3020 αἰσθανόμεθα.

74 3048 396 3103 Ἀθανασίου
452 3049 741 3106 ἐπισκόπου
797 3051 1192 3130 Ἀλεξαρὸρείας
1257 3064 1349 3110 τοῦ
1418 3057 1679 3131 ὁμολογη-

752 3161 844 3195 του
872 3144 1005 3215 (25).

139 3244 231 3301 κε’.
289 3243 458 3299 Ὀσαι
521 3251 690 3300 τοίνυν
741 3255 980 3302 ταπειναί
1041 3249 1197 3313 λέξεις
1253 3256 1342 3304 καὶ
1404 3254 1550 3326 ἔργα,
1610 3253 1681 3313 εἰς

70 3338 127 3386 τό
158 3343 318 3406 σῶμα
356 3342 454 3387 τοῦ
506 3338 629 3389 Tim}
680 3343 1013 3411 γεγραμμένα
1048 3344 1152 3392 νόει
1186 3357 1199 3368 ⁸
1257 3342 1357 3393 ὅσα
1396 3337 1456 3393 δε
1494 3338 1681 3403 ἔνδοξα

68 3425 378 3495 γράμματα,
436 3425 509 3486 εἰς
552 3429 646 3484 τὴν
697 3437 787 3478 τόν
819 3431 994 3499 Λόγου
1051 3429 1284 3486 θεότητα.
1315 3427 1477 3481 Ὀταν
1528 3436 1681 3500 πεινᾷ

71 3514 195 3582 μετὰ
254 3515 314 3563 νό
372 3522 680 3585 νηστεῦσαι,
733 3523 825 3569 τοῦ
874 3524 1114 3589 σώματος
1170 3516 1442 3590 ἐλάττωμα
1467 3534 1480 3549 ⁸
1527 3520 1681 3576 ἡνίκα

74 3597 129 3653 6’s
200 3601 262 3654 ἐκ
340 3606 489 3654 πέντε
543 3605 712 3678 ἄρτων
769 3609 885 3666 τοὺς
937 3609 1173 3667 πεντάκις
1227 3605 1435 3678 χιλίους
1483 3603 1679 3679 ἄνδρας

74 3696 237 3762 χωρὶς
315 3688 546 3744 παιδίων
601 3698 691 3746 καὶ
744 3703 1003 3764 γυναικῶν
1056 3700 1246 3768 τρέφει,
1301 3701 1391 3749 καὶ
1465 3692 1678 3749 δώδεκα

71 3788 319 3851 κοφίνους
378 3781 591 3856 πλήρεις
649 3782 961 3856 κλασμάτων
1028 3788 1348 3859 περισσεύει,
1415 3792 1510 3847 τῆς
1571 3787 1676 3838 θεό-

74 3888 227 3932 τητος
285 3877 383 3922 τοῦ
440 3875 610 3943 Λόγου
666 3874 725 3923 τό
763 3873 926 3944 ἔργον.
967 3872 1149 3926 Ἣνίκα
1186 3869 1246 3926 δὲ
1296 3872 1382 3926 ἐπὶ
1418 3877 1477 3926 τό
1511 3892 1676 3947 προσ-

71 3959 349 4031 κεξοὶλαιον
408 3958 458 4011 ἐν
514 3968 586 4030 τῷ
642 3960 803 4032 πλοίῳ
839 3967 1107 4033 κοιμᾶται,
1169 3960 1510 4025 ἀναπαύσεως
1565 3981 1675 4015 σω-

71 4056 307 4117 ματικῆς
361 4050 506 4120 ξογον
540 4069 553 4081 ⁸
612 4051 732 4100 ὅταν
782 4058 1078 4124 περιπατῶν
1117 4049 1201 4103 ἐπὶ
1251 4059 1346 4113 τῆς
1405 4051 1678 4113 θαλάσσης

71 4136 253 4209 ἀπειλῇ
316 4144 426 4198 τοῖς
472 4156 675 4209 κυμασι
711 4142 801 4190 καὶ
851 4144 961 4198 τοῖς
1016 4137 1243 4210 ἀνέμοις,
1285 4144 1479 4207 Σιώπα,
1520 4143 1675 4212 πεφί-

70 4245 236 4296 μωσο,
308 4224 457 4286 εὐθὺς
517 4223 691 4278 ἀκούει
744 4228 887 4301 παρὰ
940 4235 1042 4279 τῶν
1099 4224 1147 4278 ἐν
1199 4234 1272 4298 τῷ
1332 4226 1492 4299 πλοίῳ
1546 4230 1675 4301 μεθ-

69 4315 231 4386 ὃρκων
282 4314 694 4386 ὁμολογούντων,
749 4313 986 4377 Ἀληθῶς
1050 4322 1186 4368 Θεοῦ
1236 4318 1355 4378 Υἱός
1410 4314 1473 4372 εἶ.
1514 4316 1676 4371 ’ῡταν

70 4403 198 4456 ista:
208 4423 231 4464 ς

68 4496 301 4552 ὁπηνίκα
359 4495 592 4564 πάσχειν
642 4492 828 4566 ἔμελλε,
880 4493 999 4567 λέγῃ
1038 4511 1050 4524 ⁸

68 4584 223 4656 ’ᾇνχή
277 4601 382 4654 μου
442 4582 531 4643 ἕως
580 4583 823 4645 θανάτου,
865 4576 955 4635 καὶ
1013 4580 1251 4658 ἀδημονῇ
1286 4598 1303 4614 ⁸
1353 4590 1442 4637 καὶ
1490 4589 1550 4638 τό
1587 4589 1677 4656 μὲν

68 4681 275 4745 πνεῦμα
303 4678 398 4731 τῆς
426 4672 666 4732 θεότητος
684 4673 950 4744 πρόθυμον
972 4672 1041 4735 εἰς
1070 4678 1246 4725 πᾶσαν
1275 4672 1570 4744 οἰκονομίαν
1598 4672 1678 4726 λέ-

69 4783 157 4833 νῃ,
191 4766 293 4819 τήν
336 4755 396 4813 3's
443 4761 614 4833 σάρκα
652 4758 867 4832 ἀσθενῇ,
900 4767 992 4813 τοῦ
1032 4766 1273 4835 σώματος
1317 4760 1575 4827 ἀσθένεια,
1618 4765 1677 4815 τό

68 4851 354 4903 λυπεῖσθαι
408 4853 500 4901 καὶ
556 4846 836 4923 ἀδημονεῖν
869 4866 883 4880 ⁸
953 4851 1074 4902 ὅταν
1133 4850 1470 4912 κελευστικῶς
1528 4851 1674 4925 λέγῃ,

72 4939 306 5012 Adaces,
348 4932 502 5009 δεῦρο
541 4936 655 5002 ἔξω,
683 4942 775 4990 καὶ
805 4935 992 4996 ἀνέστη
1026 4938 1128 4999 ζῶν
1175 4939 1202 4991 ὁ
1238 4943 1416 5011 νεκρός
1452 4946 1677 5015 τετραή-

71 5048 221 5103 μερος
250 5022 331 5086 ἥδ
334 5047 365 5084 η
394 5025 658 5099 λελυμένος
692 5026 741 5091 (ὃ
763 5027 857 5079 οὐκ
888 5027 1081 5098 ἐγένετο
1122 5026 1212 5080 ἀπ’
1238 5025 1411 5103 ἀρχῆς
1435 5037 1531 5091 τῆς
1560 5032 1675 5081 κτί-

74 5120 243 5188 σεως),
275 5122 374 5178 τῆς
403 5117 639 5178 θεότητος
665 5120 725 5169 τό
763 5123 999 5189 σημεῖον.

1857 3059 1920 3116 S.
1958 3057 2272 3116 Athanasii
2292 3055 2546 3126 episcopi
2567 3051 2966 3110 Alexandrini
2989 3050 3363 3121 confessoris.

1857 3260 1946 3311 25.
1978 3255 2237 3310 Cunctas
2265 3251 2446 3319 igitur
2464 3248 2724 3307 humiles
2752 3246 3042 3304 dictiones
3061 3246 3137 3303 de
3155 3245 3282 3302 Filii
3311 3261 3436 3303 cor-

1785 3359 1930 3415 pore
1958 3343 2210 3414 scriptas
2237 3340 2548 3397 existima:
2582 3337 2874 3408 gloriosas
2917 3340 3119 3392 autem
3148 3334 3438 3391 dictiones

1787 3432 1866 3488 ad
1892 3430 2071 3487 Verbi
2099 3429 2470 3486 divinitatem
2500 3426 2674 3483 refer.
2724 3429 2871 3483 Cum
2911 3425 3097 3481 esurit
3124 3429 3261 3497 post
3282 3424 3437 3495 jeju-

1785 3521 1976 3587 nium,
2009 3518 2276 3591 corporis
2317 3522 2402 3573 est
2450 3515 2769 3572 inﬁrmitas
2783 3534 2801 3586 ;
2851 3529 2991 3571 cum
3034 3519 3235 3570 autem
3263 3511 3437 3586 quin-

1785 3625 1904 3682 que
1925 3609 2185 3680 panibus
2210 3608 2476 3663 virorum
2499 3605 2768 3677 quinque
2792 3603 2999 3673 millia,
3030 3603 3261 3675 absque
3289 3617 3436 3674 pue-

1784 3698 1866 3753 ris
1896 3696 2389 3768 mulieribusque,
2420 3698 2669 3757 saturet,
2703 3698 2762 3749 et
2790 3692 3111 3750 duodecim
3140 3690 3436 3763 cophinos

1786 3785 2137 3856 fragmentis
2169 3784 2398 3857 implet,
2422 3784 2536 3840 hoc
2562 3799 2598 3838 a
2619 3781 2789 3837 Verbi
2817 3782 3126 3837 divinitate
3143 3780 3431 3853 procedit.

1787 3876 1933 3930 Cum
1959 3876 2020 3930 in
2047 3874 2187 3930 navi
2225 3873 2415 3945 capite
2461 3870 2751 3927 reclinato
2797 3869 3037 3935 dormit,
3068 3869 3129 3924 id
3159 3882 3437 3939 corpora-

1784 3963 1859 4020 lis
1887 3964 2115 4035 requiei
2163 3960 2473 4033 preprinm
2512 3964 2600 4015 est
2631 3976 2645 4014 :
2691 3974 2831 4014 cum
2884 3964 3083 4013 autem
3115 3954 3437 4012 ambulans

1785 4068 1969 4124 supra
1991 4067 2156 4107 mare
2176 4049 2459 4105 ﬂuctibus
2481 4047 2790 4120 ventisque
2817 4046 3124 4118 imperans
3145 4044 3226 4101 ait
3254 4061 3267 4099 :
3290 4043 3433 4113 Sile,

1784 4144 2134 4207 obmutesce,
2179 4140 2375 4194 statim
2407 4136 2574 4192 audit
2600 4135 2770 4192 navis
2809 4134 3005 4191 socios
3042 4150 3182 4190 cum
3239 4148 3436 4189 sacra-

1787 4235 1990 4285 mento
2013 4227 2420 4283 afﬁrmantes:
2459 4226 2603 4281 Vere
2625 4224 2819 4280 Filius
2848 4224 2958 4279 Dei
2996 4238 3053 4280 es
3069 4224 3138 4278 ’⁸.
3171 4223 3318 4279 Cum
3350 4235 3439 4276 se-

1787 4318 1993 4391 pulcro
2024 4316 2229 4372 Lazari
2260 4320 2466 4371 astans
2496 4313 2898 4386 lacrymatur;
2922 4316 2975 4367 et
3001 4327 3140 4367 cum
3170 4309 3438 4383 passioni

311 4405 440 4477 πρὸς
509 4411 581 4473 τῷ
656 4408 889 4475 μνήματι
970 4404 1217 4476 Λαζάρου
1290 4401 1518 4480 δακρύῃ,
1587 4410 1677 4458 καὶ

1789 4407 2099 4480 proximus
2140 4405 2280 4461 dicit
2312 4422 2325 4460 :
2381 4405 2588 4460 Tristis
2613 4408 2697 4460 est
2739 4402 2949 4459 anima
2979 4416 3106 4458 mea
3135 4414 3320 4472 usque
3356 4398 3439 4456 ad

1113 4495 1399 4570 Περίλυπός
1452 4494 1593 4548 ἐστιν
1642 4498 1673 4555 ἡ

1789 4471 2033 4553 inertem
2062 4502 2239 4568 atque
2269 4494 2506 4563 taediat;
2557 4496 2614 4549 et
2641 4491 2966 4548 divinitatis
2993 4471 3242 4563 quidem
3268 4487 3437 4560 spiri-

1787 4590 1915 4641 tum
1945 4585 2022 4641 ad
2052 4598 2232 4639 omne
2252 4598 2407 4654 opus
2435 4580 2862 4638 incarnationis
2889 4583 3169 4653 paratum
3200 4577 3438 4645 ait,car-

1786 4688 1926 4728 nem
1978 4676 2179 4727 autem
2210 4668 2548 4737 inﬁrmam;
2587 4669 2716 4725 haac
2751 4674 2844 4725 est
2870 4664 3140 4723 videlicet
3168 4663 3437 4738 corporis

1788 4761 2122 4825 inﬁrmitas,
2161 4775 2295 4832 quae
2339 4759 2603 4815 tristatur
2631 4763 2810 4831 atque
2839 4756 3073 4823 teediat;
3107 4770 3245 4810 cum
3294 4768 3435 4810 vero

1785 4848 2139 4922 imperative
2186 4847 2373 4903 dicit:
2415 4848 2659 4914 Lazare,
2710 4847 2843 4903 veni
2883 4844 3078 4913 foras,
3123 4842 3435 4913 surgitque

1783 4936 2083 4993 redivivus
2111 4936 2217 5009 qui
2268 4934 2709 5008 quatriduanus
2746 4933 2874 5005 jam
2922 4930 3168 4988 foetebat
3209 4929 3439 5000 (cujus-

1785 5020 1951 5082 modi
1975 5042 2069 5081 res
2092 5024 2172 5081 ab
2186 5023 2332 5080 orbe
2352 5023 2595 5080 condito
2614 5037 2930 5096 nunquam
2950 5017 3437 5088 acciderat),haec

1787 5115 2113 5172 divinitatis
2143 5113 2579 5171 demonstratio
2602 5116 2712 5169 est.

131 5297 183 5331 ’⁸
212 5292 433 5369 Matth.
467 5308 552 5361 in,
582 5296 644 5350 t7
673 5311 689 5362 ;
728 5309 890 5361 xvm,
920 5298 971 5350 5.
1048 5293 1099 5330 ³⁵
1131 5295 1300 5350 Joan.
1329 5292 1375 5360 Ι,
1405 5297 1496 5351 29.
1573 5293 1623 5329 ²⁶
1647 5293 1825 5349 Marc.
1859 5308 1937 5361 1v,
1968 5294 2058 5347 39.

95 5543 105 5553 _
130 5468 668 5553 (25)Sequ_entibus
696 5468 915 5525 similia
936 5468 1428 5595 legebamnetiam
1450 5468 1511 5524 in
1543 5485 1680 5541 spu-

95 5558 171 5595 ιο.
212 5548 282 5595 ut
316 5541 555 5595 dicitur.
597 5555 780 5595 onere
829 5541 885 5595 S.
934 5544 1007 5595 At
1052 5556 1248 5595 anasu
1285 5539 1359 5595 de
1397 5539 1517 5595 ﬁde
1542 5556 1673 5595 sua.

66 5539 171 5607 rio,
212 5539 282 5597 ut
316 5539 555 5609 dicitur,
597 5555 780 5612 opere
829 5541 898 5612 S.
934 5539 1248 5612 Athanasii
1285 5539 1517 5612 deqﬁde
1542 5539 1673 5607 sua,

68 5615 228 5689 quod
255 5616 459 5671 exstat
484 5608 691 5672 Latine
712 5615 779 5669 in
808 5610 948 5668 edit.
978 5611 1229 5675 Maurin.
1259 5615 1301 5668 t.
1342 5608 1414 5682 II,
1454 5624 1516 5683 p.
1549 5614 1671 5667 629.

1787 5471 1933 5524 Item
1959 5466 2133 5540 paria
2152 5464 2336 5540 habet
2365 5463 2598 5540 Nicetas
2618 5458 3014 5540 Aquileiensis
3039 5459 3103 5515 in
3131 5456 3437 5535 opusculo

1783 5541 1871 5597 De
1895 5529 2132 5598 ratione
2159 5537 2298 5607 ﬁdei
2324 5550 2362 5593 a
2385 5550 2483 5592 me
2510 5529 2837 5601 divulgato.
3173 5529 3193 5535 Ὺ
3352 5576 3355 5579 ,
