4046 6310
584 317 691 373 223

1930 312 1975 369 Ν
1980 310 2199 370 ῙΟΕΤιΕ
2236 308 2614 370 CHONIATE

3845 315 3979 372 224

587 440 652 499 S.
685 438 904 512 Cyritti
943 452 1020 498 ex
1049 437 1200 496 libro
1244 450 1405 520 nono
1434 436 1628 524 operis
1665 437 1740 496 de
1778 437 2134 495 adoratione
2181 436 2248 494 in

2365 442 2457 491 Γοῦ
2485 436 2640 510 ἁγίου
2684 435 2937 524 Ιςυρίλλού
2996 435 3096 524 ἀπό
3142 444 3239 524 τοῦ
3273 437 3480 524 inf-iraa
3504 436 3679 524 λόγου
3710 441 3804 492 τοῦ
3832 446 3979 515 περὶ

1296 510 1535 580 spiritu.

661 625 751 681 26.
783 622 911 677 Non
941 618 1119 690 igitur
1159 633 1403 691 mquam
1451 617 1669 691 poterit
1706 617 2030 675 divinitatis
2057 615 2246 674 excel-

588 710 832 767 lentiam
856 708 1128 765 humana
1151 712 1368 765 natura
1393 725 1407 777 ;
1437 707 1499 765 id
1526 708 1688 765 enim
1709 707 1839 765 ﬁeri
1866 708 2113 765 minime
2142 722 2249 780 po-

589 802 720 856 test.
744 801 968 871 Itaque,
1000 801 1066 855 ut
1086 798 1192 871 qui
1221 799 1413 855 nostri
1434 798 1644 856 similis
1673 799 1866 856 factus
1890 802 2064 871 esset,
2089 799 2246 856 talis-

589 900 709 961 que
745 886 1190 958 intelligeretur,
1222 887 1462 945 dicebat
1491 906 1505 944 :
1541 889 1730 945 Pater
1776 890 1975 959 major
1998 904 2094 947 me
2139 895 2243 958 est,

593 993 732 1034 cum
763 981 966 1034 tamen
994 977 1159 1035 idem
1181 994 1255 1035 ex
1283 983 1500 1035 natura
1519 978 1846 1036 divinitatis
1867 980 2120 1055 aqualis
2150 979 2243 1052 sit,

591 1070 649 1125 et
677 1066 864 1125 nihilo
884 1065 1131 1125 inferior
1154 1067 1502 1125 excellentia
1531 1069 1843 1127 Genitoris.

1245 1176 1306 1232 s.
1336 1176 1583 1247 omni.

660 1286 749 1338 27.
778 1285 984 1340 Nonne
1014 1282 1088 1339 de
1119 1283 1256 1355 ipso
1288 1283 1571 1356 scriptum
1611 1288 1700 1340 est
1728 1283 2066 1342 inferiorem
2091 1301 2241 1354 esse,

590 1371 758 1446 quod
801 1372 878 1429 ad
916 1372 1351 1429 humanitatem
1384 1373 1610 1438 attinet,
1638 1378 1961 1446 praestante
2005 1375 2247 1447 angelo-

590 1476 726 1518 rum
756 1466 1006 1527 natura;
1028 1460 1303 1534 infraque
1327 1463 1545 1519 horum
1572 1462 1825 1533 gloriam
1846 1464 2029 1536 paulo
2053 1468 2247 1523 mino-

590 1549 839 1606 ratum?
877 1553 963 1606 lta
992 1553 1096 1606 est.
1134 1550 1287 1606 Dixit
1333 1551 1493 1607 enim
1522 1552 1746 1608 Paulus
1781 1569 1794 1607 :
1844 1554 1999 1610 Eum
2046 1561 2244 1612 autem

593 1641 699 1711 qui
715 1641 946 1696 modico
969 1656 1147 1712 quam
1174 1643 1379 1711 angeli
1399 1643 1734 1699 minoratus
1751 1650 1853 1712 est,
1869 1645 2134 1703 videmus
2152 1648 2245 1705 Je-

593 1744 742 1794 sum,
769 1736 1015 1799 propter
1045 1734 1378 1799 passionem
1414 1733 1642 1799 mortis,
1696 1735 1895 1803 gloria
1940 1742 1994 1791 et
2023 1735 2247 1794 honore

594 1826 961 1875 coronatum.
992 1821 1065 1875 At
1093 1819 1238 1892 quid
1281 1836 1478 1876 caussa
1511 1821 1607 1887 sit,
1642 1837 1748 1877 cur
1779 1822 1916 1881 licet
1956 1830 2247 1897 praestan-

592 1907 804 1964 tiorem
845 1912 1125 1964 naturam
1153 1910 1310 1966 nacti
1340 1925 1616 1982 superum
1648 1912 1901 1969 civitatis
1929 1914 2160 1983 incola,
2193 1922 2250 1975 et

594 1995 922 2053 certissima
945 2001 1124 2071 atque
1149 1998 1491 2056 indubitata
1515 2016 1763 2073 prorsus
1788 2001 1889 2058 Dei
1905 2005 2248 2075 cognitione

591 2084 845 2157 praediti,
878 2085 1047 2142 illum
1078 2088 1184 2159 qui
1214 2092 1429 2145 natura
1468 2089 1707 2146 inferior
1735 2096 1845 2159 est,
1877 2097 1934 2149 et
1977 2094 2249 2166 ipsorum

594 2172 791 2243 gloriae
814 2174 991 2234 cedit.
1016 2175 1399 2233 adorandum
1430 2178 1691 2250 fecerint,
1724 2196 1977 2253 expone,
2019 2200 2247 2256 quaeso.

598 2262 891 2340 Equidem
943 2268 1059 2320 tuae
1080 2265 1210 2335 jam
1242 2269 1382 2321 sunt
1428 2266 1522 2323 hae.
1576 2273 1793 2340 partes.
1828 2271 2028 2340 Igitur,
2067 2272 2116 2328 si
2164 2277 2253 2331 est

590 2334 754 2405 idem
788 2355 845 2405 et
873 2334 1119 2409 inferior
1148 2354 1346 2421 simul,
1379 2358 1437 2410 et
1464 2355 2021 2429 incomparabiliter
2062 2364 2252 2420 excel-

593 2436 742 2501 lens,
773 2437 946 2496 facile
976 2440 1312 2497 tribuemus
1335 2442 1691 2501 humanitati
1721 2446 1782 2501 id
1812 2449 1976 2520 quod
2001 2449 2248 2507 inferius

596 2531 705 2596 est,
734 2527 898 2598 quod
929 2528 990 2584 in
1030 2544 1167 2585 eam
1196 2546 1462 2601 congrue
1490 2533 1649 2589 cadit
1674 2534 1953 2606 (multum
1983 2540 2142 2595 enim
2163 2540 2248 2596 di-

596 2618 710 2671 stat
741 2615 819 2671 ab
848 2617 1078 2687 angelis
1106 2623 1323 2675 natura
1360 2620 1685 2689 hominis):
1717 2623 1918 2683 deitati
1949 2643 2092 2685 vero
2120 2645 2247 2686 om-

596 2704 697 2760 nia
723 2707 1049 2778 superanti,
1086 2711 1535 2781 supereminere
1578 2717 1635 2769 et
1672 2714 1885 2779 attolli,
1914 2728 2099 2790 supra
2151 2736 2247 2777 res

596 2800 913 2864 creatas,et
941 2796 1094 2853 ultra
1123 2814 1367 2856 omnem
1393 2801 1745 2860 rationalem
1768 2805 2167 2865 substantiam
2189 2813 2246 2867 et

598 2898 778 2938 omne
807 2899 1029 2941 nomen
1059 2888 1225 2959 quod
1254 2890 1622 2957 nominatur,
1647 2892 2113 2953 substantialiter
2142 2914 2243 2955 ex-

595 2970 805 3027 cedere
835 2974 1256 3032 concedemus.
1291 2977 1395 3033 Sin
1423 2984 1623 3036 autem
1650 2981 1828 3038 etiam
1860 2984 2093 3058 absque
2119 3002 2243 3044 car-

595 3075 687 3141 ne,
703 3064 759 3116 et
786 3062 1061 3118 nondum
1091 3064 1451 3122 humanitati
1466 3067 1628 3124 velut
1655 3069 1943 3129 insertum
1962 3074 2243 3132 Verbum-

2592 516 2688 572 τῆς
2717 509 2771 561 ἓν
2794 511 3049 583 πνεύματι
3065 509 3319 587 λατρείας.
3346 518 3468 585 Κεφ.
3571 509 3704 583 (26).

2423 614 2524 677 κζ’.
2556 611 2759 669 Οὐκοῦν
2787 616 2882 670 οὐκ
2911 616 3247 677 ἰσοστατήσει
3272 627 3364 680 τῆς
3392 620 3632 682 θεότητος
3660 618 3979 693 ὑπεροχαῖς

2353 706 2413 758 τὸ
2452 702 2769 779 ἀνθρώπινον
2800 726 2815 740 ·
2871 705 3063 760 πολλοῦ
3116 726 3178 780 γε
3233 712 3323 761 καὶ
3380 704 3481 762 δεῖ.
3536 709 3820 784 Τοιγάρτοι
3866 709 3978 759 καὶ

2353 794 2573 866 ἔφασκεν
2593 797 2663 856 ὡς
2681 795 2801 848 καθ’
2821 796 2962 869 ἡμᾶς
2986 801 3207 869 γεγονὼς
3234 802 3325 851 καὶ
3355 800 3649 871 νοούμενος·
3676 796 3735 849 '0
3763 800 3973 869 Πατήρ

2351 901 2454 956 μου
2492 884 2683 956 μείζων
2713 886 2814 958 μού
2844 883 2978 953 έστι,
3018 890 3191 940 καίτοι
3218 887 3356 941 κατὰ
3380 889 3535 960 φύσιν
3561 887 3799 947 θεότητος
3833 884 3974 938 ἰσο-

2351 975 2548 1046 μέτρως
2575 974 2736 1046 ἔχων,
2778 977 2866 1028 xui
2891 981 2986 1038 τῆς
3017 981 3111 1030 τοῦ
3144 979 3381 1039 τέκοντος
3407 977 3677 1053 ὑπεροχῆς
3711 973 3823 1048 οὐχ
3851 975 3972 1033 ἧτ-

2350 1067 2574 1135 τώμενος
2585 1104 2601 1121 .

2777 1176 2881 1225 Τοῦ
2918 1171 3074 1245 ἁγίου
3104 1171 3360 1247 Κυρίλλου
3383 1173 3521 1247 (27).

2420 1274 2519 1341 κζ’.
2550 1274 2618 1329 Ἣ
2646 1278 2749 1353 γάρ
2779 1278 2908 1352 οὐχὶ
2952 1283 3244 1357 γέγραπται
3292 1284 3411 1357 περὶ
3453 1280 3614 1333 αὐτου
3644 1281 3714 1344 ὡς
3757 1279 3971 1354 ὑφιξή-

2353 1384 2484 1419 σειεν
2540 1365 2601 1419 ἂν
2655 1369 2789 1421 κατά
2849 1388 2906 1442 γε
2957 1374 3014 1422 τὸ
3072 1367 3391 1446 ἀνθρώπινον
3455 1374 3546 1423 καὶ
3599 1375 3694 1429 τὴν
3758 1368 3971 1443 ἀμείνω

2352 1457 2525 1528 φύσιν,
2583 1461 2824 1511 τουτέστι
2878 1462 2972 1517 τὴν
3038 1458 3394 1532 εὐαγγελικήν,
3449 1464 3536 1513 καὶ
3598 1468 3694 1522 τῆς
3750 1457 3970 1512 ἐκείνων

2352 1542 2572 1606 εὐκλείας
2620 1546 2777 1599 νοοῖτ’
2835 1545 2895 1599 ἂν
2952 1549 3214 1607 ἡττᾶσθαι
3272 1547 3496 1625 βραχύς
3547 1547 3774 1609 Ἀληθές.
3816 1546 3967 1619 Ἔφη

2351 1634 2452 1706 γὰρ
2510 1635 2535 1686 ό
2588 1633 2837 1697 Παυλος*
2896 1639 2994 1690 Τόν
3062 1633 3122 1691 δι
3188 1635 3374 1712 βραχύ
3430 1657 3482 1690 τι
3535 1637 3658 1714 παρ’
3707 1634 3974 1708 ἀγγέλους

2352 1721 2707 1796 ἠλαττωμένον
2789 1722 3043 1799 βλέπομέν
3119 1726 3324 1785 Ἰησουν
3419 1723 3514 1780 διὰ
3601 1728 3660 1780 τὸ
3730 1727 3978 1798 πάθημα

2350 1819 2444 1865 τοῦ
2539 1814 2759 1867 θανάτου
2792 1856 2807 1882 ,
2887 1811 3017 1890 δόξῃ
3111 1820 3201 1869 καὶ
3292 1824 3417 1890 τιμῇ
3523 1814 3974 1890 έστεφανωμένον.

2353 1896 2480 1955 Εἶτα
2516 1906 2568 1954 τί
2622 1904 2890 1974 παθόντες,
2933 1904 3042 1959 εἰπέ
3095 1915 3206 1977 μόι,
3246 1908 3421 1958 καίτοι
3475 1908 3569 1964 τὴν
3636 1901 3827 1977 ἀμείνω
3869 1906 3978 1975 φύ-

2357 2009 2438 2043 σιν
2476 1989 2727 2063 λαχόντες
2765 1995 2815 2045 οἱ
2850 1997 2945 2053 τὴν
2982 1994 3088 2046 ἄνω
3123 1993 3381 2071 τρίϐοντες
3436 1993 3604 2062 πόλιν,
3645 1997 3736 2045 καὶ
3787 1989 3978 2044 ἀπλα-

2354 2087 2413 2139 νῆ
2474 2099 2573 2132 που
2638 2084 2844 2144 πάντως
2903 2087 2993 2135 καὶ
3056 2081 3476 2159 ἀπαραλόγιστον
3537 2086 3631 2142 τὴν
3692 2080 3778 2134 ἐπὶ
3847 2088 3977 2153 Θεῷ

2355 2176 2545 2240 γνῶσιν
2620 2168 3053 2240 πεπλουτηκότος,
3120 2177 3207 2225 τόν
3281 2170 3330 2224 έν
3404 2176 3571 2246 μείονι
3644 2173 3794 2245 φύσει
3872 2174 3977 2222 καὶ

2357 2262 2575 2311 κατόπιν
2637 2261 2831 2319 ἧκοντα
2883 2268 2972 2322 τῆς
3028 2259 3240 2323 ἐνούσης
3296 2258 3529 2323 εὐκλείας
3586 2260 3780 2325 αὐτοῖς,
3823 2258 3977 2312 ἕποιο

2358 2354 2508 2401 οῦντο
2566 2353 2948 2423 προσκυνητὸν,
3003 2352 3224 2423 φράσαις
3279 2350 3360 2417 ἂν,
3402 2347 3442 2402 ὦ
3482 2351 3670 2425 ἑταῖρε.
3715 2353 3817 2403 Καὶ
3860 2353 3977 2422 μὴν

2355 2441 2445 2489 καὶ
2482 2441 2633 2489 τουτό
2670 2441 2730 2510 γέ
2786 2437 2922 2492 έστιν
2973 2435 3081 2499 ἤδη
3144 2444 3252 2493 σόν.
3313 2439 3538 2510 Οὔκουν,
3580 2443 3715 2514 εἴπερ
3758 2434 3908 2491 ἔστὶν
3951 2438 3980 2492 ὁ

2356 2525 2513 2589 αὐτὸς
2551 2524 2771 2579 ἐλάττων
2808 2547 2861 2580 τε
2898 2528 3009 2601 ἅμα
3045 2533 3135 2582 καὶ
3174 2527 3222 2580 έν
3271 2536 3381 2592 τοῖς
3438 2527 3771 2604 ἀσυγκρίτως
3809 2528 3980 2600 ὑπερ-

2355 2618 2625 2688 κειμένοις,
2690 2614 3039 2690 ἀπονεμοῦμεν
3107 2618 3350 2691 εὐκρινῶς
3414 2624 3477 2691 τῇ
3693 2614 3981 2691 ἀνθρωπό-

2353 2724 2474 2763 τητι
2528 2708 2587 2757 τό
2661 2713 2870 2779 χωροῦν
2928 2704 3005 2759 ἄπ’
3064 2705 3193 2781 αὐτῇ
3269 2710 3591 2781 πρεπόντως,
3638 2707 3696 2758 τὸ
3753 2702 3981 2758 ἔλαττον

2353 2795 2518 2870 (παρά
2566 2793 2695 2847 πολὺ
2750 2797 2851 2869 γὰρ
2912 2793 3139 2867 ἀγγέλων
3197 2793 3468 2871 ἀνθρώπου
3533 2796 3708 2868 φύσις)
3740 2808 3755 2823 ⁵
3799 2800 3867 2866 τῇ
3917 2789 3983 2846 δὲ

2351 2885 2477 2957 ὑπερ
2534 2885 2714 2936 πάνπα
2771 2886 2976 2942 θεότητι
3034 2888 3094 2938 τὸ
3152 2886 3493 2960 ὑπερκεῖσθαι
3533 2903 3585 2937 τε
3622 2887 3712 2935 xui
3751 2881 3985 2957 ὑπεραι-

2354 2970 2457 3027 δειν
2513 2976 2581 3027 τά
2636 2977 2833 3046 γενητὰ
2891 2980 2983 3028 xui.
3020 2977 3200 3039 πάσης
3262 2974 3494 3029 ἐπέκεινα
3529 2974 3746 3046 λογικῆς
3785 2972 3986 3030 οῦσὶας

2354 3067 2446 3116 καὶ
2498 3067 2688 3125 παντὸς
2745 3063 2995 3138 ὀνόματος
3052 3061 3281 3138 διᾴττειν
3335 3061 3629 3126 οὖσιωδῶς.
3671 3061 3733 3115 Εἰ
3771 3058 3832 3115 δὴ
3903 3058 3979 3121 δὴ

594 3139 744 3222 ipsis
780 3168 1027 3225 quoque
1056 3156 1284 3225 angelis
1338 3157 1584 3215 inferius
1614 3176 1741 3217 esse
1772 3168 2104 3235 censeatur,
2137 3158 2251 3223 mir

2365 3157 2447 3206 xui
2488 3149 2627 3226 δίχα
2654 3157 2868 3222 σαρκὸς,
2907 3159 2998 3207 καὶ
3027 3157 3170 3207 οὔπω
3205 3160 3314 3214 τοῖς
3350 3154 3468 3207 καθ’
3507 3155 3648 3226 ἡμὰς
3684 3152 3791 3205 οἷον
3836 3169 3986 3244 σνμῖ

596 3254 712 3295 nus
741 3241 987 3312 quidem
1020 3244 1128 3300 erit
1155 3244 1360 3317 ipsum
1389 3247 1513 3303 suis
1542 3251 1847 3318 creaturis,
1872 3268 1943 3309 ac
1967 3260 2251 3326 praeterea

599 3326 917 3397 adorator;
950 3346 1061 3386 nec
1086 3332 1138 3387 ei
1162 3333 1292 3402 jam
1317 3343 1624 3392 succurret
1652 3343 1756 3394 aut
1781 3343 2254 3410 patrocinabitur

597 3414 845 3471 demum
885 3422 1090 3475 nostra
1121 3420 1408 3479 defensio.
1444 3426 1615 3490 Quod
1661 3429 1709 3483 si
1757 3429 1882 3484 haec
1927 3431 2124 3488 dicere
2182 3449 2254 3490 ac

600 3503 814 3560 sentire
842 3505 1098 3578 impium
1123 3515 1213 3565 est
1231 3510 1412 3567 simul
1442 3527 1513 3568 ac
1549 3513 2026 3589 fallacissimum,
2058 3522 2256 3579 minor

600 3594 802 3683 autem
830 3598 935 3661 est,
963 3597 1255 3668 quoniam
1285 3603 1342 3654 et
1367 3600 1552 3658 homo
1583 3608 1706 3671 est;
1732 3607 1935 3677 utique
1972 3615 2257 3683 sequetur

602 3678 665 3734 id
693 3695 823 3736 esse
843 3684 1255 3757 cogitandum,
1288 3688 1509 3747 scilicet
1536 3691 1917 3752 adoratorem
1941 3678 2257 3772 esse,qua-

599 3771 776 3827 tenus
801 3771 986 3830 homo
1010 3778 1116 3832 est.

1275 4064 1575 4134 Ejusdem.

668 4167 759 4223 28.
794 4168 942 4223 Cum
981 4170 1182 4224 autem
1213 4172 1544 4241 apostolico
1574 4172 1734 4229 dicto
1778 4175 2088 4245 insultent,
2129 4194 2260 4252 per-

596 4251 739 4308 inde
768 4268 839 4309 ac
867 4255 916 4309 si
944 4257 1023 4311 ad
1047 4256 1362 4326 vulgarem
1389 4258 1657 4331 aliquam
1682 4263 1991 4321 hominem
2021 4251 2263 4325 referre-

600 4346 841 4411 tur,age
863 4347 1051 4399 totam
1076 4349 1430 4403 sententiam
1455 4349 1534 4404 ab
1554 4351 1722 4407 initio
1745 4359 2264 4430 repetamus,qua-

2358 3240 2576 3305 πλακεὶς
2635 3243 2661 3295 ό
2726 3247 2919 3315 Λόγός,
2976 3247 3034 3296 τό
3089 3262 3150 3315 γε
3207 3240 3255 3295 έν
3318 3242 3561 3295 ἐλάττοσι
3612 3241 3820 3295 κεῖσθαι
3881 3240 3986 3293 καἰ

2363 3330 2529 3383 αὐτῶν
2596 3329 2872 3395 ἀνεικότως
2937 3331 3249 3407 ἀποφέροιτο
3316 3339 3418 3384 τῶν
3487 3330 3728 3403 ἀγγέλων,
3809 3348 3982 3401 μενων

2363 3426 2453 3496 μέν
2490 3421 2608 3473 έστι
2659 3429 2759 3473 τῶν
2818 3418 2969 3474 ἰδίων
3016 3424 3340 3495 κτισμάτων,
3381 3426 3471 3474 xui
3511 3424 3636 3496 πρός
3685 3437 3744 3491 γε
3799 3421 3980 3490 τούτῳ

2362 3515 2756 3585 προσκυνητής,
2836 3507 2986 3564 οὐδε-δ
3060 3513 3408 3584 έπαμύνοντος
3468 3511 3499 3569 ἣ
3559 3505 3983 3584 ὑπερδικοῦντος

2364 3602 2441 3652 ἔτι
2484 3618 2578 3651 του
2628 3596 2751 3674 πὰρ’
2803 3600 2928 3672 ἡμῖν
2984 3598 3162 3671 λόγου.
3204 3598 3267 3652 Εἰ
3323 3596 3381 3652 δε
3422 3595 3490 3657 δὴ
3532 3602 3680 3650 ταυτὶ
3719 3597 3883 3668 φάναι
3925 3615 3983 3649 τε

2363 3693 2454 3741 καὶ
2503 3695 2700 3761 φρονεῖν
2766 3684 3021 3751 δυσσεϐές
3074 3708 3130 3742 τε
3190 3688 3302 3760 ἅμα
3364 3692 3453 3740 καὶ
3521 3686 3926 3759 σφαλερώτατον
3962 3702 3976 3716 ·

2364 3781 2519 3852 μείων
2578 3772 2657 3844 δε,
2718 3778 2797 3829 ὅτι
2857 3782 2949 3831 καὶ
3003 3778 3278 3852 ἄνθρωπος
3307 3794 3322 3808 ⁸
3364 3776 3545 3848 ἕψεταί
3599 3794 3700 3828 που
3755 3776 3982 3836 πάντως

2362 3867 2522 3921 έκεῖνο
2585 3874 2716 3921 νοεῖν
2748 3883 2762 3899 ⁸
2820 3872 3187 3942 προσκυνητὴς
3239 3868 3343 3943 γάρ
3402 3865 3537 3935 ἐστι,
3591 3866 3673 3919 ὅτι
3724 3868 3819 3916 καὶ
3882 3865 3980 3918 ciu-

2364 3960 2589 4031 θρωπος.

2922 4070 3026 4117 Τοῦ
3057 4062 3217 4116 αὐτοῦ
3258 4062 3392 4135 (28).

2439 4170 2540 4230 κη’.
2619 4167 2830 4231 Ἐπειδὴ
2929 4168 2989 4225 δε
3078 4175 3173 4230 τὴν
3259 4170 3612 4230 ἀποστολικὴν
3701 4169 3957 4234 κατεξανι

2372 4266 2533 4314 στάσι
2604 4261 2783 4337 ῥῆσιν,
2841 4263 2910 4323 ὡς
2984 4260 3061 4314 έπ¹
3129 4259 3400 4335 ἀνθρώπου
3465 4267 3639 4314 κοινοῦ
3712 4277 3982 4334 προενενε·

2370 4353 2584 4423 γμένην,
2674 4354 2790 4426 φέρε
2862 4349 3083 4424 λέγωμεν
3175 4348 3367 4413 ᾶόντες
3452 4349 3541 4403 ἄπ’
3618 4347 3793 4425 ἀρχῆς
3867 4358 3981 4403 τῶν

600 4434 774 4514 tenus
805 4430 884 4486 ad
908 4431 1247 4489 institutum
1282 4451 1626 4494 sermonem
1652 4441 1927 4512 pertinet.
1963 4445 2251 4518 Scriptum

2372 4443 2736 4515 ’γεγραμμένων
2819 4444 2981 4513 μέχρι
3067 4438 3394 4504 καταλήξιως
3481 4447 3576 4503 τῆς
3645 4437 3982 4513 ἀποχρώσης

599 4503 805 4590 itaque
835 4523 923 4575 est
950 4539 962 4575 :
986 4521 1143 4577 Eum
1177 4528 1377 4579 autem
1407 4527 1513 4596 qui
1548 4503 1781 4584 modico
1825 4546 2007 4601 quam
2061 4503 2267 4607 angeli

598 4607 935 4662 minoratus
966 4614 1068 4674 est,
1105 4609 1372 4667 videmus
1403 4612 1601 4669 Jesum
1640 4623 1889 4685 propter
1928 4622 2265 4688 passionem

599 4696 807 4751 mortis
831 4698 1024 4769 gloria
1048 4702 1103 4755 et
1128 4696 1352 4756 honore
1380 4706 1845 4760 coronatum.Et
1868 4709 2051 4778 paulo
2072 4711 2260 4780 infra.

602 4785 747 4840 Ecce
776 4785 958 4850 enim,
1002 4791 1059 4841 et
1102 4784 1349 4858 quidem
1383 4788 1761 4859 apertissime
1800 4808 1939 4849 cum
1971 4794 2131 4852 dicat
2158 4797 2265 4854 mi-

600 4877 881 4930 noratum
914 4874 1069 4931 intra
1098 4873 1346 4945 angelos
1378 4880 1627 4948 propter
1650 4880 1997 4950 passionem
2034 4885 2261 4953 mortis,

601 4968 781 5036 atque
803 4963 882 5021 ob
910 4963 973 5020 id
1004 4966 1359 5021 coronatum
1389 4980 1523 5021 esse
1561 4965 1752 5035 gloria
1781 4974 1838 5025 et
1865 4970 2114 5037 honore,
2137 4989 2266 5031 ma-

600 5054 810 5109 nifeste
825 5053 995 5109 illum
1023 5051 1287 5109 ostendit
1313 5051 1387 5109 de
1418 5069 1543 5125 quo
1573 5055 1760 5112 verba
1787 5056 1944 5126 fecit,
1971 5060 2263 5120 nimirum

602 5142 983 5212 Unigenitum
1012 5159 1025 5197 :
1055 5141 1410 5214 participem
1443 5142 1605 5198 enim
1626 5144 1709 5200 ait
1727 5143 1952 5205 factum
1973 5163 2107 5209 esse
2135 5165 2263 5211 car-

601 5230 695 5285 nis
733 5235 789 5288 et
818 5230 1132 5302 sanguinis
1168 5229 1421 5305 perinde
1454 5245 1525 5289 ac
1550 5246 1689 5293 nos.

848 5481 1174 5560 Edit_.cit._t.
1198 5485 1241 5551 Ι,
1267 5489 1463 5560 p._3l_7
1489 5488 1555 5544 ι).

698 5484 766 5537 26
848 5481 1103 5539 Edit.cit.
1134 5486 1174 5541 t.
1198 5485 1241 5551 Ι,
1267 5499 1326 5560 ρ.
1360 5489 1463 5544 3n
1489 5488 1555 5544 ι).

603 5478 906 5682 ϐἓξξῄῦε
959 5555 1271 5626 Trinitate,
1321 5557 1543 5633 dialog.
1600 5574 1677 5631 ιν,
1723 5561 1765 5622 t.
1796 5562 1863 5633 V,
1902 5565 2057 5641 part.
2109 5577 2152 5635 1,
2190 5577 2252 5637 p.

2375 4538 2447 4599 τῷ
2483 4528 2650 4600 λόχῳ.
2699 4531 2992 4602 Γέγραπται
3042 4533 3213 4582 τοίνυν
3243 4543 3259 4559 ⁶
3300 4531 3399 4583 Τόν
3440 4524 3499 4583 δὲ
3537 4526 3721 4601 βραχύ
3751 4546 3805 4579 τι
3843 4529 3982 4603 παρ’

2375 4616 2620 4690 ἀγγέλους
2695 4616 3047 4692 ἠλαττωμένον
3127 4616 3382 4692 βλέπομεν
3466 4618 3672 4677 Ἰησοῦν
3742 4612 3837 4670 διὰ
3912 4623 3979 4673 τό

2372 4708 2597 4780 πάθημα
2629 4726 2719 4760 του
2748 4707 2970 4761 θανάτου
3006 4704 3135 4782 δόξῃ
3167 4712 3258 4761 xui
3284 4715 3410 4782 τιμῇ⁹
3443 4705 3871 4780 ἐστεφανωμένον.
3901 4737 3979 4750 -

2376 4800 2477 4849 Καὶ
2535 4793 2645 4868 μετ’
2701 4795 2893 4870 ὀλίγαο
2949 4792 3088 4850 Ἰδοὺ
3125 4798 3249 4870 γὰρ,
3309 4793 3427 4849 ἰδοῦ
3457 4801 3548 4849 καὶ
3602 4796 3744 4870 μάλα
3790 4805 3980 4869 σαφῶς

2373 4883 2707 4943 ἠλαττῶσθαι
2743 4883 2901 4958 λέγων
2941 4885 3097 4939 αὐτὸν
3143 4888 3285 4957 παρά
3320 4890 3442 4948 τοὺς
3479 4883 3733 4958 ἀγγέλους
3779 4881 3875 4938 διὰ
3911 4892 3979 4942 τὸ

2370 4975 2595 5047 πάθημα
2630 4981 2722 5027 τοῦ
2763 4976 3004 5048 θανάτου,
3065 4977 3412 5049 κατεστέφθαι
3460 4994 3521 5047 γε
3576 4981 3680 5048 μὴν
3719 4971 3793 5027 δι’
3842 4976 3980 5031 αὑτό

2370 5070 2497 5136 τιμῇ
2530 5081 2602 5143 τε.
2620 5068 2710 5116 καὶ
2737 5058 2887 5137 δόξῃ,
2929 5065 3243 5122 καθίστησιν
3274 5061 3468 5136 ἐμφανῆ
3499 5066 3584 5116 τόν
3623 5063 3702 5136 ἐφ’
3809 5072 3983 5117 ποιεῖ-

2369 5170 2458 5206 ται
2484 5155 2606 5213 τοὺς
2647 5151 2871 5224 λόγους·
2925 5148 3089 5212 δῆλοη
3130 5148 3189 5206 δε
3245 5156 3324 5205 ότι
3362 5156 3451 5205 τόν
3488 5158 3746 5224 Μονογενῆ
3773 5166 3789 5182 ⁶
3829 5172 3983 5225 μετε-

2372 5244 2632 5312 σχηκέναι
2677 5242 2777 5315 γάρ
2819 5260 2978 5315 φησιν
3009 5241 3165 5296 αὐτόν
3191 5242 3409 5315 αἳματος
3436 5246 3527 5296 xui
3574 5244 3769 5319 σαρκὸς
3806 5260 3984 5315 παρα-

2369 5327 2469 5388 πλη
2478 5333 2604 5393 σίως
2633 5330 2663 5388 ἠ
2671 5336 2779 5403 μῖν.

2438 5489 2808 5648 ἱξὸξῖέὲὶεὲοε.
2840 5490 3011 5562 Quod
3038 5507 3195 5550 unus
3224 5499 3308 5552 est
3340 5492 3633 5564 Christus,
3663 5496 3702 5550 ι.
3718 5492 3787 5560 ν,
3808 5497 3973 5566 part.

2368 5578 2406 5628 Ι,
2438 5578 2499 5628 p.
2531 5578 2633 5621 Ἰσδ
2664 5578 2728 5625 5ο
