4046 6310
584 515 689 564 Τοῦ
718 510 1104 584 Χρυσοστόμου
1128 507 1263 579 (29).

187 615 283 673 κθ’.
349 615 513 672 Ἀλλὰ
582 621 674 670 καὶ
733 618 1017 692 περιφέρων
1091 618 1185 674 τὴν
1250 615 1439 689 σάρκα,
1503 611 1719 686 ἀφίησιν

119 707 283 764 αὐτὴν
345 708 412 758 τὰ
467 714 565 769 τῆς
619 707 820 780 φύσεως
885 703 1222 778 ἐλαττώματα
1275 704 1571 776 ὑπομεῖναι,
1630 706 1720 755 καὶ

119 792 382 867 διψῆσαι,
422 801 514 850 καὶ
570 797 913 864 καθεσθῆναι,
964 797 1055 846 καὶ
1121 794 1378 847 κοπιάσαι
1411 811 1424 825 ⁸
1467 791 1610 854 τέλος
1663 788 1723 844 δὲ

116 889 208 937 καὶ
265 883 355 937 ἐπὶ
400 888 489 937 τόν
530 888 756 961 σταυρόν
814 882 1111 960 ἐρχόμενος,
1171 880 1386 955 ἀφίησιν
1446 880 1609 940 αὐτὴν
1658 883 1725 934 τὰ

113 982 206 1034 τῆς
248 977 453 1048 σαρκός
507 975 690 1028 παθεῖν
723 989 736 1004 ·
781 969 874 1026 διὰ
909 980 1064 1025 τοῦτο
1111 976 1201 1025 καὶ
1237 975 1447 1047 κρουνοὶ
1490 968 1722 1044 ἱδρώτων

113 1067 464 1138 κατεφέροντο
551 1061 604 1126 ἐξ
695 1062 853 1124 αὐτῆς
885 1077 900 1094 ·
977 1066 1067 1115 καὶ
1153 1061 1371 1132 ἄγγελος
1446 1061 1722 1135 ηὑρίσκετο

115 1153 279 1211 αὐτὴν
324 1149 630 1228 διακρατῶν
663 1169 676 1182 ·
710 1157 799 1206 καὶ
848 1151 1107 1218 λυπεῖται,
1147 1155 1236 1203 καὶ
1289 1146 1548 1222 ἀδημονεῖ
1575 1162 1591 1178 ’
1633 1153 1723 1202 καὶ

110 1246 211 1315 γὰρ
252 1248 420 1318 πρινὴ
463 1251 631 1295 ταῦτα
657 1242 832 1313 εἰπεῖν,
867 1246 1049 1314 φησιν,
1071 1239 1129 1294 Ἠ
1159 1240 1313 1313 ψυχή
1343 1259 1442 1313 μου
1473 1241 1721 1314 τετάρακ-

113 1348 199 1384 ται
228 1348 242 1362 ⁸
287 1337 406 1400 καὶ,
470 1333 758 1407 Περίλυπός
804 1329 942 1383 ἐστιν
999 1330 1028 1388 ἡ
1071 1329 1225 1402 ψυχή
1275 1348 1376 1403 μου
1434 1329 1528 1392 ἓως
1569 1329 1722 1382 θανά-

115 1439 223 1476 του.

767 1531 868 1580 Τοῦ
899 1525 1083 1583 αὐτοῦ.

184 1631 322 1691 λ’.’0
353 1627 416 1688 δε
437 1635 668 1708 Χριστός
701 1641 855 1707 σῶμα
883 1634 1108 1707 καθαρόν
1136 1630 1526 1706 ἁμαρτημάτων
1559 1627 1723 1703 εἶχεν,

118 1723 176 1776 οὐ
211 1732 460 1797 γυσικῶν
492 1721 728 1794 ἀναγκῶν
775 1718 1166 1794 ἀπηλλαγμένον
1198 1736 1213 1752 ·
1265 1719 1374 1774 ἐπεὶ
1403 1717 1527 1774 οὐδε
1575 1729 1728 1794 σῶμα

127 1807 149 1824 ο

120 1834 202 1871 ην.

520 1925 625 1973 Τοῦ
666 1918 819 1991 ἁγίου
851 1917 1169 1992 Ἀμϐροσίου
1201 1918 1331 1991 (30).

187 2027 285 2083 λα’.
348 2025 440 2089 Ὠς
502 2027 776 2101 ἅνθρωπος
839 2023 928 2078 οὖν
982 2023 1262 2092 ίνδοιάζει,
1323 2026 1392 2087 ὡς
1457 2025 1729 2099 ἄνθρωπος

121 2115 499 2189 ἐκταράττεται
529 2131 545 2147 ’
588 2116 647 2169 οὐ
694 2118 1004 2190 ταράττεται
1027 2119 1129 2191 γὰρ
1169 2117 1199 2174 ἡ
1235 2111 1460 2188 δύναμις
1512 2112 1637 2168 οὐδὲ
1693 2117 1724 2175 ἠ

123 2208 306 2268 θεότης
365 2205 552 2276 αὑτοῦ,
593 2203 699 2257 ἀλλ’
729 2207 761 2264 ἠ
801 2204 957 2276 ψυχὴ
1015 2205 1325 2280 ταράττεται
1362 2209 1452 2256 καὶ
1485 2205 1728 2279 σπαράτ-

119 2314 263 2348 τεται
331 2297 476 2348 κατὰ
527 2298 624 2353 τὴν
681 2303 777 2357 τῆς
838 2292 1158 2368 ἀνθρωπίνης
1226 2295 1551 2368 σαθρότητος
1600 2297 1729 2369 πρό-

119 2383 301 2456 ληψιν.

701 2496 805 2544 Τοῦ
836 2489 995 2544 αὐτοῦ
1024 2490 1159 2562 (31).

191 2597 284 2652 λε.
317 2598 380 2652 Ὀ
429 2593 518 2650 οὖν
558 2601 668 2659 ἶσος
723 2595 772 2650 ἓν
826 2605 889 2670 τῇ
943 2605 1077 2651 Θεοῦ
1107 2605 1278 2671 μορφῇ
1314 2596 1548 2652 ἐλάσσων
1579 2596 1628 2651 ἒν
1665 2605 1728 2672 τῇ

129 2687 428 2760 προσλήψει
467 2697 563 2747 τῆς
596 2689 810 2761 σαρκός,
849 2691 938 2739 καὶ
969 2695 1040 2757 τῷ
1081 2689 1234 2739 πάθει
1272 2695 1365 2740 τοῦ
1407 2686 1679 2762 ἀνθρώπου
1713 2709 1728 2723 ο

128 2785 235 2838 πῶς
262 2779 368 2851 γὰρ
396 2771 630 2834 ἠδύνατο
669 2776 698 2833 ἡ
735 2775 865 2834 αῦτη
895 2777 1046 2847 φύσις
1072 2774 1288 2828 ἐλάττων
1316 2773 1444 2828 εἶναι
1482 2781 1572 2828 καὶ
1601 2779 1727 2846 ἴσης

129 2871 240 2925 Πῶς
265 2861 349 2934 δὲ,
384 2863 472 2916 ἐὰν
503 2863 722 2916 ἐλάττων
749 2863 884 2934 ἐστὶ,
913 2865 980 2916 τὰ
1009 2862 1140 2916 αὐτὰ
1163 2872 1300 2917 ποιεῖ
1331 2865 1521 2937 ὁμοίως
1546 2865 1674 2940 άπερ
1703 2866 1729 2917 ὁ

127 2959 309 3027 Πατὴρ
351 2961 534 3020 ποιεῐ;
599 2958 699 3005 Καὶ
735 2955 837 3027 γὰρ
887 2957 1005 3005 τίνα
1032 2957 1220 3027 τρόπον
1269 2954 1298 3012 ἠ
1334 2952 1464 3012 αῦτὴ
1504 2952 1732 3028 ἐνέργεια

126 3039 389 3116 διαφόρου
420 3041 535 3094 ἐστὶ
567 3037 872 3114 δυνάμεως;
915 3047 1000 3101 Μή
1056 3061 1108 3094 τι
1137 3042 1298 3104 οὕτως
1338 3038 1560 3095 δύναται
1599 3041 1730 3118 ἐνερ-

122 3141 228 3202 γεῖν
259 3134 285 3183 ὁ
327 3134 523 3198 ἥττων,
554 3130 672 3182 καθ’
695 3132 749 3183 ὃν
787 3134 975 3204 τρόπον
1007 3131 1030 3182 ό
1063 3134 1292 3203 μείζων;
1321 3132 1350 3190 ἦ
1386 3136 1484 3204 μία
1504 3130 1730 3206 ἐνέργεια

125 3217 350 3273 δύναται
383 3217 534 3287 εἶναι,
577 3223 705 3272 ὅπου
747 3215 998 3293 διάφορος
1024 3219 1177 3272 οὐσία
1215 3219 1365 3288 ἐστί;
1407 3226 1588 3274 Τοίνυν
1610 3220 1730 3274 λάϐε
1761 3203 1800 3260 C

123 3313 208 3362 τόν
244 3313 483 3384 Χριστόν
507 3311 645 3362 κατὰ
683 3313 777 3368 τὴν
818 3311 1040 3367 θεότητα
1075 3313 1148 3382 μὴ
1192 3306 1456 3363 δύνασθαι
1487 3309 1732 3364 ἐλάττονα

121 3398 388 3470 λέγεσθαι.

541 3513 644 3559 Τοῦ
675 3504 827 3578 ἁγίου
860 3505 1156 3577 Ἀγάθωνος
1194 3510 1320 3578 (32).

189 3610 294 3684 λγ’,
343 3615 450 3665 Καὶ
490 3611 541 3664 ἓν
597 3617 704 3684 ὅσῳ
745 3608 1010 3664 δείκνυσιν
1039 3614 1065 3664 ό
1118 3617 1280 3685 μέγας
1306 3611 1622 3688 ’Λμϐρόσιος
1659 3617 1729 3687 μὴ

126 3696 398 3754 δύνασθαι
435 3697 692 3772 διαφόρου
755 3697 1020 3773 δυνάμεως
1076 3706 1198 3773 μίαν
1254 3704 1502 3774 ἐνέργειαν
1560 3704 1732 3777 ὑπάρ-

125 3809 266 3860 χειν,
327 3785 469 3862 μησῖε
527 3794 615 3846 τὴν
674 3789 933 3842 ἐλάσσονα
971 3787 1230 3842 δύνασθαι
1290 3789 1503 3864 ἐνεργεῖν
1542 3793 1608 3843 τὰ
1645 3801 1735 3852 τῆς

125 3878 389 3948 μείζονος,
467 3880 586 3928 οὔτε
661 3881 789 3929 ὅπου
866 3874 1111 3950 διάφορος
1186 3879 1341 3930 οὐσία
1411 3881 1544 3949 ἐστὶ,
1612 3885 1735 3952 μίαν

125 3962 395 4017 δύνασθαι
447 3967 680 4018 νοεῖσθαι
734 3970 828 4024 τὴν
881 3966 1156 4040 ἐνέργειαν,
1227 3965 1570 4020 ἀποδείκνυσι
1635 3988 1733 4040 φα-

123 4062 292 4129 νεροῖς
367 4056 642 4126 μηνύμασι
716 4057 774 4106 τό
850 4060 922 4127 μὴ
1002 4052 1262 4109 δύνασθαι
1319 4060 1442 4128 μίαν
1511 4062 1734 4128 φυσικὴν

121 4141 380 4216 ἐνέργειαν
448 4145 589 4213 ἔχειν
654 4144 746 4195 τάν
798 4145 1018 4201 θεότητα
1056 4150 1146 4197 καὶ
1200 4149 1292 4202 τὴν
1361 4143 1737 4218 ἀνθρωπότητα

122 4241 208 4284 τοῦ
267 4239 506 4303 Χριστοῦ
534 4251 547 4262 ·
611 4231 655 4284 εἰ
712 4237 801 4285 καὶ
841 4231 949 4294 ἑνός
986 4238 1270 4305 προσώπου
1323 4229 1451 4286 εἶναι
1487 4240 1736 4306 γινωσκο-

124 4340 230 4391 μεν,
322 4324 416 4371 καὶ
489 4322 621 4391 μετὰ
693 4328 785 4381 τῆς
860 4319 1088 4379 ἀλλήλων
1173 4326 1444 4382 κοινωνίας
1517 4322 1734 4397 ἐνεργεῖν

125 4411 460 4483 θεωροῦνταιο
501 4407 671 4460 Ὀπου
732 4413 902 4461 τοίνυν
952 4414 1107 4482 μείων
1169 4415 1255 4462 καὶ
1316 4409 1534 4463 ἐλάττων
1593 4410 1732 4488 ἐνέρ-

123 4517 242 4566 γεια
301 4495 523 4568 λέγεται,
572 4497 630 4548 οὗ
669 4502 790 4570 περὶ
829 4503 973 4569 μιᾶς,
1026 4497 1154 4551 ἀλλὰ
1208 4504 1325 4572 περὶ
1365 4497 1461 4552 δύο
1501 4511 1733 4572 φυσικῶν

125 4593 214 4636 τοῦ
259 4583 366 4644 ἑνός
406 4592 640 4658 Χριστοῦ
697 4585 955 4658 ἐνεργειῶν
1006 4595 1310 4662 φανεροῦται
1349 4589 1483 4659 (33).
1533 4621 1592 4629 -
1633 4595 1733 4642 Καὶ

127 4681 299 4726 ταῦτα
340 4675 431 4745 μὲν
461 4673 596 4726 εἶπεν
637 4676 1012 4748 ἐπικυροῦσαὶι
1047 4676 1167 4735 ἕκτη
1204 4672 1424 4739 σύνοδος
1471 4680 1534 4729 τα
1590 4680 1736 4752 παρὰ

127 4772 216 4817 τοῦ
270 4762 425 4834 ἁγίου
465 4763 785 4838 Ἀμϐροσίου
844 4770 1146 4839 γραφέντα·
1201 4767 1229 4825 ἠ
1289 4764 1349 4819 δέ
1407 4786 1466 4840 γε
1522 4772 1730 4840 πέμπτη

130 4849 356 4914 σύνοδος
393 4861 560 4905 ταῦτα
598 4852 882 4926 ἐξεφώνησε
934 4860 1052 4929 περὶ
1110 4855 1269 4916 αὑτῆς
1324 4860 1412 4908 καὶ
1470 4865 1570 4908 τῶν
1634 4857 1736 4910 λοι-

127 4949 235 4994 πῶν
305 4942 468 5013 ἁγίων
533 4949 632 4994 τῶν
708 4948 822 4996 τότε
886 4943 1250 5015 συνελθόντων,
1330 4947 1412 4998 ὅτι
1467 4948 1737 5018 Δεχόμεθα

129 5033 300 5084 πάντα
353 5033 420 5084 τὰ
457 5032 581 5104 παρ’
621 5031 788 5084 αὐτῶν
840 5038 959 5108 περὶ
1020 5042 1116 5095 τῆς
1178 5033 1337 5110 ὀρθῆς
1390 5039 1614 5097 πίστεως
1670 5036 1736 5096 εἰς

129 5123 444 5196 κατάκρισιν
518 5129 618 5173 τῶν
700 5121 970 5195 αἰρετικῶν
1046 5122 1309 5176 ἐκτεθέντα
1341 5139 1354 5153 ⁶

132 5227 246 5263 τινα
279 5225 294 5240 ⁹

1434 5128 1534 5176 Καὶ
1609 5127 1738 5196 μετά

365 5214 468 5264 Καὶ
529 5214 573 5263 εἰ
629 5229 709 5273 τις
775 5209 955 5265 ἑαυτὸν
993 5218 1090 5274 τῆς
1147 5211 1195 5265 ἐν
1252 5212 1430 5273 αὐτοῖς
1473 5217 1739 5275 κοινωνίας

198 5491 312 5568 (s9)
329 5492 721 5568 Sequenttum
733 5493 896 5568 apud
910 5495 1405 5568 Chrysostomum
1417 5495 1741 5552 verborum

146 5563 349 5640 sedem
360 5563 799 5640 #véstigandani
825 5563 1148 5640 perpetium
1170 5567 1414 5624 eruditis
1438 5568 1738 5640 permitto.

235 5636 326 5780 30}
354 5638 440 5716 E;
468 5651 619 5718 oper
642 5639 733 5694 De
752 5636 890 5709 ﬁde,
917 5637 1022 5694 lib.
1051 5655 1111 5706 ιι,
1141 5655 1273 5714 cap.
1307 5639 1361 5707 7,
1393 5636 1462 5696 n3
1491 5643 1580 5696 56.

235 5710 293 5766 31
341 5707 472 5767 [ιώ.
505 5712 605 5768 cit.
635 5724 769 5780 cap.
793 5711 849 5780 8,
880 5725 941 5769 n.
973 5714 1068 5770 70.
1529 5764 1533 5768 _

234 5707 472 5780 31)Li.b.
505 5707 605 5768 cit.
635 5707 769 5782 cap.
793 5711 849 5780 8,
880 5725 941 5769 n.
973 5714 1068 5770 70.
1213 5707 1234 5714 “
1529 5764 1533 5768 _

1437 380 1786 440 THESAURI
1825 380 1954 438 LIB.
1994 374 2148 438 XXV.

1747 506 1795 562 Α

3374 391 3480 452 226

2436 505 2873 578 Chrysostomi.

1899 613 1988 668 29.
2029 611 2144 669 Sed
2191 627 2369 670 carne
2413 620 2744 688 assumpta,
2775 616 2913 674 sinit
2939 631 3077 675 eam
3105 623 3338 678 natura;
3385 621 3481 678 in-

1830 700 2141 758 ﬁrmitates
2180 703 2462 776 perferre,
2488 704 2763 762 videlicet
2815 711 2872 763 et
2920 707 3102 776 sitire,
3153 714 3211 767 et
3246 711 3482 784 requie-

1832 806 2013 863 scere,
2049 796 2106 848 et
2127 791 2406 850 laborare
2432 811 2444 849 :
2479 794 2740 868 denique
2761 796 2840 853 ad
2867 813 3106 855 crucem
3135 800 3478 873 deveniens,

1832 879 1970 936 sinit
1998 896 2243 938 carnem
2273 899 2410 955 quae
2441 887 2582 940 sunt
2610 885 2857 958 propria
2908 887 3186 958 ejusdem
3233 891 3480 964 perpeti.

1832 968 2275 1043 Proptereaque
2305 976 2362 1028 et
2413 971 2650 1029 sudoris
2681 974 2787 1030 rivi
2817 991 2890 1031 ex
2919 992 2992 1032 ea
3017 977 3387 1047 deﬂuebant,
3427 983 3486 1036 et

1833 1059 2086 1130 angelus
2116 1061 2399 1133 apparuit
2436 1061 2600 1118 illam
2640 1063 3021 1134 confortans;
3053 1072 3110 1122 et
3135 1068 3400 1125 tristatur
3428 1073 3485 1126 et

1832 1153 2049 1205 moesta
2083 1155 2189 1205 est.
2232 1153 2379 1207 Nam
2428 1155 2485 1206 et
2515 1157 2842 1225 antequam
2873 1154 3002 1211 haec
3045 1155 3267 1214 diceret
3298 1174 3311 1211 :
3337 1160 3484 1214 Ani-

1832 1255 1951 1308 ma,
1973 1238 2187 1313 inquit,
2215 1256 2344 1296 mea
2376 1242 2620 1299 (m'bata
2646 1251 2751 1309 est,
2780 1244 2923 1302 Item
2957 1264 2970 1302 :
3009 1248 3216 1305 Tristis
3247 1255 3328 1306 est
3355 1249 3483 1306 ani-

1831 1343 1930 1384 ma
1961 1343 2093 1385 mea
2123 1344 2309 1400 usque
2338 1331 2419 1386 ad
2447 1337 2714 1388 mortem.

2510 1527 2817 1598 Ejusdem.

1909 1631 2001 1687 30.
2043 1629 2272 1689 Christo
2303 1635 2503 1689 autem
2535 1649 2755 1705 corpus
2779 1638 2904 1692 erat
2931 1636 3195 1708 peccatis
3237 1654 3481 1711 purum,

1835 1734 1962 1776 non
2000 1723 2202 1777 tamen
2256 1722 2636 1779 naturalibus
2691 1724 3144 1783 necessitatibus
3184 1727 3475 1786 alienum.

1838 1807 2078 1882 Alioqui
2105 1825 2326 1884 corpus
2354 1826 2477 1867 non
2505 1811 2738 1869 fuisset.

2378 1919 2595 1976 Sancti
2616 1920 2924 1977 Ambrosii.

1908 2025 1999 2082 3t.
2038 2025 2109 2081 Ut
2139 2023 2324 2082 homo
2370 2040 2513 2096 ergo
2551 2025 2801 2092 dubitat,
2834 2031 2900 2083 ut
2949 2027 3134 2085 homo
3175 2029 3474 2088 turbatur.

1837 2115 1968 2171 Non
2001 2113 2276 2172 turbatur
2301 2116 2431 2187 ejus
2460 2116 2671 2184 virtus,
2703 2132 2826 2173 non
2854 2116 3132 2174 turbatur
3155 2118 3284 2189 ejus
3331 2119 3483 2175 divi-

1836 2203 2028 2272 nitas;
2062 2203 2165 2260 sed
2206 2204 2482 2261 turbatur
2509 2204 2735 2274 .Ianima
2766 2219 2780 2261 :
2815 2203 3095 2263 turbatur
3146 2208 3482 2264 secundum

1836 2291 2122 2352 humanae
2151 2292 2486 2364 fragilitatis
2513 2293 3013 2368 assumptionem.

2495 2490 2806 2561 Ejusdem.

1910 2598 1998 2652 32.
2023 2593 2288 2668 .Equalis
2318 2609 2460 2666 ergo
2498 2595 2561 2652 in
2597 2597 2699 2654 Dei
2720 2596 2938 2665 forma,
2971 2596 3171 2654 minor
3189 2597 3251 2655 in
3281 2615 3486 2656 susce-

1838 2683 2043 2757 ptione
2063 2685 2260 2742 carnis
2282 2689 2341 2742 et
2361 2685 2626 2742 hominis
2660 2685 2963 2758 passione.
2996 2689 3147 2743 Nam
3176 2689 3486 2760 quomodo

1839 2774 2051 2830 eadem
2074 2779 2279 2847 posset
2304 2776 2502 2831 minor
2521 2790 2650 2831 esse
2675 2774 3047 2848 mqualisque
3071 2779 3316 2833 natura?
3338 2780 3490 2844 Quo-

1839 2862 2024 2919 modo
2057 2868 2259 2920 autem
2307 2864 2356 2919 si
2385 2863 2583 2920 minor
2629 2867 2738 2935 est,
2782 2864 2996 2920 eadem
3049 2866 3314 2922 similiter
3349 2866 3489 2926 facit

1839 2967 1974 3023 qua:
2003 2954 2172 3008 Pater
2196 2951 2378 3008 facit?
2402 2956 2552 3008 Nam
2576 2951 3098 3023 quemadmodum
3117 2954 3331 3010 eadem
3349 2970 3491 3026 ope-

1837 3040 1990 3097 ratio
2029 3039 2281 3095 diversae
2327 3044 2481 3096 esset
2508 3040 2823 3111 potestatis
2847 3041 2874 3094 ‘l
2907 3042 3209 3114 Numquid
3255 3043 3338 3097 sic
3378 3058 3487 3114 po-

1839 3133 1952 3184 test
1980 3129 2196 3194 minor,
2247 3127 2772 3200 quemadmodum
2829 3130 3024 3199 major
3069 3131 3354 3202 operari?
3387 3133 3490 3186 aut

1839 3233 1962 3272 una
1991 3215 2260 3289 operatio
2289 3221 2484 3288 potest
2510 3233 2660 3283 esse,
2719 3215 2825 3272 ubi
2860 3217 3098 3272 diversa
3153 3217 3492 3274 substantia

1840 3307 1966 3362 est?
1995 3309 2199 3376 Itaque
2229 3305 2433 3377 accipe
2477 3303 2780 3361 Christum
2838 3305 3172 3362 secundum
3221 3306 3490 3363 divinita-

1841 3399 1980 3464 tem,
2003 3393 2300 3450 minorem
2329 3409 2452 3450 non
2474 3408 2651 3466 posse
2677 3392 2813 3449 dici.

2364 3501 2578 3557 Sancti
2603 3502 2962 3571 Agathonis.

1913 3611 2000 3664 33.
2036 3609 2102 3663 Et
2151 3607 2297 3663 dum
2349 3606 2609 3664 ostendit
2641 3622 2902 3677 magnus
2957 3607 3328 3681 Ambrosius,
3368 3625 3493 3669 non

1843 3713 2019 3769 posse
2039 3696 2294 3752 diversae
2310 3696 2619 3769 potestatis
2648 3712 2833 3753 unam
2855 3698 3265 3768 operationem
3282 3700 3490 3758 existe-

1843 3801 2052 3852 re,nec
2081 3785 2378 3841 minorem
2404 3801 2585 3857 posse
2606 3785 3019 3857 operariquod
3043 3802 3358 3858 magnam;
3381 3806 3492 3845 nec

1844 3873 1949 3929 ubi
1974 3874 2214 3929 diversa
2245 3873 2582 3929 substantia
2614 3877 2718 3938 est,
2765 3889 2952 3928 unam
2991 3891 3168 3945 posse
3195 3878 3488 3946 operatio-

1843 3978 1983 4019 nem
2004 3961 2273 4032 intelligi,
2297 3961 2667 4018 demonstrat
2689 3961 3019 4016 manifestis
3046 3961 3300 4031 indiciis,
3323 3965 3491 4036 quod

1843 4067 1968 4107 non
1997 4051 2185 4122 possit
2230 4066 2415 4105 unam
2454 4050 2790 4104 naturalem
2821 4051 3232 4121 operationem
3266 4052 3492 4110 habere

1845 4140 2127 4195 divinitas
2158 4143 2216 4194 et
2235 4139 2582 4194 humanitas
2613 4138 2840 4207 Christi,
2858 4137 2996 4193 licet
3021 4140 3198 4194 unius
3216 4155 3489 4211 personae

1845 4244 1975 4284 esse
2006 4234 2354 4296 noscantur,
2388 4232 2443 4281 et
2473 4226 2725 4282 alterum
2765 4242 2903 4282 cum
2934 4225 3178 4282 alterius
3219 4243 3491 4286 commu-

1844 4319 2022 4374 nione
2071 4317 2307 4389 operari
2339 4321 2675 4372 cernantur.
2710 4316 2817 4371 Ubi
2843 4317 3047 4387 itaque
3076 4318 3272 4387 major
3311 4323 3368 4375 et
3386 4319 3494 4375 mi-

1843 4421 1954 4462 nor
1983 4405 2199 4460 dicitur
2226 4404 2518 4477 operatio,
2553 4419 2677 4460 non
2730 4403 2806 4458 de
2851 4419 2972 4458 una
3001 4403 3108 4459 sed
3136 4404 3211 4459 de
3251 4405 3490 4462 duabus

1842 4494 2216 4552 naturalibus
2269 4495 2447 4550 unius
2501 4492 2711 4548 Christi
2763 4492 3214 4562 operationibus
3261 4495 3495 4552 intima-

1844 4592 1958 4642 tur.
1986 4621 2047 4630 —
2072 4588 2261 4657 Atque
2306 4583 2434 4639 haec
2461 4582 2708 4654 quidem
2760 4587 2926 4638 sexta
2956 4582 3225 4654 synodus
3255 4583 3492 4642 decreto

1843 4676 2265 4746 ﬁrmavit,quae
2290 4673 2564 4728 videlicet
2586 4677 2829 4728 sanctus
2858 4672 3213 4728 Ambrosius
3247 4675 3496 4746 scripse-

1843 4770 1950 4822 rat.
1996 4765 2213 4830 Quinta
2242 4779 2382 4818 vero
2416 4763 2688 4835 synodus
2710 4768 2838 4818 tum
2858 4762 2998 4818 huic
3032 4764 3340 4820 sententiae
3370 4770 3491 4820 tum

1842 4853 2086 4925 reliquis
2139 4857 2485 4907 sanctorum
2553 4853 2790 4909 Patrum
2859 4856 3364 4921 congregatorum
3412 4851 3496 4907 sic

1846 4942 2327 4998 acclamaverat:
2386 4939 2724 5011 Recipimus
2777 4945 3011 5010 cuncta,
3045 4955 3180 5011 quae
3231 4940 3310 4994 ab
3349 4939 3497 5011 ipsis

1847 5033 2004 5088 circa
2028 5037 2249 5087 rectam
2294 5030 2474 5085 fidem
2508 5029 2740 5101 prolata
2789 5034 2929 5084 sunt
2971 5026 3050 5084 ad
3078 5029 3497 5084 haereticorum

1849 5119 2432 5178 condemnationem.
2465 5121 2540 5174 Et
2567 5121 2754 5189 paulo
2774 5125 2928 5189 post.
2956 5118 3019 5174 Et
3049 5117 3097 5173 si
3124 5118 3258 5190 quis
3289 5117 3366 5174 ab
3392 5118 3499 5176 ho-

1847 5226 1983 5268 rum
2005 5225 2304 5266 consensu
2324 5213 2511 5265 semet
2539 5204 2854 5278 abstrahit,
2882 5207 3178 5264 contraria
3212 5207 3495 5279 sentiens,

1918 5492 2032 5562 (3'2)
2092 5491 2174 5548 Ex
2227 5487 2437 5547 concil.
2491 5505 2550 5545 ιιι
2598 5487 3072 5562 Constantinop.,
3137 5487 3230 5546 ed.
3297 5487 3498 5559 Coleti,

1851 5565 2364 5770 t'igiii’iiifgitiié
2387 5635 2583 5692 exstat
2611 5634 2806 5692 textus
2859 5632 3027 5706 apud
3063 5632 3310 5692 citatum
3361 5647 3501 5688 cono

1853 5723 1885 5764 c
1951 5722 2076 5768 um.

1853 5722 2076 5768 ciuem.
