4046 6310
587 353 695 422 227

1921 368 2200 428 NlCE'l—‘E
2243 365 2610 430 ΟΗΟΝΙΑΤΕ

3841 389 3992 445 228

589 485 686 542 hic
711 491 1001 561 quoniam
1054 494 1217 547 recta
1243 489 1362 546 ﬁde
1393 507 1455 547 se
1485 491 1788 550 abalienat
1823 494 2221 568 haereticisque

2349 504 2574 572 χωρίσει
2599 506 2665 555 τὰ
2712 501 2916 556 ἐναντία
2963 513 3176 579 φρονῶν,
3214 508 3241 558 0
3278 527 3527 579 τοιοῦτος,
3560 511 3738 566 ἑαυτὸν
3794 513 3986 568 ἀλλο-

590 586 1002 643 connumerat,
1033 582 1246 637 merito
1267 597 1304 636 δ.
1333 586 1539 639 sancta
1563 584 1665 638 Dei
1696 584 1954 642 Ecclesia
1982 586 2233 642 damna-

591 669 684 721 tur
713 671 891 740 atque
917 671 1284 726 anathemati
1321 670 1656 741 subjicitur.

589 878 689 934 Ex
741 881 1038 949 synodicis
1077 899 1204 953 quae
1251 885 1500 941 Romam
1551 888 1714 941 misit
1762 895 2004 944 sanctus
2050 891 2234 946 Pater

658 959 859 1029 noster
888 955 1259 1029 Sophronias
1285 958 1641 1024 patriarcha
1662 960 2231 1029 Hierosolymorum,

659 1023 732 1100 c_i_e
759 1023 1060 1100 dominiga
1089 1023 1528 1100 incuruatione,
1579 1037 1632 1084 et
1665 1031 1824 1100 quod
1862 1023 2122 1088 sitvunus
2161 1023 2236 1090 ear

665 1093 954 1151 Trim'tate
973 1097 1139 1152 Jesus
1171 1099 1444 1154 Christus
1474 1093 1810 1157 Filius'Dei
1849 1108 1900 1158 et
1945 1105 2236 1160 Dominus

656 1171 876 1220 noster.

654 1273 744 1328 34.
777 1275 894 1328 Nos
937 1291 1127 1330 unum
1177 1276 1473 1334 Christum
1505 1284 1561 1336 et
1590 1281 1800 1337 Filium
1830 1282 2233 1355 incarnatum,

579 1374 797 1432 nempe
828 1362 1110 1431 Verbum,
1140 1367 1504 1432 asserimus;
1538 1374 1592 1423 et
1623 1370 1865 1426 unicam
1916 1373 2045 1442 ejus
2096 1375 2236 1429 sub-

579 1450 858 1506 stantiam
891 1455 1292 1524 compositam
1313 1456 1590 1524 dicimus,
1623 1464 1681 1512 et
1713 1459 1867 1514 duas
1899 1461 2028 1530 ejus
2055 1462 2234 1517 conﬁ-

577 1540 772 1592 temur
795 1542 1409 1610 naturas,voluntates
1435 1551 1616 1616 atque
1647 1549 2048 1618 operationes.
2078 1553 2236 1605 Duas

574 1640 819 1697 quoque
849 1628 1123 1698 ejusdem
1158 1631 1326 1686 Verbi
1368 1632 1468 1688 Dei
1521 1635 1869 1691 nativitates
1911 1637 2230 1708 credimus,

574 1729 760 1769 unam
781 1716 1029 1787 quidem
1055 1735 1127 1773 ex
1151 1721 1271 1775 Deo
1289 1723 1456 1777 Patre
1492 1738 1677 1794 quam
1702 1721 2162 1800 intemporalem
2182 1732 2237 1781 et

2346 599 2501 660 τριῶν
2531 597 2621 644 καὶ
2649 601 2740 653 τῆς
2762 592 2920 665 ὀρθῆς
2956 600 3180 655 πίστεως
3208 602 3298 649 καὶ
3339 607 3449 661 τοίς
3476 603 3751 673 αὶρετικοῐς
3780 622 3985 654 συνα-

2343 681 2562 752 ριθμῶν,
2598 679 2814 743 δικαίως
2852 685 2952 736 ὑπὸ
2998 693 3094 746 τῆς
3132 686 3281 756 ἁγίας
3309 696 3402 740 τοῦ
3451 698 3584 744 Θεοῦ
3635 692 3987 754 Ἐκκλησίας

2343 775 2704 843 κατακρίνεται
2724 778 2814 825 καὶ
2843 772 3274 846 ἀναθεματίζεται
3303 777 3432 848 (34).

2343 889 2473 946 Ἀπὸ
2506 903 2604 946 τῶν
2648 893 2935 948 συνοδικῶν
2987 898 3054 948 ὧν
3085 899 3306 971 ἔπεμψεν
3347 899 3394 951 ἐν
3418 900 3584 975 Ῥώμῃ
3641 904 3666 955 0
3697 901 3743 955 ἓν
3776 905 3981 976 ἁγίοις

2418 972 2592 1046 Πατὴρ
2623 969 2767 1037 ἡμῶν
2793 974 3073 1042 Σωφρόνιος
3093 969 3400 1050 πατιοὲρχης
3430 969 3795 1052 Ἱεροσολύμων
3818 969 3977 1052 ’περὶ

2416 1045 2509 1119 τῆς
2549 1041 2800 1110 ἐνσοίρκου
2838 1041 3134 1119 οἰκονομίας
3158 1041 3265 1094 τοῦ
3290 1041 3396 1104 ἐνὸς
3425 1041 3520 1106 τῆς
3541 1041 3693 1119 ἁγίας
3715 1041 3980 1119 Τριάδὸς

2414 1107 2588 1167 Ἰησοῦ
2648 1107 2883 1184 Χριστοῦ
2924 1107 3018 1163 τοῦ
3077 1115 3200 1165 Υἰοῦ
3260 1123 3351 1166 τοῦ
3415 1124 3546 1168 Θεοῦ
3581 1107 3681 1169 ’καὶ
3747 1107 3976 1194 Κυρίου

2417 1181 2582 1251 ἡμῶν.

2417 1283 2515 1339 λδ.
2557 1287 2733 1360 Ἡμεῖς
2806 1291 2892 1341 ἕνα
2965 1294 3194 1364 Χριστόν
3260 1297 3349 1344 καὶ
3412 1296 3530 1345 Υἱόν
3587 1297 3673 1346 τόν
3742 1315 3979 1370 σαρκω-

2350 1377 2497 1427 θέντα
2535 1381 2699 1447 Λόγον
2751 1377 3096 1450 πρεσϐεύομεν
3132 1396 3144 1409 '
3196 1385 3284 1432 καὶ
3315 1385 3438 1452 μίαν
3469 1382 3629 1434 αὐτοῦ
3681 1389 3774 1442 τὴν
3818 1387 3978 1437 ὑπό-

2351 1485 2535 1518 στασιν
2573 1466 2782 1539 λέγομεν
2816 1471 3055 1521 σύνθετον
3089 1485 3101 1498 ’
3148 1476 3237 1522 καὶ
3276 1473 3323 1522 ἐν
3364 1468 3519 1524 δυσὶν
3564 1474 3716 1526 αὐτὸν
3765 1477 3976 1546 ὁμολο-

2343 1572 2533 1626 γοῦμεν
2587 1563 2700 1616 ταῖς
2768 1559 2977 1627 φύσεσι,
3053 1557 3308 1629 θελήμασί
3363 1579 3416 1611 τε
3476 1565 3565 1612 καὶ
3619 1560 3904 1636 ἐνεργείαις
3948 1579 3969 1594 ⁸

2345 1648 2434 1695 καὶ
2488 1641 2584 1696 δύο
2640 1653 2732 1697 τοῦ
2781 1645 2940 1697 αὑτοῦ
2993 1651 3119 1699 Θεοῦ
3171 1654 3345 1719 Λόγου
3383 1655 3644 1720 γεννήσεις
3693 1656 3972 1705 πιστεύο-

2345 1752 2435 1804 μεν
2471 1750 2483 1762 ·
2531 1739 2654 1805 μίαν
2694 1737 2783 1806 μὲν
2822 1740 2916 1792 τὴν
2959 1734 3014 1786 ἐκ
3043 1744 3175 1788 Θεοῦ
3215 1743 3303 1788 καὶ
3353 1742 3571 1811 Πατρός,
3625 1740 3686 1798 ἣν
3715 1741 3970 1815 ἄχρονον

577 1803 1004 1873 sempiternam
1047 1807 1308 1876 scimus;
1342 1825 1415 1865 ex
1441 1811 1696 1882 Deipara
1745 1819 1934 1869 matre
1960 1815 2221 1870 alteram.

2345 1828 2434 1875 καὶ
2507 1821 2674 1876 ἀίδιον
2749 1822 2999 1896 οἴδαμενο
3077 1833 3166 1878 καὶ
3242 1824 3486 1900 δευτέραν
3560 1835 3647 1888 τὴν
3722 1830 3776 1882 ἐκ
3853 1841 3972 1894 τῆς

577 1905 763 1960 quam
786 1896 839 1946 et
870 1909 1165 1965 nuperam
1197 1901 1254 1952 et
1276 1900 1674 1971 temporalem
1701 1904 2144 1971 cognoscimus.
2173 1897 2236 1958 Εἴ

578 1984 932 2038 naturarum
985 1985 1376 2056 proprietates
1446 1991 1671 2045 servari
1734 1991 2009 2057 dicimus,
2079 1993 2232 2048 duas

578 2081 798 2139 nempe
826 2070 1111 2142 physicas
1138 2074 1493 2145 voluntates,
1518 2085 1574 2134 et
1594 2079 1748 2134 duas
1777 2081 2061 2152 physicas
2091 2098 2230 2153 ope-

579 2156 860 2224 rationes.
899 2163 965 2214 Et
993 2167 1291 2233 quatenus
1321 2167 1474 2220 Deus
1505 2172 1615 2238 est,
1648 2170 2228 2228 consubstantialem

575 2243 776 2314 ipsum
817 2249 973 2303 Patri
1012 2250 1387 2308 afﬁrmamus
1420 2271 1432 2309 :
1485 2257 1650 2312 Matri
1687 2263 1886 2313 autem
1926 2259 2226 2332 nobisque

574 2349 719 2388 cons
729 2335 1475 2413 ubstantialem,quatenus
1491 2346 1668 2402 homo
1681 2350 2075 2412 est,eumdem
2093 2367 2226 2422 pro-

572 2422 923 2478 nuntiamus
950 2443 962 2492 ;
996 2425 1288 2484 visibilem
1314 2432 1539 2501 puriter
1567 2439 1624 2488 et
1650 2434 2025 2502 invisibilem,
2059 2455 2224 2494 crea-

568 2512 696 2563 tum
743 2515 800 2565 et
849 2511 1203 2582 increatum,
1245 2534 1604 2590 corporeum
1661 2529 1718 2578 et
1777 2524 2221 2596 incorporeum,

567 2599 1054 2656 contrectabilem
1120 2609 1177 2658 et
1236 2605 1810 2679 incontrectabilem,
1858 2613 2224 2670 circumscri-

568 2690 741 2757 ptum
771 2693 827 2743 et
847 2689 1462 2767 incircumscriptum,
1483 2702 1783 2756 terrenum
1815 2707 1871 2757 et
1901 2705 2216 2776 caelestem,

571 2789 752 2832 carne
771 2793 911 2834 cum
936 2781 1212 2838 rationali
1233 2785 1439 2841 anima
1460 2789 1779 2858 prmditum
1803 2797 1859 2847 et
1882 2793 2060 2848 simul
2077 2794 2225 2848 divi-

571 2865 776 2932 nitate,
804 2882 1103 2940 nuperum
1135 2876 1190 2927 et
1237 2875 1687 2946 sempiternum,
1719 2879 2008 2936 humilem
2041 2889 2097 2937 et
2125 2899 2220 2937 ex-

575 2953 824 3021 celsum,
858 2963 914 3012 et
942 2974 1342 3034 quaecumque
1368 2964 1623 3036 duplicis
1643 2970 2118 3042 inseparabiliter
2137 2988 2222 3027 re-

572 3043 885 3113 periuntur
912 3052 1161 3104 naturae.
1195 3053 1260 3106 Et
1290 3052 1571 3110 sublimia
1613 3057 1860 3128 quidem
1901 3059 1949 3112 is
1989 3076 2225 3132 semper

573 3130 806 3200 habuit,
834 3138 1034 3206 utpote
1065 3140 1431 3210 sempiterna
1452 3148 1669 3199 natura
1694 3147 2005 3218 praeditus;
2031 3130 2226 3205 humi-

569 3218 650 3274 lia
677 3236 819 3275 vero
841 3230 1084 3295 propter
1107 3243 1216 3282 nos
1244 3232 1525 3286 extremis
1546 3235 1920 3305 temporibus
1946 3239 2223 3298 immuta-

569 3306 766 3363 biliter
799 3313 1032 3379 ascivit,
1060 3322 1304 3387 propter
1331 3327 1707 3392 assumptam
1737 3324 2071 3383 humanam
2118 3346 2223 3386 na-

569 3399 984 3462 turam.Quare
1003 3418 1161 3457 unus
1189 3405 1367 3460 simul
1390 3423 1522 3462 esse
1546 3409 2012 3482 deprehenditur
2042 3423 2221 3490 atque

569 3482 720 3538 duo:
753 3501 910 3540 unus
930 3489 1174 3559 quidem
1197 3495 1530 3551 secundum
1562 3499 2009 3559 subsistentiam
2040 3482 2219 3579 atque

571 3585 917 3643 personam,
961 3577 1082 3634 duo
1110 3595 1252 3636 vero
1282 3585 1615 3643 secundum
1662 3589 1826 3661 ipsas
1865 3577 2220 3652 naturas—ac

570 3670 878 3728 naturales
909 3689 1118 3731 earum
1147 3681 1560 3750 proprietates,
1587 3685 1860 3744 videlicet
1897 3691 2218 3749 voluntatis

570 3763 627 3813 et
656 3761 1038 3830 operationis.
1070 3767 1324 3838 Utraque
1371 3771 1531 3828 enim
1579 3774 1776 3833 forma
1822 3795 1962 3835 cum
2007 3789 2218 3839 mutua

569 3853 994 3908 communione
1015 3862 1298 3926 operatur
1325 3862 1491 3932 quod
1519 3867 1830 3937 proprium
1862 3869 1953 3924 sui
1980 3876 2068 3926 est
2092 3885 2102 3922 :
2136 3873 2218 3928 ita

567 3941 636 3993 ut
665 3939 920 3996 Verbum
945 3951 1224 4014 operetur
1247 3949 1415 4021 quod
1437 3952 1613 4008 Verbi
1639 3959 1952 4028 proprium
1974 3966 2060 4015 est
2075 3977 2213 4016 cum

567 4031 838 4099 corporis
887 4036 1350 4106 communione;
1393 4057 1612 4114 corpus
1657 4052 1860 4101 autem
1902 4063 2038 4119 quae
2077 4040 2216 4105 sunt

564 4118 813 4187 propria
829 4122 1076 4191 peragit,
1098 4139 1221 4181 non
1247 4127 1373 4183 sine
1394 4131 1566 4186 Verbi
1591 4118 2212 4205 cooperatioinePorro

564 4219 638 4258 ex
653 4205 747 4259 his
776 4223 965 4264 unum
993 4214 1281 4285 prodigiis
1299 4226 1593 4288 coruscat,
1621 4222 1873 4279 alterum
1905 4231 2211 4282 contume-

561 4291 672 4348 lias
701 4298 1042 4366 perpetitur.

737 4400 798 4456 S.
841 4403 1058 4462 Basilii
1079 4409 1144 4465 in
1174 4411 1336 4467 illud
1362 4427 1388 4469 .'
1425 4435 1453 4463 «
1486 4416 1614 4486 Ego
1645 4433 1774 4475 sum
1806 4421 1961 4475 vitis.
1996 4439 2026 4473 ›

635 4595 721 4652 35.
748 4597 848 4652 Hic
872 4615 968 4654 me
993 4600 1286 4661 invadunt
1314 4607 1592 4681 haeretici,
1625 4614 1910 4688 aiuntque
1939 4634 1952 4671 :
1979 4617 2036 4674 Si
2071 4616 2207 4674 vitis

563 4690 653 4738 est
683 4687 976 4752 Servator,
1005 4705 1114 4744 nos
1144 4693 1443 4764 palmites,
1477 4702 1740 4770 agricola
1765 4687 1968 4761 autem
2006 4710 2204 4784 Pater;

561 4788 772 4829 rursus
795 4774 841 4829 si
863 4777 1135 4848 palmites
1155 4785 1427 4854 ejusdem
1446 4797 1672 4847 natura;
1694 4800 2030 4869 sunt,cujus
2047 4803 2208 4874 vitis,

559 4864 695 4920 vitis
715 4869 916 4921 autem
936 4883 1057 4923 non
1079 4878 1166 4927 est
1184 4875 1461 4944 agricolae
1474 4864 2017 4959 consubstantialis;
2034 4864 2210 4948 Filius

559 4954 805 5025 quidem
848 4955 1118 5026 ejusdem
1152 4970 1242 5018 est
1267 4969 1489 5022 natura:
1521 4971 1694 5041 cujus
1733 4989 1845 5030 nos
1877 4954 2210 5053 sumasque

556 5055 671 5096 nos
702 5041 895 5113 ipsius
935 5060 1118 5116 pars:
1161 5065 1285 5105 non
1334 5057 1535 5110 autem
1589 5056 1762 5114 Filius
1815 5062 2084 5134 ejusdem
2109 5041 2211 5124 ‘est

555 5134 786 5186 natura;
815 5134 988 5206 cujus
1015 5138 1202 5205 Pater,
1259 5141 1365 5195 sed
1395 5145 1646 5202 omnino
1695 5149 1944 5208 alienus.
1980 5156 2207 5221 Quibus

552 5220 1328 5292 respondebimus,vocatos
1353 5247 1466 5287 nos
1494 5250 1626 5290 esse
1646 5252 1771 5293 non
1795 5220 2031 5298 deitatis
2052 5245 2208 5302 illius

552 5305 854 5377 palmites,
889 5313 994 5366 sed
1041 5316 1280 5388 carnis;
1321 5323 1654 5380 secundum
1698 5343 1836 5384 eum
1867 5332 1973 5403 qui
2011 5333 2158 5391 dixit
2191 5355 2204 5405 ;

555 5394 673 5447 Nos
730 5398 884 5452 enim
935 5415 1139 5458 sumus
1189 5420 1404 5475 corpus
1453 5410 1682 5468 Christi
1723 5421 1781 5471 et
1815 5394 2082 5479 membra
2133 5394 2208 5481 ea"

771 5602 1095 5687 Eix_concil.
1111 5607 1217 5687 git.
1240 5613 1280 5668 t.
1311 5613 1424 5686 VII,
1447 5631 1508 5687 p.
1530 5619 1793 5678 897-899.

2345 1917 2602 1964 Θεοτόκου
2659 1915 2875 1988 μητρὸς,
2917 1915 2981 1972 ἣν
3037 1920 3126 1966 καὶ
3189 1919 3488 1990 πρόσφατον
3547 1923 3637 1970 καὶ
3687 1926 3968 1991 χρονικὴν

2342 1999 2710 2072 ἐπιστάμεθα·
2775 2008 2864 2055 καὶ
2931 2007 2996 2055 τὰ
3057 2013 3156 2055 τῶν
3213 2008 3410 2075 φύσεων
3471 2009 3729 2078 φάσκομεν
3785 2011 3966 2070 σύζε-

2343 2091 2470 2140 σθαι
2521 2088 2638 2142 idm
2669 2108 2710 2126 '-
2739 2097 2978 2144 τουτέστι
3017 2089 3115 2144 δύο
3163 2098 3361 2164 φυσικά
3402 2094 3686 2166 θελήματα,
3725 2094 3964 2149 καὶδύο

2340 2182 2567 2250 φυσικὰς
2639 2179 2892 2255 ἐνεργείας
2927 2198 2938 2210 ’

2341 2273 2506 2342 Πατρὶ
2563 2271 2649 2320 τόν
2703 2270 2858 2322 αῦτόν
2919 2269 3279 2344 ἀναγράφομεν
3320 2286 3333 2300 ·

3015 2187 3106 2234 καὶ
3181 2184 3456 2254 ὁμοούσιον
3531 2187 3597 2243 ὡς
3665 2189 3792 2238 Θεὸν
3871 2196 3963 2257 τῷ

3395 2276 3485 2324 καὶ
3537 2275 3817 2344 όμοούσιον
3878 2284 3957 2348 τῇ

2336 2362 2500 2428 μητρὶ
2548 2362 2636 2408 καὶ
2691 2359 2813 2430 ἡμῖν
2842 2362 2929 2410 τόν
2979 2360 3134 2410 αὐτόν
3183 2363 3250 2420 ὡς
3297 2361 3566 2431 ἄνθρωπον
3614 2365 3883 2435 φάσκομεν
3929 2386 3945 2397 ·

2337 2446 2519 2516 ὁρατόν
2561 2445 2716 2498 αὐτόν
2763 2452 2851 2498 καὶ
2900 2445 3154 2520 ἀόρατόν·
3209 2452 3417 2500 κτιστόν
3469 2452 3556 2501 τόν
3619 2450 3774 2501 αὐτὸν
3835 2454 3958 2505 ὡσ-

2335 2537 2503 2595 αύτως
2540 2541 2629 2586 καὶ
2681 2538 2925 2588 οἴκτιστον
2957 2555 2969 2566 ⁸
3035 2546 3186 2609 σῶμα
3241 2541 3328 2588 τὸν
3377 2538 3532 2589 αύτὸν
3579 2544 3668 2591 καὶ
3722 2539 3962 2614 ἀσώμα-

2332 2641 2415 2674 τον
2455 2639 2467 2651 ⁸
2530 2623 2690 2676 ἁπτόν
2743 2628 2830 2676 τὸν
2889 2625 3042 2676 αύτὸν
3097 2631 3186 2678 καὶ
3234 2625 3487 2698 ἀνέπαφον
3523 2645 3534 2657 ·
3583 2635 3960 2703 περιγραπτὸν

2330 2715 2418 2763 τόν
2464 2712 2618 2764 αὑτὸν
2658 2718 2746 2765 καὶ
2778 2712 3159 2788 ἁπερίγραπτον
3193 2730 3208 2746 ·
3243 2713 3463 2785 ἐπίγειον
3512 2719 3599 2767 τόν
3639 2716 3790 2769 αὐτόν
3852 2726 3961 2772 καὶ

2333 2800 2568 2874 οὐράνιον
2605 2818 2616 2830 ·
2689 2806 2860 2878 σάρκα
2923 2807 3010 2855 τόν
3077 2804 3231 2855 αὐτὸν
3299 2802 3644 2876 ἐψυχωμένην
3714 2804 3962 2877 λογικῶς

2339 2895 2430 2941 καὶ
2499 2892 2761 2948 θεότητοι⁸
2822 2896 3121 2967 πρόσφατον
3185 2896 3268 2944 τόν
3333 2893 3487 2944 αὐτόν
3561 2898 3651 2945 καὶ
3712 2892 3896 2948 ἀίδιον
3939 2909 3952 2920 ·

2336 2983 2573 3030 ταπεινόν
2602 2983 2686 3030 τόν
2737 2981 2891 3032 αὐτόν
2954 2987 3042 3032 καὶ
3081 2984 3362 3055 ὑπέρτατον
3397 3003 3408 3014 ⁸
3452 2987 3541 3035 καὶ
3598 2983 3697 3034 ὅσα
3750 2979 3957 3048 διττῆς

2337 3065 2628 3142 ἀμερίστως
2694 3071 2990 3144 εὑρίσκεται
3048 3075 3268 3143 φύσεως.
3333 3076 3432 3124 Καὶ
3486 3073 3553 3122 τὰ
3610 3075 3700 3144 μὲν
3757 3073 3959 3143 ὑψηλὰ

2257 3193 2298 3248 C
2337 3158 2575 3231 ὑπῆρχεν
2607 3159 2704 3223 ἀεὶ,
2758 3163 2826 3219 ὡς
2857 3163 3011 3230 φύσιν
3073 3163 3211 3231 ἔχων
3250 3156 3422 3212 αἰὸιον
3456 3178 3466 3188 ·
3511 3161 3578 3211 τὰ
3625 3157 3684 3212 δέ
3720 3168 3959 3215 ταπεινά

2337 3241 2410 3297 δί’
2469 3248 2606 3319 ἡμᾶς
2660 3247 2708 3298 έν
2756 3253 2932 3322 χρόνῳ
2992 3247 3205 3321 ἐσχάτῳ
3265 3247 3524 3325 ἀτρέπτως
3581 3251 3798 3320 ἐγένετο,
3873 3255 3955 3314 ὡς

2334 3337 2488 3406 φύσιν
2561 3336 2868 3407 προσλαϐὼν
2942 3343 3035 3396 τὴν
3103 3337 3436 3412 ἀνθρώπειον.
3495 3342 3594 3391 Καὶ
3676 3341 3815 3391 ἔστιν
3893 3343 3951 3394 ἓν

2331 3429 2421 3476 καὶ
2488 3420 2586 3476 δύο
2642 3427 2667 3476 0
2725 3427 2881 3488 αὐτὸς
2937 3429 3312 3500 γνωριζόμενος
3346 3449 3358 3460 ·
3410 3427 3458 3479 ἓν
3524 3431 3614 3500 μὲν
3665 3431 3801 3480 κατὰ
3844 3436 3948 3489 τὴν

2329 3514 2624 3565 ὑπόστασιν
2653 3520 2744 3567 καὶ
2788 3519 2847 3567 1'0
2878 3521 3175 3590 πρόσωπον,
3207 3513 3303 3568 δύο
3351 3513 3412 3568 δὲ
3448 3517 3582 3568 κατὰ
3611 3519 3702 3579 τὰς
3748 3521 3948 3590 φύσεις

2329 3601 2491 3663 αὐτας
2557 3608 2647 3655 καὶ
2707 3607 2798 3664 τὰς
2848 3608 3073 3673 φυσικὰς
3129 3605 3298 3657 αὐτῶν
3353 3601 3642 3672 ἰδιότητας,
3695 3605 3828 3676 λέγω
3877 3606 3946 3662 δὲ

2330 3692 2618 3766 θελήματος
2665 3699 2753 3746 καὶ
2791 3695 3044 3770 ἐνεργείας
3071 3712 3086 3726 '
3145 3695 3454 3769 ἐνεργούσης
3508 3696 3753 3770 ἑκατέρας
3790 3717 3942 3773 μορ-

2329 3791 2427 3854 φῆς
2472 3787 2603 3855 μετὰ
2631 3792 2718 3844 τῆς
2749 3787 2964 3858 θατέρου
3013 3791 3295 3849 κοινωνίας,
3329 3788 3450 3859 ὅπερ
3489 3782 3547 3838 ἶδ
3555 3805 3627 3837 ιον
3674 3787 3884 3858 ἔσχηκε
3917 3806 3934 3820 ο

2324 3890 2414 3923 του
2454 3876 2543 3943 μεν
2593 3878 2765 3944 Λόγου
2818 3876 3265 3949 κατεργαζομένου
3317 3875 3455 3927 τοῦθ’
3503 3877 3622 3947 ὅπερ
3683 3875 3796 3927 ἐστὶ
3834 3886 3941 3930 τοῦ

2325 3965 2501 4030 Λόγου
2532 3980 2661 4033 μετα
2697 3970 2793 4024 τῆς
2821 3969 3089 4024 κοινωνίας
3115 3971 3206 4015 τοῦ
3236 3982 3498 4035 σωματος,
3545 3983 3634 4015 του
3665 3960 3724 4016 δὲ
3749 3970 3938 4037 σώμα-

2323 4067 2413 4110 τος
2459 4047 2799 4112 ἐκετελοῦντος
2847 4052 2973 4123 ἅπερ
3023 4051 3134 4104 ἐστὶ
3160 4061 3249 4104 τοῦ
3304 4060 3566 4124 σώματος,
3597 4071 3941 4118 κοινωνοντος

2325 4139 2466 4210 αὐτῷ
2526 4159 2617 4191 του
2680 4147 2854 4212 Λόγου
2907 4150 2997 4201 τῆς
3051 4141 3300 4214 πράξεως.
3347 4147 3446 4193 Καὶ
3497 4146 3556 4194 τὸ
3609 4145 3698 4214 μὲν
3755 4143 3937 4194 αὐτῶν

2323 4223 2608 4301 διαλάμπει
2660 4238 2768 4292 τοῖς
2825 4233 3078 4301 θαύμασι,
3111 4234 3170 4282 τὸ
3201 4227 3261 4282 δὲ
3315 4238 3432 4291 ταῖς
3469 4229 3678 4303 ὕϐρεσιν
3723 4231 3938 4285 ὑποπέ-

2318 4336 2509 4374 πτωκε.

2498 4427 2603 4480 Τοῦ
2635 4427 2787 4500 ἁγίου
2815 4427 3088 4481 Βασιλείου
3129 4428 3198 4502 εἰς
3232 4432 3310 4496 τὸ,
3347 4451 3373 4479 ‹‹
3407 4431 3541 4500 Ἐγώ
3572 4429 3678 4502 εἰμι
3707 4431 3737 4488 ἡ

2898 4501 3122 4572 ἄμπελος
3152 4501 3203 4562 (3
3212 4506 3280 4569 5).
3308 4522 3337 4550 n

2386 4621 2470 4678 λε’.
2519 4624 2772 4677 Ἐνταῦθα
2809 4645 2900 4698 μοι
2953 4623 3367 4685 ἐπισκήπτουσιν
3417 4627 3466 4678 οἱ
3523 4628 3772 4701 αἰρετικοὶ
3828 4631 3926 4680 καὶ

2319 4731 2475 4786 φασιν
2505 4731 2516 4742 ·
2551 4715 2612 4766 Εἰ
2662 4714 2885 4786 ἄμπελος
2938 4718 3027 4788 μὲν
3053 4717 3078 4767 0
3109 4720 3304 4790 Σωτὴρ,
3350 4715 3594 4788 κλήματα
3642 4711 3701 4767 δὲ
3742 4715 3920 4786 ἡμεῖς,

2317 4805 2545 4874 γεωργός
2608 4798 2666 4854 δὲ
2730 4805 2755 4853 0
2805 4809 3000 4876 Πατὴρ,
3065 4807 3131 4856 τὰ
3187 4801 3246 4856 δὲ
3295 4803 3540 4877 κλήματα
3595 4805 3793 4876 ὁμοφυῆ
3850 4812 3918 4876 τῇ

2319 4889 2551 4963 ἀμπέλῳ,
2606 4893 2636 4949 ἡ
2703 4888 2761 4943 δε
2816 4894 3037 4964 ἄμπελος
3093 4892 3197 4966 οὐχ
3250 4895 3473 4967 ὁμοφυὴς
3525 4901 3595 4963 τῷ
3651 4898 3865 4966 γεωργῷ
3905 4909 3921 4922 ·

2320 4979 2542 5052 ὀμοφυὴς
2583 4982 2685 5056 ἄρα
2728 4983 2852 5054 ἡμῖν
2901 4984 2926 5033 ό
2979 4985 3113 5052 Υἱὸς,
3149 4988 3239 5035 καὶ
3285 4987 3439 5057 μέρος
3490 4984 3640 5055 ἡμεῖς
3705 5000 3866 5032 αυτόν
3905 4999 3923 5017 ο

2319 5069 2426 5140 οὐχ
2463 5069 2691 5143 ὁμοφυὴς
2736 5066 2793 5123 δὲ
2850 5078 2920 5141 τῷ
2965 5076 3133 5147 Πατρὶ
3162 5073 3188 5122 0
3219 5074 3358 5138 Υἱὸς,
3391 5070 3518 5123 ἀλλὰ
3569 5072 3702 5122 κατὰ
3748 5070 3929 5123 πάντα

2320 5158 2612 5234 ἀλλότριος.
2679 5163 2818 5233 Πρός
2882 5158 2971 5222 οὓς
3044 5159 3300 5235 ἐροῦμενο
3371 5159 3448 5212 Ού
3513 5167 3607 5222 τῆς
3677 5160 3927 5222 θεότητος

2317 5249 2497 5320 αὐτοῦ,
2567 5248 2694 5300 ἀλλὰ
2750 5257 2840 5309 τῆς
2891 5253 3084 5323 σαρκός
3148 5252 3346 5324 εἴρηκεν
3411 5250 3549 5319 ἡμᾶς
3608 5248 3633 5298 0
3685 5251 3926 5319 Χριστὸς

2315 5343 2595 5410 κλήματα’
2656 5340 2792 5389 κατὰ
2840 5342 2927 5389 τόν
2970 5337 3178 5389 εἶπόντα
3212 5355 3224 5367 '
3280 5337 3451 5409 Ἡμεῖς
3487 5339 3588 5410 γὰρ
3649 5335 3799 5408 ἐσμεν
3856 5340 3923 5388 τὸ

2319 5435 2470 5500 σῶμα
2515 5434 2605 5478 τοῦ
2667 5434 2900 5501 Χριστοῦ
2945 5430 3034 5478 καὶ
3087 5425 3215 5499 μέλη
3275 5428 3332 5478 ἐκ
3382 5430 3591 5501 μέρους.
3651 5429 3752 5478 Καὶ
3807 5426 3923 5477 πά-

628 5672 746 5742 (35)
773 5674 1079 5735 Adversus
1097 5672 1482 5757 Eunomiuhi,
1503 5672 1620 5746 lib,
1634 5672 1812 5752 1631i.
1841 5695 2126 5771 Garnerii,
2157 5704 2201 5758 t.
2228 5701 2277 5771 Ι,
2304 5714 2372 5774 p.
2399 5704 2528 5761 291.
