4046 6310
95 357 188 414 129

1416 352 1762 415 THESAURI
1801 356 1930 416 LIB.
1968 356 2123 414 XXV.

3342 356 3451 426 230

95 479 163 530 lu
186 500 197 512 ·
234 479 350 532 Οὐκ
395 477 580 533 οῑδατε
611 484 692 535 ὅτι
732 485 801 535 τὰ
847 488 1067 555 σώματα
1101 484 1248 555 ἡμῶν
1290 481 1417 554 με’λη
1457 489 1693 555 Χριστοῦ

1828 485 2057 540 mrte".
2082 485 2149 538 Et
2179 497 2453 538 rursum:
2482 484 2734 542 Nescitis
2755 487 2915 557 quod
2944 502 3200 558 corpora
3226 496 3448 564 vestra,

96 567 260 635 serra;
309 570 424 621 Οὐκ
470 570 542 631 εἰς
574 576 674 630 την
726 574 944 631 θεότητα
972 569 1059 624 οὖν
1096 578 1189 624 τοῦ
1238 576 1434 643 Λόγου,
1466 572 1575 624 ἀλλ’
1623 573 1696 633 εἰς

94 662 180 716 τὴν
227 657 560 730 ὁωθρωπίνην
600 662 760 714 αὑτοῦ
789 666 1083 736 παρουσίαν
1126 659 1357 734 ἀναφέρω
1395 666 1473 731 τὸ,
1503 661 1632 733 Ἐγὼ
1658 664 1691 721 ἠ

96 747 325 819 ἄμπελος
348 769 361 780 ο
395 751 551 820 ἡμεῖς
576 753 680 822 ’γὰρ
711 754 847 803 κατὰ
872 755 930 803 τὸ
963 759 1118 822 σῶμα
1152 758 1243 801 τοῦ
1274 756 1467 824 Κυρίου
1509 770 1696 822 συγγε-

95 845 182 897 νεῖς
208 836 370 909 ἐσμεν
391 859 403 871 ι
439 844 530 891 καὶ
567 840 725 903 αὐτὸς
757 837 851 893 διὰ
893 848 1046 892 τοῦτο
1094 836 1229 892 εἶπεν
1254 856 1266 868 ’
1304 840 1602 911 Ἀπαγγελῶ
1636 843 1696 893 τὸ

94 929 249 998 ὡομά
311 947 411 979 σου
457 936 568 990 τοῖς
624 926 870 1002 ἀδελφοῖς
924 950 1063 1001 μου’
1112 934 1202 981 καὶ
1249 931 1422 1004 ὥσπερ
1476 928 1586 981 ἐστὶ
1631 933 1699 982 τὰ

90 1016 336 1088 κλήματα
374 1018 635 1088 όμοούσια
669 1026 761 1079 τῆς
809 1017 1035 1091 ἀμπέλου
1076 1022 1167 1070 καὶ
1219 1016 1273 1080 ἐξ
1319 1018 1511 1079 αὐτῆς,
1563 1018 1698 1071 οὕτω

89 1109 172 1155 καὶ
202 1107 383 1175 ἡμεῖς,
422 1106 640 1177 ὁμογενῆ
686 1110 753 1159 τὰ
785 1114 1001 1179 σώματα
1028 1109 1236 1178 ἕχον-τες
1265 1114 1336 1176 τῷ
1371 1113 1576 1178 σώματι
1604 1112 1698 1158 τοῦ

94 1199 311 1263 Κυρίου,
345 1193 401 1245 ἐκ
435 1202 526 1246 τοῦ
555 1195 903 1268 πληρώματος
928 1196 1089 1248 αὐτού
1113 1194 1465 1268 λαμϐάνομεν⁸
1493 1194 1699 1249 κάκεῖνο

89 1282 230 1354 ῥίζαν
271 1285 474 1354 ἔχομεν
522 1284 589 1344 εἰς
632 1288 724 1341 τὴν
774 1283 1061 1337 ἀνάστασιν
1109 1289 1202 1336 καὶ
1254 1289 1349 1343 τὴν
1414 1289 1696 1359 σωτηρίαν.

89 1372 137 1423 Ὀ
176 1368 225 1422 δ’
216 1391 238 1423 ε
270 1377 466 1447 Πατὴρ
506 1376 711 1445 εἴρηται
741 1375 768 1424 6
804 1379 1032 1448 γεωργός
1054 1390 1068 1403 ⁸
1103 1374 1260 1436 αὐτὸς
1288 1376 1389 1447 γὰρ
1419 1374 1700 1447 εἰργάσατο

93 1456 176 1513 διὰ
220 1469 321 1511 τοῦ
362 1466 544 1532 Λόγου
572 1466 666 1520 τὴν
709 1463 956 1533 ἄμπελον,
988 1466 1101 1523 ἣτις
1143 1463 1257 1516 ἐστὶ
1285 1467 1344 1515 τὸ
1383 1462 1700 1537 ἀνθρώπινον

92 1558 173 1600 του
204 1557 490 1625 Σωτῆρος·
525 1556 614 1604 καὶ
654 1551 812 1613 αὐτὸς
861 1549 933 1604 δι’
973 1553 1132 1605 αὑτοῦ
1180 1558 1272 1605 τοῦ
1303 1556 1478 1625 Λόγου
1508 1557 1602 1610 τὴν
1633 1552 1703 1612 εἰς

95 1637 368 1709 βασιλείαν
399 1642 528 1711 ἡμῖν
559 1637 681 1693 ὀδόν
711 1642 1012 1713 ἡτοίμασεν.

136 1770 242 1817 Τοῦ
281 1768 680 1848 Χρυσοστόμου
721 1765 898 1838 ὁμιλία
935 1766 1003 1826 κζ
1041 1765 1108 1827 εἰς
1145 1768 1205 1818 τὸ
1244 1767 1379 1818 κατὰ
1418 1766 1656 1823 Ἰωάννην

560 1838 628 1908 ἀγ
636 1856 709 1889 ιον
745 1838 1054 1908 Εὐαγγελιον
1093 1840 1229 1909 (36).

156 1958 262 2023 λς’.
308 1960 375 2012 Εἰ
433 1962 499 2012 τὰ
558 1959 760 2032 ἐπίγεια
815 1957 953 2013 εἶπον
1014 1963 1155 2034 ὑμῖν,
1217 1966 1307 2013 καὶ
1365 1960 1424 2012 οὐ
1479 1964 1702 2014 πιστεύ-

101 2068 201 2111 ετε,
259 2058 416 2116 πῶς,
475 2048 560 2101 ἐὰν
622 2053 749 2101 εἴπω
799 2050 920 2116 ὑμῖν
986 2052 1052 2101 τὰ
1112 2049 1430 2122 ἐπουράνια,
1481 2054 1703 2103 πιστεύ-

100 2157 227 2195 σετε.
296 2141 437 2203 Καὶ,
509 2134 697 2198 Οὐδεὶς
764 2136 1075 2196 ἀναϐέϐηκεν
1135 2139 1203 2199 εἰς
1285 2142 1372 2191 τόν
1446 2139 1701 2214 οὐρανὸν,

99 2227 137 2277 εἰ
189 2231 263 2297 μὴ
340 2227 369 2277 6
430 2225 485 2277 ἐκ
550 2234 641 2278 τοῦ
707 2226 930 2301 ούρανοῦ
995 2226 1272 2297 καταϐὰς,
1339 2229 1366 2279 6
1432 2230 1552 2290 Υἱός
1611 2236 1704 2282 τοῦ

100 2313 377 2388 ανθρώπου
422 2312 451 2365 6
502 2316 569 2366 ὢν
620 2314 669 2366 ἐν
727 2324 799 2386 τῷ
858 2315 1075 2391 οὐρανῷ.
1137 2320 1257 2368 Υιὸν
1316 2313 1375 2369 δι
1432 2315 1705 2391 ἀνθρώπου

100 2403 318 2457 ἐνταῦθα
397 2403 458 2455 οὐ
520 2408 614 2462 τὴν
685 2407 859 2476 σάρκα
933 2405 1168 2460 ἐκάλεσεν
1193 2446 1206 2467 ,
1275 2405 1382 2458 ἀλλ’
1450 2405 1552 2460 ἀπὸ
1612 2417 1708 2469 τῆς

102 2493 368 2554 ἐλάττονος
449 2492 632 2554 οὐσίας
698 2493 810 2546 ὅλον
887 2493 1068 2547 ἑαυτὸν
1092 2539 1106 2564 ,
1175 2495 1238 2548 ἶν’
1303 2495 1467 2558 οὕτως
1540 2499 1705 2561 εἴπω,

1803 572 2068 629 membra
2101 572 2329 628 Christi
2354 573 2559 628 sunt"
2580 573 2608 627 ?
2638 577 2766 630 Non
2791 575 2970 645 igitur
2988 578 3067 633 ad
3097 579 3272 636 Verbi
3300 580 3452 638 divi-

1804 661 2069 723 nitatem.
2106 659 2216 715 sed
2263 660 2341 716 ad
2370 661 2709 717 humanum
2739 664 2869 734 ejus
2910 665 3242 723 adventum
3268 669 3454 727 verba

1802 748 2020 805 refero:
2040 749 2170 818 Ego
2184 764 2313 804 sum
2335 751 2469 805 viti's
2480 751 2548 805 ³ο.
2570 754 2684 806 Nos
2701 753 2860 807 enim
2884 755 3217 812 secundum
3235 772 3453 833 corpus

1804 839 2043 908 cognati
2086 852 2299 892 sumus
2347 839 2601 895 Domini.
2638 842 2701 895 Et
2744 841 2869 913 ipse
2918 849 3237 916 propterea
3265 846 3451 915 dixit;

1803 926 2110 982 Nuntiabo
2138 941 2351 983 nomen
2388 933 2554 983 tuum
2595 929 2889 997 fratribus
2917 933 3139 990 meis”.
3171 937 3238 990 Et
3281 935 3456 992 sicuti

1803 1014 2081 1088 palmites
2128 1016 2669 1072 consubstantiales
2700 1024 2837 1074 sunt
2864 1021 2967 1075 viti
2994 1037 3069 1077 ex
3098 1038 3290 1095 eaque
3319 1039 3456 1096 pro-

1807 1105 2049 1169 cedunt,
2090 1104 2175 1159 sic
2203 1108 2261 1159 et
2296 1120 2409 1160 nos
2453 1106 2832 1175 homogenea
2878 1123 3133 1181 corpora
3167 1111 3457 1169 habentes

1807 1193 2043 1264 corpori
2090 1192 2321 1262 Christi,
2353 1208 2425 1249 ex
2477 1194 2606 1264 ejus
2652 1195 3022 1267 plenitudine
3073 1201 3404 1273 accipimus
3440 1219 3454 1272 ;

1805 1281 1989 1353 idque
2010 1281 2307 1338 habemus
2328 1282 2509 1337 veluti
2523 1283 2791 1340 radicem
2811 1288 3256 1345 resurrectionis
3276 1295 3457 1363 atque

1810 1368 2038 1424 salutis.
2085 1372 2255 1425 Pater
2297 1384 2439 1425 vero
2492 1369 2708 1425 dicitur
2752 1372 3060 1442 agricola;
3107 1375 3239 1447 ipse
3293 1377 3458 1433 enim

1808 1473 1915 1530 per
1943 1458 2202 1514 Verbum
2230 1458 2490 1515 excoluit
2518 1461 2721 1527 vitem,
2748 1477 2884 1534 qua:
2916 1468 3004 1519 est
3030 1464 3218 1536 ipsius
3254 1468 3461 1524 Serva-

1807 1547 1954 1604 toris
1994 1547 2386 1615 humanitas;
2416 1549 2546 1620 ipse
2587 1549 2835 1606 demum
2860 1566 2968 1623 per
3012 1553 3175 1610 idem
3199 1555 3460 1613 Verbum

1809 1636 1970 1693 viam
1999 1636 2174 1692 nobis
2204 1638 2283 1693 ad
2307 1652 2564 1707 regnum
2593 1639 2806 1695 munit.

1812 1760 2220 1835 Chrysostomi
2263 1777 2340 1817 ex
2386 1763 2636 1835 humilia
2673 1767 2740 1817 27
2778 1764 2843 1819 in
2889 1772 3167 1824 sanctum
3205 1768 3462 1826 Joannis

2421 1834 2843 1905 Evangelium.

1883 1960 1969 2013 36.
1994 1957 2063 2013 Si
2076 1962 2317 2014 terrena
2331 1957 2464 2012 dixi
2482 1958 2661 2020 vobis,
2682 1964 2737 2014 et
2752 1974 2866 2015 non
2884 1961 3157 2032 creditis;
3171 1965 3462 2034 quomodo

1812 2048 1864 2104 si
1886 2047 2097 2103 dixero
2125 2048 2286 2102 vobis
2311 2049 2592 2114 caelestia,
2619 2050 2870 2105 credetis
2881 2049 2966 2102 ³ίῖ
2982 2052 3169 2108 Nemo
3192 2056 3462 2111 ascendit

1813 2138 1877 2192 in
1899 2137 2135 2202 cmlum,
2157 2138 2277 2192 nisi
2302 2139 2407 2208 qui
2429 2138 2502 2194 de
2525 2139 2671 2195 caelo
2699 2139 3022 2196 descendit.
3051 2142 3243 2196 Filius
3270 2143 3465 2201 homi-

1815 2226 1908 2281 nis
1939 2227 2042 2297 qui
2069 2231 2153 2281 est
2184 2225 2248 2281 in
2280 2227 2424 2283 ccelo
2438 2227 2505 2281 ³³.
2532 2227 2742 2284 Filium
2767 2227 3031 2286 hominis
3059 2229 3156 2285 hic
3184 2246 3307 2286 non
3331 2247 3466 2288 car-

1814 2330 1954 2371 nem
1978 2314 2228 2379 vocavit,
2253 2315 2359 2370 sed
2387 2331 2424 2370 a
2453 2315 2685 2372 minore
2714 2316 3051 2374 substantia
3078 2333 3141 2373 se
3166 2324 3379 2387 totum,
3403 2326 3470 2379 ut

1814 2404 1899 2462 ita
1947 2403 2169 2470 dicam,
2198 2403 2549 2460 nominavit.
2580 2404 2738 2462 Solet
2775 2405 2936 2463 enim
2966 2422 3124 2479 saepe
3172 2424 3209 2463 a
3259 2408 3471 2466 divini-

1815 2497 1956 2563 tate,
1989 2508 2150 2564 seepe
2196 2492 2340 2548 item
2371 2493 2449 2549 ab
2496 2494 2870 2551 humanitate
2902 2510 2964 2552 se
2993 2500 3185 2553 totum
3227 2512 3466 2555 vocare.

104 2582 335 2654 ὠνόμασε
380 2590 473 2633 νῦν
500 2604 512 2614 ·
557 2588 648 2634 καὶ
694 2586 796 2654 γὰρ
843 2591 998 2636 τοῦτο
1042 2586 1156 2645 ἔθος
1197 2583 1358 2655 αὐτῷ,
1388 2584 1634 2647 πολλάκις
1803 2581 1905 2634 ἀπὸ
1947 2590 2039 2642 τῆς
2088 2584 2347 2652 θεότητος,
2391 2581 2639 2645 πολλάκις
2687 2579 2748 2637 δὲ
2795 2582 2895 2637 ἀπὸ
2935 2593 3031 2647 τῆς
3072 2584 3473 2661 ἁνθρωπότητος

102 2675 154 2721 τὸ
184 2678 285 2723 πᾶν
328 2670 526 2725 καλεῖν.

166 2759 261 2820 λζ’.
322 2759 436 2835 Ἐφ’
505 2762 678 2811 ἱκανὸν
730 2755 790 2811 δὲ
849 2768 945 2823 τῆς
995 2770 1094 2812 τῶν
1160 2764 1405 2815 τοιούτων
1463 2767 1711 2838 χρήσεων

105 2854 376 2923 γενομένης
444 2848 828 2911 κατεξετάσεως
853 2892 867 2916 ,
935 2855 1025 2901 καὶ
1102 2854 1345 2924 πρότερον
1428 2854 1517 2924 μεν
1581 2851 1712 2904 πολ-

104 2937 243 2997 λάκις
308 2939 335 2989 6
404 2936 781 3009 φιλοθεὼτατος
843 2937 989 2998 οὗτος
1058 2940 1203 3010 ἡμῶν
1271 2936 1520 3011 βασιλεὺς
1585 2959 1715 2992 συν-

109 3023 444 3079 ὃιεσκοπεῖτο
521 3030 640 3100 περὶ
714 3033 808 3078 τοῦ
872 3028 1217 3099 πράγματος·
1284 3029 1367 3080 ὁτὲ
1433 3033 1522 3099 μέν
1604 3047 1717 3081 τισι

1892 2765 1982 2818 37.
2008 2762 2338 2834 Postquam
2365 2760 2510 2817 satis
2538 2760 2634 2817 han
2664 2764 2903 2820 Patrum
2932 2764 3315 2827 auctoritates
3342 2780 3473 2837 per-

1821 2865 2024 2924 pensas
2065 2850 2325 2917 fuerunt,
2353 2852 2413 2905 in
2441 2852 2651 2923 primis
2675 2851 2923 2924 quidem
2952 2869 3022 2909 ac
3054 2870 3473 2926 saepenumero

1825 2943 1945 2995 Deo
1984 2939 2404 2995 dilectissimus
2451 2945 2655 2996 noster
2682 2956 2787 2996 rex
2828 2942 2944 2997 hoc
2982 2943 3291 3012 negotium
3332 2959 3475 3005 cum

1825 3028 2051 3085 caeteris
2096 3027 2496 3101 expendebat,
2545 3029 2731 3085 modo
2769 3030 2880 3085 hos
2915 3031 3098 3086 modo
3143 3031 3278 3087 illos
3327 3031 3475 3088 allo-

106 3119 319 3181 τούτων,
389 3116 476 3166 ὅτε
528 3110 579 3166 δ’
631 3111 856 3183 ἐκείνων,
915 3112 1341 3188 ὃιομιλούμενος·
1385 3120 1495 3168 ἔστι
1549 3113 1600 3168 δ’
1656 3116 1715 3167 οὗ

1828 3132 2041 3190 quens.
2066 3116 2368 3172 Interdum
2390 3132 2532 3172 vero
2561 3122 2619 3173 et
2646 3117 2937 3187 gregatim
2967 3118 3196 3191 aliquot
3213 3120 3317 3191 qui
3346 3134 3477 3177 sen-

106 3211 191 3256 καὶ
256 3211 411 3276 κοινῇ
494 3211 593 3256 τῶν
662 3223 810 3266 τινας
872 3210 992 3279 περὶ
1067 3209 1260 3258 τούτων
1337 3202 1718 3279 διαφερομένων

110 3294 589 3366 ἓπεκκαλούμενος,
664 3297 756 3344 καὶ
819 3302 909 3353 τῆς
975 3293 1417 3369 ὀρθοτομουμένης
1478 3299 1568 3347 καὶ
1632 3294 1720 3345 εύ-

113 3382 288 3443 σεϐοὒς
366 3382 644 3455 ἑρμηνείας
717 3380 1174 3455 ἀντιποιούμενος,
1245 3382 1303 3441 ἢν
1378 3382 1432 3435 ἐκ
1506 3382 1721 3455 χειλέων

115 3478 431 3545 προήνεγκεν
486 3470 678 3523 αὐτίκα
732 3479 844 3533 τοῖς
897 3471 1189 3544 λεγομένοις
1242 3473 1403 3532 οὕτως
1468 3469 1721 3524 ἐπιϐαλὼν

114 3560 164 3612 ἐκ
220 3567 445 3635 πρώτης
520 3568 619 3621 τῆς
675 3566 767 3611 τοῦ
834 3560 1135 3632 ζητηματος
1195 3559 1528 3636 ἀκροάσεως·
1589 3561 1726 3612 ὥστε

114 3654 234 3703 ποτε
283 3654 382 3701 καὶ
426 3645 618 3719 τοιῷδε
662 3656 734 3718 τῷ
783 3646 1159 3722 ἐπιχειρήματι
1204 3652 1540 3725 χρήσασθαι.
1584 3648 1725 3701 Ἐπεὶ

115 3743 210 3814 γάρ
243 3758 398 3791 τισιν
446 3734 618 3789 idonei
664 3738 801 3788 κατὰ
838 3740 895 3789 το
939 3745 1030 3798 τῆς
1077 3746 1254 3798 κοινῆς
1296 3747 1395 3790 τῶν
1445 3737 1725 3811 ἀνθρώπων

117 3834 321 3900 ῖύσεως
401 3831 679 3899 πρόσωπον
750 3830 844 3884 τὴν
920 3830 1169 3885 τοιαύτην
1226 3833 1395 3900 φωνὴν
1470 3824 1728 3898 ἐκλαμϐά-

116 3921 335 3987 νεσθαι,
397 3921 515 3968 τότε
585 3911 652 3974 δὴ
724 3915 872 3978 οὗτος
939 3918 965 3968 6
1035 3918 1279 3988 θεόσοφος
1350 3914 1601 3988 βασιλεὺς
1655 3922 1727 3985 τῷ

120 4007 326 4079 μεγάλῳ
391 4010 481 4057 καὶ
549 4004 965 4076 θεολογικωτάτῳ
1032 4004 1328 4076 Ἀθανασίῳ
1391 4008 1728 4078 προεντυχών

123 4094 477 4166 διαλεγομένῳ
533 4097 661 4168 πρὸς
715 4092 963 4166 Ἀρειον,
1026 4098 1117 4146 καὶ
1185 4102 1365 4146 τοῦτον
1432 4093 1729 4165 ἀνατρέπειν

126 4182 530 4251 σπουδάζοντι,
600 4185 670 4246 εἰς
752 4183 964 4246 ἀνίσους
1043 4188 1223 4257 φύσεις
1288 4188 1382 4243 τὴν
1452 4186 1731 4256 ὁμοούσιον

125 4274 282 4346 ἁγίαν
360 4270 671 4347 διαιροῦντα
733 4270 978 4346 Τριάδα,
1046 4279 1138 4326 καὶ
1213 4269 1577 4346 δευτερεύοντα
1638 4276 1731 4323 τοῦ

126 4368 337 4438 Πατρός
385 4367 474 4415 τὸν
518 4372 764 4435 μονογενῆ
810 4365 928 4416 Υἰὸν
976 4360 1106 4416 εἶναι
1150 4362 1385 4434 λέγοντα,
1430 4366 1520 4414 καὶ
1565 4361 1730 4432 ταύτῃ

1827 3206 2024 3262 tentiis
2053 3204 2431 3261 dissidebant
2456 3220 2820 3273 convocans,
2850 3211 3076 3262 rectam
3104 3206 3477 3278 religiosam-

1829 3310 1948 3369 que
1977 3294 2529 3366 interpretationem
2572 3293 2964 3366 defendebat;
2991 3310 3179 3368 quam
3206 3297 3338 3369 ipse
3374 3312 3480 3355 ore

1833 3398 1944 3439 suo
1965 3383 2164 3438 statim
2180 3382 2294 3437 illis
2315 3381 2712 3455 signiﬁcabat,
2729 3384 2875 3456 quia
2894 3384 2994 3439 vix
3013 3385 3221 3441 audito
3242 3390 3479 3443 contro-

1831 3472 2044 3527 versite
2072 3472 2258 3534 initio,
2287 3472 2370 3526 sic
2399 3487 2528 3527 rem
2557 3472 2691 3544 ipse
2716 3471 2827 3527 sibi
2849 3479 3251 3545 persuaserat.
3283 3476 3480 3541 Quare

1833 3559 2162 3631 aliquando
2191 3559 2276 3615 sic
2306 3559 2487 3616 etiam
2514 3565 2967 3630 argumentatus
3003 3567 3115 3618 est.
3147 3564 3294 3619 Cum
3318 3564 3482 3620 enim

1833 3647 2141 3705 nonnullis
2169 3648 2473 3705 videretur
2494 3648 2575 3704 ad
2599 3649 2939 3718 generalem
2966 3650 3283 3709 hominum
3306 3656 3484 3709 natu-

1835 3752 1968 3792 ram
2001 3736 2293 3793 trahenda
2334 3752 2464 3792 esse
2493 3737 2825 3808 evangelici
2864 3737 3009 3794 dicti
3049 3740 3479 3812 interpretatio,

1838 3826 2037 3881 Caesar
2056 3829 2259 3881 autem
2279 3840 2541 3897 superno
2569 3825 2796 3882 lumine
2823 3827 3143 3882 instructus
3170 3828 3234 3883 in
3276 3828 3486 3899 magni

1838 3913 2183 3985 summique
2223 3912 2483 3983 theologi
2506 3913 2813 3969 Athanasii
2842 3913 3150 3982 dialogum
3180 3929 3319 3970 cum
3348 3915 3485 3970 Ario

1837 4001 2115 4057 habitum
2156 4001 2385 4069 incidit,
2413 4001 2493 4056 ob
2534 4000 2701 4056 illum
2736 4001 3190 4071 coarguendum
3219 4003 3326 4075 qui
3353 4017 3489 4059 san-

1840 4095 2001 4146 ctam
2049 4088 2750 4162 consubstantialemque
2777 4089 3120 4145 Trinitatem
3150 4091 3213 4145 in
3240 4095 3489 4149 naturas

1840 4179 2106 4251 impares
2149 4178 2476 4247 dividebat,
2516 4177 2977 4251 interioremque
3021 4179 3177 4235 Patri
3222 4180 3492 4251 unigeni-

1844 4273 1973 4324 tum
2026 4266 2237 4323 Filium
2284 4265 2543 4333 dicebat,
2584 4272 2764 4340 atque
2808 4267 2925 4324 hoc
2968 4268 3103 4340 ipso
3148 4269 3493 4340 evangelica

1844 4357 2006 4413 dicto
2036 4355 2116 4412 ad
2144 4371 2268 4412 sum
2296 4355 2593 4411 haereseos
2619 4358 3169 4428 propugnationem
3198 4348 3496 4416 abuteba-

129 4450 191 4512 δὴ
247 4460 310 4524 τῇ
361 4459 502 4525 φωνῇ
548 4456 679 4527 πρὸς
726 4455 1061 4527 παράστασιν
1109 4460 1202 4512 τῆς
1249 4452 1438 4512 οἰκείας
1489 4452 1715 4523 αἱρέσεωι

1845 4450 1964 4503 tur.
1994 4444 2307 4502 Athanasii
2335 4459 2479 4515 ergo
2518 4444 2652 4517 ipsa
2680 4444 2865 4501 verba
2893 4449 3090 4502 Caesar
3114 4446 3178 4502 in
3222 4446 3496 4504 medium

130 4540 512 4614 ἀποχρώμενον
538 4582 557 4604 ,
641 4543 730 4601 τὰς
807 4540 999 4593 ἐκείνου
1085 4540 1340 4600 συλλαϐὰς
1419 4539 1492 4599 εἰς
1578 4542 1736 4611 μέσον

660 4627 866 4701 Ἀρειον
929 4628 1159 4700 λέγοντος
1228 4629 1341 4700 (37)
1376 4646 1387 4657 '
1459 4648 1487 4678 ‹‹
1550 4630 1637 4687 Τίς
1710 4627 1737 4677 6

132 4723 525 4785 κεκοπιακὼς;
597 4719 867 4793 ἄνθρωπος
940 4719 968 4777 ἢ
1050 4723 1173 4779 Θεὸς
1250 4724 1480 4790 Αόγος;
1558 4723 1741 4790 Αρειος

389 4807 715 4882 Ἀνθρωπος.
774 4807 1080 4868 Ἀθανάσιος
1138 4805 1270 4861 εἶπεν
1304 4829 1316 4840 ·
1389 4807 1591 4860 Οὐκοῦν
1650 4809 1740 4857 σόν

136 4898 249 4952 ἐστι
303 4901 364 4949 τὸ
419 4904 609 4955 νοῆσαι
656 4895 856 4949 λοιπόν.
912 4894 1111 4970 Ἀρειος
1163 4892 1309 4948 εἷπε·
1372 4892 1741 4967 Κατελαϐόμην

139 5008 235 5041 σου
294 4990 383 5040 τὸν
442 4993 559 5038 νοῦν
616 4985 664 5037 ἐν
713 4993 787 5057 τῷ
842 4985 974 5056 λόγῳ
1030 4987 1233 5056 τούτῳ·
1285 4985 1402 5049 ὅτι,
1460 4990 1553 5035 τοῦ
1610 4988 1744 5035 Θεοῦ

140 5084 318 5150 Λόγου
352 5083 633 5147 πανταχοῦ
679 5078 953 5149 παρόντος,
998 5069 1156 5131 δῆλον
1195 5074 1274 5124 ὅτι
1314 5067 1408 5125 διὰ
1434 5076 1528 5131 τὴν
1575 5072 1750 5145 σάρκα

143 5163 279 5219 εἶπεν
312 5208 329 5233 ,
390 5164 451 5216 Ὀ
531 5167 714 5238 Πατὴρ
777 5165 803 5215 6
863 5162 1073 5236 πέμψας
1146 5165 1338 5234 μείζων
1411 5180 1511 5233 μου
1588 5158 1700 5212 ἔστι
1729 5201 1746 5229 ,

144 5260 237 5314 τὴν
282 5250 628 5327 βαδίζουσαν
685 5257 776 5305 καὶ
830 5260 1099 5305 κοπιῶσαν
1154 5254 1245 5302 καὶ
1293 5249 1395 5302 ἀπὸ
1449 5252 1610 5301 τόπου
1678 5248 1751 5311 εἰς

130 4640 341 4705 παρῆγε
372 4672 391 4700 ,
456 4632 588 4703 πρὸς

136 4809 273 4863 εἶπεν
301 4830 314 4842 ·

243 5416 289 5450 ’⁷
328 5417 354 5471 ῐ
407 5412 542 5471 Cor.
580 5429 673 5484 xu,
733 5412 830 5470 '27.

943 5412 1054 5467 ³⁸1
1102 5414 1231 5469 Cor.
1282 5425 1360 5478 v1,
1417 5412 1508 5467 15.

152 5488 199 5523 ⁸³
231 5486 381 5543 ibid.
423 5489 513 5544 13.

226 5648 334 5720 (36)
373 5646 535 5704 Edit.
562 5643 883 5703 Montfauc.
911 5646 957 5702 t.
981 5644 1123 5716 VIII,
1146 5657 1209 5715 p.
1239 5641 1363 5713 153,
1398 5642 1521 5701 154.

1626 5408 1678 5443 ’9
1712 5408 1885 5466 Joan.
1943 5423 2033 5481 xv,
2095 5410 2155 5462 5.

1850 4534 2064 4603 attulit,
2107 4534 2401 4590 adversus
2447 4534 2650 4590 Arium
2691 4533 3099 4608 disputantis:
3144 4556 3167 4586 ι
3202 4536 3315 4602 Qui
3358 4535 3496 4593 fati-

1851 4630 2027 4695 gatus
2089 4629 2219 4690 est,
2287 4622 2551 4679 homone
2609 4638 2688 4679 an
2756 4627 2908 4680 Deus
2959 4624 3268 4681 Verbum?
3326 4625 3499 4683 Arius

1851 4713 2036 4770 dixit.
2068 4714 2278 4769 Homo.
2310 4711 2670 4768 Athanasius
2712 4711 2895 4768 dixit:
2926 4714 3117 4770 Tuum
3155 4714 3332 4784 igitur
3367 4714 3502 4784 jam

1852 4808 1944 4859 est
1977 4800 2324 4872 intelligere.
2370 4801 2564 4869 Arius,
2607 4801 2838 4874 inquit:
2887 4801 3152 4874 Percipio
3199 4801 3349 4875 quid
3397 4804 3502 4859 tuo

1853 4892 1971 4948 hoc
2038 4905 2330 4962 responso
2394 4888 2692 4962 intelligas
2741 4906 2757 4957 ;
2824 4905 3081 4963 nempe,
3147 4905 3287 4946 cum
3346 4888 3504 4946 Deus

1854 4979 2116 5036 Verbum
2146 4978 2371 5052 ubique
2401 4976 2577 5047 adsit,
2607 4977 2812 5052 palam
2848 4994 2980 5035 esse
3015 4979 3218 5051 ipsum
3258 4982 3506 5051 propter

1858 5084 2104 5126 carnem
2135 5067 2355 5124 dixisse
2384 5085 2398 5123 :
2428 5066 2610 5124 Pater
2636 5083 2818 5140 meus,
2850 5069 2956 5141 qui
2981 5069 3139 5124 misit
3167 5082 3280 5134 me,
3306 5070 3509 5140 major

1810 5166 1813 5167 '
1858 5175 1951 5216 me
1977 5163 2080 5214 est.
2110 5158 2243 5212 Haec
2272 5154 2434 5211 enim
2464 5155 2848 5225 gradiebatur
2875 5160 2935 5212 et
2961 5155 3350 5228 fatigabatur,
3376 5159 3435 5214 et
3471 5170 3511 5213 ει

1858 5247 1992 5305 loco
2021 5246 2085 5302 in
2111 5244 2315 5302 locum
2343 5243 2667 5314 migrabat.
2692 5247 2858 5303 Certe
2886 5244 2949 5301 id
2970 5249 3130 5303 recte
3160 5260 3226 5302 se
3248 5244 3453 5303 habet.
3477 5265 3510 5296 ν

2267 5405 2316 5442 ⁸ο
2352 5405 2509 5462 Psal.
2569 5422 2681 5478 xxx,
2737 5409 2838 5464 23.
2954 5407 3000 5443 εί
3038 5408 3218 5469 Joan.
3276 5421 3358 5475 in,
3411 5408 3506 5465 t2.

1935 5638 2052 5711 (37)
2090 5636 2304 5697 Recole
2332 5652 2521 5712 supra
2544 5643 2671 5699 not.
2709 5642 2769 5698 7.
