4046 6310
606 349 706 415 231

1942 344 2210 408 ΝΙΟΕἹῈ
2253 342 2627 404 ΟΗΟΝῙΔΤΕ.

3851 343 3970 402 233

605 484 798 554 Atque
824 477 909 537 ita
934 473 1296 536 Athanasius
1324 470 1849 546 interpretabatur,
1880 484 2007 528 non
2036 485 2250 529 secun-

2364 473 2518 525 τόπον
2595 469 2763 544 ἕτερον
2842 469 3212 543 πορευομένην.
3279 465 3514 531 Ἀληθῶς
3589 466 3752 544 ὀρθῶς
3841 469 3974 541 ἔχει

607 570 757 633 dum
785 568 1055 625 divinam
1085 561 1482 621 substantiam
1508 561 1637 618 haec
1665 560 1964 619 Christum
2000 575 2252 633 passum

606 659 813 723 fuisse,
834 656 941 712 sed
962 652 1294 712 secundum
1315 667 1500 724 quam
1522 650 1802 707 induerat
1821 666 2067 707 carnem
2084 652 2254 706 natu-

605 746 835 803 ralibus
876 744 1006 800 sine
1042 746 1289 816 peccato
1332 740 1661 797 obnoxiam
1698 739 2105 813 passionibus.
2144 740 2254 794 Ha-

604 834 856 907 buitque
896 833 960 889 in
1005 832 1100 888 his
1147 830 1619 887 consentientem
1663 828 1890 898 Arium,
1921 826 2255 885 conceden-

606 927 847 997 temque
893 922 1190 994 majorem
1236 919 1355 977 dici
1393 922 1627 977 Patrem
1674 918 1902 975 Christo
1952 921 2254 991 quatenus

604 1013 788 1070 homo
836 1017 944 1069 est.
997 1016 1165 1085 Aque
1210 1010 1351 1067 hinc
1393 1009 1592 1066 valide
1641 1008 1979 1081 invictaque
2015 1005 2255 1064 conclu-

606 1101 788 1160 debat
808 1102 1019 1170 Ctesar,
1042 1116 1435 1174 nequaquam
1460 1098 1541 1156 ad
1565 1098 1907 1171 generalem
1935 1096 2255 1155 hominum

604 1197 888 1250 naturam
932 1190 1205 1248 retulisse
1254 1206 1548 1261 magnum
1601 1188 1997 1246 Athanasium
2044 1186 2258 1246 Christi

604 1281 870 1339 dictum:
902 1280 1086 1338 Pater
1108 1282 1308 1351 major
1336 1284 1443 1338 est.
1476 1278 1589 1345 Qui
1618 1277 1780 1334 enim
1821 1276 1952 1334 ﬁeri
1998 1279 2254 1350 poterat.

605 1374 673 1427 ut
701 1368 1084 1427 adversarius
1123 1368 1297 1426 Arius
1326 1368 1389 1423 in
1418 1366 1512 1424 his
1552 1366 1734 1424 rebus
1764 1365 2170 1434 acutissimus,
2200 1367 2259 1420 et

603 1460 667 1517 in
692 1459 1074 1517 sermonibus
1098 1456 1459 1515 ventilandis
1489 1455 1933 1524 solertissimus,
1955 1458 2260 1529 pateretur

604 1567 899 1622 magnum
953 1550 1117 1606 hunc
1162 1548 1359 1605 virum
1408 1547 1483 1604 de
1535 1546 1653 1604 alio
1708 1546 2022 1603 individuo
2067 1544 2256 1619 loqui,

605 1655 799 1713 eoque
848 1642 1084 1695 Patrem
1138 1636 1334 1693 dicere
1392 1637 1688 1708 majorem
1730 1653 1743 1692 :
1800 1635 1949 1692 dum
1999 1635 2129 1708 ipse
2183 1633 2258 1692 de

608 1729 837 1787 Christo
866 1730 1179 1801 quaereret,
1213 1730 1393 1799 atque
1421 1726 1537 1783 hoc
1568 1725 1880 1796 Unigenito
1919 1724 2142 1781 diceret
2172 1738 2259 1780 se-

2363 567 2536 616 τοῦτο.
2588 562 2689 612 Καὶ
2731 556 2865 611 οὕτω
2912 560 2982 631 μὴ
3031 560 3164 610 κατά
3209 560 3305 618 τὴν
3358 560 3496 612 θείαν
3555 557 3739 612 ὀῦσίαν
3785 564 3974 612 ταῦτα

2361 650 2542 702 παθεῖν
2605 650 2693 700 τὸν
2753 649 2980 721 Χριστόν
3036 646 3403 723 έρμηνεύοντος
3429 691 3446 718 ,
3517 644 3645 700 ἀλλὰ
3720 646 3840 700 καθ’
3896 648 3974 707 ἣν

2362 737 2569 812 ἐφόρεσε
2629 739 2801 812 σάρκα
2849 743 2954 797 τοῖς
3006 745 3245 809 φυσικοῖς
3299 742 3388 791 καὶ
3445 734 3784 798 ἀδιαϐλήτοις
3831 738 3973 790 ὑπο-

2361 829 2596 891 κειμένην
2646 827 2859 891 πάθεσι,
2908 828 2999 878 καὶ
3055 832 3235 879 τοῦτον
3292 822 3361 885 δὴ
3428 830 3515 880 τόν
3570 825 3775 902 ’Ἄρειον
3835 844 3971 879 συν-

2364 915 2503 969 ιέντα
2572 923 2672 968 τῶν
2747 913 3026 988 λεγομένων
3102 916 3311 988 ἔχοντος
3342 958 3357 983 ,
3430 919 3522 969 καὶ
3591 918 3651 968 τὸ
3741 914 3969 989 μείζονα

2359 1003 2601 1077 λέγεσθαι
2645 1006 2734 1057 τὸν
2779 1007 2987 1079 Πατέρα
3035 1005 3105 1067 ὡς
3146 1001 3417 1080 ἀνθρώπου
3446 1011 3538 1057 τοῦ
3579 1003 3685 1066 ἑνός
3718 1011 3968 1081 Χριστοῦ

2365 1096 2720 1167 συντιθέμενον
2753 1113 2767 1127 ’
2825 1091 3096 1147 κάντεῦθεν
3175 1091 3562 1167 ἀναμφιλέκτως
3635 1100 3726 1148 καὶ
3793 1093 3967 1167 ἰσχυ-

2362 1191 2466 1259 ρῶς
2529 1181 2822 1259 έπεπέραινε
2893 1186 2965 1255 μὴ
3044 1183 3183 1236 κατά
3240 1187 3336 1243 τὴν
3399 1187 3577 1243 κοινὴν
3638 1185 3793 1257 φᾶσιν
3859 1191 3971 1235 τῶν

2365 1270 2645 1347 ἀνθρώπων
2708 1270 2873 1344 λέγειν
2949 1274 3037 1325 τόν
3115 1275 3277 1345 μέγαν
3341 1272 3652 1327 Ἀθανάσιον
3716 1271 3973 1346 εἰρῆσθαι

2363 1363 2507 1436 παρά
2552 1366 2645 1413 τοῦ
2697 1366 2936 1434 Χριστοῦ
2986 1362 3075 1414 τὸν
3131 1364 3339 1436 Πατέρα
3389 1361 3639 1435 μείζονα·
3692 1368 3806 1425 πῶς
3854 1364 3971 1437 γὰρ

2365 1450 2426 1503 ἂν
2464 1454 2554 1503 καὶ
2603 1451 2632 1502 6
2678 1447 3166 1523 ἀντικαθιστάμενος
3212 1454 3412 1526 ’Ἄρειος
3467 1459 3567 1504 τῶν
3615 1454 3732 1528 περὶ
3793 1452 3975 1505 ταῦτοί

2365 1558 2419 1592 τε
2482 1539 2759 1612 τυγχάνων
2817 1535 3034 1611 δεινῶν,
3103 1543 3192 1592 καὶ
3258 1537 3611 1614 ἀκριϐολογεῖν
3677 1536 3829 1603 εἰδὼς
3895 1544 3972 1595 τὰ

2364 1628 2611 1702 λεγόμενα
2644 1671 2658 1695 ,
2723 1631 2811 1682 τόν
2871 1633 3032 1702 μέγαν
3092 1637 3272 1683 τοῦτον
3333 1626 3505 1706 ἄνδρα
3567 1627 3777 1695 έδέξατο
3839 1636 3971 1708 περὶ

2368 1717 2541 1792 ἑτέρου
2600 1715 2793 1791 ἀτόμου
2854 1712 3214 1790 διαλεγόμενον
3240 1759 3255 1786 ,
3309 1715 3548 1772 κάκείνου
3607 1718 3821 1792 λέγοντα
3875 1722 3973 1774 τὸν

608 1818 877 1873 cundum
912 1831 1085 1873 suam
1126 1820 1410 1871 naturam
1452 1817 1684 1871 Patrem
1722 1812 2063 1886 majorem?
2097 1815 2256 1869 Tunc

2369 1811 2577 1882 Πατέρα
2638 1807 2897 1880 μείζονα,
2962 1807 2988 1858 6
3044 1811 3163 1879 περὶ
3222 1814 3458 1883 Χριστοῦ
3521 1807 3809 1877 συζητῶν;
3875 1813 3977 1862 καὶ

610 1906 772 1962 enim
800 1905 962 1961 idem
990 1903 1292 1960 evenisset
1320 1919 1391 1959 ac
1421 1903 1475 1959 si
1514 1902 1617 1969 illi,
1656 1902 1763 1975 qui
1807 1902 1989 1958 falces
2028 1905 2258 1975 petunt,

608 1993 984 2065 audiuntque
1016 1991 1129 2048 sibi
1150 1991 1382 2062 ligones
1402 1991 1709 2062 denegari,
1730 1990 1980 2046 minime
2010 1988 2074 2045 id
2104 2004 2260 2060 aegre

609 2081 847 2139 ferrent.
883 2080 997 2139 Sed
1044 2095 1240 2153 neque
1285 2079 1453 2136 aliter
1489 2080 1737 2135 Nicaeum
1785 2079 1995 2151 primae
2043 2076 2262 2149 synodi

608 2174 831 2237 Patres,
859 2169 979 2226 Arii
1026 2169 1208 2240 hujus
1251 2168 1542 2225 adversus
1586 2167 1960 2237 unigenitum
1998 2166 2261 2223 Verbum

607 2259 911 2327 haeresim,
942 2274 1079 2330 quae
1105 2258 1183 2313 ab
1215 2272 1286 2312 eo
1311 2271 1536 2312 nomen
1562 2255 1870 2326 contraxit,
1902 2254 2263 2311 refutassent

609 2348 681 2418 (is
709 2347 871 2403 enim
916 2345 1111 2401 Verbo
1154 2343 1488 2400 secundum
1518 2343 1788 2399 divinam
1818 2343 1946 2414 ejus
1980 2341 2257 2399 substan-

2367 1898 2553 1949 τούτου
2601 1896 2667 1956 ὡς
2727 1902 3026 1969 μονογενοῦς
3077 1897 3202 1948 Υἱοῦ
3256 1899 3389 1949 κατά
3442 1900 3537 1956 τὴν
3590 1899 3743 1970 φύσιν
3801 1896 3976 1971 λέγων

2370 1981 2499 2038 εἶναι
2565 1986 2652 2036 τὸν
2718 1985 2925 2059 Πατέρα
2988 1984 3257 2057 μείζονας
3324 1987 3523 2038 Ταυτὸν
3586 1987 3688 2060 γὰρ
3758 1983 3820 2038 ἃν
3904 1983 3975 2046 ἦν

2367 2080 2473 2136 τοῖς
2537 2074 2673 2126 κατά
2731 2076 2827 2132 τὴν
2899 2078 3184 2149 παροιμίαν
3244 2074 3382 2147 ἄμας
3446 2077 3537 2147 μὶν
3604 2074 3920 2136 ἐκζητοῦσιν
3953 2120 3973 2148 ,

2369 2160 2755 2238 ἀπαρνουμένας
2840 2157 2899 2215 δὲ
2981 2164 3070 2223 τάς
3156 2163 3359 2236 σκάφας
3419 2163 3745 2237 μανθάνουσι
3802 2165 3974 2238 (38),

2368 2255 2460 2303 καὶ
2518 2254 2590 2323 μὴ
2654 2252 2786 2322 πρὸς
2846 2253 2941 2309 την
3000 2247 3276 2324 ἀπόκρισιν
3344 2244 3792 2327 δυσχεραίνουσιν
3828 2273 3842 2286 ·
3906 2251 3975 2306 οὐ

2368 2342 2471 2412 μὴν
2534 2337 2643 2391 ἀλλ’
2701 2334 2825 2391 οὐδε
2888 2337 3054 2402 ἄλλως
3116 2341 3166 2392 οἱ
3228 2346 3324 2403 τῆς
3388 2338 3437 2392 έν
3496 2344 3694 2414 Νικαίᾳ
3751 2346 3977 2416 πρώτης

2371 2423 2596 2481 συνόδου
2675 2434 2747 2498 τῷ
2812 2426 2992 2501 Ἀρείῳ
3071 2431 3236 2500 τούτῳ
3309 2433 3403 2489 τὴν
3472 2430 3755 2503 ἐπωνύμως
3831 2431 3982 2485 κατά

2368 2524 2461 2570 τοῦ
2520 2524 2822 2589 μονογενοῦς
2883 2522 3058 2589 Λόγου
3122 2522 3310 2591 μανίαν
3374 2517 3816 2596 έναπεκρούσαντο
3882 2522 3977 2596 (τῇ

2368 2609 2555 2659 τούτου
2619 2607 2907 2660 ὑποστάσει
2971 2608 3108 2660 κατά
3171 2612 3265 2667 τὴν
3343 2610 3481 2663 θείαν
3557 2609 3740 2664 οὐσίαν
3804 2631 3982 2687 προσ-

2369 2698 2620 2757 άπτοντος
2680 2700 2773 2755 τὴν
2822 2703 2912 2749 τοῦ
2937 2740 2952 2766 ,
3015 2696 3225 2751 Ἕκτισέ
3288 2717 3389 2771 με,
3452 2703 3659 2772 φωνὴν,
3721 2704 3813 2753 καὶ
3873 2707 3981 2761 τὴν

2367 2792 2477 2856 τοῦ,
2545 2787 2739 2838 Πιστὸν
2803 2791 2876 2856 τῷ
2941 2789 3224 2844 ποιήσαντι
3288 2785 3465 2853 αὐτὸν,
3533 2793 3622 2840 καὶ
3685 2792 3778 2848 τὴν
3845 2798 3980 2858 τοῦ,

606 2435 753 2491 tiam
805 2432 1315 2491 accommodabat
1370 2432 1705 2488 dictiones:
1759 2432 2001 2488 Creavit
2052 2446 2164 2502 me,
2206 2435 2262 2487 et

603 2523 870 2581 Fidelem
909 2524 965 2579 ei
989 2523 1096 2593 qui
1122 2536 1182 2578 se
1221 2521 1383 2591 fecit,
1418 2525 1476 2577 et
1517 2521 1863 2590 Apostolum
1905 2536 1977 2577 ac
2017 2521 2260 2590 pontiﬁ-

607 2627 732 2669 cem
775 2611 1155 2684 confessionis
1205 2610 1480 2681 nostrw);
1522 2610 1635 2665 nisi
1676 2609 1974 2682 ejusmodi
2010 2609 2261 2665 locutio-

607 2716 716 2756 nes
746 2701 824 2756 ad
864 2700 1077 2756 Christi
1122 2698 1561 2755 humanitatem
1592 2698 1947 2754 retulissent.
1993 2700 2142 2754 Nam
2185 2697 2260 2753 de

607 2790 815 2847 divina
855 2795 1072 2845 natura
1115 2788 1401 2861 scriptum
1438 2787 1944 2861 pronuntiarunt:
1980 2789 2049 2844 In
2096 2788 2263 2857 prin-

610 2881 766 2949 cipio
819 2884 953 2936 erat
1024 2878 1274 2935 Verbum
1302 2891 1325 2948 ,'
1378 2882 1479 2934 et:
1538 2878 1667 2948 Ego
1725 2884 1779 2935 et
1835 2877 2016 2935 Pater
2071 2892 2256 2932 unum

2367 2877 2465 2927 Τόν
2515 2872 2797 2927 ἀπόστολον
2846 2878 2935 2927 καὶ
2981 2874 3232 2949 ἀρχιερέα
3281 2883 3376 2937 τῆν
3424 2874 3704 2950 ὁμολογίας
3749 2878 3929 2951 ἡμῶν)
3958 2899 3977 2916 ο

608 2985 833 3036 sumus,
861 2971 917 3025 et
943 2984 1079 3041 quae
1104 2967 1198 3023 his
1229 2972 1369 3023 sunt
1397 2966 1634 3023 similia.

2370 2962 2413 3016 εἰ
2441 2966 2511 3035 μή
2543 2966 2637 3026 τάς
2679 2966 2920 3025 τοιαύτας
2950 2967 3118 3036 φωνάς
3162 2973 3235 3037 τῷ
3272 2972 3364 3018 τοῦ
3395 2973 3630 3041 Χριστοῦ
3658 2964 3978 3042 ἀνθρωπίνῳ

611 3056 885 3131 ἀπένειμαν
914 3078 925 3090 ·
967 3061 1086 3130 περὶ
1131 3058 1233 3130 γὰρ
1276 3063 1371 3117 τῆς
1424 3057 1560 3116 θείας
1598 3057 1792 3128 φύσεως
1829 3057 1910 3124 τό,
1955 3054 2034 3108 Ἐν
2074 3051 2216 3128 ἀρχῇ
2271 3049 2332 3125 ᾖν
2370 3051 2396 3103 ὁ
2441 3056 2628 3125 Λόγος,
2669 3056 2974 3127 παρήγαγον
2999 3074 3012 3089 ο
3058 3058 3148 3107 καὶ
3190 3056 3270 3122 τὸ,
3320 3054 3451 3127 Ἐγώ
3487 3059 3578 3109 καὶ
3625 3056 3652 3108 6
3692 3060 3874 3133 Πατὴρ
3923 3059 3978 3112 ἓν

608 3146 759 3220 ἐσμεν
784 3169 797 3181 ·
838 3151 928 3199 καὶ
966 3148 1066 3199 ὅσα
1103 3148 1308 3205 τούτοις
1344 3148 1628 3218 παρόμοια.

678 3239 765 3291 38.
811 3236 953 3291 Huic
1011 3234 1243 3307 optimo
1299 3250 1370 3289 ac
1421 3239 1733 3305 tantopere
1787 3231 2254 3289 demonstrativo
2297 3231 2337 3286 C

606 3328 983 3394 argumento,
1011 3322 1190 3379 aliam
1221 3339 1464 3395 quoque
1492 3321 1709 3393 adjecit
1736 3321 2028 3377 miriﬁcus
2058 3322 2257 3377 Caesar

607 3412 1151 3475 conﬁrmationem,
1174 3410 1588 3479 restringendo
1614 3409 1835 3465 scilicet
1864 3426 1933 3465 ac
1964 3409 2257 3465 subtiliter

605 3500 963 3573 explicando
1009 3505 1352 3555 sanctorum
1380 3499 1561 3561 dicta,
1594 3502 1660 3554 ut
1688 3503 2045 3571 opportune,
2079 3501 2259 3570 prout

603 3606 715 3663 par
730 3594 856 3645 erat
878 3587 1363 3658 intelligerentur.
1383 3588 1475 3645 Sic
1494 3587 1655 3643 enim
1673 3587 1888 3643 aiebat.
1906 3590 2051 3644 Cum
2071 3586 2256 3660 aliqui

604 3683 927 3735 occurrunt
950 3677 1222 3733 Ecclesiae
1247 3676 1591 3733 defensores
1618 3676 1818 3732 Patres
1850 3676 2074 3732 dictum
2106 3675 2254 3731 illud

604 3767 968 3841 explicantes
1002 3765 1338 3822 secundum
1368 3765 1533 3838 quod
1565 3767 1730 3820 Pater
1760 3781 1944 3821 causa
1970 3769 2062 3821 est
2090 3764 2254 3820 caele-

608 3859 715 3914 stis
746 3856 1089 3924 nativitatis,
1120 3855 1183 3911 hi
1209 3861 1351 3912 tunc
1388 3855 1461 3910 de
1491 3854 1778 3924 unigeniti
1806 3854 1932 3910 Filii
1979 3855 2080 3910 Dei
2125 3869 2254 3926 per-

605 3962 759 4003 sona
809 3944 1142 4016 theologica
1178 3943 1241 4001 id
1287 3944 1514 4009 dicunt,
1543 3950 1606 4000 ut
1634 3942 2120 4000 adversariorum
2145 3959 2253 4000 ora

604 4035 944 4105 occludant,
973 4035 1077 4107 qui
1106 4033 1502 4090 differentiam
1532 4034 1593 4089 in
1626 4048 1809 4089 unam
1850 4033 2250 4104 eamdemque

603 4130 884 4183 naturam
932 4124 1259 4190 invehunt;
1290 4124 1419 4196 ipsi“
1454 4128 1653 4179 autem
1703 4125 1899 4178 Patres
1946 4121 2253 4177 affirmant

602 4215 767 4272 haud
790 4213 1025 4271 differre
1066 4230 1102 4270 a
1140 4219 1390 4287 paterna
1435 4211 1558 4269 Filii
1605 4217 1923 4278 naturam;
1957 4226 2153 4283 neque
2187 4210 2250 4266 in

602 4303 795 4375 gradu
817 4304 1045 4374 majore
1068 4306 1298 4359 Patrem
1321 4301 1559 4371 versari,
1580 4301 1755 4373 quasi
1776 4300 2121 4355 substantiae
2144 4314 2250 4354 seu

599 4400 829 4450 natura:
868 4392 1091 4449 habeat
1132 4390 1551 4447 differentiam.
1594 4389 1709 4446 Sed
1754 4387 2035 4460 quamvis
2081 4390 2250 4443 Pater

2364 4390 2485 4442 σθαι
2522 4393 2608 4443 τόν
2646 4392 2784 4457 Υἱόν,
2813 4386 2953 4463 μηδὶ
2998 4392 3083 4443 τόν
3126 4391 3342 4465 μείζονα
3382 4390 3570 4465 κλῆρον
3617 4387 3819 4463 ἐπέχειν
3871 4394 3966 4444 τὸν

599 4481 832 4538 dicatur
878 4482 1073 4552 major
1097 4496 1132 4535 a
1166 4479 1327 4549 Filio,
1359 4477 1421 4534 id
1464 4483 1663 4534 tamen
1690 4477 1918 4532 dictum
1948 4476 2250 4548 sempiter-

2364 4484 2567 4552 Πατέρα
2608 4476 2701 4532 διὰ
2747 4481 2803 4532 τὸ
2844 4489 2935 4542 τῆς
2981 4480 3161 4541 οὐσίας
3209 4483 3370 4533 εἴτουν
3413 4482 3609 4553 φύσεως
3656 4476 3704 4531 ἓν
3751 4482 3967 4543 τούτοις

600 4586 747 4627 nam
786 4570 1057 4639 orginem
1098 4584 1488 4641 causamque,
1518 4567 1577 4623 id
1631 4571 1723 4623 est
1767 4566 1845 4622 ad
1884 4566 2249 4621 ineffabilem

2364 4564 2627 4643 διάφορον.
2681 4564 2814 4621 Ἀλλ’
2864 4568 2907 4621 εἰ
2957 4574 3047 4622 καὶ
3090 4567 3273 4622 ἑαυτοῦ
3322 4568 3513 4642 μείζων
3571 4570 3773 4641 εἴρηται
3811 4572 3967 4641 παρά

2436 3228 2533 3290 λη’.
2579 3231 2697 3286 Ἐπί
2746 3228 2805 3285 δὲ
2846 3240 2918 3304 τῷ
2966 3235 3184 3306 τοιούτῳ
3232 3231 3432 3309 ἀρίστῷ
3474 3237 3565 3288 καὶ
3613 3230 3978 3310 ἀποδεικτικῳ

2366 3328 2457 3373 τοῦ
2518 3320 2674 3393 λόγου
2750 3319 3122 3396 ἐπιχειρήματι
3187 3326 3274 3375 καὶ
3346 3324 3541 3382 ταύτην
3607 3326 3633 3376 6
3704 3326 3977 3389 θειότατος

2367 3405 2595 3482 ἐπήγαγε
2658 3408 2908 3482 βασιλεὺς
2970 3415 3062 3469 τὴν
3121 3413 3202 3464 ἐπὶ
3264 3419 3370 3473 τοὶς
3428 3416 3780 3486 προκειμένοις
3840 3435 3979 3488 συγ-

2365 3503 2612 3573 κρότησιν
2637 3520 2650 3533 ο
2714 3500 3107 3553 καταλεπτύνων
3170 3502 3276 3554 οἷον
3337 3504 3427 3554 καὶ
3497 3502 3818 3575 ἰσχνο).ογῶν
3875 3508 3977 3568 τὰς

2364 3596 2460 3640 τῶν
2513 3588 2674 3660 ἁγίων
2732 3589 2900 3661 φωνὰς
2956 3590 3089 3650 ὅπως
3144 3592 3280 3641 κατά
3335 3593 3515 3665 καιρόν
3554 3593 3619 3652 ὡς
3671 3588 3777 3644 ἔδει
3833 3612 3977 3666 παρ-

2365 3677 2726 3751 ελαμϐάνοντο.
2782 3677 2925 3751 Ὀτε,
2971 3681 3095 3753 γὰρ,
3146 3681 3382 3752 ἔφασκεν,
3435 3680 3763 3755 εὑρίσκονται
3828 3700 3974 3746 τινες

2362 3777 2459 3820 τῶν
2516 3776 2609 3831 τῆς
2665 3767 2972 3829 Ἐκκλησίας
3024 3769 3344 3843 ὑπερμάχων
3413 3771 3653 3844 Πατέρων
3708 3772 3802 3828 τὴν
3860 3790 3973 3824 τοι-

2363 3858 2523 3914 αὐτην
2562 3861 2729 3928 φωνὴν
2776 3859 2911 3909 κατά
2955 3860 3011 3909 τὸ
3051 3858 3217 3909 αἴτιον
3263 3864 3354 3918 τῆς
3396 3856 3636 3911 ἀνωτάτω
3672 3861 3971 3930 γεννήσεως

2363 3940 2712 4018 ἐξηγούμενοι,
2763 3951 2876 3997 τότε
2921 3942 2988 4004 δὴ
3042 3945 3156 4019 περὶ
3200 3954 3297 4007 τῆς
3347 3954 3439 3999 τοῦ
3484 3953 3786 4019 μονογενοῦς
3828 3950 3968 4000 Υἰοῦ

2360 4041 2452 4085 τοῦ
2498 4041 2629 4087 Θεοῦ
2660 4035 2998 4096 ὑποστάσεως
3030 4034 3382 4106 θεολογοῦντες
3422 4042 3574 4088 τοῦτο
3605 4031 3965 4107 διδάσκουσι,

2359 4125 2477 4184 τοὺς
2552 4119 2972 4198 ἐτεροδοξοῡντας
3028 4122 3489 4196 ἐπιστομίζοντες,
3548 4120 3803 4199 διαφορὰν
3873 4127 3965 4178 ἐπὶ

2358 4219 2450 4272 τῆς
2496 4218 2619 4284 μιᾶς
2684 4211 2844 4274 αὐτῆς
2892 4212 3194 4284 εἰσάγοντας
3246 4215 3482 4285 φύσεως⁸
3531 4217 3621 4266 καὶ
3679 4207 3968 4278 ἀποδεῖξαι

2361 4298 2665 4373 βουλόμενοι
2695 4297 2860 4373 μηδέν
2906 4321 2959 4353 τι
3005 4304 3140 4354 κατά
3170 4303 3324 4374 φύσιν
3372 4308 3464 4354 τοῦ
3496 4305 3700 4373 Πατρός
3746 4298 3967 4356 διίστα-

599 4658 1205 4730 inexplicabilemquc
1248 4658 1713 4729 generationem,
1756 4656 2035 4726 referunt,
2068 4655 2251 4713 veluti

596 4748 677 4804 ‘de
712 4746 1020 4818 unigenito
1051 4746 1189 4802 Filio
1227 4746 1325 4801 Dei
1356 4745 1745 4818 personaliter
1773 4746 2117 4817 eloquentes
2147 4763 2160 4813 ;
2193 4748 2252 4801 et

603 4838 686 4893 sic
706 4836 881 4893 unice
902 4840 1045 4891 tunc
1064 4834 1511 4903 intelligendam
1536 4835 1853 4890 dictionem
1886 4834 2071 4890 aiunt.
2101 4835 2249 4892 Cum

602 4930 803 4983 autem
849 4923 1138 4994 unigeniti
1186 4923 1364 4978 Verbi
1418 4922 1890 4979 incarnationem
1950 4931 2247 4996 spectant,

600 5021 779 5088 atque
809 5016 887 5072 ad
913 5014 1265 5085 conjunctae
1293 5012 1604 5068 inconfuse
1634 5018 1878 5069 naturas
1909 5028 2249 5070 sermonem

598 5108 972 5170 convertunt,
986 5117 1315 5175 earumque
1337 5100 1733 5157 differentiam
1755 5101 2003 5157 deﬁnire
2018 5102 2244 5175 volunt,

594 5197 738 5249 tunc
769 5192 981 5249 Christi
1019 5207 1263 5264 quoque
1292 5189 1651 5246 humanitati
1699 5192 1858 5247 hanc
1888 5191 2247 5249 locutionem

595 5280 1082 5336 accommodant.
1109 5282 1355 5349 Magnus
1380 5279 1557 5348 igitur
1584 5279 1899 5349 theologus
1932 5282 2246 5350 Gregorius

593 5371 691 5426 hic
738 5370 800 5425 in
847 5368 1117 5425 medium
1159 5368 1593 5441 proferebatur,
1639 5370 1745 5441 qui
1798 5374 1933 5441 post
1983 5371 2244 5443 priorem

592 5457 1145 5529 interpretationem
1179 5458 1513 5514 secundum
1543 5474 1791 5515 causam
1820 5459 2039 5516 divinas
2070 5444 2244 5530 gene:

592 5547 859 5616 rationis,
889 5546 1047 5603 hanc
1089 5563 1332 5621 quoque
1361 5547 1581 5619 adjecit
1608 5565 1620 5605 :
1654 5547 1806 5606 Nam
1849 5548 2046 5606 dicere
2076 5549 2243 5621 quod

667 5654 779 5729 (38)
817 5654 1034 5715 Zenob.
1067 5654 1354 5729 proverb.
1378 5671 1418 5728 ι,
1451 5656 1540 5716 83.

2358 4666 2449 4710 τοῦ
2488 4659 2613 4710 Υἱοῦ
2666 4658 2691 4710 ὁ
2741 4662 2944 4734 Πατὴρ,
2983 4662 3109 4732 πρὸς
3152 4659 3385 4732 ἄναρχον
3424 4657 3600 4733 ἀρχὴν
3638 4662 3727 4710 καὶ
3758 4659 3960 4727 αἰτίαν,

2358 4751 2597 4799 τουτέστι
2656 4750 2749 4806 τὴν
2805 4746 3029 4823 ἄρρητον
3083 4751 3364 4819 γέννησιν,
3411 4749 3468 4800 1'6
3540 4755 3738 4800 τοιοῦτο
3795 4745 3963 4821 ῥητὸν

2359 4832 2718 4909 ἀναφέρουσιν,
2749 4838 2818 4899 ὡς
2864 4841 2982 4911 περὶ
3028 4845 3119 4889 τοῦ
3158 4842 3461 4910 μονογενοῦς
3508 4838 3634 4890 Υὶοῦ
3679 4843 3772 4889 τοῦ
3820 4841 3964 4890 Θεοῦ

2359 4924 2726 4987 ὑποστατικὼς
2776 4929 2862 4978 τόν
2926 4923 3075 4997 λόγον
3139 4922 3427 4999 ἐκφέροντες
3469 4947 3480 4958 ·
3543 4924 3604 4978 οὗ
3665 4929 3838 4998 μέντοι
3901 4921 3966 4979 δε

2357 5017 2447 5065 καὶ
2497 5017 2629 5066 κατά
2682 5015 2877 5072 ταύτην
2936 5018 3095 5086 μόνην
3153 5011 3435 5086 ἐπάγουσιν
3485 5012 3646 5072 αὐτὴν
3694 5011 3964 5083 ἐκλαμϐά-

2356 5103 2556 5158 νεσθαι.
2611 5100 2733 5156 Ὀτε
2790 5100 2849 5156 δὲ
2905 5106 2987 5155 τόν
3039 5109 3286 5176 μονογενῆ
3345 5106 3510 5175 Λόγον
3565 5105 3966 5175 σεσαρκωμένον

2361 5192 2561 5267 θεωρεῖν
2625 5194 2817 5264 ἔχουσι
2876 5196 2966 5245 καὶ
3026 5196 3151 5266 πρὸς
3212 5195 3308 5253 τάς
3372 5190 3422 5244 ἐν
3489 5191 3629 5264 αὖτῳ
3692 5192 3966 5263 ἡνωμένας

2357 5279 2674 5354 ἀσυγχύτως
2742 5283 2922 5353 φύσεις
2978 5288 3321 5355 χειραγωγεὶν
3385 5283 3471 5332 τὸν
3535 5278 3688 5351 λόγον
3754 5278 3966 5352 ἐπιχει-

2352 5379 2506 5447 ροῦσι
2553 5375 2644 5423 καὶ
2698 5367 3004 5445 ὃιευκρινεῖν
3052 5372 3110 5422 τὸ
3158 5369 3206 5421 έν
3258 5372 3471 5429 ταύταις
3528 5364 3800 5441 διάφορον,
3844 5373 3966 5423 τότε

2352 5464 2440 5513 καὶ
2491 5468 2553 5534 τῇ
2614 5458 2662 5511 έν
2717 5467 2789 5530 τῷ
2849 5465 3063 5533 Χριστῷ
3121 5457 3484 5533 ἀνθρωπότητι
3548 5462 3642 5519 τὴν
3708 5458 3965 5516 τοιαύτην

2354 5553 2521 5623 φωνὴν
2576 5548 3059 5625 προσαρμόζουσιν.
3112 5547 3170 5602 '0
3226 5550 3406 5621 μέγας,
3461 5541 3549 5602 οὖν
3602 5544 3651 5600 έν
3719 5544 3966 5622 θεολογίᾳ
