4046 6310
110 301 182 356 233
1373 293 1720 354 THESAURI
1781 292 1910 348 LIB.
1949 296 2100 350 XXV.

3311 305 3416 358 234

111 427 342 496 Flor-769w;
367 421 594 474 ἐντεῦθεν
617 422 688 484 εἰς
719 429 874 494 μέσον
900 429 1164 496 παρήγετο
1193 425 1324 495 μετὰ
1354 427 1446 480 τὴν
1472 424 1654 496 προτέ-

1794 419 2026 489 3hristo,
2056 427 2353 492 quatenus
2385 424 2570 478 homo
2596 423 2956 492 intelligitur,
3003 428 3173 497 pater
3225 428 3420 497 major

109 535 173 588 ραν
196 515 315 563 κατα
343 515 402 563 τὸ
425 515 591 563 αἰτιον
624 521 715 573 τῆς
747 514 884 574 θείας
912 517 1192 584 γεννήσεως
1217 512 1506 584 ἑρμηνείαν,
1539 510 1658 562 ἐπά-

109 624 182 672 γων
205 607 283 652 καὶ
309 609 478 653 ταῦτα
509 622 522 635 ·
557 627 581 650 u
611 605 681 654 Τό
711 605 812 677 γάρ
841 599 907 660 δὴ
940 603 1102 674 λέγειν
1146 603 1225 654 ὅτι
1274 607 1366 653 τοῦ
1413 604 1548 653 κατά
1572 604 1659 651 τὸν

109 693 328 764 ἄνθρωπον
351 694 635 762 νοουμένου
657 692 848 763 μείζων
880 690 1066 754 ἀληθὲς
1094 694 1206 764 μὲν,
1233 691 1292 743 ού
1323 695 1459 764 μέγα
1501 687 1577 746 δέ.
1602 695 1662 741 Τί

108 783 179 850 γὰρ
202 784 252 830 τὸ
274 781 597 851 θαυμαστὸν,
635 779 678 832 εὶ
702 781 892 852 μείζων
915 779 1188 854 ἀνθρώπου
1218 785 1374 845 Θεός;
1403 803 1429 829 ››
1456 779 1662 851 Ἐφεξῆς

110 865 234 919 ᾖκαὶ
257 868 280 918 ὁ
300 875 360 926 τῆ
375 889 396 929 ς
415 868 730 943 παλαιτέροις
747 868 940 942 Ῥώμης
956 870 1250 941 ἀγιώτατος
1265 872 1477 930 πάπποις
1499 875 1540 921 Λ
1550 873 1660 937 ἐων,

106 953 578 1030 τάδεδιαὶαμϐάνων
604 979 616 992 ·
663 980 691 1008 ‹‹
743 963 880 1030 Λίχα
909 962 1001 1031 μὶν
1031 968 1122 1020 τῆς
1151 967 1240 1012 τοῦ
1293 963 1462 1032 Λόγου
1507 955 1664 1010 δυνά-

104 1065 204 1117 μεως
226 1046 313 1098 οὐκ
339 1045 401 1098 ἂν
432 1047 601 1119 Eis-73v
623 1049 653 1106 ἡ
689 1052 828 1120 φωνή
855 1056 948 1102 τοῦ
975 1052 1181 1124 Πατρός
1213 1047 1266 1111 ἕξ
1291 1049 1518 1121 οὐρανῶν
1549 1046 1660 1118 ἀφιν

109 1138 223 1187 θεῖσα
247 1137 408 1198 Οὗτός
440 1135 582 1189 ἔστιν
615 1138 642 1189 ὁ
673 1140 787 1199 Υἱός
815 1157 918 1211 μου
947 1140 973 1191 ὁ
1010 1136 1299 1210 ἀγαπητὸς,
1334 1137 1381 1190 ἐν
1413 1161 1452 1209 ῳ
1495 1134 1665 1195 ηὗδο-

107 1245 216 1281 ῑισα
239 1247 251 1258 ·
283 1223 421 1297 δίχα
453 1223 514 1279 δὲ
538 1236 636 1289 τῆς
666 1225 908 1291 ἀληθείας
927 1235 1019 1281 τοῦ
1043 1233 1286 1300 σώματος
1315 1228 1408 1280 οὐκ
1430 1227 1488 1279 ἀν
1516 1245 1663 1299 προε-

107 1319 353 1390 μαρτύρετο
384 1316 597 1373 ’Ῑωάννη
610 1335 650 1381 ς,
681 1313 792 1369 Ἴδε
813 1319 838 1369 ὁ
862 1318 1044 1389 ’Λμνος
1069 1326 1159 1369 τοῦ
1180 1325 1312 1370 Θεοῦ
1340 1319 1364 1369 ὁ
1396 1320 1553 1390 αἴρων
1574 1325 1666 1374 τῆν

108 1402 321 1476 ἁμαρτίαν
351 1413 444 1457 τοῦ
477 1411 683 1478 κόσμου
709 1424 720 1436 ·
758 1411 848 1458 καὶ
881 1403 1032 1466 αὖθις
1061 1408 1280 1468 ἕκαστος
1309 1415 1408 1458 τῶν
1435 1404 1668 1477 ἀνωτέρω

107 1500 568 1568 εαταγεγραμμένων
601 1499 864 1569 Πατέρων,
908 1496 978 1557 ὠς
1031 1499 1116 1548 οἷα
1159 1503 1250 1548 τοῦ
1299 1495 1552 1569 βασιλέως
1584 1493 1669 1546 ἐπὶ

107 1583 309 1650 γλώσσης
339 1586 516 1658 ὥσπερ
546 1583 937 1660 ἐγγεγραμμένα
965 1587 1030 1636 τά
1054 1586 1262 1659 ῥήματα
1292 1589 1548 1658 φέροντος.

159 1689 240 1746 16'.
271 1689 376 1742 Οὐκ
403 1691 617 1760 ἠρκεῖτο
645 1695 846 1752 τούτοις
873 1693 896 1743 ὁ
924 1690 1130 1764 ἀκάμας
1152 1697 1242 1743 καὶ
1273 1700 1424 1764 σῶμα
1444 1695 1532 1742 καὶ
1553 1696 1670 1741 νοῦν

112 1777 337 1847 βασιλεὺς,
372 1777 505 1830 ἀλλά
534 1784 624 1832 καὶ
654 1781 821 1855 ἕτερόν
851 1799 902 1832 τι
930 1782 1269 1852 ποριζόμενος
1311 1779 1668 1851 ἐπενθύμημα,
1701 1771 1744 1825 Β

113 1874 190 1929 τοῖς
215 1866 559 1942 προλαϐοῦσιν
589 1868 750 1940 ἐπῆγε
781 1866 1092 1943 ὃιατρανοῦν
1122 1879 1222 1921 τῶν
1256 1869 1304 1921 ἐν
1341 1878 1411 1940 τῷ
1455 1877 1672 1943 Χριστῷ

113 1958 336 2028 ἡνωμένων
368 1961 572 2023 φύσεων
601 1962 660 2010 τὸ
693 1953 976 2034 ἀδιαιρέτῳ
1017 1961 1304 2011 ὑποστάσει
1330 1961 1672 2030 σεσωσμένων

115 2041 335 2120 ἅιάγορον.
363 2051 434 2099 Τὸ
465 2051 568 2120 γαρ
591 2047 916 2107 καταπλουτῆ
929 2067 1018 2100 σαι
1048 2054 1142 2107 τὴν
1170 2048 1322 2118 ἁγίαν
1353 2055 1444 2099 τοῦ
1479 2051 1671 2118 Κυρίου

115 2137 252 2206 σάρκα
266 2139 328 2186 τὰ
356 2145 447 2196 τῆς
480 2135 884 2210 προσλαϐούσης
915 2136 1076 2194 αὐτὴν
1108 2138 1345 2196 θεότητος
1382 2136 1675 2207 αὐχήματα

112 2222 607 2296 τροσλαμϐανομένων
628 2233 798 2290 τινῶν,
818 2231 907 2278 καὶ
928 2229 1089 2298 ταύτῃ
1125 2230 1472 2300 προσκόπτειν
1496 2221 1673 2275 κινδυ-

111 2317 330 2382 νῖνάντων,
363 2316 431 2375 ὡς
463 2317 552 2365 καὶ
581 2319 699 2388 περὶ
729 2317 794 2366 τὰ
838 2317 1038 2385 φυσικά
1083 2320 1172 2366 καὶ
1203 2311 1501 2370 ἀδιάϐλητα
1531 2313 1671 2369 πάθη

112 2410 388 2473 καυοτομεῐν
420 2407 546 2464 τοὺς
571 2403 779 2474 λόγους,
811 2409 901 2455 καὶ
932 2402 1344 2456 ἀποστέλλεσθαι
1371 2403 1534 2473 λέγειν
1572 2421 1672 2453 πα-

115 2490 241 2547 θητὴν
265 2490 387 2543 εἶναι
419 2497 516 2550 την
545 2493 970 2565 προσληφθεῖσαν
1016 2514 1088 2565 τῳ
1123 2498 1298 2567 Κυρίῳ
1334 2496 1505 2564 σάρκα
1542 2493 1677 2542 κατά

114 2581 181 2634 τὴν
216 2587 306 2630 τῶν
342 2588 552 2654 σαρκῶν
596 2584 774 2654 φύσιν,
815 2588 904 2633 καὶ
933 2591 1002 2653 τῷ
1042 2583 1289 2643 ἑκουσίως
1321 2585 1405 2634 τὸν
1448 2583 1676 2652 Χριστὸν

115 2669 257 2720 παθεῖν
282 2671 406 2742 ὑπὲρ
429 2672 583 2742 ἡμῶν
617 2675 746 2746 πρὸς
777 2679 930 2724 τοῦτο
963 2670 1374 2746 ἀποχρωμένων,
1405 2675 1495 2721 καὶ
1536 2667 1676 2720 ἀπο-

117 2751 391 2810 διιστώντων
423 2758 589 2816 αὐτὴν
619 2767 711 2811 τοῦ
740 2763 878 2812 κατά
919 2764 1072 2832 φύσιν
1115 2762 1315 2821 πάθους
1362 2764 1451 2810 καὶ
1480 2766 1575 2818 τῆς
1605 2776 1679 2808 νε-

115 2849 317 2915 κφώσεως
341 2870 352 2880 ·
382 2848 536 2910 οὗτος
567 2853 657 2900 καὶ
686 2854 777 2907 τὴν
819 2849 1212 2922 λεχθησομένην
1258 2848 1535 2920 ἐπαγωγὴν
1585 2855 1680 2907 τῆς

117 2932 266 2996 ὼοίας
290 2943 577 3011 προήνεγκε
601 2955 614 2968 ·
647 2947 766 3011 περὶ
795 2938 893 3012 γάρ
949 2935 1249 3012 ἰδιωμάτων
1287 2943 1376 2990 καὶ
1426 2937 1678 3008 αύχὴμά-

116 3041 189 3073 των
216 3024 564 3098 Ῥιλθσοφήσας
595 3031 685 3079 καὶ
724 3035 797 3097 τῷ
848 3024 1152 3101 διαιρετικῷ
1204 3036 1301 3079 τῶν
1335 3029 1680 3098 ὑποκειμένων

1772 515 1901 575 est;
1931 527 2138 566 verum
2175 512 2230 566 id
2273 512 2541 584 quidem,
2571 513 2677 567 sed
2720 529 2839 568 non
2891 530 3202 584 magnum.
3266 516 3420 582 Quid

1773 597 1931 653 enim
1965 599 2205 669 mirum,
2236 601 2282 655 si
2316 601 2511 671 major
2531 601 2772 656 homine
2798 602 2952 657 Deus
2978 602 3108 657 est?
3134 607 3424 661 Praeterea

1772 688 2020 742 senioris
2052 706 2295 763 quoque
2318 693 2519 746 Romae
2551 691 2969 747 sanctissimus
3009 709 3168 765 papa
3203 697 3315 750 Leo
3347 694 3422 750 de

1771 776 1884 831 hoc
1915 777 2072 833 dicto
2100 780 2431 835 edisserens
2459 799 2471 836 :
2508 781 2640 837 Sine
2666 780 2857 847 Verbi,
2901 781 3112 852 inquit,
3157 784 3425 853 potentia
3508 810 3517 825 ι

1774 881 1895 921 non
1923 867 2142 923 diceret
2168 886 2284 924 vox
2319 871 2498 926 Patris
2524 870 2714 926 missa
2743 871 2816 925 de
2845 870 3013 935 coelo,
3047 873 3164 927 Hie
3209 879 3288 928 est
3325 874 3425 929 Fi—

1775 956 1891 1011 lius
1920 973 2079 1012 meus
2111 959 2363 1014 dilectus
2391 962 2451 1015 in
2483 975 2598 1031 quo
2629 960 2776 1015 mihi
2803 960 2944 1016 bene
2984 963 3321 1030 complacui
3361 964 3429 1018 Et

1775 1044 1900 1100 sine
1942 1047 2175 1102 veritate
2235 1050 2430 1103 carnis
2471 1064 2591 1104 non
2639 1053 3069 1118 protestaretur
3111 1053 3374 1107 Joannes
3410 1067 3424 1105 :

1779 1134 1928 1189 Ecce
1955 1136 2166 1204 Agnus
2199 1137 2306 1191 Dei
2354 1139 2458 1210 qui
2497 1137 2654 1192 tollit
2697 1147 3004 1206 peccatum
3051 1141 3328 1196 mundi...
3362 1143 3428 1195 Et

1778 1223 1863 1278 sic
1889 1241 1958 1278 ex
1991 1217 2198 1279 ordine
2230 1227 2641 1298 unusquisque
2665 1229 3199 1301 Patrum,quorum
3226 1234 3428 1284 aucto-

1776 1313 1977 1368 ritates
2008 1329 2190 1384 supra
2221 1318 2357 1368 sunt
2385 1315 2750 1386 perscriptae,
2781 1315 2840 1369 in
2872 1332 2972 1370 ore
3002 1317 3248 1373 Czesaris
3280 1322 3428 1386 erat,

1778 1406 2070 1475 tanquam
2122 1405 2166 1458 si
2222 1403 2521 1477 impressa
2570 1403 2753 1460 verba
2806 1419 3014 1460 eorum
3074 1411 3273 1465 mente
3326 1407 3430 1464 ha-

1779 1490 1964 1547 beret.

1854 1692 1939 1744 39.
1969 1692 2168 1761 Neque
2198 1696 2397 1747 tamen
2429 1691 2526 1747 hic
2549 1691 2809 1749 substitit
2831 1691 3164 1749 indefessus
3183 1709 3431 1768 corpore

1783 1794 1851 1834 ac
1883 1784 2082 1834 mente
2114 1783 2330 1844 Caesar,
2364 1781 2468 1836 sed
2499 1781 2683 1836 alium
2713 1797 2959 1854 quoque
3003 1783 3246 1855 protulit
3277 1783 3435 1854 cogi-

1786 1873 1968 1923 tatum
2003 1885 2200 1940 suum,
2234 1887 2354 1942 quo
2380 1870 2703 1942 explicaret
2731 1876 3082 1928 naturarum
3113 1873 3175 1929 in
3207 1872 3434 1930 Christo

1784 1959 2264 2028 conjunctarum,
2299 1959 2468 2014 salva
2505 1960 2680 2015 unica
2703 1959 3014 2018 individua
3043 1961 3433 2033 persona,dit'—

1782 2046 2116 2102 ferentiam.
2151 2050 2298 2103 Nam
2332 2049 2479 2119 quia
2511 2053 2720 2104 sancta
2769 2050 3004 2105 Domini
3056 2066 3217 2118 caro,
3269 2055 3434 2123 post-

1783 2153 1969 2208 quam
2005 2137 2337 2209 assumpsit
2364 2154 2499 2193 eam
2531 2137 2838 2208 divinitas,
2877 2139 3150 2208 gloriosis
3190 2141 3434 2197 dotibus

1784 2226 2072 2282 instructa
2101 2227 2206 2282 fuit
2233 2247 2245 2295 ;
2276 2244 2348 2283 ea
2374 2243 2436 2284 re
2480 2228 2754 2284 nonnulli
2811 2245 2933 2286 non
2987 2230 3114 2286 sine
3167 2231 3435 2304 periculo

1785 2317 2000 2371 erroris
2035 2315 2394 2380 utebantur;
2427 2316 2510 2372 ita
2541 2320 2606 2372 ut
2629 2317 2703 2373 de
2733 2319 3112 2375 naturalibus
3144 2320 3268 2376 sine
3299 2337 3435 2393 pec-

1786 2410 1917 2460 cato
1943 2405 2326 2476 passionibus
2340 2406 2577 2461 Domini
2606 2421 2794 2461 novos
2813 2414 3074 2464 sererent
3095 2425 3436 2476 sermones;

1787 2494 2155 2565 minimeque
2185 2494 2477 2550 auderent
2520 2494 2822 2550 afﬁrmare
2865 2496 3220 2567 passibilem
3255 2497 3438 2554 fuisse

1789 2587 2163 2656 assumptam
2197 2601 2232 2639 a
2261 2583 2492 2639 Christo
2521 2600 2766 2640 carnem
2799 2586 3133 2642 secundum
3162 2587 3436 2644 carnium

1786 2673 1983 2744 ipsam
2017 2684 2330 2738 naturam;
2365 2673 2873 2747 abuterenturque
2895 2675 2973 2730 ad
2993 2675 3052 2730 id
3080 2682 3437 2746 argumento

1786 2761 1908 2827 illo,
1941 2761 2107 2833 quod
2139 2762 2402 2817 Christus
2429 2768 2642 2834 sponte
2668 2779 2778 2834 pro
2827 2764 3006 2820 nobis
3046 2781 3264 2837 passus
3309 2771 3435 2834 est;

1786 2851 1868 2906 ita
1899 2855 1960 2906 ut
1992 2851 2193 2922 ipsum
2225 2851 2484 2906 naturali
2515 2851 2799 2924 passione
2829 2868 2898 2907 ac
2929 2854 3289 2910 mortalitate
3319 2855 3438 2911 exi-

1787 2944 2019 2994 merent
2051 2958 2062 3006 ;
2092 2940 2208 3007 his,
2264 2940 2534 3011 inquam,
2584 2943 2781 2995 Caesar
2837 2942 3237 3012 excogitatam
3279 2959 3316 2998 a
3373 2959 3438 3001 se

1789 3029 2165 3094 sententiam,
2187 3044 2372 3100 quam
2398 3029 2527 3099 jam
2559 3029 2854 3098 dicemus,
2876 3031 3177 3102 opposuit.
3193 3035 3340 3088 Nam
3363 3032 3439 3088 de

115 3111 218 3184 λόγῳ
238 3121 567 3187 χρησόμενος
596 3123 713 3169 τίνα
760 3121 850 3189 μὲν
899 3120 966 3169 τα
1016 3113 1300 3189 ἰδιώματα,
1354 3121 1470 3169 τίνα
1511 3113 1568 3167 δὲ
1617 3116 1679 3166 τὰ

1794 3117 2178 3173 idiomatibus
2201 3123 2258 3172 et
2286 3117 2359 3172 de
2382 3117 2655 3189 gloriosis
2698 3117 2939 3174 dotibus
2978 3119 3314 3191 disputans,
3355 3125 3442 3177 at-

117 3201 364 3276 πῖχὴματα
396 3202 751 3280 διετράνωσε·
785 3209 848 3257 τα
891 3209 981 3278 μεν
1030 3202 1116 3258 οὖν
1172 3203 1437 3277 ἰδιώματα
1477 3207 1682 3276 φύσεως

117 3288 228 3360 εἶναι,
259 3303 351 3345 τῶν
381 3293 807 3368 ὁμολογουμένων
839 3293 1054 3348 ἐτίθετο.
1093 3299 1192 3347 Καὶ
1239 3302 1365 3366 γοῦν
1415 3302 1509 3354 τῆς
1541 3295 1682 3353 θείας

115 3386 180 3433 καὶ
199 3388 453 3457 μακαρίας
487 3382 536 3435 ἓν
667 3393 966 3459 μοναρχικῇ
1000 3381 1192 3459 Τριάδι
1233 3388 1432 3456 φύσεως
1463 3380 1681 3455 ἰὸιωμα-

116 3487 162 3520 ta
180 3474 229 3522 τὸ
251 3471 636 3548 ἀπερίγραπτον
668 3472 828 3544 ἔλεγε,
861 3477 918 3525 τὸ
950 3475 1220 3537 ἄκτιστον,
1248 3478 1307 3524 τὸ
1336 3474 1561 3527 αἰώνιον.
1595 3479 1683 3524 καὶ

116 3557 244 3611 τᾶλλα
268 3558 334 3620 δὴ
365 3565 432 3614 τὰ
462 3565 667 3622 τούτοις
691 3563 994 3635 ὁμοστοιχα
1021 3580 1032 3592 ·
1068 3564 1361 3636 αὐχήματα
1393 3559 1449 3614 δὲ
1471 3567 1680 3624 ταύτης,

119 3655 199 3710 τοῖς
225 3647 672 3724 ἀπηριθμημένοις
707 3648 965 3724 ἰδιώμασι
1003 3657 1355 3726 παδοετόμενα,
1389 3655 1444 3702 τὸ
1490 3670 1683 3702 παντο-

121 3731 331 3810 δυναμον,
361 3744 420 3793 τὸ
471 3741 749 3808 ζωοποιὸν,
802 3745 890 3792 καὶ
939 3742 1038 3792 ὅσα
1080 3744 1274 3802 ταύτης
1322 3750 1414 3802 τῆς
1476 3741 1680 3801 τάξεως.

122 3824 338 3882 Ἐντεῦθεν
365 3835 459 3883 καὶ
490 3838 794 3902 πφοσεπῆγε
818 3835 911 3888 τὴν
939 3838 1030 3882 τοῦ
1060 3836 1253 3904 Κυρίου
1282 3833 1450 3902 σάρκα
1473 3838 1570 3880 τῶν
1597 3832 1685 3899 μὲν

122 3913 408 3988 αὐχημάτων
432 3919 638 3980 πάντως
658 3927 946 3992 μετασχεῖν
995 3927 1084 3970 τοῦ
1115 3919 1538 3993 προτὶ-αθομένον
1567 3919 1688 3969 ταύ-

121 4020 192 4061 την
212 4015 515 4079 μονογενοῦς
545 4015 699 4076 Θεοῦ,
733 4008 823 4060 ἅτε
854 4013 941 4060 καὶ
970 4008 1223 4068 ζωοποιόν
1255 4027 1306 4060 τε
1364 4014 1448 4058 καὶ
1504 4026 1687 4058 παντο-

124 4087 331 4166 δὺναμον,
365 4097 426 4150 οῦ
453 4099 632 4170 μέντοι
659 4115 720 4168 γε
747 4104 845 4149 τῶν
892 4093 1190 4168 ἰδιωμάτων
1227 4107 1320 4157 τῆς
1363 4099 1500 4158 θείας
1533 4096 1688 4146 αὐτοῦ

124 4184 288 4251 ξῦσιως
315 4207 328 4220 ·
355 4185 484 4240 οὐδὲ
516 4189 614 4260 γὰρ
643 4186 1030 4260 ἀπερίγραπτὸς
1055 4185 1216 4252 ἐστιν,
1265 4184 1388 4239 οὐδὲ
1418 4189 1687 4251 ἀκτίς-τος,

123 4266 219 4323 οὗδὲ
239 4274 462 4350 ἄχρονος
490 4271 585 4326 δια
613 4277 680 4326 τὰ
705 4274 1019 4347 αὐχήματα.
1058 4275 1280 4341 Οὐκοῦν,
1325 4275 1527 4347 ἐπείπερ
1575 4273 1690 4324 ἐκα-

123 4360 219 4429 ripa
241 4369 333 4414 τῶν
363 4368 570 4435 φύσεων
602 4361 684 4415 ἐπὶ
709 4371 808 4414 τῶν
830 4361 1029 4414 οἰκείων
1055 4360 1355 4434 ἰδιωμάτων
1385 4363 1693 4433 ασύγχυτος

1789 3223 1906 3279 que
1938 3211 2254 3277 utramque
2280 3222 2404 3260 rem
2434 3211 2712 3262 accurate
2745 3206 3440 3282 distinguens,qumnam

1791 3296 1910 3350 sint
1932 3294 2529 3367 idiomata,quaenam
2549 3295 2690 3350 item
2715 3295 2990 3365 gloriosas
3013 3296 3440 3371 dotes,perspi—

1791 3399 1899 3439 cue
1931 3382 2302 3439 enucleabat.
2332 3386 2395 3439 Et
2417 3383 2707 3440 idiomata
2750 3385 2994 3457 quidem
3033 3389 3278 3460 propria
3307 3404 3442 3445 esse

1792 3478 2042 3538 natura,
2073 3479 2240 3528 extra
2265 3472 2705 3530 dubitationem
2737 3474 3021 3546 ponebat.
3040 3479 3120 3531 Ac
3149 3477 3368 3534 divina:
3387 3481 3445 3534 et

1793 3563 2003 3627 bcatm,
2038 3563 2096 3617 in
2130 3562 2518 3618 nionarcliica
2547 3562 2848 3635 'l‘rinitate,
2880 3568 3110 3621 naturas
3153 3566 3444 3625 idiomata

1794 3669 1925 3706 esse
1957 3651 2216 3720 dicebat,
2248 3657 2308 3706 ut
2350 3651 2583 3708 inﬁnita
2628 3651 2724 3721 sit,
2756 3653 3037 3722 increata,
3075 3656 3444 3727 sempiterna.

1795 3740 2047 3812 aliisque
2077 3740 2429 3810 hujusmodi
2455 3742 2920 3814 proprietatibus
2948 3744 3197 3814 praedita
3227 3764 3239 3800 :
3273 3745 3443 3802 dotes

1796 3835 1996 3884 autem
2034 3829 2334 3900 gloriosas
2388 3830 2676 3901 praedicta
2722 3830 3016 3888 idiomata
3067 3834 3441 3903 comitantes,

1798 3919 2321 3990 omnipotentiam,
2353 3919 2698 3975 vivificandi
2752 3920 3052 3985 virtutem,
3096 3926 3276 3993 atque
3329 3923 3446 3979 alia.

1798 4013 2153 4064 ornamenta
2180 4008 2500 4078 ejusmodi.
2520 4007 2740 4064 Deinde
2769 4008 3186 4078 concludebat,
3211 4012 3449 4070 Domini

1799 4113 2042 4153 carnem
2067 4098 2316 4152 omnino
2347 4096 2663 4168 praeditam
2689 4098 2874 4153 fuisse
2903 4097 3180 4167 gloriosis
3207 4100 3450 4158 dotibus

1799 4187 1986 4243 divini
2031 4187 2326 4254 Unigcniti
2356 4202 2392 4242 a
2414 4203 2536 4259 quo
2569 4192 2660 4242 est
2682 4191 3020 4259 assumpta,
3055 4189 3267 4246 virtute
3300 4191 3453 4247 scili-

1801 4281 1892 4332 cet
1923 4275 2262 4330 viviticandi
2290 4281 2344 4330 et
2374 4275 2846 4348 omnipotentia;
2877 4291 3000 4332 non
3055 4282 3255 4334 tamen
3305 4278 3452 4336 divi-

1803 4382 1894 4420 na:
1922 4370 2151 4420 naturae
2183 4363 2592 4420 idiomatibus.
2633 4368 2781 4420 Nam
2808 4365 3044 4422 etiamsi
3086 4367 3270 4426 habet
3323 4368 3452 4439 glo-

126 4447 345 4516 Egi-51%,?!
397 4455 459 4505 τὸ
498 4454 916 4527 προσιστάμενον
963 4451 1187 4504 ἐντεῦθεν
1223 4457 1279 4504 τὸ
1329 4455 1503 4524 μεῖζον
1555 4454 1679 4525 παρέ

1804 4455 1993 4510 riosas
2026 4453 2214 4524 dotes,
2245 4469 2368 4508 non
2395 4453 2616 4509 idcirco
2651 4459 2850 4510 tamen
2881 4455 3112 4512 inﬁnita
3169 4461 3260 4512 est
3289 4473 3453 4528 caro,

126 4538 294 4602 τούτοις
321 4537 584 4614 ὶνθεωρεῖν
618 4561 632 4574 ’
663 4545 754 4592 καὶ
781 4547 886 4601 τοῖς
906 4550 998 4602 τῆς
1033 4543 1169 4602 θείας
1197 4543 1394 4612 φύσεως
1431 4539 1693 4612 ἐὸιωμασι

129 4625 172 4673 τὸ
194 4625 432 4702 ὑπερέχον
459 4626 754 4701 ἀπονέμειν,
882 4632 1008 4702 πρὸς
1039 4632 1133 4692 τὰς
1158 4638 1251 4692 τῆς
1282 4649 1470 4705 σαρκος
1497 4626 1698 4686 ἰδιότη-

128 4728 199 4774 τας
222 4718 414 4790 παραθέ
439 4737 484 4770 ει
517 4716 777 4790 ἑπόμενον.

188 5162 244 5231 μ’.
272 5171 443 5218 Ταῦτα
473 5168 564 5238 μὲν
594 5167 681 5218 οὖν
711 5173 801 5219 τοῦ
830 5165 1113 5240 βασιλικοῦ
1144 5170 1279 5232 νοὸς,
1313 5167 1341 5225 ἡ
1395 5165 1584 5238 μᾶλλον
1617 5166 1696 5217 εἰ-

135 5257 241 5318 πεῖν,
267 5263 352 5305 τοῦ
386 5264 486 5306 τῶν
537 5254 866 5330 ἀνθρωπίνων
910 5261 1035 5307 νόων
1092 5254 1348 5328 βασιλέως
1391 5259 1699 5329 πορίσματα

136 5345 204 5388 καὶ
224 5349 530 5416 γεννήματα,
563 5350 651 5396 καὶ
691 5353 784 5406 τῆς
827 5347 1165 5418 υπερχρύσου
1213 5345 1448 5414 γλώττης
1503 5343 1701 5413 γ).υκίω

139 5426 303 5493 palm;
334 5430 728 5505 ἀπαγγέλματα.
767 5435 908 5488 Ἐπεὶ
943 5429 1002 5486 δὲ
1033 5432 1219 5492 πολλὰς
1398 5435 1580 5492 νύκτας
1615 5431 1701 5482 ἀύ-

137 5533 282 5587 πνους,
326 5523 517 5585 πολλὰς
563 5519 615 5576 δ’
667 5525 863 5596 ἡμέρας
905 5519 1248 5599 ἐμφροντιδας
1311 5522 1579 5589 ἐξετελεσε,
1611 5526 1702 5574 καὶ

139 5597 231 5661 δέον
254 5611 409 5686 ἔκρινε
435 5615 496 5664 τὸ
527 5610 732 5674 εὐσεϐὴς
779 5597 1206 5688 διατρανωθῆναι
1252 5619 1345 5674 τῆς
1385 5607 1704 5683 ἐξηγήσεως,

351 5719 596 5776 Ριτιιοῐι.
639 5719 741 5776 Gn.
781 5719 932 5781 CXL.

1804 4543 1898 4598 vel
1927 4543 2215 4610 increata,
2257 4542 2349 4598 vel
2399 4546 2536 4598 aute
2586 4549 2879 4615 tempora.
2941 4545 3117 4614 Igitur
3160 4547 3454 4618 quoniam

1805 4638 2061 4703 utraque
2093 4637 2308 4687 natura
2335 4633 2395 4686 in
2428 4632 2685 4705 propriis
2713 4632 3104 4688 idiomatibus
3135 4634 3458 4692 inconfusa

1807 4726 2049 4786 manet;
2084 4719 2223 4775 hinc
2254 4735 2635 4791 cognoscere,
2658 4721 3019 4793 inquit,licet
3039 4737 3309 4794 quonam
3328 4739 3460 4794 per-

1808 4810 1994 4865 tineat
2022 4808 2167 4864 illud
2198 4809 2528 4881 epithetum
2551 4812 2765 4876 maior,
2782 4809 2855 4865 de
2885 4826 3008 4882 quo
3036 4826 3196 4866 nunc
3223 4817 3459 4866 contro-

1807 4899 2007 4954 versia
2039 4900 2102 4953 tit
2129 4916 2141 4952 :
2175 4903 2528 4970 oportetque
2558 4897 2776 4954 divinae
2808 4904 3038 4954 nature
3070 4899 3459 4955 idiomatibus

1810 4988 2069 5059 gradum
2147 4987 2556 5042 sublimiorem
2614 4988 2953 5054 attribuere,
2989 4992 3462 5046 consentaneum

1809 5077 2244 5149 comparationi
2275 5092 2413 5131 cum
2445 5077 2641 5132 carnis
2661 5077 3146 5150 proprietatibus.

1881 5171 1968 5222 40.
2006 5169 2099 5221 Hie
2132 5165 2309 5234 igitur
2333 5166 2552 5237 regalis
2591 5167 2828 5232 mentis,
2871 5165 2965 5220 vel
3007 5165 3206 5237 potius
3252 5165 3466 5222 huma-

1810 5270 2029 5312 narum
2060 5255 2350 5310 mentium
2399 5256 2575 5324 regis,
2609 5255 3051 5328 propositiones
3096 5258 3276 5328 atque
3324 5271 3468 5311 con-

1813 5343 2110 5399 clusiones
2135 5347 2322 5412 erant,
2347 5342 2690 5415 linguasque
2720 5358 2917 5398 aureae
2971 5341 3244 5398 dulciora
3284 5341 3460 5396 melle

1814 5433 2008 5487 eti'ata.
2068 5432 2397 5504 Postquam
2455 5436 2656 5487 autem
2706 5431 3046 5504 complures
3108 5436 3312 5488 noctes
3377 5431 3471 5485 in-

1815 5537 2055 5578 somnes
2083 5521 2420 5593 multosque
2451 5521 2576 5576 dies
2612 5520 2673 5576 in
2704 5521 2920 5577 harum
2963 5537 3168 5578 rerum
3216 5520 3468 5576 medita-

1815 5611 1974 5670 tione
1993 5613 2386 5684 consumpsit,
2401 5610 2757 5668 existimans
2779 5615 3052 5685 oportere
3063 5610 3465 5668 orthodoxam

3015 5721 3049 5776 8
