4046 6310
611 269 717 324 235

615 389 759 446 dicti
791 387 1118 459 evangelici
1147 386 1696 459 interpretationem
1731 388 1807 444 ad
1835 387 2134 461 liquidum
2165 389 2264 446 de-

614 479 754 536 duci
778 495 792 546 ;
818 494 894 534 ne
925 477 1004 534 ob
1027 481 1155 549 ejus
1179 477 1632 548 ambiguitatem
1663 477 2263 536 cordainﬁrmiorum

611 567 1148 642 perturbarentur:
1199 564 1279 620 ad
1337 571 1672 621 extremum
1721 567 2134 623 sanctissimos
2159 583 2264 640 pa-

611 656 904 714 triarchas
934 670 1292 726 sacramque
1309 659 1366 710 et
1386 654 1654 711 divinam
1680 657 2065 727 congregavit
2085 672 2264 729 syno-

612 745 782 816 dum,
816 744 896 800 ad
929 760 1115 818 quam
1171 748 1476 799 senatores
1527 760 1772 816 quoque
1829 750 2257 809 convenerunt,

611 833 1010 908 praesentibus
1041 833 1221 889 etiam
1247 831 1786 890 illustrissimorum
1815 835 2091 890 omnium
2135 851 2259 890 mo-

610 924 1012 980 nasteriorum
1044 921 1389 978 abbatibus.
1422 925 1486 977 Et
1515 923 1709 978 Caesar
1751 924 1996 994 quidem
2039 923 2259 979 reside-

607 1012 715 1071 bat
737 1013 798 1068 in
818 1012 986 1080 regio
1015 1012 1248 1082 throno,
1282 1011 1387 1082 qui
1417 1015 1503 1066 est
1532 1011 1592 1066 in
1625 1012 1897 1067 conclavi
1938 1029 2104 1067 mare
2135 1029 2261 1067 ver-

607 1118 712 1157 sus
743 1101 952 1171 magni
979 1099 1184 1172 palatii
1211 1115 1406 1172 nuper
1435 1100 1513 1154 ab
1544 1101 1676 1172 ipso
1699 1103 1933 1156 Caesare
1955 1103 2257 1169 exstructi,

607 1190 775 1264 quod
801 1189 1156 1245 occidentali
1187 1187 1354 1243 urbis
1387 1204 1562 1244 muro
1608 1189 1902 1257 imminet,
1953 1190 2259 1262 habetque

603 1279 667 1336 id
697 1279 985 1336 conclave
1016 1279 1094 1334 ad
1123 1277 1256 1349 ipso
1280 1277 1545 1334 Manuele
1567 1293 1792 1333 nomen
1819 1295 1831 1331 :
1873 1296 1997 1351 quo
2021 1281 2082 1335 in
2125 1279 2259 1335 loco

604 1367 1078 1426 innumerabiles
1136 1367 1516 1438 imperatoris
1567 1367 1848 1424 victorias
1895 1369 2064 1424 brevi
2109 1385 2258 1440 gyro

605 1458 1084 1530 comprehensas
1114 1471 1210 1511 ars
1242 1455 1514 1528 pictoria,
1556 1457 1754 1512 aureis
1805 1458 2026 1530 lapillis
2057 1460 2257 1515 varios

601 1549 964 1604 interserens
990 1545 1243 1607 colores,
1272 1549 1451 1617 prout
1495 1543 1622 1600 ﬁeri
1665 1547 1880 1618 potuit,
1920 1547 2252 1619 descripsit.

601 1637 704 1692 Hic
724 1636 836 1691 fuit
864 1634 1198 1691 consistorii
1224 1633 1428 1701 locus;
1455 1634 1659 1706 ibique
1690 1634 1937 1692 deﬁnita
1959 1643 2097 1692 sunt
2122 1652 2255 1708 quas

1950 264 2222 322 ΝΙΟΕΤᾸΕ
2263 265 2633 328 ΩΗΟΝΙΛΤίΕ

3891 272 4041 326 236

2377 393 2459 446 ἳνα
2487 400 2558 467 μή
2593 404 2664 467 τῷ
2696 392 2874 468 ἀδήλῳ
2912 397 3109 458 ταύτης
3138 395 3195 448 αἱ
3222 403 3320 447 τῶν
3351 394 3717 467 ἀπαγεστίρων
3748 393 4042 471 καρδίαι

2374 479 2409 535 δ
2414 488 2802 559 ιαταράττοιντο
2827 507 2838 519 ο
2871 485 3013 547 τέλος
3042 489 3159 545 τοὺς
3186 483 3504 556 ἀγιωτάτους
3529 489 3885 558 πατριάρχας
3916 489 4038 536 καὶ

2370 577 2464 629 τὴν
2494 577 2631 646 ἱερὰν
2662 580 2750 627 καὶ
2783 577 2921 627 θείαν
2950 576 3264 646 συνήθροισε
3294 569 3512 625 σύνοδον
3541 590 3553 602 ·
3598 572 3703 626 ἀλλ’
3755 572 3908 628 οὐδὲ
3969 575 4039 626 οἱ

2369 669 2464 724 τῆς
2496 663 2789 735 συγκλήτου
2822 663 3020 736 βουλῆς
3050 662 3380 731 ἀπελείποντο
3407 683 3419 694 ο
3453 670 3696 735 παρῆσαν
3727 660 3786 716 δὲ
3807 668 3938 715 καὶ
3967 664 4037 714 ai

2368 759 2468 802 τῶν
2499 750 2896 824 ἐπισημοτάτων
2924 761 3106 805 πασῶν
3135 760 3300 823 μονῶν
3317 753 3698 824 καθηγούμενοι
3721 769 3734 783 ·
3767 757 3874 805 καὶ
3905 756 4031 805 τὸν

2367 843 2459 911 μὲν
2490 842 2514 892 ὁ
2547 840 2824 913 βασιλικὸς
2856 839 2968 913 εἶχε
2997 845 3168 915 θρόνος
3208 840 3362 910 ἐκτῷ
3398 846 3530 914 πρὸς
3561 841 3814 894 θάλατταν
3853 843 4029 893 ὑπε-

2368 935 2486 1002 ρῴῳ
2510 939 2601 983 τοῦ
2632 929 2678 983 ἓν
2710 940 2782 1001 τῷ
2813 931 3020 1004 μεγάλῳ
3045 931 3279 1001 παλατίῳ
3299 932 3694 1003 νεουργηθίντος
3723 934 3888 983 οῖκου
3919 939 4023 999 τῷ

2369 1017 2582 1090 βασιλεί
2611 1029 2700 1072 τοῦ
2733 1017 3080 1096 δυτικωτέρου
3105 1025 3316 1092 τείχους
3339 1019 3634 1094 ἐφύπερθεν,
3667 1028 4021 1092 φερώνυμον

2367 1113 2456 1166 τήν
2485 1109 2673 1168 κλῆσιν
2704 1111 2760 1162 ἐκ
2790 1121 2884 1173 τῆς
2915 1120 3004 1164 τοῦ
3038 1111 3286 1170 Μανσυὴλ
3314 1116 3656 1184 προσρήσεως
3683 1116 3964 1184 φέροντος
3995 1126 4014 1140 °

2367 1199 2416 1250 ἓν
2518 1204 2730 1252 καὶτῶν
2783 1197 3194 1273 δυσαριθμήτων
3233 1201 3644 1272 κατορθωμάτων
3677 1208 3766 1252 τοῦ
3815 1201 4020 1252 αὖτο-

2366 1289 2618 1363 κράτορος
2650 1288 2844 1364 βραχέ’
2871 1292 3004 1343 ἄττα
3030 1289 3407 1362 παραλαϐοῦσα
3431 1291 3461 1348 ἡ
3497 1289 3770 1363 ζωγράφος
3799 1293 4015 1360 τέχνη

2366 1376 2423 1430 ἐκ
2452 1381 2807 1450 καταχρύσων
2849 1375 3094 1450 ψηφίδων
3129 1378 3522 1451 ποικιλοχροοις
3566 1378 3755 1450 ἑτέραις
3795 1377 4018 1430 ἐπεμε-

2363 1471 2647 1538 γνυμένων,
2679 1470 2748 1529 ως
2778 1467 2938 1539 εἶχεν,
2967 1464 3348 1541 ἐνδιεγράψατο
3373 1489 3386 1502 ·
3419 1467 3643 1519 ἐνταῦθα
3683 1470 3772 1538 μὲν
3807 1464 3884 1524 δὴ
3927 1471 4016 1519 τὰ

2364 1563 2460 1615 τῆς
2487 1555 2826 1618 συνελεύσεως
2853 1574 2861 1584 ’
2897 1565 3174 1629 κυροῦνται
3205 1553 3266 1609 δέ
3293 1559 3359 1608 τὰ
3407 1558 3813 1628 ὑποτεταγμένα,
3844 1559 4010 1628 ὁμο-

3123 1655 3220 1698 τῶν
3262 1665 3315 1698 τε
3362 1645 3663 1717 ἁγιωτάτων
3710 1665 4008 1719 πατριαρ-

2363 1647 2804 1716 γνωμονησάντων
2835 1645 3090 1716 ἀλλήλοις,

601 1725 760 1783 infra
789 1740 1107 1798 ponemus,
1136 1723 1645 1780 consentientibus
1674 1725 1826 1780 inter
1853 1741 1916 1782 se
1949 1727 2245 1782 sanctissi-

2363 1742 2496 1805 χῶν,
2528 1743 2626 1786 τῶν
2661 1737 2945 1805 ἰερωτάτων
2987 1735 3290 1810 ἀρχιερέων,
3325 1745 3415 1786 του
3468 1737 3726 1808 ἱερατικοῦ
3774 1734 4005 1787 λοιποῦ

600 1817 720 1872 mis
745 1813 1124 1889 patriarchis,
1169 1812 1716 1888 sacratissimisque
1761 1815 2250 1888 archiepiscopis,

599 1905 955 1978 reliquoque
985 1902 1348 1960 sacerdotali
1375 1907 1552 1972 coetu,
1597 1909 1656 1960 et
1703 1904 2083 1960 senatoribus
2127 1906 2248 1960 uni-

598 1995 828 2060 versis;
863 1993 947 2050 sic
1001 1992 1238 2049 favente
1287 1995 1455 2065 pacis
1505 1995 1645 2061 Deo,
1703 2009 1941 2049 necnon
1993 1993 2255 2065 religiosi

600 2084 792 2142 nostri
821 2099 859 2141 a
888 2086 1008 2140 Deo
1039 2082 1309 2139 coronati
1338 2081 1722 2156 imperatoris
1749 2082 1893 2138 zelo.
1925 2083 2005 2138 De
2032 2083 2125 2138 his
2147 2099 2253 2139 au-

599 2177 722 2231 tem
748 2177 947 2230 tomus
977 2187 1222 2246 quoque
1251 2171 1627 2244 conscriptus
1657 2171 1784 2243 fuit,
1819 2173 1879 2228 in
1911 2189 2033 2246 quo
2065 2171 2144 2230 ad
2168 2171 2255 2228 lit-

598 2267 790 2322 teram
813 2263 1126 2338 sequentia
1153 2262 1554 2320 continentur.

1269 2459 1476 2516 ACTIO
1522 2460 1588 2514 li.

599 2601 826 2660 Mensis
862 2601 1078 2659 Martii
1110 2601 1207 2658 die
1247 2602 1533 2665 secunda.
1583 2601 1926 2660 indictionis
1978 2604 2130 2660 XIV
2160 2605 2255 2662 die

1301 2697 1542 2764 quarta.

673 2803 725 2855 l.
755 2797 1112 2856 Prmsidente
1170 2813 1207 2854 a
1265 2801 1384 2855 Deo
1438 2803 1725 2855 coronato
1789 2804 1998 2856 sancto
2047 2805 2250 2856 nostro

594 2905 735 2961 rege
756 2891 813 2946 et
839 2889 1199 2962 imperatore
1229 2888 1478 2946 domino
1523 2889 1794 2946 Manuelo
1826 2891 2154 2962 Comneno,
2186 2891 2246 2946 in

598 2980 830 3053 tropico
860 2977 1131 3034 conclavi
1161 2977 1474 3034 meridiem
1505 2995 1736 3045 versus,
1767 2995 1989 3052 nempe
2037 2980 2095 3034 in
2128 2996 2251 3037 ma~

598 3068 702 3142 gni
729 3067 936 3142 palatii
968 3067 1625 3141 porphyromanuelico
1653 3068 1905 3125 triclinio
1941 3089 1954 3138 ;
2010 3071 2250 3126 astanti-

596 3158 714 3216 bus
741 3161 964 3214 sanctte
1007 3156 1310 3228 majestati
1357 3158 1507 3228 ejus,
1541 3157 1910 3214 amabilibus
1940 3158 2246 3215 consobri-

593 3248 711 3312 nis,
743 3247 880 3304 ﬁliis
908 3245 1114 3318 inclyti
1172 3245 1672 3302 sebastocratoris
1727 3246 1960 3302 domini
2016 3248 2248 3302 Andro-

595 3335 963 3404 nici,scilicet
991 3334 1414 3406 protosebasto
1438 3339 1496 3390 et
1523 3335 1978 3407 protovestiario
2009 3335 2248 3392 domino

594 3425 832 3480 Joanne
856 3422 1187 3489 Comneno,
1220 3422 1470 3495 ejusque
1514 3422 1694 3479 fratre
1745 3423 1995 3478 domino
2046 3424 2249 3480 Alexio

597 3515 938 3580 Comneno;
970 3510 1215 3568 amabili
1246 3511 1612 3567 consobrino
1641 3513 1901 3584 potentis
1934 3515 2248 3586 sanctique

592 3601 782 3658 nostri
810 3602 991 3671 regis,
1043 3598 1292 3656 domino
1345 3601 1689 3656 Andronico
1749 3604 2078 3671 Comneno,
2127 3604 2248 3660 tilio

593 3687 955 3764 pansebasti
986 3688 1298 3744 celsissimi
1342 3688 1573 3745 domini
1615 3689 1910 3745 Theodori
1953 3693 2244 3758 Batatzae;

591 3780 772 3836 fratre
794 3778 924 3850 ejus
951 3781 1009 3834 et
1037 3777 1285 3833 amabili
1315 3777 1686 3834 consobrino
1721 3778 1980 3851 potentis
2026 3781 2246 3836 sancti-

593 3885 712 3943 que
742 3867 932 3926 nostri
951 3867 1110 3938 regis
1135 3866 1386 3923 domino
1408 3867 1611 3922 Alexio
1642 3871 1973 3938 Comneno,
1998 3871 2245 3926 amabili

589 3957 861 4032 patruele
882 3955 1139 4030 potentis
1176 3955 1491 4028 sanctique
1537 3956 1720 4012 nostri
1765 3957 1942 4026 regis,
1989 3963 2131 4013 nato
2173 3976 2245 4014 ex

589 4047 841 4106 amabili
886 4049 1103 4118 patruo
1146 4045 1405 4117 potentis
1454 4046 1766 4118 sanctique
1823 4047 2012 4103 nostri
2064 4049 2240 4118 regis,

587 4135 963 4210 pansebasto
995 4133 1329 4190 celsissimo
1388 4133 1639 4190 domino
1693 4135 2081 4191 Constantino
2127 4143 2242 4192 An-

589 4224 744 4298 gelo,
777 4223 1048 4291 domino,
1083 4223 1356 4295 inquam,
1378 4225 1606 4279 Joanne
1639 4226 1798 4280 Duca
1825 4246 1838 4293 ;
1872 4223 2052 4281 fratre
2084 4227 2242 4296 ejus-

585 4315 750 4384 dem,
782 4313 1027 4370 amabili
1057 4317 1276 4385 nepote
1299 4313 1558 4386 potentis
1611 4320 1668 4370 et
1697 4314 1887 4370 sancti
1933 4316 2118 4370 nostri
2150 4333 2240 4371 re-

585 4405 701 4475 gis,
733 4404 986 4460 domino
1016 4403 1362 4459 Andronico
1393 4407 1593 4473 Duca;
1627 4419 1848 4474 genero
1897 4405 2154 4476 potentis
2186 4409 2243 4460 et

2363 1823 2677 1895 καταλόγου,
2704 1829 2794 1876 καὶ¹
2825 1824 3130 1896 ξυμπάντων
3158 1833 3255 1875 τῶν
3285 1831 3378 1884 τῆς
3406 1823 3759 1894 συγκλητικής
3778 1843 4005 1896 γερου-

2367 1918 2508 1981 σίας,
2539 1910 2754 1985 εὐδοκία
2780 1922 2868 1966 τοῦ
2895 1922 2986 1974 τῆς
3015 1914 3221 1986 εἰρήνης
3250 1921 3382 1966 Θεοῦ
3427 1918 3518 1965 καὶ
3545 1909 3786 1985 διαπύρῳ
3818 1913 3999 1985 ζήλῳ

2363 2011 2455 2055 τοῦ
2487 2003 2726 2064 εὐσεϐοῦς
2755 2006 2900 2076 ἡμῶν
2930 2009 3018 2055 καὶ
3053 2005 3354 2076 θεοστεφοῦς
3405 2004 3784 2078 αὐτοκράτορος
3809 2021 3820 2032 ·
3879 2003 3999 2056 ἐπὶ

2366 2089 2433 2151 δή
2467 2095 2672 2155 τούτοις
2700 2097 2788 2145 καὶ
2813 2099 2968 2166 τόμος
2999 2091 3274 2160 ἐκτίθεται,
3307 2089 3436 2148 τάδε
3483 2095 3618 2145 κατὰ
3661 2093 3806 2168 ῥῆμα
3858 2088 3964 2147 διε

2364 2181 2505 2246 ξιών.

2989 2470 3223 2521 ΠΡΔΞΙΣ
3263 2466 3331 2520 Β’.

2361 2613 2502 2667 Μηνὶ
2531 2613 2750 2684 Μαρτίῳ
2780 2605 3015 2681 δευτέρα,
3045 2610 3213 2683 ἡμέρᾳ
3256 2609 3473 2682 τετάρτῃ
3513 2603 3839 2670 ἰνδικτιῶνος
3874 2604 3989 2662 ιδ’.

2432 2805 2498 2862 α’.
2527 2806 2930 2877 Προκαθημένου
2964 2813 3054 2857 τοῦ
3087 2806 3397 2857 θεοστέπτου
3429 2804 3580 2876 ἁγίου
3607 2809 3751 2876 ήμῶν
3799 2803 3987 2878 βασι-

2357 2893 2478 2954 λέως
2507 2899 2596 2946 καὶ
2619 2894 2994 2968 αὐτοκράτορος
3023 2901 3183 2966 κυροῦ
3213 2893 3459 2952 Μανουήλ
3480 2903 3570 2946 τοῦ
3597 2901 3895 2966 Κομνηνοῦ,
3926 2896 3985 2948 ἐν

2358 2991 2420 3055 τῇ
2455 2984 2662 3056 ύπερῴᾳ
2688 2991 2907 3056 τροπικῇ
3035 2987 3160 3055 πρὸς
3191 2983 3519 3056 μεσημϐρίαν
3545 2993 3635 3036 τοῦ
3668 2983 3714 3034 ἐν
3760 2992 3835 3053 τῷ
3878 3006 3983 3057 με·

2359 3071 2499 3143 γάλῳ
2516 3071 2750 3142 παλατίῳ
2777 3071 3375 3144 πορφυρομανουηλάτου
3398 3071 3680 3144 τρικλίνου,
3700 3092 3800 3144 παρ
3813 3093 3982 3126 ιστα-

2360 3165 2520 3232 μένων
2550 3169 2611 3233 τῇ
2647 3160 2774 3232 ἁγίᾳ
2806 3159 3054 3233 βασιλείᾳ
3097 3161 3257 3213 αὐτοῦ
3287 3170 3385 3212 τῶν
3434 3163 3789 3234 περιποθήτων
3849 3163 3979 3216 ἀνε-

2359 3249 2492 3320 ψιῶν
2524 3249 2683 3301 αὐτοῦ
2713 3254 2802 3301 καὶ
2823 3252 2945 3300 υἱῶν
2977 3257 3066 3301 τοῦ
3090 3246 3338 3322 ἀοιδίμου
3367 3248 3843 3323 σεϐαστοκράτορος
3877 3271 3980 3304 κυ-

2358 3346 2452 3413 ροῦ
2480 3335 2838 3413 ’Δνδρονίκου,
2871 3346 2962 3390 τοῦ
2992 3337 3429 3414 πρωτοσεϐαστοῦ
3455 3344 3544 3390 καὶ
3575 3338 3978 3414 πρωτοϐεστια-

2358 3431 2474 3501 ρίου
2502 3435 2663 3503 κυροῦ
2694 3427 2930 3480 Ἰωάννου
2958 3436 3050 3479 τοῦ
3085 3434 3371 3500 Κομνήνου,
3405 3433 3496 3479 καὶ
3518 3436 3609 3480 τοῦ
3631 3423 3974 3500 αύταδέλφου

2360 3515 2517 3567 αὐτοῦ
2550 3523 2711 3591 κυροῦ
2743 3515 2969 3579 Ἀλεξίου
2995 3524 3086 3569 τοῦ
3121 3523 3388 3588 Κομνγπνοῦ
3419 3537 3431 3549 ·
3481 3525 3571 3569 τοῦ
3602 3518 3972 3590 περιποθήτου

2360 3601 2572 3674 ἀνεψιοῦ
2603 3613 2694 3656 τοῦ
2720 3613 2973 3677 κραταιοῦ
3004 3610 3093 3657 καὶ
3124 3605 3277 3677 ἁγίου
3306 3607 3451 3677 ἡμῶν
3483 3604 3763 3678 βασιλέως,
3793 3615 3974 3681 κυροῦ

2368 3689 2687 3766 Ανδρονίκου
2717 3702 2806 3746 νοῦ
2840 3702 3106 3766 Κομνηνου
3139 3703 3228 3748 τοῦ
3275 3697 3390 3746 υἱοῦ
3435 3704 3526 3746 τοῦ
3566 3695 3943 3749 πανσεϐαστοῦ

2355 3785 2610 3856 περτάτου
2636 3792 2798 3857 κυροῦ
2840 3781 3116 3859 Θεοδώρου
3160 3792 3250 3837 τοῦ
3293 3787 3560 3848 Βατάτζου
3597 3806 3609 3817 ·
3656 3793 3747 3836 τοῦ
3797 3785 3970 3838 αὐτα-

2357 3867 2391 3922 δ
2395 3871 2544 3944 ἐλφου
2568 3873 2728 3925 αὐτοῦ
2753 3879 2842 3924 καὶ
2864 3877 3214 3946 περιποθήτου
3245 3873 3456 3945 ἀνεψιοῦ
3479 3883 3569 3926 τοῦ
3595 3881 3844 3947 κραταιοῦ
3869 3881 3971 3927 καὶ

2354 3959 2504 4031 ἁγίου
2531 3963 2675 4034 ἡμῶν
2704 3961 2984 4034 βασιλέως,
3010 3971 3172 4035 κυροῦ
3224 3963 3454 4027 Ἀλεξίου
3495 3971 3586 4014 τοῦ
3643 3969 3918 4036 Κομνήνοῦ
3951 3986 3964 3997 ο

2351 4057 2444 4101 τοῦ
2467 4053 2817 4122 περιποθήτου
2836 4049 3114 4124 ἐξαδέλφου
3137 4059 3232 4103 τοῦ
3249 4061 3500 4127 κραταιοῦ
3521 4057 3612 4104 καὶ
3634 4051 3784 4123 ἁγίου
3808 4054 3967 4124 ἡμῶν

2354 4138 2630 4211 βασιλέως,
2660 4149 2753 4194 τού
2779 4144 2895 4193 υἱοῦ
2925 4151 3016 4193 τοῦ
3038 4145 3389 4217 περιποθήτου
3416 4145 3552 4195 θείου
3579 4151 3669 4194 τοῦ
3699 4153 3966 4215 κραταιοῦ

2350 4234 2440 4280 καὶ
2469 4229 2620 4301 ἁγίου
2668 4233 2813 4303 ήμῶν
2869 4231 3150 4304 βασιλέως,
3189 4239 3279 4284 τοῦ
3326 4231 3965 4306 πανσεϐαστοῦπερτάτου

2349 4326 2512 4392 κυροῦ
2547 4325 2928 4372 Κωνσταντίνου
2960 4329 3051 4373 τοῦ
3101 4321 3369 4392 Ἀγγέλου,
3400 4330 3562 4396 κυροῦ
3596 4322 3828 4374 Ἰωάννου
3861 4333 3965 4374 τοὺ

2350 4411 2521 4460 Δούκα
2555 4430 2566 4440 -
2597 4417 2687 4461 τοῦ
2723 4406 3048 4482 αύταδέ>.φου
3081 4411 3263 4478 αὐτοῦ,
3310 4419 3402 4464 τοῦ
3448 4413 3799 4484 περιποθήτου
3833 4411 3960 4472 ἐξα-

585 4493 776 4549 sancti
795 4493 984 4549 nostri
1015 4493 1172 4563 regis
1200 4492 1440 4549 sebasto
1468 4493 1718 4548 domino
1760 4495 1986 4548 Joanne
2033 4494 2238 4549 Canta-

2357 4493 2539 4569 δέλφου
2571 4506 2661 4550 τοῦ
2691 4508 2946 4572 κραταιοῦ
2978 4504 3066 4551 καὶ
3098 4500 3252 4570 ἁγίου
3306 4502 3449 4573 ἡμῶν
3483 4498 3755 4572 βασιλέως,
3788 4508 3960 4572 κυροῦ

583 4599 841 4651 cuzeno;
874 4598 1096 4653 genero
1123 4583 1383 4655 potentis
1408 4588 1464 4638 et
1486 4582 1680 4638 sancti
1726 4582 1912 4637 nostri
1940 4583 2097 4648 regis
2124 4583 2236 4639 do-

579 4672 747 4730 mino
775 4673 1164 4730 Constantino
1197 4675 1395 4739 Duca;
1426 4672 1667 4727 sebasto
1698 4671 1947 4726 domino
1985 4671 2236 4728 Gudelio

576 4761 906 4819 Tzicandile
935 4781 948 4831 ;
983 4762 1222 4818 sebasto
1253 4768 1309 4818 et
1338 4777 1563 4830 magno
1593 4760 1991 4816 hetwriarcha
2035 4761 2234 4816 domi-

574 4867 656 4910 no
689 4853 936 4926 Georgio
982 4850 1354 4921 Palaeologo;
1418 4849 1657 4906 sebasto
1696 4848 1948 4904 domino
2005 4852 2233 4906 Joanne

571 4943 738 4999 Duca
765 4960 777 5012 ;
813 4942 1054 4999 sebasto
1081 4946 1137 4997 et
1184 4939 1515 4996 domestico
1571 4937 1851 4995 vestiario
1883 4940 2146 5010 potentis
2176 4945 2232 4994 et

572 5032 766 5088 sancti
822 5031 1012 5088 nostri
1055 5029 1213 5100 regis
1271 5028 1519 5084 domino
1582 5027 1788 5083 Alexio
1847 5028 2225 5100 Petralipha;

569 5120 812 5178 sebasto
841 5125 900 5177 et
943 5119 1280 5176 domestico
1344 5116 1625 5173 vestiario
1649 5117 1907 5190 potentis
1948 5123 2004 5173 et
2036 5119 2227 5173 sancti

562 5209 753 5264 nostri
773 5209 928 5279 regis
959 5207 1187 5262 domno
1222 5205 1445 5260 Isaacio
1479 5207 1673 5274 Duca;
1723 5205 1962 5261 sebasto
2020 5213 2074 5261 et
2121 5206 2200 5261 do

561 5295 816 5353 mestico
869 5295 1154 5351 vestiario
1185 5294 1447 5365 potentis
1491 5300 1547 5350 et
1601 5295 1793 5351 sancti
1835 5296 2020 5351 nostri
2066 5296 2222 5365 regis

561 5384 811 5442 domino
869 5385 1070 5440 Alexio
1129 5384 1428 5455 Rogerio;
1491 5383 1729 5440 sebasto
1782 5390 1836 5440 et
1891 5385 2220 5440 domestico

559 5474 840 5531 vestiario
870 5474 1130 5549 potentis
1174 5478 1229 5530 et
1261 5473 1452 5530 sancti
1491 5473 1680 5529 nostri
1728 5475 1886 5542 regis
1937 5483 1992 5530 et
2049 5475 2139 5529 (τι)
2168 5491 2218 5529 r-

561 5564 778 5625 tulario
843 5565 1094 5624 domino
1155 5564 1501 5622 Andronico
1563 5563 1956 5634 Lombardo;
2016 5571 2218 5638 proto-

2351 4583 2687 4660 Ἀνδρονίκου
2715 4595 2806 4639 τοῦ
2834 4591 3003 4640 Δούκα
3026 4606 3037 4618 ·
3070 4597 3162 4640 τοῦ
3191 4587 3431 4661 γαμϐρου
3465 4597 3555 4641 τοῦ
3585 4597 3834 4662 κραταιου
3859 4595 3955 4641 καὶ

2346 4674 2500 4746 ἁγίου
2531 4677 2677 4746 ἡμῶν
2711 4675 2991 4748 βασιλέως,
3016 4687 3107 4730 τοῦ
3126 4677 3386 4730 σεϐαστοῦ
3411 4686 3572 4754 κυροῦ
3598 4679 3833 4732 Ἰωάννου
3855 4688 3951 4730 τοῦ

2347 4765 2784 4825 Καντακουζηνοῦ
2819 4784 2831 4795 ·
2867 4776 2959 4818 τοῦ
2988 4767 3230 4839 γαμϐροῦ
3259 4776 3352 4819 τοῦ
3382 4777 3636 4840 κραταιοῦ
3682 4774 3770 4820 καὶ
3796 4769 3946 4839 ἁγίου

2342 4855 2487 4924 ἡμῶν
2519 4852 2802 4925 βασιλέως,
2831 4864 2992 4929 κυροῡ
3036 4862 3422 4908 Κωνσταντίνου
3459 4865 3549 4908 τοῦ
3599 4861 3767 4909 Δούκα
3795 4875 3806 4886 ⁸
3853 4865 3948 4908 τοῦ

2343 4941 2602 4995 σεϐαστοῦ
2629 4951 2791 5017 κυροῦ
2818 4941 3094 4997 Γουδελίου
3141 4954 3231 4998 τοῦ
3275 4942 3597 5006 Τζικανδίλη
3622 4962 3633 4973 ·
3664 4955 3754 4998 τοῦ
3787 4945 3948 4998 σεϐα-

2342 5039 2468 5083 στοῦ
2499 5037 2588 5084 καὶ
2609 5033 2836 5105 μεγάλου
2870 5034 3234 5108 ἐταιρειάρχου
3258 5044 3420 5109 κυροῦ
3449 5041 3705 5109 Γεωργίου
3727 5043 3817 5086 τοῦ
3842 5043 3948 5087 Πα-

2335 5119 2606 5192 λαιολόγου
2640 5143 2651 5155 ο
2684 5130 2775 5174 τοῦ
2810 5122 3068 5176 σεϐαστοῦ
3107 5134 3267 5198 κυροῦ
3309 5124 3546 5177 Ἰωάννου
3597 5133 3687 5176 τοῦ
3727 5128 3897 5177 Δούκα
3933 5149 3945 5160 ·

2334 5219 2424 5262 τοῦ
2458 5210 2716 5264 σεϐαστοῦ
2743 5218 2830 5265 καὶ
2858 5214 3048 5266 οἰκείου
3079 5213 3419 5288 βεστιαρίτου
3455 5223 3546 5266 τοῦ
3573 5224 3823 5287 κραταιοῦ
3853 5224 3949 5270 καὶ

2336 5299 2487 5370 ἁγίου
2523 5302 2668 5373 ἡμῶν
2701 5300 2982 5374 βασιλέως,
3015 5312 3176 5376 κυροῦ
3219 5304 3449 5366 Ἀλεξίου
3481 5312 3572 5356 τοῦ
3604 5304 3898 5378 Πετραλίφα
3931 5329 3943 5340 ·

2332 5396 2421 5439 τοῦ
2456 5388 2714 5441 σεϐαστοῦ
2740 5396 2828 5442 καὶ
2852 5392 3042 5444 οἰκείου
3077 5391 3416 5467 βεστιαρίτου
3439 5401 3531 5445 τοῦ
3572 5402 3825 5466 κραταιοῦ
3850 5402 3945 5449 καὶ

2331 5475 2484 5548 ἁγίου
2515 5481 2660 5550 ἡμῶν
2698 5477 2975 5552 βασιλέως,
2998 5490 3160 5554 κυροῖ)
3185 5483 3452 5534 Ίσαακίου
3480 5491 3572 5536 τοῦ
3611 5487 3779 5536 Δούκα
3802 5505 3812 5515 ι
3846 5496 3942 5538 τοῦ

2331 5564 2591 5620 σεϐαστοῦ
2633 5573 2723 5620 καὶ.
2769 5569 2961 5622 οἰκείου
3015 5569 3360 5644 βεστιαρίτόυ
3401 5579 3495 5623 τοῦ
3546 5578 3800 5647 κραταιοῦ
3847 5576 3941 5628 καὶ
