4046 6310
630 269 737 327 239

630 391 805 449 diens
837 389 1159 447 Dominum
1188 387 1484 455 dicentem
1511 406 1523 444 :
1549 392 1722 446 Pater
1748 405 1913 448 mem
1965 389 2165 458 major
2192 398 2286 443 me

630 489 733 553 est,
758 482 854 538 aio
884 479 948 537 id
965 479 1044 537 ab
1075 495 1146 536 eo
1167 478 1281 534 dici
1313 478 1495 534 etiam
1521 479 1855 535 secundum
1902 481 2283 549 assumptam

627 570 965 627 humanam
994 573 1293 626 naturam.
1314 567 1782 639 Myrensisdixit:
1812 568 2283 638 Utinterpretan-

627 662 723 715 tur
749 662 993 714 sanctus
1040 655 1312 717 Basilius,
1361 660 1419 711 et
1460 654 1777 724 theologus
1835 655 2174 725 Gregorius,
2226 656 2284 707 et

628 747 1110 819 Chrysostomus,
1131 744 1212 800 sic
1234 750 1291 800 et
1311 760 1424 814 ego
1450 744 1564 800 hoc
1585 744 1828 800 effatum
1852 744 2207 816 interpretor
2226 745 2282 797 et

624 835 884 908 accipio:
928 834 1295 907 etquoniam
1322 833 1420 890 alii
1442 850 1686 907 quoque
1721 834 2064 907 complures
2091 830 2280 887 sancti

623 924 923 990 dixerunt,
948 921 1317 979 ceconomice
1347 922 1409 978 id
1439 940 1475 980 a
1505 923 1733 979 Christo
1769 924 2018 991 dictum,
2069 926 2278 995 quate-

620 1029 737 1070 nus
753 1028 973 1086 nempe
998 1013 1184 1069 homo
1215 1016 1325 1082 est,
1366 1028 1441 1068 ne
1492 1011 1587 1068 his
1618 1011 1864 1084 quidem
1910 1010 2276 1068 contradico.

688 1197 742 1250 4.
775 1192 1111 1250 Corinthius
1135 1191 1217 1248 ait
1244 1209 1256 1248 :
1288 1192 1568 1262 Major-em
1597 1193 1836 1248 Patrem
1871 1191 2138 1248 Christus
2193 1189 2254 1246 di

615 1282 719 1353 xit,
752 1283 931 1339 etiam
963 1286 1264 1354 quatenus
1290 1281 1616 1337 exinanivit
1634 1297 1723 1349 se,
1748 1285 1806 1338 et
1826 1297 2015 1353 usque
2044 1280 2123 1336 ad
2150 1296 2277 1336 cor-

615 1387 734 1445 pus
763 1388 824 1429 se
845 1370 1083 1427 demisit
1112 1375 1325 1443 sponte
1361 1370 1466 1443 qui
1530 1375 1656 1427 erat
1711 1370 2060 1440 altissimus,
2103 1371 2275 1425 susti-

615 1462 869 1535 nuitque
899 1475 1145 1516 carnem
1169 1459 1473 1531 suscipere
1494 1458 1831 1526 inconfuse,
1853 1459 2030 1515 incon
2041 1458 2275 1515 vertihi-

614 1548 766 1618 liter,
795 1547 1258 1618 indivisibiliter,
1278 1547 1673 1620 ejusdemque
1684 1549 1892 1621 recipit
1908 1548 2274 1604 oeconomica

613 1638 930 1712 passiones
961 1638 1090 1693 sine
1109 1641 1355 1709 peccato
1377 1653 1391 1703 ;
1410 1629 1668 1694 mortem
1694 1637 1955 1711 denique
1982 1637 2158 1694 nobis
2177 1654 2270 1694 sa-

612 1727 872 1785 lutarem
902 1732 960 1784 et
988 1743 1238 1785 causam
1284 1732 1504 1785 nostra;
1551 1728 2025 1797 resurrectionis,
2095 1727 2271 1799 cujus

614 1820 790 1874 antea
811 1832 917 1890 spe
939 1816 1315 1873 carebamus.
1351 1816 1729 1873 Atheniensis
1765 1816 1944 1872 dixit:
1999 1819 2272 1873 Servator

613 1909 816 1962 noster
846 1908 1020 1976 Deus,
1061 1903 1350 1962 ineﬂabili
1391 1905 1803 1962 misericordia
1838 1905 2031 1962 factus
2089 1905 2270 1962 etiam

612 1994 909 2069 perfectus
953 1994 1160 2062 homo,
1241 1992 1739 2068 quandoquidem
1803 1994 2270 2068 theanthropum

613 2083 875 2142 Verbum
925 2088 1035 2155 est,
1093 2098 1218 2140 una
1269 2084 1637 2157 hypostasis,
1686 2101 1932 2158 unaque
1989 2100 2269 2158 persona,

611 2178 855 2247 propter
881 2189 1188 2230 summam
1218 2172 1480 2229 duarum
1506 2180 1861 2231 naturarum
1901 2174 2272 2244 conjunctio-

610 2277 753 2319 nem
778 2279 792 2330 ;
815 2276 928 2332 ego
955 2261 1205 2334 quidem
1227 2278 1264 2318 a
1293 2262 1515 2318 sanctis
1536 2262 1734 2330 disco,
1761 2263 1927 2336 quod
1968 2269 2268 2336 quatenus

612 2355 702 2409 est
727 2350 1091 2423 hypostasis,
1115 2366 1313 2423 neque
1334 2351 1485 2408 Patri
1509 2351 1979 2425 cohaeretneque
2006 2353 2266 2425 Spiritui,

611 2453 810 2511 neque
833 2437 1011 2494 matri
1034 2438 1129 2496 vel
1158 2438 1352 2495 nobis.
1385 2441 1727 2497 Secundum
1771 2442 1949 2513 igitur
1991 2441 2267 2497 humani-

611 2529 821 2595 tatem,
853 2543 977 2600 qua
1000 2527 1178 2585 matri
1204 2528 1500 2600 nobisque
1525 2529 1954 2595 communicat,
1986 2530 2266 2586 existimo

611 2615 814 2688 ipsum
843 2614 1067 2672 dixisse
1094 2618 1324 2673 Patrem
1350 2617 1665 2689 majorem.
1688 2617 2030 2690 Amplector
2064 2624 2266 2674 autem

612 2707 961 2761 sanctorum
982 2720 1227 2777 quoque
1253 2704 1326 2761 de
1348 2705 1463 2762 hoc
1501 2706 1660 2763 dicto
1694 2708 2042 2764 sententias.
2076 2710 2265 2764 Mece-

613 2793 781 2851 sinus
813 2793 995 2850 dixit:
1046 2795 1329 2866 Major-em
1364 2795 1619 2865 _Patrem
1673 2796 1937 2870 appellat
1977 2796 2263 2855 Christus.

614 2882 788 2963 sicuti
818 2889 1039 2940 sanctas
1079 2884 1301 2956 synodi
1332 2889 1697 2958 sanctusque
1722 2885 1984 2943 afﬁrmat
2009 2891 2262 2958 Aposto-

610 2971 729 3028 lus.
756 2972 864 3029 Aio
888 2972 1067 3043 igitur
1104 2973 1401 3045 majorem
1426 2974 1648 3030 dixisse
1668 2977 1923 3046 Patrem,
1964 2981 2263 3048 quatenus

610 3061 792 3120 Filius
814 3077 1060 3119 carnem
1088 3068 1309 3120 nostras
1340 3063 1599 3120 similem
1629 3064 1741 3120 sibi
1763 3065 1976 3122 ascivit
2003 3081 2074 3121 ac
2130 3082 2264 3121 san-

611 3151 881 3222 guinem,
904 3156 962 3208 et
1007 3156 1310 3225 quatenus
1357 3158 1622 3209 creatam
1662 3159 1943 3210 naturam
1969 3153 2173 3221 habet,
2202 3155 2262 3208 in

609 3255 736 3313 qua
758 3240 940 3297 etiam
966 3255 1184 3313 passus
1231 3246 1336 3299 est.
1390 3241 1685 3298 Cretensis
1715 3241 1896 3298 dixit:
1946 3245 2066 3313 Ego
2121 3258 2261 3298 cun-

611 3331 738 3384 ctas
762 3331 1107 3384 sanctorum
1134 3330 1459 3386 sententias
1479 3345 1661 3401 super
1677 3329 2081 3401 eﬁ‘atogPater
2100 3346 2263 3387 meus

609 3420 812 3488 major
832 3432 926 3474 me
945 3424 1025 3474 est
1056 3419 1374 3490 recipiens,
1406 3435 1481 3476 ne
1513 3419 1679 3476 illam
1709 3420 1957 3494 quidem
2007 3422 2262 3494 repudio

608 3518 748 3580 qnas
774 3507 839 3563 id
868 3505 1139 3577 intelligit
1158 3508 1386 3565 dictum
1431 3509 1769 3567 secundum
1820 3510 2260 3567 humanitatem

606 3595 673 3653 id
709 3600 821 3663 est,
850 3597 1185 3653 secundum
1212 3597 1425 3653 Christi
1449 3602 1715 3655 creatam
1739 3604 2041 3667 naturam,
2065 3600 2262 3673 inqua

609 3685 790 3743 etiam
819 3700 1040 3759 passus
1070 3689 1185 3742 est:
1216 3687 1645 3760 consentioque
1676 3692 1732 3744 et
1771 3688 2072 3759 suffragor
2117 3706 2261 3746 con-

606 3774 775 3834 fratri
804 3792 943 3832 meo
984 3775 1364 3845 Heracliensi,
1413 3782 1470 3833 et
1510 3778 1889 3850 synodorum
1940 3783 2261 3837 sententias

607 3866 962 3939 amplector.
1012 3865 1357 3923 Secundum
1386 3865 1574 3924 verba
1619 3868 1913 3926 Cretensis
1946 3867 2094 3925 dixit
2130 3886 2260 3926 sen-

604 3954 853 4014 tentiam
874 3955 1052 4012 etiam
1064 3952 1511 4028 Trapezuntius.
1536 3957 1862 4013 Larissaaus
1879 3956 2026 4015 dixit
2042 3978 2054 4015 :
2070 3959 2261 4017 Verba

604 4047 782 4102 Pater
799 4059 962 4101 mens
986 4048 1185 4114 major
1204 4059 1297 4101 me
1316 4050 1419 4110 est,
1444 4043 1957 4118 deprehendimus
1978 4063 2014 4104 a
2036 4049 2259 4104 sanctis

602 4133 882 4204 theologo
913 4135 1214 4206 Gregorio,
1258 4151 1485 4207 magno
1519 4137 1753 4203 Basilio,
1811 4141 1869 4195 et
1915 4154 1951 4195 a
2009 4138 2253 4211 Chryso-

604 4225 802 4278 stomo
821 4221 1117 4279 intellecta
1145 4224 1481 4281 secundum
1505 4224 1852 4297 qualitatem
1884 4227 2257 4284 causativam

600 4309 1019 4383 honoremque
1046 4312 1253 4384 patris,
1286 4318 1342 4368 et
1361 4313 1542 4386 quasi
1571 4314 1649 4370 ob
1671 4316 2109 4388 discipulorum
2164 4334 2256 4371 so-

599 4397 815 4490 latium
834 4399 1010 4490 [dicta
1037 4400 1426 4490 fuerint.rSed
1472 4402 1618 4475 quia
1643 4403 1813 4475 Lnovi
1864 4420 1901 4460 a
1946 4405 2254 4462 nonnullis
2286 4437 2331 4490 Β
2363 4394 2493 4490 ξρδξ

599 4486 824 4544 sanctis
874 4487 1182 4559 afﬁrmari,
1246 4489 1333 4546 sic
1390 4490 1656 4548 locutum
1696 4492 1880 4548 fuisse
1931 4494 2252 4550 Dominum

598 4575 778 4633 etiam
798 4582 1043 4650 propter
1069 4577 1531 4647 humanitatem,
1565 4580 1643 4636 ad
1672 4597 1863 4654 quam
1886 4596 1947 4637 se
1988 4581 2249 4651 demisit,

595 4667 778 4737 atque
810 4672 877 4721 ut
904 4663 1190 4722 humanae
1214 4682 1337 4722 suas
1358 4671 1590 4723 naturas
1613 4667 1799 4725 ﬁdem
1828 4668 2067 4739 faceret,
2091 4671 2248 4729 hanc

595 4768 710 4825 ego
723 4768 969 4828 quoque
1003 4753 1337 4827 amplector
1366 4756 1746 4814 sententiam.

662 4940 719 4991 5.
768 4933 1125 4993 Rhodiensis
1147 4933 1331 4992 dixit:
1375 4935 1674 5001 Quoniam
1723 4937 1845 4994 scio
1894 4936 2243 4996 theanthro-

588 5039 739 5098 pum
777 5023 1047 5081 Verbum
1095 5024 1433 5082 secundum
1476 5027 1879 5083 oeconomiam
1908 5028 2099 5085 multa
2147 5030 2242 5086 di-

586 5113 978 5176 xisse,veluti
1028 5113 1178 5170 illud
1230 5114 1303 5172 de
1351 5115 1448 5170 die
1511 5121 1709 5172 autem
1739 5116 1852 5173 illa
1880 5123 2060 5189 atque
2089 5116 2242 5176 hora

583 5217 755 5258 nemo
786 5202 915 5270 scit,
965 5218 1156 5275 neque
1178 5203 1385 5275 angeli
1409 5219 1599 5275 neque
1623 5205 1822 5262 Filius
1847 5223 1860 5274 ;
1912 5206 2008 5261 aio
2038 5206 2237 5279 ipsum

584 5288 811 5346 dixisse
839 5291 981 5348 item
1014 5295 1189 5349 Pater
1210 5294 1402 5363 major
1423 5282 1516 5349 me
1544 5299 1628 5349 est
1653 5294 2042 5363 osconomice,
2069 5296 2131 5352 id
2152 5302 2239 5354 est

582 5378 919 5455 secundum
975 5385 1240 5438 creatam
1280 5396 1459 5439 suam
1512 5386 1836 5439 naturam:
1888 5384 2232 5458 accedoque

581 5470 931 5526 sanctorum
969 5467 1148 5526 etiam
1197 5468 1381 5542 hujus
1436 5469 1579 5528 dicti
1613 5470 2226 5547 interpretationibus,

1967 230 2241 320 NICETE
2279 262 2647 321 caesura:

2393 390 2609 445 κτίστην
2649 390 2827 459 φύσινο
2887 388 3229 462 Ὀ-Γαγγρῶν
3283 395 3418 441 εῑπεν
3446 380 3559 442 ότι.
3602 387 3867 452 Ἀκούσας
3926 398 4020 444 τοί

2396 480 2589 550 Κυρίου
2628 475 2885 547 λέγοντοςτ
2928 477 2985 528 Ὀ
3035 482 3217 551 Πατήρ
3272 496 3371 549 μου
3420 477 3639 549 ,μείζων
3700 482 3801 550 μού
3869 478 4020 547 ἐστι,

2390 563 2522 636 λέγω
2564 572 2719 617 τοῦτο
2782 566 3040 639 εἰρηκέναι
3096 566 3252 619 αὐτόν
3297 571 3386 617 καὶ
3433 568 3568 618 κατὰ
3610 571 3704 625 τὴν
3734 566 4020 643 ἀνθρωπί-

2389 670 2481 712 νην
2514 655 2667 726 φύσιν
2698 659 2792 713 τὴν
2834 655 2956 730 παρ’
3000 655 3163 708 αὐτοῦ
3206 654 3655 728 προσληφθεῖσαν.
3704 655 3760 708 Ὀ
3804 660 4020 731 Μύρων

2391 739 2527 795 εἶπεν
2576 745 2659 813 ὡς,
2717 746 2900 807 Καθὼς
2930 743 3201 818 ἑρμηνεύει
3238 752 3393 798 τοῦτο
3450 746 3474 798 6
3536 746 3680 817 οἱγιος
3730 746 4020 808 Βασίλειος

2389 836 2479 883 καὶ
2538 833 2563 884 6
2608 832 2873 905 ηΘεολόγος
2910 839 3203 909 Γρηγόριος
3253 839 3343 887 καὶ
3388 836 3414 886 6
3465 840 3872 909 Χρυσόστομος,
3927 835 4020 907 ἐρ-

2389 924 2594 994 μηνεύω
2639 931 2792 977 τοῦτο
2830 922 2973 996 κᾶγὼ
3027 928 3117 976 καὶ
3177 920 3430 996 δέχομαιο
3485 922 3592 978 ἐπεὶ
3633 921 3692 978 δὲ
3712 929 3803 978 καὶ
3828 925 4019 999 ἕτεροι

2387 1010 2566 1064 πολλοὶ
2624 1019 2726 1064 τῶν
2789 1012 2951 1085 ἁγίων
3018 1010 3159 1066 εἶπον
3193 1012 3533 1087 οἰκονομικῶς
3588 1021 3741 1067 τοῦτο
3797 1013 4016 1087 1529:5-

2387 1119 2472 1151 ναι
2535 1100 2656 1176 παρ’
2716 1101 2878 1155 αὐτοῦ
2944 1110 3181 1176 Χριστοῦ
3250 1105 3381 1155 καθὸ
3446 1107 3648 1177 γέγονεν
3696 1102 4011 1179 ἄνθρωπος,

2388 1184 2511 1241 οὐδὲ
2550 1192 2751 1252 τούτοις
2779 1192 3130 1263 ἐναντιοῦμαι.

2460 1273 2526 1332 δ’.
2592 1278 2651 1330 Ὀ
2720 1281 2972 1352 Κόρινθον
3035 1279 3170 1334 εἶπεν
3237 1282 3317 1333 ὅτι
3382 1280 3614 1342 Μείζονα
3668 1284 3752 1333 τόν
3780 1287 4014 1358 Πατέρα

2388 1370 2580 1440 εἴρηκε,
2634 1374 2724 1422 καὶ
2776 1371 3002 1422 καθόσον
3058 1372 3298 1423 ἐκένωσεν
3372 1371 3573 1437 ἑαυτὸν,
3617 1375 3707 1423 καί
3762 1371 4011 1430 κατῆλθε

2384 1462 2550 1532 μέχρι
2607 1462 2697 1510 καὶ
2748 1463 2987 1532 σώματος
3037 1458 3163 1511 ἑκὼν
3220 1461 3245 1511 6
3274 1458 3545 1531 ’ὕβρισε-ος,
3585 1465 3673 1513 καὶ
3729 1461 4006 1533 ἠνέσχετο

2387 1548 2558 1620 σάρκα
2614 1546 2925 1621 προσλαϐεῖν
2979 1546 3324 1620 ἀσυγχύτως,
3390 1547 3675 1623 ἀτρέπτως,
3741 1546 4004 1626 ἀδιαιρέ-

2381 1653 2496 1694 τωςο
2561 1640 2651 1687 καὶ
2702 1639 2771 1689 τὰ
2818 1645 3038 1690 τοιαῦτα
3106 1634 3404 1695 acritr/331nm
3465 1640 3608 1696 πάθη
3671 1635 4006 1702 κατεδέξατο

2313 1741 2350 1793 Β
2379 1722 2738 1797 οἰκονομικῶς·
2810 1731 2901 1779 καὶ
2967 1728 3185 1780 θάνατον
3255 1731 3514 1802 σωτήριον
3545 1729 3669 1800 ἡμῖν
3724 1732 3813 1780 καὶ
3855 1725 4003 1781 ἀνα-

2382 1815 2615 1876 στάσεως
2664 1814 2927 1889 πρόξενον,
2973 1817 3035 1878 ἧς
3089 1817 3183 1868 οὐκ
3240 1818 3452 1890 εἰχόμεν
3502 1814 3692 1871 ἐλπίδα
3712 1823 3999 1893 πρότερον,

2376 1901 2435 1953 Ὀ
2487 1902 2713 1960 Ἀθηνῶν
2773 1901 2929 1957 εἶπεν·
2995 1905 3054 1957 Ὀ
3095 1910 3270 1978 Σωτὴρ
3337 1907 3483 1979 ἡμῶν
3547 1911 3995 1980 Θεόςπγενόμε-

2376 2010 2456 2051 νος
2506 1987 2578 2045 δι’
2628 1993 2822 2065 ἄφατον
2871 1993 3004 2047 ἔλεον
3062 2000 3153 2046 καὶ
3202 1993 3468 2066 ἅνθρωπος
3526 1996 3736 2064 τέλειος,
3772 1994 3995 2055 ἐπειδὴ

2380 2080 2705 2150 θέανθρωπος
2744 2086 2813 2133 ὢν
2867 2087 3033 2152 Λόγος
3083 2087 3181 2155 μία
3243 2084 3535 2146 ὑπόστασίς
3596 2082 3710 2137 ἐστι
3772 2089 3868 2137 καὶ
3942 2087 3995 2138 ἓν

2377 2173 2652 2242 πρόσωπον
2712 2166 2805 2223 δια
2852 2175 2939 2229 τὴν
3003 2169 3166 2244 ἆκραν
3224 2172 3405 2224 ἕνωσιν
3450 2181 3548 2225 τῶν
3598 2169 3695 2226 δύο
3752 2176 3990 2245 φύσεων·

2376 2259 2619 2328 μανθάνω
2687 2256 2787 2310 ἀπὸ
2851 2268 2949 2312 τῶν
3015 2260 3171 2331 ἁγίων
3236 2262 3336 2326 ὅτι,
3406 2264 3473 2324 ὡς
3541 2264 3630 2335 μὲν
3679 2264 3996 2326 ὑπόστασις

2379 2348 2497 2398 οὔτε
2553 2355 2624 2418 τῷ
2664 2354 2833 2423 Πατρὶ
2877 2353 3195 2402 συνάπτεται
3241 2357 3331 2405 καὶ
3390 2360 3461 2423 τῷ
3529 2354 3811 2424 Πνεύματι,
3868 2357 3995 2406 οὔτε

2375 2443 2434 2508 τῇ
2498 2442 2659 2512 μητρὶ
2713 2442 2799 2488 καὶ
2856 2440 3002 2511 ἡμῖν·
3062 2443 3198 2491 κατὰ
3248 2447 3373 2512 γοῦν
3452 2444 3548 2499 τὴν
3606 2440 3993 2515 ἁνθρωπὸτητα

2374 2524 2495 2576 καθ’
2552 2526 2611 2583 ἦν
2658 2524 2978 2579 ἐπικοινωνεῖ
3017 2536 3076 2600 τῇ
3128 2532 3288 2602 μητρὶ
3344 2533 3434 2582 καὶ
3492 2531 3616 2603 ἡμῖν
3662 2533 3865 2602 νομίζω
3919 2531 3990 2583 εἰ-

2373 2617 2588 2684 ρηκέναι
2637 2614 2791 2665 αὐτόν
2843 2616 3058 2687 μείζονα
3112 2620 3200 2668 τόν
3260 2620 3480 2692 Πατέρα·
3565 2616 3883 2690 ἀσπάζομαι
3929 2617 3992 2671 δὲ

2373 2706 2464 2753 καὶ
2512 2705 2578 2754 τὰ
2633 2710 2750 2779 περὶ
2820 2713 2911 2756 του
2960 2708 3197 2758 τοιούτου
3228 2707 3387 2781 ῥητοῦ
3417 2715 3514 2759 τῶν
3563 2711 3724 2778 ἁγίων
3761 2707 3980 2783 ῥήσεις.

2372 2789 2429 2842 Ὀ
2472 2798 2738 2850 Μωκησου
2789 2792 2923 2847 εἶπεν
2978 2796 3059 2846 ὅτι
3124 2796 3355 2855 Μείζονα
3405 2795 3588 2849 ἑαυτοῦ
3636 2799 3723 2848 τόν
3772 2800 3993 2872 Πατέρα

2372 2878 2536 2947 καλεῖ,
2567 2884 2741 2944 καθὼς
2779 2884 2832 2935 αἱ
2861 2882 3010 2954 ἅγιαι
3057 2881 3272 2936 σύνοδοι
3320 2889 3409 2936 καὶ
3441 2886 3466 2936 6
3514 2885 3668 2955 ἅγιος
3717 2884 3985 2939 Ἀπόστο-

2370 2967 2457 3030 λος
2523 2966 2684 3026 εἷπον.
2717 2975 2865 3042 Λέγω
2924 2968 3011 3023 οὖν
3070 2973 3286 3046 μείζονα
3348 2974 3607 3046 εἰρηκέναι
3661 2973 3818 3026 αὐτόν
3896 2980 3988 3027 τόν

2371 3063 2578 3134 Πατέρα
2642 3063 2771 3113 καθὸ
2828 3067 3168 3120 κεκοινώνηκε
3240 3063 3623 3136 παραπλησίως
3666 3066 3790 3136 ἡμῖν
3858 3084 3989 3137 σαρ-

2369 3149 2454 3207 κός
2496 3152 2585 3199 καὶ
2640 3151 2879 3220 αἳματος,
2923 3154 3013 3202 καὶ
3074 3152 3210 3202 κατὰ
3253 3155 3345 3209 τήν
3405 3148 3456 3202 ἐν
3533 3150 3673 3221 αὐτῷ
3747 3157 3981 3210 κτιστὴν

2371 3238 2525 3306 φύσιν
2592 3237 2711 3289 καθ’
2795 3236 2854 3295 ἢν
2923 3243 3015 3290 κηὶ
3072 3240 3336 3291 πέπονθεν.
3415 3238 3474 3291 Ὀ
3538 3243 3749 3311 Κρήτης
3813 3237 3981 3292 εἶπεν·

2386 3317 2586 3397 Ἐγωγε
2629 3327 2801 3387 πασας
2862 3328 2952 3387 τὰς
3002 3328 3185 3401 ῥήσεις
3225 3336 3324 3379 τῶν
3382 3326 3542 3398 ἁγίων
3590 3329 3683 3390 τὰς
3711 3333 3834 3403 περί
3864 3336 3979 3395 τοῦ,

2379 3420 2422 3465 0
2490 3419 2670 3490 Πατήρ
2738 3434 2838 3487 μου
2927 3420 3120 3488 μείζων
3181 3415 3282 3489 μοῦ
3350 3415 3513 3479 ἐστιν,
3575 3412 3982 3490 ἀποδεχόμενος

2370 3497 2501 3555 οὸὃὲ
2527 3506 2585 3555 τό
2633 3506 2769 3556 κατὰ
2815 3507 2881 3556 τὰ
2948 3502 3273 3578 ἀνθρώπινον
3326 3502 3457 3558 εἶναι
3496 3506 3712 3578 μείζονα
3741 3503 3979 3579 ἀποπέμ-

2368 3610 2555 3663 πομαι,
2606 3595 2722 3650 ἤτοι
2766 3594 2904 3645 κατα
2957 3595 3052 3651 τὴν
3102 3592 3149 3644 ἐν
3192 3593 3329 3665 αὖτῴ
3372 3602 3443 3665 τῷ
3502 3601 3717 3668 Χριστῷ
3747 3600 3977 3653 κτιστὴν

2370 3683 2546 3753 φύσιν,
2595 3682 2712 3734 καθ’
2758 3685 2820 3740 ἣν
2874 3687 2965 3735 καὶ
3016 3684 3253 3736 πέπονθε·
3331 3691 3637 3758 συμφρονῶν
3688 3689 3780 3736 καὶ
3830 3704 3975 3758 συμ-

2369 3772 2713 3843 φθεγγόμενος
2755 3778 2827 3841 τῷ
2882 3768 3185 3845 συναδεὶφῳ
3221 3791 3321 3843 μου
3377 3780 3448 3842 τῷ
3501 3771 3829 3846 Ἡρακλείας·
3885 3779 3977 3825 καὶ

2368 3860 2434 3910 τὰ
2460 3857 2712 3930 λεχθέντα
2753 3862 2897 3933 παρὰ
2944 3868 3044 3912 τῶν
3105 3857 3338 3912 συνόδων
3368 3861 3859 3934 κατασπαζόμενος.
3892 3864 3973 3915 re

2368 3947 2502 3999 αὖτὰ
2570 3956 2641 3999 τῶ
2706 3953 2916 4021 Κρήτης
2967 3945 3073 4001 εἶπε
3119 3949 3283 4020 λέγειν
3338 3954 3428 4002 καὶ
3478 3951 3504 4002 6
3548 3952 3970 4025 Τραπεζοῦντος.

2364 4036 2424 4088 Ὀ
2480 4042 2761 4112 Λαρίσσης
2816 4033 2943 4090 εἴτι-ε’
2976 4041 3066 4103 Τὸ,
3119 4038 3177 4091 Ὀ
3241 4045 3419 4113 Πατήρ
3486 4059 3587 4113 μου
3639 4043 3832 4113 μείζων
3871 4044 3972 4113 μού

2366 4127 2528 4191 ἐστιν,
2586 4128 2890 4202 εὑρίσκομεν
2946 4125 3048 4178 ἀπὸ
3106 4136 3203 4179 τῶν
3248 4127 3430 4199 ἁγίων,
3483 4137 3576 4182 τοῦ
3606 4147 3661 4181 τι
3708 4130 3970 4201 Θεολόγου

2368 4219 2681 4288 Γρηγορίου,
2744 4222 2837 4267 τοῦ
2902 4216 3129 4288 μεγάλου
3198 4216 3467 4269 Βασι).είου
3492 4222 3583 4270 καὶ
3643 4226 3737 4270 τοῦ
3758 4226 3971 4293 Χρυσο-

2367 4306 2586 4374 στόμου,
2634 4307 2724 4355 καὶ
2743 4305 2879 4355 κατὰ
2905 4307 2964 4355 τό
3017 4308 3182 4357 αἴτιον
3207 4309 3297 4357 καὶ
3360 4302 3454 4358 διὰ
3514 4310 3608 4365 τὴν
3635 4310 3817 4379 τιμὴν,
3880 4310 3971 4358 καὶ

2590 4397 2917 4468 παρηγορίαν
2977 4402 3077 4444 τῶν
3155 4396 3404 4467 μαθητῶν
3479 4393 3923 4468 ἐκλαμϐανόμενον
3949 4437 3962 4449 .

2363 4479 2506 4532 Ἐπεὶ
2564 4482 2623 4533 δὲ
2679 4482 2903 4554 εὑρίσκω
2958 4484 3102 4545 τινὰς
3172 4492 3270 4536 τῶν
3327 4482 3487 4555 ἁγίων
3524 4482 3761 4555 λέγοντας
3830 4484 3969 4557 εἰρη-

2359 4573 2502 4621 κέναι
2564 4577 2719 4621 τοῦτο
2782 4572 2870 4621 τόν
2938 4574 3123 4646 Κύριον
3180 4577 3271 4624 καὶ
3324 4574 3463 4625 κατὰ
3520 4577 3579 4625 τό
3620 4571 3960 4647 ἀνθρώπινον,

2358 4659 2491 4710 καθὸ
2568 4654 2905 4711 ἐταπείνωσεν
2990 4660 3172 4713 ἑαυτὸν
3238 4664 3309 4724 ὡς
3374 4661 3527 4714 θελων
3584 4663 3963 4715 πιστώσασθαι

2354 4750 2448 4805 τὴν
2506 4744 2827 4821 ἀνθρωπείαν
2904 4752 3060 4822 φύσιν
3126 4753 3222 4809 τὴν
3296 4748 3347 4802 ἐν
3404 4749 3568 4822 αὐτῷ,
3645 4749 3960 4823 ἀσπάζομαι

2353 4842 2508 4888 τοῦτο
2540 4839 2630 4887 καὶ
2652 4835 2824 4898 αὐτός.
2866 4879 2883 4893 .

2423 4941 2479 4995 ε’·
2566 4942 2625 4994 Ὀ
2707 4939 2889 4997 Ῥόδου
2957 4939 3111 4997 εἶπεν·
3156 4946 3297 5000 Ἐπεὶ
3361 4946 3589 5021 εὑρίσκω
3671 4950 3758 4999 τὸν
3818 4948 3958 5001 θεάν-

2354 5033 2556 5106 θρωπον
2628 5037 2797 5104 Λόγον
2870 5032 3212 5107 οἰκονομικῶς
3267 5034 3480 5107 λέγοντα
3532 5034 3717 5104 πολλὰ,
3776 5036 3831 5100 ἒξ
3890 5030 3956 5086 ὧν

2349 5118 2464 5174 ἐστι
2524 5126 2614 5173 καὶ
2679 5125 2761 5191 τό,
2853 5128 2979 5196 Περὶ
3040 5132 3141 5186 τῆς
3196 5126 3389 5198 ἡμέρας
3454 5122 3653 5187 ἐκείνης
3712 5130 3804 5178 καὶ
3861 5132 3959 5185 τῆς

2347 5213 2481 5286 ὥρας
2541 5207 2718 5273 οὐδεὶς
2774 5206 2913 5263 οἶδεν
2971 5209 3144 5279 οὐδὲν,
3197 5210 3323 5266 οὐδε
3381 5216 3431 5266 οἱ
3497 5212 3710 5285 ἄγγελοι
3761 5210 3888 5267 οὐδὲ
3929 5214 3955 5265 ὁ

2345 5300 2491 5368 Υἱός,
2576 5297 2707 5371 λέγω
2775 5299 3035 5373 εἰρηκέναι
3102 5300 3257 5353 αὐτὸν
3322 5306 3412 5355 καὶ
3476 5305 3560 5369 τό,
3642 5302 3701 5355 Ὀ
3768 5306 3951 5376 Πατήρ

2342 5405 2442 5459 μου
2499 5391 2692 5459 μιιζων
2752 5392 2854 5461 μού
2920 5388 3081 5457 ἐστιν,
3112 5389 3473 5463 οἰκονομικῶς,
3512 5396 3755 5445 τουτέστι
3820 5393 3953 5444 κατὰ

2337 5479 2433 5537 τὴν
2497 5480 2716 5535 κτιστὴν
2774 5479 2929 5555 φύσιν
2982 5484 3076 5540 τὴν
3133 5477 3182 5533 ἐν
3238 5479 3398 5534 αὐτῶ·
3425 5482 3830 5560 προστιθέμενος
3858 5486 3948 5533 καὶ
