4046 6310
64 402 157 460 241

1400 394 1749 457 THESAURI
1785 397 1912 457 LIB.
1953 400 2108 459 XXV.

3337 398 3445 457 242

64 537 171 591 ταῖς
230 537 343 581 τῶν
402 527 569 600 ἁγίων
615 522 906 600 ἕξηγήσισι
959 533 1051 580 τοῦ
1101 528 1336 580 τοιούτου
1379 524 1564 600 ῥητοῦ.
1621 521 1680 575 Ὀ

1795 524 2369 601 Philippopolitanus
2390 523 2537 582 dixit
2565 538 2577 579 :
2612 520 2909 590 Quoniam
2938 520 3132 597 pridie
3162 537 3234 580 ex
3259 523 3447 581 eccle-

975 620 1115 671 Ἐπεὶ
1188 618 1324 669 κατὰ
1395 619 1487 673 τὴν
1551 616 1682 685 χθὲς

65 715 429 782 ταρεγτνόμην
459 708 562 761 ἀπὸ
605 717 704 771 τῆς
739 708 1035 781 λαχούσης,
1077 727 1163 780 με,
1214 711 1305 759 καὶ
1352 705 1443 758 οὐκ
1490 700 1682 761 ἐδυνή-

66 619 531 681 ῡῦλππουπολιως
598 615 736 671 εἶπεν
810 622 895 689 ὡς,

66 800 148 853 5r.-
195 801 377 873 εὑρεῖν
421 803 648 871 χρήσεις
699 806 799 849 τῶν
856 797 1016 869 ἁγίων
1072 801 1189 869 περὶ
1230 802 1320 847 τοῦ
1364 796 1680 865 ζητουμένου

59 889 244 961 ῥητοῦ,
299 887 440 958 λέγω
493 889 574 939 ὅτι
621 887 696 947 οἷς
741 883 881 938 εἶπον
918 887 967 937 οἱ
997 894 1265 957 φωστῆρες
1293 887 1383 935 καὶ
1413 877 1678 935 διδασκα-

59 976 131 1027 le:
188 977 379 1048 ἡμῶν,
431 978 533 1028 εἴτε
585 974 820 1045 ὑψηλῶς,
880 978 1042 1045 ἤγουν
1082 974 1216 1024 κατά
1271 975 1366 1030 τὴν
1417 972 1522 1023 οἰνω
1571 972 1682 1041 ’νίν-

58 1071 211 1123 νῆσιν
270 1063 404 1117 καθ’
456 1065 522 1123 ἣν
569 1069 661 1116 καὶ
696 1069 827 1136 τιμᾷ
872 1066 957 1115 τὸν
988 1066 1196 1136 Πατέρα
1222 1078 1235 1092 '
1287 1063 1386 1113 εἴτε
1416 1057 1680 1133 ἀνθρωπι-

60 1163 179 1216 κῶς,
239 1151 506 1212 δνσὶονότι
554 1157 690 1205 κατὰ
746 1158 842 1211 τὴν
895 1152 949 1205 ἐκ
997 1161 1087 1214 τῆς
1139 1153 1505 1224 ’Δειπαρθένου
1560 1153 1681 1221 γέν-

64 1264 235 1313 νξτιν,
296 1244 430 1295 καθ’
485 1243 545 1301 ἣν
606 1240 673 1300 δὴ
733 1242 1113 1317 παραπλησίως
1160 1243 1286 1313 ἡμῖν
1345 1244 1539 1315 σαρκὸς
1595 1242 1683 1291 καὶ

66 1334 284 1403 τίμια-ος
330 1338 700 1395 κεκοινώνηκε,
745 1336 839 1389 τὴν
889 1336 1108 1389 κτιστὴν
1155 1334 1311 1403 φύσιν
1357 1334 1447 1382 καὶ
1503 1330 1680 1386 παθη-

62 1428 146 1477 tta
214 1422 352 1473 καθ’
424 1420 488 1479 ἣν
550 1425 642 1472 καὶ
705 1421 923 1473 πέπονθε
976 1417 1415 1495 προσλαϐόμενος,
1477 1420 1683 1479 τούτοις

63 1512 386 1583 ονντίθεμαι
471 1514 563 1562 καὶ
645 1510 821 1571 αὐτὸς.
918 1509 977 1561 '0
1052 1509 1317 1563 Φι).ίππων
1393 1504 1527 1560 εἶπεν
1601 1509 1682 1558 ὅτι

62 1600 284 1661 ,διπλοῦς
360 1599 431 1650 ὧν
494 1600 519 1650 6
588 1601 810 1673 Χριστὸς
878 1597 931 1650 ἐκ
1000 1600 1141 1660 θείας
1204 1601 1295 1649 καὶ
1355 1596 1683 1669 ἀνθρωπίνης

66 1694 288 1760 sistas;
348 1688 573 1761 μείζονα
623 1691 711 1740 τὸν
768 1692 997 1761 Πατέραε
1026 1691 1201 1761 ιῖρηκε
1238 1688 1374 1739 κατὰ
1433 1690 1527 1744 τὴν
1587 1684 1679 1735 ἁνι-

66 1781 393 1850 ΰρωποτιςτα
437 1782 529 1830 καὶ
577 1782 670 1835 την
709 1777 882 1829 αἰτίαν
927 1782 1018 1829 καὶ
1064 1781 1160 1835 τὴν
1197 1779 1324 1848 πρὸς
1361 1778 1448 1827 τὸν
1476 1777 1681 1847 Πατέρα

1792 614 1879 671 sia
1906 631 2042 672 mea
2063 618 2179 672 huc
2200 615 2467 689 perveni,
2495 613 2890 686 nondumque
2910 614 3075 685 potui
3098 617 3446 671 sanctorum

1791 705 2173 761 auctoritates
2227 704 2301 763 de
2349 709 2739 761 controverso
2785 701 2945 758 dicto
2976 701 3290 772 nancisci;
3348 702 3446 760 aio

1792 808 1887 848 me
1919 794 2199 850 assentiri
2233 793 2542 851 sententiis
2572 808 2728 865 quas
2772 789 3210 847 illuminatores
3248 791 3444 863 magi-

1791 882 2014 955 strique
2050 884 2235 940 nostri
2282 883 2701 957 protulerunt;
2744 882 2912 954 quod
2953 881 3241 938 nimirum
3281 882 3445 938 Chri-

1792 978 1916 1026 stus
1950 972 2041 1028 vel
2071 973 2355 1028 divinitus
2388 972 2471 1028 sic
2501 972 2735 1028 Patrem
2769 972 3021 1027 honorat
3049 974 3295 1045 propter
3324 985 3444 1027 cae-

1790 1058 1996 1117 lestem
2062 1062 2500 1126 nativitatem;
2568 1060 2663 1116 vel
2734 1060 3085 1116 humanitus
3158 1059 3439 1133 loquitur,

1790 1157 2034 1221 propter
2061 1166 2235 1206 suam
2264 1166 2338 1207 ex
2367 1152 2658 1223 perpetua
2688 1148 2921 1217 Virgine
2954 1148 3342 1217 nativitatem,
3364 1148 3444 1205 ob

1789 1253 1975 1310 quam
2006 1256 2179 1312 aeque
2204 1255 2275 1295 ac
2305 1255 2419 1295 nos
2445 1239 2610 1295 carni
2641 1243 2696 1294 et
2724 1237 3006 1309 sanguini
3037 1237 3446 1294 communica-

1789 1333 1889 1397 νη,
1925 1335 2123 1384 creata
2147 1327 2830 1401 videlicetpassibilique
2861 1331 3077 1383 natura
3109 1330 3442 1401 assumpta,

1788 1413 1849 1468 in
1879 1432 2000 1487 qua
2025 1418 2206 1473 etiam
2232 1432 2450 1489 passus
2494 1422 2600 1474 est.
2634 1417 3029 1490 Philippensis
3062 1416 3210 1473 dixit
3244 1435 3258 1472 :
3293 1417 3444 1485 Quia

1789 1502 2015 1576 duplex
2038 1513 2128 1561 est
2154 1507 2419 1562 Christus
2449 1521 2522 1561 ex
2550 1505 2752 1563 divina
2777 1505 3171 1578 humanaque
3200 1512 3440 1571 natura,

1791 1593 2084 1665 majorem
2126 1598 2360 1652 Patrem
2401 1595 2551 1651 dixit
2594 1593 2935 1651 secundum
2980 1593 3440 1659 humanitatem,

1791 1692 1968 1754 atquc
2000 1684 2080 1739 ob
2111 1683 2459 1757 qualitatem
2485 1685 2860 1740 causativam
2889 1684 3303 1755 honoremque
3333 1697 3443 1755 pa-

1788 1774 1893 1829 tris
1919 1789 1931 1838 ;
1963 1772 2243 1846 quamvis
2271 1773 2468 1829 eidem
2497 1774 2571 1830 sit
2598 1773 2849 1846 aequalis
2869 1772 3206 1829 secundum
3235 1771 3445 1828 divini-

67 1873 239 1940 τιμὴν,
292 1870 421 1929 ἶσος
464 1867 533 1918 ὢν
589 1866 727 1938 αὐτῷ
775 1868 912 1919 κατὰ
956 1870 1050 1925 τὸν
1092 1868 1328 1924 ϐιότητα.
1365 1864 1426 1916 '0
1454 1860 1676 1937 Ἀδρια-

1790 1867 1994 1919 tatem.
2028 1863 2635 1935 Hadrianopolitanus
2660 1863 2807 1919 dixit
2838 1880 2852 1918 :
2888 1864 3000 1929 Qui
3027 1862 3193 1918 carni
3217 1867 3277 1919 et
3310 1876 3446 1918 san-

66 1958 361 2017 κνπόὶμιις
420 1957 560 2009 εἶπεν
588 1977 601 1989 ο
658 1956 718 2008 '0
773 1959 968 2031 σαρκὸς
1031 1960 1121 2007 καὶ
1185 1957 1407 2028 αἳματος
1453 1954 1678 2027 ὑπερου-

68 2052 187 2107 sia;
255 2051 677 2114 κεκοινωνηκὼς,
739 2050 920 2104 καινήν
985 2063 1098 2096 τινα
1163 2041 1471 2118 θιανδρικὴν
1538 2040 1677 2115 ἔνερ-

70 2155 205 2205 ῖειαν
266 2137 406 2206 ἡμῖν
461 2134 907 2207 πεπολιτευμένος,
960 2133 1066 2205 οὐχ
1131 2136 1194 2193 ὡς
1259 2136 1329 2204 μὴ
1390 2133 1675 2204 ἄνθρωπος,

71 2223 174 2287 ill,
210 2227 286 2286 ὡς
340 2222 397 2286 ἐξ
454 2221 757 2298 ἀνθρώπων,
818 2221 1099 2296 ἀνθρώπων
1152 2221 1404 2290 ἰπέκεινα,
1464 2220 1679 2293 μείζονα

70 2316 252 2364 ἑαυτοῦ
304 2315 398 2363 τὸν
439 2315 647 2386 Πατέρα
688 2307 816 2376 εἷπε,
866 2312 1042 2371 καθὼς
1083 2311 1109 2361 6
1153 2314 1313 2382 μέγας
1368 2313 1675 2384 Χρυσόστο-

69 2420 177 2468 ιειος,
210 2404 307 2451 καί
338 2400 367 2450 6
408 2398 787 2461 Πηλουσιώτης
827 2396 1100 2471 Ἰσίδωρος
1138 2396 1552 2473 ὶφηρμήνινσαν,
1591 2401 1676 2449 ναὶ

69 2494 165 2558 μὲν
219 2493 318 2541 καὶ
378 2489 405 2540 6
456 2489 714 2548 θειότατος
763 2487 1031 2562 Κύριλλος.
1084 2491 1233 2559 Λέγω
1290 2483 1348 2539 δὲ
1386 2489 1467 2538 ὃτι
1507 2489 1678 2561 εἶρηκι

68 2588 212 2630 τοῦτο
269 2583 372 2630 καὶ
421 2580 493 2640 ὡς
545 2578 815 2653 ἄνθρωπος
872 2574 968 2629 διὰ
1021 2581 1115 2635 τὴν
1173 2575 1222 2628 ὶν
1274 2576 1414 2646 αὐτῷ
1456 2580 1677 2633 κτιστην

72 2671 219 2737 φύσιν
268 2667 399 2719 καθ’
458 2665 522 2724 ἣν
578 2671 667 2719 καὶ
725 2667 992 2720 πέπονθεν.
1045 2671 1105 2718 '0
1161 2664 1487 2740 Ἱεραπόλιως
1541 2661 1677 2717 εἶπεν

72 2757 146 2807 ὅτι
184 2763 261 2829 Τῇ
307 2761 497 2829 γνώμῃ
539 2763 630 2809 τοῦ
662 2755 968 2829 Ἡρακλείας
1011 2758 1101 2807 καὶ
1144 2762 1236 2807 τοῦ
1294 2758 1500 2827 Κρήτης
1552 2752 1674 2805 ἁκο-

70 2844 231 2897 ὶονθῶ
304 2843 397 2897 ἐπὶ
462 2851 643 2898 πᾶσιν.
711 2844 770 2897 '0
837 2843 1137 2906 Μιτυλήνης
1204 2846 1295 2916 ἔφη
1367 2844 1470 2905 ὅτι,
1535 2843 1677 2896 Ἐπεὶ

74 2935 291 3007 τᾶρίσιω
372 2936 462 2985 τὸν
540 2936 702 3006 μέγαν
766 2932 1079 2985 Ἀπόοτολον
1156 2932 1370 3004 λέγοντα
1444 2933 1543 2998 ὅτι,
1618 2930 1677 2983 '0

74 3028 180 3082 Υιός
244 3030 349 3075 τοῦ
412 3029 549 3075 Θεοῦ
605 3020 845 3074 ἐκένωσεν
911 3022 1090 3074 ἑαυτὸν
1151 3020 1413 3083 ἀκινὼτως
1474 3024 1676 3093 μορφὴν

73 3108 253 3165 δούλου
298 3109 501 3178 λαϐὼν,
546 3109 680 3183 λέγω
731 3110 887 3164 εἰπεῖν
925 3113 1012 3163 τὸν
1052 3117 1269 3186 Σωτῆρα
1332 3113 1418 3162 τὸν
1472 3113 1679 3183 Πατέρα

72 3201 280 3271 μείζονα
336 3202 482 3252 κατὰ
525 3204 619 3258 τήν
668 3199 1047 3275 ἆνθρωπὸτητα
1100 3202 1220 3258 ἦτοι
1264 3204 1358 3257 τὴν
1414 3199 1676 3270 συγκατά-
1706 3227 1747 3282 C

72 3288 211 3342 ϐασιν
258 3293 364 3342 καὶ
415 3293 512 3347 τὴν
557 3293 794 3356 κένωσιν,
848 3290 1024 3351 καθὼς
1080 3290 1105 3341 6
1150 3289 1548 3363 θανματουργός
1590 3289 1678 3359 μέ-

69 3399 153 3448 γα
205 3384 515 3454 Γρηγόριος
566 3374 818 3431 διδάσκει
866 3397 948 3451 με,
1018 3382 1299 3453 Γρηγόριος
1356 3379 1382 3429 6
1433 3380 1673 3441 Νύσσης,

70 3476 148 3523 καὶ
212 3472 239 3522 ὁ
307 3470 473 3541 ἅγιος
538 3468 808 3544 uagam,
871 3473 962 3521 καὶ
1013 3469 1039 3520 6
1116 3468 1266 3539 ἅγιος
1321 3467 1671 3531 Ἀθσινοίσιος⁸

72 3563 215 3630 ξγουν
274 3562 423 3611 κατὰ
473 3562 569 3616 τὴν
614 3556 662 3610 ἐν
716 3559 859 3630 αὐτῷ
896 3559 1053 3631 φύσιν
1091 3561 1187 3615 τὴν
1236 3553 1546 3629 βαδίσασαν
1586 3562 1676 3609 καὶ

72 3651 428 3703 κοπιάσασαν.

130 3738 200 3794 3'.
235 3738 301 3791 '0
353 3741 481 3790 νέων
527 3743 742 3813 Πατρῶν
782 3733 890 3790 εἶπε
919 3753 930 3767 ·
979 3739 1050 3790 Τό
1090 3739 1326 3790 ταπεινὸν
1356 3743 1509 3789 τοῦτο
1530 3737 1677 3812 ῥῆμα

73 3835 141 3897 τά,
189 3829 254 3881 Ὁ
311 3832 502 3900 Πατήρ
551 3846 650 3899 μου
699 3827 891 3900 μείζων
942 3829 1042 3899 μού
1095 3825 1257 3896 ἐστιν,
1303 3826 1464 3887 οὕτως
1520 3825 1677 3877 εἰπεῖν

75 3926 161 3969 νοῶ
201 3921 294 3970 τὸν
351 3924 616 3989 Μονογενῆ
675 3917 792 3969 καθ’
842 3916 896 3969 ὃν
938 3915 1088 3989 λόγον
1132 3920 1222 3968 καὶ
1266 3917 1332 3967 τὰ
1382 3914 1539 3968 λοιπὰ
1577 3923 1676 3966 τῶν

77 4010 448 4083 ταπεινοτέρων
511 4002 737 4059 δέδωκεν
803 4005 989 4077 ἑαυτῷ,
1057 4010 1152 4064 τὴν
1214 4004 1508 4078 οἰκονομίαν
1574 4000 1680 4061 δη-

74 4094 235 4149 ).ονὸτι
297 4098 670 4169 πιστούμενος,
721 4100 814 4147 καὶ
869 4096 1131 4148 ὅτιλκατὰ
1182 4092 1425 4154 ἀλήθειαν
1481 4095 1677 4168 ἄνθρω-

76 4204 157 4248 πος
222 4190 463 4259 γέγονεν·
527 4184 589 4238 '0
648 4184 925 4258 Εὖχαίτων
992 4182 1100 4238 εἷπε
1130 4203 1143 4217 ’
1205 4188 1351 4256 Λέγω
1417 4186 1483 4245 ὡς
1546 4184 1682 4235 κατὰ

77 4280 127 4327 τό
173 4280 350 4330 αἶτιον
406 4279 500 4329 καὶ
539 4278 634 4335 τὴν
689 4279 849 4348 τιμὴν
886 4280 977 4328 καὶ
1021 4278 1152 4349 πρὸς
1208 4278 1536 4348 παρηγορίαν
1581 4282 1679 4326 τῶν

76 4368 320 4435 μαθητῶν
364 4369 455 4419 καὶ
494 4361 590 4419 διὰ
631 4369 727 4425 τὴν
780 4368 1030 4439 ἡμετέραν
1076 4367 1248 4439 σάρκα
1294 4363 1355 4422 ἣν
1409 4362 1677 4438 ἀνελάϐιτο

75 4446 459 4531 παραπλησίως
503 4455 632 4527 ἡμῖν
677 4458 998 4516 κοινωνήσας
1051 4456 1244 4527 σαρκὸς
1295 4457 1386 4506 καὶ
1432 4454 1675 4526 αἵματος.

73 4542 125 4597 '0
186 4541 557 4619 ’Λμάστριδος
623 4540 758 4597 εἶπεν
823 4546 905 4597 ὅτι
979 4540 1247 4617 Οὐδεμίαν
1309 4551 1512 4617 χρῆσιν
1577 4551 1676 4594 τῶν
1706 4578 1749 4633 D

77 4634 233 4706 ἁγίων
314 4634 716 4709 ἀποπέμπομαι,
798 4632 927 4687 ἀλλὰ
993 4634 1171 4697 πάσας
1242 4628 1619 4708 προσδέχομαι
1662 4652 1674 4665 ·

76 4731 161 4778 καὶ
233 4727 377 4777 κατά
435 4732 591 4778 τοῦτο
654 4731 754 4778 νοῶ
817 4725 899 4778 ὅτι
964 4719 1099 4777 εἶπεν
1160 4723 1188 4775 6
1263 4724 1450 4798 Κύριος
1531 4721 1678 4795 ἡμῶν

76 4814 283 4878 Ἰησοῦς
355 4818 589 4890 Χριστὸς
651 4815 733 4867 ὅτι
789 4812 851 4866 '0
916 4818 1096 4888 Πατήρ
1162 4830 1264 4886 μου
1329 4812 1521 4884 μείζων
1576 4810 1678 4883 μού

79 4901 207 4970 ἔστι,
246 4906 344 4956 καὶ
386 4904 523 4956 κατὰ
564 4905 624 4956 τὸ
673 4901 999 4979 ἀνθρώπινον
1027 4918 1041 4932 ⁶
1088 4899 1407 4978 ἀνθρώπινον
1442 4896 1502 4952 δὶ
1546 4897 1681 4971 λέγω

79 4998 166 5052 τὴν
233 4992 656 5067 συγκαταϐασιν,
720 4996 817 5052 τὴν
880 4994 1118 5058 κένωσιν,
1186 4994 1282 5049 τὴν
1343 4992 1677 5057 ταπείνωσιν,

79 5086 165 5137 καὶ
219 5087 280 5137 τὸ
344 5081 728 5155 παραπλησίως
790 5083 919 5154 ἡμῖν
974 5088 1293 5141 κοινωνῆσαι
1350 5082 1544 5155 σαρκὸς
1591 5081 1682 5130 καὶ

83 5174 291 5245 αἵματος
318 5188 335 5203 ο
393 5175 485 5225 καὶ
534 5173 672 5225 κατὰ
715 5171 805 5224 τὸν
853 5169 1004 5243 ἅγιον
1051 5171 1385 5236 Ἀθανάσιον,
1433 5166 1528 5222 διὰ
1585 5171 1680 5225 τὴν

86 5259 131 5312 ἓν
181 5262 322 5334 αὐτῷ
374 5265 595 5322 κτιστήν
642 5262 799 5334 φύσιν
846 5265 943 5320 τὴν
990 5261 1327 5313 κοπιάσασαν
1376 5263 1464 5311 καὶ
1517 5253 1680 5330 βαδί-

93 5368 267 5419 σασαν,
312 5351 436 5404 καθ’
484 5350 545 5410 ἣν
592 5355 685 5403 καὶ
722 5351 995 5408 πέπονθεν,
1033 5349 1093 5403 '0
1142 5347 1331 5408 Θηϐῶν
1380 5350 1471 5420 ἔφη
1522 5345 1683 5399 ’Ἐπεὶ

89 5444 165 5492 τὸν
208 5443 329 5496 Υἱον
388 5446 715 5513 συγκτίστην
780 5446 872 5494 καὶ
924 5436 1351 5514 σννδημιονργόν
1400 5444 1473 5508 τῷ
1519 5439 1680 5509 Πατρὶ

92 5526 223 5601 οἰδα,
268 5527 345 5585 δι’
388 5529 554 5584 αὐτοῦ
600 5532 704 5604 γὰρ
751 5535 842 5583 καὶ
889 5533 1010 5593 τοὺς
1047 5530 1232 5591 αἰῶνας
1265 5526 1527 5593 ἕποίησεν,
1568 5527 1685 5577 ἴσον

151 5729 199 5765 ³⁸
232 5728 489 5806 Philipp.
521 5743 588 5799 ιι,
616 5734 678 5787 7.

1790 1951 1956 2021 guini
1987 1952 2519 2024 supernatat-aliter
2546 1952 2938 2025 participavit,
2970 1966 3194 2008 novam
3225 1966 3442 2024 quam-

1788 2040 1931 2096 dam
1963 2040 2372 2097 theandricam
2399 2041 2808 2113 operationem
2830 2040 2995 2113 apud
3019 2055 3134 2097 nos
3163 2040 3441 2109 exaeruit,

1786 2145 1907 2185 non
1939 2129 2105 2202 quod
2143 2146 2267 2186 non
2310 2134 2466 2187 esset
2502 2131 2710 2196 homo,
2742 2129 2847 2186 sed
2875 2129 3055 2186 veluti
3080 2146 3155 2186 ex
3185 2128 3444 2185 homini-

1786 2219 1901 2274 bus
1931 2235 2115 2293 supra
2140 2220 2437 2288 homines,
2458 2220 2751 2292 majorem
2783 2223 3014 2276 Patrem
3044 2234 3233 2292 quam
3269 2233 3331 2274 se
3356 2217 3441 2274 di-

1786 2310 1890 2375 xit,
1919 2309 2091 2365 sicuti
2133 2326 2391 2380 magnus
2438 2308 2901 2382 Chrysostomus
2932 2311 2991 2365 et
3020 2306 3315 2364 Pelusiota
3344 2306 3443 2363 lsi-

1786 2399 1972 2454 dorus
2019 2398 2384 2470 interpretati
2425 2405 2583 2465 sunt,
2632 2399 2757 2455 imo
2807 2398 2989 2454 etiam
3032 2395 3288 2453 eximius
3333 2397 3442 2469 Cy-

1788 2489 1977 2545 rillus.
2034 2490 2140 2545 Aio
2171 2494 2371 2545 tamen
2407 2490 2703 2545 Christum
2730 2488 2792 2545 id
2822 2487 3043 2545 dixisse
3082 2487 3263 2544 etiam
3293 2501 3440 2560 qua-

1786 2583 1961 2633 tenus
1988 2577 2175 2633 homo
2206 2583 2365 2646 erat,
2383 2582 2626 2652 propter
2649 2582 2915 2634 creatam
2936 2592 3112 2633 suam
3133 2581 3439 2644 naturam,

1786 2666 1845 2721 in
1868 2682 1990 2738 qua
2019 2672 2073 2721 et
2111 2682 2331 2738 passus
2364 2672 2471 2723 est.
2506 2666 2983 2738 Hierapolitanus
3012 2666 3160 2723 dixit
3187 2681 3250 2721 se
3273 2680 3442 2737 pror-

1786 2773 1889 2811 sus
1934 2757 2219 2813 accedere
2264 2757 2345 2813 ad
2378 2757 2768 2813 Heracliensis
2799 2761 2856 2814 et
2884 2756 3176 2814 Cretensis
3202 2761 3439 2813 senten-

1786 2846 1951 2900 tiam.
1986 2844 2351 2917 Mitylenaeas
2391 2845 2576 2900 dixit:
2623 2844 2922 2911 Quoniam
2955 2845 3100 2901 novi
3143 2860 3439 2916 magnum

1784 2933 2140 3006 Apostolum
2178 2933 2477 2991 dicentem
2506 2936 2577 3002 ³³,
2603 2935 2769 3007 quod
2809 2934 2986 2991 Filius
3028 2934 3127 2989 Dei
3168 2934 3439 3008 seipsum

1786 3025 2117 3080 exinanivit
2140 3040 2393 3081 manens
2416 3025 2981 3092 inexhaustus,cum
3012 3024 3167 3080 servi
3183 3024 3437 3080 formam
3516 3072 3525 3080 .

1784 3114 2031 3186 accepit,
2063 3114 2160 3169 aio
2190 3129 2227 3169 a
2258 3116 2570 3170 Servatore
2594 3114 2818 3170 dictum
2860 3116 3092 3171 Patrem
3141 3113 3437 3184 majorem

1784 3204 2116 3260 secundum
2148 3204 2590 3261 humanitatem
2629 3204 2757 3259 sive
2795 3203 3226 3260 demissionem
3253 3208 3437 3277 atque

1783 3293 2274 3359 exinanitionem,
2305 3292 2829 3366 quemadmodum
2860 3308 2957 3349 me
3004 3292 3222 3349 docent
3259 3292 3436 3349 thau-

1782 3388 2097 3453 maturgus
2130 3384 2469 3453 Gregorius,
2494 3386 2800 3456 Nyssenus
2833 3383 3173 3453 Gregorius,
3193 3386 3437 3438 sanctus

1784 3472 2057 3545 Cyrillus,
2088 3477 2147 3529 et
2176 3477 2419 3529 sanctus
2457 3472 2824 3529 Athanasius
2859 3489 2873 3539 ;
2921 3471 3195 3528 videlicet
3217 3486 3435 3529 secun—

1781 3562 1927 3617 dum
1958 3560 2123 3617 illam
2152 3561 2284 3633 ejus
2307 3565 2587 3619 naturam
2605 3576 2741 3636 quas
2763 3559 3119 3618 ambulabat
3147 3564 3205 3617 et
3226 3558 3438 3630 fatiga-

1782 3650 1979 3707 batur.

1853 3744 1905 3797 6.
1953 3742 2368 3815 Neopatrensis
2414 3742 2607 3798 dixit:
2661 3741 2953 3797 Humilem
2988 3741 3146 3798 hanc
3183 3739 3433 3797 locutio-

1782 3846 1923 3886 nem
1948 3846 1962 3885 :
1994 3832 2179 3887 Pater
2204 3847 2366 3887 meus
2398 3834 2597 3903 major
2620 3846 2710 3887 me
2736 3837 2820 3887 est
2847 3829 3144 3903 prolatam
3171 3826 3435 3897 intelligo

1785 3920 1865 3975 ab
1885 3920 2203 3991 Unigenito
2233 3921 2446 3977 eadem
2478 3922 2705 3977 ratione
2734 3935 2858 3992 qua
2887 3924 3134 3975 cteteras
3162 3916 3438 3972 humilio~

1783 4025 1879 4065 res
1911 4015 2112 4082 partes
2140 4008 2256 4065 sibi
2278 4008 2854 4072 attribuit,videlicet
2876 4013 2937 4064 ut
2958 4005 3436 4063 incarnationem

1785 4114 1960 4154 suam
2008 4102 2340 4167 testaretur,
2374 4102 2431 4153 et
2458 4098 2623 4171 quod
2655 4098 2840 4153 homo
2868 4110 3083 4169 reapse
3108 4094 3434 4151 exsisteret.

1786 4187 2195 4244 Euchaitensis
2226 4187 2411 4243 dixit:
2456 4187 2562 4243 Aio
2593 4186 2673 4241 sic
2720 4185 2989 4243 locutum
3018 4186 3196 4242 fuisse
3222 4199 3435 4241 secun-

1784 4277 1929 4332 dum
1977 4275 2347 4333 causativam
2393 4275 2743 4350 qualitatem
2776 4276 3192 4348 honoremque
3230 4274 3432 4337 Patris,

1785 4370 1839 4422 ct
1868 4365 1948 4422 ob
1978 4364 2412 4438 discipulorum
2453 4364 2756 4433 solatium,
2790 4369 2845 4421 et
2883 4369 3128 4439 propter
3162 4367 3436 4420 nostram

1786 4471 1973 4527 quam
2020 4455 2149 4528 ipse
2200 4459 2609 4528 assumpserat
2654 4468 2919 4522 carnem,
2978 4453 3434 4510 communicans

1786 4561 1957 4619 aeque
1987 4561 2058 4602 ac
2090 4560 2203 4601 nos
2242 4546 2407 4601 carni
2448 4550 2506 4602 et
2550 4545 2849 4617 sanguini.
2894 4544 3308 4602 Amasti-ianus
3351 4541 3437 4598 di-

1783 4636 1868 4692 xit
1893 4652 1905 4690 :
1941 4634 2175 4692 Nullam
2206 4650 2238 4691 e
2267 4634 2440 4691 dictis
2460 4635 2623 4708 apud
2653 4640 2897 4693 sanctos
2929 4634 3236 4692 sententiis
3262 4648 3439 4707 repu-

1784 4724 1905 4797 dio,
1952 4723 2059 4779 sed
2104 4728 2353 4781 cunctas
2399 4724 2771 4798 amplector;
2820 4729 2879 4781 et
2924 4724 3260 4781 secundum
3306 4722 3438 4778 illas

1784 4813 2063 4869 existimo
2102 4812 2319 4869 dixisse
2359 4814 2678 4870 Dominum
2718 4816 2991 4870 nostrum
3031 4816 3232 4869 Iesum
3270 4809 3437 4865 Chri-

1784 4906 1938 4958 tum:
1972 4903 2162 4959 Pater
2179 4917 2340 4959 meus
2363 4904 2560 4973 major
2579 4908 2782 4974 meest,
2798 4906 2857 4959 et
2871 4900 3203 4957 secundum
3224 4899 3437 4954 huma-

1786 4990 2036 5048 nitatem
2069 5010 2083 5060 ;
2116 4990 2555 5047 humanitatem
2581 4996 2784 5048 autem
2813 4990 2947 5047 dico
2985 4986 3436 5056 demissionem,

1784 5080 2277 5151 exinanitionem,
2336 5079 2839 5146 humiliationem,
2878 5082 3217 5150 nostraeque
3238 5076 3438 5131 carnis

1787 5174 1845 5226 et
1894 5168 2210 5240 sanguinis
2262 5167 2821 5242 participationem;
2878 5171 3060 5238 atque
3115 5168 3180 5220 ut
3239 5168 3440 5221 censet

1787 5263 2034 5315 sanctus
2054 5258 2442 5326 Athanasius,
2455 5263 2701 5332 propter
2712 5261 2974 5313 creatam
2987 5254 3036 5325 ej
3050 5271 3117 5309 us
3135 5258 3437 5327 naturam,

1787 5364 1923 5423 quae
1952 5347 2273 5405 laborabat
2292 5352 2348 5404 et
2377 5347 2758 5417 fatigabatur,
2787 5345 2847 5401 in
2873 5358 2997 5417 qua
3025 5343 3204 5400 etiam
3224 5359 3442 5417 passus

1790 5443 1901 5495 est.
1930 5438 2249 5496 Thebanus
2278 5438 2472 5495 dixit:
2517 5435 2812 5503 Quoniam
2857 5434 3067 5491 Filium
3111 5439 3441 5491 creatorem

1792 5531 2220 5602 auctoremque
2249 5543 2447 5585 rerum
2481 5541 2601 5581 una
2629 5540 2763 5581 cum
2789 5527 2954 5580 Patre
2974 5523 3098 5580 scio
3130 5541 3143 5579 :
3171 5540 3314 5582 nam
3337 5538 3444 5597 per
