4046 6310
583 375 689 437 243

586 586 886 660 aequalem
915 604 1151 646 censeo.
1188 590 1304 649 Sed
1324 593 1619 666 quoniam
1640 594 1791 651 dixit
1820 613 1833 655 :
1873 595 2055 652 Pater
2080 612 2243 652 meus

582 680 785 748 θηρίον
811 693 902 735 me
919 682 1022 749 est,
1044 682 1557 755 propositumque
1571 682 1763 757 pridie
1793 685 1901 741 fuit
1926 690 1988 743 ut
2018 686 2247 758 disqui-

580 770 811 823 reretur
833 783 1106 840 quaenam
1131 770 1246 827 hac
1267 770 1342 827 de
1363 787 1431 827 re
1445 772 1880 830 nonnullorum
1893 780 2242 831 sanctorum

581 870 757 913 mens
802 856 1053 925 fuisset;
1103 873 1321 916 censeo
1368 860 1429 917 id
1472 861 1703 919 dictum
1734 862 1916 919 fuisse
1947 879 1983 919 a
2013 863 2243 921 Christo

581 944 766 1003 etiam
806 946 1146 1002 secundum
1179 946 1620 1006 humanitatem
1663 955 1721 1006 et
1761 950 2241 1007 humiliationem

580 1032 920 1107 miramque
932 1034 1362 1093 demissionem
1376 1037 1452 1094 ad
1463 1037 1800 1096 humanam
1812 1055 1998 1112 quam
2015 1056 2243 1095 assum~

582 1124 703 1196 psit
729 1129 1035 1194 naturam,
1063 1125 1124 1181 in
1155 1141 1279 1197 qua
1306 1142 1429 1183 non
1452 1143 1629 1184 secus
1647 1134 1828 1201 atque
1856 1146 1969 1186 nos
1996 1130 2163 1185 carni
2187 1135 2244 1189 et

583 1212 869 1283 sanguini
908 1214 1307 1287 participavit.
1358 1217 1657 1273 Serrensis
1703 1218 1898 1275 dixit:
1945 1218 2243 1284 Quoniam

582 1302 998 1372 evangelicum
1015 1304 1129 1360 hoc
1151 1304 1377 1361 dictum
1398 1322 1411 1360 :
1436 1307 1617 1364 Pater
1630 1322 1794 1365 meus
1809 1310 2011 1378 major
2024 1322 2116 1364 me
2135 1313 2241 1377 est,

583 1391 773 1447 sancti
799 1394 999 1449 Patres
1030 1393 1131 1450 alii
1160 1393 1331 1450 aliter
1360 1394 1727 1468 interpretati
1768 1402 1911 1454 sunt
1939 1415 1953 1463 ;
1995 1403 2053 1453 et
2089 1412 2241 1469 quo-

516 1556 519 1559 _
580 1480 749 1539 niam
775 1481 994 1538 horum
1022 1483 1299 1541 nonnulli
1327 1486 1504 1542 etiam
1539 1486 1876 1543 secundum
1902 1486 2243 1544 humanita-

581 1573 707 1627 tem
736 1571 852 1628 hoc
880 1571 1067 1629 fuisse
1098 1572 1403 1645 prolatum
1432 1574 1836 1640 afﬁrmarunt,
1863 1577 2089 1649 recipio
2118 1594 2243 1633 am-

580 1658 929 1733 plectorque
959 1666 1208 1719 cunctas
1242 1669 1591 1722 sanctorum
1609 1666 1856 1723 Patrum
1887 1667 2237 1739 locutiones,

582 1763 829 1822 unaque
859 1749 1017 1809 hanc
1045 1767 1183 1824 quae
1213 1752 1441 1809 dictum
1470 1753 1648 1811 refert
1673 1755 1753 1812 ad
1780 1755 2241 1814 humanitatem.

1930 382 2196 438 NICE'LE
2239 380 2622 444 CHONMTE

583 494 789 569 ipsum
817 496 992 555 Pater
1028 498 1166 556 fecit
1188 503 1245 557 et
1276 502 1498 559 saecula
1525 520 1539 571 ;
1580 503 1805 563 idcirco
1843 502 2056 561 Filium
2085 505 2243 561 Patri

2365 508 2465 580 ἔχω
2511 520 2693 564 τοῦτον
2730 521 2801 584 τῷ
2845 514 3034 585 Πατρί.
3086 509 3227 562 Ἐπεὶ
3269 503 3321 560 δ’
3363 503 3499 559 εἶπεν
3547 507 3629 557 ὅτι
3670 505 3728 557 '0
3780 494 4003 563 ﬂat-1i"

3888 379 4032 439 264

3999 484 4032 515 ο

2352 616 2453 668 μου
2508 604 2697 671 μείζων
2746 604 2846 672 μού
2892 600 3024 665 ἐστι,
3084 602 3174 650 καὶ
3243 595 3483 652 ἐτυπὼθη
3548 603 3610 665 τῇ
3671 598 4031 667 προτεραίᾳ

2352 688 2793 750 κατεξετασθῆναι
2847 698 2958 751 πῶς
3009 707 3145 750 τινες
3206 694 3305 737 τῶν
3366 685 3530 756 ἁγίων
3594 685 3955 756 προσέθεντο
4006 698 4020 710 ⁸

2350 782 2440 829 καὶ
2490 783 2627 831 κατὰ
2682 784 2741 832 τὸ
2792 778 3110 853 ἀνθρώπινον
3156 784 3255 828 νοῶ
3303 782 3458 827 τοῦτο
3524 772 3767 848 εἰρῆσθαι
3841 772 4018 845 παρ’

2351 866 2509 918 αὐτοῦ
2554 864 2647 919 διὰ
2710 874 2805 927 τὴν
2862 873 3173 921 ταπείνωσιν
3225 869 3314 917 καὶ
3373 868 3468 920 τὴν
3522 864 3686 933 ἄκραν
3744 882 4016 933 συγκα-

2348 954 2569 1008 τάϐασιν
2622 961 2751 1030 πρὸς
2798 962 2890 1016 τὴν
2944 960 3099 1029 φύσιν
3139 974 3232 1012 την
3284 952 3606 1028 ἀνθρωπίνην
3656 951 3715 1009 ἣν
3764 971 3981 1025 προσε

2350 1044 2550 1113 λάϐετο,
2611 1047 2727 1099 καθ’
2780 1046 2839 1104 ἢν
2887 1044 3271 1120 παραπλησίως
3321 1045 3447 1114 ἡμῖν
3498 1044 3690 1116 σαρκὸς
3732 1045 3831 1093 καὶ
3904 1041 3981 1092 αἱ

2350 1153 2514 1205 ματος
2563 1142 2947 1193 κεκοινώνηκεν,
2999 1134 3057 1188 '0
3106 1133 3300 1207 Σερῥῶν
3354 1133 3489 1185 εἶπεν
3542 1133 3621 1183 ὅτι
3670 1134 3741 1182 Τὸ
3804 1130 4011 1200 εὔαν(-

2347 1222 2551 1295 γελικὸν
2602 1233 2756 1277 τοῦτο
2801 1226 2958 1299 ῥητὸν
3000 1228 3079 1295 τὸ,
3132 1222 3190 1275 '0
3240 1227 3419 1295 Πατήρ
3473 1239 3572 1292 μου
3616 1223 3809 1291 μείζων
3872 1223 4014 1291 μού

2350 1311 2482 1379 ἐστι,
2555 1309 2800 1388 διάφοροι
2862 1322 2961 1366 τῶν
3027 1312 3188 1382 ἁγίων
3248 1313 3488 1384 Πατάρων
3557 1304 3819 1382 διαφόρως
3891 1310 4011 1361 εὑ-

2348 1407 2572 1475 ρήκασιν
2599 1423 2611 1435 ·
2659 1402 2769 1454 ἐπεὶ
2822 1399 2881 1455 δε
2928 1421 3057 1461 τινες
3111 1403 3304 1453 τούτων
3347 1403 3437 1451 καὶ
3481 1399 3617 1450 κατὰ
3658 1401 3715 1449 τὸ
3765 1395 4017 1468 ἀνθρὼ-

2347 1509 2494 1542 πινον
2554 1488 2693 1543 εἷπον
2751 1491 3016 1563 εἰρῆσθαι,
3084 1486 3420 1561 ἀποδέχομαι
3478 1490 3569 1559 μεν
3631 1489 3717 1538 καὶ
3783 1484 4008 1538 ἀσπά-

2352 1580 2512 1652 ζομαι
2585 1583 2760 1643 πάσας
2839 1583 2935 1642 τὰς
3008 1588 3109 1632 τῶν
3185 1578 3347 1649 ἁγίων
3445 1581 3680 1650 Πατέρων
3764 1578 4005 1646 φωνὰς,

2352 1667 2481 1720 ἀλλά
2539 1666 2607 1727 δή
2664 1674 2753 1721 καί
2798 1672 2996 1727 τλιύτην
3049 1673 3146 1726 τήν
3203 1669 3341 1720 κατὰ
3390 1670 3449 1719 τὸ
3507 1664 3828 1738 ἀνθρώπινον
3907 1663 4007 1716 λέ-

2350 1778 2572 1830 γουσαν.
2657 1758 3002 1835 Ἀνθρώπινον
3089 1754 3149 1810 δὲ
3215 1760 3344 1827 λέγω
3414 1760 3508 1814 τὴν
3575 1754 3625 1807 ἐν
3678 1754 3818 1824 αὐτῷ
3909 1761 4006 1823 τῷ

583 1835 771 1895 Porro
809 1840 1252 1898 humanitatem
1299 1842 1567 1914 intelligo
1605 1848 1872 1902 creatam
1914 1844 1977 1901 in
2011 1845 2242 1902 Christo

2365 1855 2563 1921 Χριστῷ
2612 1853 2834 1906 κτιστὴν
2886 1850 3062 1919 φύσιν,
3118 1847 3234 1898 καθ’
3290 1844 3349 1904 ἢν
3393 1843 3776 1917 «agminatim;
3834 1845 4005 1914 ἡμῖν

583 1931 890 2001 naturam,
927 1931 992 1986 in
1039 1947 1162 2004 qua
1211 1947 1384 2004 reque
1426 1948 1498 1989 ac
1535 1948 1647 1991 nos
1676 1934 1845 1992 carni
1873 1940 1931 1992 et
1962 1934 2245 2004 sanguini

584 2019 1082 2076 communicavit.

656 2113 710 2163 7.
761 2109 1037 2166 [Enensis
1087 2109 1282 2168 dixit:
1324 2111 1560 2169 Domini
1606 2116 1667 2169 et
1703 2114 1805 2170 Dei
1834 2112 2247 2170 etServatoris

585 2199 779 2257 nostri
806 2201 945 2256 Jesu
970 2199 1183 2258 Christi
1221 2216 1556 2267 sermones,
1591 2202 1777 2258 modo
1806 2202 2248 2260 humanitatem

587 2292 882 2363 spectant,
931 2290 1117 2347 modo
1168 2291 1525 2347 sententiam
1562 2292 1642 2347 ad
1684 2291 2058 2347 divinitatem
2104 2290 2248 2346 diri-

589 2384 760 2450 gunt.
793 2382 941 2436 Cum
970 2380 1153 2449 igitur
1180 2380 1618 2439 humanitatem
1656 2381 2076 2454 respiciebant,
2109 2385 2249 2438 tunc

593 2471 869 2528 Servator
914 2470 1213 2539 majorem
1258 2472 1493 2527 Patrem
1533 2471 1950 2537 conﬁtebatur,
2000 2476 2066 2526 ut
2100 2487 2248 2525 verae

590 2558 1022 2616 incarnationis
1046 2558 1232 2615 ﬁdem
1247 2558 1488 2617 faceret.
1514 2562 1634 2616 Hoc
1652 2564 1854 2616 autem
1873 2560 1962 2615 sic
1989 2559 2249 2632 afﬁrmo,

592 2651 660 2705 ut
713 2651 957 2704 caeteras
1004 2663 1128 2705 non
1172 2663 1459 2720 respuam
1509 2654 1861 2705 sanctorum
1908 2649 2247 2722 opiniones.

596 2736 944 2793 Dristrensis
991 2738 1187 2809 primo
1233 2737 1483 2809 quidem
1521 2737 1749 2795 dixerat
1798 2754 1860 2794 se
1900 2754 2038 2794 cum
2081 2738 2252 2794 Athe-

595 2825 790 2882 niensi
810 2826 1191 2898 metropolita
1219 2826 1553 2883 consentire
1581 2843 1594 2882 :
1626 2826 1844 2883 deinde
1862 2827 2067 2883 audita
2090 2842 2150 2882 re
2163 2843 2253 2884 ve-

595 2915 945 2973 rendissimi
975 2920 1033 2972 et
1059 2915 1267 2985 magni
1290 2916 1588 2972 (economi
1620 2917 1932 2983 sententia,
1965 2919 2049 2973 ait
2079 2932 2144 2972 se
2176 2916 2254 2972 ab

598 3006 977 3063 Atheniensis
1008 3011 1206 3063 mente
1232 3006 1560 3073 discedere,
1583 3012 1765 3079 atque
1794 3006 1869 3062 ad
1891 3007 2258 3063 reverendis-

600 3095 739 3152 simi
769 3097 1126 3153 sententiam
1159 3094 1444 3153 accedere
1487 3112 1745 3169 eamque
1791 3097 1984 3168 sequi.
2037 3099 2257 3169 Corcy-

2356 1941 2548 2012 σοιρκὸς
2577 1943 2667 1990 καὶ
2693 1939 2917 2010 αἳματος
2941 1942 3323 1994 κεκοινώνηκεν.

2428 2114 2493 2176 ξ’.
2530 2115 2591 2168 Ὀ
2639 2118 2794 2168 Αἴνου
2832 2110 2966 2167 εἶπεν
2998 2132 3011 2145 ο
3054 2116 3119 2166 Οἱ
3158 2120 3248 2166 τοῦ
3294 2116 3489 2185 Κυρίου
3542 2116 3631 2163 καὶ
3683 2117 3819 2164 Θεοῦ
3883 2113 4000 2161 καὶ

2355 2213 2589 2279 Σωτῆρος
2671 2207 2818 2276 ἡμῶν
2900 2205 3078 2262 Ἰησοῦ
3160 2209 3386 2275 Χριοτοῠ
3458 2201 3604 2271 λόγοι
3671 2202 3794 2252 ποτε
3882 2202 3998 2271 μὲν

2355 2298 2487 2368 πρὸς
2546 2297 2606 2345 τὸ
2666 2292 2984 2368 ἀνθρώπινον
3047 2291 3308 2364 ἀφεώρων,
3372 2292 3496 2343 ποτε
3560 2286 3620 2341 δὲ
3700 2292 3830 2362 πρὸς
3922 2292 3997 2340 τὸ

2360 2385 2491 2436 θεῖον
2538 2382 2926 2457 ὶχειραγώγουν
2969 2386 3058 2440 τὴν
3108 2377 3365 2433 διάνοιαν.
3412 2376 3534 2432 ’Ὁτε
3566 2386 3691 2449 γοῦν
3734 2381 3870 2451 πρὸς
3924 2381 4001 2429 τὸ

2360 2471 2681 2547 ἀνθρώπινον
2758 2469 3097 2537 ἀπετείνοντο,
3170 2474 3286 2522 τότε
3361 2470 3387 2520 ὁ
3461 2472 3640 2539 Σωτὴρ
3712 2466 4002 2538 ὡμολόγει

2360 2564 2449 2613 τὸν
2502 2565 2709 2633 Πατέρα
2760 2561 2975 2633 μείζονα
3031 2559 3238 2625 ἑαυτοῦ,
3286 2560 3633 2629 πιστούμενος
3686 2560 3780 2613 τὴν
3830 2554 4003 2607 οἰκο-

2359 2654 2569 2721 νομίαν.
2616 2654 2766 2720 Λέγω
2820 2645 2877 2701 δὲ
2922 2654 3075 2700 τοῦτο
3114 2650 3245 2719 μετὰ
3285 2655 3386 2698 τῶν
3435 2645 3596 2698 ἄλλων
3640 2646 3707 2695 ὧν
3740 2646 3789 2696 οἱ
3827 2645 4002 2715 ἅγιοι

2362 2738 2619 2809 λέγουσιν.
2672 2738 2729 2790 Ὀ
2774 2744 3033 2810 Δρίστρας
3089 2745 3272 2810 πρῶτοι
3331 2738 3421 2808 μὲν
3478 2733 3611 2787 εἶπεν
3670 2735 4003 2805 ὁμογρὸνως

2363 2835 2561 2901 φρονεῖν
2616 2835 2685 2897 τῷ
2748 2826 3106 2901 μητροπολίτη
3176 2825 3405 2882 Ἀθηνῶν
3440 2844 3453 2857 ·
3522 2822 3630 2875 ἐπεὶ
3692 2818 3751 2873 δὲ
3821 2822 3999 2875 ὕστεο

2362 2935 2450 2990 ρον
2518 2916 2818 2989 ἠκροάσατο
2877 2924 2972 2975 τῆς
3013 2920 3224 2985 γνώμης
3275 2920 3368 2964 τοῦ
3425 2914 3709 2985 ὑπερτίμου
3752 2916 3849 2963 καὶ
3895 2930 3995 2983 με·

2361 3006 2523 3078 γάλου
2569 3006 2859 3077 οἰκονομου,
2920 3002 3220 3077 μεταϐαλὼν
3269 2999 3424 3067 εἶπεν,
3486 3000 3812 3073 ἀφίστασθαι
3890 3006 3996 3074 μὲν

2362 3102 2459 3156 τῆς
2509 3101 2601 3146 τοῦ
2652 3095 2877 3150 Ἀθηνῶν
2938 3097 3168 3164 γνώμης,
3216 3091 3591 3165 προστίθεσθαι
3641 3086 3701 3141 δε
3753 3097 3819 3154 τῇ
3888 3097 3995 3141 του

597 3185 790 3241 rensis
822 3185 973 3243 dixit
998 3203 1015 3240 :
1050 3185 1466 3257 Comperimus
1491 3185 1552 3242 in
1580 3186 1907 3255 evangeliis
1935 3203 1972 3242 a
2005 3186 2254 3265 Domino

2367 3185 2650 3257 ὑπερτίμου
2698 3189 2901 3254 γνώμη,
2946 3187 3036 3233 καὶ
3091 3183 3255 3253 ταύτῃ
3301 3187 3556 3250 στοιχεῖν.
3587 3178 3646 3230 Ὀ
3695 3181 3997 3251 Κερκύρων

599 3276 834 3331 Patrem
854 3275 1149 3345 majorem
1174 3274 1386 3342 dici,et
1411 3275 1598 3331 Deum
1623 3290 1868 3347 quoque
1899 3291 2097 3333 suum.
2118 3290 2257 3329 cum

603 3362 720 3421 ait:
746 3369 923 3420 Deum
944 3379 1137 3420 meum
1167 3370 1221 3421 et
1244 3366 1433 3420 Deum
1463 3371 1725 3421 vestrum
1748 3367 1818 3420 ⁸³.
1848 3365 2135 3421 Existimo
2158 3381 2261 3420 au-

600 3454 727 3508 tem
749 3451 1060 3524 utriusque
1085 3452 1364 3508 dictionis
1384 3468 1593 3525 parem
1621 3469 1756 3509 esse
1784 3455 1930 3510 vim.
1963 3454 2260 3520 Quoniam

603 3555 746 3597 vero
802 3542 1234 3610 Damascenus,
1283 3541 1387 3609 ait,
1434 3540 1787 3598 humanitus
1827 3558 1966 3598 cuin
2016 3539 2265 3598 mentali

607 3628 986 3685 distinctione
1036 3631 1222 3685 Deum
1269 3645 1443 3685 suum
1487 3630 1715 3686 dictum
1756 3646 1887 3686 esse
1938 3630 2173 3687 Patrem
2214 3646 2265 3686 -a

607 3717 863 3774 Domino
888 3717 1138 3785 ;eadem
1168 3717 1401 3774 ratione
1432 3733 1673 3789 censeo,
1701 3721 1991 3788 majorem
2021 3735 2265 3791 quoque

608 3807 979 3881 appellatum
1022 3808 1227 3863 fuisse.
1277 3808 1344 3862 Et
1388 3806 1568 3865 simul
1617 3809 1840 3881 recipio
1876 3814 2123 3865 cunctas
2151 3809 2265 3864 hac

607 3913 790 3970 super
812 3913 876 3954 re
906 3902 1251 3955 sanctorum
1279 3898 1524 3955 Patrum
1547 3897 1897 3968 sententias,
1915 3898 2015 3970 qui
2039 3898 2264 3953 dictum

605 3987 670 4045 id
707 3987 889 4044 etiam
931 3985 1011 4043 ad
1047 3987 1487 4045 humanitatem
1539 3986 1888 4044 retulerunt.
1939 3987 2267 4059 Abydenus

607 4076 791 4134 dixit:
843 4079 966 4148 Ego
1013 4076 1172 4133 hanc
1210 4078 1447 4135 Domini
1483 4077 1811 4132 dictionem
1845 4077 2042 4132 sciens
2068 4092 2104 4131 a
2133 4092 2268 4132 san-

610 4165 715 4220 ctis
746 4164 1022 4220 Patribus
1051 4170 1107 4221 et
1146 4165 1415 4222 Ecclesiae.
1445 4165 1795 4221 doctoribus
1823 4166 1987 4221 varie
2012 4165 2266 4237 explica-

611 4255 758 4321 tam,
788 4253 885 4309 aio
913 4255 998 4307 sic
1028 4253 1251 4309 dixisse
1280 4254 1579 4311 Christum
1620 4254 1800 4310 etiam
1839 4260 1901 4310 ut
1931 4254 2260 4321 hominem,

610 4345 910 4414 quatenus
951 4356 1122 4414 aeque
1160 4359 1231 4398 ac
1259 4357 1370 4399 nos
1401 4343 1567 4399 carni
1598 4347 1653 4399 et
1682 4342 1964 4413 sanguini
1994 4358 2265 4398 commu-

609 4428 852 4487 nicavit.
889 4431 1117 4502 Sequor
1146 4434 1346 4487 autem
1381 4430 1774 4487 Heracliensis
1811 4446 2052 4503 quoque
2091 4436 2148 4487 et
2176 4431 2265 4486 Ni-

610 4518 1012 4575 comediensis
1077 4519 1454 4576 sententiam.
1520 4519 1955 4591 Metliymnteus
2012 4520 2262 4586 dixerat,

609 4608 781 4679 sequi
805 4622 868 4662 se
898 4606 1284 4679 Corcyrensis
1324 4608 1727 4664 sententiam:
1779 4612 1990 4679 postea
2039 4612 2262 4676 tamen,

609 4695 827 4751 auditis
859 4696 1341 4769 patriarcharum
1377 4697 1639 4767 judiciis,
1674 4701 1905 4753 mutata
1944 4702 2143 4753 mente
2182 4698 2265 4753 ait

608 4801 672 4842 se
704 4785 1011 4843 discedere
1058 4803 1095 4843 a
1144 4788 1524 4859 Corcyrensis
1566 4788 1878 4853 sententia,
1922 4792 2101 4860 atque
2148 4787 2261 4843 illis

607 4877 1125 4935 sanctissimorum
1155 4876 1635 4949 patriarcharum
1660 4877 1987 4934 adhaerere.

608 4972 788 5040 γνώμῃ
848 4988 863 5001 ·

2370 3270 2504 3326 εἶπεν
2545 3294 2558 3305 ·
2629 3274 2942 3344 Εὗρίσκιται
3009 3269 3057 3322 ἐν
3123 3276 3231 3330 τοῖς
3292 3268 3621 3339 Εὐαγγελίοις
3685 3268 3710 3319 ὀ
3778 3270 3997 3342 Κύριος

2368 3366 2459 3414 καὶ
2549 3364 2763 3433 μείζονα
2864 3359 3051 3411 ἑαυτοῦ
3152 3362 3236 3410 τὸν
3311 3361 3518 3431 Πατέρα
3615 3356 3791 3427 λέγων,

2370 3452 2500 3503 Θεὸν
2557 3447 2718 3501 αὐτοῦ
2767 3447 2818 3500 ἐν
2875 3455 2947 3517 τῷ
3000 3445 3164 3517 λέγειν
3229 3450 3322 3499 καὶ
3375 3450 3504 3500 Θεόν
3556 3464 3656 3517 μου
3693 3448 3783 3496 καὶ
3847 3449 3994 3498 Θεὸν

2371 3541 2535 3611 ὑμῶν.
2573 3537 2831 3609 Ἠγουμαι
2868 3533 2927 3588 δὲ
2964 3534 3228 3609 ἀμφότερα
3269 3536 3337 3587 τὰ
3395 3534 3624 3607 ὀνόματα
3673 3529 3995 3606 ἰσοδύνοιμα

2373 3624 2536 3681 εἶναι’
2592 3627 2700 3679 ἐπεὶ
2749 3633 2873 3697 γοῦν
2923 3644 3082 3697 φησιν
3135 3626 3160 3676 ὀ
3218 3626 3563 3697 Δαμασκηνὸς
3610 3621 3996 3697 ἁνθρωποπρε-

2371 3727 2477 3778 πῶς
2543 3714 2637 3769 διὰ
2692 3721 2785 3775 τήν
2843 3716 2957 3767 κατ’
3022 3714 3250 3767 ἐπίνοιαν
3304 3710 3564 3788 διαίρεσιν
3620 3716 3749 3766 Θεὸν
3811 3713 3995 3764 αὐτοῦ

2375 3808 2631 3881 εἰρηκέναι
2694 3810 2778 3857 τὸν
2850 3808 3079 3877 Πατέρα,
3165 3807 3251 3856 τὸν
3328 3806 3516 3875 Κύριον
3596 3821 3729 3875 φημι
3785 3817 3799 3831 ⁸

2374 3898 2588 3969 μείζονα
2656 3896 2840 3948 ἑαυτοῦ
2901 3895 3066 3957 οὕτως
3118 3893 3308 3956 ἐξεῖπεν
3341 3910 3354 3922 ·
3425 3890 3812 3963 ἀποδεχόμενος
3894 3896 3994 3943 καὶ

2374 3987 2550 4046 πάσας
2599 3987 2689 4044 τὰς
2733 3989 2850 4056 περὶ
2899 3986 3099 4036 τούτων
3138 3991 3238 4035 τῶν
3294 3982 3453 4053 ἁγίων
3504 3985 3743 4054 Πατέρων
3807 3983 3994 4051 φωνὰς

2374 4082 2472 4126 τῶν
2525 4078 2615 4125 καὶ
2671 4075 2807 4124 κατά
2855 4076 2912 4123 τὸ
2962 4070 3279 4145 ἀνθρώπινον
3324 4070 3565 4142 εἰρῆσθαι
3612 4077 3761 4121 τοῦτο
3801 4067 3996 4140 λεγόν-

2370 4181 2489 4217 των,
2521 4161 2578 4214 Ὀ
2625 4158 2851 4214 ’Λϐὐδου
2899 4158 3036 4213 εἶπεν
3064 4182 3075 4193 ·
3129 4160 3277 4231 Ἐγὼ,
3318 4163 3411 4217 τὴν
3468 4166 3561 4211 τοῦ
3609 4162 3803 4230 Κυρίου
3856 4161 3996 4210 ταὺ-

2373 4271 2467 4309 την
2516 4255 2684 4322 φωνὴν
2731 4254 2823 4308 τὴν
2872 4250 3133 4321 λέγουσιν,
3192 4250 3274 4301 ὅτι
3311 4247 3367 4301 Ὀ
3414 4252 3595 4320 Πατήρ
3638 4266 3737 4319 μου
3781 4247 3992 4319 μείζων

2372 4343 2473 4413 μού
2514 4338 2675 4408 ἔστιν,
2727 4336 2876 4399 εἰδὼς
2905 4343 3020 4400 τοὺς
3071 4337 3254 4410 ἁγίους
3299 4340 3535 4412 Πατέρας
3581 4341 3672 4391 καὶ
3712 4331 3993 4389 διδασκάι

2372 4428 2487 4490 λους
2551 4438 2645 4489 τῆς
2724 4426 3036 4489 Ἐκκλησίας
3107 4429 3242 4480 κατὰ
3301 4426 3586 4501 διαφόρους
3652 4423 3992 4497 ἐξηγησαμέ-

2371 4538 2489 4580 νους
2545 4516 2806 4585 ἐπιϐολὰς,
2850 4516 2983 4589 λέγω
3049 4516 3306 4590 εἰρηκέναι
3372 4518 3458 4568 τὸν
3516 4518 3707 4587 Κύριον
3763 4518 3855 4566 καὶ
3921 4517 3992 4572 ὡς

2371 4609 2659 4680 ἄνθρωπον.
2718 4606 2837 4659 καθ’
2889 4605 2916 4657 ὃ
2982 4604 3362 4679 παραπλησίως
3422 4605 3548 4677 ἡμῖν
3626 4606 3822 4678 σαρκὸς
3892 4606 3987 4659 καὶ

2373 4699 2594 4769 αἵματος
2661 4700 2996 4753 κεκοινώνηκε
3044 4715 3055 4728 ”
3132 4701 3331 4766 στοιχῶ
3407 4690 3467 4747 δὲ
3526 4698 3617 4746 καὶ
3681 4700 3743 4765 τῇ
3792 4698 3981 4765 γνώμῃ

2675 4784 2973 4858 Ἡρακλείας
3069 4788 3159 4837 καὶ
3257 4790 3350 4836 τοῦ
3440 4778 3819 4855 Νικομηδείας.
3924 4780 3985 4832 '0

2918 4877 3008 4946 μὲν
3085 4878 3320 4944 στοιχεῖν
3388 4879 3451 4945 τῇ
3524 4878 3616 4925 τοῦ
3705 4873 3986 4945 Κερκύρων

3893 3361 3999 3407 καὶ

3893 3806 3994 3854 καὶ

2370 4794 2462 4838 τοῦ
2526 4804 2580 4838 τε

2369 4882 2456 4934 Μη
2466 4876 2630 4946 θύμνη
2642 4896 2663 4936 ς
2732 4870 2840 4927 εἷπε

939 4966 1324 5041 ἀκροασάμενος
1396 4963 1456 5020 δε
1526 4969 1659 5039 μετὰ
1740 4975 1909 5020 ταῦτα
1972 4974 2073 5019 τῶν
2139 4971 2541 5041 πατριαρχικῶν
2614 4971 2854 5036 γνωμῶν,
2921 4959 3221 5036 μεταϐαλὼν
3289 4958 3423 5015 εἶπεν
3488 4960 3814 5033 ἀφίστασθαι
3888 4960 3985 5033 μεν

604 5063 703 5117 τῆς
725 5063 818 5109 τοῦ
860 5059 1133 5132 Κερκύρων
1153 5060 1336 5128 γνώμη
1348 5076 1387 5122 ς,
1421 5064 1653 5127 στοιχεῖν
1677 5052 1735 5109 δὲ
1760 5064 1871 5117 ταῖς
1900 5064 2000 5109 τῶν
2025 5055 2329 5127 ἁγιωτάτων
2357 5061 2726 5127 πατριαρχῶν.

677 5150 728 5201 8.
772 5146 1266 5203 Lacedaemonius
1288 5144 1476 5201 dixit:
1507 5145 1838 5202 Verborum
1866 5146 2055 5204 Pater
2097 5161 2259 5202 meus

602 5237 803 5304 major
830 5252 921 5292 me
939 5241 1021 5292 est
1051 5234 1570 5308 interpretationes
1600 5236 1698 5292 SS.
1722 5238 1962 5291 Patrum
1998 5234 2264 5305 Gregorii

602 5322 889 5392 theologi,
939 5323 1134 5381 Basilii
1182 5324 1396 5396 Magni,
1440 5328 1500 5381 et
1555 5323 1964 5397 Chrysostomi
2012 5339 2263 5380 veneror

603 5410 947 5484 recipioque
980 5431 993 5468 :
1040 5415 1130 5470 aio
1163 5413 1410 5486 insuper
1434 5429 1676 5470 carnem
1704 5413 1937 5471 ratione
1968 5418 2026 5470 et
2053 5413 2262 5470 anima

600 5499 918 5572 praeditam
943 5507 1283 5576 susceptam
1298 5519 1334 5563 a
1348 5502 1603 5561 Domino
1614 5506 1834 5561 nostras
1850 5502 2057 5562 salutis
2076 5517 2262 5561 causa

673 5696 721 5733 ³⁴
758 5696 925 5754 Joan.
960 5713 1053 5753 xx.
1088 5702 1171 5753 t7.

2440 5143 2505 5201 η’.
2556 5150 2615 5197 Ὀ
2668 5139 3093 5215 Λακεδαιμονίας
3144 5138 3281 5196 εἶπεν
3339 5141 3423 5194 ὅτι
3473 5142 3577 5202 Τὰς
3613 5144 3733 5215 πέρὶ
3778 5148 3874 5193 τοῦ
3925 5138 3986 5192 '0

2375 5238 2556 5308 Πατήρ
2637 5252 2738 5305 μου
2813 5235 3005 5305 μείζων
3097 5233 3197 5304 μού
3283 5229 3425 5284 ἐστιν
3517 5229 3786 5303 ἑρμηνείας
3880 5237 3982 5282 τῶν

2374 5323 2534 5395 ἁγίων
2589 5327 2852 5396 Πατέρων,
2920 5324 3083 5393 ἤγουν
3158 5324 3450 5396 Γρηγορίου
3523 5328 3618 5373 τοῦ
3699 5317 3978 5392 Θεολόγου,

2374 5411 2646 5466 Βασιλείου
2731 5418 2824 5464 τοῦ
2901 5410 3152 5483 μεγάλου,
3232 5415 3323 5464 καὶ
3397 5416 3519 5479 τοῦ,
3570 5413 3980 5482 Χρυσοστόμου,

2370 5508 2649 5577 προσκυνῶ
2695 5504 2786 5555 καὶ
2835 5496 3180 5575 ἀποδέχομαι
3210 5521 3224 5536 υ
3272 5499 3404 5574 λέγω
3465 5495 3525 5555 δὲ
3574 5501 3753 5574 σάρκα
3809 5500 3982 5552 ἔννουν
