4046 6310
86 375 186 428 ΗΞ
1441 361 1790 426 THESAURI
1831 367 1963 426 LIB.
2013 366 2147 423 XXV
3344 367 3447 424 250

87 504 168 550 ui
219 497 474 570 ειιψυχον
523 494 850 568 ἀνειληφέναι
897 499 985 548 τὸν
1041 498 1228 571 Κύριον
1279 492 1372 548 διὰ
1414 499 1507 552 τὴν
1567 495 1685 565 ἠμε-

1857 491 2027 548 iissef
2061 496 2117 549 et
2143 493 2388 566 propter
2402 491 2583 560 hanc,
2610 489 2838 547 dictum
2870 489 2948 546 ab
2970 505 3041 546 eo
3063 487 3300 545 Patrem
3326 504 3455 545 ma-

86 593 224 654 sgmx
283 592 566 660 σωτηρίαν
629 603 642 616 ·
695 591 786 637 καὶ
841 588 974 638 κατὰ
1026 589 1220 642 ταύτην
1281 584 1444 656 λέγειν
1510 581 1684 635 ἕαυτοί

1855 598 2011 636 irem.
2047 581 2519 638 Mesembriensis
2539 580 2686 636 dixit
2713 595 2777 636 se
2808 579 3200 636 Heracliensis
3225 577 3453 652 judicio

90 679 298 744 scitura
347 679 438 726 τόν
506 678 736 748 Πατέρα.
802 673 860 726 Ὀ
913 673 1256 748 Μεσημϐρίας
1311 670 1419 725 εἰπε
1471 679 1533 743 τῇ
1604 677 1688 723 τοῦ

1857 670 2200 726 ibscribere.
2234 671 2486 729 Milesius
2512 671 2660 726 dixit
2684 688 2696 726 :
2731 669 2919 726 Verba
2943 670 3124 725 Pater
3143 684 3308 726 meus
3331 683 3455 724 ma-

100 766 389 836 Ηρακλειας
461 769 640 836 φνώμῃ
709 771 962 835 στοιχεῖν.
1039 770 1081 815 0
1139 763 1370 821 Μιλήτου
1438 759 1546 814 εἶπε
1603 762 1694 824 Τὸ,

1861 777 1900 814 ιν
1923 777 2014 815 me
2039 769 2120 816 est
2151 761 2312 817 dicta
2341 760 2603 830 intelligo
2636 759 2818 816 etiam
2857 759 3194 815 secundum
3247 756 3459 815 Christi

88 863 138 906 Ὀ
189 859 385 926 Πατήρ
444 873 544 925 μου
601 853 791 924 μείζων
854 856 954 924 μου
1010 851 1173 920 ἐστιν,
1223 852 1360 905 οὕτω
1424 859 1524 902 νοῶ
1607 852 1686 900 καί

1857 852 2242 907 umanitatem
2277 869 2290 906 :
2323 867 2446 907 non
2468 851 2802 907 secundum
2834 849 3110 919 gloriam,
3140 849 3455 913 honorem,

89 947 214 995 ιιτά
256 948 320 996 τό
385 943 438 994 ἐν
492 951 566 1012 τῷ
614 950 829 1014 Χριστῷ
878 940 1193 1015 ἀνθρώπινον
1263 938 1687 1012 ἐπιλαμϐάνεσθαι1

1861 940 2179 1012 ignitatem,
2201 942 2500 1009 virtutem,
2517 944 2888 1012 potestatem,
2909 939 2995 994 vel
3016 938 3181 994 aliud
3200 937 3459 1010 quodvis

87 1033 136 1083 οὗ
197 1036 348 1084 κατὰ
395 1029 578 1094 δόξαν,
634 1030 694 1082 οὐ
733 1033 869 1082 κατὰ
925 1036 1096 1101 τιμὴν,
1162 1030 1222 1082 οὐ
1262 1032 1397 1081 κατὰ
1428 1026 1598 1095 ἀξίαν,
1641 1025 1685 1077 oi

1864 1032 2028 1086 ivime
2081 1031 2283 1101 gloria:
2315 1035 2373 1087 et
2402 1030 2839 1101 magnitudinis
2869 1033 3325 1097 ornamentum;
3355 1027 3462 1083 sed

89 1125 218 1173 κατὰ
267 1117 528 1193 δύναμιν,
592 1119 650 1170 οὐ
689 1122 825 1170 κατὰ
871 1117 1128 1182 ἐξουσίαν,
1157 1119 1216 1171 οὗ
1258 1122 1395 1170 κατά
1423 1137 1472 1170 τι
1511 1117 1678 1188 ἕτερον

1863 1119 2151 1175 :cundum
2190 1124 2471 1176 naturam
2510 1120 2639 1190 ejus
2687 1122 2949 1175 creatam
2991 1117 3054 1173 in
3090 1134 3215 1190 qua
3242 1131 3461 1190 passus

91 1213 183 1264 ὗσε
235 1219 340 1270 τῆς
396 1212 541 1271 θείας
589 1205 749 1270 δόξης
786 1227 840 1259 τε
899 1214 988 1260 καὶ
1044 1209 1442 1280 μεγαλειότητος
1502 1227 1514 1239 ·
1575 1203 1689 1256 ἀλλὸ

1867 1214 1918 1262 at.
1947 1213 2225 1264 Attaman
2256 1202 2587 1281 postquam
2620 1213 2675 1264 et
2703 1208 3020 1265 confratris
3051 1208 3169 1263 mei
3201 1208 3465 1264 Nicome-

91 1303 218 1352 ιιτὰ
299 1303 368 1351 τὸ
435 1298 485 1351 ἐν
565 1297 706 1368 αὐτῷ
784 1316 1017 1360 κτιστον,
1084 1300 1215 1350 καθὸ
1279 1303 1368 1348 καὶ
1433 1296 1689 1348 πέπονθεν

1863 1297 2036 1352 iensis
2081 1299 2440 1354 sententiam
2482 1297 2742 1354 intellexi
2781 1302 2937 1353 recte
2997 1313 3059 1352 se
3111 1296 3461 1362 habentem,

93 1389 224 1440 Ἐπεὶ
296 1384 366 1439 δὲ
410 1391 504 1438 καὶ
551 1394 644 1446 τῆς
685 1392 898 1457 γνώμης
935 1392 1026 1436 τοῦ
1079 1383 1406 1456 συναδέλφου
1455 1402 1554 1455 μου
1612 1389 1691 1434 τοί

1863 1387 1952 1440 uic
1983 1392 2162 1441 etiam
2187 1401 2434 1459 prorsus
2466 1386 2800 1442 subscribo.
2845 1384 3229 1442 Maroniensis
3269 1384 3418 1440 dixit
3448 1399 3461 1440 :

89 1472 456 1548 .V'ongmrj‘sia;
537 1475 906 1547 ἠκροασάμην,
970 1476 1041 1536 ὡς
1113 1474 1279 1534 καλῶς
1346 1473 1546 1544 ἐχούσῃ
1615 1491 1682 1522 κα

1871 1477 2110 1531 uoniam
2137 1477 2442 1548 comperio
2469 1491 2763 1546 magnum
2788 1473 3086 1542 Basilium,
3123 1474 3469 1543 theologum

90 1586 244 1637 ταυτῃ
335 1567 533 1635 ἕπομαι
581 1566 716 1615 κατὰ
767 1566 956 1616 πάντα.
1013 1563 1072 1615 Ὀ
1143 1568 1442 1634 Μαρωνείας
1499 1557 1632 1612 εἶπεν

1872 1566 2183 1636 regorium,
2222 1567 2742 1637 Chrysostomnm:
2775 1569 2831 1620 et
2862 1568 3140 1620 sanctum
3170 1564 3470 1619 Isidorum

91 1655 229 1706 Ἐπεί
287 1655 526 1724 εὑρίσκω
589 1656 675 1704 τὸν
742 1657 903 1723 μεγαν
960 1651 1248 1716 Βασίλειον,
1311 1654 1398 1702 τὸν
1456 1648 1689 1719 Θεολόγοτ

1869 1654 2084 1709 etulisse
2123 1655 2311 1710 verba
2363 1654 2482 1721 illa,
2530 1655 2713 1710 alium
2755 1652 3003 1726 quidem
3043 1651 3123 1710 ad
3150 1651 3467 1717 honorem,

97 1749 411 1818 Γρηγόριον,
472 1746 559 1794 τὸν
627 1747 1026 1816 Χρυσόστοριον,
1083 1747 1173 1794 καὶ
1229 1745 1317 1792 τόν
1376 1739 1524 1810 ἅγιον
1578 1739 1695 1793 Ἰσί-

1871 1743 2002 1798 .ium
2031 1743 2108 1798 ad
2134 1745 2483 1818 qualitatem
2521 1747 2912 1806 causativam,
2949 1741 3136 1799 alium
3164 1740 3244 1798 ad
3281 1739 3469 1797 disci-

94 1830 264 1905 δωρον
303 1832 572 1902 λὲγοντας,
623 1835 711 1882 τὸν
751 1834 840 1904 μὶν
886 1828 979 1883 διὰ
1019 1837 1199 1903 τιμὴν,
1251 1834 1338 1881 τὸν
1379 1825 1438 1882 δε
1487 1830 1624 1880 κατὰ
1651 1847 1692 1879 τε

1865 1831 2097 1888 ulorum
2147 1833 2448 1904 solatium,
2512 1833 2736 1905 recipio
2777 1833 2891 1888 hos
2935 1836 3117 1904 atque
3159 1829 3463 1903 approbo.

95 1926 278 1990 ιιίτιον9
325 1926 416 1972 τὸν
462 1916 522 1972 δε
567 1916 658 1972 διὰ
704 1921 1040 1994 παραμυθίαν
1099 1929 1199 1970 τών
1253 1920 1521 1991 μαθητῶν,
1555 1913 1693 1987 ὃέχο

1877 1939 2070 1994 [super
2108 1927 2162 1979 et
2211 1940 2314 1980 eos
2363 1923 2468 1995 qui
2516 1927 2786 1989 censent,
2815 1921 3044 1978 dictum
3075 1921 3138 1977 id
3168 1937 3204 1976 a
3244 1919 3475 1978 Christo

95 2031 189 2081 μαι
226 2014 454 2069 τούτους
506 2015 596 2060 καὶ
653 2007 964 2080 ἀσπάζομαι
993 2026 1006 2038 °
1067 2014 1151 2060 ναὶ
1188 2012 1290 2079 μὴν
1320 2006 1448 2058 ἀλλὰ
1476 2012 1567 2058 καὶ
1596 2010 1693 2058 τοὺι

1875 2012 2001 2067 tisse
2032 2013 2421 2082 reconomice,
2448 2011 2510 2068 id
2540 2017 2645 2076 est,
2681 2012 3050 2080 humanitus,
3081 2014 3145 2067 ut
3175 2007 3473 2079 significa-

97 2103 341 2161 εἰπόντας
397 2099 644 2172 εἰρῆσθαι
681 2106 836 2150 τοῦτο
883 2100 1026 2170 παρὰ
1071 2105 1164 2150 του
1211 2101 1407 2168 Κυρίου
1453 2096 1695 2167 οἰκονομιι

1878 2108 1906 2157 ει
1935 2101 2281 2174 passibilem
2312 2107 2694 2176 creatamque
2721 2107 3004 2159 naturam
3033 2116 3230 2167 suam,
3260 2098 3324 2156 in
3352 2113 3476 2171 qua

96 2198 216 2254 ιὼς,
268 2193 396 2246 ἦτοι
451 2189 590 2239 κατὰ
634 2190 694 2240 τό
745 2184 1083 2259 ἀνθρώπινον,
1140 2181 1385 2243 δηλονότι
1435 2187 1568 2236 κατὰ
1616 2188 1694 2242 τὴπ

810 2187 1083 2259 θρώπινον,
1140 2181 1385 2243 δηλονότι
1435 2187 1568 2236 κατὰ
1616 2188 1710 2242 τὴν
1819 2207 2031 2264 reapse
2057 2208 2274 2265 passus
2297 2196 2403 2248 est.

93 2277 142 2329 ἐν
182 2278 334 2347 αὐτῷ
384 2284 606 2350 Χριστῷ
641 2277 882 2333 παθητὴν
929 2280 1017 2328 καὶ
1044 2279 1265 2334 κτιστήν
1296 2276 1472 2347 φύσιν,
1504 2273 1623 2326 καθ’
1651 2272 1710 2331 ἣν

94 2373 180 2418 καὶ
213 2367 478 2419 πίπονθεν
487 2404 498 2415 .

163 2457 227 2514 ϐ’.
301 2455 366 2507 Ὀ
426 2451 913 2527 Ἀρκαδιονκόλιως
966 2455 1102 2508 εἶπεν
1158 2475 1172 2488 ³
1226 2453 1408 2515 ὀπως
1459 2454 1550 2525 μεν
1605 2452 1712 2504 εἶπε

1892 2470 1944 2520 9.
1979 2460 2537 2534 Arcadiopolitanus
2568 2458 2651 2518 ait
2678 2475 2691 2516 :
2725 2461 3002 2527 Quonam
3034 2473 3217 2515 sensu
3240 2457 3471 2531 dixerit,

94 2550 168 2612 τὸ,
233 2543 299 2597 ’0
365 2550 548 2618 Πατήρ
616 2563 718 2617 μου
775 2544 964 2615 μείζων
1027 2546 1126 2615 μου
1195 2542 1357 2608 ἐστιν,
1418 2543 1444 2594 ὁ
1524 2543 1692 2614 Κύριοι

1879 2561 2008 2611 ater
2034 2567 2197 2608 meus
2218 2553 2416 2622 major
2443 2567 2536 2608 me
2555 2557 2658 2621 est,
2690 2550 2978 2606 Dominus
3003 2553 3060 2606 et
3089 2551 3243 2605 Deus
3270 2553 3477 2605 noster

96 2641 182 2686 ιαὶ
225 2638 363 2694 Θεὸς
408 2636 560 2706 ἡμῶν
608 2633 818 2694 Ἰησοῦς
863 2637 1111 2705 χριστὸς,
1162 2631 1352 2694 ἐκεῖνος
1387 2627 1527 2683 οἶδεν
1559 2629 1694 2681 αὑτόι

1877 2661 1987 2700 εειιε
2037 2643 2328 2709 Christus,
2399 2642 2525 2714 ipse
2582 2641 2710 2711 scit,
2767 2640 2874 2713 qui
2927 2641 3109 2698 etiam
3161 2638 3475 2713 quomodo

98 2727 124 2775 ὁ
161 2731 442 2796 γινώσκων
497 2728 586 2774 καὶ
629 2731 737 2782 πῶς
777 2721 1143 2794 ὶνηνθρώπησε
1184 2743 1198 2756 ο
1238 2722 1469 2774 καθόσὸν
1514 2715 1574 2771 δε
1623 2723 1696 2769 κα

1885 2741 2012 2788 ctus
2044 2732 2115 2787 sit
2142 2731 2537 2798 homo,novit.
2575 2729 2773 2786 Sancti
2813 2733 3014 2785 autem
3046 2731 3272 2797 Patres,
3294 2729 3479 2800 prout

99 2824 192 2865 τῶν
269 2815 629 2866 θεοπνεύστων
702 2811 867 2883 ἁγίων
944 2816 1180 2886 Πατέρών
1269 2812 1474 2882 ἑκάστῳ
1551 2810 1697 2882 χάριι

1877 2821 2144 2892 uicuique
2167 2818 2357 2890 gratia
2387 2833 2643 2890 superne
2667 2817 2811 2874 data
2843 2817 2971 2886 fuit,
2993 2819 3079 2873 ita
3101 2817 3216 2873 hoc
3247 2816 3475 2872 dictum

101 2903 424 2977 ἐπιμετρήθη
488 2903 702 2968 ἄνωθεν,
759 2905 820 2952 τὸ
893 2902 1049 2975 ῥητόν
1123 2903 1434 2971 θεοκινὴτῳς
1534 2900 1699 2973 ἡρμή-

1877 2909 2188 2981 ,ῐθερισθίειιί
2241 2911 2381 2964 sunt
2428 2923 2442 2961 :
2491 2923 2753 2980 quarum
2810 2921 2954 2978 ergo
3002 2905 3475 2979 explicationum

97 3011 236 3044 νευσε
295 3009 310 3022 ·
392 2995 488 3043 καὶ
549 2989 667 3042 καθ’
731 2992 886 3052 ὅσους
947 2989 1006 3041 ἂν
1058 2995 1286 3065 τρόπους
1351 2991 1690 3061 ἡρμήνευσαν

1875 2998 2047 3055 ullam
2107 2996 2380 3053 excludo.
2451 2998 2874 3052 Verumtamen
2929 2994 3203 3067 plerique
3259 3007 3473 3051 omnes

100 3079 282 3134 οὐδένα
361 3083 562 3133 τούτων
633 3079 749 3130 κατ’
805 3075 996 3132 οὐδένα
1058 3079 1209 3150 λόγον
1273 3075 1632 3149 ἁποϐάλλομαι
1696 3094 1698 3103 '

1883 3090 2002 3145 iam
2026 3086 2364 3142 secundum
2393 3085 2835 3142 humanitatem
2867 3085 2953 3140 sic
2976 3084 3246 3140 locutum
3275 3080 3476 3139 Domi-

99 3171 216 3222 am
253 3172 456 3229 πάντες
506 3165 706 3240 σχεδόν
760 3174 849 3220 καὶ
905 3171 1043 3220 κατὰ
1092 3172 1151 3219 τό
1193 3167 1512 3240 ἀνθρώπινόν
1553 3165 1697 3217 αὐτοί

1877 3195 1969 3234 um
1992 3176 2467 3245 afﬁrmavarunt,
2488 3190 2675 3247 quam
2695 3179 2751 3230 et
2769 3188 2882 3244 ego
2909 3172 3264 3229 sententiam
3280 3171 3475 3245 probo

100 3262 362 3333 εἰρηκέναι
416 3266 576 3310 τοῦτο
628 3253 770 3309 εἶπον
814 3260 901 3309 τὸν
965 3260 1155 3332 Κύριον
1202 3274 1216 3287 ο
1261 3261 1352 3308 καὶ
1402 3253 1698 3326 ἀσπάζομαι

1876 3267 2186 3340 :cipioque.
2235 3264 2535 3330 Quoniam
2574 3279 2718 3320 vero
2754 3263 2931 3319 video
2997 3262 3293 3318 Christum
3344 3276 3474 3318 esse

97 3356 177 3401 ui
223 3356 393 3401 τοῦτο
437 3352 529 3400 καὶ
580 3343 947 3419 ἀποδέχομαι.
1007 3345 1150 3398 Ἐπεὶ
1205 3341 1266 3398 δέ
1323 3343 1499 3417 βλέπω
1561 3343 1695 3394 αὐτὰ

1879 3373 2012 3412 num
2061 3353 2398 3412 secundum
2437 3368 2785 3427 personam,
2819 3350 3123 3425 duplicem
3148 3354 3477 3408 autem'se-

98 3441 176 3491 ἕνα
202 3444 296 3490 καὶ
350 3441 446 3489 τὸν
489 3435 647 3488 αὐτὸν
689 3440 813 3488 ὄντα
857 3437 995 3488 κατὰ
1029 3440 1125 3493 τὴν
1155 3437 1477 3498 ὑπόστασιν,
1517 3429 1616 3485 δύο
1657 3428 1696 3485 δ’

1874 3445 2088 3501 indum
2132 3444 2392 3499 duarum
2444 3442 2506 3498 in
2549 3457 2620 3499 eo
2661 3445 3014 3498 naturarum
3043 3439 3472 3508 diversitatem,

98 3532 224 3580 κατὰ
277 3533 385 3585 τὴν
435 3526 715 3599 ἑτερότητα
770 3523 818 3576 ἕν
879 3524 1017 3595 αὑτῴ
1068 3521 1168 3576 δύο
1210 3526 1440 3596 φύσεων,
1481 3529 1696 3574 κατανοὰ

1879 3534 2100 3590 :istimo
2130 3531 2355 3588 dictum
2399 3547 2436 3589 a
2464 3531 2720 3588 Domino
2771 3531 3023 3589 Patrem
3065 3531 3355 3602 majorem
3382 3545 3477 3584 se-

99 3622 252 3670 εἰπεῖν
322 3619 417 3667 τὸν
466 3617 658 3688 Κύριον
713 3613 929 3685 μείζονα
969 3612 1133 3666 αὐτοῦ
1187 3631 1274 3665 τον
1324 3615 1533 3683 Πατέρα
1581 3612 1697 3662 κατέ

1879 3623 2092 3679 indum
2132 3625 2396 3678 creatam
2444 3635 2618 3676 suam
2673 3623 2974 3686 naturam,
3023 3618 3086 3674 in
3126 3633 3251 3691 qua
3296 3617 3477 3675 etiam

99 3713 181 3763 τὴν
239 3705 292 3757 ἄν
355 3703 499 3774 αὐτῷ
549 3707 773 3760 κτιστήν
810 3709 906 3764 τῆς
947 3705 1142 3776 σαρκὸς
1184 3703 1360 3768 φύσιν,
1389 3701 1506 3753 καθ’
1537 3701 1600 3760 ἣν
1627 3717 1697 3751 κα

1877 3729 2044 3768 assus
2073 3717 2184 3768 est.
2217 3711 2428 3767 Parius
2455 3710 2604 3767 dixit
2627 3709 2807 3776 :Quia
2827 3708 3133 3781 comperio
3149 3705 3475 3764 nonnullos

101 3797 378 3848 πέπονθεν.
457 3791 517 3844 Ὁ
591 3795 791 3866 Παρίου
841 3792 976 3845 εἶπεν
1009 3813 1023 3826 ο
1101 3791 1241 3846 Ἐπεὶ
1287 3793 1516 3866 εὑρίσκω
1574 3790 1699 3840 τινας

1881 3802 2098 3857 eclesiae
2129 3800 2405 3856 doctores
2435 3797 2851 3870 interpretatos
2871 3813 3004 3853 esse
3032 3795 3215 3852 verba
3246 3813 3260 3851 :
3291 3796 3479 3852 Pater

99 3895 191 3936 τῶν
274 3879 624 3936 διδασκάλων
689 3891 787 3942 τῆς
835 3880 1149 3940 Ἐκκλησίας
1202 3880 1569 3955 ἑρμηνεύοντας
1635 3880 1692 3930 τὸ

1876 3907 1987 3948 :eus
2025 3893 2225 3960 major
2269 3905 2362 3946 me
2399 3894 2484 3945 est
2528 3888 2644 3944 alio
2692 3886 2842 3943 alios
2889 3885 3096 3956 modo,
3141 3888 3199 3940 et
3225 3882 3474 3955 quidem

100 3981 138 4026 0
201 3978 390 4044 Πατήρ
447 3990 548 4044 μου
608 3972 799 4043 μείζων
849 3974 948 4044 μού
1034 3969 1169 4037 ἐστι,
1235 3973 1371 4022 κατά
1433 3965 1687 4042 διαφόρου

1879 3982 2004 4037 iam
2035 3979 2370 4034 secundum
2397 3977 2858 4055 humanitatem,
2890 3989 3001 4044 ego
3041 3987 3252 4029 omnes
3293 3969 3477 4028 laudo

103 4070 344 4137 τρόπους,
397 4067 486 4113 ναὶ
542 4065 646 4133 μὴν
695 4065 787 4112 καὶ
839 4063 976 4113 κατὰ
1037 4064 1098 4112 τὸ
1150 4058 1488 4134 ἀνθρώπινον,
1549 4057 1701 4110 ἁσπάι

1878 4069 2178 4126 :ntentias:
2212 4067 2348 4123 dico
2364 4071 2565 4123 autem
2585 4064 3047 4132 humanitatem,
3080 4076 3324 4118 carnem
3346 4059 3476 4131 ejus

107 4155 261 4227 ξομαι
319 4153 521 4212 πάντας
568 4164 584 4180 ⁸
647 4150 780 4222 λέγω
831 4147 890 4203 δ“ε
941 4149 1258 4222 ἀνθρώπινον
1315 4153 1411 4207 τὴν
1471 4146 1519 4199 ἄν
1575 4147 1705 4217 αὑτᾷ

1879 4176 2012 4216 uam
2045 4174 2116 4212 ex
2142 4155 2318 4212 nobis
2347 4153 2573 4212 ascivit.
2606 4151 3055 4208 Praeconnesius
3085 4150 3318 4207 dixerat
3347 4164 3477 4205 sec-

106 4247 273 4316 σείρκα
335 4243 399 4299 ἣν
451 4240 504 4302 ἐξ
556 4241 704 4311 ἡμῶν
767 4238 1139 4314 προσελάϐετο.
1206 4237 1266 4290 ’0
1330 4242 1704 4312 Προικόννησον

1880 4250 1938 4306 .ri
1979 4264 2042 4304 se
2086 4244 2460 4303 Atheniensis
2516 4242 2873 4299 sententiam
2916 4249 2929 4292 ξ
2986 4256 3198 4296 verum
3257 4237 3478 4297 auditis

107 4335 208 4386 εἷπε
247 4337 344 4404 μὲν
405 4336 646 4401 στοιχεῖν
701 4337 765 4402 τῇ
814 4335 994 4402 γνώμῃ
1037 4336 1130 4381 τοῦ
1175 4329 1406 4386 Ἀθηνῶν
1461 4347 1475 4360 ο
1531 4325 1705 4399 ἀκροα-

1883 4337 2342 4395 antissimorum
2362 4332 2834 4406 patriarcharum
2845 4330 3111 4402 judiciis,
3123 4328 3481 4401 resipiscens

107 4426 332 4494 σσὶμενος
377 4415 425 4471 δ“
417 4438 440 4471 ε
490 4427 586 4471 τῶν
641 4426 863 4490 γνωμῶν
911 4426 1014 4470 τῶν
1042 4418 1346 4489 ἁγιωτάτων
1375 4423 1705 4490 πατριαρχῶη

1881 4431 1911 4484 it
1937 4424 2214 4484 recedere
2245 4440 2306 4479 se
2348 4423 2426 4478 ab
2455 4421 2818 4487 Atheniensi,
2845 4419 3015 4492 sequi
3039 4434 3183 4475 vero
3224 4417 3479 4475 sanctis-

107 4509 414 4582 μεταϐαλὼν
475 4505 610 4560 εἶπεν
682 4507 1010 4579 ἀφίστασθαι
1062 4510 1152 4579 μὲν
1216 4513 1312 4567 τῆς
1370 4511 1578 4578 γνώμης
1629 4510 1705 4556 τοί

109 4599 144 4612 .-
173 4603 192 4612 -
286 4608 302 4612 _
612 4605 632 4612 _
722 4592 758 4612 ι.
885 4603 900 4612 .
1061 4602 1069 4612 .
1311 4603 1330 4611 -
1434 4594 1445 4608 ρ
1611 4595 1643 4612 ρο

1885 4533 2016 4574 mos
2044 4513 2434 4588 patriarchas.
2469 4509 2861 4584 Selybriensis
2893 4510 3034 4566 dixit
3062 4527 3074 4564 :
3100 4510 3248 4565 Cum
3266 4506 3483 4565 verbo-

109 4599 364 4666 Ἀθηνὼν,
425 4605 658 4670 στοιχεῖν
711 4592 771 4649 δε
817 4603 932 4658 ταῖς
978 4602 1212 4668 γνώμαις
1267 4603 1366 4646 τῶν
1424 4594 1707 4666 ἁγιωτάτωτ

1886 4623 1968 4662 1m
2015 4607 2201 4662 Pater
2246 4619 2408 4660 meus
2446 4605 2647 4673 major
2693 4617 2786 4658 me
2823 4605 2905 4657 est
2935 4598 3484 4671 interpretationem

110 4697 482 4764 πατριαρχών.
548 4686 607 4739 Ὀ
673 4685 963 4762 Σηλυϐρίας
1003 4683 1138 4739 εἶπεν
1185 4701 1200 4714 ’
1256 4684 1618 4756 Ἐντυγχάνων
1659 4688 1708 4755 τῇ

1885 4697 2084 4767 gerim
2161 4695 2354 4750 sancti
2410 4691 2629 4765 Cyrilli,
2700 4691 3218 4763 compererimque
3280 4689 3483 4761 ipsum

111 4781 182 4842 εἰς
232 4784 316 4840 τό,
384 4776 444 4831 Ὀ
477 4781 658 4851 Πατήρ
712 4796 814 4849 μου
878 4777 1068 4849 μείζων
1126 4777 1227 4848 μού
1275 4773 1434 4843 iam,
1485 4774 1709 4847 ἑρμηνείι

1886 4789 2133 4843 icentem
2171 4802 2183 4839 :
2217 4783 2533 4850 Quomodo
2565 4783 2663 4839 ait.
2705 4783 2835 4853 Ego
2863 4787 2918 4839 et
2956 4782 3141 4838 Pater
3174 4795 3361 4835 unum
3390 4793 3484 4832 su-

117 4877 203 4921 τοῦ
281 4869 438 4940 ἁγίου
523 4865 802 4940 Κυρίλλου,
871 4869 963 4917 καὶ
1030 4867 1282 4941 εὑρίσκων
1349 4862 1506 4916 αὐτὸν
1578 4869 1715 4915 τοῦτ<

1877 4877 2061 4934 ius“?
2088 4874 2364 4931 videlicet
2391 4872 2725 4931 secundum
2753 4878 3038 4928 aeternam
3077 4869 3475 4926 nativitatem.

119 4958 364 5029 iiyowa,
408 4977 438 5005 ιι
481 4961 592 5016 Πῶς
640 4973 793 5028 φησι,
834 4953 966 5026 Ἐγὼ
1012 4959 1102 5006 καὶ
1140 4956 1167 5006 ό
1197 4957 1379 5028 Πατὴρ
1428 4953 1476 5006 ἓν
1514 4951 1666 5024 ἐσμεν
1716 4979 1717 5010 ς

1895 4965 2160 5023 uomodo
2191 4965 2293 5021 ait.
2331 4963 2513 5019 Pater
2539 4978 2701 5020 meus
2738 4965 2933 5033 major
2969 4976 3061 5017 me
3090 4959 3227 5016 est?
3271 4955 3491 5012 scilicet

110 5048 167 5119 τῇ
225 5049 334 5098 ἄνω
386 5048 489 5121 πρὸ
549 5045 749 5098 αἰώνων
802 5048 1042 5116 γεννήσει
1075 5061 1087 5074 ·
1139 5051 1249 5105 πῶς
1311 5041 1368 5107 ὀ
1401 5046 1584 5116 Πατήρ
1633 5061 1708 5116 μοι

1889 5055 2178 5112 acundum
2208 5057 2546 5110 terrestrem
2576 5068 2649 5109 ex
2678 5052 2910 5124 Virgine
2939 5049 3312 5105 nativitatem
3354 5065 3367 5102 :
3399 5061 3487 5101 se-

115 5136 303 5207 μείςων
360 5138 464 5208 μού
513 5132 631 5188 ἆστι
675 5141 786 5206 ;τῇ
847 5135 989 5186 κάτω
1054 5132 1113 5186 ix
1165 5133 1426 5207 Παρθένου
1476 5137 1713 5202 γεννήσει

1896 5161 1999 5202 uor
2023 5143 2214 5201 sancti
2241 5143 2351 5199 viri
2379 5141 2714 5199 doctrinam
2747 5157 2760 5208 ;
2798 5141 2880 5196 ita
2908 5144 3112 5194 tamen
3151 5140 3216 5192 ut
3257 5139 3494 5192 caetero-

119 5235 321 5298 στοιχῶ
370 5233 435 5298 τῇ
487 5233 580 5277 τοῦ
612 5224 771 5296 ἁγίου
805 5220 843 5277 δ
847 5220 1142 5296 ιδασκαλία
1167 5239 1180 5253 ³
1228 5218 1620 5294 ἀποδεχόμενος
1650 5241 1716 5273 κα

1897 5252 1980 5290 1m
2009 5233 2338 5289 locutiones
2369 5231 2641 5305 probem,
2678 5236 2970 5302 tanquam
2998 5243 3070 5282 ex
3103 5226 3317 5282 eodem
3349 5239 3495 5281 uno-

119 5316 207 5374 τὸις
247 5322 352 5365 τῶν
414 5313 599 5388 ἑτέρων
657 5312 822 5385 ἁγίων
882 5313 1052 5385 φωνάς
1110 5327 1122 5340 ⁶
1194 5314 1259 5372 ὡς
1321 5309 1375 5362 ἐκ
1436 5317 1528 5362 τοῦ
1579 5308 1717 5361 αὐτοι

1895 5342 1965 5380 ue
1995 5323 2202 5396 spiritu
2240 5323 2537 5395 profectas
2571 5340 2584 5389 ;
2635 5337 2707 5376 ex
2759 5319 2850 5374 his
2891 5331 3278 5389 cognoscens,
3313 5314 3493 5370 etiam

120 5407 204 5454 καὶ
251 5402 360 5465 ἑνὸς
414 5405 711 5476 πνεύματος
772 5402 1160 5476 ἕκφωνηθείσας
1215 5417 1228 5430 ·
1273 5409 1401 5452 νοῶν
1457 5399 1510 5462 ἐξ
1562 5398 1718 5451 αὐτῶ·

1899 5413 2183 5469 acundum
2226 5411 2684 5475 humanitatem,
2727 5407 2788 5462 id
2836 5410 2923 5462 est
2973 5409 3235 5460 creatam
3279 5400 3497 5461 Christi

125 5498 209 5544 καὶ
261 5495 402 5545 κατὰ
450 5495 512 5544 τὸ
571 5492 622 5544 ἰν
675 5487 751 5564 τῷ
796 5490 1014 5569 Χριστῷ
1057 5491 1397 5569 ἀνθρώπινον,
1438 5492 1601 5560 ἤγουν
1647 5492 1723 5545 τήτ

1897 5507 2152 5564 aturam,
2181 5500 2241 5556 in
2266 5517 2387 5574 qua
2416 5503 2472 5556 et
2500 5514 2716 5570 passus
2762 5511 2872 5568 pro
2917 5494 3091 5551 nobis
3121 5498 3232 5565 est,
3268 5492 3495 5548 dictum

206 5634 251 5672 ιι
271 5635 451 5697 Joan.
484 5649 592 5708 xx,
623 5634 714 5698 30.
