4046 6310
543 342 647 398 247
1877 336 2163 401 ΝῙΟΕΤΕ
2200 340 2572 405 ΟΗΟΝῙΑΤᾸΞ
3805 344 3945 404 248

544 463 728 534 fuisse
756 465 935 523 Pater
956 478 1118 523 meus
1161 465 1363 536 major
1402 481 1493 525 me
1534 470 1637 524 est.
1680 468 1990 525 Dercensis
2023 468 2142 526 dixi

2336 491 2356 522 ν
2405 469 2546 544 αὐτῷ
2577 475 2798 531 κτιστὴν
2825 471 3004 544 φύσιν,
3043 468 3166 525 καθ’
3191 472 3256 530 ἣν
3283 474 3374 525 καὶ
3402 470 3622 525 πέπονθε
3659 465 3734 525 δι’
3753 471 3934 546 ἡμᾶς,

544 557 630 613 ire
687 572 748 611 se
795 554 1051 628 pedibus
1083 554 1144 610 in
1185 556 1541 614 sententiam
1571 558 1888 616 Cretensis.
1919 559 2142 616 Similitl

2340 563 2552 633 ιρῆσθαι
2617 566 2676 615 τὸ
2731 561 2789 614 Ὀ
2847 565 3029 636 Πατὴρ
3070 580 3172 634 μου
3224 561 3417 634 μείζων
3482 563 3583 634 μού
3635 560 3799 630 ἔστιν,
3859 561 3938 614 Ὀ

546 646 726 703 etiam
757 643 1165 701 Anchialensis
1196 643 1343 701 dixit
1373 662 1434 702 se
1462 663 1707 720 prorsus
1738 664 1877 705 cum
1908 650 2144 720 suifrag;

2334 659 2495 723 κέρκου
2525 648 2659 704 εἶπεν
2692 651 2910 705 ἔπεσθαι
2937 659 2999 723 τῇ
3027 656 3205 723 γνώμῃ
3232 657 3325 702 τοῦ
3368 656 3578 726 Κρήτης
3604 649 3654 703 ἕν
3691 658 3932 705 ἅπασινο

546 734 834 791 Cretensis
853 732 1217 805 conspirare.

2336 745 2495 811 μοίως
2524 737 2583 793 δὲ
2610 746 2700 794 καί
2738 742 2764 793 ό
2802 738 3088 813 Ἀγχιάλου
3116 737 3225 793 εἷπε
3261 747 3323 813 τῇ
3366 746 3459 792 τοῦ
3491 744 3701 815 Κρήτης
3727 747 3932 815 γνώμῃ

2308 827 2357 880 ἐν
2387 836 2523 881 πᾶσι
2565 837 2818 902 στοιχεῖν.

621 916 704 981 10,
735 910 1288 969 Reverendissimus
1318 917 1375 970 et
1404 930 1663 986 magnus
1692 933 2047 973 oeconomus
2077 916 2196 971 ait:

2382 917 2429 987 ι’,
2494 916 2553 971 Ὀ
2620 918 2903 992 ῦπέρτιμος
2969 921 3059 970 καὶ
3150 921 3312 990 μέγας
3404 917 3668 992 οἰκονόμος
3741 920 3919 973 εἶπεν

542 1001 716 1059 Multa
740 1001 985 1074 quidem
1008 1000 1205 1057 dicere
1237 1002 1546 1072 haberem,
1574 1005 1977 1077 quamobrem
1999 1007 2140 1060 exist

2332 1008 2472 1078 Εἶχον
2528 1011 2619 1080 μεν
2687 1006 2853 1061 πολλὰ
2926 1006 3083 1060 εἰπεῖν
3145 1007 3282 1067 ὅπως
3333 1014 3433 1060 νοῶ
3501 1007 3759 1083 εἰρηκέναι
3828 1010 3930 1060 τὸν

541 1106 704 1147 mem
733 1090 961 1145 dictum
984 1106 1019 1146 a
1049 1090 1303 1147 Domino
1337 1095 1569 1148 Patrem
1596 1094 1887 1165 majorem
1916 1094 1994 1150 ob
2025 1110 2133 1149 sua

2335 1098 2501 1169 ἱύριον
2558 1096 2776 1168 μείζονα
2831 1098 2919 1148 τόν
2970 1099 3178 1170 Πατέρα
3232 1100 3322 1148 καὶ
3359 1097 3497 1148 κατὰ
3533 1099 3592 1149 τὸ
3652 1095 3933 1170 ἀνθρώπε-

542 1180 721 1237 etiam
771 1178 1256 1249 humanitatem;
1308 1187 1623 1238 contentus
1666 1189 1865 1241 tamen
1916 1199 2018 1241 ero
2058 1200 2136 1256 ap

2341 1204 2391 1237 ον
2425 1206 2437 1218 ·
2469 1183 2732 1260 ἀρκοῦμαι
2771 1182 2831 1237 δὲ
2868 1193 2940 1256 τῷ
2991 1182 3319 1256 ἀποστολικνρ
3377 1185 3522 1259 ῥητῷ
3570 1181 3664 1238 διὰ
3703 1183 3939 1259 βραχυ-

545 1268 756 1326 stolico
780 1267 1087 1325 brevitatis
1110 1284 1297 1325 causa
1326 1270 1505 1327 effeto
1530 1288 1608 1328 ex
1651 1289 1769 1329 uno
1804 1289 2023 1339 omnes,
2075 1281 2139 1328 tu

2337 1279 2484 1345 ηογίαν
2544 1283 2617 1345 τῷ
2679 1275 2842 1334 οὕτως
2890 1272 3111 1345 λέγοντι,
3175 1275 3241 1333 ὡς
3307 1273 3393 1336 Ἐξ
3457 1272 3564 1334 ἑνὸς
3624 1275 3830 1346 πάντες,
3900 1272 3935 1326 ὃ

542 1359 650 1431 qui
688 1358 1050 1427 sanctiﬁcat,
1075 1362 1199 1413 tum
1239 1361 1638 1430 sanctz‘ﬁcatz‘;
1676 1366 1853 1435 utque
1884 1362 1998 1417 hac
2040 1378 2137 1416 ver

2337 1382 2364 1415 ἐ
2414 1362 2645 1434 ἁγιάζων
2694 1368 2785 1415 καὶ
2824 1364 2873 1415 οἱ
2913 1361 3253 1435 ἁγιαζόμενοι
3294 1382 3308 1395 ι
3348 1366 3441 1415 καὶ
3483 1369 3557 1433 τῷ
3611 1361 3935 1438 ἑρμηνεύον-

542 1464 665 1503 uno
696 1446 1208 1517 interpretatione,
1246 1446 1415 1519 quod
1454 1464 1671 1522 nempe
1703 1450 2044 1506 communis
2074 1467 2140 1507 on

2345 1472 2364 1504 ι
2420 1455 2478 1504 τὸ
2546 1451 2598 1514 ἐξ
2650 1451 2779 1516 ἑνὸς⁹
2837 1453 2918 1504 ὅτι
2973 1454 3141 1512 κοινός
3205 1451 3411 1504 πάντων
3458 1455 3628 1526 πατὴρ
3676 1450 3839 1505 -ἐστιν
3904 1452 3940 1504 ὁ

542 1537 713 1593 nium
755 1538 923 1591 Pater
962 1539 1050 1590 est
1093 1536 1268 1599 Deus,
1312 1540 1377 1591 ut
1406 1537 1592 1594 factor
1623 1544 1804 1612 atque
1834 1545 2066 1596 creator
2099 1557 2113 1606 ;

2336 1544 2464 1609 956;,
2515 1544 2585 1603 ὡς
2645 1545 2865 1603 κτίστης
2923 1545 3013 1593 καὶ
3062 1537 3410 1614 δημιουργὸς,
3480 1546 3569 1594 καὶ
3625 1540 3785 1595 αὐτοῦ
3851 1538 3934 1599 δή

544 1626 792 1698 quidem
824 1623 1003 1680 etiam
1041 1623 1229 1695 ipsius
1275 1625 1502 1699 Christi,
1536 1632 1836 1701 quatenus
1866 1630 2050 1685 homo
2094 1645 2142 1683 es

2342 1637 2405 1682 οῦ
2454 1637 2691 1704 Χριστοῦ
2734 1626 2829 1682 διὰ
2878 1633 2937 1682 τό
2977 1627 3294 1703 ἀνθρώπινον
3357 1629 3537 1682 αὐτοῦ.
3598 1634 3700 1683 Καὶ
3764 1626 3940 1683 οὐδε-ν

544 1714 812 1785 Nihilque
861 1712 1184 1780 absonum,
1232 1714 1279 1769 si
1322 1716 1657 1777 secundum
1711 1718 1870 1774 hanc
1908 1719 2138 1775 ratione

2342 1738 2531 1781 ιπεικος
2582 1719 2626 1771 εἰ
2664 1720 2800 1771 κατὰ
2852 1722 2938 1772 τὸν
2984 1718 3135 1791 λόγον
3183 1726 3363 1772 τοῦτον
3414 1718 3629 1791 μείζονα
3664 1722 3751 1771 τόν
3810 1725 3940 1772 Πειο

548 1802 849 1873 majorem
883 1804 1113 1856 Patrem
1145 1817 1205 1857 se
1242 1802 1489 1861 homine
1519 1806 1686 1863 dixit.
1716 1810 1965 1877 Magnus
1997 1810 2142 1864 Scer

2351 1813 2443 1883 ἐρα
2480 1811 2656 1881 εἴρηκε
2707 1812 2797 1860 καὶ
2846 1811 2912 1869 ὡς
2963 1806 3343 1883 ἄνθρωπος.’0
3389 1811 3548 1880 μέγας
3602 1807 3944 1881 σκευοφύλαξ

545 1891 779 1966 phylax
799 1888 1281 1962 dixitzzNondum
1308 1893 1368 1949 in
1393 1897 1679 1968 apostolis
1701 1897 1882 1970 plena
1908 1899 2143 1971 ﬁrmaqt

2346 1898 2455 1949 ἵπεν
2498 1912 2511 1925 ·
2554 1900 2715 1949 Οὔπω
2770 1897 2834 1948 τὰ
2908 1905 3006 1958 τῆς
3070 1896 3424 1972 πληροφορίας
3491 1904 3583 1958 τῆς
3645 1902 3763 1972 περὶ
3831 1905 3941 1951 τοῦ

546 1985 675 2038 erat
702 1981 778 2037 de
810 1981 1118 2036 Servatore
1163 1979 1315 2037 ﬁdes
1357 1999 1370 2050 ;
1421 1991 1861 2060 proptereaque
1913 1989 2144 2058 majore

2343 1994 2559 2060 Ξωτῆρος
2608 1994 2711 2047 τοῖς
2759 1983 3066 2046 ἀποστόλοις
3123 1983 3185 2044 ἦν
3247 1984 3440 2059 βέϐαια
3470 2003 3485 2018 ’
3524 1991 3617 2039 καὶ
3646 1983 3741 2039 διὰ
3767 1994 3941 2040 τοῦτο

547 2086 757 2127 curam
787 2066 1140 2142 postulabat
1164 2070 1384 2128 horum
1414 2073 1752 2144 inﬁrmitas,
1781 2094 1968 2149 quam
1992 2076 2145 2133 divit:

2335 2074 2552 2135 πλείονος
2614 2072 2892 2150 φροντίδος
2946 2074 3160 2137 ἠξιοῦτο
3212 2076 3242 2133 ἡ
3304 2078 3501 2127 τούτων
3568 2074 3829 2146 ἀσθένεια,
3900 2078 3933 2136 ἣ

545 2159 752 2232 gloriae
781 2157 1338 2234 magnitudinisque
1365 2163 1815 2222 demonstratio.
1850 2168 2044 2232 Quare
2074 2183 2143 2223 cu

2338 2166 2353 2221 ᾖ
2412 2171 2507 2225 τῆς
2562 2166 2705 2223 Θείας
2777 2161 2940 2227 δόξης
3011 2168 3101 2217 καὶ
3179 2162 3579 2237 μεγαλειότητος
3639 2160 3936 2226 ἀνάδειξις.

544 2252 769 2307 Iudaeis
802 2265 1013 2323 parem
1046 2259 1164 2312 Deo
1194 2269 1253 2308 se
1281 2252 1473 2309 facere
1518 2256 1687 2311 visus
1719 2261 1827 2325 est,
1855 2256 2085 2330 lapides
2115 2274 2142 2313 a

2345 2260 2445 2305 Οτε
2508 2260 2631 2325 γοῦν
2674 2253 2873 2307 ἰσόθεόν
2925 2254 3081 2305 αὐτόν
3143 2255 3193 2305 οἱ
3224 2249 3477 2307 Ἰουδαῖοι
3516 2253 3643 2316 ἃως
3682 2251 3942 2325 ἐνόμισαν

545 2357 756 2399 versus
792 2360 931 2401 eum
976 2345 1361 2402 sustulerunt.
1413 2345 1595 2416 Igitur
1640 2350 1703 2402 ut
1730 2347 2045 2418 puritatem
2076 2364 2143 2403 cu

2347 2342 2583 2412 .ἐγεσθαι,
2640 2341 2814 2402 λίθους
2870 2342 3001 2416 ἦραν
3053 2339 3132 2393 ἔπ’
3170 2340 3326 2393 αὐτόν
3357 2362 3370 2374 θ
3418 2338 3504 2395 διὸ
3552 2344 3612 2394 τὸ
3654 2339 3945 2412 ἀνθρωπό-

550 2432 672 2486 Deo
706 2431 1106 2502 subtraheret,
1152 2433 1479 2490 exilitatem
1530 2450 1704 2490 suam
1757 2435 2148 2492 demissionei

2346 2449 2480 2492 ἠτος
2521 2430 2615 2483 οῦκ
2663 2428 2932 2504 ἀτιμάζων
2977 2434 3185 2505 μέτρον,
3243 2434 3364 2492 τοὺς
3410 2439 3474 2503 τῇ
3524 2434 3737 2483 κενώσει
3801 2435 3944 2505 πρέ-

550 2532 670 2592 que
715 2524 772 2576 et
814 2521 1216 2582 humilitatem
1266 2527 1471 2594 aperte
1526 2539 1822 2588 asserens,
1872 2525 2148 2581 humauit

2354 2538 2515 2581 νοντας
2570 2518 2665 2572 οὐκ
2730 2516 3160 2592 ἀποπεμπόμενος
3205 2518 3410 2590 λόγους,
3452 2518 3499 2571 ἐν
3555 2526 3629 2588 τῷ
3684 2522 3952 2590 πρίποντι

550 2607 749 2681 tisque
780 2611 1098 2668 modulum
1147 2628 1269 2668 non
1306 2611 1655 2682 indignans,
1693 2618 2148 2688 congruentesq‘

2352 2616 2491 2682 ιαιρῷ
2532 2608 2748 2680 μείζονα
2804 2609 2914 2660 εἶπε
2960 2610 3047 2659 τὸν
3092 2611 3318 2681 Πατέρα,
3377 2606 3468 2660 ἅτε
3508 2611 3711 2682 μορφὴν
3742 2603 3950 2660 δούλου

552 2698 959 2756 extenuationi
989 2700 1320 2757 locutiones
1351 2716 1475 2757 non
1496 2701 1846 2774 repudians,
1871 2707 2150 2775 opportui

2357 2695 2512 2751 αϐὼν,
2572 2696 2629 2749 ὐ
2686 2701 2851 2769 μέγας
2920 2695 3256 2769 σακελλάριος
3308 2696 3485 2749 εἶπεν⁶
3537 2695 3598 2749 Ὀ
3649 2699 3952 2768 μονογενὴς

552 2788 825 2858 tempore
848 2790 1142 2862 majorem
1158 2794 1389 2848 Patrem
1412 2790 1752 2864 appellavit,
1773 2796 2072 2864 quatenus
2087 2792 2149 2864 ip

2350 2790 2501 2859 λόγος
2551 2794 2644 2839 τοῦ
2689 2794 2823 2840 Θεοῦ
2872 2792 2962 2839 καὶ
3011 2790 3215 2858 Πατρός
3270 2790 3362 2838 καὶ
3401 2783 3495 2838 διὰ
3539 2790 3635 2844 την
3681 2787 3948 2861 ἡμετέραν

557 2875 716 2931 servi
753 2876 1012 2936 formam
1036 2882 1626 2952 acceperat.Magnus
1654 2880 2001 2937 sacellarius
2028 2881 2148 2937 dixi

2351 2880 2594 2948 rmrnpiav
2647 2878 2880 2936 κενωθεὶς
2935 2879 3026 2927 καὶ
3090 2875 3190 2928 ὑπὸ
3255 2877 3496 2928 σύνθεσιν
3551 2873 3726 2940 ἐλθὼν,
3795 2871 3949 2927 εἶπεν

558 2964 937 3034 Unigenitum
952 2968 1213 3024 Verbum
1238 2968 1336 3024 Dei
1362 2973 1417 3024 et
1446 2967 1653 3036 Patris,
1675 2984 1927 3042 prosper
1949 2974 2154 3025 nostra

2347 2984 2376 3014 ν
2434 2964 2788 3036 Εὐαγγελίοις,
2857 2964 2915 3017 Ὀ
2971 2968 3153 3037 Πατήρ
3207 2983 3307 3036 μου
3356 2963 3547 3036 μείζων
3614 2966 3720 3037 μού
3794 2961 3945 3033 ἔστι,

556 3051 814 3110 salutem
875 3056 1277 3121 exinanitum,
1354 3061 1538 3129 atque
1599 3056 1679 3113 ad
1738 3057 2151 3114 incarnatione

2347 3058 2418 3105 ιαὶ
2477 3049 2572 3105 διὰ
2626 3058 2720 3112 τὴν
2781 3054 3041 3121 σύνθεσιν,
3093 3056 3254 3124 ἤγουν
3309 3048 3403 3105 διὰ
3463 3055 3523 3104 τό
3583 3056 3800 3127 φορέσαι
3838 3057 3945 3111 την

556 3159 750 3217 usque
771 3145 1126 3215 demissum,
1154 3145 1235 3202 ait
1253 3145 1316 3201 in
1340 3145 1696 3217 Evangeliis,
1721 3147 2077 3203 Pater-meus
2097 3163 2152 3203 m

2350 3144 2659 3217 ινθρωπίνην
2716 3144 2873 3215 φύσιν
2932 3146 3029 3201 τὴν
3078 3143 3322 3201 παθητὴν
3380 3146 3471 3194 καὶ
3525 3145 3764 3208 κτιστὴν,
3816 3143 3948 3202 ητις

2401 3236 2412 3246 .
2530 3236 2540 3246 .
2644 3232 2666 3246 ..
2809 3230 2863 3246 «Α
3160 3229 3198 3246 Α
3251 3230 3277 3246 ν
3356 3237 3379 3246 -
3544 3229 3596 3246 ,..
3666 3235 3676 3246 .
3759 3231 3772 3242 .

548 3238 655 3307 jor
678 3253 771 3297 me
795 3242 902 3304 est,
930 3233 1206 3291 videlicet
1233 3234 1413 3291 etiam
1441 3240 1689 3308 propter
1718 3235 2146 3293 incarnatione:

2348 3236 2420 3284 ιαὶ
2477 3232 2741 3286 πέπονθεν.
2809 3230 2867 3283 Ὁ
2934 3229 3277 3307 χαρτοφῦλαξ
3332 3237 3486 3285 εἶπεν.
3544 3229 3684 3283 Ἐπεὶ
3742 3231 3776 3283 ,ό
3839 3249 3946 3303 μο-

559 3342 630 3383 ac
677 3330 960 3384 naturam
1024 3323 1364 3380 humanam
1409 3340 1598 3395 quam
1640 3324 1917 3382 comitem
1956 3323 2156 3381 habeb

2345 3327 2542 3394 οογενης
2593 3324 2713 3383 Υἱὸς
2760 3328 2851 3374 τοῦ
2903 3328 3037 3374 Θεοῦ
3089 3321 3115 3372 ό
3159 3321 3439 3392 όμοούσιος
3501 3327 3574 3390 τῷ
3633 3324 3803 3395 Πατρὶ
3842 3324 3943 3372 καὶ

558 3413 914 3489 passibilem
966 3416 1378 3485 creatamque,
1431 3429 1570 3486 quae
1629 3430 1841 3485 reapse
1894 3430 2076 3485 passa
2114 3430 2156 3469 e:

2342 3412 2599 3484 ὁμότιμος,
2673 3412 2799 3472 Θεὸς
2869 3409 3058 3471 τέλειος
3112 3410 3200 3477 ὢν,
3273 3414 3365 3461 καὶ
3419 3409 3688 3483 ἄνθρωπος
3750 3413 3940 3481 γέγονε

561 3500 1011 3574 Chartophylax
1048 3498 1198 3557 dixit
1238 3515 1252 3556 :
1311 3500 1611 3565 Quoniam
1666 3501 2011 3570 unigenitus
2045 3501 2159 3557 Filiw

2341 3499 2535 3570 τέλειος,
2591 3495 2685 3552 διὰ
2737 3504 2829 3558 τὴν
2894 3501 3147 3574 ἡμετέραν
3223 3502 3487 3570 σωτηρίαν
3552 3497 3939 3571 παραπλησίως

562 3593 686 3649 Dei.
731 3592 883 3650 Patri
932 3590 1469 3648 consubstantialis
1498 3592 1849 3665 honoreque
1876 3608 2004 3664 par,
2036 3592 2160 3665 pert

2344 3591 2457 3661 ἡμῖν
2520 3593 2805 3662 μετασχὼν
2873 3590 3088 3661 αἳματος
3158 3591 3247 3640 καὶ
3303 3590 3517 3660 σαρκὸς,
3566 3587 3782 3660 μείζονα
3847 3592 3942 3641 τόν

560 3687 692 3740 ctus
711 3685 882 3749 Deus,
897 3681 1084 3738 homo
1106 3694 1348 3753 quoque
1370 3680 1669 3753 perfectus
1688 3686 1933 3754 propter
1949 3687 2155 3737 nostra

2347 3682 2540 3755 Πατέρα
2594 3680 2729 3731 εἶπεν
2774 3678 2958 3731 ἑαυτοῦ
2996 3682 3087 3731 καὶ
3132 3678 3263 3730 κατὰ
3314 3680 3408 3735 τὴν
3446 3675 3497 3728 ἐν
3537 3676 3679 3747 αὐτῷ
3711 3683 3945 3737 κτίστην

558 3772 816 3829 salutem
868 3770 1061 3829 tactus
1122 3775 1228 3843 est,
1264 3786 1434 3845 seque
1480 3787 1550 3827 ac
1590 3787 1701 3826 nos
1754 3771 1949 3827 carnis
1980 3786 2156 3841 sangt

2344 3772 2508 3840 φύσιν,
2565 3768 2682 3821 καθ’
2731 3767 2793 3827 ἢν
2840 3773 2929 3820 καὶ
2976 3769 3245 3823 πέπονθεν.
3299 3775 3343 3819 Ο
3381 3771 3718 3840 κανστρίσιος
3746 3768 3889 3821 εἶπεν
3927 3786 3942 3801 ·

557 3862 775 3935 nisque
808 3864 1197 3938 participans,
1248 3861 1473 3919 idcirco
1522 3861 1817 3931 majorem
1851 3863 2081 3915 Patrem
2113 3876 2155 3931 a;

2345 3854 2473 3910 ῡῖδα
2508 3860 2599 3930 μὲν
2647 3861 2737 3910 καὶ
2787 3856 2942 3919 αὐτὸς
2987 3855 3035 3908 ἐν
3073 3863 3188 3918 ταῖς
3217 3860 3335 3930 περὶ
3363 3862 3455 3908 τοῦ
3493 3858 3731 3909 τοιούτου
3766 3854 3943 3930 ῥητοῦ

556 3954 827 4028 pellavit,
851 3955 1030 4011 etiam
1055 3952 1391 4011 secundum
1423 3955 1685 4007 creatam
1709 3953 1992 4005 naturam
2023 3965 2154 4005 sua!

2345 3947 2662 4019 ἑξηγητικαῖς
2718 3947 3104 4019 ῦπαγορεύσεσι
3156 3954 3257 3997 τῶν
3325 3945 3487 4018 ἁγίων
3532 3950 3793 4021 Πατίρων,
3841 3952 3943 4001 καὶ

556 4042 619 4099 in
647 4059 774 4116 qua
802 4048 859 4099 et
889 4059 1112 4116 passus
1138 4047 1252 4099 est.
1282 4040 1637 4097 Canstrisius
1662 4037 1812 4093 dixit
1857 4055 1870 4093 :
1919 4040 2038 4109 Ego
2066 4054 2149 4111 qu

2345 4040 2399 4099 ὗς
2449 4038 2718 4112 ἄνθρωπον
2779 4035 3037 4109 εἰρηκέναι
3092 4043 3246 4088 τοῦτο
3304 4038 3392 4087 τὸν
3447 4038 3639 4109 Κύριον
3694 4035 3943 4108 λέγοντάς

556 4146 676 4202 que
704 4131 846 4199 scio,
884 4132 1036 4188 inter
1065 4130 1398 4201 exegeticas
1440 4131 1788 4185 sanctorum
1840 4127 2082 4182 Patrum
2124 4142 2154 4183 e

2345 4147 2471 4189 ma;
2506 4147 2518 4159 ·
2555 4129 2689 4178 οὕτω
2739 4121 2799 4178 δὲ
2835 4133 2933 4177 νοῶ
2993 4128 3071 4193 τό,
3104 4127 3174 4187 ὡς
3222 4125 3514 4199 ἄνθρωπον.
3556 4126 3687 4178 καθὸ
3725 4130 3943 4198 γέγονεν

555 4218 909 4292 plicationes
926 4220 1087 4277 etl'ati
1102 4219 1307 4291 hujus,
1322 4217 1647 4276 nonnullos
1663 4215 2150 4279 afﬁrmare,dictu

2346 4217 2593 4290 ἱνθρωπος
2652 4214 2712 4267 οῦ
2764 4218 2868 4288 μὴν
2933 4213 3061 4268 ἀλλὰ
3097 4218 3187 4268 καὶ
3229 4216 3363 4267 κατὰ
3399 4217 3487 4268 τόν
3539 4211 3775 4274 οὖσιώδη
3842 4222 3944 4271 καὶ

555 4307 621 4365 id
669 4308 859 4364 fuisse
903 4309 1084 4364 etiam
1140 4307 1214 4362 de
1280 4306 1656 4367 humanitate
1718 4324 1730 4358 :
1780 4305 2152 4362 humanitate

2341 4308 2544 4378 ρυσικόν
2603 4300 2846 4363 δηλονότι
2896 4302 3048 4377 λόγον
3108 4311 3199 4364 τῆς
3246 4301 3295 4355 ἓν
3329 4302 3469 4375 αὐτῷ
3517 4302 3939 4379 ἀνθρωπότητος,

556 4399 759 4455 autem
783 4394 1053 4467 intelligo
1088 4399 1388 4468 quatenus
1445 4396 1627 4450 homo
1679 4393 1874 4449 factus
1921 4399 2028 4449 est.
2093 4397 2154 4449 in

2344 4396 2388 4456 Ξς
2447 4398 2506 4447 τό
2564 4397 2774 4447 κτιστὸν
2835 4394 3203 4456 ὑποστατικῶς
3232 4395 3412 4446 ἑνωθεν
3458 4400 3530 4463 τῷ
3575 4391 3804 4465 ἁκτίστῳ
3840 4402 3942 4449 καὶ

555 4485 737 4543 etiam
785 4483 1012 4540 dictum
1065 4482 1330 4553 intelligo
1384 4482 1718 4539 secundum
1760 4480 2150 4538 substantiale

2340 4486 2512 4538 θεωθὲν
2576 4483 2631 4547 ἐξ
2684 4485 2847 4559 ἄκρας
2904 4482 3154 4552 ἐνὼσεως,
3214 4482 3310 4535 οὐκ
3384 4480 3704 4555 ἆσνγχύτως
3775 4488 3938 4556 μόνον

554 4573 995 4647 physicamque
1038 4572 1329 4629 rationem
1394 4571 1791 4628 humanitatis
1821 4586 1955 4643 quae
1984 4570 2044 4626 in
2084 4571 2152 4644 ip:

2343 4578 2415 4627 ιαὶ
2470 4543 2857 4647 ἀμεταϐλήτους,
2929 4570 3059 4625 ἀλλὰ
3108 4568 3176 4632 δὴ
3234 4575 3326 4625 καὶ
3393 4543 3786 4642 Magaw“.
3832 4579 3941 4646 μιᾷ

555 4666 664 4729 est,
695 4662 867 4733 cujus
886 4666 1149 4719 creatam
1169 4661 1570 4717 substantiam
1590 4660 1962 4733 hypostatice
1991 4660 2153 4718 incre

2335 4666 2681 4737 προσκυνήσει
2734 4668 3103 4735 προσκυνεῖται
3154 4659 3204 4714 ἐν
3277 4668 3349 4732 τῷ
3390 4658 3623 4733 ἀκτίστῳ
3689 4665 3847 4733 Λόγῳ
3916 4664 3933 4694 ⁸

553 4755 627 4810 tae
660 4751 1010 4808 substantiae
1051 4750 1284 4807 unitam
1320 4756 1376 4807 et
1416 4750 1761 4829 deiﬁcatam
1803 4749 1883 4807 ob
1910 4766 2150 4808 summa

2338 4758 2415 4806 ιαὶ
2472 4761 2597 4812 Θεος
2649 4751 2835 4813 τελειος
2872 4770 3003 4825 μετα
3066 4759 3163 4813 τῆς
3223 4748 3419 4812 οἰκείας
3471 4748 3720 4824 ἀτριψίας
3774 4753 3936 4826 ὑπερ-

550 4841 1058 4915 conjunctionem,
1093 4856 1214 4896 non
1246 4840 1558 4897 inconfusc
1591 4839 1786 4896 solum
1814 4844 1873 4896 et
1898 4838 2148 4897 inconve

1591 4839 1786 4896 solum
1814 4844 1873 4896 et
1898 4838 2212 4897 inconver-
2324 4850 2463 4918 φυῶς
2500 4839 2614 4894 ἐστί
2644 4860 2698 4894 τε
2735 4844 2826 4894 καὶ
2851 4839 3182 4915 ὀνομάζεται.

548 4930 808 5001 tibiliter,
840 4947 1052 4987 verum
1081 4930 1264 4988 etiam
1315 4928 1725 4994 immobiliter,
1771 4928 1950 4986 unica
1990 4928 2391 4990 admiratione
2433 4945 2796 4987 veneramur
2838 4934 2897 4987 et
2943 4928 3201 4987 colimus
3244 4926 3307 4984 in
3345 4927 3611 4985 increato
3668 4926 3870 4987 Verbo
3914 4949 3929 4988 :

555 5021 833 5094 Deusque
861 5020 1162 5093 perlectus
1201 5019 1259 5077 in
1290 5018 1538 5093 propria
1568 5017 2128 5076 inconvertibilitate
2155 5018 2508 5079 mirabiliter
2527 5023 2616 5076 est
2636 5023 2693 5076 et
2720 5018 3092 5076 nominatur.

625 5115 708 5167 11.
751 5108 1209 5167 Reterendarius
1255 5108 1445 5166 dixit:
1504 5110 1652 5164 Cum
1680 5107 1785 5163 diu
1813 5123 1993 5181 super
2034 5123 2214 5166 evan-

2395 5109 2481 5166 ια’.
2539 5109 2597 5163 Ὀ
2647 5104 3073 5184 ῥαιφερενδάριος
3129 5105 3265 5164 εἶπεν
3313 5123 3329 5139 ⁶
3392 5106 3473 5162 Ἐν
3538 5115 3703 5184 καιρῷ
3766 5109 3932 5182 ἱκανῷ

547 5197 738 5271 gelico
768 5198 927 5255 dicto
954 5200 1139 5255 Pater
1164 5214 1327 5255 meus
1354 5199 1555 5269 major
1575 5213 1667 5256 me
1694 5203 1776 5254 est
1804 5198 2059 5270 quaestio
2087 5213 2145 5268 ag

2329 5208 2412 5261 τῆς
2476 5202 2595 5273 περὶ
2649 5205 2741 5251 τοῦ
2798 5196 3132 5271 εὖαγγελικοῦ
3190 5198 3354 5275 ῥητου
3420 5203 3534 5252 τοῦ.
3618 5196 3678 5250 Ὀ
3741 5203 3927 5275 Πατὴρ

547 5292 789 5353 teretur,
830 5294 1035 5345 utrum
1078 5290 1255 5346 etiam
1289 5288 1625 5346 secundum
1658 5287 1893 5343 Domini
1923 5287 2145 5345 divinit:

2330 5308 2420 5341 κου
2476 5288 2668 5360 μείζων
2729 5290 2831 5361 μού
2882 5286 3015 5356 ἐστι,
3075 5291 3343 5361 γινομένης
3398 5287 3667 5348 ζητήσίως
3725 5286 3771 5340 εἰ
3834 5289 3928 5341 καὶ

548 5384 669 5434 tem
699 5396 735 5435 a
765 5381 987 5436 sanctis
1014 5380 1428 5437 sacerdotibus
1459 5379 1678 5437 nostris
1705 5377 1982 5451 divisque
2018 5381 2146 5435 Patr

2327 5380 2454 5430 κατὰ
2491 5381 2550 5430 τὸ
2608 5376 2657 5429 ἐν
2712 5384 2785 5448 τῷ
2847 5381 3022 5451 Κυρίῳ
3084 5375 3401 5452 ἀνθρώπινον
3440 5378 3587 5451 παρὰ
3612 5383 3716 5438 τοῖς
3751 5374 3925 5448 ἆγιοις

544 5466 669 5525 bus"
707 5467 853 5523 illud
893 5468 1260 5526 intellectum
1313 5469 1533 5535 fuerit;
1575 5482 1836 5540 cumque
1883 5467 2008 5541 ejus
2043 5467 2142 5524 eff;

2327 5463 2683 5540 υιυσταγωγοῖς
2748 5468 2893 5539 ἡμῶν
2932 5470 3022 5519 καὶ
3076 5467 3339 5539 Θεοφόροις
3394 5468 3667 5541 Πατροὶσιν
3731 5464 3925 5529 ἐξειλη-

546 5573 794 5612 sensum
826 5556 1324 5620 considerasscm.
1349 5564 1526 5631 prout
1551 5558 1624 5614 dc
1646 5574 1716 5613 eo
1746 5557 2144 5629 pronuntiatu;

2315 5576 2463 5624 πται,
2504 5561 2596 5609 καὶ
2633 5560 2726 5615 τὴν
2787 5560 2908 5630 περὶ
2956 5558 3143 5609 τούτου
3202 5558 3396 5610 ἔννοιαν
3464 5554 3913 5629 ἀναλογιζόμενος,

545 5652 678 5707 est:
731 5646 925 5720 deque
966 5648 1176 5703 eodem
1220 5648 1551 5704 collocutus
1582 5664 1706 5705 non
1746 5646 1930 5704 semel
1958 5646 2143 5705 fuisse:

2318 5649 2452 5709 ὅπως
2504 5650 2699 5719 ἔφησαν
2751 5649 2864 5722 περὶ
2916 5649 3131 5719 τούτου,
3178 5650 3268 5700 καὶ
3323 5642 3763 5720 διομιλησοὲμενος
3793 5641 3916 5700 δια-
