4046 6310
499 353 604 408 2M

508 566 809 621 Christum
856 565 1166 637 passiones
1207 565 1332 619 sine
1382 569 1629 635 peccato
1667 559 2061 623 oeconomica,
2094 557 2154 612 id

507 659 597 710 est
623 670 780 720 vere,
832 653 1147 724 recepisse.
1186 648 1563 710 Atheniensis
1604 653 1751 708 dixit
1807 665 1868 706 se
1913 663 2155 720 quoque

507 743 1023 798 sanctissimorum
1066 743 1542 814 patriarcharum
1595 740 1919 797 sententias
1961 735 2151 809 sequi.

508 820 785 887 Similiter
850 832 1228 898 Larissensis,
1281 831 1658 898 Rhodiensis,
1735 826 2153 899 Philippensis,

506 919 752 976 easdem
783 921 997 976 sectari
1026 921 1479 976 confirmarunt.
1502 919 1922 992 Neopatrensis
1955 920 2154 970 autem

506 1009 654 1064 dixit
673 1015 978 1080 postremo
1008 1011 1313 1066 sententiae
1335 1025 1459 1064 suae
1481 1008 1775 1064 vocabulo
1804 1006 2026 1062 addere
2068 1017 2154 1069 se,

507 1105 814 1168 assumpta
846 1115 1030 1155 carne
1053 1106 1258 1156 creata
1290 1100 1700 1170 passibilique,
1724 1101 1784 1153 in
1813 1112 1931 1168 qua
1955 1099 2009 1151 et
2024 1109 2158 1163 pas-

506 1203 606 1242 sus
617 1194 721 1243 est.
745 1187 1014 1243 Enensis
1031 1188 1190 1243 dixit:
1215 1205 1276 1243 se
1297 1203 1541 1259 quoque
1558 1192 1691 1258 post
1712 1187 2016 1241 sententiae
2034 1197 2157 1236 sum

507 1276 712 1346 verba,
737 1283 804 1332 ut
825 1279 1263 1333 incarnationis
1275 1278 1451 1345 ﬁdem
1470 1279 1724 1347 faceret;
1746 1276 2008 1345 itemque
2025 1276 2158 1327 ante

512 1365 712 1420 verba.
749 1365 859 1420 hoc
897 1372 1094 1421 autem
1124 1367 1210 1420 sic
1239 1366 1472 1434 afﬁrmo
1504 1371 1571 1420 ut
1601 1370 1846 1420 caeteras
1879 1378 1997 1416 non
2038 1374 2158 1415 res-

506 1468 691 1523 puam
720 1461 1057 1510 sanctorum
1099 1455 1421 1522 opiniones,
1451 1451 1900 1524 supperaddere
1923 1454 2158 1504 senten-

509 1542 604 1598 tiae
647 1559 792 1609 suae,
826 1550 1031 1612 utpote
1057 1544 1163 1614 qui
1204 1558 1444 1599 carnem
1483 1545 1888 1610 assumpserat
1936 1543 2158 1594 mortav

512 1631 624 1687 tem
650 1632 1130 1702 passibilemque,
1157 1636 1221 1686 in
1249 1648 1364 1703 qua
1390 1633 1665 1687 videlicet
1700 1636 1754 1686 et
1790 1644 2001 1699 passus
2053 1631 2159 1682 est.

1836 344 2105 405 NICETE
2142 343 2330 403 (211οΝ
2335 347 2521 404 ιΑτΑι

505 476 566 532 in
610 492 719 533 sua
761 475 1054 531 sententia
1103 475 1453 546 protulisse;
1499 474 1725 546 quippe
1771 471 1876 544 qui
1925 470 2157 525 dixerat

2269 469 2423 522 αὐτοῦ
2486 472 2671 534 αὐταῖς
2720 471 3038 532 ἐναντιωθείς
3093 485 3108 502 ·

3749 347 3890 402 232

3169 471 3240 530 ὡς
3287 467 3437 520 εἰπὼν
3500 466 3548 520 ἐν
3598 468 3728 541 αὐτῇ
3796 469 3896 519 τὰ

2262 561 2402 623 πάθη
2469 563 2535 613 τὰ
2592 557 2890 617 ἂδιάϐλητα
2965 560 3324 632 οἰκονομικῶς,
3395 561 3561 611 ε’ίτουν
3633 556 3882 622 ἀληθῶς,

2261 651 2348 700 τὸν
2392 653 2624 724 Χριστὸν
2680 646 3089 712 καταδέξασθαι.
3138 646 3196 699 Ὀ
3255 647 3484 704 Ἀθηνῶν
3549 651 3639 698 καὶ
3703 645 3892 707 αὐτὸς

2260 745 2378 800 ταῖς
2445 745 2678 812 γνώμαις
2757 749 2854 791 τῶν
2939 737 3240 810 ἁγιωτάτων
3322 745 3666 811 πατριαρχῶν
3752 733 3892 788 εἷπε

2265 835 2519 897 στοιχεῖν.
2551 827 2610 882 ’0
2643 833 2922 904 Λαρίσσης
2969 825 3080 880 εἷπε
3121 831 3209 878 καὶ
3261 825 3417 888 αὐτὸς
3455 827 3671 878 ἕπεσθαι
3725 827 3885 877 ταύ-

2262 935 2394 976 ταις·
2438 915 2658 989 Ὁμοίως
2710 922 2801 969 καὶ
2853 919 2878 968 ὁ
2929 913 3111 968 Ῥόδου
3160 918 3380 976 ταύταις
3429 915 3538 967 εἷπε
3593 920 3876 984 στοιχεῖν-

2266 1009 2366 1056 Καὶ
2424 1007 2449 1055 ὁ
2513 1005 2776 1059 Φιλίππων
2834 1011 2924 1057 καὶ
2983 1005 3143 1066 αὐτὸς
3191 1001 3298 1056 εἶπε
3349 1005 3568 1064 ταύταις
3618 1004 3880 1059 ἔπεσθαι.

2262 1093 2320 1145 '0
2361 1092 2420 1147 δὲ
2467 1101 2606 1148 Νέων
2651 1104 2866 1171 Πατρῶν
2913 1097 3252 1170 προστιθέναι
3301 1090 3411 1146 εἶπε
3463 1100 3536 1163 τῷ
3583 1092 3881 1162 τελευταίῳ

2264 1184 2464 1257 ῥήματι
2545 1193 2640 1248 τῆς
2712 1191 2921 1258 γνώμης
2982 1184 3142 1238 αὐτοῦ
3215 1186 3366 1252 (39),
3457 1184 3629 1258 σάρκα
3690 1181 3886 1234 λαϐὼν

2265 1277 2488 1332 κτιστὴν
2579 1279 2669 1327 καὶ
2751 1277 3024 1342 καθητήν,
3105 1275 3224 1326 καθ’
3299 1273 3360 1330 ἢν
3441 1277 3532 1324 καὶ
3609 1273 3866 1324 πέπονθε.

2269 1367 2370 1414 Καὶ
2426 1365 2452 1415 ὁ
2493 1367 2645 1417 Αἴνου
2705 1361 2765 1417 δὲ
2811 1369 2900 1416 καὶ
2943 1363 3099 1424 αὐτὸς
3161 1364 3290 1435 μετὰ
3337 1365 3396 1413 τὸ
3445 1360 3496 1413 ἓν
3550 1367 3614 1433 τῇ
3677 1366 3881 1432 γνώμη

2268 1453 2430 1504 αὑτοῦ
2508 1458 2863 1526 γεγραμμένον
2943 1454 3096 1523 (40),
3166 1455 3264 1518 τὸ,
3342 1452 3684 1522 πιστούμενος
3771 1454 3887 1506 τὴν

2268 1540 2562 1613 οἰκονομίαν
2611 1557 2626 1573 ⁸
2694 1547 2782 1594 καὶ
2845 1545 2946 1614 πρὸ
3008 1548 3116 1606 τοῦ,
3200 1543 3350 1611 Λέγω
3415 1536 3476 1592 δε
3525 1545 3674 1592 τοῦτο
3733 1540 3890 1610 μετὰ

2267 1635 2358 1681 καὶ
2414 1639 2516 1682 τῶν
2582 1631 2746 1683 ἄλλων
2801 1632 2868 1682 ὧν
2934 1633 2984 1683 οἰ
3039 1629 3184 1702 ἅγιοι
3237 1629 3471 1701 λέγουσι,
3528 1629 3888 1702 προστιθέναι

2271 1716 2378 1771 εἶπε
2442 1729 2505 1792 τῇ
2575 1727 2753 1793 γνώμη
2813 1719 2974 1772 αὐτοῦ
3041 1739 3124 1789 το,
3188 1721 3254 1779 ὡς
3319 1724 3407 1772 καὶ
3462 1719 3636 1790 σάρκα
3696 1716 3888 1769 λαϐὼν

3207 1808 3266 1866 ἢν
3335 1804 3474 1866 δῆτα
3530 1810 3618 1859 καὶ
3672 1810 3884 1858 πέπον-

509 1722 826 1790 Cocyrzeus
871 1721 1019 1776 dixit
1071 1719 1345 1776 recedere
1391 1737 1451 1775 se
1491 1733 1740 1792 prorsus
1790 1735 1826 1773 a
1869 1714 2164 1771 sententia.

513 1825 644 1879 sua,
676 1814 854 1880 atque
901 1811 977 1864 ad
1009 1811 1139 1865 illas
1178 1810 1658 1882 patriarcharum
1705 1807 2010 1863 accedere.
2049 1807 2158 1860 Ma-

2271 1809 2462 1867 θνητὴν
2518 1815 2608 1861 καὶ
2676 1812 2940 1879 παθητὴν,
3000 1808 3128 1861 παθ⁹

513 1911 666 1968 gnus
697 1898 1101 1970 scevophylax
1123 1898 1523 1968 interrogatus
1553 1903 1609 1953 et
1632 1898 1784 1969 ipse,
1804 1900 2003 1950 utrum
2027 1907 2158 1948 san-

2273 1899 2374 1948 θεν.
2431 1898 2492 1950 Ὁ
2544 1895 2604 1951 δέ
2649 1918 2709 1970 γε
2769 1901 3038 1974 Κερκύρων
3096 1896 3231 1950 εἶπεν
3281 1896 3602 1970 ἀφίστασθαι
3643 1894 3883 1946 καθόλου

512 1986 914 2042 ctissimorum
933 1987 1408 2059 patriarcharum
1434 1986 1737 2042 sententiis
1757 1985 2158 2049 assentiretur,

2269 1993 2368 2038 τῶν
2420 1988 2543 2059 παρ’
2593 1988 2756 2040 αὐτοῦ
2809 1989 3274 2059 γνωματενθέντων
3309 1999 3324 2014 ⁸
3379 1987 3594 2039 ἔπεσθαι
3651 1980 3710 2036 δῖε
3751 1992 3886 2046 ταῖς

515 2074 597 2130 ait
643 2089 708 2131 se
741 2074 819 2130 ad
871 2081 1237 2146 postremam
1298 2076 1605 2130 sententiae
1663 2090 1784 2128 sua“:
1815 2072 2162 2137 dictionem,

512 2169 807 2234 quatenus
839 2165 963 2233 ipse
1005 2166 1162 2220 servi
1199 2166 1464 2233 formam
1519 2169 1848 2232 acceperat.
1906 2161 2164 2230 adjicere

509 2251 700 2308 verba
723 2268 1078 2324 carnemque
1096 2255 1382 2309 visibilem
1404 2253 1880 2309 contrectabitem
1899 2253 2162 2305 creatam

511 2341 1023 2410 circumscriptam
1049 2348 1104 2398 et
1129 2342 1473 2411 passibilem
1504 2345 1937 2409 assumpserat,
1955 2340 2015 2393 in
2045 2351 2164 2408 qua

512 2443 722 2497 reapse
741 2435 797 2484 et
819 2443 1035 2498 passus
1060 2429 1569 2502 est.Subdiditqne
1601 2445 1664 2483 se
1679 2427 2164 2500 patriarcharum

514 2533 757 2589 quoque
810 2520 1116 2575 sententiis
1174 2520 1498 2575 adhaerere.
1565 2522 1812 2587 Magnus
1868 2518 2010 2571 item
2064 2531 2162 2570 sa-

513 2606 787 2661 cellarius
848 2608 930 2662 ait
981 2609 1146 2680 sequi
1197 2625 1258 2663 se
1327 2608 1848 2664 sanctissimorum
1911 2604 2163 2676 patriar-

511 2695 764 2750 charum
785 2698 1126 2752 sententias.
1161 2697 1518 2754 Canstrisius
1556 2697 1704 2752 dixit
1726 2713 1788 2773 se
1820 2695 2037 2766 pariter
2056 2709 2160 2765 pa-

511 2784 903 2840 triarcharum
952 2786 1188 2854 judiciis
1233 2787 1632 2858 acquiescere.
1677 2787 1946 2855 Denique
1980 2783 2160 2839 etiam

514 2872 802 2943 magister
827 2875 1132 2930 rhetorum
1159 2892 1298 2930 cum
1338 2876 1551 2930 iisdem
1583 2875 1927 2946 conspirare
1969 2887 2028 2926 se
2059 2871 2158 2926 ait.

515 2961 659 3016 Cum
709 2977 853 3030 ergo
899 2978 1110 3017 omnes
1165 2963 1631 3029 consensissent,
1687 2979 1798 3017 nec
1835 2961 2161 3032 quisquam

513 3049 836 3120 ambiguus
887 3052 1016 3122 jam
1083 3059 1440 3124 superesset,
1503 3052 1657 3108 facta
1711 3057 1803 3107 est
1849 3067 1885 3105 a
1929 3048 2158 3106 cunctis

2269 3063 2560 3129 τριαρχῶν.
2590 3061 2690 3109 Καὶ
2721 3057 2746 3107 ὁ
2797 3058 3036 3130 μαῖα-τωρ
3087 3052 3148 3107 δε
3202 3063 3301 3107 τῶν
3346 3055 3583 3130 ῥητόρων
3625 3059 3715 3106 καὶ
3767 3053 3880 3105 αὑ-

514 3137 713 3194 fausta
751 3140 1125 3212 acclamatio,
1170 3158 1375 3197 mense
1427 3149 1484 3197 et
1539 3141 1862 3197 indictione
1921 3153 2158 3210 supras-

2269 3149 2351 3206 τὸς
2414 3149 2632 3208 ταύταις
2706 3153 2943 3218 στοιχεῖν
3029 3149 3248 3218 εἴρηκεν.
3324 3144 3406 3205 Ὡς
3477 3140 3565 3196 οὖν
3647 3143 3881 3205 ἅπαντες

514 3227 738 3299 criptis,
763 3244 924 3284 anno
947 3234 1104 3285 6674.

2270 3237 2627 3308 ὡμοφώνησαν
2693 3240 2783 3287 καὶ
2853 3231 3027 3297 οὐδεὶς
3099 3233 3377 3306 ὑπελείφθη
3437 3231 3726 3306 διχονοῶν,
3786 3237 3882 3304 γέ-

2268 3342 2385 3394 γονε
2421 3343 2512 3375 και
2563 3325 2705 3397 παρὰ
2757 3325 2963 3376 πάντων
3023 3325 3055 3381 ἡ
3110 3323 3340 3396 εὐφημία
3377 3326 3503 3395 μηνὶ
3559 3327 3649 3375 καὶ
3708 3317 3883 3373 ἰνδικ-

2269 3420 2416 3463 τιῶνι
2442 3419 2548 3472 τοῖς
2577 3416 3061 3487 προγεγραμμένοις
3089 3415 3236 3475 ἔτους
3267 3409 3452 3484 σχοδ’.

2268 1993 2368 2038 τῶν
2420 1988 2543 2062 παρ’
2593 1988 2756 2040 αὑτοῦ
2809 1989 3274 2060 γνωματενθέντων
3309 1999 3324 2014 ⁸

2270 2080 2498 2148 γνώμαις
2556 2085 2656 2128 τῶν
2722 2085 3089 2152 πατριαρχῶν.
3157 2083 3216 2128 ‘0
3297 2074 3456 2147 μέγας
3525 2072 3876 2144 σκευοερύλοιξ,

2272 2162 2547 2236 ἐρωτηθεὶς
2595 2170 2686 2218 καὶ
2735 2165 2894 2225 αὐτὸς
2944 2165 2989 2218 εἰ
3028 2171 3146 2226 ταῖς
3197 2169 3431 2237 γνώμαις
3485 2171 3584 2215 τῶν
3633 2161 3882 2234 ἁγιωτά-

2270 2272 2371 2306 των
2422 2263 2767 2329 πατριαρχῶν
2819 2255 3016 2324 ἕπεται,
3080 2253 3188 2307 εἶπε
3247 2254 3583 2326 προστιθέναι
3639 2254 3729 2324 μὲν
3779 2255 3885 2303 καὶ

2270 2350 2344 2413 τῷ
2374 2341 2647 2395 τελευταίώ
2697 2345 2897 2418 ῥήματι
2960 2350 3056 2405 τῆς
3101 2349 3315 2415 γνώμης
3358 2341 3519 2394 αὐτοῦ
3577 2341 3686 2412 (41)
3739 2358 3880 2414 μορ-

2273 2436 2372 2502 φὴν
2460 2429 2649 2485 δούλου
2724 2431 2915 2501 λαϐὼν,
2976 2435 3054 2500 τὸ,
3117 2437 3207 2484 καὶ
3283 2432 3456 2505 σάρκα
3523 2431 3716 2503 ὁρατὴν
3782 2433 3887 2480 καὶ

2273 2519 2441 2579 απτὴν
2507 2527 2596 2574 καὶ
2655 2527 2874 2580 κτιστ-ην
2933 2526 3024 2574 καὶ
3095 2525 3456 2595 περιγραπτὴν
3536 2523 3626 2571 καὶ
3689 2520 3882 2576 παθη-

2649 2613 2711 2670 ἣν
2781 2609 2920 2672 δῆτα
2989 2617 3079 2664 καὶ
3151 2613 3415 2664 πίπονθεν.
3477 2607 3600 2662 Εἶπε
3658 2606 3719 2661 δέ
3769 2614 3874 2661 καὶ

2269 2709 2384 2761 ταῖς
2437 2711 2535 2754 τῶν
2607 2709 2949 2776 πατριαρχῶν
3025 2706 3260 2774 γνώμαις
3333 2705 3587 2770 στοιχεῖν.
3667 2702 3769 2752 Καὶ
3844 2700 3874 2749 ὁ

2270 2794 2432 2862 μέγας
2507 2789 2837 2864 σακε-ελλάριος
2901 2795 2993 2842 καὶ
3053 2789 3210 2850 αὐτὸς
3275 2787 3410 2840 εἶπεν
3483 2787 3701 2840 ἕπεσθαι
3753 2793 3882 2848 ταῖς

3522 2883 3565 2928 Ο
3613 2894 3814 2948 κανστρ
3824 2880 3880 2927 ί-

2271 2617 2387 2680 τὴν,
2455 2614 2571 2664 καθ’

2268 2885 2501 2950 γνώμαις
2558 2887 2657 2930 τῶν
2721 2878 3020 2950 ἁγιωτάτων
3077 2885 3444 2950 πατριαρχῶν.

2273 2985 2383 3027 σιος
2414 2966 2520 3020 εἷπε
2557 2972 2646 3019 καὶ
2697 2967 2854 3029 αὐτὸς
2907 2973 3138 3039 στοιχεῖν
3185 2973 3302 3027 ταῖς
3342 2970 3576 3038 γνὼμαῖς
3626 2973 3727 3016 τῶν
3766 2983 3878 3016 ποι-

1082 3569 1287 3624 ACTIO
1343 3569 1593 3624 TERTIA

511 3690 732 3746 Mensis
754 3691 964 3747 Martii
978 3690 1072 3747 die
1085 3692 1628 3762 sexta,indictionis
1648 3693 1802 3757 XIV,
1823 3692 1918 3749 die
1937 3696 2155 3762 prima.

2899 3575 3134 3628 ΠΡΔΞΙΣ
3160 3572 3210 3625 Γ’
3221 3615 3235 3630 .

2337 3703 2477 3757 Μηνὶ
2507 3702 2726 3773 Μαρτίῳ
2757 3699 2902 3772 ἕκτῃ,
2932 3701 3100 3773 ἡμέρᾳ
3129 3703 3309 3773 πρώτη
3355 3693 3676 3759 ῖνδικτιῶνος
3697 3693 3795 3749 ιδ’·

582 3820 642 3874 1.
680 3817 1034 3874 Ρτιεείάοηιθ
1066 3835 1101 3874 a
1124 3821 1240 3874 Deo
1268 3823 1554 3874 coronato
1580 3818 1996 3890 potentissimo
2027 3836 2159 3876 san-

512 3909 727 3978 ctoque
761 3912 968 3963 nostro
1024 3922 1163 3978 rege
1220 3912 1276 3963 et
1330 3908 1692 3978 imperatore
1732 3907 1979 3963 domino
2035 3909 2159 3964 Ma-

510 3995 686 4051 nuele
713 3997 1019 4052 Comneno
1047 3997 1104 4051 in
1135 3997 1350 4053 eodem
1393 3997 1622 4068 tropico
1661 3995 1962 4061 conclavi;
2005 3996 2158 4052 assi-

508 4085 788 4140 dentibus
818 4085 1058 4141 sublimi
1089 4087 1388 4156 majestati
1427 4089 1576 4157 ejus,
1628 4085 1882 4158 despota
1911 4085 2158 4142 amabili

508 4189 730 4244 genero
756 4181 976 4230 sanctae
1002 4176 1332 4247 majestatis
1361 4176 1491 4247 ejus
1522 4175 1770 4231 domino
1791 4175 2014 4241 Alexio,
2026 4191 2157 4232 san-

510 4262 774 4318 ctissimo
806 4268 862 4319 et
908 4267 1277 4321 mcumenico
1317 4265 1663 4336 patriarcha
1692 4266 1938 4320 domino
1962 4270 2156 4332 Luca;

510 4351 888 4408 sanctissimo
929 4353 1270 4424 patriarcha
1300 4353 1466 4408 urbis
1520 4355 1621 4410 Dei
1660 4370 1894 4424 magnae
1957 4355 2158 4410 Antio-

2269 4367 2429 4433 κυροῡ
2458 4364 2640 4414 Λουκᾶ
2671 4375 2684 4389 ⁸
2725 4367 2818 4412 τοῦ
2849 4359 3145 4432 ἁγιωτάτου
3176 4359 3514 4434 πατριάρχου
3537 4356 3868 4420 Θεουπόλεως

509 4439 658 4496 οὴὶω
706 4441 952 4496 domino
984 4442 1350 4510 Athanasio;
1401 4443 1783 4500 sanctissimo
1815 4443 2156 4515 patriarcha

2269 4449 2497 4522 μεγάλης
2521 4449 2844 4522 Ἀντιοχείας
2871 4456 3034 4522 κυροῦ
3064 4449 3380 4502 Ἀθανασίον
3416 4464 3428 4478 ’
3474 4452 3564 4499 καὶ
3588 4454 3679 4500 τοῦ
3710 4445 3872 4518 ἁγιω-

507 4527 1056 4600 Hierosolymorum
1085 4530 1329 4587 domino
1391 4531 1763 4604 Nicephoro;
1818 4513 2156 4589 astantibus

2269 4513 2425 4591 τάτου
2443 4513 2780 4614 πατριάρχου
2801 4513 3164 4612 Ἱεροσολύμων
3180 4543 3342 4610 κυροῦ
3362 4540 3661 4609 Νικηφόρον
3675 4549 3689 4564 ·
3712 4513 3870 4610 παρι-

506 4616 732 4688 potenti
760 4623 1088 4689 sanctoque
1140 4624 1347 4674 nostro
1377 4620 1503 4690 regi
1556 4620 1923 4677 amabilibus
1972 4637 2158 4695 nepo-

2269 4631 2533 4700 σταμένων
2596 4635 2668 4698 τῷ
2725 4635 2959 4702 κραταιῷ
3007 4633 3098 4680 καὶ
3137 4627 3267 4700 ἁγίῳ
3316 4628 3460 4698 ἡμῶν
3506 4623 3718 4698 βασιλεῖ
3765 4633 3869 4676 τῶν

509 4705 667 4762 tibus
697 4706 747 4778 ej
761 4722 846 4772 us,
871 4706 1010 4761 ﬁliis
1039 4705 1241 4779 inclyti
1270 4707 1468 4764 fratris
1501 4709 1836 4781 majestatis
1857 4726 2004 4774 suae,
2024 4727 2158 4784 por-

2269 4718 2625 4790 περιποθήτων
2650 4715 2872 4789 ἀνεψιῶν
2920 4717 3105 4789 αὐτοῦ,
3149 4723 3249 4768 τῶν
3293 4718 3418 4768 υἱῶν
3470 4722 3561 4768 τοῦ
3619 4710 3868 4786 ἀοιδίμου

508 4793 888 4868 phyrogeniti
919 4801 976 4852 et
1002 4795 1426 4854 sebastocratis
1457 4797 1691 4854 domini
1719 4800 2064 4867 Andronici,
2095 4801 2158 4857 id

2269 4803 2590 4879 αὐταδέλφου
2627 4815 2723 4870 τῆς
2766 4807 2924 4880 ἁγίας
2974 4807 3136 4861 αὐτοῦ
3191 4804 3467 4879 βασιλείας
3513 4823 3866 4880 πορφυρογεν-

2339 3823 2406 3882 α’.
2459 3826 2859 3898 Προκαθημένου
2912 3831 3004 3877 τοῦ
3065 3826 3376 3878 θεοστέπτου
3441 3827 3724 3896 κρατίστου
3777 3827 3876 3876 καὶ

2268 3912 2419 3985 ἁγίου
2457 3914 2602 3984 ἡμῶν
2625 3911 2884 3986 βασιλέως
2904 3919 2994 3966 καὶ
3025 3912 3400 3986 αὐτοκράτορος
3429 3919 3592 3986 κυροῠ
3618 3912 3874 3969 Μανουηλ

2266 4011 2358 4056 τοῦ
2390 4009 2657 4074 Κομνηνοῡ
2695 4002 2745 4055 ἐν
2775 4011 2834 4075 τῇ
2865 4003 2992 4075 αὐτῇ
3027 4004 3234 4076 ὑπερῷα
3284 4010 3503 4075 τροπικῇ
3541 4019 3553 4032 ’
3590 3997 3870 4076 συνεδριαέ

2273 4095 2460 4156 ζόντων
2487 4100 2560 4163 τῷ
2589 4091 2742 4164 ἐνθέῳ
2761 4094 2940 4166 κράτει
2977 4092 3138 4144 αὐτοῦ
3177 4098 3268 4144 τοῦ
3300 4089 3561 4144 δεσπότου
3593 4095 3683 4143 καὶ
3721 4109 3872 4165 περι-

2265 4183 2500 4240 ποθήτου
2535 4180 2776 4254 γαμϐροῦ
2824 4190 2921 4244 τῆς
2958 4181 3109 4253 ἁγίας
3166 4180 3322 4233 αὐτοῦ
3371 4178 3640 4253 βασιλείας
3701 4188 3872 4253 κυροῦ

2270 4270 2502 4334 Ἀλεξίου
2537 4287 2552 4300 ’
2584 4277 2678 4323 τοῦ
2709 4270 3003 4342 ἁγιωτάτου
3029 4275 3120 4324 καὶ
3148 4270 3506 4342 οἰκουμενικοῡ
3529 4269 3874 4342 πατριάρχου

506 4890 594 4941 est
618 4886 1054 4956 protovestiaro
1077 4886 1326 4943 domino
1349 4889 1660 4954 Joanne,et
1681 4888 1928 4945 domino
1953 4890 2156 4947 Alexio

511 4976 853 5042 Comnenis;
879 4975 1120 5032 amabili
1149 4977 1417 5048 patruele
1437 4979 1696 5050 potentis
1713 4979 2024 5053 sanctique
2043 4997 2154 5037 no-

513 5065 617 5119 stri
628 5068 784 5135 regis
806 5066 1055 5122 domino
1076 5067 1309 5122 Joanne
1335 5066 1643 5133 Duca,ﬁlio
1664 5068 1869 5141 inclyti
1891 5071 2152 5144 Porphy-

2263 4900 2421 4954 νήτου
2512 4900 2602 4949 καὶ
2685 4895 3162 4970 σεϐαστοκράτορος
3246 4902 3408 4970 κυροῡ
3488 4890 3824 4970 Ἀνδρονίκου
3851 4937 3868 4964 ,

2262 4992 2356 5038 τοῦ
2407 5005 2462 5038 τε
2516 4984 2959 5060 πρωτοσεϐαστοϋ
3024 4990 3116 5039 καὶ
3166 4983 3647 5062 πρωτοϐεστιαρίου
3703 4991 3868 5058 κυροῡ

2266 5073 2525 5143 Ἰωάννου,
2589 5080 2679 5128 καὶ
2722 5082 2815 5127 τοῦ
2883 5083 3047 5150 κυροῡ
3103 5073 3336 5138 ’Δλεξίου
3385 5081 3487 5126 τῶν
3540 5079 3817 5145 Κομνηνῶν
3854 5094 3867 5107 ·

507 5155 761 5222 rogeniti
788 5160 846 5210 et
876 5156 1366 5214 sebastocratoris
1381 5156 1614 5214 domini
1635 5158 2156 5224 Andronici,ama-

510 5240 646 5296 bilis
674 5243 874 5314 patrui
905 5251 1126 5301 sancta
1144 5245 1478 5317 majestatis
1502 5247 1662 5317 ejus;
1683 5245 1932 5302 amabili
1949 5265 2160 5305 conso-

513 5329 688 5386 brino
713 5334 971 5404 potentis
991 5340 1048 5392 et
1067 5336 1258 5392 sancti
1279 5336 1466 5393 nostri
1489 5335 1648 5406 regis
1675 5336 1923 5393 domino
1938 5338 2162 5396 Andro-

508 5420 920 5493 nico,Caesaris
951 5423 1076 5482 tilio
1105 5444 1124 5498 ς
1159 5425 1526 5484 amabilibus
1555 5427 1937 5484 consobrinis
1968 5428 2163 5488 sancti

589 5568 704 5637 (39)
734 5568 873 5637 Pag.
907 5569 998 5623 ιι.

589 5568 679 5634 (39
734 5568 873 5637 Pag.
907 5569 994 5623 44-.

588 5567 707 5714 (toi
735 5637 876 5712 Pas.
903 5639 994 5696 tu.

2265 5171 2358 5217 τοῦ
2406 5165 2762 5238 περιποθήτου
2799 5161 3082 5239 ίξαδελφου
3136 5171 3231 5217 τοῦ
3272 5169 3522 5237 κραταιοῦ
3574 5167 3665 5215 καὶ
3717 5161 3870 5234 ἁγίου

2267 5254 2413 5326 ἡμῶν
2477 5251 2738 5326 βασιλέως
2807 5261 2974 5329 κυροῦ
3049 5253 3287 5307 Ἰωάννου
3356 5259 3448 5305 τοῦ
3507 5253 3696 5320 Δεύκα,
3775 5259 3873 5304 τοῦ

2267 5342 2385 5395 υἱοῦ
2432 5350 2525 5396 τοῦ
2589 5339 2838 5417 ἀοιδίμου
2905 5346 3393 5418 πορφυρογεννήτου
3459 5345 3552 5394 καὶ
3617 5339 3874 5394 σεϐαστο-

2269 5432 2518 5508 κράτορος
2562 5439 2725 5508 κυροῦ
2788 5429 3129 5512 ’Δνδρονίκου
3183 5438 3277 5486 τοῦ
3325 5433 3679 5508 περιποθήτου
3729 5431 3872 5484 θείου

2343 5577 2460 5655 (ιι)
2494 5577 2637 5651 Pag.
2659 5579 2752 5640 ιο.
