4046 6310
508 383 613 439 ΕΜ

517 596 817 651 Christum
865 596 1176 666 passiones
1217 595 1341 650 sine
1391 600 1638 666 peccato
1675 589 2070 654 oeconomice,
2103 588 2164 643 id

517 690 605 740 est
633 701 789 751 vere,
842 683 1156 754 recepisse.
1195 685 1572 740 Atheniensis
1613 684 1761 738 dixit
1817 695 1878 736 se
1922 695 2164 751 quoque

516 774 1031 829 sanctissimorum
1074 774 1550 844 patriarcharum
1603 771 1928 827 sententias
1972 766 2160 840 sequi.

517 861 794 917 Similiter
859 863 1238 928 Larissensis,
1291 861 1666 929 Rhodiensis,
1744 857 2162 930 Philippensis,

515 950 760 1006 easdem
791 951 1005 1006 sectari
1035 951 1488 1006 conﬁrmarunt.
1511 949 1931 1022 Neopatrensis
1963 950 2163 1001 autem

515 1038 663 1095 dixit
681 1044 986 1110 postremo
1017 1041 1322 1096 sententiae
1345 1055 1468 1095 suae
1489 1037 1784 1094 vocabulo
1813 1037 2035 1092 addere
2077 1048 2164 1100 se,

516 1135 823 1198 assumpta
855 1146 1039 1186 carne
1062 1136 1268 1186 creata
1299 1130 1710 1200 passibilique,
1733 1131 1795 1183 in
1822 1143 1940 1199 qua
1964 1130 2018 1181 et
2032 1139 2167 1193 pas-

514 1234 614 1273 sus
627 1224 729 1274 est.
756 1218 1023 1274 Emensis
1039 1218 1200 1273 dixit:
1223 1235 1286 1274 se
1305 1234 1550 1290 quoque
1567 1222 1700 1289 post
1721 1217 2026 1271 sententiae
2043 1228 2166 1266 sua:

515 1307 721 1378 verba,
745 1314 812 1363 ut
833 1310 1272 1364 incarnationis
1284 1309 1460 1376 ﬁdem
1479 1309 1732 1377 faceret;
1755 1307 2017 1375 itemque
2034 1307 2167 1358 ante

521 1395 720 1457 verba.
758 1395 869 1451 hoc
906 1403 1102 1451 autem
1133 1397 1219 1451 sic
1247 1397 1482 1465 afﬁrmo
1513 1401 1580 1450 ut
1611 1400 1855 1450 caeteras
1888 1408 2005 1446 non
2047 1404 2167 1445 res-

515 1499 699 1554 puam
729 1491 1066 1541 sanctorum
1109 1487 1430 1553 opiniones,
1460 1482 1909 1554 supperaddere
1932 1485 2168 1534 senten-

518 1573 613 1629 tiae
655 1591 801 1640 sum,
834 1581 1039 1643 utpote
1066 1575 1171 1646 qui
1212 1589 1453 1630 carnem
1492 1576 1898 1641 assumpserat
1945 1574 2166 1624 morta-

521 1663 632 1718 lem
659 1663 1139 1734 passibilemque,
1166 1667 1230 1718 in
1258 1679 1373 1734 qua
1399 1663 1673 1718 videlicet
1709 1667 1764 1717 et
1799 1675 2010 1729 passus
2061 1661 2168 1713 est.

518 1753 835 1822 Cocyraaus
881 1752 1028 1807 dixit
1079 1751 1354 1808 recedere
1400 1768 1460 1807 se
1500 1764 1749 1824 prorsus
1799 1767 1834 1804 a
1877 1744 2172 1802 Sententia

521 1856 652 1909 sua,
685 1845 864 1912 atque
910 1843 987 1896 ad
1018 1842 1148 1896 illas
1186 1841 1667 1914 patriarcharum
1714 1838 2019 1894 accedere.
2059 1837 2167 1890 Ma-

2281 1840 2470 1897 θνητὴν
2527 1845 2617 1892 καὶ
2685 1843 2949 1909 παθητὴν,
3009 1839 3137 1892 παθ’

522 1941 675 1999 gnus
706 1929 1110 2001 scevophylax
1131 1930 1532 2000 interrogatus
1561 1934 1618 1984 et
1640 1929 1793 2001 ipse,
1813 1931 2012 1982 utrum
2036 1938 2173 1978 san-
2230 1989 2232 1992 ν

521 2017 924 2072 ctissimorum
941 2018 1418 2090 patriarcharum
1443 2018 1745 2073 sententiis
1766 2015 2170 2080 assentiretur,

523 2105 606 2160 ait
652 2119 717 2162 se
750 2105 828 2161 ad
881 2112 1246 2177 postremam
1307 2107 1613 2162 sententiae
1671 2121 1793 2160 suae
1823 2103 2170 2168 dictionem,

521 2200 816 2264 quatenus
848 2197 972 2264 ipse
1013 2197 1171 2252 servi
1208 2197 1474 2265 formam
1528 2200 1856 2264 acceperat,
1915 2192 2172 2262 adjicere

518 2283 709 2339 verba
732 2298 1088 2355 carnemque
1105 2286 1392 2340 visibilem
1413 2284 1888 2340 contrectabilem
1908 2285 2171 2336 creatam

519 2372 1032 2441 circumscriptam
1058 2380 1114 2429 et
1137 2373 1482 2442 passibilem
1513 2377 1945 2440 assumpserat,
1963 2371 2024 2424 in
2053 2382 2172 2440 qua

521 2474 730 2529 reapse
749 2466 805 2516 et
828 2475 1044 2528 passus
1069 2461 1578 2532 est.Subdiditque
1610 2476 1673 2515 se
1688 2459 2172 2532 patriarcharum

523 2564 766 2621 quoque
819 2552 1124 2606 sententiis
1183 2551 1507 2606 adhaerere.
1575 2553 1820 2618 Magnus
1877 2549 2019 2602 item
2072 2563 2171 2602 sa-

522 2637 796 2692 cellarius
857 2639 939 2694 ait
990 2641 1156 2712 sequi
1205 2657 1266 2694 se
1336 2639 1856 2694 sanctissimorum
1918 2635 2171 2707 patriar-

519 2726 774 2781 charum
794 2729 1135 2783 sententias.
1171 2729 1528 2785 Canstrisius
1565 2728 1712 2782 dixit
1735 2743 1798 2782 se
1830 2727 2045 2797 pariter
2065 2740 2168 2796 pa-

521 2815 913 2871 triarcharum
961 2817 1196 2885 judiciis
1242 2818 1642 2889 acquiescere.
1687 2817 1954 2886 Denique
1989 2815 2168 2870 etiam

523 2903 811 2973 magister
836 2906 1142 2960 rhetorum
1168 2923 1307 2961 cum
1347 2907 1559 2961 iisdem
1591 2906 1936 2976 conspirare
1977 2919 2036 2957 se
2067 2903 2167 2957 ait.

524 2992 668 3046 Cum
719 3008 861 3060 ergo
909 3009 1120 3048 omnes
1175 2995 1640 3060 consensissent,
1697 3009 1807 3048 nec
1844 2992 2169 3064 quisquam

522 3080 845 3150 ambiguus
895 3083 1026 3152 jam
1093 3089 1449 3155 superesset,
1510 3083 1666 3139 facta
1721 3088 1812 3138 est
1859 3098 1894 3136 a
1938 3079 2168 3136 cunctis

1845 375 2114 436 NICETE
2152 372 2530 435 ΕΒΟΝΙΑΤᾸΕ

514 506 576 562 in
619 523 728 563 sua
770 507 1062 562 sententia
1112 505 1462 577 protulisse;
1507 505 1734 577 quippe
1781 502 1882 575 qui
1935 501 2166 556 dixerat

2277 500 2432 554 αὐτοῦ
2495 503 2681 564 αύταῖς
2729 502 3048 563 ἐναντιωθείς
3102 517 3117 533 ⁶

3178 501 3249 562 ὡς
3289 499 3446 552 ἐἰπὼν
3509 497 3557 551 ἓν
3606 499 3738 571 αὐτῇ
3806 501 3893 550 τὰ

2272 592 2411 654 πάθη
2479 594 2544 644 τὰ
2601 589 2900 649 ἁδιάϐλητα
2974 592 3332 662 οἰκονομικῶς,
3404 592 3570 642 εἶτουν
3642 587 3884 653 ἀληθῶς,

2271 681 2357 730 τὸν
2403 683 2633 754 Χριστὸν
2689 677 3098 742 καταδέξασθαι.
3147 677 3205 730 Ὀ
3263 678 3492 735 Ἀθηνῶν
3557 683 3647 730 καὶ
3712 676 3892 738 αὐτὸς

2270 776 2387 830 ταῖς
2454 776 2686 843 γνώμαις
2765 779 2863 822 τῶν
2949 768 3248 840 ἁγιωτάτων
3318 776 3675 842 πατριαρχῶν
3762 764 3889 819 εἶπε

2274 865 2528 928 στοιχεῖν.
2560 858 2620 912 '0
2654 863 2932 934 Λαρίσσης
2978 856 3088 910 εἶπε
3131 862 3218 910 καὶ
3269 856 3426 918 αὐτὸς
3464 858 3680 908 ἕπεσθαι
3733 859 3884 907 ταύ-

2271 965 2403 1006 ταις-
2448 947 2668 1020 Ὁμοίως
2719 953 2810 1000 καὶ
2862 949 2888 999 ὁ
2937 943 3120 999 Ῥόδου
3169 949 3390 1006 ταύταις
3438 947 3546 997 εἷπε
3603 951 3879 1015 στοιχεῖν.

2276 1041 2376 1087 Καὶ
2433 1038 2458 1086 ὁ
2522 1035 2786 1090 Φιλίππων
2844 1042 2933 1088 καὶ
2993 1036 3152 1097 αὐτὸς
3199 1032 3306 1087 εἶπε
3358 1037 3577 1096 ταύταις
3627 1035 3883 1090 ἔπεσθαι,

2271 1123 2330 1176 Ὀ
2371 1123 2429 1178 δὲ
2476 1131 2615 1178 Νέων
2661 1134 2875 1202 Πατρῶν
2923 1128 3262 1200 προστιθέναι
3310 1121 3419 1176 εἶπε
3472 1131 3544 1194 τῷ
3591 1123 3883 1194 τελευταίῳ

2273 1214 2474 1288 ῥήματι
2555 1225 2650 1278 τῆς
2722 1222 2931 1289 γνώμης
2991 1215 3151 1268 αὐτοῦ
3223 1216 3374 1283 (39),
3466 1215 3638 1288 σάρκα
3699 1212 3886 1264 λαϐὼν

2275 1309 2497 1362 κτιστὴν
2588 1310 2678 1357 καὶ
2760 1308 3034 1371 καθητήν,
3113 1305 3234 1356 καθ’
3308 1303 3369 1361 ἣν
3449 1307 3542 1355 καὶ
3616 1304 3873 1355 πέπονθε.

2278 1398 2378 1445 Καὶ
2435 1396 2461 1445 ὁ
2502 1397 2655 1447 Αἴνου
2715 1391 2775 1447 δὲ
2820 1399 2909 1447 καὶ
2952 1394 3108 1455 αὐτὸς
3170 1395 3299 1466 μετὰ
3345 1395 3404 1444 τὸ
3453 1391 3505 1443 ἐν
3559 1399 3624 1463 τῇ
3685 1397 3882 1462 γνώμη

2953 1485 3105 1555 (40),
3176 1486 3273 1549 τὸ,
3350 1483 3693 1553 πιστούμενος
3779 1485 3886 1537 τὴν

2703 1578 2792 1624 καὶ
2855 1576 2956 1644 πρὸ
3018 1578 3126 1634 τοῦ,
3208 1574 3358 1642 Λέγω
3424 1566 3485 1622 δι
3534 1577 3683 1622 τοῦτο
3742 1570 3888 1641 μετά

2276 1665 2367 1711 καὶ
2424 1669 2524 1712 τῶν
2591 1661 2754 1713 ἄλλων
2810 1662 2878 1712 ὧν
2943 1663 2993 1713 οἱ
3048 1660 3192 1732 ἅγιοι
3246 1659 3480 1731 λέγουσι,
3537 1660 3887 1733 προστιθέναι

2278 1483 2438 1534 αὐτοῦ
2517 1489 2872 1557 γεγραμμένον

2277 1571 2570 1643 οἰκονομίαν
2619 1586 2635 1603 ⁸

2279 1747 2387 1802 εἶπε
2452 1759 2514 1822 τῇ
2583 1757 2762 1824 γνώμῃ
2822 1751 2984 1803 αὐτοῦ
3050 1769 3132 1818 το,
3197 1751 3262 1810 ὡς
3327 1754 3416 1802 καὶ
3471 1751 3644 1822 σάρκα
3705 1747 3887 1799 λαϐὼν

3215 1838 3276 1896 ἣν
3343 1835 3483 1896 δῆτα
3539 1841 3628 1890 καὶ
3681 1841 3886 1889 πέπον-

2283 1929 2383 1979 θεν.
2440 1928 2502 1981 Ὁ
2553 1925 2612 1981 δέ
2658 1947 2718 2000 γε
2778 1932 3048 2005 Κερκύρων
3105 1927 3240 1981 εἶπεν
3290 1926 3611 2000 ἀφίστασθαι
3651 1924 3883 1977 καθόλου

2278 2024 2376 2068 τῶν
2429 2019 2552 2093 παρ’
2603 2019 2765 2070 αὐτοῦ
2818 2019 3283 2090 γνωματευθέντων
3318 2029 3332 2044 '
3387 2017 3602 2069 ἔπεσθαι
3659 2011 3719 2066 δὲ
3760 2022 3886 2076 ταῖς

2279 2111 2506 2179 γνώμαις
2565 2115 2665 2159 τῶν
2730 2115 3097 2182 πατριαρχῶν.
3165 2113 3225 2158 ‘0
3305 2104 3465 2178 μέγας
3534 2103 3879 2176 σκευοφύλοιξ,

2280 2192 2555 2267 ἐρωτηθεὶς
2603 2200 2695 2248 καὶ
2745 2196 2902 2256 αὐτὸς
2953 2196 2997 2248 εἰ
3037 2202 3154 2257 ταῖς
3206 2200 3594 2267 γνώμαιςττῶν
3642 2192 3883 2265 ἁγιωτά-

2279 2303 2380 2336 των
2431 2294 2776 2360 πατριαρχῶν
2829 2287 3026 2355 ἕπεται,
3089 2284 3198 2338 εἷπε
3257 2284 3593 2357 προστιθέναι
3649 2285 3738 2354 μὲν
3787 2286 3885 2334 καὶ

2278 2382 2352 2444 τῷ
2383 2372 2656 2426 τελευταίώ
2706 2376 2907 2450 ῥήματι
2969 2381 3064 2436 τῆς
3109 2380 3324 2446 γνώμης
3367 2372 3528 2425 αὐτοῦ
3586 2372 3695 2443 (41)
3748 2389 3880 2445 μορ-

2281 2467 2381 2533 φὴν
2469 2460 2658 2516 δούλου
2733 2463 2924 2532 λαϐὼν,
2985 2466 3063 2530 τὸ,
3126 2468 3216 2515 καὶ
3292 2465 3465 2536 σάρκα
3532 2462 3725 2534 ὁρατὴν
3790 2463 3886 2511 καὶ

2281 2551 2450 2610 ἁπτὴν
2516 2559 2605 2606 καὶ
2664 2558 2884 2612 κτιστὴν
2942 2558 3033 2604 καὶ
3104 2556 3465 2625 περιγραπτὴν
3545 2554 3635 2602 καὶ
3698 2551 3881 2606 παθη-

2279 2648 2396 2711 τὴν,
2463 2645 2580 2696 καθ’
2659 2645 2720 2702 ἣν
2789 2641 2930 2703 δῆτα
2997 2647 3088 2696 καὶ
3159 2643 3424 2696 πίπονθεν.
3486 2637 3609 2692 Εἶπε
3667 2637 3729 2692 δὲ
3781 2644 3874 2691 καὶ

2278 2741 2392 2792 ταῖς
2445 2743 2543 2786 τῶν
2617 2740 2958 2806 πατριαρχῶν
3033 2738 3269 2805 γνώμαις
3341 2737 3596 2802 στοιχεῖν.
3677 2733 3779 2782 Καὶ
3847 2730 3873 2780 ὁ

2279 2825 2441 2893 μέγας
2517 2821 2846 2896 σακε).λάριος
2910 2826 3001 2873 καὶ
3062 2821 3218 2881 αὐτὸς
3284 2817 3418 2872 εἶπεν
3492 2818 3710 2871 ἔπεσθαι
3762 2824 3881 2878 ταῖς

2276 2915 2510 2981 γνώμαις
2566 2919 2666 2962 τῶν
2729 2909 3029 2982 ἁγιωτάτων
3086 2916 3453 2981 πατριαρχῶν.
3530 2915 3574 2959 0
3622 2911 3880 2979 κανστρί-

2282 3016 2392 3058 σιος
2422 2997 2529 3051 εἶπε
2565 3003 2656 3050 καὶ
2706 2997 2862 3060 αὐτὸς
2916 3004 3147 3069 στοιχεῖν
3193 3004 3311 3058 ταῖς
3350 3001 3585 3068 γνώμαῖς
3635 3004 3735 3047 τῶν
3775 3014 3878 3048 πα-

2278 3094 2570 3159 τριαρχῶν.
2600 3089 2754 3140 Καὶό
2806 3089 3044 3161 μαῖστωρ
3096 3083 3156 3138 δὲ
3211 3094 3310 3138 τῶν
3354 3087 3590 3161 ῥητόρων
3635 3089 3723 3138 καὶ
3777 3084 3879 3137 αὖ-

523 3168 722 3225 l‘austa
759 3171 1134 3242 acclamatio,
1179 3189 1384 3228 mense
1436 3179 1493 3228 et
1548 3173 1870 3227 indictione
1931 3184 2167 3241 supras-

2277 3179 2359 3237 τὸς
2423 3180 2641 3238 ταύταις
2715 3184 2951 3248 στοιχεῖν
3037 3179 3257 3249 εἴρηκεν.
3333 3175 3415 3236 Ὡς
3485 3171 3573 3227 οὖν
3656 3175 3882 3236 ἅπαντες

523 3257 748 3330 criptis,
772 3274 932 3314 anno
955 3265 1113 3316 6674.

1091 3599 1296 3654 ACTIO
1352 3601 1602 3654 TERTIA

520 3721 741 3777 Mensis
763 3721 974 3777 Martii
987 3721 1081 3777 die
1095 3723 1637 3792 sexta,indictionis
1657 3724 1811 3788 XIV,
1832 3723 1927 3780 die
1946 3727 2164 3793 prima.

591 3851 650 3905 1.
690 3847 1044 3904 Ρτωεὶάθηιθ
1075 3865 1110 3904 a
1133 3851 1250 3904 Deo
1277 3854 1563 3905 coronato
1588 3848 2004 3922 potentissimo
2036 3866 2168 3908 san-

522 3940 736 4008 ctoque
771 3942 976 3993 nostro
1033 3953 1172 4008 rege
1229 3943 1286 3994 et
1339 3938 1702 4009 imperatore
1741 3937 1988 3994 domino
2043 3939 2168 3994 Ma—

519 4025 696 4082 nuele
723 4027 1028 4082 Comneno
1056 4027 1115 4082 in
1144 4026 1358 4082 eodem
1402 4027 1632 4098 tropico
1671 4025 1971 4091 conclavi;
2014 4027 2167 4083 assi-

517 4115 798 4171 dentibus
828 4116 1067 4171 sublimi
1098 4116 1397 4186 majestati
1437 4118 1586 4187 ejus,
1638 4116 1891 4188 despota
1920 4116 2165 4173 amabili

517 4219 739 4274 genero
765 4212 985 4261 sanctae
1011 4206 1341 4276 majestatis
1371 4205 1500 4278 ejus
1531 4206 1779 4262 domino
1799 4205 2166 4271 Alexio,san—

520 4293 784 4348 ctissimo
816 4298 871 4348 et
917 4295 1287 4350 (acumenico
1326 4294 1672 4367 patriarcha
1701 4297 1947 4350 domino
1969 4299 2164 4364 Luca;

520 4381 898 4438 sanctissimo
937 4383 1279 4454 patriarcha
1309 4383 1475 4438 urbis
1530 4384 1630 4440 Dei
1669 4401 1903 4454 magnae
1967 4384 2166 4441 Antio-

518 4470 667 4526 chiae
715 4470 961 4526 domino
993 4471 1360 4539 Athanasio;
1411 4473 1792 4530 sanctissimo
1824 4473 2166 4545 patriarcha

517 4557 1064 4631 Hierosolymorum
1093 4560 1338 4616 domino
1401 4562 1773 4634 Nicephoro;
1828 4563 2164 4620 astantibus
2194 4545 2240 4601 θ

515 4646 742 4718 potenti
769 4653 1097 4718 sanctoque
1149 4655 1356 4704 nostro
1388 4650 1512 4720 regi
1566 4650 1933 4706 amabilibus
1982 4667 2167 4726 nepo-

518 4735 676 4791 tibus
707 4736 856 4808 ejus,
881 4735 1019 4790 ﬁliis
1048 4735 1250 4808 inclyti
1279 4737 1477 4794 fratris
1510 4739 1846 4811 majestatis
1867 4757 2013 4803 suae,
2034 4757 2168 4814 por-

518 4823 898 4897 phyrogeniti
928 4831 986 4881 et
1011 4825 1434 4884 sebastocratis
1466 4828 1700 4885 domini
1729 4830 2074 4897 Andronici,
2104 4831 2167 4887 id

515 4919 603 4970 est
627 4915 1062 4986 protovestiaro
1087 4916 1335 4973 domino
1359 4920 1669 4984 Joanne,et
1690 4919 1937 4976 domino
1963 4920 2166 4977 Alexio

521 5005 863 5072 Comnenis;
888 5005 1130 5061 amabili
1159 5007 1427 5078 patruele
1446 5009 1705 5080 potentis
1723 5010 2034 5083 sanctique
2052 5027 2164 5067 no-

523 5094 626 5148 stri
638 5097 794 5164 regis
815 5095 1064 5151 domino
1085 5097 1318 5152 Joanne
1344 5096 1653 5163 Duca,ﬁlio
1673 5098 1878 5172 inclyti
1901 5101 2162 5174 Porphy-

516 5184 770 5252 rogeniti
798 5189 855 5240 et
884 5186 1375 5243 sebastocratoris
1391 5186 1623 5243 domini
1645 5188 2165 5256 Andronici,ama-

519 5269 655 5326 bilis
685 5272 882 5343 patrui
914 5281 1136 5331 sancta:
1154 5274 1487 5346 majestatis
1511 5277 1940 5348 ejus;amabili
1958 5295 2169 5336 conso-

523 5360 698 5416 brino
723 5363 980 5434 potentis
999 5370 1057 5422 et
1077 5367 1268 5422 sancti
1289 5366 1476 5422 nostri
1499 5365 1658 5436 regis
1685 5366 1932 5423 domino
1946 5368 2170 5426 Andro-

517 5449 930 5522 nico,Ci£saris
961 5453 1085 5512 tilio
1114 5473 1132 5527 ;
1168 5455 1536 5514 amabilibus
1565 5457 1946 5514 consobrinis
1977 5459 2173 5518 sancti

598 5597 714 5666 (39)
744 5597 883 5666 Pag.
916 5599 1008 5653 44.

598 5597 689 5662 (39
744 5597 883 5666 Pag.
916 5599 1004 5653 44.

598 5595 717 5744 (to;
745 5667 886 5743 Pas.
912 5668 1004 5726 48.

2278 3268 2636 3338 ὡμοφώνησαν
2701 3271 2792 3318 καὶ
2861 3262 3035 3328 οὐδεὶς
3108 3264 3385 3338 ὑπελείφθη
3445 3262 3735 3338 διχονοῶν,
3795 3269 3884 3336 γέ-

2277 3372 2394 3425 γονε
2429 3373 2520 3406 και
2572 3357 2714 3427 παρὰ
2766 3356 2972 3407 πάντων
3033 3356 3064 3412 ἡ
3119 3354 3348 3426 εὐφημία
3385 3357 3511 3426 μηνὶ
3568 3359 3658 3406 καὶ
3716 3349 3889 3405 ἰνδικ-

2277 3451 2424 3494 τιῶνι
2450 3451 2556 3503 τοῖς
2585 3447 3070 3518 προφεγραμμένοις
3099 3446 3245 3506 ἔτους
3276 3439 3460 3516 σχοδ’.

2908 3608 3142 3659 ΠΡΔΞΙΣ
3169 3603 3218 3656 Γ’
3229 3645 3244 3660 .

2346 3734 2487 3788 Μηνὶ
2515 3732 2734 3804 Μαρτίῳ
2766 3729 2910 3803 ἕκτῃ,
2940 3732 3109 3804 ἡμέρᾳ
3139 3734 3317 3804 πρώτη
3363 3724 3685 3790 ἰνδικτιῶνος
3706 3724 3803 3780 ui"

2347 3854 2415 3913 α’.
2469 3857 2867 3928 Προκαθημένου
2921 3862 3013 3908 τοῦ
3073 3857 3384 3908 θεοστέπτου
3449 3858 3884 3928 κρατίστουνκαὶ

2277 3943 2427 4015 ἁγίου
2466 3945 2611 4016 ἡμῶν
2635 3942 2892 4016 βασιλέως
2913 3949 3003 3996 καὶ
3033 3943 3409 4017 αὐτοκράτορος
3438 3950 3601 4017 κυροῦ
3627 3943 3881 4001 Μάνουηλ

2275 4042 2368 4088 τοῦ
2399 4041 2665 4106 Κομνηνοῦ
2704 4033 2754 4086 ἐν
2782 4041 2842 4106 τῇ
2873 4034 3000 4106 αὐτῇ
3035 4034 3244 4106 ύπερῴα
3293 4041 3512 4106 τροπικῇ
3549 4050 3562 4062 ·
3599 4028 3878 4107 συνεδρια-

2281 4126 2469 4188 ζόντων
2496 4132 2568 4194 τῷ
2597 4122 2750 4195 ἐνθέῳ
2769 4125 2948 4197 κράτει
2986 4122 3148 4176 αὐτοῦ
3186 4130 3277 4175 τοῦ
3310 4119 3570 4176 δεσπότου
3601 4126 3691 4174 καὶ
3729 4140 3879 4196 περι-

2275 4214 2508 4270 ποθήτου
2543 4211 2784 4286 γαμϐροῦ
2833 4221 2929 4274 τῆς
2966 4211 3118 4284 ἁγίας
3175 4211 3332 4264 αὐτοῦ
3380 4209 3649 4284 βασιλείας
3709 4219 3879 4284 κυροῦ

2279 4300 2511 4365 Ἀλεξίου
2546 4318 2560 4330 ’
2592 4308 2686 4354 τοῦ
2718 4301 3010 4372 ἁγιωτάτου
3037 4305 3129 4354 καὶ
3157 4301 3514 4372 οὶκουμενικού
3538 4301 3881 4373 πατριάρχου

2276 4397 2438 4464 κυρού
2466 4395 2649 4444 Λουκᾶ
2679 4406 2692 4419 ⁸
2733 4397 2826 4442 τοῦ
2857 4389 3154 4462 ἁγιωτάτου
3185 4390 3524 4464 πατριάρχου
3545 4387 3876 4452 Θεουπόλεως

2276 4479 2506 4554 μεγάλης
2529 4481 2852 4553 Ἀντιοχείας
2880 4487 3042 4552 κυροῦ
3072 4479 3388 4532 Ἀθανασίου
3424 4495 3436 4508 ·
3483 4483 3688 4531 καὶτοῦ
3719 4477 3881 4550 ἁγιω-

2276 4570 2434 4622 τάτου
2451 4571 2788 4644 πατριάρχου
2809 4567 3174 4642 Ἱεροσολύμων
3189 4575 3351 4640 κυρού
3370 4571 3670 4640 Νικηφόρον
3684 4580 3698 4596 ’
3721 4585 3879 4641 παρις

2278 4661 2541 4730 σταμένων
2604 4666 2676 4728 τῷ
2733 4666 2966 4733 κραταιῷ
3015 4663 3106 4711 καὶ
3145 4657 3276 4730 ἁγίῳ
3325 4658 3469 4730 ἡμῶν
3515 4654 3727 4730 βασιλεῖ
3773 4664 3876 4708 τῶν

2273 4748 2633 4820 περιποθήτων
2659 4746 2881 4819 ἀνεψιῶν
2929 4747 3113 4819 αὐτοῦ,
3157 4753 3258 4800 τῶν
3302 4748 3427 4799 υἱῶν
3479 4753 3570 4799 τοῦ
3629 4741 3876 4818 ἀοιδίμου

2273 4833 2598 4909 αὐτάδελφον
2636 4844 2731 4900 τῆς
2775 4837 2932 4909 ἁγίας
2983 4838 3144 4892 αὐτοῦ
3199 4835 3476 4910 βασιλείας
3522 4854 3875 4911 πορφυρογεν-

2271 4930 2430 4984 νήτου
2520 4930 2610 4978 καὶ
2693 4925 3170 5001 σεϐαστοκράτορος
3255 4933 3417 5001 κυρού
3497 4921 3832 5000 Ἀνδρονίκου
3859 4968 3878 4995 ,

2270 5023 2365 5068 τοῦ
2417 5033 2471 5069 τε
2524 5015 2968 5090 πρωτοσεϐαστοῦ
3032 5021 3124 5070 καὶ
3174 5013 3656 5092 πρωτοϐεστιαρίου
3712 5023 3878 5089 κυροῡ

2275 5103 2533 5174 Ἰωάννου,
2597 5110 2688 5158 καὶ
2730 5112 2823 5157 τοῦ
2892 5113 3056 5181 κυροῡ
3112 5104 3345 5169 ’Δλεξίου
3393 5111 3497 5156 τῶν
3548 5109 3826 5176 Κομνηνῶν
3862 5125 3877 5139 ο

2274 5201 2366 5247 τοῦ
2413 5196 2769 5268 περιποθήτου
2807 5191 3090 5269 ἕξαδέλφου
3145 5201 3240 5247 τοῦ
3280 5200 3531 5268 κραταιοῦ
3583 5198 3674 5246 καὶ
3726 5191 3878 5264 ἁγίου

2275 5284 2422 5356 ἡμῶν
2486 5281 2746 5357 βασιλέως
2816 5292 2982 5358 κνροῦ
3058 5283 3296 5338 Ἰωάννου
3364 5290 3457 5336 τοῦ
3516 5283 3706 5350 Δούκα,
3784 5289 3880 5334 τοῦ

2277 5373 2393 5426 υἱοῦ
2440 5380 2534 5426 τοῦ
2598 5369 2847 5447 ἀοιδίμου
2913 5377 3402 5449 πορφυρογεννήτου
3469 5376 3562 5424 καὶ
3626 5369 3881 5424 σεϐαστο-

2278 5462 2527 5538 κράτορος
2571 5469 2734 5538 κυρού
2799 5459 3138 5542 ’Δνδρονίκου
3191 5469 3286 5516 τοῦ
3333 5463 3688 5539 περιποθήτου
3738 5461 3880 5514 θείου

2351 5607 2468 5685 (ll)
2502 5609 2646 5681 Pag.
2668 5609 2762 5670 49.
