4046 6310
477 350 587 408 255

1816 347 2090 411 NICETIE
2131 349 2506 413 CBONIADE

3739 354 3861 412 25B

552 479 608 532 2.
671 475 1018 536 Astantibus
1083 480 1263 537 etiam
1335 478 1756 539 sacratissimis
1809 475 2134 552 episcopis,

2314 475 2384 552 β’.
2438 489 2833 559 Περισταμενων
2889 484 2979 535 καὶ
3039 479 3327 554 ἱερωτάτων
3385 474 3693 553 ἀρχιερέων,
3752 485 3862 531 τοῦ

483 565 781 623 Heracleae
840 567 1156 639 Michaele,
1207 571 1390 641 Cyzici
1441 570 1660 628 Basilio
1690 615 1705 640 ,
1774 567 2131 625 Nicomediae

484 654 785 719 Michaele,
834 660 1104 712 Amasene
1146 658 1363 725 Niceta,
1405 659 1697 716 Melitenes
1738 657 1955 722 Niceta,
1985 657 2134 712 Gan-

486 756 733 814 grorum
783 745 1010 800 Joanne
1041 789 1056 814 ,
1123 749 1422 820 Myrorum
1493 747 1950 819 Christophoro,
2021 747 2136 802 Co-

484 830 666 887 rinthi
730 831 1041 889 Theodoro
1074 879 1089 904 ,
1157 837 1523 893 Athenarum
1585 836 1868 907 Nicolao,
1921 834 2137 892 Mocesi

489 920 667 987 Luca,
719 920 899 977 Cretae
943 924 1194 991 Joanne,
1246 928 1629 999 Trapezuntis
1680 923 1980 988 Michaele.
2038 925 2137 979 La-

485 1008 651 1064 rissae
723 1010 949 1067 Joanne
982 1054 996 1076 ,
1069 1014 1552 1088 PhilippOpoleos
1631 1014 1842 1071 Basilio
1874 1055 1890 1080 ,
1948 1012 2139 1070 Rhodi

488 1099 701 1163 Leone,
719 1097 1127 1172 Philipporum
1160 1105 1410 1173 Joanne,
1431 1102 1939 1176 Hadrianopoleos
1968 1104 2142 1159 Geor-

488 1185 608 1256 gio,
674 1187 975 1260 Mitylenes
1022 1191 1235 1261 Potho,
1300 1195 1730 1265 Neopatrarum
1795 1190 2137 1262 Euthymio,

488 1276 912 1334 Euchaitarum
970 1282 1401 1349 Constantino,
1455 1281 1809 1339 Amastridis
1872 1284 2136 1348 Joanne,

486 1363 823 1423 Thebarum
890 1369 1145 1439 Joanne,
1188 1372 1495 1427 Serrarum
1573 1369 1884 1427 Theodoro
1918 1413 1933 1437 ,
2009 1369 2141 1426 Aﬁni

487 1453 737 1520 Joanne,
804 1454 1044 1514 Dristras
1110 1459 1323 1524 Leone,
1388 1461 1661 1530 Corcyrae
1727 1457 2138 1525 Constantino,

486 1540 686 1612 Abydi
716 1542 1018 1613 Michaclc,
1064 1547 1422 1618 Methymna;
1470 1546 1738 1613 Nicolao,
1769 1547 2142 1604 Lacedaemo-

486 1644 601 1686 niae
633 1632 855 1699 Niceta,
889 1633 1059 1690 Mileti
1117 1636 1334 1692 Niceta.
1370 1639 1662 1693 Maroneae
1709 1637 1927 1705 Niceta,
1967 1640 2143 1693 Arca-

488 1718 800 1790 diopoleos
830 1724 1241 1794 Constantino,
1273 1725 1430 1782 Parii
1468 1725 1728 1796 Nicolao,
1766 1723 2142 1781 Proeconnesi

2241 573 2546 650 Ἡρακλείας
2572 577 2816 650 Μιχαὴλ,
2848 583 2941 629 τοῦ
2974 578 3207 639 Κυζίκου
3235 573 3526 646 Βασιλείου,
3558 583 3650 627 τοῦ
3687 580 3857 627 Νικο-

2244 661 2360 737 μηδ
2364 670 2471 728 aia;
2501 667 2738 740 Μιχαήλ,
2765 674 2858 719 τοῦ
2877 666 3160 739 Ἀμασείας
3184 669 3411 726 Νικήτα,
3437 670 3530 716 τοὺ
3551 663 3858 725 Μελιτηνῆς

2243 759 2290 806 Ν
2297 759 2472 822 ικήτα,
2500 765 2593 808 τοὺ
2624 762 2871 831 Γαγγρών
2901 755 3158 823 Ἰωάννου,
3184 760 3278 806 τοῦ
3330 756 3519 826 Μύρων
3545 757 3857 826 Χριστοφό-

2243 861 2359 916 ρου,
2393 851 2483 896 τοῦ
2518 846 2768 918 Κορίνθου
2816 840 3118 918 Θεοδώρου,
3161 848 3254 894 τοῦ
3279 841 3511 899 Ἀθηνῶν
3558 840 3854 912 Νικολάου,

2247 940 2339 984 τοῦ
2370 939 2635 991 Μωκησοὺ
2662 939 2862 1003 Λουκᾶ,
2893 940 2986 986 τοὺ
3014 936 3222 1006 Κρήτης
3248 930 3504 1002 Ἰωάννου,
3529 938 3618 983 τοῦ
3646 938 3860 1006 Τραπε-

2250 1019 2458 1082 ζοῦντος
2495 1022 2739 1094 Μιχαὴλ,
2785 1030 2877 1075 τοῦ
2920 1025 3196 1097 Λαρίσσης
3232 1019 3491 1088 Ἰωάννου,
3536 1027 3628 1072 τοῦ
3666 1019 3858 1073 Φιλιπ-

2248 1110 2540 1172 πουπόλεως
2564 1111 2852 1179 Βασιλείου,
2874 1120 2965 1164 τοὺ
2990 1107 3174 1164 Ῥόδου
3197 1113 3437 1175 Λέοντος,
3465 1116 3558 1162 τοῦ
3580 1109 3856 1163 Φιλίππων

2253 1199 2508 1271 Ἰωάννου,
2537 1199 2629 1253 τοὺ
2663 1202 2715 1254 Ἀ
2724 1198 2760 1255 δ
2761 1201 3136 1275 ριανουπόλεως
3152 1205 3392 1262 Λέοντος,
3411 1207 3502 1252 τοῦ
3521 1198 3861 1274 Ἰεραπόλεως

2251 1293 2532 1360 Γεωργίου,
2586 1298 2678 1342 τοὺ
2725 1289 3028 1352 Μιτυλήνης
3075 1291 3269 1359 Πόθον,
3320 1295 3413 1341 τοῦ
3462 1293 3605 1342 Νέων
3636 1295 3861 1361 Πατρῶν

2252 1377 2540 1449 Εὐθυμίου,
2572 1386 2664 1431 τοῦ
2692 1379 2967 1451 Εὐχαῖτων
3001 1380 3414 1445 Κωνσταντίνου,
3441 1384 3535 1430 τοῦ
3565 1376 3865 1450 Ἀμάστρε-

2253 1463 2341 1526 δος
2390 1467 2647 1535 Ἰωάννου,
2702 1476 2793 1521 τοῦ
2848 1472 3106 1543 Δρίστρας
3143 1471 3379 1538 Λέοντος,
3433 1473 3526 1519 τοῦ
3586 1468 3866 1541 Κερκύρας

2254 1561 2665 1627 Κωνσταντίνου,
2693 1564 2784 1610 τοῦ
2804 1554 3031 1611 Ἀϐύδου
3064 1555 3304 1629 Μιχαὴλ,
3334 1562 3426 1609 τοὺ
3454 1557 3731 1627 Μεθὺμνης
3750 1562 3863 1607 Νι-

2249 1642 2458 1715 κολάου,
2493 1652 2584 1697 τοῦ
2639 1641 3065 1718 Λακεδαιμονίοις
3090 1650 3317 1713 Νικήτα,
3347 1652 3439 1698 τοῦ
3490 1643 3728 1702 Μιλήτου
3760 1651 3864 1698 Νι-

2248 1739 2404 1803 κήτα,
2454 1741 2547 1785 τοῦ
2599 1738 2903 1807 Μαρωνείας
2946 1738 3171 1795 Νικήτα.
3220 1740 3312 1786 τοῦ
3365 1728 3861 1808 Ἀρκαδιουπόλεως

487 1807 736 1876 Isaacio,
769 1810 1043 1883 Selybrite
1059 1814 1382 1885 Theodulo,
1409 1812 1576 1871 Derci
1598 1817 1850 1886 Joanne,
1870 1812 2139 1871 Anchiali

2254 1825 2662 1892 Κωνσταντίνου,
2711 1829 2802 1876 τοῦ
2852 1827 3051 1895 Παρίου
3097 1821 3378 1893 Νικολάου,
3409 1829 3502 1875 τοῦ
3534 1824 3859 1895 Προικόννή-

488 1896 813 1968 Stephano.

558 2147 612 2203 3.
652 2146 1004 2204 Astantibus
1050 2150 1229 2206 etiam
1264 2150 1363 2207 Dei
1401 2151 1832 2207 amantissimis
1871 2150 2135 2206 dominis

488 2234 842 2307 praepositis,
902 2239 1403 2296 revcrcndissimo
1448 2246 1503 2295 et
1556 2256 1781 2309 magno
1820 2255 2137 2296 oeconomo

487 2321 711 2392 Alexio,
745 2340 971 2395 magno
998 2327 1436 2400 scevophylace
1472 2331 1720 2394 Joanne,
1770 2343 1997 2398 magno
2046 2344 2138 2384 sa-

489 2410 729 2469 cellario
758 2415 1081 2487 Stephano,
1123 2416 1591 2489 chartophylace
1609 2419 1855 2478 Joanne.
1885 2416 2136 2474 canstri-

490 2500 581 2557 sio
614 2502 911 2573 Samuele,
943 2504 1346 2561 referendario
1373 2504 1672 2573 Michaele,
1697 2523 1733 2562 a
1775 2511 2140 2562 commenta-

488 2590 590 2647 riis
623 2592 1033 2661 Constantino,
1062 2593 1555 2651 hieromnemone
1577 2596 1842 2665 Georgio,
1869 2595 2140 2652 ministro

491 2692 527 2733 a
556 2679 811 2749 genibus
844 2683 1251 2751 Constantino,
1278 2684 1564 2754 magistro
1587 2690 1928 2740 sanctorum
1954 2685 2141 2739 Evam

490 2768 783 2839 geliorum
839 2771 1100 2841 Nicolao,
1152 2773 1447 2830 monitore
1477 2774 1893 2838 Constantino,
1940 2780 2140 2847 proto-

428 2864 431 2865 '
491 2859 820 2931 praeposito
879 2859 1265 2917 ecclesiarum
1306 2861 1638 2929 Theodoro,
1674 2863 1959 2933 magistro
1986 2862 2141 2919 Basi-

488 2947 590 3018 lio,
618 2953 674 3005 et
705 2950 972 3007 secundo
998 2951 1240 3008 ostiario
1272 2953 1538 3024 Myrone.

561 3291 616 3347 4.
658 3289 930 3361 Majestas
962 3306 1098 3347 mea
1129 3289 1546 3364 subscriptum
1575 3290 1672 3347 die
1702 3291 1974 3348 secunda
1992 3306 2141 3364 pra:-

493 3378 682 3434 sentis
712 3379 894 3434 Martii
932 3377 1171 3435 decreto
1198 3379 1439 3436 condito
1469 3384 1524 3435 et
1550 3379 1702 3436 lecto
1756 3381 1908 3437 circa
1961 3379 2143 3436 inter-

492 3467 888 3541 pretationem
919 3460 1248 3537 evangelici
1296 3468 1436 3524 dicti
1469 3486 1483 3524 :
1514 3469 1693 3526 Pater
1740 3485 1902 3527 meus
1945 3471 2143 3541 major

493 3573 583 3614 me
611 3562 712 3629 est,
753 3556 938 3614 voluit
982 3556 1481 3631 subscriptionem
1513 3573 1686 3615 suam
1724 3573 1847 3614 non
1880 3558 2007 3614 sine
2038 3557 2143 3615 ad-

492 3645 822 3704 ditamento
877 3661 1186 3720 peragere,
1250 3647 1418 3719 quod
1464 3647 1677 3720 'palam
1735 3646 1955 3705 lectum
2012 3647 2139 3714 fuit,

493 3739 674 3809 atque
704 3737 785 3792 ita
809 3735 888 3792 ad
916 3734 1172 3792 litteram
1205 3752 1268 3792 se
1297 3735 1495 3793 habet.
1544 3739 1770 3809 Sequor
1817 3737 2143 3793 sententias

494 3824 1011 3882 sanctissimorum
1062 3825 1542 3899 patriarcharum
1571 3841 1878 3900 sacrasque
1906 3830 1961 3881 et
1985 3825 2141 3882 divae

495 3914 735 3988 synodi,
768 3916 987 3988 aioque
1015 3914 1211 3988 ipsam
1244 3915 1477 3973 Domini
1515 3930 1780 3980 carnem,
1805 3916 1860 3970 vi
1885 3915 2143 3987 conjun-

493 4004 704 4062 ctionis
733 4003 924 4078 ipsius
980 4005 1324 4072 exaltatam,
1351 4020 1658 4079 supraque
1687 4018 1934 4061 omnem
1956 4004 2145 4062 hono-

491 4108 621 4151 rem
651 4093 1004 4153 collocatam
1039 4094 1141 4167 (ita
1172 4100 1235 4152 ut
1285 4095 1401 4153 hoc
1431 4096 1651 4152 eximio
1679 4110 1839 4153 nexu
1867 4094 2146 4152 deiﬁcata

494 4185 591 4255 sit)
622 4185 1092 4252 immutabiliter,
1112 4186 1562 4253 invariabiliter,
1584 4186 1917 4256 inconfuse,
1942 4186 2145 4243 incon-

492 4272 857 4344 vertibiliter,
888 4274 1282 4348 hypostaticae
1312 4276 1751 4347 coniunctionis
1773 4276 1965 4348 gratia
1987 4275 2147 4331 inse-

493 4362 829 4436 parabilem
854 4364 1403 4439 indivisibilemque
1425 4373 1792 4425 manentem.
1808 4363 1987 4421 simul
2006 4379 2143 4421 cum

495 4458 842 4510 assumente
866 4453 1063 4527 ipsam
1094 4456 1214 4511 Deo
1245 4453 1459 4527 Verbo,
1505 4455 1634 4529 pari
1681 4455 1910 4512 honore
1949 4455 2063 4511 coli
2091 4458 2149 4512 et

495 4543 758 4612 adorari,
787 4544 969 4602 unica
1020 4545 1392 4615 adoratione,
1422 4547 1708 4620 regioque
1747 4551 1803 4603 et
1831 4545 2035 4603 divino
2084 4545 2146 4603 in
2175 4538 2221 4594 Ι)

497 4633 649 4690 solio
671 4634 748 4692 ad
772 4634 955 4692 Patris
974 4634 1285 4692 dexteram
1305 4635 1598 4704 residere;
1632 4639 1838 4709 utpote
1863 4652 1999 4709 quae
2023 4635 2146 4707 glo-

495 4723 686 4781 riosas
715 4723 1037 4784 divinitatis
1065 4723 1237 4781 dotes
1284 4724 1504 4799 adepta
1553 4730 1644 4783 est
1686 4724 1867 4782 salvis
1906 4729 2147 4785 natura-

494 4831 628 4873 rum
659 4813 1146 4890 proprietatibus.

567 5017 619 5070 5.
660 5015 986 5086 Postquam
1030 5010 1211 5082 igitur
1237 5010 1551 5086 probabile
1600 5009 1997 5070 sanctissimis
2040 5028 2145 5087 pa-

496 5101 770 5160 triarchis
804 5116 1110 5176 sacraeque
1148 5106 1204 5158 et
1231 5101 1386 5158 diva;
1414 5101 1652 5175 synodo
1690 5102 1889 5160 visum
1917 5106 2008 5160 est
2029 5104 2145 5161 hoc

497 5191 1001 5257 additamentum,
1055 5192 1152 5250 cui
1202 5196 1260 5249 et
1312 5191 1427 5266 ipsi
1472 5192 1916 5264 consonabant,
1964 5198 2146 5268 prout

494 5280 772 5354 ipsaemet
800 5282 1109 5341 sententiaa
1161 5282 1577 5339 demonstrant
1612 5298 1748 5356 quae
1791 5283 1855 5340 in
1907 5282 2145 5342 decreto

497 5370 735 5443 scriptas
764 5377 905 5429 sunt
934 5373 1063 5442 (etsi
1084 5387 1210 5429 non
1235 5373 1318 5430 ita
1352 5372 1468 5429 late
1500 5373 1560 5428 in
1600 5372 1672 5429 iis
1716 5374 1831 5431 hac
1871 5390 2055 5449 super
2080 5390 2144 5433 re

495 5460 897 5532 perscriptum
935 5464 1049 5529 est,
1074 5461 1220 5534 quia
1246 5460 1322 5517 de
1368 5477 1441 5518 ea
1489 5461 1735 5519 minime
1762 5479 1961 5535 sermo
1991 5464 2141 5538 fuit),

497 5548 856 5623 subscripsit
884 5549 1175 5621 majestas
1219 5564 1355 5607 mea
1389 5566 1526 5607 cum
1550 5551 1665 5609 hoc
1691 5551 2133 5613 additamento.

498 5638 634 5699 Erat
659 5644 861 5699 autem
885 5636 1201 5698 rubricatis
1227 5636 1435 5698 litteris
1465 5640 1571 5698 sic.

2249 1927 2344 1961 σου
2377 1909 2667 1979 Ἰσαακίου,
2692 1918 2784 1963 τοῦ
2845 1910 3128 1986 Σηλυϐρίας
3179 1907 3496 1978 Θεοδοὺλου,
3536 1918 3629 1963 τοῦ
3656 1914 3856 1986 Δέρκου

2249 1997 2505 2066 Ἰωάννου,
2531 2003 2622 2052 καὶ
2649 2007 2739 2052 τοῦ
2772 1999 3061 2072 Ἀγχιάλου
3090 2001 3364 2074 Στεφάνου.

2315 2158 2387 2231 γ’.
2428 2164 2938 2234 Συμπαρισταμένων
2966 2164 3057 2213 καὶ
3088 2168 3190 2214 τῶν
3222 2160 3624 2233 θεοφιλεστάτων
3656 2156 3857 2212 δεσπο-

2245 2256 2402 2300 τικῶν
2425 2247 2711 2323 ἀρχόντων,
2744 2256 2835 2302 τοὺ
2864 2251 3150 2325 ὑπερτίμου
3188 2254 3280 2303 καὶ
3315 2248 3542 2323 μεγάλου
3571 2248 3855 2321 οἰκονόμου

2247 2336 2500 2405 ’Λλεξίου,
2529 2347 2621 2391 τοῦ
2675 2337 2901 2412 μεγάλου
2943 2338 3325 2412 σκευοφὺλακος
3350 2338 3733 2405 Ἰωάννου,τοῦ
3762 2356 3860 2409 με-

2247 2426 2409 2498 γάλου
2454 2427 2794 2503 σακελλαρίου
2826 2431 3099 2501 Στεφάνου,
3127 2435 3219 2480 τοῦ
3251 2426 3653 2502 χαρτοφὺλακος
3680 2425 3863 2479 Ἰωάν-

2247 2535 2358 2582 νου,
2413 2525 2507 2569 τοῦ
2544 2522 2888 2589 κανστρισίου
2937 2517 3214 2590 Σαμουὴλ,
3270 2525 3371 2570 τοῶ
3418 2512 3862 2592 ῥαιφερενδαρὶόυ

2248 2606 2492 2679 Μιχαὴλ,
2545 2614 2638 2658 τοῦ
2692 2608 3239 2680 ὑπομνηματογράφου
3292 2610 3710 2672 Κωνσταντίνου,
3762 2611 3862 2657 τοῦ

2252 2697 2617 2767 ἱερομνήμονος
2649 2700 2927 2771 Γεωργίου,
2960 2702 3052 2747 τοῦ
3078 2693 3159 2748 ἐπὶ
3187 2703 3288 2748 τῶν
3322 2697 3548 2767 γονάτων
3580 2701 3861 2747 Κώνσταν-

2249 2788 2413 2851 τίνου,
2444 2793 2535 2837 τοὺ
2564 2781 2898 2837 διδασκάλου
2921 2793 3021 2838 τῶν
3042 2784 3201 2857 ἁγίων
3220 2784 3549 2857 Εὑαγγελίων
3564 2782 3860 2853 Νικολάου,

2249 2881 2341 2926 τοῦ
2392 2875 2880 2947 ὑπομιμνήσκοντος
2940 2877 3355 2945 Κωνσταντίνου,
3387 2880 3479 2925 τοῦ
3514 2878 3722 2947 πρώτου
3754 2874 3860 2947 ἀρ-

2248 2981 2441 3036 χοντος
2477 2970 2577 3015 τῶν
2630 2961 2917 3018 ἐκκλησιῶν
2962 2958 3239 3036 Θεοδώρου
3286 2970 3378 3016 τοῦ
3418 2963 3721 3037 μαίστώρος
3750 2970 3860 3013 τῶν

2247 3053 2483 3128 ῥητόρων
2528 3052 2823 3123 Βασιλείου,
2853 3058 2944 3106 καὶ
2982 3060 3074 3106 τοῦ
3132 3048 3377 3126 δευτέρου
3417 3050 3689 3125 ὀστιαριου
3738 3053 3862 3105 Μύ-

2171 3176 2211 3231 C
2248 3160 2423 3215 ρωνος.

2324 3297 2370 3354 δ’
2401 3300 2459 3353 Ἡ
2494 3299 2744 3375 βασιλεία
2765 3318 2884 3368 μου,
2909 3298 3171 3374 μέλλουσα
3194 3298 3501 3374 ὑπογράψαι
3529 3297 3577 3352 ἐν
3615 3306 3688 3371 τῷ
3717 3302 3866 3353 κατὰ

2251 3395 2345 3449 τήν
2373 3387 2618 3466 δευτέραν
2649 3397 2742 3442 τοῦ
2766 3394 3022 3466 παρόντος
3050 3393 3288 3464 Μαρτίου
3323 3393 3483 3462 μηνός
3505 3392 3737 3461 γεγονότι
3765 3395 3866 3443 καὶ

2253 3478 2634 3552 ἀναγνωσθέντι
2666 3484 2996 3552 σημειώματι
3033 3479 3120 3531 ἐπὶ
3156 3484 3219 3552 τῇ
3254 3478 3497 3554 ἑρμηνειᾳ
3521 3485 3611 3531 τοῦ
3641 3477 3863 3550 εὑαγγε-

2250 3567 2400 3622 λικοῦ
2454 3569 2619 3644 ῥητοῦ
2663 3575 2777 3639 τοῦ,
2820 3567 2879 3620 Ὀ
2929 3572 3111 3642 Πατήρ
3158 3587 3259 3640 μου
3308 3568 3500 3641 μείζων
3546 3570 3647 3641 μού
3691 3564 3863 3635 ἔστιν,

2252 3658 2474 3717 ἠθέλησε
2553 3659 2685 3731 μετά
2744 3659 3053 3733 προσθήκης
3116 3658 3451 3715 ποιήσασθαι
3504 3661 3602 3716 τήν
3663 3655 3865 3709 οἰκείαν

2253 3749 2580 3821 ὑπογραφὴν,
2614 3744 2645 3805 ἢ
2701 3751 2791 3798 καὶ
2821 3745 3120 3819 ἀνεγνώσθη
3169 3745 3236 3807 εἰς
3265 3745 3508 3814 ἐπήκοον,
3537 3748 3743 3817 ἔχουσα
3770 3743 3862 3798 ἐπὶ

2250 3835 2428 3901 λέξεων
2488 3837 2678 3899 οὕτως’
2722 3842 2928 3909 Στοεχῶ
2975 3840 3086 3899 ταῖς
3134 3840 3366 3908 γνώμαις
3415 3843 3515 3888 τῶν
3553 3834 3861 3907 ἁγιωτάτων

2252 3932 2600 4001 πατριαρχῶν
2629 3928 2719 3977 καὶ
2736 3931 2832 3986 τῆς
2858 3925 2993 3998 ἱερᾶς
3018 3927 3107 3975 καὶ
3139 3925 3276 3984 θείας
3306 3919 3553 3993 συνόδου,
3582 3926 3670 3975 καὶ
3694 3921 3858 3995 λέγω,

2253 4015 2334 4067 ὅτι
2358 4014 2489 4072 αὑτη
2531 4015 2561 4072 ἡ
2594 4011 2728 4088 σὰρξ
2762 4020 2854 4066 τοῦ
2892 4017 3087 4087 Κυρίου
3118 4010 3172 4076 ἐξ
3221 4012 3386 4074 αὑτῆς
3414 4012 3637 4075 ἕνώσεως
3661 4012 3863 4084 ὑπερν-

2251 4102 2492 4176 ψωθείσα
2515 4106 2605 4155 καὶ
2652 4100 2895 4155 ἀνωτάτω
2925 4104 3104 4164 πάσης
3132 4109 3291 4175 τιμῆς
3318 4103 3676 4177 ὑπερκειμένη,
3710 4103 3777 4161 ὡς
3806 4100 3864 4164 ἐξ

2253 4194 2414 4267 ἄκρας
2457 4192 2678 4254 ἑνώσεως
2707 4192 2948 4266 όμόθετος
2984 4195 3251 4265 γενομένη,
3295 4190 3678 4264 ἀμεταϐλήτως,
3708 4187 3867 4243 ἀναλο

2251 4280 2498 4349 λοιώτως,
2532 4279 2848 4355 ἀσυγχύτως
2874 4284 2966 4333 καὶ
2994 4279 3256 4356 ἀτρέπτως
3299 4276 3394 4333 διὰ
3421 4284 3514 4339 τήν
3541 4278 3657 4332 καθ’
3688 4281 3861 4332 ὑπόσ-

2253 4391 2408 4426 τασιν
2436 4372 2637 4439 ἕνωσιν,
2659 4375 2746 4425 καὶ
2771 4369 3078 4444 ἀχώριστος
3100 4375 3190 4423 καὶ
3220 4367 3588 4430 ἀδιάσπαστος
3626 4372 3865 4443 μένουσα

2255 4469 2327 4535 τῷ
2357 4459 2760 4537 προσλαϐομένῳ
2804 4458 2963 4519 αὑτήν
2990 4467 3104 4532 Θεῷ
3134 4464 3310 4532 Λόγῳ,
3341 4458 3585 4521 ἰσοκλεῶς
3613 4458 3753 4530 αὑτῷ
3782 4477 3868 4512 τι-

2253 4557 2418 4625 μᾶται
2445 4553 2535 4605 καὶ
2558 4555 2931 4623 προσκυνεῖται
2958 4554 3058 4623 μιᾷ
3092 4553 3473 4626 προσκυνήσει·
3504 4553 3596 4602 καὶ
3629 4554 3735 4609 τοῖς
3760 4544 3865 4620 βα-

2258 4640 2479 4704 σιλικοῖς
2501 4643 2591 4694 καὶ
2621 4641 2777 4701 θείοις
2829 4634 3210 4714 ἕγκαθίδρυται
3250 4640 3434 4702 θώκοις
3466 4637 3521 4691 ἐκ
3551 4634 3733 4702 δεξιῶν
3764 4646 3862 4691 τοῦ

2256 4732 2479 4804 Πατρός,
2509 4731 2574 4791 ὡς
2628 4731 2696 4783 τὰ
2746 4736 2843 4793 τῆς
2885 4730 3121 4792 θεότητος
3159 4729 3451 4802 αὐχήματα
3491 4727 3859 4787 καταπλουτή-

2258 4819 2419 4886 σάσα,
2451 4820 2754 4892 σωζομένων
2784 4826 2884 4871 τῶν
2910 4815 3189 4878 ἰδίοτήτων
3216 4827 3316 4872 τῶν
3348 4820 3568 4892 φύσεων.

2327 5012 2380 5072 ε’.
2407 5013 2495 5079 Ὠς
2519 5016 2608 5071 οὗν
2629 5012 2819 5093 ἀρεστὴ
2841 5021 2952 5079 τοῖς
2975 5034 3029 5069 τε
3053 5013 3363 5089 ἁγιωτάτοις
3388 5015 3746 5091 πατριάρχαις
3765 5017 3864 5067 καὶ

2251 5113 2315 5177 τῇ
2352 5106 2464 5180 ἱερᾷ
2487 5110 2578 5159 καὶ
2606 5107 2720 5175 θείᾳ
2771 5101 2978 5177 συνόδῳ
3031 5100 3224 5176 ἔδοξεν,
3257 5105 3327 5168 ὡς
3355 5103 3490 5157 οὕτω
3537 5107 3628 5156 καὶ
3678 5101 3864 5166 αὐτοῖς

2253 5201 2523 5269 φρονοῦσι,
2553 5196 2725 5257 καθὼς
2743 5198 2833 5248 καὶ
2858 5192 2960 5248 ἀπὸ
2980 5202 3080 5248 τῶν
3103 5200 3320 5268 γνωμῶν
3348 5192 3515 5247 αὐτῶν
3536 5190 3862 5267 ἐμφαίνεται,

2250 5292 2349 5339 τῶν
2375 5281 2425 5336 ἓν
2453 5290 2527 5355 τῷ
2567 5280 2604 5337 δ
2607 5283 2854 5343 ηλωθέντι
2881 5288 3214 5358 σημειώματι
3243 5283 3707 5359 ἀναγεγραμμένων
3738 5280 3863 5353 (κᾶν

2252 5379 2325 5449 μή
2355 5372 2672 5448 πλατύτερον
2691 5375 2757 5427 τὰ
2778 5376 2896 5450 περὶ
2918 5376 3106 5429 τούτου
3128 5372 3176 5428 ἓν
3208 5373 3391 5437 αὑταῖς
3417 5372 3640 5449 ἕγράφη,
3670 5368 3763 5424 διὰ
3799 5374 3863 5425 τό

2252 5460 2391 5538 μηδὶ
2418 5471 2654 5518 τοιοῦτον
2692 5463 2843 5538 λόγον
2874 5462 3239 5538 εἰσαχθῆναι),
3267 5462 3539 5537 ἀπεγράφη
3589 5463 3732 5538 παρὰ
3760 5468 3827 5520 τῆ
3838 5482 3862 5524 ς

2254 5551 2528 5627 βασιλείας
2556 5573 2657 5627 μου
2690 5555 2822 5629 μετὰ
2849 5558 2935 5609 καὶ
2975 5563 3070 5616 τῆς
3097 5556 3344 5615 τοιαύτης
3376 5554 3677 5629 προσθήκης
3697 5566 3708 5580 ·
3741 5542 3864 5620 εἶχε

2253 5638 2314 5697 δι
2341 5647 2432 5698 καὶ
2459 5638 2534 5698 δι’
2563 5641 2792 5722 ἐρυθρῶν
2819 5645 3161 5720 γραμμάτων.
