4046 6310
520 267 626 325 263
1847 257 1889 316 N
1901 256 2120 314 ICETr’E
2168 249 2561 310 CHONIA'WE.
2995 274 2998 276 ·
3774 248 3902 304 264

522 388 799 449 stantiale
829 393 966 456 Deo,
996 388 1078 445 ita
1115 391 1179 444 ut
1206 385 1487 460 physicas
1532 386 1615 442 rei
1669 388 1882 441 creatae
1908 380 2175 453 proprie-

2303 376 2352 436 ἰις
2410 372 2656 434 ἐκστῆναι
2707 384 2806 428 τῶν
2861 383 3091 449 φυσικῶν
3167 370 3442 432 ίδιοτήτων
3497 379 3589 424 τοῦ
3639 379 3890 436 κτιστοῡ,

525 485 673 536 tates
731 479 986 545 amittat,
1029 459 1248 547 nempe
1290 459 1928 545 circumscriptionem,
1981 472 2035 524 et
2070 483 2177 522 cce-

2303 471 2374 515 ·οὑ
2402 474 2776 538 περιγραπτοῡ,
2807 470 2898 518 καὶ
2939 474 3038 516 τῶν
3076 463 3267 516 λοιπῶν
3305 470 3405 514 τῶν
3459 459 3509 513 ἐν
3561 469 3623 534 τῇ
3684 459 3898 534 ἀνθρω-

523 575 650 624 tera
669 584 805 640 quae
827 568 888 623 in
911 566 1120 622 Christi
1145 566 1414 620 humana
1444 568 1661 619 natura
1687 565 2045 623 cernuntur;
2073 555 2178 610 sed

528 661 743 730 putant
771 654 1209 712 humanitatem
1231 667 1582 708 conversam
1604 651 1788 707 fuisse
1819 651 1876 705 in
1908 645 2180 704 divinita-

523 746 598 802 tis
629 743 1061 810 substantiam;
1095 742 1176 798 ita
1207 747 1271 797 ut
1301 741 1440 796 hinc
1469 739 1836 796 concludant
1861 737 1958 793 vel
1987 736 2178 808 phan-

523 833 801 890 tasticam
831 832 1013 888 fuisse
1044 837 1222 904 atque
1250 830 1416 886 haud
1449 845 1651 886 veram
1698 826 1930 885 Domini
1988 825 2178 880 incar-

524 922 834 979 nationem
862 925 918 977 et
943 919 1310 993 passionem,
1344 919 1439 974 vel
1469 917 1761 990 Unigeniti
1809 913 2180 972 divinitatem

525 1025 774 1084 passam
803 1009 989 1065 fuisse
1017 1027 1030 1076 ;
1059 1007 1385 1064 anathema
1416 1006 1512 1063 sit.

599 1101 687 1154 IV.
715 1128 782 1138 —
829 1103 880 1153 5.
915 1100 1131 1153 Eorum
1169 1095 1273 1168 qui
1311 1094 1539 1163 dicunt,
1589 1108 1834 1150 carnem
1861 1090 2096 1149 Domini
2122 1089 2182 1146 vi

528 1185 970 1258 conjunctionis
1005 1185 1195 1257 ipsius
1225 1182 1568 1250 exaltatam,
1603 1196 1910 1254 supraque
1937 1187 2182 1237 omnem

527 1275 822 1332 honorem
864 1274 1216 1330 collocatam
1251 1273 1357 1341 (ita
1396 1276 1460 1328 ut
1485 1272 1600 1328 hoc
1632 1272 1850 1328 eximio
1877 1285 2033 1326 nexu
2064 1268 2184 1324 dei-

528 1365 710 1420 ﬁcata
740 1364 836 1435 sit)
861 1361 1332 1428 immutabiliter,
1360 1361 1811 1429 invariabiliter,
1848 1357 2181 1424 inconfuse,

529 1453 1077 1519 inconvertibiliter,
1104 1452 1496 1524 hypostaticaa
1527 1450 1968 1522 conjunctionis
1995 1448 2186 1519 gratia

530 1542 1022 1616 inseparabilem,
1049 1541 1596 1615 indivisibilemque
1627 1544 1974 1598 manentem
2005 1537 2186 1594 simul

2303 1539 2594 1613 Ξιχό›ριστος
2646 1542 2736 1590 καὶ
2801 1534 3167 1597 ἀδιάσπαστος
3197 1540 3426 1609 μένουσα
3471 1542 3544 1605 τῷ
3600 1533 3907 1610 προσλαϐο-

533 1649 674 1688 eum
729 1635 1076 1687 assumente
1142 1631 1340 1703 ipsam
1397 1633 1515 1686 Deo
1562 1630 1773 1702 Verbo,
1807 1629 1938 1702 pari
1957 1628 2185 1685 honore

2303 1633 2425 1700 αένῳ
2473 1630 2636 1686 αὐτὴν
2685 1632 2792 1680 Θεῶ
2836 1631 3008 1698 Λόγῳ,
3057 1625 3297 1686 ἰσοκλεῶς
3350 1625 3490 1696 αὐτῷ
3537 1630 3756 1697 τιμᾶται
3801 1628 3913 1676 καὶ

534 1720 650 1777 coli
712 1725 770 1775 et
833 1719 1092 1785 adorari,
1129 1720 1306 1775 unica
1378 1719 1746 1791 adoratione,
1813 1719 2100 1790 regioque
2129 1720 2186 1772 et

2303 1724 2664 1792 προσκυνεῖται
2709 1722 2807 1789 μιᾷ
2861 1719 3234 1788 προσκυνήσει,
3278 1719 3369 1767 καὶ
3411 1720 3522 1775 τοῖς
3588 1711 3910 1786 βασιλικοῖς

534 1809 738 1865 divino
764 1809 823 1864 in
843 1807 991 1864 solio
1013 1807 1091 1864 ad
1115 1808 1301 1863 Patris
1324 1807 1634 1863 dexteram
1657 1808 1949 1870 residere;
1981 1810 2186 1878 utpote

2303 1813 2382 1860 ιιαὶ
2445 1809 2600 1868 θείοις
2626 1804 3002 1881 ἐγκαθίδρυται
3058 1807 3240 1865 θώκοις
3295 1803 3350 1856 ἐκ
3400 1800 3583 1866 δεξιῶν
3635 1809 3730 1855 τοῦ
3785 1809 3910 1854 Πα-

535 1914 674 1970 quaa
706 1897 1034 1953 Divinitatis
1079 1897 1247 1952 dotes
1283 1896 1572 1967 gloriosas
1611 1896 1829 1969 adepta
1858 1900 1967 1963 est,
2008 1894 2187 1950 salvis

532 1991 886 2043 naturarum
910 1985 1406 2059 proprietatibus:
1432 1985 1517 2040 sic
1538 1985 1886 2053 dicentium,
1909 1984 2185 2057 inquam,

532 2080 756 2132 aeterna
780 2075 1072 2131 memoria
1103 2075 1195 2130 sit.

601 2169 654 2220 6.
695 2167 828 2221 Haec
887 2165 1214 2237 quotannis
1273 2164 1486 2221 eadem
1554 2164 1650 2220 die
1682 2163 1991 2220 Dominica
2048 2177 2188 2217 cum

531 2258 710 2310 antea
765 2253 932 2308 dictis
988 2269 1117 2307 esse
1165 2251 1504 2324 profitenda
1555 2253 1863 2308 decretum
1917 2255 2029 2308 est.
2062 2250 2187 2306 Imo

527 2356 694 2409 vero,
718 2357 855 2396 cum
881 2357 989 2412 per
1018 2341 1074 2395 id
1103 2347 1339 2412 tempus
1371 2340 1748 2396 ordinandus
1775 2346 1929 2396 esset
1953 2343 2188 2396 Neocae-

533 2445 726 2486 sareae
759 2430 1102 2500 episcopus,
1135 2429 1213 2484 ad
1244 2434 1454 2484 caetera
1476 2445 1610 2500 quae
1633 2429 1712 2484 ob
1752 2429 2189 2501 explorandam

529 2517 756 2575 mentis
815 2517 1235 2573 orlhodoxiam
1290 2517 1588 2588 descripta
1635 2523 1825 2585 erant,
1851 2518 1966 2572 hoc
2009 2517 2189 2573 etiam

530 2611 673 2664 tunc
698 2607 1062 2678 imperatum
1088 2612 1174 2662 est
1193 2606 1422 2661 recitari
1445 2607 1537 2662 his
1572 2606 1952 2663 adamussim
1972 2606 2184 2662 verbis.

2287 557 2408 614 πεία
2468 557 2618 624 φύσει
2682 561 2774 606 τοῦ
2842 561 3076 628 Χριστοῦ
3144 555 3500 627 θεωρουμένων
3542 567 3555 582 ·

2289 643 2480 714 φθῆναι
2533 639 2592 695 δὲ
2648 643 2721 706 εἰς
2766 647 2860 702 τὴν
2924 645 3165 705 θεότητος
3219 642 3421 708 οὐσίαν,
3471 643 3540 702 ὡς
3592 638 3647 692 ἐκ
3693 641 3899 691 τούτου

2288 731 2512 803 εἰσάγειν
2572 733 2602 791 ἢ
2660 738 2919 806 φαντασίᾳ
2968 737 3057 786 καὶ
3109 731 3202 785 οὐκ
3237 730 3453 804 ἀληθείᾳ
3499 733 3763 803 γεγονέναι
3790 732 3900 787 τὴν

2288 819 2678 895 ἐνανθρωπησιν
2730 830 2820 876 τοῦ
2875 827 3068 897 Κυρίου
3126 825 3216 873 καὶ
3263 823 3328 874 τὰ
3368 822 3535 889 πάθη,
3564 820 3593 879 ἢ
3645 823 3742 878 τὴν
3794 824 3898 871 τοῦ

2288 917 2608 983 Μονογενοῦς
2638 913 2860 970 θεότητα
2888 913 3091 980 παθεῖν,
3119 909 3368 983 ἀνάθεμα.

3639 569 3902 622 μεταμει-

2362 1089 2586 1146 Δ’.-ε’.
2626 1097 2737 1143 Τῶν
2774 1089 3019 1162 λεγόντων
3067 1092 3148 1142 ὅτι
3199 1091 3228 1149 ἠ
3284 1089 3418 1162 σὰρξ
3462 1095 3554 1140 τοῦ
3587 1092 3784 1157 Κυρίου
3839 1086 3907 1151 ἐξ

2291 1180 2451 1241 αὐτῆς
2499 1182 2727 1242 ἓνὼσεως
2778 1179 3202 1254 ὑπερυψωθεῖσα,
3252 1183 3342 1231 καὶ
3391 1176 3662 1230 ἀνωτάτων
3710 1179 3908 1239 πάσης

2290 1278 2445 1342 τιμῆς
2493 1272 2976 1344 ὑπερκειμένηηὼς
3045 1267 3098 1332 ἐξ
3155 1270 3321 1343 ἄκρας
3395 1267 3622 1330 ἐνὼσεως
3678 1269 3910 1340 ὁμόθεος

2291 1363 2556 1433 γενομένη,
2637 1358 3019 1433 ἀμεταϐλὴτως,
3115 1357 3487 1428 ἀναλλοιώτως,
3569 1355 3911 1429 ἀσυγχύτως

2291 1456 2381 1502 καὶ
2438 1448 2720 1524 ἀτρέπτως,
2768 1446 2861 1502 διὰ
2889 1453 2983 1507 τὴν
3035 1447 3152 1500 καθ’
3183 1449 3478 1500 ὑπόστασιν
3542 1447 3745 1517 ἕνωσιν,
3800 1465 3912 1498 και

2637 1358 3019 1433 ἀμεταϐλὴτως,
3115 1357 3487 1428 ἀναλλοιώτως,

2293 1900 2433 1970 τρός,
2495 1900 2562 1956 ὼς
2620 1897 2686 1948 τὰ
2726 1905 2820 1957 τῆς
2889 1896 3124 1954 θεότητος
3180 1893 3476 1966 αὐχήματα
3528 1891 3910 1949 καταπλουτιε-

2297 2006 2458 2052 σασα,
2511 1986 2813 2058 σωζομένων
2853 1992 2951 2036 τῶν
2991 1981 3265 2042 ἰδιοτὴτων
3307 1990 3408 2034 τῶν
3451 1984 3672 2055 φύσεων,
3703 1980 3906 2033 αἰωνιοι

2294 2077 2324 2134 ἡ
2358 2080 2558 2147 μνήμη.

2371 2163 2424 2225 ς’.
2456 2169 2634 2216 Ταῦτα
2687 2159 2753 2220 δὴ
2813 2166 2902 2214 καὶ
2951 2160 3174 2222 ἒτησίως
3202 2163 3337 2214 κατά
3390 2162 3587 2218 ταύτην
3635 2163 3729 2218 τήν
3780 2178 3896 2211 κυ-

2295 2260 2550 2327 ριώνυμον
2636 2253 3071 2323 συνεκφωνεῖσθαι
3142 2257 3249 2311 τοῖς
3324 2255 3671 2325 προγραφεῖσι
3739 2251 3905 2300 κεκύ-

2294 2361 2478 2416 ρωται·
2531 2341 2589 2392 οὗ
2637 2345 2790 2413 μόνον
2841 2337 2903 2392 δὲ
2955 2339 3083 2393 ἀλλὰ
3128 2345 3217 2392 καὶ
3263 2341 3408 2414 παρὰ
3457 2345 3550 2391 τοῦ
3604 2344 3912 2395 τηνικαῦτα

2294 2435 2412 2483 τότε
2460 2431 2899 2503 χειροτονηθῆναι
2971 2428 3234 2500 μέλλοντος
3292 2426 3576 2502 ἀρχιερέως
3623 2434 3717 2488 τῆς
3763 2432 3911 2478 Νεο-

2296 2522 2586 2592 καισαρέων
2661 2517 2873 2584 πόλεως,
2932 2523 3038 2577 τοῖς
3096 2520 3238 2591 παρὰ
3303 2523 3396 2568 τοῦ
3457 2519 3701 2590 πρότερον
3765 2518 3911 2588 πρὸς

2297 2606 2579 2680 ἀσφάλειαν
2627 2613 2721 2659 τοῦ
2785 2605 2980 2658 ἑαυτῶν
3028 2610 3356 2679 φρονήματος
3405 2607 3744 2677 γραφομένοις
3803 2607 3910 2655 καὶ

2295 2704 2463 2749 ταῦτα
2519 2693 2994 2767 συνεξησφάλισται
3044 2697 3175 2769 πρὸς
3225 2696 3340 2754 ἔπος
3399 2693 3533 2746 οὕτω
3585 2689 3910 2765 διαλαμϐά-

2294 2805 2466 2839 νοντα·

610 2882 664 2931 7.
707 2875 895 2932 Etiam
949 2875 1281 2948 amplector
1337 2879 1394 2932 et
1458 2876 1742 2949 profiteor
1797 2893 1872 2934 ea
1934 2893 2071 2950 quas
2115 2877 2186 2933 de

2371 2873 2433 2938 ζ’.
2465 2873 2578 2927 Ἔτι
2629 2873 3040 2946 κατ-ἀσπάζομαι
3087 2876 3176 2925 καὶ
3223 2872 3454 2945 ὁμολογῶ
3504 2874 3570 2924 τὰ
3621 2874 3740 2942 περὶ
3796 2878 3906 2934 τῆς

536 2963 716 3020 eﬂ'ato
747 2964 1058 3020 Dominico
1087 2965 1144 3019 in
1169 2965 1390 3020 sanctis
1424 2965 1795 3036 Evangeliis:
1827 2968 2008 3022 Pater
2025 2981 2186 3022 meus

2303 2963 2347 3014 ἓν
2393 2969 2502 3023 τοῖς
2563 2961 2730 3033 ἁγίοις
2783 2960 3112 3032 Εὐαγγε).ίοις
3167 2967 3485 3021 Δεσποτικῆς
3539 2965 3708 3032 φωνῆς
3770 2967 3907 3027 τῆς,

534 3055 734 3124 major
766 3068 858 3110 me
890 3059 975 3110 est
1033 3053 1252 3109 tradita
1281 3058 1420 3109 sunt
1445 3069 1481 3109 a
1509 3035 1732 3110 sanctis
1764 3054 2057 3126 Patribus,
2086 3054 2186 3110 de-

2303 3047 2356 3105 ‘O
2403 3055 2585 3125 Πατήρ
2641 3070 2740 3122 μου
2798 3050 2988 3122 μείζων
3041 3052 3142 3122 μού
3200 3047 3332 3117 ἐστι,
3387 3050 3533 3121 παρά
3582 3055 3681 3100 τῶν
3729 3046 3910 3117 ἁγίων

535 3141 761 3199 clarata
791 3145 994 3198 autem
1024 3143 1083 3198 in
1136 3141 1414 3212 religioso
1446 3146 1630 3212 tomo,
1662 3143 1767 3216 qui
1820 3144 2186 3214 compositus

2303 3143 2542 3212 Πατερων
2597 3135 2969 3214 παραδοθέντα
3009 3143 3100 3191 καὶ
3153 3135 3590 3211 ὃιατρανωθεντα,
3640 3138 3740 3190 ὑπό
3802 3144 3912 3188 τοῦ

533 3235 622 3287 est
668 3235 818 3286 nutu
870 3231 1158 3286 divinitus
1199 3231 1485 3303 ‘inspirati
1559 3231 1820 3303 potentis
1877 3233 2186 3304 sanctique

2303 3228 2542 3290 εὐσεϐοῦς
2597 3232 2760 3301 τόμον
2820 3235 2915 3280 τοῦ
2985 3226 3271 3289 ἐκτεθέντος
3327 3230 3605 3298 θεοκινήτῳ
3678 3228 3912 3298 νεύματι

531 3319 720 3375 nostri
745 3319 904 3389 regis
933 3319 1426 3390 Porphyrogeniti
1457 3324 1513 3374 et
1542 3320 1922 3393 imperatoris
1961 3321 2186 3376 domini

2303 3326 2390 3371 τοῦ
2429 3324 2682 3392 κραταιοῦ
2723 3321 2814 3368 καὶ
2850 3316 3003 3387 ἁγίου
3045 3318 3189 3389 ἡμῶν
3235 3315 3492 3389 βασιλέως
3532 3323 3911 3390 Πορφυρογεν-

534 3406 820 3463 Manuelis
848 3409 1134 3462 Comneni
1159 3424 1171 3461 :
1203 3423 1420 3480 nempe
1451 3407 1618 3479 quod
1642 3409 2005 3464 locutionem
2035 3410 2186 3464 hanc

2303 3412 2450 3466 νητου
2499 3411 2588 3458 καὶ
2627 3405 3006 3480 αὐτοκράτορος
3043 3413 3205 3478 κυροῦ
3255 3405 3503 3464 Μανουὴλ
3545 3412 3637 3458 τοῦ
3691 3410 3911 3475 Κομνη-

533 3495 778 3569 protulit
836 3495 1125 3552 Dominus
1174 3501 1230 3551 et
1283 3498 1436 3551 Deus
1485 3502 1686 3553 noster
1713 3498 1889 3553 Jesus
1924 3499 2186 3555 Christus

2303 3503 2409 3548 νοῦ·
2452 3499 2614 3566 ἤγουν
2652 3495 2730 3547 ὅτι
2759 3498 2853 3553 τὴν
2905 3498 3075 3567 φωνήν
3104 3497 3298 3552 ταύτην
3358 3497 3559 3568 εἰρηται
3611 3494 3638 3546 ὁ
3705 3494 3913 3566 Κύριος

536 3581 718 3638 etiam
752 3582 1088 3637 secundum
1124 3598 1296 3637 suam
1327 3589 1590 3641 creatam
1649 3586 2186 3659 circumscriptam-

2303 3591 2390 3639 καὶ
2447 3589 2575 3647 Θεὸς
2621 3587 2766 3656 ἡμῶν
2814 3585 3024 3646 Ἰησοὺς
3076 3587 3322 3657 Χριστὸς,
3377 3587 3468 3636 καὶ
3515 3585 3652 3635 κατὰ
3699 3586 3791 3640 τὴν
3851 3581 3909 3634 ἐν

539 3685 658 3742 que
689 3675 970 3726 naturam
1001 3671 1057 3725 in
1091 3685 1212 3742 qua
1250 3675 1307 3727 et
1334 3687 1556 3744 passus
1586 3677 1692 3728 est.
1725 3674 1964 3745 Recipio
1991 3681 2186 3732 autem

2303 3674 2443 3745 αὐτῷ
2487 3678 2705 3732 κτιστὴν
2752 3677 2842 3726 καὶ
2888 3677 3246 3747 περιγραπτὴν
3303 3675 3476 3745 φύσιν,
3530 3669 3649 3724 καθ’
3698 3671 3759 3730 ἐν
3804 3675 3910 3724 καὶ

538 3756 616 3813 de
643 3757 946 3814 locutione
976 3758 1090 3814 hac
1121 3764 1362 3815 caeteras
1418 3775 1664 3833 quoque
1709 3767 2056 3819 sanctorum
2088 3765 2194 3820 Pa-

540 3850 699 3902 trum
758 3847 1294 3920 interpretationes.
1329 3853 1518 3921 Atque
1555 3850 1685 3905 haac
1715 3866 1750 3906 a
1785 3852 2017 3908 cunctis
2057 3868 2196 3910 con-

538 3936 840 3992 secrandis
861 3936 1138 4008 deinceps
1165 3938 1468 4010 episcopis
1497 3939 1839 4011 proﬁtenda
1868 3955 1996 3996 esse
2024 3957 2196 3998 cons-

534 4024 773 4081 titutum
800 4031 908 4081 est.

606 4117 658 4166 8.
693 4113 788 4168 His
810 4115 979 4178 actis,
1012 4115 1192 4170 unius
1226 4115 1326 4170 Dei
1357 4115 1620 4172 Ecclesia
1645 4117 1707 4172 in
1736 4133 1927 4174 unum
1970 4133 2190 4192 corpus

529 4200 707 4258 rediit
761 4206 818 4256 et
867 4202 1032 4257 unita
1086 4207 1209 4260 est:
1259 4203 1741 4277 exclamavitque
1794 4223 1933 4262 cum
1965 4222 2190 4277 magno

533 4287 721 4344 Paulo
754 4307 766 4345 :
804 4289 1080 4345 Christus
1107 4297 1191 4346 est
1223 4307 1355 4360 pax
1384 4301 1614 4355 nostra.
1647 4297 1754 4365 qui
1769 4297 1912 4364 fecit
1934 4302 2186 4368 utraque

2303 4295 2519 4348 Παῦλον*
2569 4299 2799 4369 Χριστός
2850 4293 2990 4347 ἐστιν
3053 4296 3082 4352 ἡ
3142 4294 3316 4367 εἰρήνη
3380 4297 3527 4367 ἡμῶν
3588 4297 3614 4346 ὁ
3669 4299 3915 4358 ποιήσας

534 4391 723 4432 unum
745 4377 813 4411 ³⁵·
841 4393 853 4442 ;
885 4381 943 4432 et
971 4394 1130 4446 eum,
1155 4379 1258 4450 qui
1288 4395 1460 4451 aeque
1488 4397 1558 4437 ac
1590 4382 1874 4438 Salomon
1894 4385 2186 4455 sapientia

2303 4386 2362 4436 τὰ
2423 4382 2686 4458 ἀμφότερα
2744 4381 2811 4446 ἓν,
2841 4380 3193 4454 ἀνακέκραγε·
3250 4387 3340 4435 καὶ
3407 4386 3494 4435 τόν
3558 4385 3692 4435 κατά
3754 4381 3908 4435 Σολο-

532 4463 736 4522 infusa
790 4465 1078 4537 praeditus
1132 4473 1278 4533 erat,
1303 4469 1578 4540 apprime
1608 4470 1928 4541 paciﬁcum
1960 4477 2016 4528 et
2055 4489 2188 4529 vere

535 4557 788 4610 unctum
817 4555 1052 4611 Domini
1079 4571 1282 4626 regem
1310 4557 1738 4626 magniﬁcavit.

2300 3765 2538 3817 πέπονθε.
2580 3766 2814 3835 Δέχομαι
2845 3758 2904 3814 δὲ
2953 3767 3043 3814 καὶ
3072 3763 3164 3824 τάς
3192 3766 3311 3836 περὶ
3337 3769 3428 3814 τοῦ
3455 3763 3695 3814 τοιούτου
3733 3761 3907 3834 ῥητου

2302 3853 2471 3925 ἑτέρας
2527 3851 2794 3924 ἑρμηνείας
2857 3859 2957 3902 τῶν
3025 3849 3185 3921 ἁγίων
3254 3853 3512 3924 Πατέρων.
3578 3848 3738 3924 Ἀπερ
3803 3854 3907 3902 καὶ

2301 3940 2476 4012 ἑφεξῆς
2533 3943 2582 3992 οἱ
2636 3941 3051 4015 χειροτονεῖσθαι
3109 3939 3368 4012 μέλλοντες
3413 3941 3594 4000 πάντες
3631 3937 3911 4013 ἀρχιεροίς

2300 4031 2607 4102 ὡρίσθησαν
2635 4027 3039 4102 ἀσφαλίζεσθαι.

2371 4117 2435 4176 η’.
2475 4124 2655 4189 Γέγονε
2706 4125 2908 4170 ταυτα·
2966 4122 3056 4170 καὶ
3105 4119 3134 4176 ἠ
3185 4124 3276 4169 τοῦ
3315 4116 3419 4178 ἐνὸς
3451 4123 3583 4171 Θεοᾶ
3613 4116 3914 4175 Ἐκκλησία

2298 4210 2429 4279 πρὸς
2475 4206 2524 4258 ἓν
2557 4211 2807 4277 συνήγετο
2864 4210 2953 4257 καὶ
2993 4209 3276 4263 συνηνωτο⁸
3331 4209 3420 4258 καὶ
3463 4207 3599 4258 κατὰ
3621 4209 3707 4258 τὸν
3735 4208 3912 4277 μέγαν

2297 4481 2474 4546 μὼντα
2521 4476 2579 4524 τὸ
2626 4480 2718 4533 τῆς
2785 4477 3079 4546 φρονήσεως
3139 4474 3294 4544 χύμα
3375 4471 3749 4530 πλουτήσαντα
3807 4476 3910 4523 καί

2299 4561 2698 4634 εἰρηνικὼτατον
2764 4559 2966 4622 ἀληθῶς
3012 4563 3099 4612 τόν
3147 4563 3378 4636 Χριστὸν
3429 4565 3624 4635 Κυρίου
3674 4559 3910 4634 βασιλέα

2298 4649 2761 4724 προσεμεγάλυνεν.

1072 4786 1277 4842 ACTIO
1319 4788 1597 4852 QUINTA.

613 4921 662 4972 i.
705 4918 906 4988 Neque
934 4919 1136 4968 tamen
1162 4914 1397 4969 interim
1425 4914 1793 4972 dormitabat
1835 4916 1888 4972 is
1918 4918 2021 4990 qui
2047 4919 2193 4975 ziza-
2373 4915 2434 4968 α’.

2860 4864 2862 4866 ν
2935 4796 3172 4846 ΠΡΛΞΙΣ
3199 4791 3269 4847 E’.

2497 4915 2652 4968 Ἀλλά
2695 4919 2796 4991 γὰρ
2853 4917 2946 4969 οὐκ
2993 4914 3052 4975 ἦν
3105 4915 3307 4990 ἀμελεῖν
3354 4921 3442 4971 τὸν
3489 4920 3751 4995 ἄγρυπνον
3801 4931 3908 4975 τῶν

534 5004 705 5060 nium
734 5005 794 5059 in
822 5001 1124 5071 religionis
1169 5001 1362 5058 tritico
1411 5019 1606 5059 serere
1660 5005 1944 5073 molitur;
1995 5023 2193 5079 neque

533 5108 714 5165 porro
734 5092 1082 5148 demoratus
1113 5096 1222 5154 est,
1256 5106 1454 5162 neque
1486 5092 1778 5149 malitiam
1807 5094 1911 5150 diu
1944 5095 2188 5153 distulit.

531 5180 638 5237 sed
663 5195 935 5235 rumores
965 5179 1180 5235 iterum
1213 5179 1627 5248 insonuerunt,
1661 5183 1762 5252 qui
1800 5189 2190 5254 persanatum

531 5284 726 5340 nuper
746 5268 1198 5324 Christianitatis
1228 5284 1446 5340 corpus
1474 5269 1815 5326 exulcerare
1845 5272 2186 5329 tentabant:

533 5358 855 5428 denuoque
887 5357 1373 5429 obioquebantur
1427 5357 1700 5430 quidam,
1759 5361 2069 5417 conditum
2102 5369 2188 5419 to-

612 5532 680 5577 35'
707 5531 920 5604 Ephes.
951 5547 1012 5603 ιι,
1049 5537 1134 5589 14.

2303 5006 2549 5067 ζιζανίων
2582 5009 2779 5079 σπορέα
2823 5014 2894 5076 τῷ
2940 5014 3034 5067 τῆς
3082 5006 3342 5070 εὐσεϐείας
3389 5011 3518 5082 σίτῳ
3553 5008 3911 5064 ἐπιϐουλεύον-

2300 5113 2384 5147 ταο
2429 5099 2613 5148 οὔκουν
2646 5091 2759 5147 οὐδ’
2811 5094 3100 5162 ἀνεϐάλετο,
3148 5093 3273 5150 οὐδὲ
3298 5101 3386 5155 τήν
3437 5103 3624 5151 κακίαν
3672 5097 3754 5152 ἐπὶ
3804 5122 3911 5174 μα·

2300 5188 2422 5259 κρόν
2498 5185 2769 5256 ὑπερέθετο
2801 5199 2815 5214 '
2898 5183 3002 5235 ἀλλ’
3063 5186 3512 5260 ὑποτονθορυσμοί
3566 5207 3696 5249 τινες
3745 5191 3908 5243 πάλιν

2301 5274 2682 5345 ἐπανηχούντο,
2733 5277 2788 5325 τὸ
2838 5273 3154 5326 συνουλωθεν
3193 5271 3300 5334 ἤδη
3358 5284 3450 5328 τοῦ
3501 5285 3602 5328 τῶν
3648 5286 3907 5352 Χριστω-

2299 5384 2356 5413 νυ
2367 5383 2468 5412 οιων

2570 5369 2806 5434 σώματος
2891 5361 3176 5437 ἀναξαίνειν
3273 5363 3683 5439 ἀποπειρώμενοι
3714 5386 3727 5399 ο
3813 5372 3907 5437 καὶ
