4046 6310
102 326 204 384 265

1424 322 1774 389 THESAURI
1807 330 1942 389 LIB.
1984 324 2136 388 XXV.

3360 321 3468 389 266

100 451 243 522 λόγοι
281 450 443 505 πάλιν
480 452 571 506 τὸν
620 449 890 507 ἓκτεθίντα
915 454 1074 527 τόμον
1128 461 1224 517 τῆς
1253 449 1507 528 ἀσαφείας
1541 453 1697 509 ἀπαι-

1816 469 1988 512 mum
2030 451 2393 527 synodicum
2434 450 2817 511 obscuritatis
2863 449 3300 522 insimulantes,
3327 452 3472 511 scri-

104 545 366 613 τιὼμενοι,
402 547 497 596 καὶ
539 546 946 619 παρερμηνιύειν
1002 545 1094 604 τὰς
1155 542 1710 620 ἔγκαταγεγραμμένας

100 636 306 701 γνώμας
324 632 741 705 ἐπιχειροῦντες,
758 636 849 684 καὶ
868 630 1190 686 ἀναστατοῦν
1214 653 1352 695 τινας
1378 632 1705 709 βιαζόμενον

103 717 332 772 ἐντεῦθεν
395 725 490 773 καὶ
566 718 853 783 συνοδικῆς
927 724 1203 794 γενομένης
1284 723 1660 786 κατεξετάσεως
1690 766 1705 793 ,

102 802 212 859 δέον
292 806 481 881 ἐκρίθη
544 813 635 861 καὶ
712 812 773 861 τό
837 816 954 885 περι
1017 813 1206 863 τούτων
1275 809 1495 870 λυθῆναι
1557 830 1708 887 περι-

102 894 478 970 θρυλλούμενον
520 916 535 930 ·
585 903 676 952 καὶ
734 906 859 970 γοῦν
942 901 1197 975 ἔγγραφον
1281 902 1522 960 συνετέθη
1617 905 1708 953 καὶ

98 992 189 1046 τξς
245 987 397 1047 θείας
429 982 656 1040 συνόδου
703 991 860 1061 μέσον
905 986 1204 1062 ἐξιλαλήθη,
1229 986 1446 1044 τοιᾶσδέ
1483 1010 1615 1053 τινος
1652 994 1707 1042 ό⁸ν

96 1073 331 1149 mihi?
339 1094 452 1137 εως.

165 1178 246 1253 β’.
288 1188 503 1255 Στοιχῶ
532 1190 595 1256 τῇ
648 1189 828 1259 γνώμη
882 1192 970 1238 τοῦ
1021 1189 1309 1259 κρατίστου
1356 1191 1446 1240 καὶ
1503 1188 1705 1241 θεοστί-

97 1289 226 1323 πτου
282 1268 442 1342 ἀγίου
489 1273 636 1345 ἡμῶν
689 1271 945 1346 βασιλέως
1008 1279 1099 1327 καὶ
1165 1275 1564 1349 αὐτοκράτορος,
1615 1281 1706 1329 καὶ

95 1366 186 1411 τοῦ
242 1358 552 1432 ἁγιωτάτου
607 1381 707 1435 μου
757 1358 1017 1416 δεσπότου
1054 1367 1143 1416 καὶ
1192 1364 1550 1437 οἰκουμενικοῦ
1604 1386 1706 1419 πα-

96 1449 390 1523 τριάρχου,
435 1455 527 1503 καὶ
583 1458 683 1503 τῶν
747 1450 929 1527 ἑτέρων
988 1451 1289 1525 ἁγιωτάτων
1340 1464 1704 1530 πατριαρχῶν,

95 1546 185 1590 τοῦ
244 1557 307 1591 τε
363 1538 699 1602 Θεουπόλεως
767 1541 1002 1613 μεγάλης
1058 1542 1404 1615 Ἀντιοχείας,
1463 1550 1552 1598 καὶ
1612 1554 1705 1597 τοῦ

93 1626 490 1700 Ἰεροσολύμων,
544 1634 634 1682 καὶ
669 1638 762 1692 τῆς
811 1633 948 1705 ἱερᾶς
1003 1636 1091 1684 καὶ
1128 1634 1265 1694 θείας
1310 1630 1537 1686 συνόδου
1561 1654 1574 1668 ο
1614 1639 1706 1687 καὶ⁵

96 1718 261 1768 πάντα
298 1720 391 1769 τὸν
428 1721 502 1789 μὴ
538 1721 758 1781 ταύταις
809 1716 1136 1793 ἀμεταθέτως
1176 1727 1266 1775 καὶ
1312 1725 1440 1795 μετὰ
1475 1724 1705 1797 καθαρᾶς

1815 547 2057 618 ptarum
2111 541 2195 599 ibi
2242 542 2677 600 sententiarum
2729 556 2979 597 sensum
3041 545 3472 613 pervertentes,

1818 638 2167 706 sectamque
2188 632 2303 690 sibi
2330 632 2591 690 conﬂare
2619 636 2929 690 conantes.
2957 632 3151 695 Quam
3176 647 3305 690 rem
3331 648 3474 690 cum

1817 721 2090 795 synodus
2115 721 3000 792 considerasset,necessarium
3029 735 3159 777 esse
3182 720 3477 793 judicavit

1814 828 2090 870 rumores
2113 811 2467 884 hujusmodi
2495 809 3329 885 ccmprimere.Quamobrem
3352 810 3474 869 for-

1816 900 1983 959 mula
2007 901 2346 975 composita
2374 900 2697 975 mediaque
2716 900 2781 958 in
2810 899 3048 973 synodo
3075 899 3319 960 recitata
3337 900 3469 967 fuit,

1814 988 1992 1061 cujus
2012 988 2380 1049 continentia
2404 988 2557 1050 haec.

1884 1188 1938 1240 2.
1981 1186 2212 1258 Sequor
2261 1185 2624 1244 sententiam
2668 1182 3068 1259 potentissimi
3091 1198 3130 1243 a
3157 1185 3281 1242 Deo
3304 1200 3475 1245 coro-

1813 1273 1938 1330 nati
1984 1275 2176 1331 sancti
2232 1274 2420 1332 nostri
2460 1275 2617 1347 regis
2667 1277 2726 1331 et
2747 1273 3145 1347 imperatoris,
3177 1289 3287 1331 nec
3337 1289 3465 1333 non

1814 1363 2179 1420 sanctissimi
2226 1364 2346 1421 mei
2371 1363 2603 1420 domini
2624 1368 2681 1421 et
2711 1362 3066 1420 mcumenici
3091 1363 3470 1436 patriarchas.

1813 1456 1872 1509 et
1888 1451 2144 1508 aliorum
2173 1452 2690 1510 sanctissimorum
2723 1451 3227 1525 patriarcharum,
3248 1467 3472 1526 nempe

1813 1541 1979 1598 urbis
2017 1542 2115 1599 Dei
2156 1557 2396 1613 magnae
2445 1542 2871 1608 Antiochiae,ac
2899 1541 3471 1615 Hierosolymorum,

1813 1646 2120 1704 sacrasque
2150 1637 2208 1689 et
2249 1631 2470 1688 divinas
2497 1630 2735 1705 synodi.
2771 1634 2834 1687 Et
2860 1630 3210 1704 quicunque
3244 1631 3341 1689 his
3368 1629 3472 1689 ﬁr-

1812 1720 1985 1776 miter
2017 1725 2074 1777 et
2101 1736 2242 1776 cum
2263 1735 2420 1793 pura
2454 1720 2823 1777 conscientia
2854 1734 2978 1777 non
3009 1718 3351 1789 adhaeserit,
3374 1720 3473 1777 vel

96 1802 535 1864 ἀκολουθήσαντα
590 1803 963 1879 συνειδήσεως,
1003 1812 1034 1869 ἦ
1085 1812 1290 1863 ᾶναντία
1351 1817 1697 1884 φρονήσαντα,

1811 1811 2110 1868 contraria
2138 1811 2408 1879 senserit,
2429 1815 2756 1885 postquam
2779 1810 2874 1867 hee
2903 1809 3192 1868 doctrinae
3208 1810 3469 1869 deﬁnitae

94 1891 268 1956 ὶξότον
342 1897 404 1947 τό
463 1902 620 1969 κῦρος
673 1898 727 1949 αἱ
770 1906 1012 1950 τοιαῦται
1062 1907 1267 1972 γνῶμαι
1313 1900 1581 1975 εἰλήφασιν
1610 1945 1626 1973 ,
1667 1906 1698 1962 ἦ

95 1977 186 2033 διὰ
232 1980 366 2056 βίου
422 1989 775 2057 φρονήσαντα,
814 1983 1102 2060 ἀναθίματι
1153 1988 1529 2042 καθυποϐκλλω
1557 2032 1572 2057 ,
1611 1996 1701 2044 καὶ

95 2068 319 2141 ἐμαυτόν
378 2066 463 2139 δέ,
510 2071 555 2124 εἰ
604 2077 677 2145 μή
746 2072 909 2135 οὑτως
960 2077 1089 2146 ἔχω.
1126 2076 1268 2129 Ἐπτὶ
1311 2073 1371 2130 δι
1409 2075 1700 2132 σκάνδαλον

93 2157 360 2232 ἐνέπεσεν,
394 2159 480 2213 ὃτι
518 2165 648 2223 τινες
813 2167 907 2226 τὰς
953 2167 1200 2227 τοιαύτας
1241 2172 1449 2240 γνώμας
1503 2187 1698 2244 παρερ-

95 2251 393 2320 μπνεύουσι
420 2290 437 2317 ,
475 2248 703 2323 λέγοντες
738 2256 810 2325 μὴ
875 2255 1108 2307 νοεῖσθαι
1161 2259 1257 2313 τὴν
1311 2264 1403 2309 τοῦ
1453 2255 1700 2316 ἀληθινοῦ

98 2345 230 2390 Θεοῦ
258 2343 358 2391 καὶ
394 2345 634 2415 Σωτῆρος
680 2341 827 2414 ἡμῶν
865 2342 1043 2401 Ἰησοῦ
1094 2351 1330 2419 Χριστοῦ
1385 2351 1553 2420 φωνὴν
1582 2352 1698 2416 τὴν,

94 2425 150 2478 Ὀ
195 2431 386 2501 Πατήρ
424 2448 527 2502 μου
575 2430 766 2503 μείζων
822 2427 955 2503 ἔστι,
987 2433 1265 2509 καθώσπερ
1320 2438 1453 2488 κατά
1512 2433 1699 2511 διαφόο

96 2535 214 2590 ρους
260 2516 546 2589 ἕξηγὴσιις
609 2521 753 2594 παρά
788 2527 887 2572 τῶν
945 2521 1199 2595 θεοφόρων
1259 2524 1419 2596 ἁγίων
1459 2531 1701 2600 ῐῐατέρων

98 2607 432 2679 ἑρμηνεύθη,
470 2612 561 2660 καὶ
588 2607 704 2659 κατ’
735 2607 898 2667 αὐτὴν
934 2614 1030 2668 τὴν
1082 2610 1132 2663 ἐν
1160 2620 1231 2683 τῷ
1287 2613 1427 2686 αὐτῷ
1486 2624 1700 2690 Χριστῷ

99 2693 432 2769 ἀνθρωπίνην
488 2701 705 2755 κτιστήν
741 2701 833 2750 καὶ
877 2705 1236 2773 περιγραπτὴν
1265 2705 1439 2775 φύσιν,
1467 2706 1567 2757 καθ
1640 2706 1700 2765 ἣν

95 2786 344 2845 παθητὴν
396 2790 515 2839 τότε
551 2805 712 2840 ουσαν
758 2791 846 2840 καὶ
899 2791 1135 2859 πέπονθε,
1176 2797 1307 2865 μόνη
1349 2789 1408 2847 δε
1443 2803 1504 2867 τῇ
1545 2802 1701 2848 κενώ-

97 2894 175 2927 σει
221 2880 322 2934 τὴν
373 2879 624 2935 τοιαύτην
684 2882 853 2950 φωνὴν
916 2884 1358 2954 προσαρμόζονσι
1398 2899 1412 2912 ·
1443 2887 1573 2948 τινὶς
1641 2882 1701 2939 δι

94 2970 181 3017 καὶ
216 2973 285 3037 τῇ
330 2967 469 3018 κατά
504 2965 664 3038 ψιλὴν
720 2965 948 3021 ἕπίνοιαν
1000 2965 1258 3043 διαιρέσει
1314 2977 1402 3031 τὴν
1454 2993 1701 3033 τοιαυτην

93 3061 183 3107 τοῦ
237 3059 445 3130 Κυρίου
500 3060 669 3128 φωνὴν
720 3055 1059 3130 ἀπονέμουσι,
1109 3058 1334 3131 λέγοντες
1392 3069 1699 3138 προσαρμό-

1810 1899 2050 1958 fuerunt
2076 1900 2172 1958 vel
2200 1900 2262 1957 in
2292 1906 2603 1974 posterum
2634 1900 2869 1970 sentiet,
2897 1915 3037 1957 eum
3079 1916 3193 1973 ego
3222 1900 3471 1958 anathe‘

1810 1990 1956 2046 mati
1986 1990 2264 2063 subjicio,
2300 2005 2518 2064 meque
2570 1989 2725 2047 adeo
2753 1989 2976 2063 ipsum,
3001 1989 3119 2047 nisi
3170 1989 3254 2047 sic
3282 1988 3472 2048 credi-

1808 2077 1975 2135 dero.
2009 2079 2307 2146 Quoniam
2339 2095 2482 2137 vero
2522 2078 2880 2135 scandalum
2909 2077 3135 2148 incidit,
3148 2083 3470 2151 propterea

1808 2167 1973 2240 quod
1989 2168 2259 2225 nonnulli
2290 2167 2401 2225 bas
2431 2168 2757 2225 sententias
2778 2167 3468 2240 pravainterpretatione

1806 2257 2224 2328 pessumdant,
2255 2256 2521 2314 dicentes
2550 2271 2674 2313 non
2704 2255 2950 2328 intelligi
2972 2256 3096 2313 veri
3123 2256 3225 2312 Dei
3251 2259 3311 2313 et
3340 2258 3469 2314 Ser-

1810 2346 2030 2401 vatoris
2057 2345 2245 2403 nostri
2271 2347 2411 2402 Jesu
2453 2345 2665 2402 Christi
2709 2342 3074 2401 locutionem
3103 2345 3285 2402 Pater
3306 2359 3469 2402 meus

1807 2435 2003 2505 major
2030 2449 2123 2491 me
2164 2441 2269 2504 est,
2295 2433 2469 2491 sicuti
2502 2434 2678 2506 juxta
2725 2434 2998 2490 diversas
3024 2437 3373 2491 sanctorum
3410 2438 3471 2491 et

1808 2523 2242 2595 inspiratorum
2308 2526 2548 2580 Patrum
2593 2522 3111 2595 interpretationes
3171 2522 3471 2595 explicata

1809 2611 1935 2676 fuit,
1969 2611 2150 2667 etiam
2196 2610 2537 2667 secundum
2574 2610 2912 2668 humanam
2951 2610 3165 2668 Christi
3200 2614 3468 2667 creatam

1809 2700 2449 2773 circumscriptamque
2480 2704 2781 2767 naturam,
2804 2700 2863 2756 in
2888 2715 3014 2773 qua
3045 2705 3171 2756 tum
3196 2698 3469 2771 passibiii

1807 2805 2023 2862 reapse
2050 2806 2272 2862 passus
2294 2795 2418 2845 est:
2446 2788 2551 2845 sed
2568 2789 2673 2845 uni
2704 2788 3093 2845 exinanitioni
3116 2786 3470 2859 hujusmodi

1808 2878 2132 2936 dictionem
2154 2877 2270 2950 ipsi
2302 2876 2806 2933 accommodant:
2834 2876 3088 2949 quidam
3113 2892 3259 2933 vero
3287 2877 3469 2932 etiam

1808 2966 2143 3023 secundum
2198 2966 2441 3022 unicam
2498 2981 2570 3021 ac
2614 2965 2946 3038 simplicem
3019 2964 3467 3020 distinctionem

1809 3055 2136 3111 mentalem
2187 3054 2315 3109 haec
2367 3052 2556 3109 verba
2604 3051 2971 3121 intelligunt;
3004 3051 3272 3107 dicentes
3311 3054 3470 3107 recte

96 3144 200 3205 ζειν
250 3147 478 3213 ταύτην,
505 3146 661 3199 ὁπότε
695 3147 726 3204 ἠ
760 3154 852 3199 τοῦ
922 3152 1117 3222 Κυρίου
1159 3149 1293 3224 σὰρξ
1346 3160 1538 3206 νοεῖται
1582 3153 1697 3207 καθ’

1812 3160 1876 3201 se
1905 3144 2128 3200 habere
2177 3142 2565 3210 locutionem,
2594 3142 2643 3197 si
2674 3156 2782 3214 per
2810 3139 3028 3196 mentis
3047 3139 3469 3212 praecisionem

93 3233 281 3292 ἑαυτήν
341 3236 706 3309 κεχωρισμένη
760 3243 852 3296 τῆς
916 3237 1174 3306 θεότητος,
1228 3237 1401 3314 ὣσπερ
1456 3242 1499 3294 εἰ
1562 3240 1703 3315 μηδι

94 3324 267 3382 ἡνὼθη
302 3339 322 3356 ο
363 3323 483 3376 καθ’
512 3324 567 3376 ὃν
605 3329 795 3398 τρόπον
836 3330 926 3377 καὶ
964 3322 1127 3385 δούλη
1187 3333 1277 3381 καὶ
1317 3327 1579 3401 ἀγνοοῦσα
1615 3332 1701 3386 λέ-

92 3431 237 3483 γεται
270 3433 286 3446 ο
316 3417 410 3465 καὶ
449 3409 542 3465 διὰ
588 3421 741 3466 τοῦτο
783 3418 919 3467 κατά
955 3420 1049 3474 τὴν
1079 3419 1216 3469 κατά
1256 3416 1416 3488 ψιλὴν
1469 3420 1700 3474 ἐπίνοιαν

95 3498 401 3578 διαίρεσιν,
446 3504 516 3563 ὡς
557 3506 797 3575 εἴρηται,
855 3503 1067 3577 λέγουσι
1123 3511 1218 3565 τὴν
1284 3514 1451 3580 φωνήν
1504 3514 1697 3571 ταύτην

94 3591 363 3666 εἰρῆσθαι,
414 3591 475 3649 ἦν
523 3592 549 3644 ὁ
607 3592 763 3653 αὐτὸς
797 3598 1032 3666 Χριστός
1077 3596 1103 3647 ό
1159 3600 1280 3659 Θεός
1334 3600 1479 3670 ἡμῶν
1525 3604 1697 3674 εἴρηκε

92 3684 224 3733 κατὰ
275 3684 379 3738 τὴν
426 3678 476 3732 ἓν
542 3680 684 3752 αὐτῷ
751 3680 1077 3757 ἀνθρωπίνην
1136 3691 1356 3745 κτιστὴν
1403 3694 1494 3741 καὶ
1543 3710 1695 3765 περι-

91 3775 334 3841 γρπτὴν
375 3772 549 3841 φύσιν,
582 3771 701 3822 καθ’
730 3773 793 3829 ἦν
831 3777 921 3824 καὶ
975 3775 1220 3827 πέπονθεν
1255 3792 1268 3804 ·
1301 3776 1331 3836 ἦ
1374 3782 1464 3830 καὶ
1510 3780 1589 3831 ὅτι
1637 3783 1695 3832 τό

91 3868 178 3919 τῆς
243 3866 427 3918 κοινῆς
502 3860 701 3931 φύσεως
777 3857 1125 3934 ὑποδυόμενος
1197 3869 1477 3937 πρόσωπον
1541 3873 1694 3921 τοῦτό

93 3967 215 4019 φησι
256 3964 273 3978 ο
338 3946 461 4000 καθ’
528 3945 581 3998 ὃν
636 3953 823 4021 τρόπον
861 3948 1063 4021 λέγεται
1100 3956 1191 4004 καὶ
1229 3954 1258 4011 ἡ
1301 3951 1690 4029 ἐγκατάλειψις,

92 4040 214 4112 imp
282 4035 406 4090 ἐστὶ
468 4045 579 4099 τοῖς
647 4040 917 4114 θεηγόροις
977 4044 1220 4115 Πατράσι
1274 4050 1537 4117 πτοσώπῳ
1599 4055 1693 4109 τῆς

90 4136 260 4189 κοινῆς
320 4135 426 4178 τῶν
488 4124 769 4201 ἀνθρώπων
821 4131 1022 4201 φύσεως
1084 4129 1498 4206 ἐκλαμϐανομένη
1537 4156 1549 4168 ·
1605 4141 1694 4189 καὶ

88 4221 197 4278 τούς
222 4218 509 4278 τοιούτους
535 4215 912 4270 καθυποϐάλλω
940 4228 1012 4290 τῷ
1043 4218 1347 4294 ἀναθέματι.

150 4466 216 4538 γ’,
259 4467 332 4520 Αἰ
371 4468 548 4539 μέντοι
594 4473 798 4539 γνῶμαι
831 4483 846 4500 ’
880 4468 1038 4540 ἤγουν
1069 4471 1099 4530 ἠ
1132 4475 1222 4545 μὲν
1269 4481 1360 4526 τοῦ
1407 4479 1688 4549 κρατίστου

93 4556 401 4608 θεοστίπτου
469 4554 621 4627 ἁγίου
676 4558 821 4628 ἡμῶν
870 4556 1245 4634 αὐτοκράτορος
1309 4565 1421 4635 ἔχει
1482 4564 1685 4628 ούτωςο

91 4650 290 4717 Στοιχῶ
359 4651 476 4705 ταῖς
529 4650 762 4719 γνώμαις
820 4654 918 4698 τῶν
979 4650 1281 4720 ἁγιωτάτων
1344 4665 1689 4729 πατριαρχῶν

88 4740 173 4787 καὶ
199 4743 295 4794 τῆς
346 4734 490 4796 θείας
526 4739 615 4787 καὶ
674 4736 809 4810 ἱερᾶς
860 4733 1086 4791 συνόδου
1120 4756 1132 4769 ·
1161 4745 1251 4793 καὶ
1288 4740 1415 4815 λέγω
1446 4745 1526 4796 ὅτι
1555 4745 1687 4805 αὕτη

90 4825 116 4881 ᾖ
168 4823 306 4897 σὰρξ
359 4831 455 4875 τοῦ
511 4828 746 4899 Κυρίου,
806 4823 860 4888 ἐξ
905 4826 1070 4890 αὐτῆς
1127 4828 1353 4894 ἐνωσεως
1405 4833 1689 4908 ὑπερύψω-

92 4912 253 4978 θεῖσα,
315 4916 410 4964 καὶ
467 4907 712 4966 ἀνωτάτω
761 4915 938 4976 πάσης
992 4925 1146 4989 τιμῆς
1200 4920 1578 4994 ὑπερκειμένη,
1621 4926 1692 4987 ὡς

87 4999 135 5063 ἐξ
176 5003 353 5076 ἄκρας
411 4998 639 5063 ἕνώσεως
689 5001 900 5075 «ipse»;
962 5011 1239 5079 γενομένη,
1297 5006 1688 5083 ἀμεταϐλήτως,

86 5088 463 5158 ἂναλλοιώτως,
504 5087 821 5165 ἂσυγχύτως
848 5098 939 5148 καὶ
988 5096 1272 5170 ἀτρέπτως,
1317 5095 1409 5172 δια
1436 5104 1531 5159 τὴν
1569 5105 1687 5156 καθ’

86 5179 380 5233 ὑπόστασιν
442 5178 644 5251 ἕνωσιν,
689 5186 778 5234 καὶ
836 5180 1138 5257 ἀχώριστος
1189 5191 1279 5240 καὶ
1318 5185 1689 5253 ἀδιάσπαστος

87 5272 311 5340 μένουσα
375 5275 451 5339 τῷ
513 5267 916 5345 προσλαϐομένῳ
980 5274 1142 5333 αὐτὴν
1201 5283 1316 5350 Θεῷ
1364 5282 1538 5351 Λόγῳ,
1571 5280 1686 5335 ὶσο..

86 5357 233 5421 κλιῶς
275 5357 425 5429 αύτῷ
479 5364 698 5432 τιμᾶται
752 5365 844 5412 καὶ
899 5372 1273 5437 προσκυνεῖται
1313 5374 1411 5441 μιᾷ
1458 5388 1687 5444 προσκυ-

86 5450 224 5505 νήσει
262 5463 279 5480 ·
325 5450 419 5501 καὶ
470 5454 578 5508 τοῖς
615 5445 912 5522 βασιλικοῖς
962 5457 1051 5505 καὶ
1110 5455 1261 5517 θείοις
1307 5455 1686 5533 ἐγκαθίδρυται

90 5537 262 5604 θώκοις
313 5535 372 5592 ἔκ
410 5534 596 5603 δεξιῶν
662 5544 755 5593 τοῦ
803 5544 1030 5616 Πατρός,
1070 5544 1141 5607 ὡς
1191 5548 1257 5600 τὰ
1294 5555 1390 5610 τῆς
1443 5549 1687 5613 θεότητος

364 5666 614 5724 Ριτιιοε..
658 5666 764 5726 Gn.
805 5666 952 5725 CXL.

1808 3250 1950 3290 caro
1971 3232 2203 3290 Domini
2232 3231 2366 3305 ipsa
2397 3246 2502 3304 per
2533 3246 2595 3287 se
2630 3236 2688 3286 et
2712 3229 2944 3303 absque
2974 3229 3280 3286 divinitate
3303 3229 3468 3301 cogi-

1810 3328 1981 3391 tetur,
2003 3328 2298 3395 tanquam
2316 3338 2392 3377 ne
2416 3320 2583 3377 unita
2605 3320 2853 3394 quidem
2875 3324 3060 3387 esset;
3077 3319 3250 3390 juxta
3277 3334 3469 3393 quam

1807 3414 2101 3469 rationem
2128 3414 2187 3467 et
2215 3426 2390 3466 serva
2426 3417 2483 3467 et
2510 3409 2705 3466 inscia
2735 3409 2977 3477 dicitur;
3019 3414 3463 3481 proptereaque

1806 3501 2142 3558 secundum
2189 3498 2524 3571 simplicem
2549 3498 2768 3554 mentis
2806 3497 3260 3553 distinctionem
3282 3497 3470 3554 verba

1804 3590 1933 3646 hzec
1977 3588 2212 3662 prolata
2256 3587 2583 3657 afﬁrmant,
2613 3602 2750 3660 quae
2774 3602 2984 3659 reapse
3010 3585 3171 3641 idem
3197 3585 3464 3641 Christus

1805 3683 1958 3736 Deus
1977 3683 2182 3735 noster
2206 3677 2356 3733 dixit
2379 3676 2714 3733 secundum
2742 3691 2920 3732 suam
2949 3674 3285 3732 humanam
3304 3690 3467 3731 crea-

1803 3773 1928 3824 tam
1975 3767 2610 3839 circumscriptamque
2654 3769 2953 3835 naturam,
2988 3762 3050 3818 in
3107 3778 3231 3835 qua
3283 3761 3465 3818 etiam

1802 3872 2022 3929 passus
2042 3861 2161 3912 est:
2193 3856 2282 3911 vel
2300 3855 2482 3910 etiam
2512 3853 2721 3909 dicunt
2743 3852 3041 3908 Christum
3066 3850 3151 3905 sic
3170 3849 3462 3917 locutum,

1802 3950 2103 4014 quatenus
2135 3945 2477 4000 communis
2514 3946 2745 3997 naturae
2776 3954 3105 4012 personam
3137 3952 3462 4009 repraesen-

1801 4034 1998 4101 tabat;
2032 4033 2367 4089 secundum
2418 4047 2606 4104 quam
2658 4029 2953 4085 rationem
3014 4026 3230 4082 dicitur
3280 4025 3463 4083 etiam

1801 4123 2104 4180 derelictio
2136 4124 2195 4178 in
2222 4138 2418 4191 cruce,
2454 4135 2640 4192 quam
2684 4121 2800 4173 Deo
2843 4115 3117 4187 inspirati
3150 4116 3356 4172 Patres
3385 4115 3463 4171 de

1800 4213 2141 4270 communis
2170 4210 2489 4268 hominum
2541 4213 2771 4265 naturae
2807 4220 3072 4279 persona
3117 4204 3457 4278 arcipiunt;

1797 4301 1913 4358 hos
1976 4300 2175 4367 etiam,
2218 4299 2491 4371 inquam,
2548 4295 2635 4352 sic
2710 4294 3027 4367 opinantes
3087 4291 3460 4352 anathemati

1800 4388 2075 4460 subjicio.

1868 4482 1920 4534 3.
1965 4480 2049 4534 En
2078 4479 2279 4532 autem
2309 4473 2473 4546 ipsas
2495 4470 2839 4528 sententias.
2875 4471 2941 4526 Et
2967 4469 3216 4542 quidem
3244 4473 3455 4542 poteno

1800 4566 2009 4623 tissimi
2030 4581 2066 4621 a
2090 4567 2206 4621 Deo
2228 4560 2498 4620 coronati
2516 4559 2703 4618 sancti
2723 4558 2911 4615 nostri
2929 4557 3308 4631 imperatoris
3327 4574 3458 4616 sen.

1801 4654 1981 4711 tentia
2011 4655 2093 4710 ita
2124 4669 2187 4709 se
2216 4651 2657 4722 habet.Sequor
2694 4647 3017 4705 sententias
3048 4648 3456 4705 sanctissimo-

1797 4759 1934 4800 rum
1976 4742 2456 4817 patriarcharum
2489 4743 2546 4795 et
2582 4737 2800 4794 divinae
2831 4741 3175 4809 sanctasque
3214 4737 3453 4809 synodi,

1799 4835 2019 4907 aioque
2056 4832 2252 4904 ipsam
2282 4828 2518 4886 Domini
2571 4841 2815 4883 carnem
2869 4825 3288 4896 conjunctione
3314 4840 3455 4880 cum

1799 4923 1990 4979 Verbo
2016 4921 2664 4990 exaltatam,supraque
2688 4929 2933 4971 omnem
2956 4914 3249 4969 honorem
3275 4911 3451 4968 collo-

1799 5016 2020 5077 catam,
2040 5010 2144 5082 (ita
2171 5013 2237 5065 ut
2263 5008 2376 5063 hoc
2403 5006 2621 5062 eximio
2643 5019 2805 5061 nexu
2824 5002 3104 5058 deiﬁcata
3124 5000 3214 5071 sit)
3233 4999 3452 5056 immu.

1798 5100 2072 5171 tabiliter,
2126 5093 2578 5160 invariabiliter,
2621 5091 2960 5157 inconfusc,
2991 5087 3455 5146 inconvertibili-

1796 5187 2303 5263 ter,hypostaticre
2324 5184 2458 5256 conj
2467 5182 2763 5240 unctionis
2780 5176 3453 5252 gratiainseparabilem

1795 5278 2343 5349 indivisibilemque
2357 5289 2496 5331 man
2506 5276 2873 5339 entem,cum
2893 5268 3452 5342 assumenteipsam

1798 5373 1916 5427 Deo
1946 5369 2167 5437 Verbo,
2194 5366 2324 5441 pari
2364 5363 2595 5423 honore
2625 5360 2741 5418 coli
2769 5362 2827 5417 et
2854 5356 3118 5431 adorari,
3139 5357 3321 5418 unica
3346 5359 3452 5418 ad-

1796 5460 2084 5528 oratione,
2118 5457 2402 5528 regioque
2454 5457 2510 5510 et
2555 5450 2760 5508 divino
2815 5449 2879 5507 in
2926 5447 3074 5505 solio
3127 5448 3208 5505 ad
3265 5449 3452 5507 Patris

1795 5550 2106 5608 dexteram
2152 5545 2434 5613 residere,
2484 5546 2688 5614 utpote
2726 5555 2863 5614 quae
2911 5538 3242 5599 Divinitatis
3279 5540 3452 5598 dotes

3134 5669 3166 5722 9
