4046 6310
561 324 669 391 267

1902 321 2182 384 NICETIS
2223 321 2600 386 CHONIATB

3841 323 3989 393 26's

561 457 856 530 gloriosas
879 439 1100 530 adepta
1120 459 1228 522 est,
1257 453 1440 512 salvis
1468 445 1819 509 naturarum
1849 452 2221 524 proprietati-

2332 453 2626 526 αὐχήματα
2644 457 2976 516 καταπλουτή
2987 475 3150 529 σασα,
3179 457 3482 530 σωζομένων
3507 465 3608 510 τῶν
3653 457 3988 519 ἱδιοτῆτων

560 547 700 604 bus.

630 639 684 692 4.
731 634 1100 693 Sanctissimi
1132 637 1334 690 autem
1388 629 1577 686 nostri
1614 629 1842 686 domini
1870 631 2223 686 oscumenici

557 724 915 797 patriarchae
946 722 1239 779 sententia
1269 721 1404 777 talis
1430 720 1559 775 fuit.
1585 718 1720 776 Mihi
1751 718 2032 773 videntur
2052 723 2222 791 quot-

556 818 708 886 quot
729 813 1000 885 episcopi
1053 828 1125 868 ac
1153 809 1459 884 praepositi
1490 808 1569 864 de
1598 809 1810 865 Christi
1848 808 2221 864 humanitate

555 902 716 959 dicta
744 899 1124 957 atﬁrmarunt
1166 899 1384 955 verba:
1408 899 1588 954 Pater
1608 911 1770 953 meus
1786 900 1986 967 major
2007 913 2097 952 me
2114 903 2216 965 est,

553 991 618 1048 id
642 995 730 1047 est
759 989 1097 1045 secundum
1124 989 1256 1060 ejus
1281 992 1548 1043 creatam
1574 987 1909 1042 humanam
1937 991 2221 1041 naturam

553 1081 618 1135 in
654 1096 779 1152 qua
812 1084 867 1134 et
893 1095 1114 1151 passus
1143 1082 1249 1148 est,
1283 1081 1440 1133 recte
1489 1080 1546 1131 et
1583 1075 1880 1130 inoffense
1933 1080 2111 1146 atque
2141 1075 2221 1131 ad

553 1168 933 1240 propositum
979 1166 1365 1238 respondisse
1400 1183 1413 1219 :
1447 1165 1554 1237 qui
1600 1170 1800 1218 autem
1858 1163 2026 1220 aliter
2055 1163 2218 1219 dixe-

552 1263 712 1326 runt,
734 1256 992 1313 obscure
1033 1253 1422 1327 respondisse
1475 1253 1774 1318 videntur,
1807 1252 1929 1308 imo
1968 1253 2120 1308 inter
2157 1268 2220 1307 se

553 1345 863 1404 discordes
879 1361 1078 1418 neque
1107 1345 1186 1400 ad
1217 1342 1596 1415 propositum
1637 1339 2044 1397 collineantes.
2080 1345 2221 1398 San-

555 1435 811 1492 ctissimi
843 1440 1047 1492 autem
1099 1432 1265 1489 urbis
1320 1430 1424 1486 Dei
1471 1445 1710 1500 magnae
1745 1429 2072 1485 Antiochia:
2116 1446 2220 1502 pa-

553 1523 850 1592 triarchae,
882 1524 1013 1579 haec
1033 1521 1165 1576 fuit.
1191 1517 1618 1574 Sanctissimus
1661 1517 2005 1588 patriarcha
2053 1519 2220 1574 urbis

555 1613 661 1670 Dei
683 1629 925 1683 magnae
941 1610 1275 1667 Antiochiae
1297 1608 1396 1674 ait,
1421 1607 1647 1662 dictum
1668 1607 1852 1662 fuisse
1884 1624 1920 1662 a
1951 1609 2178 1664 Christo
2203 1625 2217 1662 :

554 1703 743 1759 Pater
767 1717 929 1758 meus
974 1703 1169 1766 maior
1189 1713 1278 1755 me
1322 1702 1428 1765 est,
1452 1696 1634 1752 etiam
1663 1696 1998 1752 secundum
2029 1699 2220 1752 incar-

2330 550 2430 594 τῶν
2462 547 2525 615 φύ
2533 563 2681 596 σεων.

2403 629 2469 687 δ’.
2505 632 2562 684 Ἠ
2605 629 2664 686 δὲ
2702 643 2794 687 τοῦ
2861 636 3155 708 ἀγιωτάτου
3214 638 3360 708 ἡμῶν
3413 633 3675 689 δεσπότου
3721 643 3817 690 καὶ
3860 639 3986 690 ὀἰ-

2327 730 2635 792 κουμενικοϋ
2708 727 3042 798 πατριάρχου
3102 724 3262 785 οὓτως
3320 727 3574 795 (42)·ὅτι
3634 727 3780 798 Ἐμοὶ
3864 725 3986 780 δο-

2328 816 2510 860 κοῦσιν
2550 812 2667 862 ὅσοι
2697 814 2837 864 εἶπον
2876 822 2976 865 τῶν
3018 812 3306 888 ἀρχιερέων
3366 818 3456 866 καὶ
3504 823 3603 865 τῶν
3662 814 3984 890 ἀρχόντων

2328 901 2464 950 κατά
2501 903 2560 950 τό
2613 898 2661 950 ἐν
2726 910 2798 971 τῷ
2857 911 3070 976 Χριστῷ
3119 901 3438 974 ἀνθρώπινον
3496 904 3738 976 εἰρῆσθαι
3771 909 3867 974 τὸ,
3903 905 3984 957 Ὀ

2330 994 2508 1062 Πατήρ
2571 1009 2671 1060 μου
2722 992 2914 1062 μειζων
2982 995 3081 1064 μού
3140 991 3302 1054 ἐστιν,
3361 997 3520 1064 ἤγουν
3572 998 3703 1047 κατά
3754 1001 3861 1054 την
3917 995 3980 1047 ἐν

2329 1079 2468 1148 αὐτῴ
2536 1078 2861 1152 ἀνθρωπίνην
2919 1088 3140 1140 κτιστὴν
3208 1087 3381 1155 φύσιν,
3416 1085 3535 1136 καθ’
3578 1085 3636 1142 ἢν
3675 1092 3765 1138 καὶ
3847 1091 3976 1138 πέ-

2327 1171 2528 1233 πονθεν,
2581 1168 2748 1243 ὀρθῶς
2799 1177 2889 1223 καὶ
2947 1169 3324 1244 ἀπροσκόπτως
3372 1178 3462 1226 καὶ
3500 1178 3630 1245 πρὸς
3667 1179 3762 1232 τὴν
3804 1173 3978 1248 ἐρώ-

2326 1277 2481 1315 τησιν
2518 1257 2904 1332 ἀποκρίνασθαι
2953 1277 2965 1289 ·
3012 1263 3062 1313 οἱ
3102 1258 3162 1313 δὲ
3215 1261 3378 1323 άλλως
3418 1262 3703 1337 εἰρηκότες,
3750 1263 3968 1336 ἀσαφῆ

2325 1349 2670 1418 ποιησάμενοι
2706 1354 2798 1406 τὴν
2838 1348 3136 1422 ἀπόκρισιν,
3187 1354 3278 1402 καὶ
3334 1351 3524 1422 μᾶλλον
3579 1356 3711 1425 πρὸς
3776 1352 3969 1411 ἀλλή-

2325 1433 2442 1496 λους
2492 1441 2563 1508 μὴ
2634 1444 3094 1508 συμφωνήσαντες,
3159 1436 3284 1490 οὐδε
3348 1443 3475 1514 πρὸς
3527 1446 3622 1499 τὴν
3676 1441 3968 1515 ἐρώτησιν

2327 1520 2551 1577 δοκοῦσι
2625 1545 2714 1596 μοι
2779 1525 3185 1601 ἀποκρίνασθαι.
3237 1528 3296 1580 Ἡ
3350 1525 3409 1580 δὲ
3473 1536 3568 1581 τοῦ
3633 1534 3962 1601 ἁγιωτάτου

2325 1616 2663 1688 πατριάρχου
2720 1616 3038 1677 Θεουπόλεως
3095 1617 3326 1689 μεγάλης
3365 1618 3689 1690 Ἀντιοχείας
3737 1620 3964 1682 οὕτως.

2324 1700 2383 1754 Ὀ
2475 1703 2757 1774 ἁγιώτατος
2843 1709 3187 1780 πατριάρχης
3279 1707 3608 1770 Θεόυπόλεως
3699 1711 3963 1781 μεγάλης

553 1795 862 1846 nationem
874 1793 1258 1860 creatamque
1273 1802 1450 1841 suam
1471 1789 1754 1841 naturam
1776 1786 2216 1857 acpassibilem.

2332 1791 2654 1863 Ἀντιοχείας
2719 1790 2854 1845 εἶπεν
2903 1794 3146 1866 εἰρῆσθαι
3184 1801 3242 1846 τό
3275 1812 3286 1824 ·
3316 1795 3376 1846 Ὀ
3439 1802 3622 1871 Πατήρ
3689 1817 3790 1869 μου
3829 1805 3972 1871 μεί-

559 1879 929 1937 Sanctissimi
970 1877 1231 1949 denique
1264 1874 1812 1945 Hierosolymorum
1861 1875 2219 1946 patriarchae

555 1968 860 2040 ejusmodi
881 1967 1176 2023 sententia
1192 1964 1756 2021 fuit.Sanctissimus
1781 1964 2218 2037 Hierosolymo-

551 2075 692 2114 rum
720 2057 1063 2129 patriarcha
1082 2055 1235 2112 dixit
1253 2071 1266 2108 :
1284 2054 1422 2110 Jam
1454 2058 1700 2109 sanctus
1731 2053 1984 2124 Spiritus
2003 2055 2214 2118 verba,

552 2148 740 2204 Pater
781 2161 946 2202 meus
984 2146 1185 2215 major
1222 2158 1314 2199 me
1353 2148 1458 2211 est,
1493 2140 1814 2212 explicavit
1842 2157 1949 2213 per
1979 2147 2217 2197 sanctos

553 2250 934 2307 magnosque
981 2233 1418 2289 illuminatores
1448 2229 1747 2293 Ecclesiae,
1779 2237 2219 2287 sacrosanctas-

553 2341 674 2398 que
705 2324 994 2396 synodos.
1031 2321 1274 2393 Recipio
1317 2321 1498 2389 igitur
1548 2326 1795 2375 cunctas
1843 2321 2211 2384 traditiones.

555 2413 892 2469 secundum
916 2428 1070 2483 quas
1098 2410 1200 2467 illa
1222 2409 1411 2465 verba
1426 2408 1725 2464 intellecta
1754 2406 2214 2473 sunt.0uoniam

553 2517 698 2559 vero
745 2499 1123 2556 afﬁrmarunt
1170 2501 1410 2561 Patres,
1465 2496 1692 2552 dictum
1746 2497 1861 2553 hoc
1903 2514 1940 2555 a
1987 2499 2214 2555 Christo

556 2591 744 2648 fuisse
774 2596 902 2646 tum
955 2593 1253 2660 quatenus
1304 2603 1483 2642 verus
1528 2589 1682 2642 Deus
1733 2593 1842 2654 est,
1875 2593 2002 2642 tum
2034 2589 2214 2644 etiam

557 2686 859 2754 quatenus
887 2695 1064 2734 verus
1099 2678 1308 2743 homo,
1348 2677 1452 2749 qui
1483 2691 1700 2748 nempe
1731 2682 1996 2732 creatam
2027 2679 2215 2749 passi-

560 2769 868 2841 bilemque
893 2772 1170 2823 naturam
1203 2765 1472 2834 habet,in
1499 2781 1621 2836 qua
1651 2765 1829 2820 etiam
1853 2782 2071 2837 passus
2101 2773 2212 2832 est,

559 2859 656 2915 aio
685 2858 748 2914 id
768 2858 970 2928 ipsum
1013 2871 1126 2926 ego
1150 2869 1414 2928 quoque,
1447 2869 1644 2925 neque
1673 2854 1906 2909 inﬁcias
1927 2856 2009 2910 ire
2035 2871 2212 2928 queo.

561 2947 660 3002 His
685 2951 888 3002 autem
937 2945 1244 3000 sententiis
1289 2943 1591 3013 sigillatim
1644 2942 2055 3015 subscriptum
2077 2945 2212 3011 fuit;

559 3052 766 3109 eaeque
786 3036 956 3092 lectae
983 3040 1125 3090 sunt
1141 3034 1421 3091 audiente
1448 3032 1830 3088 sanctissimo
1843 3034 2216 3090 cecumenico

2329 1880 2431 1940 ζων
2487 1901 2588 1952 μου
2627 1886 2771 1954 παρά
2806 1891 2900 1934 τοῦ
2951 1891 3210 1957 Χριστοῦ,
3259 1890 3350 1937 καὶ
3385 1888 3520 1938 κατά
3556 1891 3650 1944 τὴν
3687 1885 3969 1963 ἐνανθρω-

2327 1987 2491 2026 πησιν
2548 1975 2637 2020 καὶ
2695 1976 2754 2022 τό
2806 1969 2854 2022 ἐν
2917 1971 3058 2042 αὐτῷ
3094 1980 3167 2042 τῷ
3224 1979 3438 2044 Χριστῷ
3473 1979 3685 2026 κτιστύν
3733 1994 3790 2027 τε
3846 1981 3966 2028 καὶ

2325 2059 2578 2115 παθητόν.
2626 2058 2684 2111 Ἠ
2744 2056 2802 2111 δὲ
2840 2066 2933 2111 τοῦ
2985 2060 3278 2130 ἁγιωτάτου
3318 2063 3658 2136 πατριάρχου
3714 2063 3957 2138 Ἱεροσο-

2324 2144 2497 2218 λύμων
2555 2145 2720 2208 οὕτως
2751 2163 2763 2175 ·
2795 2147 2855 2199 Ὀ
2904 2148 3191 2219 ἀγιώτατος
3252 2152 3594 2224 πατριάρχης
3649 2151 3957 2226 Ἱεροσολύ-

2324 2254 2433 2306 μων
2500 2232 2632 2287 εἶπεν
2669 2257 2680 2267 ·
2729 2235 2960 2308 ’Ἐφθασε
3021 2240 3080 2288 τὸ
3158 2244 3366 2309 Πνεῦμα
3426 2243 3484 2290 τό
3523 2240 3672 2310 ἅγιον
3723 2243 3782 2292 τὸ
3821 2262 3834 2274 ·
3880 2241 3952 2294 ⁷0

2324 2329 2504 2398 Πατήρ
2544 2343 2645 2395 μου
2703 2325 2892 2396 μείζων
2949 2329 3049 2397 μου
3099 2324 3262 2395 ἐστιν,
3319 2325 3634 2401 ἑρμηνεῦσαι
3691 2325 3785 2380 διὰ
3829 2340 3950 2380 τῶν

2322 2411 2480 2483 ἁγίων
2539 2417 2630 2464 καὶ
2680 2412 2912 2484 μεγάλων
2962 2419 3248 2488 φωστηρων
3297 2422 3392 2476 τῆς
3451 2415 3761 2477 Ἐκκλησίας
3840 2424 3949 2470 καὶ

2320 2510 2420 2552 τῶν
2447 2501 2608 2572 ἁγίων
2663 2507 2752 2553 καὶ
2800 2504 2944 2574 ἱερῶν
2999 2499 3234 2554 συνόδων
3269 2521 3280 2531 ·
3317 2499 3551 2576 δέχομαι
3586 2515 3711 2577 γοῦν
3747 2509 3951 2569 πάσας

2321 2592 2415 2652 τὰς
2478 2587 2712 2661 ἐκδοχάς
2774 2592 2891 2643 καθ’
2949 2590 3006 2651 ἃς
3063 2593 3395 2664 ἡρμήνευσαν
3458 2593 3608 2652 αὐτὸ.
3670 2595 3811 2648 Ἐπεὶ
3876 2594 3952 2649 δὲ

2322 2679 2593 2750 εἰρήκασιν
2634 2680 2715 2730 ὁτι
2768 2685 2858 2732 καὶ
2899 2684 2966 2741 ὡς
3015 2684 3142 2740 Θεὸς
3180 2680 3386 2747 τέλειος,
3419 2688 3509 2734 καὶ
3564 2687 3629 2744 ὼς
3655 2686 3951 2757 ἄνθρωπος

2322 2767 2509 2828 τέλειος
2551 2769 2750 2842 εἴρηκεν
2805 2771 2830 2820 ὁ
2871 2770 3028 2830 αὐτὸς
3079 2774 3308 2842 Χριστὸς
3364 2774 3420 2822 τὸ
3477 2781 3709 2824 τοιοῦτον
3745 2775 3945 2847 ῥητὸν,

2325 2860 2485 2926 ἤγουν
2516 2857 2584 2918 ως
2614 2849 2749 2927 ἔχων
2779 2857 2828 2908 ἐν
2869 2857 3034 2928 ἐαυτῷ
3063 2862 3156 2914 τὴν
3190 2862 3412 2915 κτίστην
3433 2862 3587 2930 φύσιν
3626 2866 3716 2913 καὶ
3746 2866 3950 2921 παθη-

2324 2949 2418 3003 τὴν
2457 2945 2573 2996 καθ’
2609 2947 2669 3002 ἢν
2696 2951 2783 2997 καὶ
2809 2948 3026 2998 πέπονθε
3059 2960 3072 2974 ⁶
3114 2945 3246 3017 λέγω
3284 2952 3373 2998 καὶ
3405 2948 3556 3008 αὐτὸς
3579 2955 3646 3000 τὰ
3681 2951 3818 3003 αὐτὰ
3843 2958 3950 3004 καὶ

2325 3035 2383 3086 οὐ
2439 3031 2669 3107 δύναμαι
2717 3033 2985 3108 ἀρνεῖσθαι
3019 3052 3029 3061 ·
3061 3037 3087 3087 ὅ
3126 3040 3215 3087 καὶ
3261 3037 3557 3109 ὑπεγράφη,
3601 3039 3948 3110 ὁναγνωσθεν

562 3125 904 3182 Patriarcha
951 3123 1278 3194 divinaque
1335 3127 1393 3178 et
1455 3136 1631 3177 sacra
1682 3122 1942 3192 synodo,
1981 3137 2087 3192 per
2118 3122 2218 3177 Dei

2332 3121 2375 3174 ἓν
2413 3125 2618 3194 ἐπηκόῳ
2683 3132 2774 3175 τοῦ
2832 3124 3123 3194 ἀγιωτάτου
3181 3129 3267 3176 καὶ
3326 3125 3683 3198 οἱκουμενικοῡ
3742 3149 3949 3202 πατρι-

560 3214 1060 3272 amantissimum
1081 3227 1376 3282 magnum
1403 3211 1900 3283 scevophylacem
1927 3214 2220 3267 Joannem

560 3301 1257 3375 pantechnem.Denique
1276 3300 1580 3372 adjectum
1605 3304 1696 3354 est
1715 3299 2022 3355 decretum
2041 3317 2222 3372 syno-

565 3391 791 3453 dicum,
850 3391 1020 3462 cujus
1085 3389 1519 3446 continentiam
1585 3388 1649 3442 in
1713 3389 2224 3459 consequentibus

564 3478 807 3535 damus.

1156 3585 1362 3640 ACTIO
1405 3585 1642 3640 SEXTA.

565 3692 786 3749 Mensis
835 3691 1049 3748 Martii
1093 3689 1191 3746 die
1236 3691 1531 3759 vicesima,
1595 3689 1942 3745 indictionis
1987 3689 2226 3745 decimae

1082 3785 1336 3852 quartae,
1365 3781 1461 3836 die
1482 3779 1709 3849 prima.

641 3895 690 3946 1.
730 3888 1093 3946 Ρτωείάεηιο
1127 3887 1506 3944 sanctissimo
1544 3891 1750 3942 nostro
1788 3886 2037 3942 domino
2061 3904 2225 3942 oecu-

566 3979 805 4036 menico
853 3978 1199 4051 patriarcha
1250 3976 1502 4032 domino
1559 3976 1715 4032 Luca
1757 3976 1818 4030 in
1871 3975 2226 4031 occidentali

567 4069 1070 4133 catechumeneo;
1090 4065 1542 4122 considentibus
1569 4065 1940 4130 Caesariensi,
1959 4067 1999 4119 Ν
2007 4065 2226 4120 icome-

569 4157 1174 4225 diensi,Melitenensi,
1199 4154 1549 4225 Gangrensi,
1576 4155 1920 4222 Larissensi,
1943 4155 2224 4225 Cretensi,

567 4245 1137 4318 Philippopolitano,
1163 4243 1560 4313 Euchaitensi,
1604 4243 1994 4314 Philippensi,
2029 4243 2229 4298 Hiera-

567 4333 858 4405 politano,
900 4333 1184 4399 Serrensi,
1236 4331 1551 4402 Abydeno,
1603 4331 1956 4398 Paronaxio,
1989 4331 2224 4398 Milesio,

568 4422 1117 4494 Arcadiopolitano,
1144 4421 1338 4490 Pario,
1364 4421 1809 4486 Prceconnesio,
1846 4421 2226 4493 Selybriensi,

567 4510 986 4576 Anchialensi;
1015 4509 1352 4566 astantibus
1408 4509 1672 4566 dominis
1721 4509 2094 4581 praepositis;
2129 4510 2230 4564 Dei

568 4600 1024 4657 amantissimus
1059 4614 1320 4668 magnus
1353 4597 1759 4670 scevophylax
1782 4600 2044 4653 Joannes
2074 4601 2228 4654 Pan-

566 4689 832 4758 technes,
855 4694 921 4743 ut
944 4703 1006 4742 se
1038 4687 1205 4744 omni
1234 4687 1578 4758 suspicione
1596 4691 1901 4758 purgaret,
1929 4686 2101 4742 sicuti
2123 4703 2229 4758 pa-

565 4777 692 4835 lam
728 4779 790 4833 ﬁt
816 4794 883 4833 ex
903 4776 1430 4850 progredientibus
1457 4774 1675 4848 synodi
1706 4775 1977 4843 decretis,
2013 4775 2229 4831 sistens

569 4884 632 4925 se
676 4866 855 4924 hodie
901 4866 1044 4937 legit
1087 4881 1160 4922 ex
1204 4864 1404 4922 libello
1436 4865 1865 4921 continentiam
1888 4865 2037 4935 ejus.
2062 4866 2229 4922 Post-

564 4974 753 5030 quam
791 4957 969 5027 igitur
1005 4956 1134 5012 haec
1173 4954 1327 5011 lecta
1355 4960 1495 5010 sunt
1522 4954 1762 5026 publice
1792 4970 1999 5010 coram
2025 4960 2230 5011 nostra

566 5047 980 5104 mediocritate
1028 5061 1322 5116 sacraque
1377 5043 1614 5117 synodo
1643 5086 1658 5110 ,
1697 5044 1760 5099 in
1798 5043 1913 5099 hac
1943 5044 2230 5102 schedula

564 5151 789 5193 nomen
835 5151 1014 5191 suum
1058 5134 1431 5206 subscripsit,
1464 5148 1646 5205 seque
1681 5133 1848 5189 omni
1888 5133 2227 5206 suspicione

565 5224 866 5296 purgavit,
892 5225 975 5280 ita
1008 5230 1073 5278 ut
1104 5224 1417 5296 superiora
1449 5223 1668 5294 synodi
1709 5223 1947 5278 decreta
1974 5222 2120 5278 nihil
2150 5222 2230 5280 ad

566 5315 768 5385 ipsum
801 5313 932 5384 jam
956 5313 1293 5368 attinerent.
1328 5311 1552 5368 Deinde
1584 5318 1894 5368 exaratum
1921 5311 1982 5367 in
2015 5312 2228 5367 eadem

570 5401 860 5459 schedula
877 5400 1734 5474 scriptumhujusmodi,eique
1761 5417 1865 5473 per
1889 5401 2228 5473 complures

567 5489 696 5546 dies
719 5489 1210 5560 subscripserunt
1229 5487 1328 5545 alii
1348 5505 1593 5563 quoque
1614 5489 1903 5562 episcopi,
1918 5488 2062 5560 quia
2081 5504 2229 5544 non-

640 5617 750 5687 (42)
789 5613 931 5670 Vide
959 5612 1073 5670 col.
1094 5617 1220 5670 250.

2330 3212 2502 3286 ἀρχου
2556 3219 2645 3265 καὶ
2697 3221 2787 3274 τῆς
2847 3215 2986 3274 θείας
3035 3218 3124 3265 καὶ
3183 3215 3320 3285 ἱερᾶς
3371 3212 3596 3268 συνόδου
3658 3221 3800 3289 παρὰ
3841 3227 3947 3272 τοῦ

2334 3300 2722 3372 θεοφιλεστάτου
2783 3301 3008 3373 μεγάλου
3097 3302 3468 3373 σεευοφύλακος
3530 3304 3764 3358 Ἰωάννου
3843 3317 3946 3360 τοῦ

2333 3396 2626 3460 Παντεχνῆ.
2679 3389 2796 3442 Ἐπὶ
2861 3387 2922 3442 δὲ
2975 3394 3142 3462 τούτῳ
3180 3395 3269 3442 καὶ
3311 3397 3590 3466 σημείωμα
3651 3392 3946 3449 συνοδικὸν

2331 3478 2552 3547 ἐξετέθη,
2586 3487 2753 3531 ταυτα
2787 3484 2876 3531 xui.
2916 3479 3042 3531 αὐτὸ
3067 3480 3238 3552 ῥητῶς
3270 3477 3634 3554 διηγούμενον.

2958 3590 3192 3638 ΠΡΑΞΙΣ
3236 3585 3302 3650 ς’.

2438 3697 2578 3749 Μηνὶ
2607 3697 2824 3765 Μαρτίῳ
2853 3690 2917 3758 κ’,
2949 3695 3120 3765 ἡμέρᾳ
3155 3699 3334 3767 πρώτη
3379 3690 3700 3759 ἰνδικτιῶνος
3727 3693 3814 3749 ιδ’.

2405 3887 2466 3942 α’.
2512 3889 2912 3962 Προκαθημένου
2978 3895 3070 3939 τοῦ
3119 3885 3413 3958 ἁγιωτάτου
3466 3892 3612 3964 ἡμῶν
3671 3888 3944 3946 δεσπότου

2333 3983 2422 4030 xui.
2469 3977 2825 4049 οἱκουμενίκοῡ
2866 3997 3201 4051 πατριάρχου
3260 3987 3421 4051 κυροῡ
3490 3987 3669 4033 Λουκᾶ
3723 3985 3771 4034 ἓν
3827 3994 3948 4045 τοῖς

2335 4065 2571 4128 δυτικοίς
2675 4069 3135 4139 κατηχουμενείοις
3179 4083 3190 4095 ·
3271 4065 3711 4142 συνεδριαζόντων
3754 4113 3767 4138 ,
3847 4083 3946 4125 τοῦ

2337 4160 2674 4229 Καισαρείας,
2733 4163 2823 4206 τοῦ
2889 4151 3269 4226 Νικομηδείας,
3325 4165 3416 4208 τοῦ
3474 4158 3784 4226 Μελιτηνῆς,
3846 4171 3950 4214 του

2336 4251 2602 4318 Γοιγγρὼν9
2630 4251 2724 4295 τοῦ
2765 4248 3064 4317 Λαρίσσης,
3096 4251 3187 4294 του
3230 4249 3460 4318 Κρήτης,
3498 4254 3589 4298 τοῦ
3646 4249 3948 4303 Φιλεππου-

2333 4333 2548 4397 πόλεως,
2589 4340 2681 4384 τοῦ
2746 4332 3042 4403 Εὐχαῖτων,
3083 4339 3175 4384 τοῦ
3233 4333 3518 4401 Φιλίππων,
3558 4345 3650 4389 τοῦ
3714 4337 3950 4413 Ἱεραπό-

2334 4422 2475 4491 λεως,
2527 4430 2618 4474 τοῦ
2685 4421 2914 4495 Σερρὠν,
2974 4428 3066 4472 τοῦ
3127 4419 3376 4489 Ἀϐύδου,
3431 4432 3524 4476 τοῦ
3590 4427 3943 4500 Παροναξίας,

2335 4520 2426 4563 του
2479 4511 2752 4576 Μιλήτου,
2813 4518 2904 4561 τοῦ
2969 4505 3447 4582 Ἀρκαδιουπόλεως
3479 4554 3492 4579 ,
3553 4522 3645 4566 τοῦ
3713 4521 3943 4589 Παρίου,

2335 4609 2426 4651 τοῦ
2481 4604 2890 4673 Προικόννησον,
2931 4606 3023 4649 τοῦ
3082 4597 3384 4672 Σηλυϐρίας,
3429 4605 3519 4654 καὶ
3572 4610 3663 4655 τοῦ
3715 4605 3950 4677 Ἀγχιάο

2335 4686 2424 4738 λου
2484 4709 2496 4720 ·
2556 4692 2954 4760 παρισταμένων
3005 4693 3095 4740 καὶ
3153 4684 3480 4741 δεσποτικών
3529 4690 3798 4765 ἀρχόντων
3849 4711 3865 4725 ⁸
3918 4697 3943 4748 ὁ

2339 4776 2729 4848 θεοφιλέστατος
2797 4780 2954 4848 μέγας
3006 4777 3329 4848 σκευοφύλαξ
3386 4777 3627 4841 Ἰωάννης
3675 4784 3701 4833 ὁ
3749 4790 3946 4837 Παντε-

2335 4870 2489 4936 χνὴς,
2531 4866 2709 4917 ἑαυτὸν
2764 4863 3097 4916 ἀπαλλάττων
3152 4867 3328 4928 πάσης
3380 4868 3630 4940 ὑποψίας,
3664 4873 3803 4924 καθά
3845 4869 3949 4932 δη-

2335 4953 2516 5006 λοῦται
2553 4962 2660 5014 τοῖς
2718 4953 2948 5027 προϐᾶσι
3003 4949 3300 5015 συνοδικοῑς
3358 4965 3732 5031 σημειώμασι,
3765 4980 3947 5034 παρα-

2340 5047 2468 5104 στὰς
2507 5047 2599 5100 τὴν
2656 5049 2901 5116 σήμερον,
2936 5041 3126 5114 ἀνέγνω
3168 5041 3266 5095 ἀπὸ
3317 5044 3612 5121 εἰληταρίου
3650 5050 3715 5100 τὰ
3764 5051 3950 5104 ὑποτε-

2335 5136 2563 5204 ταγμένα
2596 5147 2607 5158 ’
2643 5134 2706 5191 ὡς
2744 5131 2832 5182 οὖν
2891 5129 3082 5202 ἀνέγνω
3144 5140 3310 5184 ταῦτα
3361 5132 3447 5186 ἐπὶ
3499 5145 3672 5188 κοινοῦ
3729 5143 3818 5191 καὶ
3873 5138 3952 5192 ἐν·

2338 5227 2498 5272 ώπιον
2551 5227 2646 5281 τῆς
2683 5221 2828 5290 ἡμῶν
2867 5226 3209 5294 μετριότητος
3246 5227 3334 5275 καὶ
3384 5231 3478 5286 τῆς
3522 5228 3656 5298 ἱερᾶς
3696 5224 3951 5301 συνόδου,

2337 5311 2386 5362 ἐν
2452 5317 2523 5379 τῷ
2590 5310 2808 5380 τοιούτῳ
2871 5314 3081 5382 χαρτίῳ
3138 5311 3467 5385 ὑπέγραψεν,
3525 5313 3705 5367 ἑαυτὸν
3772 5320 3952 5381 πάσης

2338 5397 2568 5468 ὑποψίας
2624 5395 2926 5465 ἀπήλλαξεν,
2987 5397 3268 5472 ἀπρακτεῖν
3329 5401 3627 5475 ὀφειλόντων
3689 5407 3808 5458 ὅσον
3866 5407 3948 5461 ἐπ’

2338 5487 2479 5560 αὐτῷ
2527 5506 2617 5538 και
2671 5495 2771 5537 τῶν
2827 5499 3211 5561 προγεγονότων
3281 5488 3573 5544 συνοδικῶν
3639 5502 3950 5570 σημειωμάο
