4046 6310
71 351 150 408 εει

1368 341 1718 406 THESAURI
1755 349 1886 407 LIB.
1938 345 2120 404 XXIV.

3325 345 3432 406 270

69 475 275 543 167(43}
307 472 443 529 Εἶτα
472 473 954 547 ἕγκατεστρωμένον
995 471 1056 545 ᾖν
1087 473 1137 525 ἓν
1170 473 1310 544 αὐτῷ
1336 476 1393 524 τὸ
1427 479 1661 526 τοιοῦτον

1782 470 1912 528 mulli
1945 469 2301 527 scandalum
2342 468 2417 526 de
2459 469 2592 526 aliis
2622 475 3043 543 sumpserant;
3075 471 3180 544 qui
3224 471 3429 529 nolue—

68 570 316 635 ὴνχραφον·
377 563 470 615 ἐπὶ
524 559 584 615 δι
643 571 716 634 τῷ
778 567 1128 637 προγραφέντι
1201 561 1463 634 ἐγγράφῳ,
1527 564 1665 614 κατὰ

68 651 326 727 έιαφόρους
389 653 592 724 ἡμέρας
661 653 968 724 ὑπέγραψαν
1032 656 1122 704 καὶ
1180 653 1343 725 ἕτεροι
1396 649 1664 725 ἀρχιερεῖς

69 739 138 792 316':
161 746 218 793 τό
260 738 731 798 πανδαλισθῆναί
779 759 924 802 τινας
977 748 1077 792 τῶν
1122 739 1408 815 ἀρχιερέων
1452 743 1542 791 καὶ
1584 732 1664 791 ἐπ’

68 835 233 891 simi;-
264 836 362 882 καὶ
395 830 561 882 Θέλειν
589 835 680 881 καὶ
709 833 923 890 τούτόυς
953 826 1120 901 μηδὲν
1165 829 1398 898 ὑποψίας
1437 824 1665 900 ἰνδαλμα

205 921 411 984 αὐτῶν,
469 918 592 992 παρ’
651 915 921 989 οἱῳὸἠτινι
972 919 1258 980 σώζεσθαι.
1311 916 1477 969 οἱκαὶ
1507 918 1661 974 ἦσαν·

66 1010 287 1080 ιὶιὺρων
323 1012 708 1080 Χριστοφόρος,
743 1009 769 1058 6
813 1012 1091 1082 Λαρίσσης
1126 1007 1382 1072 Ἰωάννης,
1416 1007 1442 1056 6
1480 1002 1663 1058 Ῥόδου

63 1105 196 1164 iis»,
263 1099 294 1148 ὁ
366 1093 845 1169 Ἀδριανουπόλεως
910 1101 1079 1160 Λέων,
1146 1096 1172 1147 6
1247 1099 1386 1147 Νέων
1446 1101 1662 1165 Πατρῶν

1767 566 1908 618 runt
1927 560 2106 617 ullam
2139 560 2501 632 suspicionis
2535 561 2795 632 speciem
2827 559 2902 616 de
2935 577 2999 616 se
3031 560 3197 633 apud
3223 576 3431 634 quem.

1767 649 1910 706 libet
1939 665 2280 722 superesse.
2337 651 2518 704 Erant
2554 655 2757 705 autem
2787 649 2887 705 hi:
2933 651 3235 722 Myrorum
3277 651 3434 706 Chri-

1770 739 2111 811 stophorus,
2145 738 2388 795 Larissa
2412 740 2697 808 Joannes,
2726 738 2916 794 Rhodi
2939 738 3077 805 Leo,
3096 738 3430 795 Hadriano-

1770 829 1978 900 poleos
2011 829 2141 896 Leo,
2195 830 2631 898 Neopatrarum
2682 826 3057 898 Euthymius,
3093 826 3434 883 Thebarum

1769 918 2048 985 Joannes,
2087 919 2377 971 Maroneae
2426 915 2696 972 Nicetas:
2735 915 2811 970 de
2861 931 3123 987 quorum
3171 915 3435 988 singulo-

1771 1021 1907 1061 rum
1939 1004 2487 1076 subscriptionibus
2531 1003 2773 1061 condita
2804 1009 2941 1059 sunt
2987 1004 3227 1061 decreta
3254 1021 3436 1077 syno-

1773 1094 1906 1149 dica
1935 1093 2157 1149 tenoris
2188 1091 2480 1163 ejusdem.

62 1187 334 1257 Εὗθὺμιος,
375 1188 403 1236 6
446 1185 636 1243 Θηϐῶν
678 1186 938 1251 Ἰωάννης,
1013 1190 1104 1237 καὶ
1142 1186 1168 1236 6
1207 1188 1506 1257 Μαρωνείας
1531 1186 1785 1244 Νικήτας-
1825 1184 1894 1235 ὧν
1942 1181 2018 1255 ἐφ’
2049 1183 2271 1234 ἑκάστου
2309 1183 2583 1255 ὑπογραφῆ
2617 1186 2707 1234 καὶ
2758 1185 3122 1254 σημείωματα,
3176 1179 3339 1236 συνοὸ
3346 1184 3433 1235 ικά

61 1274 342 1342 ἐξα-ἔθεντο,
375 1283 475 1335 τῆς
503 1274 668 1334 αὐτῆς
695 1277 818 1326 ὄντα
844 1271 1132 1346 δυνάμεως.

114 1380 157 1452 β’
192 1384 349 1434 Μετὰ
387 1377 450 1434 δὲ
481 1388 646 1432 ταῦτα
674 1385 763 1432 καὶ
792 1381 960 1453 ἕτερον
1000 1379 1193 1453 προέϐη
1236 1374 1514 1431 συνοδικόν
1555 1398 1661 1436 ση-

56 1476 258 1541 ariusia,
296 1469 508 1521 αὐτολεὶ
541 1469 736 1521 οὑτωσὶ
760 1473 1027 1542 περιέχον,

180 1625 331 1678 Μηνὶ
359 1619 648 1692 Ἀπριλλίῳ
688 1617 735 1682 ς’
764 1620 936 1691 ἡμέρᾳ
973 1614 1020 1670 όν
1063 1613 1387 1680 ἰνόικτιῶνος
1422 1613 1514 1671 ιδ’.

116 1737 530 1807 Προκαθημένου
582 1739 762 1786 Λουκᾶ
805 1741 896 1785 τοῦ
950 1732 1245 1804 ἁγιωτάτου
1287 1741 1430 1805 ημῶν
1462 1729 1660 1784 δεσπό-

63 1845 134 1875 του
188 1829 284 1875 καὶ
352 1824 714 1894 οἰκουμενικοῡ
774 1823 1112 1894 πατριάρχου
1182 1819 1230 1871 ἐν
1296 1828 1406 1880 τοῖς
1469 1817 1663 1882 δεξιοῖς

65 1913 342 1975 ἐξιεξιαιοῖς
406 1915 894 1983 κατηχουμενείοις·
966 1906 1377 1983 συνεδριζόντων
1443 1916 1506 1980 τῇ
1575 1927 1660 1980 με·

63 2004 173 2076 γεὺη
231 2003 516 2074 ἁγιωσύνῃ
585 2001 744 2052 αὐτοῦ
823 2003 1110 2073 ἱερωτάτων
1178 1997 1464 2072 ἀρχιερέων
1488 2041 1503 2066 ,
1565 2006 1658 2049 τοῦ
1689 1979 1733 2032 Β

65 2097 394 2166 Καισαρείας,
447 2096 540 2142 τοῦ
591 2085 967 2161 Νικομηδείας,
1015 2096 1106 2140 τοῦ
1154 2091 1389 2157 Νικαίας,
1421 2093 1512 2139 τοῦ
1560 2094 1662 2139 Με-

63 2182 274 2246 ὶξτηνῆς,
342 2187 437 2231 τοῦ
497 2185 767 2253 Γαγγρῶν,
830 2184 924 2230 τοῦ
995 2182 1212 2252 Καρίας,
1275 2184 1368 2228 τοῦ
1415 2176 1654 2241 Ἰκονίου,

63 2278 134 2321 τεό
159 2270 450 2343 Κορίνθου,
481 2274 573 2320 τοῦ
620 2273 912 2333 Mai-1.11666,
965 2272 1058 2318 τοῦ
1104 2269 1333 2340 Κρήτης,
1383 2270 1475 2317 τόύ
1518 2272 1662 2337 Τρα-

65 2361 352 2424 πζοὺντος,
400 2361 495 2408 τόῠ
547 2355 830 2424 Φιλίππων,
886 2361 980 2406 τοῦ
1030 2353 1377 2428 ’1εραπόλεως,
1423 2361 1514 2405 τοῦ
1561 2359 1663 2406 Μι-

62 2448 286 2515 mining,
353 2453 448 2497 τοῦ
515 2444 719 2508 Θηϐῶν,
785 2451 877 2496 τοῦ
943 2442 1174 2518 Σερῥῶν,
1237 2449 1329 2494 τοῦ
1388 2447 1661 2516 Δρίστρας,

61 2546 136 2589 τού
193 2538 495 2610 Κερκύρας,
551 2544 644 2587 τοῦ
704 2529 954 2600 Ἀϐύδου,
1004 2540 1095 2584 τοῦ
1149 2531 1406 2599 Μιλήτου,
1435 2540 1525 2584 τοῦ
1555 2539 1666 2585 Μα-

60 2633 296 2700 ρωνείας,
357 2633 452 2677 τοῦ
499 2629 719 2697 Παρίου,
786 2632 879 2675 τοῦ
945 2621 1252 2697 Σηλυϐρίας,
1328 2629 1420 2674 τοῦ
1483 2627 1664 2691 Νίκης,

61 2725 271 2770 καὶτοῦ
335 2716 654 2787 Ἀγχιάλου·
720 2717 1120 2789 παρισταμένων
1186 2718 1275 2764 καὶ
1341 2711 1667 2784 θεοφιλεστά-

60 2826 148 2858 των
215 2802 551 2858 δεσποτικιῖη
613 2801 900 2877 ἀρχόντων·
963 2803 989 2852 6
1049 2800 1439 2873 θεοφιλέστατος
1479 2797 1668 2852 διάκο-

63 2911 136 2956 νος
177 2901 270 2946 καὶ
320 2898 666 2967 κανστρίσιος
730 2899 826 2952 τῆς
879 2889 1172 2962 ἁγιωτάτης
1218 2897 1311 2941 τοῦ
1351 2895 1484 2942 Θεοῦ
1515 2891 1672 2962 μεγά-

64 2986 142 3046 32:;
227 2984 517 3042 ἐκκλησίας
593 2979 855 3054 Σαμουὴλ,
932 2981 1105 3040 πάσης
1201 2977 1427 3049 ὑπο-,ἰδίας
1492 2978 1671 3031 ἑαυτὸν

68 3074 423 3141 ἀπαλλάττων,
463 3073 600 3123 κατὰ
634 3075 727 3128 τήν
754 3071 1003 3140 τετάρτην
1034 3077 1125 3120 τοῦ
1172 3072 1422 3142 παρόντος
1463 3067 1674 3140 Ἀπριλ-

12 3215 14 3222 ν
64 3163 162 3213 λέον
210 3165 382 3234 μηνὸς
435 3159 519 3212 ἐπὶ
561 3167 652 3211 τοῦ
722 3161 884 3230 μέσου
935 3160 1078 3222 στὰς,
1136 3161 1226 3208 καὶ
1292 3160 1350 3208 τό
1410 3152 1674 3230 διαφόρως

67 3254 197 3324 παρά
261 3270 420 3301 τινων
491 3250 776 3320 ἱερωτάτων
851 3245 1137 3320 ἀρχιερέων
1211 3251 1303 3296 καὶ
1370 3243 1675 3316 θεοφλεστά-

12 3359 146 3391 -των
217 3337 497 3412 ἀρχόντων
587 3335 912 3406 ἁναγνωσθὶν
997 3340 1087 3386 καὶ
1164 3335 1460 3408 ὑπογραφεν
1539 3332 1673 3391 εἰλη-

64 3433 231 3502 τέριον
291 3426 396 3479 ἀνὰ
459 3433 646 3501 χεῖρας
705 3423 895 3492 λαϐὼν,
963 3423 1030 3484 εἰς
1095 3421 1314 3480 ἐπήκοον
1378 3429 1467 3474 τοῦ
1535 3424 1671 3495 ἱεροῦ

67 3515 337 3590 τπιεδρίου
389 3514 581 3586 ἀνέγνω
633 3516 700 3566 1'6'1
757 3511 804 3564 έν
841 3512 982 3564 αὐτῶ
1029 3515 1362 3586 γεγραμμένα
1406 3512 1538 3582 μετὰ
1581 3515 1671 3563 καὶ

1844 1385 1897 1436 2.
1940 1382 2076 1436 Post
2095 1379 2223 1436 haec
2245 1379 2411 1436 aliud
2430 1396 2674 1453 quoque
2700 1379 2923 1452 prodiit
2949 1379 3311 1453 synodicum
3331 1381 3432 1438 de-

1775 1475 2001 1526 cretum
2023 1470 2187 1525 hisce
2220 1469 2443 1526 verbis.

1771 1559 1991 1615 Mensis
2043 1560 2277 1628 Aprilis
2321 1560 2414 1614 die
2447 1565 2631 1624 sexta,
2675 1565 2899 1631 quarta
2937 1560 3280 1616 indictioms
3328 1561 3427 1617 de-

2375 1653 2541 1703 cimae
2569 1654 2825 1718 quartae.

1843 1736 2196 1792 Praesidente
2232 1738 2387 1792 Luca
2420 1735 2803 1792 sanctissimo
2849 1741 3056 1792 nostro
3086 1737 3334 1794 domino
3372 1742 3432 1793 et

1771 1825 2142 1882 oecumenico
2170 1824 2512 1897 patriarcha
2537 1825 2596 1879 in
2627 1823 2837 1880 dextro
2859 1826 3132 1882 alexiano
3153 1825 3407 1882 catechu

1770 1929 1985 1970 meneo
2011 1931 2024 1980 ;
2054 1912 2506 1968 considentibus
2530 1929 2667 1968 cum
2700 1929 2928 1982 magna
2958 1915 3270 1970 sanctitate
3297 1914 3430 1985 ejus

1770 2001 2192 2058 sacratissimis
2223 2000 2539 2072 episcopis,
2566 2001 2934 2070 Caesariensi,
2968 2001 3426 2071 Nicomediensi,

1768 2091 2026 2157 Nicmno,
2056 2076 2440 2159 Melitenensi,
2480 2090 2830 2161 Gangrensi,
2866 2090 3060 2159 Cario,
3111 2090 3424 2159 lconiensi,

1771 2177 2094 2245 Corinthio,
2145 2179 2464 2240 Mocesino,
2511 2178 2791 2248 Cretensi,
2847 2178 3257 2251 Trapezuntio,
3303 2179 3429 2234 Phi.

1768 2267 2046 2340 lippensi,
2078 2267 2543 2339 Hierapolitano,
2573 2265 2925 2337 Mitylenaeo,
2959 2265 3266 2335 Thebano,
3302 2268 3427 2323 Ser-

1770 2356 1948 2421 rensi,
1978 2356 2309 2423 Dristrensi,
2335 2354 2668 2427 Corcyraeo,
2701 2353 3014 2426 Abydeno,
3043 2355 3427 2426 Milesio,Ma—

1772 2445 2070 2514 roneensi,
2100 2445 2291 2513 Pario,
2327 2443 2710 2515 Selybriensi,
2729 2444 3380 2507 Nicensi,Anchialensi
3411 2461 3426 2514 ;

1774 2535 2110 2591 astantibus
2139 2534 2240 2589 Dei
2285 2533 2713 2590 amantissimis
2757 2533 3022 2589 dominis
3051 2534 3426 2606 praepositis;

1776 2625 1877 2680 Dei
1907 2624 2361 2680 amantissimus
2391 2621 2685 2679 diaconus
2712 2627 2769 2679 et
2794 2623 3149 2679 canstrisius
3180 2625 3432 2681 sanctis-

1776 2714 1942 2769 simae
1982 2713 2082 2768 Dei
2130 2729 2367 2782 magna:
2422 2711 2691 2768 Ecclesiae
2739 2711 3000 2782 Samuel,
3045 2713 3212 2769 omni
3239 2714 3433 2786 suspi-

1777 2803 1947 2858 cione
1978 2807 2165 2858 semet
2183 2801 2468 2868 liberans,
2499 2805 2714 2874 quarta
2741 2801 2837 2856 die
2878 2802 3190 2874 praesentis
3219 2802 3435 2874 Aprilis

1777 2893 1839 2948 in
1869 2892 2070 2947 medio
2087 2891 2438 2957 consistens,
2466 2895 2522 2946 et
2536 2890 2665 2961 jam
2696 2889 3098 2962 multipliciter
3123 2906 3158 2947 a
3181 2890 3435 2947 nonnul-

1779 2981 1850 3036 lis
1897 2980 2317 3035 sacratissimis
2363 2978 2663 3052 episcopis
2734 2979 2953 3049 Deique
3001 2979 3435 3035 amantissimis

1780 3069 2119 3142 praepositis
2167 3067 2388 3124 lectum
2437 3072 2494 3123 et
2547 3067 2952 3138 subscriptum
3004 3065 3272 3123 libellum
3319 3083 3438 3140 pra;

1782 3157 2064 3213 manibus
2118 3160 2346 3223 tenens,
2397 3154 2678 3211 audiente
2733 3170 2904 3211 sacro
2957 3154 3243 3226 synedrio
3297 3155 3440 3226 legit

1781 3246 2210 3303 continentiam
2259 3246 2407 3317 ejus,
2469 3245 2734 3317 itemque
2794 3243 3277 3301 additamentum
3322 3245 3438 3318 ipsi

1782 3336 2144 3391 subnexum.
2178 3336 2374 3390 Causa
2416 3335 2548 3405 ejus
2588 3334 2674 3389 rei
2733 3332 2947 3400 fuerat,
2999 3336 3166 3406 quod
3197 3334 3439 3392 inventa

1781 3425 1988 3481 charta
2025 3423 2217 3480 fuerat
2259 3439 2332 3478 ea
2385 3423 2698 3478 continens
2750 3438 2884 3495 quae
2915 3423 2976 3477 in
3020 3422 3436 3481 additamenta

1781 3512 2329 3584 perscribebantur,
2363 3511 2457 3566 his
2486 3511 2760 3567 videlicet
2779 3509 2999 3566 verbis.

65 3608 389 3679 προσθήκης,
420 3605 794 3675 προστεθείσης
819 3601 979 3672 αὐτῷ,
1005 3597 1101 3652 διὰ
1129 3605 1187 3652 1'6
1227 3600 1497 3674 εὑρεθῆναι
1534 3601 1744 3675 χάρτην
1764 3610 1983 3654 τοιαῦτα
2014 3598 2436 3673 διαλαμϐάνοντα
2465 3601 2550 3653 οἵα
2590 3601 2617 3658 ἡ
2654 3601 2931 3676 προσθήκη
2963 3609 3243 3676 περιεῖχεν·
3284 3603 3315 3661 ἧ
3345 3607 3436 3655 καὶ

65 3693 183 3747 tim-.1
212 3694 302 3746 ἐπὶ
325 3692 508 3755 λέξεων
532 3693 690 3746 οὕτω.

119 3783 187 3855 γ’.
235 3785 384 3836 Ἐπεὶ
423 3778 485 3833 δὲ
529 3786 620 3832 καὶ
667 3784 886 3854 χαρτίον
932 3775 1234 3851 ἐνεφανίσθη
1272 3779 1395 3849 ἔχον
1434 3778 1594 3837 οὕτως
1623 3776 1672 3829 ἐν

67 3879 397 3945 ιαταρχαίς·
486 3869 620 3923 Ἐκεῖ
700 3865 993 3920 ἐδηλίασαν
1071 3865 1224 3939 φόϐον
1313 3866 1373 3918 οὔ
1445 3865 1540 3918 οὐκ
1610 3866 1672 3923 ἦν

70 3961 235 4032 φόϐος,
291 3960 344 4012 ἐν
395 3964 692 4033 προσήταις
742 3963 1019 4030 Προφήτης
1071 3957 1182 4029 ἅμα
1243 3961 1336 4008 καὶ
1405 3954 1670 4027 βασιλεὺς,

70 4055 219 4120 ἔφησέ
282 4069 390 4102 που
456 4048 664 4118 φρᾶλων
727 4045 775 4098 ἐν
829 4049 1105 4119 πνεύματι,
1170 4046 1554 4118 παραιτούμενον
1615 4039 1675 4094 δὲ

71 4145 196 4191 κατὰ
247 4158 310 4191 το
362 4137 502 4197 τέλος
549 4135 597 4188 ἐν
643 4138 865 4195 τούτοις·
919 4136 962 4186 εἰ
1004 4143 1130 4206 γοῦν
1188 4134 1461 4206 ἁπερέχειν
1516 4136 1673 4203 φασίν

74 4233 116 4280 αἱ
159 4233 372 4302 Γραφαὶ
412 4234 506 4279 τοῦ
559 4232 794 4298 Χριστοῦ
849 4228 936 4275 τόν
985 4228 1194 4298 Πατέρα
1223 4226 1347 4289 (4-4),
1387 4223 1518 4273 καθὸ
1549 4224 1678 4280 τέως

73 4320 211 4380 εὗτος
267 4317 370 4369 οὐκ
411 4315 805 4388 ἐνηνθρώπησεν
838 4355 853 4380 ,
907 4309 1060 4366 οὐδὲν
1113 4315 1289 4364 καινὸν
1353 4311 1398 4363 εἰ
1452 4315 1542 4361 καὶ
1614 4311 1674 4360 τό

72 4409 243 4478 μεῖζον
297 4411 443 4477 ἔχειν
490 4412 582 4456 τοῦ
648 4403 697 4454 ἑν
754 4403 894 4474 αὖτῳ
947 4401 1267 4474 ἀνθρωπίνου
1337 4397 1678 4456 ὃιανοητικώς

73 4497 502 4568 φαπασθὴσεταί
526 4511 638 4544 τισι
671 4497 761 4543 καὶ
796 4491 1110 4566 ῥηθήσεται.
1154 4488 1312 4542 ’Ὥστε
1353 4485 1412 4540 δὲ
1449 4493 1539 4540 καὶ
1572 4492 1677 4546 τοῖς

73 4591 209 4661 παρὰ
255 4593 362 4637 τῶν
409 4582 572 4653 ἁγίων
621 4579 858 4653 ῥηθεῖσιν
906 4580 1178 4651 ὁμοφώνως
1245 4578 1437 4648 ἔχοντα
1509 4571 1679 4636 δεῖξαι

74 4685 238 4726 ταῦτα
284 4674 357 4725 τὰ
423 4666 735 4742 δεδογμένα,
802 4671 927 4741 ἡμῖν
977 4665 1264 4739 λεγέτωσαν
1339 4666 1504 4733 οὗτοι,
1589 4667 1680 4715 καὶ

76 4764 218 4834 ἡμεῖς
268 4765 632 4831 σιωπήσομεν·
689 4759 740 4810 ἐν
799 4753 857 4811 δὲ
903 4765 976 4828 τῷ
1025 4759 1245 4828 τοιούτῳ
1309 4757 1485 4830 χάρτη
1552 4753 1682 4825 μετά

77 4859 156 4904 καὶ
222 4851 394 4903 οἱὫων
450 4856 602 4899 τινῶν
688 4845 1105 4919 ἆπεμφαινόντων
1195 4848 1287 4896 καὶ
1380 4837 1682 4914 ἀπᾳὸόντων

79 4947 198 5015 πρός
256 4943 326 4993 τὰ
371 4943 471 4998 τὴς
522 4937 677 5008 ἁγίας
731 4944 824 4988 τοῦ
865 4943 998 4989 Θεοῦ
1028 4934 1310 4993 καθολικῆς
1338 4930 1682 4985 6161161116616-

77 5029 216 5091 luti;
280 5027 601 5086 Ἐκκλησίας
660 5025 920 5101 ὀρθότατα
985 5020 1229 5096 δόγματα
1263 5066 1276 5090 ,

12 5183 14 5185 μ
79 5117 466 5191 ἐμπεριέχεταυ
534 5115 695 5188 ἐῶμεν
757 5116 861 5187 γὰρ
920 5112 1086 5185 λέγειν
1171 5109 1519 5183 Ἀμφιλοχίου
1592 5111 1684 5160 καὶ

1363 5026 1453 5073 καὶ
1517 5028 1685 5072 ταῦτα

148 5331 195 5367 ³⁸
233 5328 389 5388 Psal.
421 5344 545 5395 xm,
580 5332 632 5383 5.

151 5527 262 5594 (43)
299 5523 448 5580 Vide
471 5523 583 5580 col.
608 5526 737 5580 262.

153 5591 264 5667 (44)
305 5594 622 5667 Nimirum,
640 5599 710 5650 ut
729 5591 1005 5667 nonnulli
1032 5591 1353 5667 explicant,
1383 5593 1686 5667 quatenus

85 5661 290 5727 auctor
307 5673 404 5725 est
421 5665 547 5724 Filii
563 5668 842 5733 Pater,ut
866 5664 930 5721 in
957 5661 1438 5737 praecedentibus
1458 5661 1686 5719 dictum

1854 3784 1906 3835 3.
1931 3778 2224 3846 Quoniam
2250 3776 2540 3835 schedula
2568 3777 2868 3851 apparuit,
2889 3778 3063 3849 cujus
3088 3778 3322 3835 initium
3345 3784 3437 3837 est

1784 3869 1896 3925 hoc
1921 3886 1933 3924 :
1971 3871 2061 3924 Ibi
2084 3875 2456 3938 expaverunt
2488 3869 2699 3924 timore
2728 3867 2832 3922 ubi
2858 3883 2978 3922 non
3004 3873 3136 3923 erat
3160 3870 3337 3922 timor
3361 3869 3432 3937 ³⁸,

1782 3957 2081 4030 Propheta
2111 3974 2387 4012 summus
2407 3955 2690 4027 idemque
2719 3970 2822 4010 rex
2853 3956 3177 4027 inspiratus
3201 3955 3350 4012 dixit
3370 3955 3434 4012 in

1781 4048 2037 4112 Psalmo,
2069 4046 2132 4102 id
2175 4047 2340 4120 quod
2389 4045 2572 4101 modo
2603 4045 2683 4100 ad
2711 4044 2934 4100 exitum
2964 4044 3290 4101 deductum
3319 4050 3430 4101 est.

1783 4137 2011 4192 Etenim
2042 4137 2090 4190 si
2117 4137 2350 4191 Patrem
2394 4131 2685 4190 extollunt
2723 4149 2909 4206 supra
2956 4134 3254 4190 Christum
3289 4135 3435 4192 Scri-

1783 4230 1996 4296 pturae,
2023 4241 2145 4296 quo
2170 4229 2440 4295 tempore
2469 4223 2744 4279 nondum
2782 4228 3023 4280 venerat
3056 4223 3134 4279 ad
3162 4224 3436 4281 incarna-

1782 4315 2032 4378 tionem,
2061 4314 2144 4369 nil
2170 4313 2435 4386 profecto
2477 4313 2616 4368 novi
2658 4317 2768 4378 est,
2812 4313 2981 4384 quod
3009 4314 3304 4385 majorem
3333 4315 3435 4371 Pa-

1783 4408 1935 4459 trem
1947 4403 2319 4458 humanitate
2341 4401 2550 4458 Christi
2571 4402 2824 4473 quidam
2846 4417 3008 4457 nunc
3027 4402 3438 4472 imaginantur

1786 4497 1964 4565 atque
1995 4491 2319 4548 afﬁrmant.
2364 4494 2791 4547 Verumtamen
2819 4490 2915 4546 isti
2963 4491 3014 4546 si
3065 4497 3220 4548 certe
3262 4491 3438 4550 nobis

1785 4581 2285 4638 demonstrabant
2323 4581 2480 4636 dicta
2504 4595 2615 4636 sua
2642 4595 2780 4636 cum
2819 4584 3168 4637 sanctorum
3193 4596 3440 4654 quoque

1789 4673 2095 4729 sententiis
2121 4672 2486 4744 conspirare,
2510 4677 2640 4727 tum
2659 4671 2907 4726 demum
2935 4670 3237 4727 silentium
3262 4671 3441 4726 nobis

1787 4761 2118 4833 imponent.
2148 4763 2213 4815 In
2243 4760 2456 4816 eadem
2486 4764 2687 4815 autem
2719 4758 3028 4822 schedula,
3070 4763 3286 4830 praeter
3322 4759 3443 4814 alia

1790 4851 2073 4923 quaedam
2103 4849 2488 4905 abhorrentia
2517 4853 2573 4904 et
2601 4847 2848 4904 dissona
2877 4863 2913 4904 a
2954 4853 3176 4904 sanctae
3205 4847 3308 4902 Dei
3339 4861 3442 4902 ca-

1790 4940 2024 4996 tholica:
2050 4944 2106 4995 et
2138 4937 2477 5011 apostolicae
2516 4937 2794 4993 Ecclesiae
2821 4937 3164 4993 rectissimis
3189 4936 3441 5006 dogma-

1717 5063 1761 5116 Β
1792 5029 1970 5098 tibus,
1992 5029 2122 5083 haec
2146 5042 2392 5116 quoque
2421 5026 3093 5116 continebantur.-Mitto
3122 5024 3282 5080 enim
3307 5030 3444 5116 Am-

1792 5116 2184 5190 philochium,
2199 5115 2606 5184 Ambrosium,
2627 5112 2896 5185 aliosque
2917 5111 3082 5168 haud
3103 5127 3332 5184 paucos
3355 5112 3444 5170 in-

1794 5513 1922 5579 fuit;
1949 5527 2086 5584 quae
2115 5515 2316 5584 tamen
2342 5507 2617 5584 res_ni_hil
2639 5505 2780 5565 Filio
2815 5504 3092 5580 detrahit,
3127 5523 3326 5581 neque
3356 5509 3450 5565 in-

1795 5579 2073 5642 ferior—em
2098 5583 2254 5640 Patri
2273 5579 2593 5638 constituit.
