4046 6310
589 358 692 423 2'71

1915 357 2180 432 manu:
2221 347 2602 414 CHONI‘AM;
3899 364 4032 430 ατε

597 491 856 563 spiratos
887 487 1063 557 viros,
1090 500 1351 559 quorum
1405 483 1506 540 alii
1553 483 1840 540 audacter
1881 480 1956 537 de
1998 480 2115 538 hoc
2143 480 2251 536 do-

2383 481 2684 556 Αμϐροσίου
2741 483 2830 534 καὶ
2891 480 3070 556 ἐτέρων
3135 477 3227 537 οόκ
3291 479 3476 556 ὀλίγων
3540 490 4032 562 πνωματοφόρων

599 583 797 649 gmatc
828 575 1010 632 locuti
1059 578 1214 640 sunt,
1263 577 1560 645 quantum
1590 575 1745 628 certe
1782 571 1916 644 ipsa
1943 569 2131 628 verba
2159 585 2252 627 so-

599 673 747 723 nant
773 685 784 720 :
816 666 913 720 alii
936 665 1136 736 ipsum
1164 669 1368 733 aperte
1399 677 1521 733 prae
1554 678 1616 716 se
1647 659 1928 717 tulerunt.
1962 662 2028 715 Et
2058 659 2251 716 infra:

601 760 782 812 Mente
811 753 1055 826 quidem
1093 752 1410 819 Christum,
1445 755 1626 823 prout
1651 751 1837 807 homo
1867 755 1974 817 est,
2017 764 2256 821 separa-

602 847 705 901 tim
735 841 1085 912 imaginari;
1117 840 1395 912 atqueita
1421 841 1714 910 majorem
1744 841 1878 911 ipso
1904 842 2135 896 Patrem
2158 855 2256 894 co-

602 935 819 1004 gitare;
855 937 1032 1004 atque
1080 931 1238 987 hanc
1283 930 1661 999 schedulam,
1710 934 2007 1002 quatenus
2038 928 2260 985 scilicet

602 1026 817 1096 praeter
835 1019 1235 1077 orthodoxam
1259 1020 1539 1091 pietatem
1561 1018 1858 1090 loquitur;
1886 1023 1943 1074 et
1965 1018 2092 1074 haec
2123 1018 2259 1090 ipsa

606 1111 824 1167 sanctis
855 1109 1132 1165 Patribus
1165 1107 1385 1163 nostris
1406 1107 1590 1163 verba
1610 1106 1932 1177 injuriosa;
1952 1110 2009 1162 et
2033 1105 2259 1161 coutin-

608 1216 744 1271 gere
781 1198 894 1254 sibi
929 1197 1269 1254 distinctam
1307 1195 1487 1250 veluti
1519 1194 1726 1251 Christi
1767 1195 2204 1251 humanitatem
2239 1213 2256 1262 ;

607 1295 789 1361 atque
835 1288 916 1343 ita
955 1287 1249 1357 majorem
1298 1285 1435 1358 ipso
1483 1285 1718 1340 Patrem
1758 1285 2030 1354 judicare
2059 1302 2072 1353 ;
2105 1284 2255 1349 haec,

607 1379 881 1451 inquam,
907 1375 1227 1432 manifesto
1260 1373 1514 1444 subjicio
1546 1372 1952 1441 anathemati;
1998 1374 2260 1446 itemque

612 1484 752 1524 eum
791 1465 896 1538 qui
935 1464 1018 1520 sic
1063 1465 1267 1519 credat
1295 1463 1389 1518 vel
1439 1461 1681 1529 scribat,
1713 1460 1803 1516 vel
1834 1462 2160 1535 scripturus
2187 1461 2264 1516 sit

613 1561 717 1612 aut
762 1555 1116 1621 crediturus,
1151 1552 1426 1626 quisquis
1465 1550 1559 1619 sit,
1605 1549 1724 1608 sive
1771 1566 1883 1622 ego
1941 1551 2061 1608 sive
2107 1551 2260 1611 alius

611 1644 935 1719 quispiam.

684 1830 737 1884 4.
791 1829 1115 1900 Postquam
1162 1822 1339 1893 igitur
1380 1820 1504 1876 haec
1535 1819 1694 1890 legit,
1740 1824 1797 1878 et
1826 1836 2033 1877 coram
2059 1825 2266 1876 nostra
2296 1853 2336 1908 Β

611 1916 1060 1984 mediocritate,
1110 1928 1402 1984 sacraque
1450 1910 1797 1967 considente
1848 1909 2214 1966 fraternitate
2247 1951 2262 1978 ,

609 2006 748 2062 huic
787 2004 986 2063 libello
1036 2002 1428 2074 subscripsit;
1472 2000 1781 2056 decretum
1807 2005 1896 2055 est
1919 1999 2100 2056 hodie
2130 1999 2263 2072 qui-

609 2095 747 2152 dem
775 2096 996 2168 ipsum,
1026 2093 1121 2150 his
1153 2090 1431 2165 peractis,
1458 2106 1706 2163 pergere
1728 2105 1907 2163 porro
1940 2094 1997 2145 et
2019 2089 2266 2146 ulterius

604 2185 920 2258 praegredi,
953 2183 1125 2239 sicuti
1156 2187 1213 2238 et
1255 2181 1404 2237 alios
1434 2181 1538 2252 qui
1575 2180 1801 2236 caeteris
1830 2178 2046 2234 libellis
2091 2177 2265 2233 subs-

606 2275 957 2346 cripserant,
1005 2270 1352 2342 versarique
1392 2268 1713 2326 nobiscum
1755 2273 1811 2324 et
1855 2267 2055 2324 ofﬁcio
2094 2265 2265 2335 fungi

604 2381 745 2419 cum
766 2368 972 2421 nostra
997 2360 1410 2418 mediocritate
1438 2364 1493 2416 et
1521 2375 1657 2414 cura
1692 2363 1902 2414 sancta
1937 2357 2264 2429 divinaque

606 2452 862 2524 synodo.
893 2453 1094 2508 Visum
1116 2450 1364 2522 insuper
1389 2454 1498 2514 est,
1517 2454 1730 2520 praeter
1755 2446 2041 2519 capitula,
2071 2462 2264 2518 nuper

607 2543 950 2610 constituta,
971 2539 1263 2612 synodico
1290 2544 1474 2609 tomo,
1501 2538 1605 2610 qui
1631 2538 1692 2593 in
1720 2537 2089 2593 orthodoxiae
2111 2536 2262 2592 festo

605 2629 702 2686 die
730 2629 1020 2700 legendus
1051 2633 1226 2696 esset,
1258 2628 1387 2684 haec
1419 2643 1548 2683 esse
1579 2626 1938 2698 adjicienda.
1960 2655 2032 2668 —
2060 2625 2132 2681 Iis
2157 2625 2261 2698 qui

602 2724 898 2791 respuunt
935 2723 1282 2774 sanctorum
1329 2719 1568 2773 Patrum
1597 2716 1953 2783 locutiones,
1994 2731 2130 2788 quae
2180 2714 2260 2771 ad

602 2813 898 2864 rectorum
935 2806 1208 2863 Ecclesiae
1230 2806 1326 2862 Dei
1355 2806 1713 2875 dogmatum
1736 2805 2260 2861 conﬁrmationem

602 2895 777 2951 dictae
811 2900 970 2964 sunt,
1002 2894 1336 2964 Athanasii,
1367 2893 1587 2966 Cyrilli,
1615 2893 1930 2960 Ambrosii,
1950 2891 2257 2964 Amphilo-

601 2985 739 3052 chii,
771 2984 1044 3058 inspirati
1092 3001 1129 3040 a
1175 2987 1292 3040 Deo
1325 2983 1540 3040 Leonis
1587 2986 1761 3056 Papae
1792 2983 2000 3039 veteris
2031 2985 2256 3051 Romae,

602 3073 1017 3147 aliorumque;
1049 3089 1160 3130 nec
1203 3089 1327 3130 non
1365 3073 1824 3146 repudiantibus
1860 3072 2257 3128 cecumenica-

600 3180 737 3220 rum
763 3163 1138 3236 synodorum
1169 3168 1362 3232 actus,
1408 3167 1660 3236 quartae,
1693 3162 1965 3236 inquam,
1993 3167 2050 3218 et
2079 3166 2258 3218 sextae

2380 3185 2456 3225 mg
2509 3164 2730 3236 Ῥώμης,
2797 3169 2887 3216 καὶ
2943 3173 3042 3215 τῶν
3097 3163 3308 3217 λοιπῶν*
3369 3164 3445 3216 ἔτι
3500 3160 3559 3215 δε
3615 3166 3704 3214 καὶ
3751 3163 3820 3214 τά
3890 3171 4003 3215 τῶν

2402 3253 2412 3265 ς
2675 3262 2695 3268 _
2910 3249 2964 3268 ,ει
3343 3254 3354 3268 .
3499 3261 3519 3268 _
3717 3252 3727 3266 .
3993 3254 4002 3264 .

602 3255 926 3311 anathema
955 3252 1047 3310 sit.

771 3431 872 3487 His
902 3430 1209 3498 omnibus,
1243 3436 1538 3503 tanquam
1568 3429 1777 3487 domui
1818 3446 2000 3504 super
2027 3435 2260 3503 petram

603 3518 888 3586 fundatae,
917 3518 1390 3593 pulcherrimum
1411 3524 1636 3575 tectum
1667 3520 1934 3589 accessit,
1957 3535 2145 3592 quam
2163 3535 2264 3590 pe-

607 3612 763 3664 tram
803 3625 936 3664 esse
971 3608 1271 3664 Christum
1314 3623 1575 3677 magnus
1624 3607 1842 3663 Paulus
1883 3607 2177 3674 docuit“;
2209 3611 2268 3663 et

608 3701 904 3768 tanquam
935 3695 1086 3752 fonti
1105 3695 1526 3750 orthodoxiam
1553 3712 1779 3768 aquam
1804 3696 2078 3752 fundenti
2113 3696 2268 3767 sigil-

610 3785 734 3841 lum
771 3801 1008 3841 sacrum
1033 3789 1090 3840 et
1120 3784 1471 3854 genuinum;
1495 3784 1755 3857 denique
1777 3789 2069 3858 tanquam
2095 3786 2268 3841 horto

611 3874 850 3946 lignum
879 3876 1016 3930 vitae
1041 3874 1287 3930 habenti
1307 3878 1481 3945 porta
1507 3875 1994 3947 inexpugnabilis
2022 3876 2274 3932 accessit

613 3964 1017 4038 potentissimi
1043 3965 1354 4037 sanctique
1383 3965 1574 4020 nostri
1602 3966 1758 4035 regis
1789 3965 2070 4037 edictum,
2105 3964 2274 4038 quod

615 4055 698 4111 ita
724 4070 786 4109 se
822 4054 1024 4110 habet.

691 4147 742 4198 6.
783 4143 1012 4198 Manuel
1041 4143 1102 4199 in
1134 4143 1362 4201 Christo
1380 4147 1498 4202 Deo
1522 4143 1716 4201 ﬁdelis
1744 4159 1848 4201 rex
1868 4143 2274 4217 Porphyroge-

617 4231 799 4302 nitus,
829 4236 939 4288 etc.

2365 567 2586 646 ἀνδρῶν’
2649 572 2716 623 ὧν
2768 572 2818 624 οἱ
2872 574 2962 644 μὲν
3008 572 3246 648 τολμηρὰ
3292 580 3409 648 περὶ
3457 583 3549 629 τοῦ
3605 580 3861 629 τοιούτου
3923 575 4032 628 δό·

2363 680 2564 732 γματος
2629 658 3006 733 ἀπεφθέγξαντο
3039 703 3054 730 ,
3121 664 3243 715 ὅσον
3307 667 3442 717 κατά
3507 668 3566 718 τὸ
3631 675 3728 718 τῶν
3791 665 4032 728 λέξεων

2364 755 2667 825 πρόχειρονο
2709 750 2758 802 οἱ
2820 747 2878 803 δὲ
2923 756 3014 804 καὶ
3061 751 3297 825 ἐνέφηναν
3333 761 3508 812 τοῦτο.
3546 760 3645 808 Καὶ
3674 759 4032 828 κατωτέρω·

2366 846 2704 914 Σκιαγραγείν
2751 844 2921 911 μέντοι
2975 849 3048 912 τῷ
3098 849 3166 912 νῷ
3219 845 3278 894 τὸ
3324 845 3461 896 κατά
3509 847 3740 918 Χριστὸν
3771 843 4032 919 ἀνθρὼ-

2365 947 2532 994 πινον,
2591 932 2680 980 καὶ
2727 931 2860 980 οὕτω
2922 932 3138 1001 μείζονα
3201 949 3286 983 τον
3351 935 3558 1007 Πατέρα
3619 929 4031 985 διανοεῖσθαι·

2365 1021 2574 1070 καὶτὸν
2623 1025 2854 1070 τοιοῦτον
2907 1020 3136 1091 χάρτην,
3195 1022 3398 1073 καθόσα
3447 1017 3656 1080 δηλαδὴ
3694 1025 3856 1097 παρὰ
3916 1025 4032 1073 τὸν

2367 1105 2518 1180 ὀρθὸν
2579 1115 2672 1168 τῆς
2735 1105 2997 1170 εὐσεϐείας
3053 1105 3275 1172 διέξεισι
3324 1108 3497 1182 λόγον,
3551 1117 3640 1164 καὶ
3710 1111 3860 1164 αὐτὰ
3935 1107 4026 1168 δὴ

2367 1204 2536 1248 ταῦτα
2591 1198 2658 1248 τά
2707 1201 2827 1271 περὶ
2877 1205 2977 1248 τῶν
3029 1196 3190 1267 ἀγίων
3251 1203 3490 1272 Πατέρων
3533 1201 3678 1271 ἡμῶν
3717 1198 4032 1272 ἀπόφημα

2368 1285 2599 1359 ῥήματα,
2661 1289 2752 1336 καὶ
2812 1289 2869 1338 τὸ
2929 1289 3372 1361 σκιαγραφεῐσθαι
3426 1291 3484 1340 τὸ
3529 1291 3665 1341 κατά
3704 1291 3794 1341 τὸν
3844 1295 4027 1362 Χρι-

2373 1379 2494 1428 στὸν
2549 1373 2882 1449 ἀνθρωπινον,
2951 1381 3040 1430 καὶ
3101 1377 3233 1429 οὕτω
3309 1381 3527 1450 μείζονα
3587 1381 3674 1430 τὸν
3763 1381 4031 1453 Πατέρα

2369 1468 2557 1518 τούτου
2616 1461 2960 1533 διανοεῖσθαι,
3024 1465 3245 1542 λαμπρῶ
3292 1466 3667 1521 καθυποϐάλλω
3713 1476 3787 1539 τῷ
3853 1466 4024 1521 ἀνα-

2375 1556 2559 1627 θέματι
2606 1555 2739 1626 (45)·
2789 1559 2879 1607 καὶ
2923 1558 3010 1606 τὸν
3048 1563 3217 1608 ταῦτα
3245 1564 3529 1630 φρονοῦντα
3565 1562 3652 1610 καὶ
3681 1558 4027 1631 γράφοντα,

2375 1647 2472 1697 εἴτε
2500 1646 2621 1697 ποτε
2649 1644 2923 1719 γράψοντα
2947 1647 2976 1704 ἣ
3021 1649 3364 1719 φρονήσοντα,
3393 1647 3569 1709 ὁποῖος
3616 1647 3676 1698 ἂν
3731 1651 3827 1699 καὶ
3891 1650 4024 1715 εἰη,

2376 1736 2474 1786 εἶτε
2511 1731 2608 1801 ἐγὼ
2637 1736 2735 1785 εἶτε
2765 1734 2954 1808 ἔτερος.

2447 1819 2513 1876 δ’.
2545 1829 2628 1884 Ὠς
2674 1819 2761 1876 οὖν
2817 1821 3004 1895 ἀνέγνω
3053 1831 3220 1876 ταῦτα
3265 1827 3354 1876 καὶ
3393 1823 3473 1877 ἐπ’
3522 1823 3638 1896 ὄψει
3684 1831 3743 1882 τῆ
3759 1844 3780 1886 ς
3834 1825 4031 1896 ἡμῶν

2373 1915 2710 1986 μετριότητος
2756 1917 2846 1964 καὶ
2898 1919 2988 1973 τῆς
3044 1909 3494 1988 συνεδριαζούσης
3551 1915 3688 1986 ἱερᾶς
3752 1909 4027 1985 ἃδε).φό-

2372 2021 2530 2063 τητος
2581 2000 2629 2054 ἐν
2676 2010 2748 2073 τῷ
2798 2004 3016 2074 τοιούτῳ
3073 2001 3348 2078 εἰληταρίῳ
3399 2002 3712 2078 ὑπέγραψεν,
3772 2005 4022 2076 ὡρίσθη

2373 2095 2466 2150 τὴν
2523 2097 2748 2166 σήμερον
2801 2091 2954 2144 αὐτὸν
3009 2095 3100 2164 μὲν
3163 2090 3456 2155 ἀκολούθως
3515 2097 3828 2168 προκόπτειν
3905 2097 4021 2145 καὶ

2375 2177 2672 2254 προοδεύειν
2722 2179 2806 2233 ἐπὶ
2858 2183 2923 2233 τά
2977 2183 3266 2255 ἔμπροσθεν
3313 2183 3487 2256 ὥσπερ
3553 2186 3642 2234 καὶ
3695 2184 3815 2242 τοῦς
3884 2179 4021 2232 λοι-

2374 2273 2504 2331 πούς
2529 2273 2644 2331 τοὺς
2686 2268 2734 2322 ἐν
2776 2277 2881 2331 τοῖς
2938 2269 3127 2345 ἑτέροις
3175 2269 3488 2347 εἰληταρίοις
3544 2268 4010 2342 ὑπογράψανταςο

2374 2363 2464 2411 καὶ
2521 2367 2583 2431 τῇ
2651 2361 2794 2432 ἡμῶν
2859 2361 3211 2432 συνέρχεσθαι
3255 2364 3345 2412 καὶ
3415 2359 3825 2434 συλλειτουργεῖν
3904 2378 4015 2432 με-

2371 2451 2628 2522 τριότητι,
2672 2452 2769 2501 παὶ
2820 2457 2882 2522 τῇ
2945 2451 3058 2523 ἱερᾴ
3104 2453 3194 2502 καὶ
3249 2451 3362 2521 θείᾳ
3410 2445 3635 2520 συνόδῳο
3674 2449 4009 2522 προστεθῆ-

2369 2557 2453 2590 ναι
2520 2535 2579 2590 δὲ
2636 2543 2726 2590 καὶ
2777 2543 2882 2599 τοῖς
2947 2540 3172 2610 ἔναγχος
3235 2536 3481 2590 ἐντεθείσι
3544 2536 3840 2610 κεφαλαίοις
3920 2545 4009 2607 τῷ

2370 2630 2506 2680 κατὰ
2560 2632 2647 2686 τὴν
2713 2628 2893 2703 ἑορτὴν
2979 2636 3072 2690 τῆς
3158 2623 3463 2691 ὀρθοδοξίας
3535 2626 4006 2700 ἀναγνωσκομένῳ

2374 2712 2636 2788 συνοδικῷ
2699 2721 2786 2768 καὶ
2840 2724 3029 2776 ταῦτα.
3087 2748 3156 2757 —
3198 2723 3319 2778 Τοῖς
3385 2714 3821 2788 ἀποϐαλλομένοις
3893 2719 4010 2777 τὰς

2368 2816 2466 2860 τῶν
2515 2807 2676 2880 ἁγίων
2729 2811 2969 2880 Πατέρων
3027 2809 3215 2879 φωνὰς,
3270 2811 3364 2868 τὴς
3423 2805 3509 2858 ἐπὶ
3561 2806 3819 2858 συστάσει
3887 2814 4006 2856 τῶν

2367 2896 2531 2969 ὀρθῶν
2589 2904 2683 2958 τῆς
2735 2904 2827 2948 τοῦ
2873 2903 3006 2949 Θεοῦ
3065 2894 3360 2958 Εκκλησίας
3415 2890 3690 2967 δογμάτων
3748 2892 4007 2966 ἐκφωνη-

2370 2987 2567 3053 θείσας,
2633 2985 2970 3053 Ἀθανασίὸυ,
3041 2984 3315 3060 Κυρίλλου,
3373 2982 3712 3058 Ἀμϐροσίου,
3782 2981 4006 3055 ’Δμφί-

2364 3073 2573 3146 λοχίου,
2626 3082 2720 3127 τοῦ
2769 3076 3019 3150 θεηγόρου
3077 3077 3296 3136 Λένοτος
3337 3075 3526 3126 πάππα
3570 3081 3665 3135 τῆς
3693 3071 4006 3148 πρεσϐυτέ-

2365 3253 2730 3326 οἰκουμενικῶν
2800 3249 3034 3306 συνόδων
3102 3254 3385 3327 πρακτικὰ,
3457 3261 3548 3312 τῆς
3611 3252 3867 3326 τετάρτης
3941 3254 4002 3303 τέ

2368 3363 2502 3417 φημι
2539 3347 2628 3394 καὶ
2679 3349 2773 3404 τῆς
2832 3345 2985 3404 ἕκτης
3043 3345 3114 3415 μὴ
3151 3341 3660 3413 κατασπαζομένοις,
3719 3338 3997 3412 ἀνάθεμα.

2439 3451 2478 3487 ε.
2547 3434 2752 3484 Τούτων
2817 3430 3078 3498 ἁπάντων,
3133 3433 3200 3492 ὡς
3261 3434 3350 3503 μὶν
3412 3429 3581 3490 οἰκίας
3631 3427 3714 3482 ἐπὶ
3755 3433 3858 3487 τὴν
3902 3435 3983 3481 πει

2367 3541 2490 3596 τραν
2521 3520 2950 3594 τεθεμελιωμένης
2974 3518 3433 3594 περικαλλέστατος
3467 3521 3665 3594 ὄροφος,
3695 3519 3757 3577 ἣν
3783 3522 4000 3592 πέτραν

2373 3608 2504 3664 εἶναι
2556 3630 2642 3663 τον
2689 3615 2920 3684 Χριστόν
2966 3611 2992 3661 ό
3043 3614 3203 3682 μέγας
3262 3609 3460 3670 Παῦλος
3506 3605 3764 3672 ἐδίδαξεν
3806 3611 3887 3670 ὡς
3933 3605 3998 3660 δὲ

2373 3708 2546 3772 πηγῆς
2584 3704 2642 3752 τὸ
2672 3709 2763 3760 τῆς
2811 3698 3069 3761 εὐσεϐείας
3119 3696 3262 3772 ὕδωρ
3309 3695 3691 3761 ἀναδιδούσης,
3751 3704 3998 3770 σφραγίς

2380 3791 2490 3862 ἱερά
2527 3794 2617 3842 καὶ
2665 3788 2954 3850 ἀνόθευτος·
2998 3791 3067 3850 ὡς
3107 3784 3165 3840 δὲ
3212 3793 3382 3846 κήπου
3421 3791 3476 3840 τὸ
3516 3797 3613 3849 τῆς
3649 3791 3785 3850 ζωῆς
3830 3786 3997 3850 ξύλον

2379 3880 2596 3950 ἔχοντος
2672 3877 2808 3935 πύλη
2888 3876 3324 3948 ἀκαταμάχητος,
3400 3879 3457 3928 τὸ
3529 3883 3620 3928 τοῦ
3694 3894 3997 3949 κρατίστου

2379 3969 2524 4039 ἡμῶν
2549 3971 2639 4018 καὶ
2679 3966 2831 4037 ἁγίου
2873 3964 3130 4038 βασιλέως
3179 3969 3382 4036 γέγονεν
3433 3961 3660 4034 ῖδικτον,
3707 3963 3877 4026 οὕτως
3912 3963 4000 4017 ἐπ’

2381 4056 2548 4108 αὐτῶν
2585 4052 2938 4126 διαξαμϐάνον
2967 4063 3065 4106 τῶν
3090 4054 3288 4117 λέξεων.

2455 4131 2519 4205 '7'.
2553 4143 2799 4202 Μανουήλ
2825 4142 2872 4195 ἓν
2903 4151 3121 4216 Χριστῷ
3147 4152 3219 4215 τῷ
3259 4151 3372 4215 Θεῷ
3402 4146 3588 4204 πιστὸς
3631 4141 3891 4215 βασιλεὺς
3940 4161 3999 4199 κ.

2381 4253 2429 4288 τ.
2460 4233 2508 4290 λ.

698 4356 1020 4427 (Manuelis
1051 4358 1307 4412 edictum
1321 4360 1455 4427 jam
1484 4359 1777 4415 edidimus
1806 4359 1870 4414 in
1903 4364 2057 4414 tomo
2075 4363 2276 4430 nostro
2310 4357 2652 4425 CXXXIII,
2668 4373 2801 4415 cum
2831 4358 2972 4415 aliis
3006 4358 3266 4430 ejusdem
3295 4357 3676 4428 imperatoris
3703 4357 3925 4415 consti-

1903 4428 2231 4486 tutionibus
2247 4431 2700 4493 ecclesiasticis).

698 4551 835 4606 Erat
860 4554 1060 4606 autem
1091 4551 1207 4608 hoc
1232 4551 1747 4623 religiosissimum
1776 4554 2036 4610 edictum
2079 4553 2275 4612 subsi-

2451 4554 2545 4608 Ἢν
2577 4552 2636 4609 δὲ
2676 4558 2733 4609 τὸ
2771 4563 3000 4608 τοιοῦτον
3053 4555 3420 4609 εὐσεϐέστατον
3465 4548 3670 4608 ῖδικτον
3721 4554 3994 4613 ὑποσεση-

627 4644 878 4710 gnatum
908 4640 1105 4696 rubris
1133 4641 1341 4698 litteris
1372 4659 1559 4699 manu
1597 4644 1839 4716 propria
1875 4644 2264 4716 potentissimi

2382 4651 2642 4720 μασμένον
2698 4653 2758 4718 τῇ
2814 4646 3107 4720 αὖτοχείρω
3153 4644 3521 4721 ἐρυθρογράφῳ
3570 4645 3844 4719 ὑπογραφῇ
3897 4649 3992 4697 τοῦ

628 4737 685 4787 et
712 4730 902 4786 sancti
944 4731 1129 4786 nostri
1172 4731 1571 4804 imperatoris,
1616 4749 1824 4789 mense
1870 4734 2076 4806 Aprili,
2127 4735 2279 4793 indi-

627 4820 824 4878 ctione
855 4822 1003 4888 XlV;
1039 4821 1353 4894 sigilloque
1383 4838 1567 4879 aureo
1595 4824 1918 4880 munitum.

1175 5021 1380 5078 ACTIO
1424 5022 1735 5081 SEPTIMA.

704 5126 759 5182 1.
800 5125 942 5184 Post
967 5127 1082 5184 hoc
1110 5126 1331 5185 lectum
1360 5130 1700 5187 venerabile
1731 5131 1992 5190 edictum
2022 5132 2274 5206 regium,

630 5215 854 5286 prodiit
879 5217 1240 5289 synodicum
1270 5219 1576 5276 decretum
1605 5219 1804 5277 verbis
1834 5221 1928 5277 his
1955 5239 1969 5279 :

705 5505 748 5541 ³⁷
793 5506 814 5561 I
855 5511 986 5579 Cor,
1014 5523 1067 5577 Χ,
1090 5509 1144 5565 4.

706 5706 818 5781 (45)
859 5706 1139 5766 Videlicet
1164 5706 1243 5768 ob
1272 5709 1504 5768 metum
1533 5708 1865 5770 Nestoriani
1889 5703 2124 5769 erroris.

2382 4743 2662 4813 κρατίστου
2712 4741 2798 4789 καὶ
2854 4737 3006 4810 ἁγίου
3054 4738 3198 4810 ἡμῶν
3238 4735 3618 4811 αύτοκράτορος
3664 4738 3799 4788 κατά
3847 4745 3994 4809 μῆνα

2385 4825 2684 4900 ’Λπριλλίου
2719 4823 3021 4880 ἰνδικτιώνα
3049 4823 3144 4897 ιδ’,
3192 4830 3282 4880 καὶ
3329 4833 3510 4900 χρυσῆ
3561 4821 3836 4899 σφραγῖδα
3875 4825 3990 4879 ἐπι-

2387 4921 2678 4992 φερόμενον,

3019 5030 3254 5082 ΠΡΑΞΙΣ
3279 5024 3349 5082 Ζ’.

2456 5134 2520 5190 α’.
2582 5122 2699 5188 ’Τοῦ
2743 5131 2803 5188 δε
2839 5137 3075 5188 τοιούτου
3116 5134 3400 5209 βασιλικοῦ
3445 5136 3535 5186 καὶ
3595 5133 3731 5185 θείου
3781 5128 3993 5185 ἰδίκτον

2385 5223 2818 5295 ἀναγνωσθέντος,
2844 5229 3122 5299 σημείωμα
3144 5222 3336 5298 προέϐη
3371 5217 3671 5288 συνοδικόν,
3699 5216 3832 5274 τάδε
3855 5220 3993 5273 κατά

2385 5314 2534 5391 ῥῆμα
2559 5309 2805 5377 διεῦξιόν·
