4046 6310
81 289 176 344 2‘73

101 418 258 489 ξΜηνὶ
287 413 583 490 Ἀπριλλίῳ
604 412 678 488 δ’,
708 416 880 492 ἠμίρα
917 412 1138 491 δευτέρα
1178 409 1504 477 ίνδικτιῶνος
1531 411 1621 472 ιδ’.

137 593 556 670 Προϐαθημένου
613 601 709 648 τοῦ
777 599 956 648 Λουκᾶ
1018 600 1112 647 τοῦ
1174 591 1468 666 ἁγιωτάτου
1535 594 1681 666 ἡμῶν

76 683 328 738 εεσπότοῦ
365 690 464 737 καὶ
497 684 866 758 οἰκουμενικοῦ
925 685 1264 760 πατριάρχου
1315 681 1364 734 ίν
1416 689 1523 743 τοῖς
1591 679 1680 736 δε-

76 777 194 837 ξιοῖς
238 773 546 838 ἆλεξιακοῖς
586 777 1056 847 κατηχουμενείοις
1081 793 1094 807 ·
1126 769 1572 847 συνεδριαζόντων
1612 779 1676 845 τῇ

75 865 256 938 μεγάλῃ
322 864 603 937 ἁγιωσύνῇ
664 865 825 916 αὐτοῦ
890 865 1174 938 ίερωτάτων
1238 861 1544 935 ἀρχιερέων,
1587 867 1680 914 τοῦ

75 957 325 1022 Κυζίκου,
379 961 480 1007 τοῦ
528 950 912 1027 Νικομηδείας,
943 959 1038 1005 τοῦ
1095 956 1345 1018 Νικαίας,
1385 958 1478 1004 τοῦ
1518 951 1678 1004 Μελι-

72 1054 237 1108 πνῆς,
291 1050 392 1096 τοῦ
454 1049 722 1118 Γαγγρῶν,
776 1049 868 1096 τοῦ
922 1045 1356 1117 Νεοκαισαρείας,
1415 1046 1508 1093 τοῦ
1562 1042 1679 1094 Μύ-

70 1154 179 1204 ξων,
219 1140 320 1187 τοῦ
383 1138 609 1207 Καρίας,
673 1138 766 1185 τοῦ
823 1131 1062 1197 Ἰκονίου,
1115 1138 1206 1183 τοῦ
1271 1131 1545 1201 Κορίνθου,
1585 1136 1677 1182 τοῦ

69 1230 359 1287 Μειδίας-οῦ,
411 1230 510 1275 τοῦ
550 1222 799 1294 Ἀθηνῶν,
855 1228 946 1274 τοῦ
986 1220 1270 1291 Φιλίππων,
1332 1227 1424 1272 τοῦ
1463 1215 1678 1292 Ἀδρια-

70 1312 374 1376 νονπόλιως,
397 1319 497 1364 τοῦ
523 1314 778 1385 Σμύρνης,
808 1317 900 1362 τοῦ
929 1310 1226 1382 Εὐχαίτων,
1261 1316 1352 1362 τοῦ
1385 1308 1676 1382 Ἀμάστρι-

71 1400 168 1467 30;,
199 1409 299 1454 τοῦ
344 1400 563 1466 Θηϐῶν,
594 1407 683 1452 τοῦ
730 1402 909 1466 Αἴνου,
938 1407 1031 1452 τοῦ
1073 1401 1365 1473 Κερκύρων,
1396 1405 1488 1450 τοῦ
1514 1396 1677 1451 Ἀϐύ-

71 1488 172 1562 δου,
215 1499 317 1544 τοῦ
362 1490 706 1565 Παροναξίας,
757 1496 850 1542 τού
887 1487 1147 1555 Μιλήτου,
1202 1495 1294 1540 τοῦ
1347 1492 1672 1560 Μαρωνείας,

69 1587 145 1631 τοῦ
175 1576 702 1655 Ἀρκαδιουπόλεως,
743 1585 835 1630 τοῦ
867 1581 1088 1652 Παρίου,
1129 1583 1221 1629 τοῦ
1262 1581 1672 1651 Προικοννὴσου,

69 1677 147 1722 τοῦ
175 1670 484 1744 Σηλυϐρίας
507 1675 599 1721 καὶ
632 1676 723 1722 τοῦ
763 1672 927 1729 Νίκης
951 1688 965 1701 ·
1001 1671 1401 1741 παρισταμένων
1453 1671 1542 1719 καὶ
1568 1667 1674 1720 θεο-

72 1759 380 1830 ριλεστάτων
410 1757 739 1812 δεσποτικῶν
765 1755 1053 1831 ἀρχόντων.

129 1847 194 1919 β.
233 1845 402 1902 Ὀδοὶ
462 1848 618 1916 ζωῆς,
674 1844 938 1919 διανόημα
973 1853 1074 1898 τῶν
1139 1852 1358 1899 συνετῶν
1393 1862 1405 1874 ·

67 1935 254 2012 καρδίᾳ
287 1935 492 2012 ἀνδρὸς
532 1937 702 2009 ἀγαθῇ
763 1944 920 2009 σοφία
958 1931 1092 1989 Θεοῦ
1125 1951 1139 1965 ·
1180 1935 1348 1988 ταῦτά
1390 1941 1521 2008 φησί
1566 1955 1666 1989 που

952 2025 1124 2086 αὐτοῖς
1182 2021 1241 2078 δε
1278 2027 1584 2100 πράγμασιν
1641 2028 1668 2078 ό

1464 1848 1555 1898 καὶ
1623 1845 1670 1898 ἓν

69 2025 108 2078 ἰν
162 2033 493 2102 Παροιμίαις
549 2029 576 2079 ὁ
614 2025 848 2098 Σολομῶν
881 2042 896 2056 ⁸

71 2115 411 2181 indidem”;
443 2119 590 2189 ἡμῶν
637 2116 972 2190 αὐτοκράτωρ
1030 2114 1103 2187 ἐφ’
1157 2115 1322 2187 ἑαυτῷ
1359 2115 1662 2188 τετελεσμέ-

65 2226 119 2257 να
155 2206 424 2270 ὑπέδειξε,
468 2208 560 2267 τὰς
603 2205 675 2268 εἰς
713 2210 807 2264 τὴν
862 2203 1025 2264 ἀληθῆ
1064 2205 1202 2264 ζωὴν
1238 2209 1328 2256 καὶ
1385 2203 1665 2279 ἀνώλεθρον

68 2295 370 2368 ἐπαγούσας
427 2293 582 2357 ὁδοὺς
632 2302 743 2358 τοῖς
789 2295 950 2347 αὐτοῦ
991 2293 1404 2368 θεοκυϐερνήτοις
1445 2290 1665 2352 διανοή-

67 2405 185 2455 μασι
214 2390 315 2438 καὶ
348 2389 603 2458 νόήμασι,
635 2391 726 2437 καὶ
781 2392 889 2446 τοῖς
941 2392 1034 2445 τῆς
1089 2385 1389 2442 θεοκινήτου
1428 2383 1665 2455 γλώττης

68 2475 213 2526 αὐτοῦ
251 2476 467 2550 ῥήμασι
515 2480 676 2526 πᾶσιν
716 2474 1121 2546 ἑτοιμασάμενος
1159 2494 1171 2506 ·
1241 2471 1330 2525 ἅτε
1380 2477 1451 2546 μὴ
1511 2477 1664 2546 μόνον

66 2566 121 2614 τὰ
180 2562 230 2615 ἕν
302 2569 456 2635 μέσῳ
514 2561 688 2614 σκῶλα
760 2570 1038 2637 περιαιρῶν
1090 2566 1180 2614 καὶ
1253 2567 1660 2636 προσκόμματα,

68 2652 178 2704 ἀλλὰ
219 2658 320 2705 καὶ
384 2656 454 2705 τὰ
503 2660 608 2714 τοῖς
663 2651 872 2714 πολλοῖς
929 2653 1194 2726 προσάντη
1250 2657 1338 2703 καὶ
1396 2648 1666 2709 δυσνόητά

68 2739 401 2813 ἐξομαλίζων,
434 2747 525 2794 καὶ
569 2741 717 2793 εὐθέα
754 2749 862 2803 τοῖς
922 2747 1163 2794 συνιοῦσι
1211 2745 1301 2792 καὶ
1358 2742 1664 2814 εὑρίσκουσι

67 2841 267 2900 γνῶσιν,
314 2830 736 2905 ἀπεργαζόμενος
769 2847 782 2859 '
840 2835 931 2882 καὶ
969 2833 1070 2906 γὰρ
1127 2831 1194 2882 τὰ
1231 2831 1366 2882 κατὰ
1402 2833 1496 2888 τὴν
1547 2827 1663 2882 δευ-

66 2926 201 2992 τέραν
280 2928 381 2973 τοῦ
445 2928 728 2996 προσεχῶς
799 2919 1140 2995 παρελθόντος
1204 2924 1440 2994 Μαρτίου
1505 2925 1663 2992 μηνὸς

66 3012 389 3083 πραχθέντα,
452 3014 542 3061 καὶ
589 3015 876 3067 τηνικαῦτα
922 3012 1013 3081 μεν
1059 3011 1118 3061 1'6
1163 3011 1320 3081 κύρος
1365 3029 1427 3082 τῃ
1475 3028 1529 3061 τε
1566 3017 1662 3070 τῆς

65 3101 198 3169 ἡμῶν
255 3102 604 3172 μετριότητος
665 3103 756 3151 καὶ
802 3105 919 3161 ταῖς
963 3107 1063 3151 τῶν
1125 3098 1304 3174 ἑτέρων
1363 3098 1662 3171 ἁγιωτάτων

5 3237 11 3268 ξ
63 3197 412 3262 πατριαρχῶν
463 3193 554 3241 καὶ
604 3195 696 3248 τῆς
756 3191 893 3263 ἱερᾶς
960 3184 1185 3241 συνόδου
1237 3193 1465 3261 γνώμαις
1513 3185 1658 3251 δεξά-

63 3298 195 3347 μενα,
227 3280 376 3330 κατὰ
403 3274 464 3330 δὲ
517 3282 611 3335 τὴν
661 3279 812 3335 ἕκτην
865 3285 958 3330 τοῦ
997 3277 1158 3330 αὐτοῦ
1205 3281 1389 3350 μηνός,
1446 3283 1536 3330 καὶ
1594 3297 1658 3350 τῃ

63 3366 473 3440 τὶτοκρατορικῃ
515 3366 640 3439 ἁγίᾳ
695 3371 840 3440 χειρὶ
893 3365 1360 3439 ἕρυθρογραφέντα,
1417 3374 1526 3428 τοῖς
1566 3365 1662 3418 ἀνὰ

61 3462 224 3508 πᾶσαν
253 3455 412 3508 πόλιν
455 3461 544 3508 καὶ
571 3461 756 3531 χώραν
800 3460 889 3507 καὶ
918 3463 1076 3514 νῆσον
1119 3460 1209 3508 καὶ
1260 3459 1472 3530 ἤπειρον
1522 3452 1661 3514 δῆλα

60 3547 292 3613 γενέσθαι
347 3541 678 3616 βουλόμενος,
733 3545 815 3596 ἶνα
858 3546 1046 3606 πάντες
1096 3549 1186 3596 καὶ
1228 3547 1365 3597 κατὰ
1406 3549 1500 3602 τὴν
1543 3563 1657 3595 τοι-

61 3637 206 3691 ring?
269 3629 604 3705 δογματικὴν
665 3636 896 3705 κύρωσιν
961 3629 1257 3708 ὀρθοδοξείν
1314 3637 1525 3706 ἔχωσιυ
1567 3637 1652 3684 καὶ

58 3728 112 3792 511':-
189 3732 315 3784 ταῖς
391 3732 487 3785 τῆς
557 3722 755 3785 πλάνης
830 3719 1069 3785 ἀνοδίαις
1146 3727 1652 3796 συμπεριφέρωνται,

63 3814 179 3866 θιὲον
235 3832 602 3887 προσκυνητον
661 3812 854 3877 ἐξέθετο
930 3811 1154 3881 ἶδικτον,
1213 3819 1302 3865 καὶ
1375 3817 1506 3888 πρὸς
1560 3817 1654 3870 τὴν

60 3905 192 3974 ἡμῶν
221 3906 564 3977 μετριότητα,
606 3907 694 3954 καί
721 3906 815 3959 τὴν
858 3905 994 3976 ἱερὰν
1027 3907 1116 3954 καὶ
1146 3905 1282 3954 θείαν
1334 3900 1657 3965 ἐξαπέστειλε

63 3989 272 4045 σύνοδον
297 4013 312 4026 ο
345 3992 370 4044 ὃ
395 3995 488 4044 καὶ
517 3991 827 4064 ἀπεγνώσθη
862 3991 946 4045 ἐπὶ
968 3999 1165 4058 κοινοῦ,
1212 3995 1334 4064 ἔχον
1365 3991 1448 4045 ἐπὶ
1478 3991 1655 4055 λέξεων

65 4101 187 4135 ουτω
211 4103 225 4117 ⁹

119 4172 188 4244 γ’.
231 4170 482 4229 Mavortii).
538 4170 586 4224 ἐν
629 4179 845 4246 Χριστῷ
883 4179 957 4244 τῷ
1006 4177 1112 4244 Θεῷ
1159 4176 1348 4236 πιστὸς
1390 4171 1662 4247 βασιλεὺς,

69 4265 568 4337 Πορφυρογίννητος,
643 4261 906 4334 Ῥωμαίων
999 4262 1356 4336 αὐτοκράτωρ,
1456 4260 1665 4315 εὐσεϐί-

71 4371 271 4419 στατος,
317 4349 673 4418 ἆεισέϐαστος,
729 4355 1053 4425 Αὔγουστος,
1084 4352 1398 4428 Ἰσαυρικὸς,
1458 4351 1664 4405 Κιλικι-

1414 285 1762 345 THESAUBI
1801 287 1928 345 LIB.
1969 289 2124 346 XXV.

1713 419 1761 473 Α
1789 413 2010 471 Mensis
2060 415 2294 487 Aprilis
2344 415 2441 475 die
2495 423 2738 490 quarta,
2793 419 3139 479 indictionis
3217 423 3458 483 decimae

3357 306 3464 360 274

2284 496 2518 561 quartw
2546 491 2642 547 die
2677 493 2962 550 secunda.

1862 594 2217 652 Praesidente
2274 599 2433 654 Luca
2463 599 2843 656 sanctissimo
2874 604 3078 658 nostro
3112 603 3361 662 domino
3393 610 3454 664 et

1791 684 2168 741 (Bcumenico
2218 686 2559 757 patriarcha
2589 688 2650 743 in
2678 688 2922 746 dextero
2972 689 3247 749 alexiano
3295 700 3450 751 cate-

1790 772 2127 830 chumeneo
2147 794 2161 842 ;
2185 775 2590 832 assidentibus
2616 793 2853 847 magna;
2876 780 3174 838 sanctitati
3197 783 3326 853 ejus
3355 801 3446 840 sa-

1790 861 2136 919 cratissimis
2157 864 2480 938 episcopis,
2516 867 2826 938 Cyziceno,
2860 868 3317 936 Nicomediensi,
3353 873 3446 928 Ni-

1790 966 1980 1018 caano,
2066 952 2452 1023 Melitenensi,
2527 958 2874 1028 Gangrensi,
2955 961 3440 1029 Neocaesariensi,

1789 1041 2069 1113 Myrensi,
2125 1043 2312 1113 Cario,
2377 1044 2692 1109 lconiensi,
2743 1047 3062 1115 Corinthio,
3122 1051 3436 1123 Mocesino,

1786 1131 2152 1199 Atheniensi,
2176 1133 2570 1206 Philippensi,
2605 1135 3198 1210 Hadrianopolitano,
3243 1141 3443 1213 Smyr-

1786 1222 1983 1286 nensi,
2041 1225 2449 1296 Neopatrensi,
2517 1225 2911 1292 Euchaitensi,
2979 1229 3435 1303 Amastridensi,

1785 1311 2090 1379 Thebano,
2139 1313 2404 1379 JEnensi,
2462 1315 2831 1386 Corcyrensi,
2884 1316 3198 1389 Abydeno.
3257 1322 3436 1376 Paro-

1784 1401 1986 1463 naxio,
2009 1401 2246 1470 Milesio,
2277 1403 2627 1469 Maronensi,
2662 1403 3209 1478 Arcadiopolitano,
3242 1409 3433 1480 Pario,

1785 1493 2222 1562 Prmconnesio,
2285 1493 2672 1564 Salybriensi,
2742 1495 3030 1563 Nicensi;
3092 1499 3431 1556 astantibus

1784 1581 1966 1638 etiam
1997 1582 2098 1637 Dei
2128 1582 2557 1640 amantissimis
2587 1582 2848 1640 dominis
2873 1586 3230 1658 praepositis.

1849 1851 1902 1903 2.
1937 1851 2053 1906 Viae
2081 1850 2238 1920 vitaz,
2279 1852 2558 1921 cogitatio
2588 1852 3021 1925 prudentium;
3058 1860 3111 1910 et
3159 1855 3222 1911 in
3253 1858 3432 1915 corde

1780 1937 1929 1994 bono
1975 1940 2107 2006 viri,
2138 1942 2434 2009 sapientia
2478 1942 2588 1996 Dei
2609 1942 2674 1994 ³⁸.
2712 1945 2831 1996 Hoc
2880 1943 2962 1998 ait
2999 1944 3059 1998 in
3097 1946 3429 2015 proverbiis

1781 2027 2093 2095 Salomon;
2117 2045 2178 2084 re
2201 2034 2404 2084 autem
2420 2045 2578 2099 vera,
2597 2046 2632 2085 a
2655 2031 2771 2086 Deo
2793 2031 3007 2086 doctus
3023 2034 3425 2106 nostcrimpe-

1775 2120 1938 2172 rator
1961 2116 2020 2172 in
2043 2133 2105 2172 se
2125 2118 2452 2190 perfectum
2474 2117 2907 2174 demonstravit
2926 2136 2940 2184 ;
2957 2119 3104 2176 dum
3121 2120 3200 2176 ad
3221 2138 3427 2177 veram

1774 2205 2301 2278 immortalemque
2318 2208 2502 2264 vitam
2530 2207 2816 2263 ducentes
2847 2209 3090 2264 semitas
3108 2209 3230 2265 suis
3251 2227 3287 2265 a
3308 2210 3426 2267 Deo

1774 2295 1950 2351 rectis
1974 2297 2335 2366 cogitatibus
2367 2302 2423 2352 et
2443 2297 2731 2363 consiliis,
2776 2297 3020 2370 suisque
3044 2315 3080 2354 a
3104 2301 3220 2354 Deo
3251 2305 3425 2356 motas

1773 2383 1992 2454 lingua:
2009 2386 2203 2441 verbis
2217 2387 2444 2441 cunctis
2455 2386 2803 2442 hominibus
2814 2387 3187 2460 praeparavit:
3202 2389 3426 2461 quippe

1774 2474 1878 2546 qui
1904 2489 2025 2531 non
2057 2475 2253 2531 solum
2283 2475 2718 2548 impedimenta
2748 2475 2822 2530 de
2873 2476 3072 2532 medio
3103 2478 3340 2534 sustulit
3371 2482 3428 2533 et

1773 2563 2154 2631 offendicula,
2186 2581 2396 2620 verum
2451 2565 2632 2620 etiam
2688 2580 2758 2620 ea
2812 2581 2947 2636 quae
2996 2566 3197 2621 multis
3236 2567 3427 2624 ardua

1773 2660 1945 2710 erant
1965 2660 2144 2726 atque
2168 2671 2384 2726 aspera
2399 2660 2454 2710 et
2470 2655 2767 2710 intellectu
2784 2655 3048 2711 difficilia
3064 2655 3422 2728 explanavit,

1772 2743 2091 2816 faciliaque
2139 2744 2398 2799 reddidit
2423 2745 2494 2799 iis
2523 2745 2628 2816 qui
2666 2745 2979 2800 inveniunt
3024 2747 3424 2818 comprehen-

1772 2832 2044 2905 duntque
2071 2833 2482 2888 eruditionem.
2501 2835 2728 2888 btenim
2751 2849 2841 2899 ea,
2871 2849 3006 2904 quae
3035 2834 3128 2888 die
3159 2833 3428 2889 secunda.

1772 2923 2043 2993 proxime
2068 2922 2346 2995 praeteriti
2369 2921 2554 2978 Martii
2584 2921 2809 2976 mensis
2840 2926 3083 2992 peracta
3103 2921 3406 2991 fuerant,e

1775 3015 1915 3068 tunc
1964 3010 2481 3067 conﬁrmationem
2509 3026 2546 3066 a
2575 3015 2781 3065 nostra
2806 3011 3212 3065 mediocritate
3243 3015 3422 3081 atque

1697 3121 1736 3176 (ς
1771 3116 1807 3156 a
1823 3105 2172 3155 caaterorum
2192 3099 2703 3155 sanctissimorum
2718 3099 3194 3170 patriarcharum
3212 3113 3422 3153 sacrae-

1769 3205 1888 3263 que
1905 3189 2121 3261 synodi
2148 3189 2444 3258 suffragiis
2476 3193 2862 3260 acceperant;
2882 3194 3100 3243 sancire
3119 3203 3254 3243 vero
3271 3188 3319 3256 ej
3333 3203 3423 3242 us-

1769 3279 1906 3335 dem
1936 3277 2159 3334 mensis
2181 3277 2276 3333 die
2314 3277 2710 3350 imperatorias
2738 3281 2958 3333 sanctae
2979 3292 3198 3332 manus
3226 3276 3422 3331 rubris

1767 3368 1974 3424 litteris
2003 3367 2342 3440 subscripta
2368 3367 2605 3423 fuerant
2629 3386 2640 3433 ;
2669 3383 2809 3422 cum
2833 3366 3117 3422 omnibus
3148 3366 3418 3433 urbibus,

1767 3459 2139 3529 regionibus,
2172 3457 2404 3526 insulis,
2439 3457 2784 3524 continenti,
2837 3457 3039 3528 palam
3069 3456 3196 3514 ﬁeri
3227 3455 3421 3527 vellet,

1769 3554 1834 3605 ut
1883 3549 2112 3604 cunctis
2139 3547 2415 3604 homines
2445 3548 2778 3603 secundum
2822 3548 2978 3603 hanc
3013 3546 3423 3616 dogmaticam

1765 3638 2176 3694 deﬁnitionem
2207 3642 2368 3692 recta
2386 3636 2505 3692 ﬁde
2535 3643 2858 3699 uterentur,
2893 3652 3087 3708 neque
3115 3637 3171 3690 in
3195 3652 3424 3692 errores

1763 3727 2088 3799 impervios
2141 3727 2530 3793 deferrentur,
2573 3727 2845 3782 divinum
2889 3725 3424 3797 venerandumque

1765 3817 2078 3890 proposuit
2106 3815 2388 3882 edictum,
2423 3821 2604 3887 atque
2641 3817 2717 3870 ad
2750 3820 3015 3870 nostram
3045 3815 3423 3868 mediocrita-

1765 3912 1882 3964 tem
1925 3921 2280 3977 sacramque
2311 3911 2366 3960 et
2394 3905 2660 3959 divmam
2691 3905 2844 3959 misit
2871 3903 3215 3975 synodum;
3259 3903 3424 3974 quod

1767 4002 1824 4053 et
1843 4012 2046 4052 coram
2068 3993 2351 4051 omnibus
2380 3993 2600 4048 lectum
2633 3993 2759 4063 fuit,
2791 3997 2969 4065 atque
2999 3992 3082 4047 ita
3113 4007 3173 4046 se
3209 3988 3426 4046 habet:

1839 4174 1895 4232 3.
1929 4171 2160 4228 Manuel
2186 4172 2246 4228 in
2277 4170 2509 4228 Christo
2542 4173 2660 4226 Deo
2702 4169 2894 4226 fidelis
2950 4185 3052 4225 rex
3086 4169 3424 4242 Porpher-

1775 4264 2034 4335 genitus,
2050 4265 2458 4318 Romanorum
2479 4259 3162 4332 imperator,piissimus,
3188 4274 3425 4330 semper

1775 4354 2070 4418 sebastus,
2102 4355 2427 4422 Augustus,
2451 4349 2767 4418 Isauricus,
2796 4347 3088 4417 Cilicicus,
3117 4348 3424 4403 Armenia-

68 4446 160 4509 κὸς,
226 4441 550 4516 ’Δρμενικός,
627 4439 972 4514 Δαλματικός,
1052 4441 1369 4516 Οὐγγρικός,
1457 4442 1666 4494 Βοσθνι·

1782 4459 1904 4510 cus,
1940 4441 2322 4509 Dalmaticus,
2357 4440 2706 4509 Ungaricus,
2745 4437 3122 4504 Bosthnicus,
3166 4438 3424 4492 Chrova-

70 4535 164 4600 κὸς,
233 4529 589 4606 Χροϐατικὸς,
639 4530 896 4597 Λαζικός,
944 4527 1228 4594 Ἰϐηδικός,
1290 4530 1664 4603 Βουλγαρικὸς,

71 4619 325 4692 Σιρεικός,
403 4621 676 4690 Ζεκχικός,
755 4621 1078 4694 Χαζαρικός,
1155 4621 1421 4689 Γοτθικὸς,
1481 4621 1666 4673 θεοκυ-

72 4708 322 4784 είρνητος,
383 4707 698 4782 κληρονόμος
763 4716 856 4762 τοῦ
931 4713 1220 4782 στέμματος
1276 4717 1368 4762 τοῦ
1443 4708 1667 4782 μεγάλου

76 4802 484 4859 Κώνσταντίνου,
533 4802 619 4849 καὶ
651 4797 806 4871 ψυχῇ
842 4802 1114 4872 νεμόμενος
1154 4800 1326 4851 πάντα
1379 4800 1445 4850 τὰ
1481 4799 1668 4850 τούτου

77 4885 290 4941 δίκαιαο
373 4890 443 4949 ὡς
516 4907 666 4940 τινων
741 4886 1220 4948 ἁποστατησάντων
1295 4896 1387 4942 τοῦ
1452 4889 1670 4962 κράτους

77 4979 228 5050 ἡμῶν,
269 4985 383 5038 τοῖς
436 4985 528 5031 τοῦ
585 4978 934 5052 φιλοχρίστου
974 4981 1118 5052 ἡμῶν
1167 4982 1358 5040 παντὸς
1398 4978 1524 5032 λαοῦ
1580 4985 1670 5038 τῆς

79 5068 420 5139 θεσφυλάχτου
486 5069 632 5140 ἡμῶν
707 5066 992 5142 βασιλίδος
1047 5069 1262 5137 πόλεως,
1321 5072 1392 5122 ἔτι
1458 5065 1517 5121 δι
1581 5072 1671 5120 καὶ

79 5163 198 5212 πᾶσι
222 5165 336 5220 τοῖς
383 5165 486 5211 τῶν
528 5159 631 5211 ὑπὸ
675 5163 768 5217 τὴν
795 5167 886 5221 τῆς
925 5161 1176 5236 ἡμετέρας
1218 5158 1492 5234 βασιλείας
1523 5157 1670 5222 ἕξου-

83 5265 188 5300 σιαν
235 5256 430 5323 χωρῶν
469 5247 824 5323 ἠπειρωτικῶν
870 5268 926 5304 τε
975 5255 1066 5303 καὶ
1120 5249 1398 5304 θαλαττίων
1429 5249 1674 5323 οἰκήτορο

85 5355 176 5394 οιν.

146 5423 210 5485 δ’.
248 5427 312 5482 Εἰ
361 5430 653 5502 μακαρίζει
709 5433 902 5504 Πέτρον
951 5433 1187 5504 Χριστὸς
1229 5434 1317 5486 τὸν
1355 5429 1404 5486 ἕν
1449 5429 1678 5486 ἀποστό-

150 5623 194 5659 “
223 5624 396 5684 Prov.
420 5635 501 5695 τι,
529 5624 638 5692 23;
661 5622 898 5693 xxv,.33.

1776 4535 1948 4597 ticus,
1983 4532 2221 4602 lazicus,
2251 4530 2530 4600 Ibericus,
2567 4529 2931 4598 Bulgaricus,
2962 4528 3254 4595 Servicus,
3295 4529 3427 4581 Zec-

1777 4623 1998 4689 chicus,
2033 4620 2411 4688 Chazaricus,
2445 4617 2744 4683 Gothicus,
2783 4633 2820 4673 a
2853 4620 2969 4672 Deo
3001 4615 3280 4683 directus,
3307 4615 3428 4671 hae-

1776 4728 1871 4770 res
1892 4727 2129 4767 coronae
2159 4710 2364 4779 magni
2382 4707 2766 4773 Constantini,
2784 4705 2987 4762 animo
3015 4710 3256 4774 gestans
3285 4719 3427 4760 cun-

1779 4805 1871 4859 cta
1899 4801 2080 4872 hujus
2096 4801 2253 4871 jura,
2271 4813 2627 4871 quanquam
2647 4795 2920 4852 nonnulli
2953 4811 2988 4851 a
3008 4799 3212 4850 nostro
3243 4794 3428 4864 impe-

1777 4891 1866 4947 rio
1882 4889 2252 4956 defecerunt;
2273 4887 2549 4942 universo
2570 4891 2777 4942 nostro
2799 4884 3188 4958 philochristo
3202 4880 3426 4953 populo

1780 4979 1957 5050 regiae
2004 4982 2222 5034 nostrae
2258 4991 2295 5032 ο.
2343 4978 2460 5032 Deo
2492 4973 2804 5031 custoditze
2853 4973 3040 5036 urbis,
3073 4969 3427 5040 cunctisque

1779 5068 2030 5142 imperio
2047 5070 2251 5122 nostro
2279 5063 2566 5134 subjectis
2583 5063 2944 5122 terrestrium
2965 5058 3430 5118 maritimarum-

1781 5174 1900 5233 que
1919 5156 2237 5228 regionum
2265 5153 2496 5210 incolis.

1858 5428 1912 5483 4.
1953 5426 2009 5483 Si
2033 5425 2279 5484 beatum
2305 5421 2593 5496 praedicat
2616 5423 2851 5478 Petrum
2895 5419 3158 5479 Christus
3194 5419 3434 5493 aposto-
