4046 6310
581 254 687 312 275

1913 253 2189 325 NICETIS
2230 237 2617 323 Caunum

3878 255 4034 321 ατο

579 377 781 449 lorum
820 395 1130 447 summum
1179 381 1436 454 apicem,
1459 382 1783 453 propterea
1821 377 1989 451 quod
2026 392 2234 439 omnes

2348 375 2455 439 λοις
2505 379 2937 451 κορυφαιότατοι
2991 377 3103 443 ἐπεί
3154 377 3439 453 προφθάνει
3465 378 3659 447 πάντας
3709 386 3790 445 τῷ
3853 374 4034 431 διαι-

582 469 885 540 praecessit
912 468 1138 526 fervore
1160 469 1408 535 amoris,
1423 468 1696 540 etipsum
1713 471 1959 525 testatus
1981 466 2091 522 fuit
2109 482 2239 522 esse

584 556 906 627 Christum,
941 558 1043 614 Dei
1070 558 1321 614 viventis
1351 557 1595 624 Filium;
1628 561 1835 631 utpote
1865 570 1902 611 a
1925 557 2044 611 Deo
2070 558 2240 619 Patre

581 647 939 723 mysterium
962 646 1031 702 de
1052 646 1152 702 illo
1182 647 1462 711 edoctus;
1489 645 1786 723 quidnam
1812 644 1977 701 aliud
2004 644 2239 701 beatius

582 732 713 788 erit.
748 719 804 774 -ὲ
839 733 1214 807 Sequebatur
1242 734 1459 792 deinde
1482 719 1833 791 universum
1864 748 2050 806 supra
2076 749 2111 790 a
2136 749 2240 789 no-

578 821 673 878 bis
704 822 993 895 scriptum
1034 823 1318 880 edictum.
1350 827 1658 880 Postremo
1688 824 1819 880 haec
1858 823 2240 881 addebantur

578 909 861 966 verba.—
892 915 1220 985 Postquam
1251 913 1429 986 igitur
1449 912 1653 987 palam
1686 913 2099 981 venerandum
2122 912 2236 969 hoc

579 999 843 1057 edictum
872 1000 1096 1061 lectum
1140 1002 1268 1069 fuit,
1319 1008 1608 1061 consueta
1639 1001 1718 1059 ab
1750 1001 2037 1067 omnibus
2077 1001 2239 1059 facta

577 1093 668 1144 est
698 1090 1072 1160 acclamatio,
1105 1091 1337 1148 invictae
1361 1091 1661 1163 majestati
1696 1091 1827 1162 ejus
1854 1089 2236 1147 stabilitatem

574 1177 761 1233 vitam
819 1179 1415 1259 incolumitatemque
1464 1180 1763 1239 diutinam
1801 1179 2237 1252 comprecanti-

572 1265 692 1322 bus
706 1310 719 1323 .

648 1360 701 1412 5.
741 1344 877 1413 Haec
907 1352 1088 1424 igitur
1120 1355 1205 1412 ita
1230 1357 1398 1426 gesta
1421 1357 1564 1427 sunt
1586 1356 1765 1428 atque
1786 1355 2092 1415 absoluta.
2128 1358 2235 1413 Ve»

572 1450 919 1513 rumtamen
950 1459 1077 1499 non
1102 1444 1358 1501 cessavit
1385 1448 1661 1514 tentator,
1691 1446 2019 1519 quominus
2045 1445 2236 1513 Eccle-

575 1533 679 1588 siae
709 1532 1023 1589 moliretur
1063 1532 1577 1607 perturbationem
1604 1553 1618 1603 ;
1651 1550 1848 1608 neque
1896 1551 1960 1592 se
1987 1535 2231 1603 victum,

573 1621 856 1695 quamvis
877 1636 983 1693 per
1010 1637 1196 1693 supra
1216 1621 1376 1678 dicta
1399 1627 1570 1692 gesta
1590 1622 1853 1695 fugatus,
1876 1623 2076 1680 fassus
2104 1628 2230 1679 est:

2349 472 2503 538 πείρῳ
2532 475 2626 528 τῆς
2658 465 2989 539 ἀγαπήσεως,
3043 472 3135 520 καὶ
3174 475 3354 519 τοῦτον
3414 464 3544 521 εἶναι
3583 471 3670 520 τόν
3714 471 4033 540 Χριστὸν

2350 552 2663 615 διατείνεται
2714 560 2800 611 τὸν
2829 564 2922 615 τοῦ
2974 565 3118 617 Θεοῶ
3160 564 3255 611 τοὺ
3281 556 3469 618 ζῶντος
3515 557 3778 625 Υἰόν,,ο’ὶτε
3816 559 4034 630 παρὰ

2347 652 2439 697 τοῦ
2466 648 2667 717 Πατρός
2704 644 3087 717 ἀποξεαλυφθεὶς
3113 648 3173 697 τὸ
3199 645 3313 699 κατ’
3339 643 3527 711 ἐκεῖνον
3554 650 3919 719 μυστήριοξ,
3960 665 4033 697 τι

2350 730 2540 792 δήποτ’
2570 733 2630 785 ἂν
2660 736 2739 793 εἰη
2770 739 3217 808 μακαριστότερον
3245 752 3259 799 ;
3291 761 3353 770 --
3381 738 3479 797 Καὶ
3503 733 3685 807 ἑφεξῆς
3712 742 4031 808 περιεῖχε

2346 826 2483 883 κατά
2499 825 2563 898 pi
2570 842 2647 895 μα
2670 825 2727 875 τό
2757 829 3048 899 προγραφὲν
3079 824 3214 887 οἷπαν
3247 819 3469 879 ῖδικτον·
3503 828 3593 887 καὶ
3613 826 3745 896 μετά
3771 833 4022 900 τοῦτο,

2344 919 2514 971 ταῦτα
2535 913 2726 987 ῥητῶς.
2761 944 2828 952 --
2858 911 2947 974 Ὠς
2984 908 3071 965 οὖν
3102 912 3176 975 εἰς
3214 912 3436 979 ἐπήκοον
3461 916 3519 967 τὸ
3549 921 3783 967 τοιοῦτον
3832 933 4025 989 προ-

2350 1005 2603 1063 σκυνητόν
2632 997 2835 1054 ἶδικτον
2868 998 3194 1072 ἀνεγνώσθη,
3225 1003 3254 1063 ἡ
3290 1002 3523 1067 συνήθης
3560 1004 3705 1076 παρὰ
3742 1005 4021 1055 πάντων

2344 1093 2548 1162 γέγονεν
2588 1088 2839 1163 εὐφημία,
2874 1096 3158 1162 συμφώνως
3187 1088 3538 1163 ἆπευξαμένων
3586 1098 3659 1161 τῷ
3704 1088 4020 1163 ἀηττήτῳ

2344 1181 2524 1253 κράτει
2577 1177 2737 1230 αὐτοῦ
2796 1174 3051 1250 διαμονὴν
3099 1183 3191 1235 καὶ
3248 1178 3387 1245 ζωὴν
3441 1183 3532 1233 καὶ
3583 1178 3763 1250 ὑγείαν
3810 1199 4018 1252 μακ-

2341 1272 2558 1341 ραίωνα.

2413 1354 2467 1411 ε’.
2512 1363 2689 1410 Ταῦτα
2752 1359 2842 1428 μὲν
2893 1352 2980 1411 οὖν
3043 1357 3209 1419 οὕτως
3273 1360 3467 1416 ἤνυστο
3520 1360 3611 1427 καὶ
3658 1356 4008 1411 anltera-

2342 1422 2505 1499 Ἀλλὰ
2531 1448 2632 1521 γὰρ
2683 1442 2807 1501 οὐδὲ
2862 1445 3020 1498 πάλιν
3068 1445 3268 1503 ἀπέστη
3301 1447 3327 1497 6
3379 1451 3689 1520 πειραστὴς,
3729 1448 3823 1499 τόν
3887 1444 4009 1498 ἐκ-

2341 1533 2717 1593 κλησιαστικὸν
2774 1530 3208 1607 διαμελετώμενος
3271 1536 3508 1610 τάραχον
3536 1549 3549 1563 ⁶
3594 1530 3718 1593 οὐδέ
3777 1534 3867 1596 εἰς
3919 1538 4012 1588 τὰ

2345 1623 2514 1676 ὀπίσω
2573 1625 2842 1699 πεμφθείς,
2912 1621 3014 1677 ἀπὸ
3063 1632 3162 1679 τῶν
3228 1620 3588 1697 προλαϐόντων
3643 1628 3736 1682 τὴν
3788 1624 4006 1682 ἧτταν

571 1726 785 1766 verum
801 1709 1024 1782 quibus
1036 1709 1649 1782 actibus'primitivam
1668 1713 1798 1785 ipse
1815 1712 2068 1783 gloriam
2084 1713 2234 1769 ami-

2348 1712 2819 1785 προσωμολόγησεν
2851 1728 2864 1742 ·
2924 1710 3030 1765 ἀλλ’
3090 1714 3165 1777 οἷς
3239 1713 3390 1775 αὐτὸς
3450 1721 3547 1776 τῆς
3608 1710 4007 1786 πρωτοδότου

574 1798 890 1867 sit,iisdem
917 1799 1181 1855 maxime
1212 1800 1503 1857 adversus
1534 1801 1811 1861 homines
1842 1807 2067 1861 struere
2087 1802 2237 1859 solet

571 1885 869 1943 insidias:
914 1886 1067 1943 laeva
1117 1886 1365 1965 quidem
1424 1904 1663 1961 semper
1718 1895 1884 1963 parte
1942 1891 2236 1949 hostiliter

573 1972 932 2047 aggrediens
960 1995 973 2045 ;
1001 1976 1259 2034 dexterae
1288 1982 1489 2035 autem
1532 1978 1917 2043 simulatione
1956 1979 2234 2047 fraudem

569 2066 878 2138 obtegens,
903 2083 1043 2123 esca
1074 2066 1318 2123 scillicet
1345 2067 1619 2137 hamum,
1655 2069 1994 2127 mortiferas
2014 2069 2235 2129 herbas

567 2154 760 2213 mellis
807 2155 1220 2229 perunctione.
1263 2156 1356 2213 Sic
1413 2172 1556 2227 ergo
1612 2156 1720 2213 iste
1752 2158 2236 2215 sacratissimum

566 2261 814 2318 quoque
833 2245 1041 2301 Nicaem
1070 2245 1518 2317 metropolitam
1549 2261 1767 2319 parum
1790 2246 1983 2304 abfuit
2007 2248 2153 2320 quin
2174 2248 2234 2305 in

567 2332 746 2390 fatale
776 2333 1095 2406 projiceret
1132 2334 1489 2406 periculum,
1519 2335 1601 2391 ita
1631 2341 1696 2391 ut
1732 2351 1809 2391 ne
1834 2349 2069 2393 sacram
2101 2337 2235 2410 qui-

567 2422 708 2478 dem
733 2437 1063 2494 personam
1094 2422 1488 2480 stationemve
1518 2423 1658 2479 huic
1679 2423 1973 2501 reliquam
1995 2425 2232 2512 faceret,

569 2508 891 2583 profundis
922 2510 1097 2585 aquis
1118 2526 1344 2577 merso,
1371 2512 1534 2568 unde
1565 2528 1809 2587 prorsus
1839 2518 2081 2570 enatare
2111 2508 2233 2571 non

566 2602 796 2672 posset.
827 2600 883 2654 Is
915 2599 1075 2656 enim
1106 2599 1439 2670 gloriosum
1472 2601 1589 2657 sibi
1613 2601 1976 2658 existimavit
2005 2604 2054 2659 si
2084 2620 2235 2676 prae-

568 2687 755 2743 fracte
781 2688 843 2742 in
890 2687 1108 2743 divinis
1135 2689 1316 2745 rebus
1350 2690 1651 2746 resisteret
1676 2709 1690 2757 ;
1714 2690 2003 2762 ignorans
2034 2692 2235 2748 videli-

568 2780 662 2832 cet
685 2776 900 2843 zelum,
925 2776 1031 2850 qui
1057 2777 1389 2833 secundum
1426 2777 1737 2836 scientiam
1766 2796 1886 2835 non
1906 2786 2015 2848 est,
2030 2781 2235 2837 divina

570 2865 876 2937 Scriptura
896 2865 1158 2928 teste,ab
1182 2866 1443 2923 Ecclesia
1465 2884 1598 2923 esse
1622 2869 2236 2941 respuendum.Quod

568 2956 773 3009 autem
802 2953 932 3010 haec
962 2953 1050 3010 ita
1077 2970 1139 3010 se
1168 2954 1456 3028 habeant,
1481 2956 1788 3013 decretum
1820 2959 2034 3031 synodi
2057 2962 2236 3031 jussu

567 3043 876 3100 conditum
902 3044 1109 3117 palam
1139 3045 1336 3116 faciet,
1368 3047 1534 3120 quod
1566 3051 1656 3105 est
1692 3047 2064 3120 hujusmodi.

1122 3331 1327 3388 ACTIO
1378 3332 1653 3395 OCTAVA
1666 3373 1679 3386 .

569 3414 790 3487 Mensis
814 3416 969 3477 Maii
994 3416 1091 3474 die
1124 3423 1313 3501 sexta,
1339 3419 1689 3501 indictionis
1718 3419 1958 3477 decima
2001 3429 2237 3495 quarta

1242 3489 1339 3545 die
1364 3496 1560 3547 sexta.

645 3596 700 3649 1.
733 3592 1094 3651 Praesidente
1123 3596 1281 3651 Luca
1324 3596 1706 3653 sanctissimo
1748 3602 1956 3655 nostro
1986 3599 2237 3657 domino

571 3684 629 3736 et
650 3682 1025 3739 mcumenico
1055 3682 1406 3755 patriarcha
1448 3684 1510 3740 in
1551 3684 1796 3743 dextero
1829 3686 2107 3745 alexiano
2146 3705 2239 3749 ca-

571 3771 1002 3838 techumeneo;
1055 3772 1460 3831 assidentibus
1512 3789 1752 3844 magnae
1783 3777 2081 3835 sanctitati
2109 3779 2238 3849 ejus

571 3860 990 3919 sacratissimis
1050 3861 1350 3935 episcopis
1411 3863 1784 3927 Caesariensi,
1856 3866 2237 3934 Heracliensi,

575 3950 883 4023 Cyziceno,
939 3951 1397 4024 Nicomediensi,
1454 3952 1839 4025 Melitenensi,
1891 3957 2239 4031 Gangrensi,

573 4038 767 4105 Cario,
827 4040 1144 4107 Mocesino,
1213 4041 1498 4105 Cretensi,
1556 4043 1970 4114 Trapezuntio,
2022 4045 2239 4117 Philip-

564 4127 756 4197 pensi,
788 4127 1607 4203 Mitylenensi,Neopatrensi,
1640 4131 2037 4199 Euchaitensi,
2063 4140 2239 4193 Ama-

567 4214 870 4278 stridensi,
920 4218 1207 4284 Serrensi,
1235 4219 1542 4289 Thebano,
1584 4218 1845 4292 Enensi,
1899 4227 2234 4297 Apameen-

567 4300 636 4372 si,
660 4301 978 4373 Abydeno.
1008 4304 1480 4378 Lacedaemonio,
1497 4308 1855 4378 Paronaxio,
1874 4311 2235 4383 Arcadiopo-

2346 1799 2508 1867 δόξης
2572 1804 2831 1865 ἔκπτωσιν
2886 1803 3283 1876 κατακέκριται,
3345 1804 3552 1869 τούτοις
3599 1805 3690 1855 καὶ
3755 1801 4005 1874 μᾶλλον

2342 1895 2437 1950 τὴν
2489 1892 2626 1943 κατά
2686 1898 2785 1945 τῶν
2852 1888 3133 1964 ἀνθρώπων
3202 1889 3478 1949 ἐπιϐουλὴν
3533 1894 4003 1965 συγκατεσκευά-

2347 1982 2488 2042 ζεται
2521 1996 2533 2009 ⁸
2590 1978 2644 2041 ἐκ
2696 1986 2794 2032 τῶν
2859 1977 3145 2053 ἀριστερῶν
3183 1982 3274 2050 μὲν
3309 1980 3479 2051 πάντη
3524 1997 3579 2031 τε
3617 1983 3705 2033 καὶ
3740 1981 4004 2042 πάντως

2342 2065 2682 2141 προσϐάλλων
2716 2088 2729 2099 ·
2770 2074 2833 2140 τῇ
2869 2064 2929 2120 δὲ
2957 2076 3057 2119 τῶν
3113 2063 3294 2131 δεξιῶν
3351 2071 3616 2139 φαντασίᾳ
3665 2067 3997 2142 περικαλύ-

2342 2175 2482 2207 πτων
2526 2158 2584 2207 τό
2627 2158 3042 2230 σκαιωρούμενον
3073 2173 3085 2184 ·
3136 2159 3205 2218 ὡς
3258 2152 3463 2211 δεὶέατι
3501 2158 3656 2231 φάναι
3690 2160 3749 2210 τὸ
3801 2157 3996 2229 ἄγκι-

2347 2261 2520 2318 στρον,
2558 2244 2588 2304 ἧ
2659 2246 2749 2305 τὰς
2815 2246 3137 2319 θανασίμους
3202 2248 3331 2306 πόας
3391 2252 3453 2317 τῇ
3519 2249 3826 2321 περιχρίει-ει
3870 2253 3995 2299 τοῦ

2342 2324 2548 2404 μέλιτος
2582 2354 2593 2365 ·
2637 2333 2772 2384 οὕτω
2802 2340 2924 2409 γοῦν
2977 2332 3112 2385 οὕτω
3164 2337 3255 2386 καὶ
3306 2337 3395 2386 τὸν
3428 2335 3701 2406 ἱερώτατον
3751 2352 3999 2409 μητρο-

2343 2419 2561 2479 πολίτην
2632 2426 2877 2485 Νικαίας,
2938 2430 3131 2495 μικροῦ
3201 2419 3329 2491 δεῖν,
3395 2429 3463 2495 εἰς
3536 2420 3992 2485 ἆνυπεξάλυκτσν

2344 2514 2643 2581 κατήνεγκεν
2728 2506 2991 2584 κίνδυνον,
3067 2513 3135 2574 ὡς
3208 2507 3348 2584 μηδὲ
3422 2511 3712 2564 ὑπόστασιν
3786 2515 3993 2582 τούτῳ

2342 2581 2780 2673 περιλειφθῆναι..
2809 2599 3012 2673 βαθέων
3068 2581 3263 2677 μέχρις
3319 2596 3526 2654 ὑδάτων
3567 2581 3987 2672 κατενεχθέντιί,

2343 2694 2434 2755 καὶ
2471 2689 2831 2753 ἀνανήξασθαι
2880 2689 3021 2753 τεἿος
3059 2690 3154 2741 οὐκ
3183 2692 3363 2763 ἔχοντι
3396 2711 3409 2723 ·
3442 2690 3530 2743 ἅτε
3576 2686 3643 2747 δὴ
3684 2693 3995 2762 νομίζοντι

2342 2777 2619 2830 κάλλιστον
2694 2776 2824 2831 εἶναι
2882 2784 2976 2836 τὴν
3031 2776 3116 2831 ἐπὶ
3163 2786 3272 2841 τοῖς
3331 2781 3483 2841 θείοις
3539 2780 3631 2831 οὑκ
3686 2774 3991 2831 εὐένδότον

2343 2868 2625 2919 ἔνστασιν·
2669 2864 2940 2938 ἀγνοοῦντι
2983 2862 3042 2920 δὲ
3073 2868 3214 2940 ὅμως
3261 2870 3327 2929 ὡς
3365 2869 3390 2919 6
3436 2872 3507 2941 μὴ
3565 2867 3681 2918 κατ’
3735 2864 3956 2941 ἐπίγνω

2347 2974 2431 3007 σιν
2485 2954 2639 3019 ζῆλος
2712 2959 2856 3032 παρὰ
2926 2964 2986 3030 τῇ
3069 2957 3182 3029 θείᾳ
3237 2962 3438 3032 Γραφῇ,
3492 2964 3589 3019 τῆς
3642 2954 3991 3016 Ἐκκλησίας

2262 3069 2305 3123 C
2345 3043 2654 3107 ἀπόϐλητος.
2682 3043 2804 3097 Ὀτι
2835 3040 2893 3098 δὲ
2935 3036 3104 3097 ταῦτα
3132 3052 3312 3097 τοῦτον
3361 3047 3474 3116 ἔχει
3521 3049 3608 3097 τὸν
3639 3049 3856 3118 τρόπον,
3913 3048 3985 3095 τὸ

2345 3130 2638 3201 συνοδικῶς
2669 3132 2866 3187 ἐκτεθὲν
2915 3130 3293 3211 παραδηλώσει
3335 3137 3651 3208 σημείωμα’
3701 3135 3820 3205 ἔχει
3860 3135 3982 3209 γὰρ

2344 3242 2502 3290 ουτω.

2952 3332 3187 3397 nea-ar}:
3249 3328 3328 3385 n'.

2556 3422 2697 3477 Μηνὶ
2725 3419 2879 3491 Μαΐῳ
2921 3417 2991 3488 ς’,
3015 3420 3186 3491 ἡμέρᾳ
3301 3413 3622 3483 ἰνδιξιτιῶνος
3650 3413 3706 3471 ιδ
3724 3460 3739 3473 .

2418 3595 2483 3649 α’.
2552 3599 2960 3671 Προκαθημένου
3034 3601 3217 3651 Λουκᾶ
3286 3603 3378 3648 τοῦ
3452 3595 3746 3666 ἀγιωτάτου
3806 3597 3974 3667 ἡμῶν

2349 3681 2609 3739 δεσπότου
2669 3690 2759 3739 καὶ
2819 3685 3176 3757 οἰκουμενικοῦ
3236 3686 3574 3759 πατριάρχου
3612 3683 3662 3736 ἕν
3716 3692 3825 3746 τοίς
3879 3681 3921 3737 δ
3926 3704 3978 3739 ε-

2349 3773 2475 3837 ξιοῖς
2553 3772 2843 3839 ἀλεξιακοίς
2916 3779 3383 3846 κατηχουμενείοις
3413 3790 3428 3803 ·
3508 3770 3973 3846 συνεδριαζόντων

2347 3870 2411 3935 τῇ
2475 3861 2672 3935 μεγάλῃ
2742 3863 3008 3935 ἁγιωσύνῃ
3085 3862 3246 3915 αὐτοῦ
3304 3864 3592 3935 ἱερωτὰτων
3670 3859 3973 3935 ἀρχιερέων

2348 3960 2440 4003 τοῦ
2500 3956 2836 4024 Καισαρείας,
2890 3958 2982 4011 τοῦ
3046 3950 3366 4026 Ἡρακλείας,
3434 3957 3530 4019 τοῦ
3589 3955 3806 4023 Καρίας,
3869 3958 3974 4003 τοῦ

2348 4045 2635 4105 Μωκησοῦ,
2686 4046 2778 4091 τοῦ
2839 4045 3070 4113 Κρήτης,
3129 4046 3222 4091 τοῦ
3270 4038 3684 4112 Τραπεζοῦντος,
3720 4045 3813 4089 τοῦ
3876 4045 3976 4099 Φι-

2346 4127 2567 4184 λίππων.
2631 4135 2723 4181 τοῦ
2798 4127 3110 4201 Μιτυλήνης,
3165 4134 3258 4181 τοῦ
3332 4130 3472 4193 Νέων
3548 4133 3787 4201 Πατρῶν,
3869 4134 3973 4180 τοῦ

2345 4217 2644 4291 Εὐχαίτων,
2701 4224 2793 4269 τοῦ
2852 4212 3225 4290 Ἀμάστριδος,
3279 4222 3373 4289 τοῦ
3422 4214 3638 4295 Σεῤῥῶν,
3691 4222 3783 4269 τοῦ
3848 4224 3974 4275 Θη-

2347 4305 2468 4379 ϐῶν,
2492 4313 2584 4359 τοῦ
2614 4308 2788 4370 Αἴνου,
2817 4313 2908 4357 τοῦ
2930 4306 3233 4377 ’Δπαμείας,
3259 4313 3351 4359 του
3382 4301 3634 4379 ’ᾼϐύδου,
3667 4311 3758 4358 τοῦ
3790 4310 3969 4360 Λακε-

564 4388 771 4457 litano,
806 4390 995 4461 Pario,
1047 4392 1428 4465 Selybriensi,
1480 4395 1738 4462 Nicensi,
1773 4398 2071 4469 Brysensi,
2102 4401 2234 4456 Der-

2348 4391 2643 4468 δαιμονίας,
2685 4401 2776 4446 τοῦ
2809 4394 3152 4467 Παροναξίας,
3182 4400 3273 4447 τοῦ
3319 4389 3823 4473 Ἀρκαδιουπόλεως,
3862 4402 3964 4448 τοῦ

566 4478 762 4547 censi;
798 4480 1136 4536 astantibus
1163 4483 1343 4539 etiam
1378 4483 1479 4539 Dei
1519 4484 1947 4541 amantissimis
1973 4486 2235 4559 dominis

566 4561 927 4635 praepositis.

636 4744 692 4813 2.
733 4744 985 4814 Tempus
1036 4745 1279 4802 tacendi
1305 4753 1361 4803 et
1391 4752 1623 4818 tempus
1653 4750 1958 4823 loquendi,
1992 4751 2233 4824 sapiens

567 4830 951 4889 Ecclesiastes
971 4831 1206 4902 dicit”;
1233 4833 1328 4901 his
1359 4836 1554 4901 verbis
1587 4836 1858 4894 sobrium
1893 4839 2232 4897 cordatum'

565 4936 684 4994 que
698 4921 1034 4978 auditorem
1049 4922 1391 4980 admonens
1410 4940 1484 4981 ne
1500 4926 1647 4998 quid
1666 4928 2008 4985 inconsulte
2027 4928 2232 5002 loqua-

564 5012 662 5066 tur
705 5026 903 5084 neque
927 5010 1397 5089 intemperanter
1420 5012 1594 5069 labiis
1620 5013 1891 5083 effutiat,
1925 5032 2133 5074 verum
2164 5023 2229 5074 ut

566 5103 743 5155 antea
762 5099 1024 5172 exploret
1056 5099 1478 5175 discernatque
1509 5103 1678 5174 quod
1726 5110 1925 5173 mente
1957 5104 2221 5177 revolvit,

567 5186 899 5260 seduloque
930 5189 1290 5254 consideret,
1321 5206 1399 5246 ne
1448 5190 1700 5247 vitiosus
1758 5209 1955 5249 sermo
1999 5210 2068 5249 ex
2124 5211 2225 5251 ore

563 5279 770 5331 nostro
817 5277 1121 5350 procedat,
1156 5279 1262 5335 sed
1302 5283 1509 5336 contra
1539 5281 1588 5335 si
1616 5281 1754 5354 quis
1779 5288 1866 5338 est
1913 5282 2113 5338 bonus
2166 5290 2225 5341 et

566 5363 865 5434 salutaris,
898 5370 1078 5441 atque
1117 5367 1325 5424 alienae
1356 5368 1740 5445 mdiﬁcationi
1778 5371 2053 5428 idoneus.
2090 5375 2222 5447 Htec

633 5558 681 5607 ³9
722 5559 858 5618 Ecc.
889 5557 1025 5628 Ιιθῐῐ,
1053 5565 1110 5628 7,

2345 4489 2565 4559 Παρίου,
2594 4489 2684 4535 τοῦ
2718 4480 3026 4554 Σηλυϐρίας,
3058 4488 3147 4533 τοῦ
3193 4486 3382 4544 Νίκης.
3413 4489 3507 4535 τοῦ
3549 4484 3799 4557 Βρύσεως,
3861 4490 3963 4536 τοῦ

2343 4575 2532 4645 Δέρκου
2568 4589 2582 4603 ·
2618 4574 3018 4646 παρισταμένων
3049 4574 3140 4623 καὶ
3183 4570 3587 4638 θεοφιλεστάτων
3624 4567 3960 4631 δεσποτικῶν

2342 4659 2637 4737 ἀρχόντων.

2413 4747 2482 4824 β’.
2556 4749 2749 4825 Καιρός
2798 4754 2891 4798 τοῦ
2951 4751 3104 4829 σιγᾷν
3179 4751 3269 4799 καὶ
3341 4748 3521 4821 καιρὸς
3591 4754 3684 4799 τοῦ
3756 4744 3953 4815 λαλεῖν,

2340 4839 2366 4888 6
2435 4839 2588 4910 σοφὸς
2662 4835 3081 4898 Ἐκκλησιαστὴς
3158 4833 3539 4909 ἀναφθέγγεται
3582 4854 3595 4868 ⁸
3675 4832 3773 4893 διὰ
3844 4847 3956 4890 τῶν

2336 4927 2582 5001 ῥημάτων
2648 4927 2842 4977 τούτων
2911 4921 3175 4977 παιδεύων
3234 4923 3495 4999 ἀκροατὴν
3561 4927 3650 4977 τὸν
3700 4924 3955 4997 νηφάλιον

2335 5020 2426 5067 καὶ
2466 5013 2771 5088 ἀρτίφρονα,
2803 5017 2874 5086 μὴ
2928 5010 3294 5079 ἀϐασανίστως
3341 5034 3394 5066 τι
3443 5015 3781 5095 φθέγγεσθαι,
3813 5013 3953 5088 μηδ’

2337 5103 2710 5179 ἀσυντηρήτως
2784 5110 2883 5154 τῶν
2957 5102 3173 5174 χειλέων
3246 5106 3516 5176 προφέρειν
3576 5102 3741 5168 ἐκτὸς,
3819 5103 3953 5157 ἀλλά

2336 5192 2644 5267 δοκιμάζειν
2697 5196 2787 5244 καὶ
2839 5195 3031 5265 κρίνειν
3085 5200 3270 5265 πρῶτα
3314 5196 3370 5244 τό
3403 5190 3768 5266 διανοούμενον
3800 5190 3949 5248 ἔνδο-

2335 5286 2416 5336 θεν
2474 5280 2521 5335 ἐν
2564 5280 2718 5354 ψυχῇ
2770 5284 2860 5332 καὶ
2923 5286 3145 5353 συνορᾷν
3201 5280 3534 5354 ἰμμερίμνως,
3583 5284 3668 5334 ἶνα
3717 5285 3789 5354 μὴ
3850 5302 3950 5336 σα-

2330 5376 2460 5448 πρὸς
2514 5372 2667 5446 λόγος
2741 5371 2797 5422 ἐκ
2871 5377 2962 5425 τοῦ
3023 5375 3281 5442 στόματο5
3360 5373 3507 5446 ἡμῶν
3574 5370 3940 5446 ἐκπορευητοιι,
