4046 6310
97 305 202 358 277

1525 311 1876 384 THESAUBI
1922 317 2056 374 LIB.
2102 317 2259 374 xxv.

3393 328 3500 404 83.3

101 425 209 476 ἀλλ’
237 428 288 478 εἰ
314 445 394 486 τις
428 424 633 497 ἀγαθὸς
666 433 756 481 καὶ
811 434 1065 505 σωτήριος
1123 435 1214 485 καὶ
1257 433 1388 503 πρὸς
1441 430 1716 508 οἰκοδομήι

1839 440 2204 498 Ecclesiastm
2229 441 2390 499 dicta
2421 443 2669 504 minime
2710 454 2918 504 secum
2965 451 3254 522 reputans
3295 465 3499 508 sacra-

100 515 328 588 ἐταίρων
351 519 450 567 καὶ
494 515 849 591 ἐπιστηριξιν-
878 525 1056 572 Ταῦτα
1084 528 1176 572 τοῦ
1225 521 1640 579 Ἐκκλησιαστοὺ
1667 527 1732 578 τα

98 606 157 677 ﬁt
164 624 324 676 ματα
342 609 419 677 μὴ
457 608 598 658 κατὰ
628 626 748 660 νουν
774 609 977 680 θέμενος
995 611 1020 661 ό
1046 611 1322 682 ἱερώτατος
1341 613 1729 685 μητροπολίτης

100 698 335 756 Νικαίας
366 699 648 766 Γεωργιος,
683 693 824 768 μηδὲ
854 706 944 750 τοῦ
967 701 1136 772 Σιρόιχ
1157 699 1307 770 λόγον
1329 699 1727 774 ἐνωτισάμενος,

99 783 484 854 ὑποτιθέμενον
507 787 597 836 τὸν
618 787 708 856 μὲν
734 782 913 840 εἰδότα
935 787 1102 840 λαλεῖν
1125 795 1214 841 καὶ
1232 788 1697 863 παρρησιάζεσθαι
1713 814 1725 824 ·

99 876 178 923 τόν
209 870 277 924 δὲ
311 876 387 943 μὴ
416 869 607 928 εἰδότα
628 875 826 928 τιθέναι
845 880 939 934 τὴν
960 883 1121 950 χεῖρα
1140 879 1223 930 ἐπὶ
1251 883 1494 950 στόματι,
1521 879 1730 944 ἀνοίξας

95 964 150 1011 τό
181 964 374 1032 στόμα
402 960 514 1032 οὐχ
547 961 754 1016 εἵλκυσε
793 973 973 1037 πρῶτα
1003 973 1204 1038 πνεῦμα
1237 988 1248 1000 ·
1292 972 1382 1019 καὶ
1423 967 1559 1020 οὕτω
1599 971 1731 1040 μετὰ

96 1057 184 1100 τοῦ
216 1052 552 1121 πνεύματος,
587 1051 839 1125 ὴρεὺξατο
869 1056 934 1105 τὰ
964 1062 1054 1106 του
1095 1057 1401 1126 πνεύματος,
1432 1055 1538 1108 ἀλλ’
1567 1055 1726 1110 ἀσυν-

95 1144 350 1212 τηρήτως
378 1146 671 1214 προήνεγκε
696 1162 709 1173 ο
762 1144 929 1203 καθὼς
961 1139 1116 1202 δηλοῖ
1143 1147 1201 1196 τό
1245 1148 1382 1196 κατὰ
1423 1150 1520 1202 την
1576 1147 1728 1205 ἕκτην

97 1236 184 1278 τοῦ
215 1228 583 1302 παρελθόντος
605 1229 908 1302 Ἀπριλλίου
930 1236 1087 1304 μηνὸς
1104 1241 1197 1294 τῆς
1225 1231 1517 1295 ἐνεστώσης
1537 1253 1728 1287 τεσσα-

95 1312 536 1387 ρεσκαιδεκάτης
564 1316 913 1391 ἐπινεμήσεως
944 1319 1144 1373 ἐκτεθὲν
1190 1318 1468 1374 συνοδικὸν
1498 1327 1726 1394 σημείω-

97 1425 169 1475 μα
189 1427 202 1437 ο
236 1403 430 1476 ἀμέλει
451 1425 533 1458 τοι
554 1413 643 1458 καὶ
669 1410 805 1458 κατὰ
821 1412 878 1459 τὸ
902 1417 1132 1462 τοιοῦτον
1156 1406 1434 1461 συνοδικόν
1450 1415 1728 1484 σημείωμα

99 1500 211 1546 τότε
239 1491 529 1567 καταδίκη
559 1493 808 1568 ἐνομίσθη
835 1495 964 1549 εἶναι
989 1499 1296 1560 ὑπεύθυνος.

168 1663 238 1734 γ’.
274 1663 446 1716 Ὀθεν
473 1669 565 1716 καὶ
600 1667 730 1738 πρὸς
779 1668 873 1723 τὴν
913 1663 1278 1728 ἁνεξάντλητόν
1309 1674 1400 1719 τοῦ
1430 1665 1597 1730 ἐλέους
1624 1689 1722 1726 πη·

103 1758 219 1821 γηνς
241 1753 450 1824 μᾶλλον
475 1749 535 1805 δὲ
570 1752 893 1827 θαρρούντως
925 1755 1100 1825 εἰπεῖν,
1125 1763 1220 1817 τῆς
1261 1759 1594 1829 συμπαθείας
1631 1763 1723 1815 τὴν

103 1841 368 1906 ᾱϐνσσον,
401 1845 490 1893 τόν
524 1843 770 1914 θεοστιφῆ
805 1849 1176 1915 κραταιότατον
1207 1845 1354 1915 ἅγιον
1386 1846 1414 1902 ἡ
1424 1854 1532 1916 μῶν
1561 1845 1720 1897 αὐτο-

101 1935 340 2004 κράτορα
369 1934 734 2001 καταπέφευγε
759 1951 771 1964 ·
806 1937 893 1982 καὶ
927 1933 1132 2005 θερμοῖς
1152 1938 1244 1991 τὴν
1269 1932 1528 2005 φίλοικτον
1561 1934 1720 1985 αὑτοῦ

103 2026 186 2070 καὶ
213 2022 365 2071 θείαν
395 2019 586 2090 ψυχὴν
609 2024 734 2093 πρὸς
765 2016 934 2071 οἶκτον
962 2019 1297 2082 ἐξεκαλέσατο
1327 2017 1587 2096 δάκρυσιν
1615 2043 1626 2054 ·
1651 2024 1720 2084 ὡς

105 2114 185 2159 καὶ
214 2115 449 2180 μήνυμα
480 2110 614 2160 θεῖον
639 2113 1006 2180 προσκννητόν
1034 2108 1220 2161 ἐκεῖθεν
1250 2114 1383 2184 πρός
1430 2118 1522 2167 την
1574 2113 1719 2183 ἡμῶν

107 2202 445 2267 μητριότητα
471 2203 561 2249 καὶ
585 2202 680 2255 τὴν
706 2199 844 2271 ἱερὰν
883 2201 1317 2271 καταπεμφθῆναι
1360 2195 1600 2268 σύνοδον,
1626 2196 1720 2251 διὰ

105 2296 188 2337 τοῦ
209 2286 807 2358 μεγαλεπιφανεστάτου
831 2288 1400 2360 πρωτοκουροπαλάτου
1429 2296 1521 2340 τοῦ
1556 2287 1716 2360 βασι-

103 2376 246 2427 λικοῡ
276 2386 657 2450 γραμματικοῦ
680 2385 842 2450 κυροῦ
876 2382 1133 2452 Γεωρφίου
1175 2385 1266 2428 τοῦ
1298 2377 1552 2438 Σκυλίτζη
1581 2400 1592 2411 ·
1623 2398 1713 2430 κα-

106 2467 200 2526 θὼς
228 2469 292 2516 τὸ
334 2468 475 2517 κατὰ
531 2469 625 2522 τὴν
674 2460 742 2516 ιδ’
792 2472 883 2516 τοῦ
934 2462 1364 2538 παραδραμόντος
1415 2466 1714 2540 Ἀπριλλίου

103 2558 266 2625 μηνός
291 2563 393 2613 τῆς
421 2550 1002 2626 τεσσαρεσκαιδεκάτης
1035 2551 1360 2616 ἰνδικτιώνος
1405 2554 1598 2608 ἐκτεθὲν
1629 2555 1715 2608 ἐπὶ

188 2651 286 2694 τοῦ
321 2644 563 2694 τοιούτου
595 2641 878 2714 βασιλικοῦ
912 2647 1002 2694 καί
1055 2645 1191 2696 θείου
1239 2647 1544 2716 μηνύματος
1585 2648 1715 2719 πρὸς

105 2735 236 2804 ἡμᾶς
293 2729 720 2806 ὃιαπορθμεύσει
785 2728 1062 2784 συνοδικὸν
1109 2738 1386 2806 σημείωμα
1442 2740 1703 2808 παριστᾷ.

104 2820 217 2873 Ὀτι
255 2829 389 2891 γοῦν
421 2826 511 2872 καὶ
546 2826 770 2895 σήμερον
800 2824 953 2872 πάλιν
981 2818 1075 2874 δια
1104 2829 1194 2874 τοῦ
1242 2822 1398 2873 αὐτοῦ
1428 2820 1712 2894 βασιλίκοῦ

105 2918 484 2983 γραμματικοῦ
516 2908 773 2983 ἀνηγγέλη
808 2919 868 2982 τῇ
905 2913 1051 2981 ἡμῶν
1073 2917 1374 2984 μετριότητι
1399 2917 1488 2963 καὶ
1509 2920 1569 2984 τῇ
1604 2915 1715 2986 ἱερᾷ

106 3006 189 3050 και
223 3001 342 3070 θείᾳ
377 2996 585 3070 συνόδῳ
619 3002 690 3060 ὼς
715 2999 772 3050 οὗ
803 3010 1226 3071 προστακτικῶς,
1257 3000 1364 3051 αλλ’
1406 3004 1474 3060 ὡς
1505 2999 1552 3051 ἐν
1584 2999 1713 3053 εἷθέι

107 3087 414 3160 συμϐουλῆς
446 3090 470 3138 ό
501 3090 782 3162 κράτιστος
815 3090 963 3160 ἡμῶν
985 3088 1134 3158 άγιος
1163 3087 1407 3162 βασιλεὺς
1429 3091 1715 3163 φιλανθρω-

1839 528 2102 585 tissimus
2130 531 2338 586 Nicaeae
2369 533 2750 606 metropolita
2781 536 3105 606 Georgius;
3135 540 3191 594 et
3227 553 3303 596 ne
3337 538 3497 597 Sira-

1839 617 1988 674 cidis
2019 620 2268 691 quidem
2299 621 2504 678 audito
2535 625 2787 694 monito,
2818 626 3129 684 suadentis
3158 632 3223 684 ut
3254 630 3499 706 sapiens

1837 707 2003 780 loqui
2025 710 2268 780 audeat,
2298 711 2586 785 insipiens
2618 720 2823 772 autem
2854 733 3036 789 super
3063 733 3131 773 os
3153 724 3342 790 ponat
3369 737 3498 778 ma-

1839 813 1988 854 num
2021 815 2196 855 suam
2228 802 2273 835 ‘0
2303 819 2316 868 ;
2355 801 2406 856 is
2437 802 2638 872 igitur,
2668 803 2935 861 resoluto
2967 821 3090 876 ore,
3121 807 3288 864 haud
3319 814 3496 884 antea

1840 889 2134 944 contraxit
2165 889 2481 962 spiritum;
2515 898 2694 966 atque
2725 893 2809 951 ita
2835 910 2974 952 cum
3020 896 3234 968 spiritu
3263 901 3496 958 eructa-

1839 977 1921 1032 vit
1947 992 2085 1048 quae
2122 984 2294 1034 erant
2344 980 2614 1054 spiritus,
2657 982 2765 1039 sed
2813 984 3256 1042 inconsiderate
3284 987 3493 1060 profu-

1837 1065 1960 1132 dit;
1990 1066 2162 1122 sicuti
2193 1068 2396 1139 palam
2422 1070 2489 1125 ﬁt
2518 1069 2579 1124 in
2609 1071 2904 1142 synodico
2935 1073 3174 1130 decreto
3206 1079 3375 1132 sexta
3396 1076 3493 1133 die

1838 1154 2116 1226 praeteriti
2147 1156 2360 1228 Aprilis
2386 1158 2615 1214 mensis
2659 1160 2900 1215 condito
2945 1164 3259 1234 praesentis
3302 1162 3492 1220 indic-

1837 1243 2014 1299 tionis
2038 1250 2267 1315 quartae
2307 1245 2596 1316 decimae;
2637 1263 2759 1320 quo
2802 1249 3020 1320 synodi
3062 1250 3302 1308 decreto
3349 1268 3488 1309 reus

1835 1346 2152 1406 pmnasque
2184 1332 2484 1392 obnoxius
2507 1334 2814 1406 judicatus
2842 1341 2950 1395 est.

1904 1666 1958 1718 3.
2018 1664 2428 1729 Quamobrem
2477 1665 2556 1722 ad
2595 1665 3019 1724 inexhaustum
3060 1668 3484 1727 misericordiae

1832 1750 2082 1822 fontem,
2115 1753 2238 1808 imo
2268 1760 2331 1809 ut
2357 1754 2754 1810 conﬁdentius
2785 1756 3007 1826 dicam,
3035 1759 3114 1813 ad
3152 1758 3482 1815 clementiae

1831 1837 2144 1912 abyssum,
2174 1840 2235 1895 id
2268 1847 2353 1896 est
2384 1843 2461 1897 ad
2493 1848 2850 1899 coronatum
2877 1860 2914 1900 a
2935 1847 3054 1901 Deo
3085 1845 3482 1904 fortissimum

1831 1934 2230 1999 sanctumque
2258 1935 2533 1984 nostrum
2559 1931 2983 2003 imperatorem
3027 1934 3330 2003 confugit;
3374 1933 3486 1989 fer-

1829 2015 2103 2090 vidisque
2132 2018 2333 2072 mitem
2366 2019 2496 2088 ejus
2525 2019 2854 2092 divumque
2885 2021 3158 2077 animum
3190 2023 3270 2077 ad
3302 2022 3482 2078 mise-

1828 2103 2147 2159 ricordiam
2181 2106 2506 2161 commovit
2534 2105 2818 2178 lacrymis
2843 2125 2855 2163 :
2885 2108 2966 2164 ita
2998 2113 3058 2164 ut
3088 2109 3298 2164 divum
3329 2113 3484 2181 quo?

1827 2209 1944 2264 que
1975 2194 2388 2250 venerandum
2419 2197 2777 2268 rescriptum
2807 2197 2887 2254 ad
2929 2202 3199 2253 nostram
3248 2198 3479 2253 medio-

1829 2284 2091 2338 critatem
2125 2283 2264 2338 inde
2294 2283 2545 2338 missum
2574 2283 3121 2358 fueritsacramque
3149 2286 3476 2358 synodum,

1827 2387 1933 2443 per
1956 2386 2244 2439 magnum
2272 2376 2452 2444 atque
2480 2372 2951 2430 illustrissimum
2976 2375 3477 2446 protocuropala-

1828 2465 1950 2515 tam
2013 2461 2244 2529 regium
2301 2461 2564 2517 scribam
2612 2461 2929 2518 dominum
2979 2463 3299 2532 Georgium
3340 2465 3479 2535 Scy-

1828 2549 2036 2614 litzen;
2071 2551 2240 2605 sicuti
2269 2556 2550 2606 narratur
2578 2552 2637 2606 in
2675 2550 2970 2623 synodico
3014 2552 3278 2619 decreto,
3309 2550 3479 2625 quod

1824 2638 1920 2694 die
1955 2642 2018 2692 14
2041 2639 2313 2710 praeteriti
2344 2639 2559 2711 Aprilis
2597 2640 2842 2709 mensis,
2865 2642 3178 2712 prazsentis
3226 2641 3478 2696 decimas

1823 2733 2055 2800 quarta:
2083 2727 2448 2794 indictionis,
2482 2727 2562 2784 ob
2591 2728 2772 2800 hujus
2801 2730 2947 2798 regii
2973 2730 3176 2802 diique
3205 2730 3478 2802 rescripti

1823 2816 1900 2871 ad
1933 2833 2045 2871 nos
2074 2817 2428 2872 missionem
2451 2817 2760 2873 conditum
2787 2818 2916 2873 fuit.
2951 2820 3103 2884 Quia
3132 2834 3274 2875 vero
3297 2818 3477 2874 hodie

1822 2921 2064 2978 quoque
2119 2922 2224 2978 per
2264 2906 2546 2961 eumdem
2590 2907 2820 2975 regium
2863 2907 3126 2962 scribam
3165 2907 3366 2962 denuo
3406 2908 3479 2962 si-

1823 2994 2129 3062 gnificavit
2160 2993 2554 3050 mediocritati
2602 2999 2822 3049 nostrae
2867 3011 3173 3067 sacraeque
3218 3000 3274 3051 et
3320 2995 3477 3049 diva:

1823 3083 2080 3154 synodo,
2116 3099 2238 3138 non
2282 3083 2634 3154 imperative
2677 3083 2923 3155 quidem
2969 3084 3075 3139 sed
3122 3084 3298 3156 quasi
3341 3099 3477 3140 sua-

173 3144 185 3160 ὸ
368 3144 374 3146 ⁷
402 3144 412 3148 ⁷
533 3144 543 3162 6
768 3144 781 3150 ⁷
831 3144 862 3160 Ἰ
1027 3144 1040 3158 σ
1121 3144 1132 3149 ⁷
1163 3144 1172 3162 Ι
1394 3144 1406 3149 ⁷
1438 3144 1445 3157 ¹
1614 3152 1621 3163 ι

105 3196 318 3249 ποτερον
352 3173 657 3234 διατεθῆναι
692 3182 810 3251 περὶ
855 3180 942 3228 τόν
981 3183 1201 3238 Νικαίας
1245 3180 1369 3250 ἡμῖν
1401 3180 1709 3244 ὑποτίθησι,

1828 3171 1991 3241 dens,
2049 3175 2577 3243 praestantissimus
2630 3178 2832 3227 noster
2861 3178 3227 3246 sanctusque
3257 3187 3380 3238 rex,
3414 3175 3480 3228 ut

107 3265 236 3323 πλὴν
280 3273 382 3316 τῶν
413 3270 634 3316 κανόνων
667 3265 991 3337 σωζομένων,
1037 3268 1065 3323 ἡ
1099 3271 1372 3339 μετριότης
1423 3269 1568 3339 ἡμῶν
1617 3287 1712 3318 συ-

107 3359 246 3426 νάμα
275 3363 338 3426 τῇ
374 3357 488 3426 ἱερᾷ
513 3351 848 3426 ἀδελφότητι,
882 3353 1299 3424 ἀναγνωσθέντος
1329 3364 1420 3406 τοῦ
1459 3358 1591 3406 κατὰ
1619 3359 1713 3413 τὴν

111 3442 153 3506 ς’
186 3452 279 3494 τοῦ
300 3443 642 3517 παρελθόντος
677 3442 976 3518 ’Λπριλλίου
1008 3447 1168 3516 μηνὸς
1198 3452 1296 3504 τῆς
1325 3443 1613 3505 ἐνεστώσης
1645 3441 1713 3496 ιδ’

110 3529 440 3592 ὶνςῗικτιὼνος
483 3537 752 3603 γεγονότος
803 3528 1086 3584 συνοδικοῦ
1139 3538 1525 3605 σημειώματος,
1578 3531 1625 3584 ἐν

107 3626 196 3672 καὶ
261 3615 529 3692 καταδίκη
580 3621 866 3680 ὑπεύθυνος
914 3622 939 3671 ὁ
987 3625 1209 3681 Νικαίας
1259 3617 1390 3672 εἶναι
1439 3620 1709 3693 ἐνομίσθη,

113 3710 449 3766 σκοπηθῆναι
479 3705 587 3760 δεῖν
629 3711 776 3778 ἔγνω,
827 3711 982 3761 ὁποία
1027 3729 1108 3772 τις
1153 3719 1225 3781 τῷ
1274 3715 1500 3772 Νικαίας
1530 3709 1584 3760 ἐκ
1609 3718 1710 3761 τῶν

108 3803 334 3850 κανόνων
360 3793 620 3854 καταδίκη
650 3796 899 3868 ἐπάγεται
923 3820 935 3831 ο
969 3807 1121 3850 τοῦτο
1141 3803 1238 3872 γὰρ
1267 3795 1327 3857 ἧν
1350 3803 1408 3850 τό
1440 3801 1515 3851 ἔτι
1542 3798 1710 3850 λειπό-

109 3908 277 3960 μενον,
310 3891 370 3939 τό
401 3893 491 3938 καὶ
519 3892 610 3944 τὴν
640 3891 896 3945 ποιότητα
916 3896 1010 3948 τῆς
1036 3886 1352 3960 ἐπαγομένης
1383 3888 1524 3958 αὐτῷ
1555 3907 1712 3938 κατα-

112 3975 266 4038 δίκης
300 3972 725 4047 διαγνωσθῆναι·
763 3977 842 4027 ὅτι
870 3984 996 4048 γοῦν
1031 3976 1088 4028 οὐ
1115 3979 1424 4051 καθαίρεσις
1449 3978 1580 4028 εἶναι
1605 3973 1710 4027 διε-

109 4068 316 4136 γιωσθη
351 4068 515 4135 τούτῳ
542 4069 600 4116 τό
632 4067 912 4136 ἐπιτίμιον,
947 4064 1220 4140 ἀφορισμῷ
1238 4074 1419 4117 τοῦτον
1439 4063 1708 4138 ἀλειτουρ-

107 4160 304 4224 γησίας
335 4153 418 4205 ἐπὶ
453 4149 623 4225 ὃιετίᾳ
667 4153 938 4220 ὑπέϐαλλε,
971 4158 1101 4227 πρὸς
1139 4158 1195 4206 τό
1233 4154 1709 4228 φιλανθρωπότερον

109 4243 466 4297 ἀπονεύσασα.
493 4241 615 4294 Ὀτι
643 4239 700 4293 δε
731 4241 935 4304 πολλοῖς
967 4243 1051 4294 ἐπὶ
1094 4243 1306 4303 πολλαῖς
1353 4250 1468 4304 ταῖς
1498 4244 1656 4315 ὥραις
1684 4244 1708 4293 ὁ

109 4338 350 4396 Νικαίας,
378 4334 513 4383 κατά
541 4340 642 4401 γῆς
673 4331 854 4383 ἑαυτόν
882 4331 1065 4406 ῥίψας,
1099 4336 1156 4383 τό
1192 4335 1324 4406 ἱερὸν
1345 4341 1456 4392 τοῖς
1479 4329 1711 4404 δάκρυσι

107 4419 420 4493 κατέϐρεχεν
452 4416 664 4491 ἔδαφος,
690 4424 780 4470 καὶ
813 4424 1137 4491 σκεναγμούς
1167 4419 1222 4471 ἐκ
1264 4419 1463 4494 βάθους
1493 4419 1708 4491 ἀνέπεμ-

1824 3260 2173 3316 clementius
2199 3277 2341 3328 erga
2371 3261 2676 3316 Nicaenum
2698 3267 2938 3316 nosmet
2959 3276 3264 3330 geramus,
3295 3259 3478 3316 salvis

1824 3357 2028 3404 tamen
2060 3350 2420 3417 canonibus,
2450 3349 2833 3405 mediocritas
2884 3354 3091 3406 nostra
3134 3366 3275 3405 cum
3303 3364 3479 3406 sacra

1822 3438 2205 3503 fraternitate,
2250 3444 2386 3510 post
2445 3437 2664 3494 lectum
2715 3437 3075 3510 synodicum
3122 3437 3241 3493 diei
3295 3440 3478 3492 sextae

1823 3527 2101 3600 praeteriti
2126 3527 2342 3598 Aprilis
2376 3528 2602 3582 mensis
2623 3528 2942 3600 praesentis
2972 3527 3223 3584 decimae
3249 3529 3478 3600 quartae

1821 3617 2184 3682 indictionis,
2209 3617 2517 3673 decretum
2542 3633 2665 3689 quo
2685 3633 2880 3691 paena
2908 3618 3210 3674 obnoxius
3238 3617 3476 3688 judica-

1824 3711 1918 3762 tus
1948 3706 2221 3762 Nicarnus
2250 3706 2358 3761 fuit
2383 3725 2395 3773 ;
2427 3707 2822 3779 quaerendum
2852 3707 3098 3774 censuit,
3137 3720 3478 3781 quamnam

1823 3797 2177 3850 canonicam
2211 3801 2534 3850 mereretur
2565 3796 2837 3852 Nicaanus
2887 3812 3166 3869 poenam;
3212 3796 3275 3851 id
3315 3794 3479 3850 enim

1822 3883 2235 3938 deﬁniendum
2263 3888 2594 3955 supererat,
2641 3899 2861 3956 nempe
2900 3889 2964 3940 ut
3008 3883 3082 3938 de
3135 3880 3478 3954 inﬂigendae

1822 3987 2015 4044 poenae
2044 3972 2332 4042 qualitate
2351 3972 2650 4042 judicium
2680 3973 2952 4028 ferretur.
2999 3975 3267 4044 Cumque
3295 3983 3479 4040 poena

1821 4063 2116 4116 canonica
2141 4077 2262 4116 non
2303 4068 2458 4116 esset
2504 4065 2813 4134 comperta
2861 4061 3185 4132 depositio,
3236 4060 3476 4115 Nicmno

1821 4165 1928 4222 per
1958 4150 2269 4205 biennium
2302 4149 2629 4205 ministerio
2656 4148 2976 4214 interdixit,
3011 4148 3340 4204 clementiae
3379 4161 3476 4203 ra-

1820 4239 1980 4294 tione
2008 4239 2232 4294 habita.
2261 4240 2408 4294 Cum
2440 4243 2641 4294 autem
2675 4239 2754 4294 ad
2788 4237 3132 4310 complures
3179 4237 3361 4292 horas
3387 4235 3477 4292 Ni-

1821 4345 2031 4384 C(Bnus
2061 4329 2228 4383 humi
2274 4332 2497 4383 stratus
2547 4343 2788 4384 sacrum
2830 4327 3145 4400 permultis
3190 4324 3477 4397 lacrymis

1821 4420 2236 4493 pavimentum
2292 4418 2532 4485 rigaret,
2582 4417 2843 4490 suspiria
2892 4416 3195 4488 profundo
3237 4419 3476 4488 pectore

109 4529 214 4576 πεν,
247 4512 319 4570 ως
349 4513 442 4560 καὶ
475 4511 685 4580 σύμπαν
718 4509 784 4568 εἰς
819 4505 989 4560 οἶκτον
1017 4513 1075 4559 τὸ
1109 4512 1240 4581 ἱερὸν
1273 4507 1543 4584 συνέδριον
1575 4529 1709 4583 προ-

1828 4509 2082 4572 mittens,
2117 4508 2195 4561 ita
2219 4510 2279 4560 ut
2306 4505 2383 4560 ad
2425 4506 2904 4562 misericordiam
2951 4504 3301 4577 synedrium
3346 4504 3477 4559 uni-

110 4599 454 4664 καλέσασθαι,
504 4602 595 4649 καὶ
645 4605 964 4669 συγκινῆσαι
1011 4600 1206 4658 πάντας
1260 4598 1332 4657 εἰς
1381 4595 1609 4671 δάκρυα,
1642 4600 1711 4660 ὡς

113 4685 252 4739 οὐδὲν
275 4687 435 4742 ἧττον
462 4688 654 4737 ἐκείνου
683 4685 1000 4760 παρακαλεῖν
1031 4686 1103 4748 εἰς
1134 4685 1266 4737 ἔλεον
1298 4692 1389 4744 τήν
1438 4689 1582 4759 ἡμῶν
1615 4706 1710 4758 με-

111 4781 375 4850 τριότητα,
411 4776 441 4830 ἡ
471 4779 745 4848 μετριότης
779 4776 921 4847 ημων
946 4777 1153 4847 συνάμα
1175 4782 1236 4846 τῇ
1267 4776 1378 4844 ἱερᾲ
1398 4773 1712 4847 ἀδελφοτητι

114 4865 179 4925 εις
204 4866 289 4915 ἕνα
317 4868 410 4914 καὶ
440 4869 593 4934 μόνον
625 4863 857 4914 ἐνιαυτόν
888 4865 955 4914 τὰ
992 4872 1081 4923 τῆς
1113 4860 1540 4936 ἀλειτουργησίας
1571 4865 1712 4935 αὐτῷ

115 4957 375 5025 περιέστη,
408 4950 492 5002 ἐπὶ
523 4959 774 5002 τοσοῦτον
805 4951 947 5022 αὐτῷ
977 4956 1066 5002 καὶ
1095 4955 1187 5008 τὴν
1238 4949 1322 5002 ἐπὶ
1368 4959 1482 5012 ταῖς
1521 4951 1713 5023 ψήφοις

119 5041 406 5093 σννῇενσιν
449 5038 832 5094 ἀποκλείσασα.
863 5039 948 5100 Ὠς
996 5037 1082 5090 οὖν
1127 5040 1186 5091 οὐ
1237 5045 1391 5112 μόνον
1442 5045 1712 5107 κανονικὴ,

121 5129 238 5180 ἀλλὰ
261 5134 348 5181 καὶ
382 5128 741 5203 φιλάνθρωπος
774 5131 802 5186 ἡ
845 5131 1061 5185 τοιαύτη
1112 5135 1274 5180 πᾶσιν
1325 5126 1496 5192 ἔδοξεν
1546 5128 1714 5181 ἐπιτί-

124 5238 292 5288 μησις,
326 5214 553 5273 ἐπεδόθη
595 5217 734 5287 αὐτῷ
764 5215 1043 5274 αἰτήσαντι
1068 5223 1157 5268 καὶ
1181 5237 1238 5268 το
1277 5221 1422 5290 παρὰ
1453 5214 1716 5293 διαφόρων

125 5309 403 5381 ὑπογραερεν
451 5305 747 5378 εὓ.ητάριον
800 5327 812 5340 ο
868 5311 959 5358 καὶ
1005 5305 1275 5382 ὑπέγραψε
1323 5311 1412 5358 καὶ
1462 5307 1616 5369 αὐτὸς
1669 5305 1715 5358 ἐν

128 5396 254 5466 αὐτῷ
266 5439 278 5451 .

187 5610 228 5644 ‘°
262 5609 438 5668 Eccli.
479 5625 541 5678 γ,
579 5611 662 5664 14.

1819 4612 2061 4650 versum
2127 4595 2326 4662 cieret,
2393 4594 2815 4668 lacrymasque
2892 4594 3121 4650 cunctis
3185 4591 3472 4661 eliceret;

1820 4692 2214 4756 nostramque
2245 4683 2398 4740 adeo
2443 4685 2917 4740 mediocritatem
2968 4683 3046 4739 ad
3096 4682 3477 4738 clementiam

1821 4789 1991 4845 teque
2019 4777 2464 4839 commoveret;
2497 4778 2724 4841 nostra,
2771 4773 3047 4845 inquam,
3094 4770 3478 4827 mediocritas

1822 4879 1959 4918 cum
1988 4878 2159 4917 sacra
2199 4861 2560 4916 fraternitate
2589 4877 2709 4916 uno
2740 4859 3164 4918 tantummodo
3196 4873 3357 4915 anno
3386 4857 3480 4912 Ni—

1823 4967 2059 5006 caenum
2105 4950 2433 5005 ministerio
2481 4949 2808 5021 prohibuit,
2857 4950 3122 5020 itemque
3177 4945 3478 5015 suffragiis

1823 5039 2236 5096 conventiciis.
2272 5039 2415 5103 Quae
2466 5053 2605 5093 cum
2652 5054 2838 5110 pugna
2882 5053 3005 5092 non
3060 5035 3256 5092 solum
3300 5049 3480 5089 cano-

1824 5132 1961 5185 nica
2013 5143 2225 5182 verum
2284 5127 2464 5182 etiam
2517 5127 2680 5182 mitis
2730 5127 3012 5182 omnibus
3076 5125 3207 5180 visa
3267 5127 3475 5191 esset;

1825 5217 2081 5274 traditus
2115 5217 2230 5288 ipsi
2263 5231 2507 5288 quoque
2545 5216 2769 5288 petenti
2806 5213 3041 5269 libellus
3078 5212 3191 5269 fuit
3234 5229 3270 5270 a
3318 5227 3482 5269 com-

1825 5306 2102 5380 pluribus
2163 5305 2292 5375 jam
2352 5304 2758 5375 subscriptus,
2836 5302 3154 5375 eidemque
3233 5305 3293 5359 et
3351 5302 3480 5374 ipse

1829 5394 2158 5466 suscripsit.
