4046 6310
599 314 711 376 279

1941 310 2212 371 NICETE
2255 309 2468 371 CHONI
2475 312 2624 370 ΑἸῈ

3870 319 4010 393 28*

671 442 730 501 4.
756 442 927 500 Hunc
953 441 1108 499 Deus
1138 439 1322 497 ﬁnem
1374 437 1796 514 suprascriptis
1836 437 2019 497 rebus
2059 439 2231 512 impo

2436 435 2505 492 cl".
2535 444 2780 493 Τοιοῦτον
2810 440 2940 503 Θεὸς
2960 440 3018 494 τὸ
3052 442 3211 517 πέρας
3239 447 3348 506 τοῖς
3390 444 3714 520 προτεθιῖσιν
3747 443 4010 517 ἐπήνεγ

604 531 766 601 suit;
799 530 882 587 sic
919 545 1146 601 magna
1189 528 1459 586 Ecclesiae
1505 533 1835 602 tempestas
1874 529 2081 586 sedata
2113 532 2200 585 est
2230 544 2245 596 ;

602 621 692 676 sic
715 619 863 690 regii
892 619 1109 693 sceptri
1133 618 1354 688 dignus
1389 617 1755 684 moderator,
1802 617 1880 675 ab
1921 616 2248 675 universali

601 709 1003 781 gubernatore
1029 712 1151 765 Deo
1178 708 1477 782 impulsus
1523 712 1703 782 atque
1745 708 2023 780 directus,
2068 706 2250 764 tradi-

598 802 691 856 tos
741 797 855 854 sibi
902 797 1179 854 subditos
1230 797 1565 863 custodivit,
1621 812 1922 871 nemoque
1975 796 2246 858 omnino,

594 887 789 962 periit,
820 902 1002 944 nemo
1028 887 1088 944 in
1122 886 1493 960 profundum
1535 886 1798 943 haeretici
1839 885 2037 942 cordis
2081 901 2247 942 mare

594 978 903 1050 projectus
927 976 1036 1033 fuit
1064 994 1078 1045 ;
1108 976 1233 1033 imo
1271 976 1509 1033 lucente
1550 976 1716 1033 velut
1772 975 2070 1049 speculari
2116 975 2246 1032 face

595 1064 757 1123 ducti
785 1065 864 1123 ad
898 1070 1073 1122 rectae
1115 1064 1256 1120 ﬁdei
1303 1070 1547 1137 portum
1588 1065 1787 1121 cuncti
1828 1068 2242 1137 pervenerant.

596 1156 689 1213 Sic
712 1171 876 1212 nunc
905 1158 1088 1211 etiam
1123 1154 1222 1210 Dei
1261 1154 1583 1227 sapientia,
1634 1154 1942 1210 novellum
1989 1154 2244 1211 alterum

592 1245 706 1301 sibi
727 1244 1144 1301 habitaculum
1172 1244 1234 1299 in
1272 1244 1389 1300 hoc
1427 1259 1568 1314 rege
1606 1243 1948 1314 aedificavit,
1991 1248 2244 1316 septem-

587 1334 731 1407 pliei
758 1334 945 1390 divini
976 1334 1226 1406 Spiritus
1256 1348 1505 1389 munere
1536 1338 1891 1390 exornatum
1918 1351 1930 1389 :
1982 1349 2243 1406 cumque

588 1426 759 1480 Patre
785 1423 1136 1490 adveniens,
1167 1422 1547 1479 mansionem
1574 1422 1686 1479 sibi
1716 1424 1777 1478 in
1798 1438 1868 1478 eo
1919 1422 2131 1493 effecit,
2177 1427 2244 1480 ut

585 1512 650 1569 in
671 1512 990 1583 Evangelio
1017 1511 1408 1584 promittitur:
1437 1516 1493 1567 et
1513 1511 1774 1568 scientiae
1798 1511 2015 1584 poculo
2043 1512 2241 1569 eidem

584 1601 827 1668 tradito,
856 1600 1084 1656 cunctis
1114 1598 1254 1655 inde
1281 1599 1520 1656 haurire
1549 1599 1962 1656 insatiabiliter
1991 1616 2241 1657 conces-

588 1688 698 1758 sit;
722 1705 844 1762 qua
868 1688 1060 1759 gratia
1089 1704 1304 1760 reapse
1334 1687 1564 1762 repleti,
1594 1705 1752 1745 verte
1787 1686 1915 1744 vitis
1960 1689 2238 1762 palmites

2356 545 2440 581 κεν
2469 548 2482 562 ο
2512 527 2672 591 οὕτως
2702 531 2733 588 ἡ
2766 528 2967 603 μεγάλη
2997 529 3128 592 ζάλη
3171 540 3266 593 τῆς
3305 530 3615 596 Ἐκκλησίας
3643 532 4010 606 ὶγκατεστὸ·

2355 636 2540 693 ρεσται
2563 638 2576 653 ·
2609 619 2773 682 οὕτως
2798 619 2824 671 ὀ
2856 627 2957 671 τῶν
2979 618 3271 693 βασιλικῶν
3291 627 3569 698 σκήπτρων
3586 624 4010 696 οἰακοστρόφο

2357 705 2588 777 ἑπάξιος,
2610 715 2684 779 τῷ
2705 714 2798 761 τοῦ
2826 712 3019 772 παντὸς
3055 709 3343 784 κυϐερνήτῃ
3370 715 3478 783 Θεῷ
3522 715 3821 785 κινούμενος
3889 732 4009 765 κα

2357 796 2799 870 οἰκονομούμενος,
2827 797 2948 861 τούς
2976 798 3113 869 αύτῷ
3163 796 3476 872 δεδομένους
3513 806 3602 855 καὶ
3633 800 4009 875 ἀρχομένου

2356 883 2589 959 ἐφύλαξε,
2605 892 2695 940 καὶ
2721 884 2895 951 οὐδεὶς
2919 895 3017 941 τῶν
3037 890 3242 942 πάντων
3267 887 3498 944 ἀπώλετο
3522 910 3536 926 ·
3568 888 3694 945 οὔδε
3712 891 3784 954 εἰς
3806 890 4010 964 βᾶθι

2355 972 2582 1049 καρδίας
2611 973 2911 1052 ἑτεροδόξου
2947 977 3218 1041 θαλάσσης
3241 976 3555 1056 ἀπέῤῥιπται
3582 1002 3595 1015 ·
3616 979 3804 1042 ἀλλ’ὡς
3822 984 4010 1057 πύρ-

2353 1086 2431 1138 γῳ
2462 1074 2845 1140 φρυκτωροῦντι
2873 1069 3039 1139 τούτῳ
3069 1064 3519 1142 καθοδηγούμενοι
3546 1077 3655 1133 τοῖς
3675 1079 3770 1134 τῆς
3803 1069 3876 1145 ὀρ
3890 1073 3984 1124 θο
4008 1108 4009 1111 η

2355 1153 2554 1216 σεϐείας
2575 1154 2753 1228 λιμέσι
2779 1156 2966 1218 πάντες
2995 1154 3503 1231 ἓγκαθωρμίσθησαν
3528 1179 3541 1193 ·
3579 1158 3715 1212 οὕτω
3745 1163 3838 1212 καὶ
3874 1169 4010 1213 νῦν

2353 1248 2384 1302 ἠ
2416 1252 2509 1296 τοῦ
2540 1252 2674 1298 Θεοῦ
2706 1249 2865 1317 σοφία
2891 1250 3184 1318 καινότερον
3209 1249 3377 1322 ἕτερον
3409 1252 3597 1323 τρόπον
3628 1247 3768 1301 οἶκον
3790 1248 4010 1323 ἑαυτῇ

2350 1336 2438 1386 τὸν
2461 1332 2688 1407 βασιλέα
2714 1341 2896 1387 τοῦτον
2928 1332 3303 1408 ἀνῳκοδόμησε
3327 1357 3340 1370 ·
3373 1345 3483 1400 τοῖς
3514 1334 3821 1400 ἐπταδικοῖς
3868 1348 4010 1392 τοῦ

2353 1422 2490 1475 θείου
2522 1426 2817 1495 Πνεύματος
2846 1428 3239 1496 πεπυκασμένον
3283 1430 3592 1500 χαρίσμασι
3616 1447 3629 1460 ·
3679 1431 3771 1479 καὶ
3819 1430 4010 1500 μετὰ

2348 1518 2441 1563 τοῦ
2472 1515 2672 1586 Πατρός
2696 1511 2919 1564 ἐλθοῦσα
2943 1516 3035 1570 τὴν
3060 1517 3219 1585 μονὴν
3264 1512 3313 1566 ἓν
3358 1514 3495 1586 αὐτῷ
3524 1522 3770 1587 ποιεῖται,
3816 1521 4010 1569 κατὰ

2348 1604 2436 1659 τὴν
2468 1599 2516 1653 ἐν
2543 1600 2876 1673 Εὐαγγελίοις
2912 1602 3210 1673 ὑπόσχεσιν
3241 1622 3254 1637 ο
3298 1608 3388 1656 καί
3433 1607 3525 1655 τόν
3565 1612 3662 1665 τῆς
3705 1610 4009 1676 γνώσεως

2347 1699 2586 1765 κρατῆρα
2623 1693 2790 1762 τούτῳ
2833 1696 3143 1766 χειρίσασα,
3191 1696 3354 1744 πᾶσιν
3404 1690 3675 1745 ἀπαντλείν
3714 1696 4001 1748 ἀκένωτα

587 1779 786 1833 cuncti
825 1780 1162 1843 evaserunt,
1212 1779 1273 1833 in
1320 1777 1437 1834 hac
1500 1777 1774 1834 videlicet
1818 1782 2129 1835 manentes
2180 1784 2231 1835 et

2349 1775 2574 1832 δίδωσιν
2600 1801 2611 1813 ·
2642 1780 2702 1832 οὗ
2731 1785 2820 1832 καὶ
2848 1783 3069 1854 χάριτος
3106 1780 3349 1853 κλήματα
3372 1790 3465 1841 τῆς
3508 1777 3752 1843 ὢιηθινῆς
3783 1781 3997 1854 ἀμπέ-

582 1865 1031 1937 fructiﬁcautes,
1064 1866 1391 1940 vinumque
1421 1866 1817 1939 propinantes
1843 1866 2009 1940 quod
2040 1868 2235 1924 ortho-

584 1954 748 2012 doxa
776 1955 959 2013 corda
986 1954 1267 2012 laetificat.
1302 1958 1429 2012 Haec
1460 1960 1547 2012 est
1573 1956 1857 2013 nimirum
1908 1957 2235 2029 praeterito-

579 2060 717 2102 rum
744 2043 1127 2117 imperatoris
1166 2045 1515 2103 meritorum
1551 2046 1824 2113 coronis;
1856 2045 1972 2102 hoc
2020 2051 2109 2102 est
2148 2047 2235 2102 in-

579 2133 1083 2206 comparabilium
1113 2139 1480 2208 tropaeorum
1500 2135 1631 2206 ejus
1682 2135 1919 2191 culmen
1948 2154 1961 2202 ;
1989 2136 2117 2191 hate
2148 2140 2235 2194 est

576 2223 918 2281 futurorum
945 2223 1217 2295 ejusdem
1240 2224 1648 2281 maximorum
1669 2224 2004 2280 facinorum
2030 2226 2228 2284 arrha.

579 2313 672 2370 Sic
703 2314 856 2368 Deus
883 2313 1242 2369 imitatorem
1279 2328 1457 2367 suum
1486 2327 1714 2383 regem,
1736 2319 1801 2369 ut
1830 2329 1966 2369 cum
2007 2330 2231 2385 magno

574 2401 833 2458 Jeremia
891 2400 1235 2473 loquamur,
1298 2401 1475 2472 quasi
1541 2402 1838 2457 munitam
1900 2401 2113 2459 urbem
2168 2403 2231 2461 in

574 2504 756 2561 omne
789 2493 1025 2561 tempus
1052 2488 1276 2560 statuit,
1311 2493 1368 2546 et
1396 2489 1570 2562 quasi
1597 2489 1876 2546 columen
1918 2492 2112 2548 cuncti
2142 2508 2229 2549 re-

574 2578 929 2649 gnatoribus
955 2583 1123 2634 terrae
1173 2582 1353 2651 atque
1400 2579 1771 2651 potentibus,
1809 2584 1867 2636 ‘et
1911 2582 2229 2638 sacerdoti-

570 2667 708 2736 bus,
736 2671 915 2741 atque
946 2667 1175 2740 populo
1205 2667 1390 2723 orbis.
1419 2670 1611 2734 Quare
1643 2669 1826 2725 etiam
1857 2684 1928 2726 ea
1973 2687 2109 2743 quae
2140 2688 2228 2728 se-

570 2758 843 2828 quuntur
896 2755 1000 2825 ibi,
1043 2755 1413 2812 conﬁdenter
1474 2756 1805 2828 praedicare
1854 2757 2026 2825 licet;
2073 2775 2226 2815 nun-

569 2861 759 2917 quam
785 2845 1008 2901 scilicet
1043 2844 1169 2902 fore
1200 2849 1263 2902 ut
1290 2846 1577 2903 adversus
1621 2863 1761 2904 eum
1796 2847 1994 2920 quivis
2040 2849 2226 2905 hostis

568 2933 910 3006 praevaleat,
943 2933 1087 3008 quia
1117 2934 1406 2991 Dominus
1435 2952 1573 2991 cum
1596 2935 1729 3008 ipso
1775 2942 1880 2993 est.
1930 2936 2073 2995 Huic
2114 2938 2225 3009 igi-

569 3028 665 3079 tur
689 3024 956 3081 maximo
986 3025 1332 3097 imperatori
1361 3030 1569 3082 nostro
1600 3027 1728 3099 (qui
1777 3026 1839 3083 in
1868 3042 1939 3083 eo
1982 3043 2226 3100 quoque

570 3112 1025 3169 similitudinem
1056 3129 1194 3169 cum
1217 3116 1336 3171 Deo
1368 3120 1584 3183 servat,
1606 3115 1773 3187 quod
1799 3114 1963 3171 aliud
1990 3116 2220 3172 nullum
2253 3141 2296 3199 α

567 3217 642 3258 ex
667 3202 898 3259 usitatis
921 3218 1145 3259 nomen
1190 3207 1295 3273 est,
1347 3205 1760 3275 praerogativis
1802 3206 1931 3275 ejus
1980 3207 2220 3277 mentis,

570 3291 778 3360 animi,
834 3306 1071 3358 manus,
1126 3297 1308 3364 atque
1372 3293 1706 3364 prudenlire
1745 3295 2223 3363 convenientius)

567 3395 749 3435 nemo
780 3396 1030 3451 prorsus
1051 3381 1285 3438 debitas
1314 3382 1532 3438 referre
1563 3383 1784 3452 gratias
1812 3385 2223 3455 poterit.Atta-

567 3483 710 3524 men
740 3468 945 3524 etfusis
999 3484 1074 3525 ex
1118 3470 1242 3526 imo
1285 3470 1464 3525 corde
1510 3472 1791 3544 precibus
1839 3474 2035 3529 cuncti
2082 3473 2223 3529 huic

568 3556 847 3613 favemus
874 3562 1054 3630 atque
1099 3557 1484 3629 plaudimus:
1534 3565 1591 3615 et
1629 3577 1768 3616 cum
1814 3578 1953 3632 rege
2000 3562 2221 3618 Davide

569 3646 867 3717 canimus,
891 3649 1077 3703 Ponat
1109 3650 1262 3703 Deus
1295 3649 1580 3705 thronum
1613 3651 1740 3720 ejus
1779 3651 1929 3707 sicut
1953 3651 2080 3708 dies
2106 3670 2221 3709 coe-

559 3733 624 3806 li,
659 3739 840 3807 atque
878 3734 941 3790 in
990 3737 1425 3809 sempiternum
1464 3743 1760 3811 praeparet
1806 3756 2012 3797 semen
2065 3741 2218 3813 ejus,

566 3839 903 3897 omnesque
931 3825 1130 3880 cordis
1153 3826 1281 3896 ejus
1305 3826 1616 3898 petitiones
1648 3828 2217 3900 compleat;cunclae

563 3920 770 3982 gentes
798 3913 1060 3970 serviant
1083 3914 1134 3970 ei
1160 3932 1172 3982 ;
1206 3919 1263 3971 et
1290 3915 1563 3985 ejusdem
1585 3915 1811 3972 fructus
1836 3935 2019 3989 supra
2053 3919 2218 3976 Liba-

560 4016 713 4060 num
776 4003 1086 4069 exaltetur,
1129 4009 1184 4059 et
1230 4019 1333 4060 rex
1384 4020 1704 4079 nunquam
1747 4007 2036 4080 appellari
2066 4008 2216 4065 desi-

559 4096 704 4147 nat:
739 4091 932 4150 donec
983 4108 1057 4149 ex
1115 4092 1232 4149 hoc
1280 4095 1557 4163 terrestri,
1609 4100 1746 4169 post
1802 4096 2017 4167 longos
2074 4098 2214 4154 solis

561 4177 889 4251 anfractus,
935 4183 1015 4239 ad
1061 4182 1295 4241 caeleste
1347 4182 1686 4243 immortale
1741 4201 1997 4257 regnum
2050 4204 2211 4245 com-

555 4265 791 4339 migret.

2345 1866 2433 1919 λου
2460 1870 2638 1929 πάντες
2664 1869 2970 1941 εὑρέθησαν,
3015 1866 3063 1920 ἓν
3110 1871 3271 1944 ταύτῃ
3318 1874 3562 1942 μείναντα
3612 1865 3994 1945 καρποδοτή-

2348 1975 2528 2023 σαντα,
2563 1962 2651 2009 καὶ
2676 1960 2762 2009 τόν
2791 1959 2885 2019 τὰς
2909 1953 3225 2032 ὀρθοδόξους
3249 1954 3474 2031 καρδίας
3496 1958 3835 2034 εὐφραίνοντα
3860 1969 3995 2022 τῆς

2345 2046 2607 2109 εὐσεϐείας
2636 2043 2768 2099 οἶνον
2799 2047 3106 2119 πηγάζοντα
3125 2068 3137 2080 ·
3166 2055 3319 2100 τοῦτο
3348 2055 3448 2099 τῶν
3467 2046 3833 2122 προλαϐόντων
3854 2052 4009 2102 acac?

2341 2137 2686 2211 τορθωμάτων
2747 2132 2839 2190 τοῦ
2902 2134 3281 2211 αὐτοκράτορος
3318 2137 3536 2211 ἄριστον
3603 2136 3926 2212 ἀκροθίνιον
3962 2161 3981 2174 ο

2342 2232 2495 2277 τοῦτο
2560 2233 2660 2278 τῶν
2730 2224 3098 2301 ἀπαραμῦιλων
3166 2226 3326 2278 αὑτοῦ
3382 2230 3643 2300 τροπαίων
3695 2226 3979 2299 μέλω-τον

2343 2312 2749 2387 ἓγκαλλὼπισμα
2772 2336 2784 2349 ·
2813 2322 2965 2368 τοῦτο
2987 2313 3270 2388 μελλόντων
3301 2315 3552 2388 μειζόνων
3579 2314 3983 2391 μεγαλουργη-

2341 2405 2516 2475 μάτων
2547 2402 2801 2476 ἐχέγγυον
2835 2426 2848 2438 ·
2883 2406 3017 2457 οὕτω
3047 2407 3175 2465 Θεὸς
3198 2407 3286 2457 τὸν
3320 2404 3479 2456 αὐτοῦ
3509 2408 3745 2477 μιμητὴν
3780 2404 3977 2479 βασι-

2338 2492 2445 2564 λέα,
2479 2497 2612 2547 κάτά
2636 2498 2722 2547 τόν
2751 2500 2913 2567 μέγαν
2941 2494 3188 2568 Ἰερεμίαν
3220 2494 3395 2561 εἰπεῖν,
3430 2497 3499 2556 ὡς
3535 2495 3683 2547 πόλιν
3732 2495 3978 2573 ὀχυρὰν

2340 2581 2387 2634 ἓν
2414 2588 2569 2636 παντὶ
2593 2592 2759 2657 καιρῷ
2790 2585 2985 2637 τέθεικε
3013 2605 3026 2618 ·
3060 2588 3149 2636 καὶ
3174 2585 3244 2646 ὡς
3276 2583 3459 2635 στύλον
3490 2585 3658 2637 άπασι
3689 2592 3799 2645 τοῖς
3819 2605 3981 2661 κρα-

2336 2680 2490 2726 τοῦσι
2518 2682 2613 2735 τῆς
2640 2681 2757 2744 γῆς,
2791 2677 2880 2725 καὶ
2905 2679 3014 2736 τοῖς
3053 2674 3307 2746 ἄρχουσι,
3342 2677 3432 2724 καὶ
3473 2678 3576 2735 τοῖς
3626 2675 3823 2745 ἱερεῦσι
3852 2681 3973 2728 καὶ

2334 2768 2407 2831 τῷ
2436 2761 2542 2833 λαῷ
2572 2770 2663 2823 τῆς
2686 2769 2782 2834 γῆς
2812 2783 2825 2796 °
2858 2765 2922 2822 ὡς
2970 2764 3194 2815 ἐντεῦθεν
3235 2760 3560 2837 θαρρούντως
3602 2766 3690 2814 καὶ
3721 2766 3787 2815 τά
3820 2763 3928 2827 ἐξῆ
3948 2784 3974 2828 ς

2337 2848 2752 2923 ἀναφθέγγεσθαι
2784 2872 2796 2884 ·
2835 2851 2894 2904 ού
2917 2856 2987 2924 μὴ
3022 2848 3281 2904 δύνωνται
3309 2854 3436 2926 πρὸς
3467 2851 3620 2903 αὐτὸν
3664 2855 3860 2916 πάντες
3905 2857 3969 2907 oi

2336 2937 2675 3013 ἀντικείμενοι
2699 2961 2711 2974 ·
2748 2936 2887 2993 διότι
2917 2943 3105 3014 Κύριος
3134 2941 3244 3013 μετ’
3275 2940 3436 2993 αὐτοῦ
3458 2939 3618 2994 ἔστιν.
3642 2947 3839 2994 Τοῦτον
3870 2940 3961 3003 δὴ

2335 3032 2421 3081 τὸν
2469 3034 2714 3102 μέγιστον
2760 3032 2902 3102 ἡμῶν
2948 3030 3309 3106 αὐτοκράτορα
3355 3034 3441 3084 τὸν
3490 3028 3584 3082 κάν
3623 3033 3791 3103 τούτῳ
3838 3038 3959 3093 τὴν

2334 3120 2459 3191 πρὸς
2489 3121 2617 3172 Θεὸν
2649 3118 2913 3194 ἐμφέρειαν
2942 3119 3196 3191 σώζοντα,
3228 3121 3309 3172 ὅτι
3338 3116 3504 3193 μηδέν
3536 3118 3648 3174 ἔστι
3676 3124 3854 3173 κοινόν
3893 3143 3960 3175 τι

2333 3208 2826 3282 προσαρμοζόμενον
2857 3212 3017 3281 ὄνομα
3046 3210 3159 3279 (46)
3185 3215 3293 3271 τοῖς
3324 3211 3460 3261 κατά
3493 3215 3609 3260 νοῦν
3636 3214 3725 3261 καὶ
3740 3208 3956 3282 ψυχὴν

2333 3301 2424 3349 καὶ
2453 3304 2610 3371 χεῖρα
2640 3302 2730 3350 καὶ
2764 3300 2969 3350 σύνεσιν
3001 3298 3160 3350 αὐτοῦ
3199 3303 3610 3373 προτερήμασιν,
3645 3298 3797 3372 ἑτέρῳ
3841 3304 3957 3372 μὲν

2334 3381 2507 3438 οὐδενὶ
2537 3388 2737 3448 πάντως
2763 3385 3071 3460 ἀμείϐεσθαι
3099 3391 3273 3461 τρόπῳ
3303 3395 3402 3439 τῶν
3434 3406 3513 3449 τις
3557 3387 3795 3440 ἁπάντων
3829 3385 3955 3443 δυ·-

2332 3478 2544 3532 νησεται
2574 3496 2586 3508 ·
2619 3473 2802 3547 εὐχαῖς
2835 3472 2894 3529 δὲ
2927 3476 3215 3549 ξύμπαντες
3247 3472 3546 3549 ἐγκαρδίοις
3575 3481 3664 3529 καὶ
3706 3477 3955 3549 υτγγλι-

2331 3566 2540 3636 χόμεθα
2569 3570 2658 3617 καὶ
2688 3561 3097 3638 συνδεξιούμεθα
3121 3587 3133 3599 ·
3166 3568 3297 3638 μετὰ
3324 3570 3496 3618 τοίνυν
3540 3573 3631 3619 τοῦ
3673 3563 3956 3641 βασιλέως

2331 3650 2518 3723 Δαϐὶδ,
2554 3659 2681 3713 Θείη
2716 3656 2923 3727 Κύριος,
2950 3651 3166 3727 ᾄδομεν,
3194 3659 3280 3706 τὸν
3310 3655 3485 3728 θρόνον
3526 3654 3685 3707 αὐτοῦ
3734 3658 3804 3718 ὡς
3835 3660 3953 3720 τὰς

2330 3742 2527 3816 ἡμέρας
2555 3750 2645 3795 τοῦ
2676 3742 2894 3818 ούρανοῦ
2926 3764 2938 3777 ·
2969 3748 3058 3796 καὶ
3084 3744 3155 3805 εἰς
3186 3742 3349 3796 αἰῶνα
3378 3744 3656 3817 ἑτοιμάσαι
3678 3747 3736 3797 τό
3771 3750 3950 3819 σπέρ-

2328 3852 2404 3904 μα
2433 3832 2590 3885 αύτοῠ
2621 3852 2633 3866 ·
2664 3838 2752 3885 καὶ
2777 3833 3055 3907 πληρῶσαι
3080 3836 3249 3885 πάντα
3279 3836 3344 3885 τὰ
3373 3842 3468 3897 τῆς
3507 3833 3667 3886 αὑτοῦ
3697 3833 3946 3907 καρδίας

2329 3922 2592 3994 αἰτήματα
2616 3943 2628 3955 ο
2661 3926 2751 3973 καὶ
2782 3924 2952 3974 πάντα
2979 3925 3044 3975 τὰ
3070 3923 3183 3979 ἔθνη
3221 3919 3599 3975 δουλεύσουσιν
3621 3923 3761 3994 αύτῷ
3787 3945 3801 3957 ·
3833 3930 3941 3978 καὶ

2327 4012 2352 4063 ό
2382 4014 2578 4084 καρπός
2610 4011 2768 4063 αὐτοῦ
2794 4012 3103 4085 ύπεραρθείη
3136 4012 3262 4085 ὑπὲρ
3290 4015 3375 4063 τόν
3396 4010 3615 4065 Λίϐανον
3636 4033 3648 4045 ·
3673 4017 3763 4064 καὶ
3782 4014 3938 4075 τέλος

2321 4110 2417 4162 τῆς
2445 4099 2729 4173 βασιλικῆς
2760 4104 3127 4174 προσωνυμίας
3151 4102 3315 4171 τούτῳ
3362 4103 3433 4173 μὴ
3462 4105 3661 4172 γένοιτο
3696 4121 3709 4134 ο
3741 4099 3795 4152 ἐκ
3829 4112 3936 4164 τῆς

2323 4189 2548 4263 ἐπιγείου
2578 4192 2767 4251 ταύτης
2797 4192 2928 4260 μετά
2955 4194 3190 4265 μακροὺς
3219 4190 3365 4247 ἡλίου
3396 4189 3638 4257 κύκλους,
3687 4189 3765 4244 ἐπὶ
3821 4196 3928 4252 τὴν

2322 4280 2370 4333 ἐν
2399 4280 2636 4355 ούρανοις
2658 4278 2975 4333 ἀκατάλυτον
3005 4279 3278 4354 βασιλείαν
3303 4285 3587 4356 μεταχωρὴ
3599 4301 3766 4339 σαντι.

1580 4448 1930 4522 Sequuntur
1964 4455 2427 4527 subscriptiones
2459 4456 2878 4528 autographae.

619 4621 871 4678 Humilis
913 4623 1250 4680 monachus
1300 4626 1489 4681 Lucas
1539 4624 1922 4684 miseratione
1967 4630 2065 4687 Dei
2113 4647 2203 4689 ar-
2235 4632 2282 4687 D

545 4709 965 4785 chiepiscopus
996 4713 1599 4787 Constantinopoleos
1628 4731 1800 4773 novae
1835 4720 2055 4775 Romae.

615 4801 868 4859 Humilis
922 4801 1416 4877 archiepiscopus
1471 4806 1873 4879 metropoleos
1916 4812 2200 4869 Cmsareae

542 4889 945 4965 Cappadociae
975 4890 1333 4966 Stephanus.

611 4981 1013 5039 Sanctissimae
1043 4981 1445 5055 metropoleos
1470 4983 1684 5055 Ephesi
1707 4986 2195 5062 archiepiscopus

532 5066 780 5126 humilis
804 5070 986 5127 Nilus.

604 5158 856 5215 Humilis
886 5160 1268 5233 metropolita
1299 5160 1590 5219 Heracleae
1621 5162 1885 5221 Michael.

601 5246 859 5305 Humilis
889 5251 1274 5324 metropolita
1308 5252 1481 5308 Cizici
1511 5252 1778 5309 Basilius.

600 5336 850 5393 Humilis
881 5341 1199 5413 metropoli
1210 5347 1268 5397 ta
1292 5342 1653 5398 Nicomediae
1680 5342 1943 5400 Michael.

598 5425 853 5482 Humilis
876 5430 1259 5502 metropolita
1286 5430 1496 5488 Nicaeae
1523 5433 1831 5503 Georgius.

2379 4632 2437 4686 Ὀ
2463 4637 2695 4697 ταπεινὸς
2723 4637 2961 4709 μόναχὸς
2987 4641 3188 4696 Λουκᾶς
3202 4640 3292 4688 καὶ
3318 4634 3437 4709 ἐλέῳ
3460 4643 3593 4689 Θεού
3626 4635 3919 4712 ἀρχιεπίσ-

2306 4742 2464 4786 κοπος
2494 4724 3079 4788 Κωνσταντινουπόλεως
3110 4728 3226 4789 νέας
3255 4724 3474 4799 Ῥώμης.

2376 4812 2434 4866 Ὁ
2466 4812 2672 4877 εὐτελὴς
2698 4813 3112 4887 ἀρχιεπίσκοπος
3158 4823 3254 4879 τῆς
3295 4812 3657 4891 μητροπόλεως
3698 4822 3912 4872 Καισα-

2301 4906 2445 4977 ρείας
2476 4899 2860 4966 Καππαδοκίας
2887 4907 3148 4976 Στέφανος.

2370 4990 2429 5044 Ὀ
2458 5000 2555 5053 τῆς
2584 4991 2876 5063 ἁγιωτάτης
2904 4992 3267 5068 μητροπόλεως
3307 4993 3522 5065 Ἐφέσου
3548 4995 3910 5070 ἀρχιεπίσκο·

2297 5100 2388 5143 πος
2407 5086 2642 5144 ταπεινὸς
2668 5089 2707 5134 Ν
2719 5081 2791 5134 ἴλο
2802 5103 2842 5144 ς.

2363 5170 2422 5223 Ὀ
2452 5170 2652 5232 εύτελὴς
2680 5171 3069 5244 μητροπολίτης
3092 5170 3395 5248 Ἡρακλείας
3433 5172 3678 5246 Μιχαὴλ.

2269 5272 2276 5279 ’
2362 5259 2419 5313 Ὀ
2450 5259 2653 5321 εὐτελὴς
2673 5260 3052 5336 μητροπολίτης
3087 5263 3318 5324 Κυζίκου
3350 5261 3640 5336 βασίλειος.

2359 5348 2418 5401 Ὀ
2448 5349 2651 5411 εὐτελὴς
2678 5349 3065 5425 μητροπολίτης
3094 5357 3141 5404 Ν
3146 5348 3454 5425 ικομηδείας
3479 5351 3720 5425 Μιχαὴλ.

2357 5437 2417 5491 Ὀ
2448 5437 2657 5503 εὐτελὴς
2681 5439 3066 5514 μητροπολίτης
3094 5445 3323 5505 Νικαίας
3352 5446 3629 5515 Γεώργιος.

593 5604 708 5680 (46)
734 5605 1096 5665 Emmanuel
1125 5606 1462 5679 signiﬁcare
1487 5610 1649 5669 Deus
1677 5613 1983 5672 nobiscum
2012 5628 2193 5673 nemo
2220 5613 2484 5688 ignorat.
