  <div class='ocr_page' id='page_1' title='image "/cluster/home/n/w/nwhite01/storage/ocr_20150623/140/pst.000005714568/183.png"; bbox 0 0 4046 6310; ppageno 0'>
   <div class='ocr_carea' id='block_1_1' title="bbox 499 271 609 333">
    <p class='ocr_par' dir='ltr' id='par_1_1' title="bbox 499 271 609 333">
     <span class='ocr_line' id='line_1_1' title="bbox 499 271 609 333; baseline 0 0"><span class='ocrx_word' id='word_1_1' title='bbox 499 271 609 333; x_wconf 74' lang='lat'><strong>283</strong></span> 
     </span>
    </p>
   </div>
   <div class='ocr_carea' id='block_1_2' title="bbox 1774 269 2588 347">
    <p class='ocr_par' dir='ltr' id='par_1_2' title="bbox 1774 269 2588 347">
     <span class='ocr_line' id='line_1_2' title="bbox 1774 269 2588 347; baseline -0.011 -16"><span class='ocrx_word' id='word_1_2' title='bbox 1774 270 2051 339; x_wconf 72' lang='lat' dir='ltr'><strong>CODICIS.</strong></span> <span class='ocrx_word' id='word_1_3' title='bbox 2086 269 2370 347; x_wconf 57' lang='lat' dir='ltr'>unumst</span> <span class='ocrx_word' id='word_1_4' title='bbox 2409 269 2588 343; x_wconf 67' lang='lat' dir='ltr'>xxiv.</span> 
     </span>
    </p>
   </div>
   <div class='ocr_carea' id='block_1_3' title="bbox 3766 273 3920 333">
    <p class='ocr_par' dir='ltr' id='par_1_3' title="bbox 3766 273 3920 333">
     <span class='ocr_line' id='line_1_3' title="bbox 3766 273 3920 333; baseline 0.045 -7"><span class='ocrx_word' id='word_1_5' title='bbox 3766 273 3920 333; x_wconf 65' lang='grc'><strong>284</strong></span> 
     </span>
    </p>
   </div>
   <div class='ocr_carea' id='block_1_4' title="bbox 499 395 2150 473">
    <p class='ocr_par' dir='ltr' id='par_1_4' title="bbox 499 395 2145 468">
     <span class='ocr_line' id='line_1_4' title="bbox 499 395 2145 468; baseline -0.001 -13"><span class='ocrx_word' id='word_1_6' title='bbox 499 395 960 455; x_wconf 73' lang='lat' dir='ltr'>Manichaeorum</span> <span class='ocrx_word' id='word_1_7' title='bbox 981 397 1265 459; x_wconf 60' lang='lat' dir='ltr'>haeresim</span> <span class='ocrx_word' id='word_1_8' title='bbox 1289 396 1624 468; x_wconf 82' lang='lat' dir='ltr'>amplexus,</span> <span class='ocrx_word' id='word_1_9' title='bbox 1637 411 1877 455; x_wconf 89' lang='lat' dir='ltr'>crucem</span> <span class='ocrx_word' id='word_1_10' title='bbox 1895 410 2145 455; x_wconf 87' lang='lat' dir='ltr'>venera-</span> 
     </span>
    </p>
   </div>
   <div class='ocr_carea' id='block_1_5' title="bbox 2259 395 3915 473">
    <p class='ocr_par' dir='ltr' id='par_1_5' title="bbox 2259 396 3915 471">
     <span class='ocr_line' id='line_1_5' title="bbox 2259 396 3915 471; baseline -0.001 -23"><span class='ocrx_word' id='word_1_11' title='bbox 2259 396 2434 464; x_wconf 80' lang='grc' dir='ltr'><strong>Λίζιξ,</strong></span> <span class='ocrx_word' id='word_1_12' title='bbox 2474 397 2546 463; x_wconf 81' lang='grc' dir='ltr'><strong>ὃς,</strong></span> <span class='ocrx_word' id='word_1_13' title='bbox 2591 396 2657 449; x_wconf 84' lang='grc' dir='ltr'><strong>τὰ</strong></span> <span class='ocrx_word' id='word_1_14' title='bbox 2692 400 3005 468; x_wconf 76' lang='grc' dir='ltr'><strong>Μανιχαίων</strong></span> <span class='ocrx_word' id='word_1_15' title='bbox 3036 401 3319 470; x_wconf 66' lang='grc' dir='ltr'><strong>φρονήσας,</strong></span> <span class='ocrx_word' id='word_1_16' title='bbox 3369 399 3457 451; x_wconf 83' lang='grc' dir='ltr'><strong>τὸν</strong></span> <span class='ocrx_word' id='word_1_17' title='bbox 3492 397 3915 471; x_wconf 52' lang='grc' dir='ltr'><strong>προπυνητόν</strong></span> 
     </span>
    </p>
   </div>
   <div class='ocr_carea' id='block_1_6' title="bbox 500 485 2152 561">
    <p class='ocr_par' dir='ltr' id='par_1_6' title="bbox 500 485 2152 561">
     <span class='ocr_line' id='line_1_6' title="bbox 500 485 2152 561; baseline -0.001 -18"><span class='ocrx_word' id='word_1_18' title='bbox 500 486 683 543; x_wconf 86' lang='lat' dir='ltr'><strong>bilem</strong></span> <span class='ocrx_word' id='word_1_19' title='bbox 715 485 1025 559; x_wconf 68' lang='lat' dir='ltr'><strong>stultitiam</strong></span> <span class='ocrx_word' id='word_1_20' title='bbox 1058 487 1381 545; x_wconf 81' lang='lat' dir='ltr'><strong>arbitratus</strong></span> <span class='ocrx_word' id='word_1_21' title='bbox 1421 491 1512 547; x_wconf 80' lang='lat' dir='ltr'><strong>est</strong></span> <span class='ocrx_word' id='word_1_22' title='bbox 1543 501 1696 553; x_wconf 90' lang='lat' dir='ltr'>esse,</span> <span class='ocrx_word' id='word_1_23' title='bbox 1730 485 1920 549; x_wconf 88' lang='lat' dir='ltr'>Deum</span> <span class='ocrx_word' id='word_1_24' title='bbox 1953 490 2008 542; x_wconf 83' lang='lat' dir='ltr'>et</span> <span class='ocrx_word' id='word_1_25' title='bbox 2039 488 2152 561; x_wconf 87' lang='lat' dir='ltr'><strong>Do-</strong></span> 
     </span>
    </p>
   </div>
   <div class='ocr_carea' id='block_1_7' title="bbox 500 574 2153 655">
    <p class='ocr_par' dir='ltr' id='par_1_7' title="bbox 500 574 2153 655">
     <span class='ocr_line' id='line_1_7' title="bbox 500 574 2153 655; baseline -0.001 -23"><span class='ocrx_word' id='word_1_26' title='bbox 500 576 739 655; x_wconf 82' lang='lat' dir='ltr'>minum</span> <span class='ocrx_word' id='word_1_27' title='bbox 758 582 1029 635; x_wconf 87' lang='lat' dir='ltr'>nostrum</span> <span class='ocrx_word' id='word_1_28' title='bbox 1057 580 1262 637; x_wconf 86' lang='lat' dir='ltr'>Jesum</span> <span class='ocrx_word' id='word_1_29' title='bbox 1285 576 1579 647; x_wconf 81' lang='lat' dir='ltr'><strong>Christum</strong></span> <span class='ocrx_word' id='word_1_30' title='bbox 1598 579 1937 649; x_wconf 72' lang='lat' dir='ltr'><strong>creaturam</strong></span> <span class='ocrx_word' id='word_1_31' title='bbox 1961 574 2153 649; x_wconf 70' lang='lat' dir='ltr'>nomi-</span> 
     </span>
    </p>
   </div>
   <div class='ocr_carea' id='block_1_8' title="bbox 501 665 2152 740">
    <p class='ocr_par' dir='ltr' id='par_1_8' title="bbox 501 665 2152 740">
     <span class='ocr_line' id='line_1_8' title="bbox 501 665 2152 740; baseline -0.009 -5"><span class='ocrx_word' id='word_1_32' title='bbox 501 676 710 735; x_wconf 89' lang='lat' dir='ltr'>nando</span> <span class='ocrx_word' id='word_1_33' title='bbox 734 668 1234 730; x_wconf 88' lang='lat' dir='ltr'>etsanctissimam</span> <span class='ocrx_word' id='word_1_34' title='bbox 1260 667 1392 739; x_wconf 79' lang='lat' dir='ltr'>ejus</span> <span class='ocrx_word' id='word_1_35' title='bbox 1409 671 1662 739; x_wconf 73' lang='lat' dir='ltr'>matrem</span> <span class='ocrx_word' id='word_1_36' title='bbox 1683 665 1999 740; x_wconf 82' lang='lat' dir='ltr'>Deiparam</span> <span class='ocrx_word' id='word_1_37' title='bbox 2019 679 2152 733; x_wconf 77' lang='lat' dir='ltr'>esse</span> 
     </span>
    </p>
   </div>
   <div class='ocr_carea' id='block_1_9' title="bbox 500 753 2154 837">
    <p class='ocr_par' dir='ltr' id='par_1_9' title="bbox 500 753 2154 837">
     <span class='ocr_line' id='line_1_9' title="bbox 500 753 2154 837; baseline -0.008 -12"><span class='ocrx_word' id='word_1_38' title='bbox 500 764 804 837; x_wconf 85' lang='lat' dir='ltr'>negando.</span> <span class='ocrx_word' id='word_1_39' title='bbox 843 761 1008 819; x_wconf 86' lang='lat' dir='ltr'><strong>Idem</strong></span> <span class='ocrx_word' id='word_1_40' title='bbox 1039 756 1467 831; x_wconf 85' lang='lat' dir='ltr'><strong>mysteriorum</strong></span> <span class='ocrx_word' id='word_1_41' title='bbox 1513 753 1963 821; x_wconf 84' lang='lat' dir='ltr'>tremendorum</span> <span class='ocrx_word' id='word_1_42' title='bbox 1991 768 2154 812; x_wconf 89' lang='lat' dir='ltr'>com-</span> 
     </span>
    </p>
   </div>
   <div class='ocr_carea' id='block_1_10' title="bbox 502 841 2150 913">
    <p class='ocr_par' dir='ltr' id='par_1_10' title="bbox 502 841 2150 913">
     <span class='ocr_line' id='line_1_10' title="bbox 502 841 2150 913; baseline -0.008 -3"><span class='ocrx_word' id='word_1_43' title='bbox 502 853 852 910; x_wconf 89' lang='lat' dir='ltr'>munionem</span> <span class='ocrx_word' id='word_1_44' title='bbox 884 847 1084 913; x_wconf 83' lang='lat' dir='ltr'><strong>irrisit,</strong></span> <span class='ocrx_word' id='word_1_45' title='bbox 1117 851 1175 907; x_wconf 89' lang='lat' dir='ltr'><strong>et</strong></span> <span class='ocrx_word' id='word_1_46' title='bbox 1218 860 1356 901; x_wconf 88' lang='lat' dir='ltr'><strong>cum</strong></span> <span class='ocrx_word' id='word_1_47' title='bbox 1391 841 1653 900; x_wconf 89' lang='lat' dir='ltr'>asseclas</span> <span class='ocrx_word' id='word_1_48' title='bbox 1676 841 2001 903; x_wconf 80' lang='lat' dir='ltr'><strong>invenisset</strong></span> <span class='ocrx_word' id='word_1_49' title='bbox 2027 856 2150 899; x_wconf 91' lang='lat' dir='ltr'><strong>non</strong></span> 
     </span>
    </p>
   </div>
   <div class='ocr_carea' id='block_1_11' title="bbox 500 930 2142 1016">
    <p class='ocr_par' dir='ltr' id='par_1_11' title="bbox 500 930 2142 1016">
     <span class='ocr_line' id='line_1_11' title="bbox 500 930 2142 1016; baseline -0.009 -17"><span class='ocrx_word' id='word_1_50' title='bbox 500 956 750 1016; x_wconf 84' lang='lat' dir='ltr'>paucos,</span> <span class='ocrx_word' id='word_1_51' title='bbox 784 937 1179 997; x_wconf 83' lang='lat' dir='ltr'>Lizicinorum</span> <span class='ocrx_word' id='word_1_52' title='bbox 1207 937 1371 1003; x_wconf 84' lang='lat' dir='ltr'>secta</span> <span class='ocrx_word' id='word_1_53' title='bbox 1415 931 1708 1002; x_wconf 73' lang='lat' dir='ltr'><strong>originem</strong></span> <span class='ocrx_word' id='word_1_54' title='bbox 1747 930 1889 989; x_wconf 88' lang='lat' dir='ltr'>inde</span> <span class='ocrx_word' id='word_1_55' title='bbox 1945 930 2142 997; x_wconf 63' lang='lat' dir='ltr'>traxit.</span> 
     </span>
    </p>
   </div>
   <div class='ocr_carea' id='block_1_12' title="bbox 502 1017 2154 1102">
    <p class='ocr_par' dir='ltr' id='par_1_12' title="bbox 502 1017 2154 1102">
     <span class='ocr_line' id='line_1_12' title="bbox 502 1017 2154 1102; baseline -0.01 -14"><span class='ocrx_word' id='word_1_56' title='bbox 502 1034 671 1088; x_wconf 86' lang='lat' dir='ltr'>Hunc</span> <span class='ocrx_word' id='word_1_57' title='bbox 695 1030 892 1102; x_wconf 83' lang='lat' dir='ltr'>virum</span> <span class='ocrx_word' id='word_1_58' title='bbox 921 1030 1165 1085; x_wconf 88' lang='lat' dir='ltr'>sanctus</span> <span class='ocrx_word' id='word_1_59' title='bbox 1195 1020 1523 1081; x_wconf 85' lang='lat' dir='ltr'>Methodius</span> <span class='ocrx_word' id='word_1_60' title='bbox 1551 1019 1631 1079; x_wconf 91' lang='lat' dir='ltr'><strong>ad</strong></span> <span class='ocrx_word' id='word_1_61' title='bbox 1658 1018 1842 1091; x_wconf 82' lang='lat' dir='ltr'>ﬁdem</span> <span class='ocrx_word' id='word_1_62' title='bbox 1870 1017 2154 1092; x_wconf 74' lang='lat' dir='ltr'>orthodo-</span> 
     </span>
    </p>
   </div>
   <div class='ocr_carea' id='block_1_13' title="bbox 503 1108 2149 1185">
    <p class='ocr_par' dir='ltr' id='par_1_13' title="bbox 503 1108 2149 1185">
     <span class='ocr_line' id='line_1_13' title="bbox 503 1108 2149 1185; baseline -0.009 -8"><span class='ocrx_word' id='word_1_63' title='bbox 503 1136 643 1177; x_wconf 85' lang='lat' dir='ltr'>xam</span> <span class='ocrx_word' id='word_1_64' title='bbox 673 1134 813 1175; x_wconf 91' lang='lat' dir='ltr'><strong>cum</strong></span> <span class='ocrx_word' id='word_1_65' title='bbox 838 1115 1199 1182; x_wconf 83' lang='lat' dir='ltr'>reduxisset,</span> <span class='ocrx_word' id='word_1_66' title='bbox 1229 1111 1291 1168; x_wconf 93' lang='lat' dir='ltr'><strong>id</strong></span> <span class='ocrx_word' id='word_1_67' title='bbox 1320 1110 1514 1171; x_wconf 73' lang='lat' dir='ltr'>effecit</span> <span class='ocrx_word' id='word_1_68' title='bbox 1536 1114 1601 1167; x_wconf 91' lang='lat' dir='ltr'><strong>ut</strong></span> <span class='ocrx_word' id='word_1_69' title='bbox 1626 1108 1726 1182; x_wconf 77' lang='lat' dir='ltr'>alii</span> <span class='ocrx_word' id='word_1_70' title='bbox 1750 1124 1994 1185; x_wconf 87' lang='lat' dir='ltr'>quoque</span> <span class='ocrx_word' id='word_1_71' title='bbox 2019 1108 2149 1183; x_wconf 84' lang='lat' dir='ltr'><strong>ejus</strong></span> 
     </span>
    </p>
   </div>
   <div class='ocr_carea' id='block_1_14' title="bbox 504 1197 2152 1281">
    <p class='ocr_par' dir='ltr' id='par_1_14' title="bbox 504 1197 2152 1281">
     <span class='ocr_line' id='line_1_14' title="bbox 504 1197 2152 1281; baseline -0.008 -15"><span class='ocrx_word' id='word_1_72' title='bbox 504 1209 853 1281; x_wconf 90' lang='lat' dir='ltr'>exemplum</span> <span class='ocrx_word' id='word_1_73' title='bbox 883 1207 1291 1278; x_wconf 78' lang='lat' dir='ltr'>sequerentur.</span> <span class='ocrx_word' id='word_1_74' title='bbox 1325 1203 1440 1273; x_wconf 72' lang='lat' dir='ltr'>ﬂos</span> <span class='ocrx_word' id='word_1_75' title='bbox 1468 1198 1566 1259; x_wconf 84' lang='lat' dir='ltr'><strong>die</strong></span> <span class='ocrx_word' id='word_1_76' title='bbox 1612 1199 1816 1271; x_wconf 82' lang='lat' dir='ltr'>aliquo</span> <span class='ocrx_word' id='word_1_77' title='bbox 1863 1197 2013 1255; x_wconf 84' lang='lat' dir='ltr'>festo</span> <span class='ocrx_word' id='word_1_78' title='bbox 2061 1212 2152 1253; x_wconf 84' lang='lat' dir='ltr'>so-</span> 
     </span>
    </p>
   </div>
   <div class='ocr_carea' id='block_1_15' title="bbox 502 1285 2153 1365">
    <p class='ocr_par' dir='ltr' id='par_1_15' title="bbox 502 1285 2153 1365">
     <span class='ocr_line' id='line_1_15' title="bbox 502 1285 2153 1365; baseline -0.009 -10"><span class='ocrx_word' id='word_1_79' title='bbox 502 1298 779 1355; x_wconf 85' lang='lat' dir='ltr'>lemniter</span> <span class='ocrx_word' id='word_1_80' title='bbox 807 1309 977 1359; x_wconf 88' lang='lat' dir='ltr'>sacro</span> <span class='ocrx_word' id='word_1_81' title='bbox 1003 1296 1305 1365; x_wconf 79' lang='lat' dir='ltr'>unguenta</span> <span class='ocrx_word' id='word_1_82' title='bbox 1326 1288 1626 1353; x_wconf 79' lang='lat' dir='ltr'>delibutus</span> <span class='ocrx_word' id='word_1_83' title='bbox 1649 1293 1706 1343; x_wconf 87' lang='lat' dir='ltr'>et</span> <span class='ocrx_word' id='word_1_84' title='bbox 1724 1285 1997 1347; x_wconf 83' lang='lat' dir='ltr'><strong>candidis</strong></span> <span class='ocrx_word' id='word_1_85' title='bbox 2019 1300 2153 1345; x_wconf 81' lang='lat' dir='ltr'>vas-</span> 
     </span>
    </p>
   </div>
   <div class='ocr_carea' id='block_1_16' title="bbox 504 1375 2149 1459">
    <p class='ocr_par' dir='ltr' id='par_1_16' title="bbox 504 1375 2149 1459">
     <span class='ocr_line' id='line_1_16' title="bbox 504 1375 2149 1459; baseline -0.009 -14"><span class='ocrx_word' id='word_1_86' title='bbox 504 1387 667 1459; x_wconf 87' lang='lat' dir='ltr'>tibus</span> <span class='ocrx_word' id='word_1_87' title='bbox 693 1392 943 1455; x_wconf 79' lang='lat' dir='ltr'>ornatos</span> <span class='ocrx_word' id='word_1_88' title='bbox 973 1386 1298 1456; x_wconf 84' lang='lat' dir='ltr'>postquam</span> <span class='ocrx_word' id='word_1_89' title='bbox 1336 1378 1496 1453; x_wconf 84' lang='lat' dir='ltr'>faces</span> <span class='ocrx_word' id='word_1_90' title='bbox 1524 1377 1587 1435; x_wconf 90' lang='lat' dir='ltr'><strong>in</strong></span> <span class='ocrx_word' id='word_1_91' title='bbox 1625 1392 1836 1451; x_wconf 79' lang='lat' dir='ltr'>eorum</span> <span class='ocrx_word' id='word_1_92' title='bbox 1867 1375 2149 1449; x_wconf 81' lang='lat' dir='ltr'>manibus</span> 
     </span>
    </p>
   </div>
   <div class='ocr_carea' id='block_1_17' title="bbox 501 1465 1908 1551">
    <p class='ocr_par' dir='ltr' id='par_1_17' title="bbox 501 1465 1908 1551">
     <span class='ocr_line' id='line_1_17' title="bbox 501 1465 1908 1551; baseline -0.009 -17"><span class='ocrx_word' id='word_1_93' title='bbox 501 1477 818 1551; x_wconf 85' lang='lat' dir='ltr'><strong>posuisset,</strong></span> <span class='ocrx_word' id='word_1_94' title='bbox 841 1471 1317 1531; x_wconf 85' lang='lat' dir='ltr'>orthodoxorum</span> <span class='ocrx_word' id='word_1_95' title='bbox 1348 1470 1531 1525; x_wconf 85' lang='lat' dir='ltr'>choro</span> <span class='ocrx_word' id='word_1_96' title='bbox 1561 1465 1908 1541; x_wconf 78' lang='lat' dir='ltr'>immiscuit.</span> 
     </span>
    </p>
   </div>
   <div class='ocr_carea' id='block_1_18' title="bbox 2259 485 3912 559">
    <p class='ocr_par' dir='ltr' id='par_1_18' title="bbox 2259 485 3912 559">
     <span class='ocr_line' id='line_1_18' title="bbox 2259 485 3912 559; baseline -0.002 -22"><span class='ocrx_word' id='word_1_97' title='bbox 2259 487 2483 558; x_wconf 85' lang='grc' dir='ltr'><strong>σταυρὸν</strong></span> <span class='ocrx_word' id='word_1_98' title='bbox 2522 503 2721 559; x_wconf 78' lang='grc' dir='ltr'><strong>μωρίαν</strong></span> <span class='ocrx_word' id='word_1_99' title='bbox 2751 485 2948 559; x_wconf 63' lang='lat' dir='ltr'>inrtio,</span> <span class='ocrx_word' id='word_1_100' title='bbox 2972 490 3063 542; x_wconf 78' lang='grc' dir='ltr'><strong>καὶ</strong></span> <span class='ocrx_word' id='word_1_101' title='bbox 3095 488 3182 537; x_wconf 83' lang='grc' dir='ltr'><strong>τὸν</strong></span> <span class='ocrx_word' id='word_1_102' title='bbox 3210 488 3400 558; x_wconf 73' lang='grc' dir='ltr'><strong>Κύριον</strong></span> <span class='ocrx_word' id='word_1_103' title='bbox 3428 489 3520 539; x_wconf 84' lang='grc' dir='ltr'><strong>καὶ</strong></span> <span class='ocrx_word' id='word_1_104' title='bbox 3549 488 3679 549; x_wconf 70' lang='grc' dir='ltr'><strong>Θεὸν</strong></span> <span class='ocrx_word' id='word_1_105' title='bbox 3709 486 3912 557; x_wconf 74' lang='grc' dir='ltr'><strong>ἡμῶν</strong></span> 
     </span>
    </p>
   </div>
   <div class='ocr_carea' id='block_1_19' title="bbox 2257 572 3910 647">
    <p class='ocr_par' dir='ltr' id='par_1_19' title="bbox 2257 572 3910 647">
     <span class='ocr_line' id='line_1_19' title="bbox 2257 572 3910 647; baseline -0.005 -15"><span class='ocrx_word' id='word_1_106' title='bbox 2257 574 2464 643; x_wconf 72' lang='grc' dir='ltr'><strong>Ἰησοῦν</strong></span> <span class='ocrx_word' id='word_1_107' title='bbox 2493 576 2723 646; x_wconf 82' lang='grc' dir='ltr'><strong>Χριστὸν</strong></span> <span class='ocrx_word' id='word_1_108' title='bbox 2754 572 3020 646; x_wconf 75' lang='grc' dir='ltr'><strong>ὀνομάζων</strong></span> <span class='ocrx_word' id='word_1_109' title='bbox 3048 577 3270 647; x_wconf 73' lang='grc' dir='ltr'><strong>κτίσμα,</strong></span> <span class='ocrx_word' id='word_1_110' title='bbox 3300 579 3395 633; x_wconf 70' lang='grc' dir='ltr'><strong>τὴν</strong></span> <span class='ocrx_word' id='word_1_111' title='bbox 3414 575 3672 646; x_wconf 78' lang='grc' dir='ltr'><strong>πάναγνον</strong></span> <span class='ocrx_word' id='word_1_112' title='bbox 3694 574 3910 631; x_wconf 74' lang='grc' dir='ltr'><strong>αὐτοῦ</strong></span> 
     </span>
    </p>
   </div>
   <div class='ocr_carea' id='block_1_20' title="bbox 2256 659 3911 737">
    <p class='ocr_par' dir='ltr' id='par_1_20' title="bbox 2256 659 3911 737">
     <span class='ocr_line' id='line_1_20' title="bbox 2256 659 3911 737; baseline -0.001 -23"><span class='ocrx_word' id='word_1_113' title='bbox 2256 666 2459 736; x_wconf 75' lang='grc' dir='ltr'><strong>μητέρα</strong></span> <span class='ocrx_word' id='word_1_114' title='bbox 2510 666 2762 733; x_wconf 81' lang='grc' dir='ltr'><strong>Θεοτόκον</strong></span> <span class='ocrx_word' id='word_1_115' title='bbox 2819 661 2914 729; x_wconf 73' lang='grc' dir='ltr'><strong>ούκ</strong></span> <span class='ocrx_word' id='word_1_116' title='bbox 2969 660 3124 733; x_wconf 70' lang='grc' dir='ltr'><strong>ἔλίγεο</strong></span> <span class='ocrx_word' id='word_1_117' title='bbox 3184 661 3335 734; x_wconf 66' lang='grc' dir='ltr'><strong>ἕγεᾌα</strong></span> <span class='ocrx_word' id='word_1_118' title='bbox 3372 659 3432 717; x_wconf 72' lang='grc' dir='ltr'><strong>δε</strong></span> <span class='ocrx_word' id='word_1_119' title='bbox 3488 666 3623 737; x_wconf 81' lang='grc' dir='ltr'><strong>πρὸς</strong></span> <span class='ocrx_word' id='word_1_120' title='bbox 3659 665 3911 723; x_wconf 76' lang='grc' dir='ltr'><strong>τούτοις</strong></span> 
     </span>
    </p>
   </div>
   <div class='ocr_carea' id='block_1_21' title="bbox 2257 750 3899 827">
    <p class='ocr_par' dir='ltr' id='par_1_21' title="bbox 2257 750 3899 827">
     <span class='ocr_line' id='line_1_21' title="bbox 2257 750 3899 827; baseline -0.002 -22"><span class='ocrx_word' id='word_1_121' title='bbox 2257 757 2347 805; x_wconf 88' lang='grc' dir='ltr'><strong>καί</strong></span> <span class='ocrx_word' id='word_1_122' title='bbox 2372 755 2466 810; x_wconf 80' lang='grc' dir='ltr'><strong>την</strong></span> <span class='ocrx_word' id='word_1_123' title='bbox 2505 760 2603 804; x_wconf 81' lang='grc' dir='ltr'><strong>τῶν</strong></span> <span class='ocrx_word' id='word_1_124' title='bbox 2644 759 2870 826; x_wconf 74' lang='grc' dir='ltr'><strong>φρικτῶν</strong></span> <span class='ocrx_word' id='word_1_125' title='bbox 2906 755 2996 804; x_wconf 86' lang='grc' dir='ltr'><strong>καί</strong></span> <span class='ocrx_word' id='word_1_126' title='bbox 3027 753 3175 811; x_wconf 74' lang='grc' dir='ltr'><strong>θείων</strong></span> <span class='ocrx_word' id='word_1_127' title='bbox 3199 756 3507 826; x_wconf 76' lang='grc' dir='ltr'><strong>μυστηρίων</strong></span> <span class='ocrx_word' id='word_1_128' title='bbox 3544 750 3899 827; x_wconf 72' lang='grc' dir='ltr'><strong>ρετάληψιν,</strong></span> 
     </span>
    </p>
   </div>
   <div class='ocr_carea' id='block_1_22' title="bbox 2259 836 3905 911">
    <p class='ocr_par' dir='ltr' id='par_1_22' title="bbox 2259 836 3905 911">
     <span class='ocr_line' id='line_1_22' title="bbox 2259 836 3905 911; baseline -0.001 -17"><span class='ocrx_word' id='word_1_129' title='bbox 2259 839 2467 894; x_wconf 83' lang='grc' dir='ltr'><strong>Πολλῶν</strong></span> <span class='ocrx_word' id='word_1_130' title='bbox 2498 836 2558 893; x_wconf 70' lang='grc' dir='ltr'><strong>δὲ</strong></span> <span class='ocrx_word' id='word_1_131' title='bbox 2589 840 2731 911; x_wconf 83' lang='grc' dir='ltr'><strong>αύτῷ</strong></span> <span class='ocrx_word' id='word_1_132' title='bbox 2759 844 2850 894; x_wconf 89' lang='grc' dir='ltr'><strong>καί</strong></span> <span class='ocrx_word' id='word_1_133' title='bbox 2892 840 3057 909; x_wconf 69' lang='grc' dir='ltr'><strong>ἄλλων</strong></span> <span class='ocrx_word' id='word_1_134' title='bbox 3105 838 3587 909; x_wconf 55' lang='grc' dir='ltr'><strong>ἀκολουθησάντων,</strong></span> <span class='ocrx_word' id='word_1_135' title='bbox 3628 841 3905 901; x_wconf 69' lang='grc' dir='ltr'><strong>ὶντεῡθεν</strong></span> 
     </span>
    </p>
   </div>
   <div class='ocr_carea' id='block_1_23' title="bbox 2257 929 3903 1006">
    <p class='ocr_par' dir='ltr' id='par_1_23' title="bbox 2257 929 3903 1006">
     <span class='ocr_line' id='line_1_23' title="bbox 2257 929 3903 1006; baseline -0.002 -23"><span class='ocrx_word' id='word_1_136' title='bbox 2257 932 2287 988; x_wconf 83' lang='grc' dir='ltr'><strong>ἠ</strong></span> <span class='ocrx_word' id='word_1_137' title='bbox 2316 938 2414 983; x_wconf 78' lang='grc' dir='ltr'><strong>τῶν</strong></span> <span class='ocrx_word' id='word_1_138' title='bbox 2455 929 2734 1002; x_wconf 75' lang='grc' dir='ltr'><strong>λεγομένων</strong></span> <span class='ocrx_word' id='word_1_139' title='bbox 2786 930 3107 995; x_wconf 74' lang='grc' dir='ltr'><strong>Λιζικιανῶν</strong></span> <span class='ocrx_word' id='word_1_140' title='bbox 3131 931 3328 1006; x_wconf 59' lang='lat' dir='ltr'><strong>uiguit;</strong></span> <span class='ocrx_word' id='word_1_141' title='bbox 3376 934 3619 991; x_wconf 72' lang='grc' dir='ltr'><strong>συνέστη.</strong></span> <span class='ocrx_word' id='word_1_142' title='bbox 3662 936 3903 984; x_wconf 76' lang='grc' dir='ltr'><strong>Τοῦτον</strong></span> 
     </span>
    </p>
   </div>
   <div class='ocr_carea' id='block_1_24' title="bbox 2256 1015 3901 1092">
    <p class='ocr_par' dir='ltr' id='par_1_24' title="bbox 2256 1015 3901 1092">
     <span class='ocr_line' id='line_1_24' title="bbox 2256 1015 3901 1092; baseline -0.001 -22"><span class='ocrx_word' id='word_1_143' title='bbox 2256 1023 2422 1071; x_wconf 80' lang='grc' dir='ltr'><strong>τοίνυν</strong></span> <span class='ocrx_word' id='word_1_144' title='bbox 2451 1020 2477 1071; x_wconf 88' lang='grc' dir='ltr'><strong>ὁ</strong></span> <span class='ocrx_word' id='word_1_145' title='bbox 2520 1019 2665 1089; x_wconf 77' lang='grc' dir='ltr'><strong>ἅγιος</strong></span> <span class='ocrx_word' id='word_1_146' title='bbox 2716 1015 2973 1085; x_wconf 72' lang='grc' dir='ltr'><strong>Μεθοδιος</strong></span> <span class='ocrx_word' id='word_1_147' title='bbox 3009 1023 3199 1080; x_wconf 78' lang='grc' dir='ltr'><strong>πείσας</strong></span> <span class='ocrx_word' id='word_1_148' title='bbox 3233 1019 3554 1092; x_wconf 76' lang='grc' dir='ltr'><strong>μεταθέσθαι</strong></span> <span class='ocrx_word' id='word_1_149' title='bbox 3593 1021 3723 1092; x_wconf 82' lang='grc' dir='ltr'><strong>πρὸς</strong></span> <span class='ocrx_word' id='word_1_150' title='bbox 3771 1017 3901 1076; x_wconf 67' lang='grc' dir='ltr'><strong>τῆν</strong></span> 
     </span>
    </p>
   </div>
   <div class='ocr_carea' id='block_1_25' title="bbox 2258 1104 3904 1182">
    <p class='ocr_par' dir='ltr' id='par_1_25' title="bbox 2258 1104 3904 1182">
     <span class='ocr_line' id='line_1_25' title="bbox 2258 1104 3904 1182; baseline -0.001 -23"><span class='ocrx_word' id='word_1_151' title='bbox 2258 1104 2536 1182; x_wconf 79' lang='grc' dir='ltr'><strong>ὀρθόδοξον</strong></span> <span class='ocrx_word' id='word_1_152' title='bbox 2590 1112 2787 1175; x_wconf 80' lang='grc' dir='ltr'><strong>πίστιν,</strong></span> <span class='ocrx_word' id='word_1_153' title='bbox 2836 1111 3104 1161; x_wconf 74' lang='grc' dir='ltr'><strong>συνέπεισε</strong></span> <span class='ocrx_word' id='word_1_154' title='bbox 3154 1104 3213 1161; x_wconf 83' lang='grc' dir='ltr'><strong>δί</strong></span> <span class='ocrx_word' id='word_1_155' title='bbox 3259 1114 3420 1175; x_wconf 78' lang='grc' dir='ltr'><strong>αυτοῦ</strong></span> <span class='ocrx_word' id='word_1_156' title='bbox 3468 1127 3559 1161; x_wconf 85' lang='grc' dir='ltr'><strong>και</strong></span> <span class='ocrx_word' id='word_1_157' title='bbox 3605 1111 3731 1173; x_wconf 85' lang='grc' dir='ltr'><strong>τοὺς</strong></span> <span class='ocrx_word' id='word_1_158' title='bbox 3785 1105 3904 1159; x_wconf 83' lang='grc' dir='ltr'><strong>αλ-</strong></span> 
     </span>
    </p>
   </div>
   <div class='ocr_carea' id='block_1_26' title="bbox 2255 1195 3899 1273">
    <p class='ocr_par' dir='ltr' id='par_1_26' title="bbox 2255 1195 3899 1273">
     <span class='ocr_line' id='line_1_26' title="bbox 2255 1195 3899 1273; baseline -0.001 -24"><span class='ocrx_word' id='word_1_159' title='bbox 2255 1196 2373 1259; x_wconf 87' lang='grc' dir='ltr'><strong>λους</strong></span> <span class='ocrx_word' id='word_1_160' title='bbox 2404 1213 2417 1226; x_wconf 84' lang='lat'><strong>&#39;</strong></span> <span class='ocrx_word' id='word_1_161' title='bbox 2452 1216 2541 1247; x_wconf 87' lang='grc' dir='ltr'><strong>και</strong></span> <span class='ocrx_word' id='word_1_162' title='bbox 2569 1197 2977 1268; x_wconf 72' lang='grc' dir='ltr'><strong>παρασκευάσας</strong></span> <span class='ocrx_word' id='word_1_163' title='bbox 3015 1195 3064 1251; x_wconf 79' lang='grc' dir='ltr'><strong>ἐν</strong></span> <span class='ocrx_word' id='word_1_164' title='bbox 3102 1195 3345 1270; x_wconf 71' lang='grc' dir='ltr'><strong>ἐπισήμῳ</strong></span> <span class='ocrx_word' id='word_1_165' title='bbox 3373 1196 3543 1273; x_wconf 69' lang='grc' dir='ltr'><strong>ἡμέρᾳ</strong></span> <span class='ocrx_word' id='word_1_166' title='bbox 3570 1195 3899 1270; x_wconf 54' lang='lat' dir='ltr'><strong>agapen:-</strong></span> 
     </span>
    </p>
   </div>
   <div class='ocr_carea' id='block_1_27' title="bbox 2259 1285 3895 1361">
    <p class='ocr_par' dir='ltr' id='par_1_27' title="bbox 2259 1285 3895 1361">
     <span class='ocr_line' id='line_1_27' title="bbox 2259 1285 3895 1361; baseline -0.001 -23"><span class='ocrx_word' id='word_1_167' title='bbox 2259 1306 2350 1338; x_wconf 80' lang='grc' dir='ltr'><strong>σαι</strong></span> <span class='ocrx_word' id='word_1_168' title='bbox 2378 1287 2471 1344; x_wconf 76' lang='grc' dir='ltr'><strong>τὴν</strong></span> <span class='ocrx_word' id='word_1_169' title='bbox 2503 1288 2690 1341; x_wconf 75' lang='grc' dir='ltr'><strong>οἰκείαν</strong></span> <span class='ocrx_word' id='word_1_170' title='bbox 2734 1289 2953 1360; x_wconf 83' lang='grc' dir='ltr'><strong>αἰρεσιν,</strong></span> <span class='ocrx_word' id='word_1_171' title='bbox 2997 1290 3200 1359; x_wconf 82' lang='grc' dir='ltr'><strong>χρίσας</strong></span> <span class='ocrx_word' id='word_1_172' title='bbox 3251 1305 3308 1340; x_wconf 88' lang='grc' dir='ltr'><strong>τε</strong></span> <span class='ocrx_word' id='word_1_173' title='bbox 3356 1289 3505 1361; x_wconf 75' lang='grc' dir='ltr'><strong>μύρῳ</strong></span> <span class='ocrx_word' id='word_1_174' title='bbox 3560 1285 3716 1357; x_wconf 80' lang='grc' dir='ltr'><strong>ἁγίῳ,</strong></span> <span class='ocrx_word' id='word_1_175' title='bbox 3769 1289 3895 1338; x_wconf 74' lang='grc' dir='ltr'><strong>καὶ</strong></span> 
     </span>
    </p>
   </div>
   <div class='ocr_carea' id='block_1_28' title="bbox 2254 1371 3892 1448">
    <p class='ocr_par' dir='ltr' id='par_1_28' title="bbox 2254 1371 3892 1448">
     <span class='ocr_line' id='line_1_28' title="bbox 2254 1371 3892 1448; baseline -0.001 -21"><span class='ocrx_word' id='word_1_176' title='bbox 2254 1374 2457 1436; x_wconf 78' lang='grc' dir='ltr'><strong>λευκοῖς</strong></span> <span class='ocrx_word' id='word_1_177' title='bbox 2501 1380 2782 1447; x_wconf 78' lang='grc' dir='ltr'><strong>κοσμήσας</strong></span> <span class='ocrx_word' id='word_1_178' title='bbox 2830 1373 3154 1448; x_wconf 72' lang='grc' dir='ltr'><strong>ἐμφωτείοις,</strong></span> <span class='ocrx_word' id='word_1_179' title='bbox 3191 1371 3476 1448; x_wconf 72' lang='grc' dir='ltr'><strong>λαμπάδας</strong></span> <span class='ocrx_word' id='word_1_180' title='bbox 3533 1378 3892 1446; x_wconf 72' lang='grc' dir='ltr'><strong>κατέχοντας</strong></span> 
     </span>
    </p>
   </div>
   <div class='ocr_carea' id='block_1_29' title="bbox 2256 1461 3073 1539">
    <p class='ocr_par' dir='ltr' id='par_1_29' title="bbox 2256 1461 3073 1539">
     <span class='ocr_line' id='line_1_29' title="bbox 2256 1461 3073 1539; baseline 0.004 -24"><span class='ocrx_word' id='word_1_181' title='bbox 2256 1466 2367 1526; x_wconf 82' lang='grc' dir='ltr'><strong>τοῖς</strong></span> <span class='ocrx_word' id='word_1_182' title='bbox 2399 1461 2698 1539; x_wconf 79' lang='grc' dir='ltr'><strong>ὀρθοδόξοις</strong></span> <span class='ocrx_word' id='word_1_183' title='bbox 2738 1467 3073 1522; x_wconf 85' lang='grc' dir='ltr'><strong>συνέστησεν.</strong></span> 
     </span>
    </p>
   </div>
   <div class='ocr_carea' id='block_1_30' title="bbox 515 1789 3877 1817">
    <p class='ocr_par' dir='ltr' id='par_1_30' title="bbox 515 1789 3877 1817">
     <span class='ocr_line' id='line_1_30' title="bbox 515 1789 3877 1817; baseline -0.001 -12"><span class='ocrx_word' id='word_1_184' title='bbox 515 1789 3877 1817; x_wconf 78' lang='lat'><strong>_____________________________._______________—__</strong></span> 
     </span>
    </p>
   </div>
   <div class='ocr_carea' id='block_1_31' title="bbox 1060 2090 3296 2201">
    <p class='ocr_par' dir='ltr' id='par_1_31' title="bbox 1060 2090 3296 2201">
     <span class='ocr_line' id='line_1_31' title="bbox 1060 2090 3296 2201; baseline -0.005 -5"><span class='ocrx_word' id='word_1_185' title='bbox 1060 2097 1688 2197; x_wconf 87' lang='lat' dir='ltr'><strong>RECENSIO</strong></span> <span class='ocrx_word' id='word_1_186' title='bbox 1774 2094 2254 2192; x_wconf 89' lang='lat' dir='ltr'><strong>CODICIS</strong></span> <span class='ocrx_word' id='word_1_187' title='bbox 2319 2092 2855 2189; x_wconf 88' lang='lat' dir='ltr'><strong>MEDICEI</strong></span> <span class='ocrx_word' id='word_1_188' title='bbox 2918 2090 3296 2201; x_wconf 88' lang='lat' dir='ltr'>XXIV,</span> 
     </span>
    </p>
   </div>
   <div class='ocr_carea' id='block_1_32' title="bbox 2008 2308 2352 2367">
    <p class='ocr_par' dir='ltr' id='par_1_32' title="bbox 2008 2308 2352 2367">
     <span class='ocr_line' id='line_1_32' title="bbox 2008 2308 2352 2367; baseline -0.012 -1"><span class='ocrx_word' id='word_1_189' title='bbox 2008 2311 2209 2367; x_wconf 85' lang='lat' dir='ltr'><strong>PLUT.</strong></span> <span class='ocrx_word' id='word_1_190' title='bbox 2265 2308 2352 2363; x_wconf 86' lang='lat' dir='ltr'>IX.</span> 
     </span>
    </p>
   </div>
   <div class='ocr_carea' id='block_1_33' title="bbox 1053 2484 3326 2569">
    <p class='ocr_par' dir='ltr' id='par_1_33' title="bbox 1053 2484 3326 2569">
     <span class='ocr_line' id='line_1_33' title="bbox 1053 2484 3326 2569; baseline -0.005 -21"><span class='ocrx_word' id='word_1_191' title='bbox 1053 2493 1157 2569; x_wconf 86' lang='lat' dir='ltr'><strong>(Ex</strong></span> <span class='ocrx_word' id='word_1_192' title='bbox 1184 2493 1335 2562; x_wconf 79' lang='lat' dir='ltr'>Aug.</span> <span class='ocrx_word' id='word_1_193' title='bbox 1367 2489 1560 2548; x_wconf 64' lang='lat' dir='ltr'>Mariae</span> <span class='ocrx_word' id='word_1_194' title='bbox 1591 2487 1862 2545; x_wconf 88' lang='lat' dir='ltr'>Bandinii</span> <span class='ocrx_word' id='word_1_195' title='bbox 1888 2485 2176 2544; x_wconf 84' lang='lat' dir='ltr'>fasciculo</span> <span class='ocrx_word' id='word_1_196' title='bbox 2195 2502 2395 2543; x_wconf 90' lang='lat' dir='ltr'>rerum</span> <span class='ocrx_word' id='word_1_197' title='bbox 2427 2488 2787 2543; x_wconf 70' lang='lat' dir='ltr'>Graecarum.</span> <span class='ocrx_word' id='word_1_198' title='bbox 2817 2484 3122 2541; x_wconf 67' lang='lat' dir='ltr'>Florentiae</span> <span class='ocrx_word' id='word_1_199' title='bbox 3143 2484 3326 2554; x_wconf 72' lang='lat' dir='ltr'><strong>i763).</strong></span> 
     </span>
    </p>
   </div>
   <div class='ocr_carea' id='block_1_34' title="bbox 574 2805 3883 2879">
    <p class='ocr_par' dir='ltr' id='par_1_34' title="bbox 574 2805 3883 2879">
     <span class='ocr_line' id='line_1_34' title="bbox 574 2805 3883 2879; baseline -0.002 -12"><span class='ocrx_word' id='word_1_200' title='bbox 574 2811 845 2868; x_wconf 87' lang='lat' dir='ltr'>Continet</span> <span class='ocrx_word' id='word_1_201' title='bbox 873 2809 973 2866; x_wconf 88' lang='lat' dir='ltr'><strong>hic</strong></span> <span class='ocrx_word' id='word_1_202' title='bbox 1012 2810 1200 2866; x_wconf 82' lang='lat' dir='ltr'>codex</span> <span class='ocrx_word' id='word_1_203' title='bbox 1224 2809 1436 2866; x_wconf 71' lang='lat' dir='ltr'>Nicetae</span> <span class='ocrx_word' id='word_1_204' title='bbox 1463 2809 1766 2866; x_wconf 79' lang='lat' dir='ltr'>Choniatae</span> <span class='ocrx_word' id='word_1_205' title='bbox 1792 2809 2153 2865; x_wconf 84' lang='lat' dir='ltr'>Thesaurum</span> <span class='ocrx_word' id='word_1_206' title='bbox 2182 2808 2531 2865; x_wconf 56' lang='lat' dir='ltr'>orthodoxa</span> <span class='ocrx_word' id='word_1_207' title='bbox 2554 2807 2747 2875; x_wconf 75' lang='lat' dir='ltr'>Fidei,</span> <span class='ocrx_word' id='word_1_208' title='bbox 2774 2807 2834 2863; x_wconf 91' lang='lat' dir='ltr'><strong>in</strong></span> <span class='ocrx_word' id='word_1_209' title='bbox 2865 2805 3054 2862; x_wconf 89' lang='lat' dir='ltr'>libros</span> <span class='ocrx_word' id='word_1_210' title='bbox 3102 2807 3288 2871; x_wconf 71' lang='lat' dir='ltr'><strong>XXVII</strong></span> <span class='ocrx_word' id='word_1_211' title='bbox 3327 2806 3651 2877; x_wconf 81' lang='lat' dir='ltr'>digestum,</span> <span class='ocrx_word' id='word_1_212' title='bbox 3680 2821 3883 2879; x_wconf 88' lang='lat' dir='ltr'>quem</span> 
     </span>
    </p>
   </div>
   <div class='ocr_carea' id='block_1_35' title="bbox 500 2895 3880 2975">
    <p class='ocr_par' dir='ltr' id='par_1_35' title="bbox 500 2895 3880 2975">
     <span class='ocr_line' id='line_1_35' title="bbox 500 2895 3880 2975; baseline -0.001 -20"><span class='ocrx_word' id='word_1_213' title='bbox 500 2898 629 2972; x_wconf 91' lang='lat' dir='ltr'>ipse</span> <span class='ocrx_word' id='word_1_214' title='bbox 658 2899 720 2954; x_wconf 92' lang='lat' dir='ltr'><strong>in</strong></span> <span class='ocrx_word' id='word_1_215' title='bbox 751 2898 1006 2969; x_wconf 83' lang='lat' dir='ltr'><strong>gratiam</strong></span> <span class='ocrx_word' id='word_1_216' title='bbox 1037 2899 1237 2975; x_wconf 84' lang='lat' dir='ltr'>amici,</span> <span class='ocrx_word' id='word_1_217' title='bbox 1265 2899 1371 2972; x_wconf 90' lang='lat' dir='ltr'>qui</span> <span class='ocrx_word' id='word_1_218' title='bbox 1390 2905 1567 2973; x_wconf 88' lang='lat' dir='ltr'>capta</span> <span class='ocrx_word' id='word_1_219' title='bbox 1595 2914 1632 2955; x_wconf 91' lang='lat' dir='ltr'>a</span> <span class='ocrx_word' id='word_1_220' title='bbox 1663 2898 1881 2955; x_wconf 87' lang='lat' dir='ltr'>Latinis</span> <span class='ocrx_word' id='word_1_221' title='bbox 1911 2896 2450 2969; x_wconf 86' lang='lat' dir='ltr'>Constantinopoli,</span> <span class='ocrx_word' id='word_1_222' title='bbox 2468 2896 2665 2952; x_wconf 90' lang='lat' dir='ltr'>solum</span> <span class='ocrx_word' id='word_1_223' title='bbox 2685 2900 2912 2952; x_wconf 88' lang='lat' dir='ltr'>vertere</span> <span class='ocrx_word' id='word_1_224' title='bbox 2941 2911 3144 2951; x_wconf 90' lang='lat' dir='ltr'>secum</span> <span class='ocrx_word' id='word_1_225' title='bbox 3166 2899 3411 2951; x_wconf 84' lang='lat' dir='ltr'>coactus</span> <span class='ocrx_word' id='word_1_226' title='bbox 3442 2895 3653 2961; x_wconf 79' lang='lat' dir='ltr'>fuerat,</span> <span class='ocrx_word' id='word_1_227' title='bbox 3684 2895 3745 2951; x_wconf 86' lang='lat' dir='ltr'><strong>in</strong></span> <span class='ocrx_word' id='word_1_228' title='bbox 3769 2910 3880 2951; x_wconf 81' lang='lat' dir='ltr'><strong>ex-</strong></span> 
     </span>
    </p>
   </div>
   <div class='ocr_carea' id='block_1_36' title="bbox 502 2981 3879 3063">
    <p class='ocr_par' dir='ltr' id='par_1_36' title="bbox 502 2981 3879 3063">
     <span class='ocr_line' id='line_1_36' title="bbox 502 2981 3879 3063; baseline -0.002 -19"><span class='ocrx_word' id='word_1_229' title='bbox 502 2987 634 3053; x_wconf 83' lang='lat' dir='ltr'>silio</span> <span class='ocrx_word' id='word_1_230' title='bbox 653 2988 1026 3062; x_wconf 88' lang='lat' dir='ltr'>conscripsit,</span> <span class='ocrx_word' id='word_1_231' title='bbox 1049 2988 1156 3045; x_wconf 91' lang='lat' dir='ltr'><strong>ubi</strong></span> <span class='ocrx_word' id='word_1_232' title='bbox 1176 2992 1312 3063; x_wconf 89' lang='lat' dir='ltr'>post</span> <span class='ocrx_word' id='word_1_233' title='bbox 1334 2987 1671 3062; x_wconf 86' lang='lat' dir='ltr'>expositam</span> <span class='ocrx_word' id='word_1_234' title='bbox 1699 2986 2022 3043; x_wconf 87' lang='lat' dir='ltr'>salutarem</span> <span class='ocrx_word' id='word_1_235' title='bbox 2045 2986 2403 3059; x_wconf 89' lang='lat' dir='ltr'>doctrinam,</span> <span class='ocrx_word' id='word_1_236' title='bbox 2424 3002 2601 3042; x_wconf 91' lang='lat' dir='ltr'>omne</span> <span class='ocrx_word' id='word_1_237' title='bbox 2620 3000 2809 3055; x_wconf 78' lang='lat' dir='ltr'>genus</span> <span class='ocrx_word' id='word_1_238' title='bbox 2829 2985 3126 3042; x_wconf 66' lang='lat' dir='ltr'>haeresum</span> <span class='ocrx_word' id='word_1_239' title='bbox 3145 2990 3563 3057; x_wconf 86' lang='lat' dir='ltr'>sectarumque</span> <span class='ocrx_word' id='word_1_240' title='bbox 3584 2981 3663 3041; x_wconf 88' lang='lat' dir='ltr'><strong>ad</strong></span> <span class='ocrx_word' id='word_1_241' title='bbox 3688 2997 3879 3039; x_wconf 89' lang='lat' dir='ltr'>suam</span> 
     </span>
    </p>
   </div>
   <div class='ocr_carea' id='block_1_37' title="bbox 501 3071 3882 3151">
    <p class='ocr_par' dir='ltr' id='par_1_37' title="bbox 501 3071 3882 3151">
     <span class='ocr_line' id='line_1_37' title="bbox 501 3071 3882 3151; baseline -0.002 -18"><span class='ocrx_word' id='word_1_242' title='bbox 501 3093 694 3151; x_wconf 87' lang='lat' dir='ltr'>usque</span> <span class='ocrx_word' id='word_1_243' title='bbox 724 3083 967 3137; x_wconf 67' lang='lat' dir='ltr'>aetatem</span> <span class='ocrx_word' id='word_1_244' title='bbox 996 3077 1394 3150; x_wconf 87' lang='lat' dir='ltr'>persequitur,</span> <span class='ocrx_word' id='word_1_245' title='bbox 1427 3081 1486 3135; x_wconf 87' lang='lat' dir='ltr'>et</span> <span class='ocrx_word' id='word_1_246' title='bbox 1516 3076 1873 3135; x_wconf 88' lang='lat' dir='ltr'>testimoniis</span> <span class='ocrx_word' id='word_1_247' title='bbox 1913 3080 2181 3132; x_wconf 89' lang='lat' dir='ltr'>veterum</span> <span class='ocrx_word' id='word_1_248' title='bbox 2214 3072 2483 3130; x_wconf 71' lang='lat' dir='ltr'>Ecclesiae</span> <span class='ocrx_word' id='word_1_249' title='bbox 2513 3074 2855 3142; x_wconf 85' lang='lat' dir='ltr'>doctorum,</span> <span class='ocrx_word' id='word_1_250' title='bbox 2884 3072 2978 3130; x_wconf 91' lang='lat' dir='ltr'>vel</span> <span class='ocrx_word' id='word_1_251' title='bbox 3008 3073 3267 3145; x_wconf 84' lang='lat' dir='ltr'>propriis</span> <span class='ocrx_word' id='word_1_252' title='bbox 3295 3073 3672 3142; x_wconf 83' lang='lat' dir='ltr'>argumentis</span> <span class='ocrx_word' id='word_1_253' title='bbox 3698 3071 3882 3128; x_wconf 87' lang='lat' dir='ltr'>refel-</span> 
     </span>
    </p>
   </div>
   <div class='ocr_carea' id='block_1_38' title="bbox 497 3161 3879 3239">
    <p class='ocr_par' dir='ltr' id='par_1_38' title="bbox 497 3161 3879 3239">
     <span class='ocr_line' id='line_1_38' title="bbox 497 3161 3879 3239; baseline -0.001 -17"><span class='ocrx_word' id='word_1_254' title='bbox 497 3165 582 3222; x_wconf 90' lang='lat' dir='ltr'>lit.</span> <span class='ocrx_word' id='word_1_255' title='bbox 616 3168 762 3223; x_wconf 88' lang='lat' dir='ltr'><strong>Cum</strong></span> <span class='ocrx_word' id='word_1_256' title='bbox 792 3182 936 3223; x_wconf 90' lang='lat' dir='ltr'>vero</span> <span class='ocrx_word' id='word_1_257' title='bbox 966 3172 1156 3223; x_wconf 92' lang='lat' dir='ltr'>totum</span> <span class='ocrx_word' id='word_1_258' title='bbox 1180 3166 1296 3223; x_wconf 87' lang='lat' dir='ltr'>hoc</span> <span class='ocrx_word' id='word_1_259' title='bbox 1325 3182 1480 3239; x_wconf 90' lang='lat' dir='ltr'>opus</span> <span class='ocrx_word' id='word_1_260' title='bbox 1505 3171 1749 3239; x_wconf 88' lang='lat' dir='ltr'>propter</span> <span class='ocrx_word' id='word_1_261' title='bbox 1772 3165 1996 3221; x_wconf 89' lang='lat' dir='ltr'>molem</span> <span class='ocrx_word' id='word_1_262' title='bbox 2026 3164 2318 3220; x_wconf 87' lang='lat' dir='ltr'>hactenus</span> <span class='ocrx_word' id='word_1_263' title='bbox 2346 3162 2566 3229; x_wconf 88' lang='lat' dir='ltr'>lucem,</span> <span class='ocrx_word' id='word_1_264' title='bbox 2586 3178 2773 3235; x_wconf 89' lang='lat' dir='ltr'>quam</span> <span class='ocrx_word' id='word_1_265' title='bbox 2803 3167 3085 3231; x_wconf 81' lang='lat' dir='ltr'>meretur,</span> <span class='ocrx_word' id='word_1_266' title='bbox 3117 3162 3283 3218; x_wconf 89' lang='lat' dir='ltr'>haud</span> <span class='ocrx_word' id='word_1_267' title='bbox 3308 3161 3543 3228; x_wconf 91' lang='lat' dir='ltr'>viderit,</span> <span class='ocrx_word' id='word_1_268' title='bbox 3572 3161 3879 3234; x_wconf 83' lang='lat' dir='ltr'>quoniam</span> 
     </span>
    </p>
   </div>
   <div class='ocr_carea' id='block_1_39' title="bbox 500 3249 3878 3329">
    <p class='ocr_par' dir='ltr' id='par_1_39' title="bbox 500 3249 3878 3329">
     <span class='ocr_line' id='line_1_39' title="bbox 500 3249 3878 3329; baseline -0.002 -19"><span class='ocrx_word' id='word_1_269' title='bbox 500 3254 624 3323; x_wconf 87' lang='lat' dir='ltr'><strong>duo</strong></span> <span class='ocrx_word' id='word_1_270' title='bbox 655 3255 827 3312; x_wconf 84' lang='lat' dir='ltr'>facile</span> <span class='ocrx_word' id='word_1_271' title='bbox 873 3255 1186 3312; x_wconf 82' lang='lat' dir='ltr'>volumina</span> <span class='ocrx_word' id='word_1_272' title='bbox 1240 3256 1304 3311; x_wconf 92' lang='lat' dir='ltr'>in</span> <span class='ocrx_word' id='word_1_273' title='bbox 1333 3254 1475 3313; x_wconf 87' lang='lat' dir='ltr'>folio</span> <span class='ocrx_word' id='word_1_274' title='bbox 1515 3254 1860 3329; x_wconf 89' lang='lat' dir='ltr'>compleret,</span> <span class='ocrx_word' id='word_1_275' title='bbox 1892 3252 2185 3311; x_wconf 88' lang='lat' dir='ltr'>librorum</span> <span class='ocrx_word' id='word_1_276' title='bbox 2233 3256 2609 3323; x_wconf 82' lang='lat' dir='ltr'>argumenta,</span> <span class='ocrx_word' id='word_1_277' title='bbox 2642 3268 2905 3325; x_wconf 89' lang='lat' dir='ltr'>quorum</span> <span class='ocrx_word' id='word_1_278' title='bbox 2933 3251 3112 3307; x_wconf 83' lang='lat' dir='ltr'>index</span> <span class='ocrx_word' id='word_1_279' title='bbox 3144 3250 3473 3325; x_wconf 67' lang='lat' dir='ltr'>praecurrit,</span> <span class='ocrx_word' id='word_1_280' title='bbox 3514 3265 3587 3306; x_wconf 87' lang='lat' dir='ltr'><strong>ac</strong></span> <span class='ocrx_word' id='word_1_281' title='bbox 3632 3249 3878 3322; x_wconf 86' lang='lat' dir='ltr'>primas</span> 
     </span>
    </p>
   </div>
   <div class='ocr_carea' id='block_1_40' title="bbox 503 3338 3872 3421">
    <p class='ocr_par' dir='ltr' id='par_1_40' title="bbox 503 3338 3872 3421">
     <span class='ocr_line' id='line_1_40' title="bbox 503 3338 3872 3421; baseline -0.003 -21"><span class='ocrx_word' id='word_1_282' title='bbox 503 3345 662 3405; x_wconf 87' lang='lat' dir='ltr'>duas</span> <span class='ocrx_word' id='word_1_283' title='bbox 685 3343 911 3417; x_wconf 82' lang='lat' dir='ltr'>codicis</span> <span class='ocrx_word' id='word_1_284' title='bbox 942 3344 1199 3416; x_wconf 85' lang='lat' dir='ltr'>paginas</span> <span class='ocrx_word' id='word_1_285' title='bbox 1230 3349 1512 3420; x_wconf 88' lang='lat' dir='ltr'>occupat,</span> <span class='ocrx_word' id='word_1_286' title='bbox 1533 3344 1826 3421; x_wconf 78' lang='lat' dir='ltr'>subjicere</span> <span class='ocrx_word' id='word_1_287' title='bbox 1857 3344 2099 3400; x_wconf 90' lang='lat' dir='ltr'>animus</span> <span class='ocrx_word' id='word_1_288' title='bbox 2126 3344 2252 3400; x_wconf 86' lang='lat' dir='ltr'>erat</span> <span class='ocrx_word' id='word_1_289' title='bbox 2279 3359 2293 3408; x_wconf 91' lang='lat'><strong>;</strong></span> <span class='ocrx_word' id='word_1_290' title='bbox 2324 3340 2427 3396; x_wconf 93' lang='lat' dir='ltr'><strong>sed</strong></span> <span class='ocrx_word' id='word_1_291' title='bbox 2454 3356 2591 3396; x_wconf 90' lang='lat' dir='ltr'><strong>cum</strong></span> <span class='ocrx_word' id='word_1_292' title='bbox 2607 3340 2736 3417; x_wconf 86' lang='lat' dir='ltr'>jam</span> <span class='ocrx_word' id='word_1_293' title='bbox 2768 3338 3002 3413; x_wconf 86' lang='lat' dir='ltr'>prolata</span> <span class='ocrx_word' id='word_1_294' title='bbox 3032 3338 3270 3408; x_wconf 85' lang='lat' dir='ltr'>fuerint,</span> <span class='ocrx_word' id='word_1_295' title='bbox 3298 3344 3356 3395; x_wconf 87' lang='lat' dir='ltr'>et</span> <span class='ocrx_word' id='word_1_296' title='bbox 3378 3354 3415 3396; x_wconf 88' lang='lat' dir='ltr'><strong>a</strong></span> <span class='ocrx_word' id='word_1_297' title='bbox 3446 3338 3759 3409; x_wconf 82' lang='lat' dir='ltr'>Fabric.B.</span> <span class='ocrx_word' id='word_1_298' title='bbox 3799 3338 3872 3405; x_wconf 72' lang='grc' dir='ltr'><strong>θ’.</strong></span> 
     </span>
    </p>
   </div>
   <div class='ocr_carea' id='block_1_41' title="bbox 501 3426 3880 3505">
    <p class='ocr_par' dir='ltr' id='par_1_41' title="bbox 501 3426 3880 3505">
     <span class='ocr_line' id='line_1_41' title="bbox 501 3426 3880 3505; baseline -0.002 -17"><span class='ocrx_word' id='word_1_299' title='bbox 501 3438 542 3488; x_wconf 86' lang='lat' dir='ltr'>t.</span> <span class='ocrx_word' id='word_1_300' title='bbox 577 3434 668 3500; x_wconf 86' lang='lat' dir='ltr'>VI,</span> <span class='ocrx_word' id='word_1_301' title='bbox 690 3448 751 3505; x_wconf 89' lang='lat' dir='ltr'><strong>p.</strong></span> <span class='ocrx_word' id='word_1_302' title='bbox 786 3435 892 3490; x_wconf 78' lang='grc'><strong>420</strong></span> <span class='ocrx_word' id='word_1_303' title='bbox 920 3448 1094 3505; x_wconf 91' lang='lat' dir='ltr'>seqq.</span> <span class='ocrx_word' id='word_1_304' title='bbox 1128 3436 1185 3488; x_wconf 91' lang='lat' dir='ltr'><strong>et</strong></span> <span class='ocrx_word' id='word_1_305' title='bbox 1224 3448 1261 3488; x_wconf 90' lang='lat' dir='ltr'><strong>a</strong></span> <span class='ocrx_word' id='word_1_306' title='bbox 1287 3432 1742 3497; x_wconf 85' lang='lat' dir='ltr'>Montefalconio</span> <span class='ocrx_word' id='word_1_307' title='bbox 1787 3433 2089 3503; x_wconf 64' lang='lat' dir='ltr'>Palmogr.</span> <span class='ocrx_word' id='word_1_308' title='bbox 2122 3431 2308 3495; x_wconf 61' lang='lat' dir='ltr'>Grato.</span> <span class='ocrx_word' id='word_1_309' title='bbox 2364 3447 2426 3501; x_wconf 87' lang='lat' dir='ltr'><strong>p.</strong></span> <span class='ocrx_word' id='word_1_310' title='bbox 2470 3433 2569 3486; x_wconf 82' lang='lat'><strong>327</strong></span> <span class='ocrx_word' id='word_1_311' title='bbox 2602 3446 2794 3502; x_wconf 87' lang='lat' dir='ltr'>seqq.,</span> <span class='ocrx_word' id='word_1_312' title='bbox 2822 3445 2934 3485; x_wconf 92' lang='lat' dir='ltr'><strong>nos</strong></span> <span class='ocrx_word' id='word_1_313' title='bbox 2972 3428 3042 3485; x_wconf 90' lang='lat' dir='ltr'><strong>iis</strong></span> <span class='ocrx_word' id='word_1_314' title='bbox 3067 3427 3331 3497; x_wconf 91' lang='lat' dir='ltr'>omissis,</span> <span class='ocrx_word' id='word_1_315' title='bbox 3359 3444 3495 3500; x_wconf 78' lang='lat' dir='ltr'>quae</span> <span class='ocrx_word' id='word_1_316' title='bbox 3523 3443 3663 3487; x_wconf 87' lang='lat' dir='ltr'><strong>cum</strong></span> <span class='ocrx_word' id='word_1_317' title='bbox 3693 3426 3880 3485; x_wconf 82' lang='lat' dir='ltr'>dictis</span> 
     </span>
    </p>
   </div>
   <div class='ocr_carea' id='block_1_42' title="bbox 500 3516 3878 3592">
    <p class='ocr_par' dir='ltr' id='par_1_42' title="bbox 500 3516 3878 3592">
     <span class='ocr_line' id='line_1_42' title="bbox 500 3516 3878 3592; baseline -0.001 -16"><span class='ocrx_word' id='word_1_318' title='bbox 500 3518 869 3576; x_wconf 89' lang='lat' dir='ltr'>editionibus</span> <span class='ocrx_word' id='word_1_319' title='bbox 899 3518 1265 3574; x_wconf 85' lang='lat' dir='ltr'>concordare</span> <span class='ocrx_word' id='word_1_320' title='bbox 1292 3519 1725 3590; x_wconf 90' lang='lat' dir='ltr'>comperimus,</span> <span class='ocrx_word' id='word_1_321' title='bbox 1758 3524 2182 3590; x_wconf 82' lang='lat' dir='ltr'>argumentum</span> <span class='ocrx_word' id='word_1_322' title='bbox 2214 3518 2639 3575; x_wconf 88' lang='lat' dir='ltr'>tantummodo</span> <span class='ocrx_word' id='word_1_323' title='bbox 2664 3518 2798 3574; x_wconf 90' lang='lat' dir='ltr'>libri</span> <span class='ocrx_word' id='word_1_324' title='bbox 2825 3518 2914 3588; x_wconf 87' lang='lat' dir='ltr'><strong>IV,</strong></span> <span class='ocrx_word' id='word_1_325' title='bbox 2954 3521 3123 3591; x_wconf 90' lang='lat' dir='ltr'>quod</span> <span class='ocrx_word' id='word_1_326' title='bbox 3147 3518 3525 3592; x_wconf 82' lang='lat' dir='ltr'>aliquantum</span> <span class='ocrx_word' id='word_1_327' title='bbox 3553 3521 3637 3574; x_wconf 82' lang='lat' dir='ltr'><strong>ab</strong></span> <span class='ocrx_word' id='word_1_328' title='bbox 3661 3516 3732 3572; x_wconf 88' lang='lat' dir='ltr'><strong>iis</strong></span> <span class='ocrx_word' id='word_1_329' title='bbox 3758 3516 3878 3573; x_wconf 83' lang='lat' dir='ltr'>dif-</span> 
     </span>
    </p>
   </div>
   <div class='ocr_carea' id='block_1_43' title="bbox 484 3606 1595 3679">
    <p class='ocr_par' dir='ltr' id='par_1_43' title="bbox 484 3606 1595 3679">
     <span class='ocr_line' id='line_1_43' title="bbox 484 3606 1595 3679; baseline -0.001 -16"><span class='ocrx_word' id='word_1_330' title='bbox 484 3607 638 3674; x_wconf 79' lang='lat' dir='ltr'>fert,</span> <span class='ocrx_word' id='word_1_331' title='bbox 670 3606 1054 3679; x_wconf 84' lang='lat' dir='ltr'>proferimus,</span> <span class='ocrx_word' id='word_1_332' title='bbox 1085 3606 1251 3679; x_wconf 90' lang='lat' dir='ltr'>quod</span> <span class='ocrx_word' id='word_1_333' title='bbox 1275 3607 1358 3663; x_wconf 88' lang='lat' dir='ltr'>ita</span> <span class='ocrx_word' id='word_1_334' title='bbox 1378 3607 1595 3663; x_wconf 88' lang='lat' dir='ltr'>habet:</span> 
     </span>
    </p>
   </div>
   <div class='ocr_carea' id='block_1_44' title="bbox 572 3695 3870 3770">
    <p class='ocr_par' dir='ltr' id='par_1_44' title="bbox 572 3695 3870 3770">
     <span class='ocr_line' id='line_1_44' title="bbox 572 3695 3870 3770; baseline 0 -21"><span class='ocrx_word' id='word_1_335' title='bbox 572 3701 742 3769; x_wconf 88' lang='grc' dir='ltr'><strong>Τόμος</strong></span> <span class='ocrx_word' id='word_1_336' title='bbox 792 3699 1053 3770; x_wconf 86' lang='grc' dir='ltr'><strong>τέταρτος.</strong></span> <span class='ocrx_word' id='word_1_337' title='bbox 1112 3704 1179 3751; x_wconf 90' lang='grc' dir='ltr'><strong>Εν</strong></span> <span class='ocrx_word' id='word_1_338' title='bbox 1217 3699 1383 3769; x_wconf 80' lang='grc' dir='ltr'><strong>τούτῳ</strong></span> <span class='ocrx_word' id='word_1_339' title='bbox 1429 3703 1626 3749; x_wconf 84' lang='grc' dir='ltr'><strong>κεῖνται</strong></span> <span class='ocrx_word' id='word_1_340' title='bbox 1659 3702 1827 3749; x_wconf 80' lang='grc' dir='ltr'><strong>πᾶσαι</strong></span> <span class='ocrx_word' id='word_1_341' title='bbox 1879 3701 1934 3749; x_wconf 77' lang='lat' dir='ltr'><strong>ui</strong></span> <span class='ocrx_word' id='word_1_342' title='bbox 1962 3696 2178 3764; x_wconf 59' lang='lat' dir='ltr'>malum;</span> <span class='ocrx_word' id='word_1_343' title='bbox 2238 3697 2464 3770; x_wconf 83' lang='grc' dir='ltr'><strong>αἱρέσεις</strong></span> <span class='ocrx_word' id='word_1_344' title='bbox 2518 3698 2572 3748; x_wconf 85' lang='grc' dir='ltr'><strong>αἱ</strong></span> <span class='ocrx_word' id='word_1_345' title='bbox 2627 3695 2968 3769; x_wconf 75' lang='grc' dir='ltr'><strong>ἁναφανείσαι</strong></span> <span class='ocrx_word' id='word_1_346' title='bbox 3014 3699 3179 3769; x_wconf 83' lang='grc' dir='ltr'><strong>μέχρι</strong></span> <span class='ocrx_word' id='word_1_347' title='bbox 3229 3704 3320 3757; x_wconf 86' lang='grc' dir='ltr'><strong>τῆς</strong></span> <span class='ocrx_word' id='word_1_348' title='bbox 3350 3696 3554 3767; x_wconf 80' lang='grc' dir='ltr'><strong>Ἀρείου</strong></span> <span class='ocrx_word' id='word_1_349' title='bbox 3601 3697 3870 3767; x_wconf 81' lang='grc' dir='ltr'><strong>αἱρέσεως.</strong></span> 
     </span>
    </p>
   </div>
   <div class='ocr_carea' id='block_1_45' title="bbox 502 3782 3877 3860">
    <p class='ocr_par' dir='ltr' id='par_1_45' title="bbox 502 3782 3877 3860">
     <span class='ocr_line' id='line_1_45' title="bbox 502 3782 3877 3860; baseline 0 -24"><span class='ocrx_word' id='word_1_350' title='bbox 502 3785 735 3859; x_wconf 73' lang='grc' dir='ltr'><strong>Ἐγράφη</strong></span> <span class='ocrx_word' id='word_1_351' title='bbox 771 3782 831 3838; x_wconf 62' lang='grc' dir='ltr'><strong>δὲ</strong></span> <span class='ocrx_word' id='word_1_352' title='bbox 858 3790 1041 3858; x_wconf 80' lang='grc' dir='ltr'><strong>πρώτη</strong></span> <span class='ocrx_word' id='word_1_353' title='bbox 1073 3788 1104 3844; x_wconf 77' lang='grc' dir='ltr'><strong>ἡ</strong></span> <span class='ocrx_word' id='word_1_354' title='bbox 1136 3793 1230 3838; x_wconf 87' lang='grc' dir='ltr'><strong>τοῦ</strong></span> <span class='ocrx_word' id='word_1_355' title='bbox 1268 3790 1511 3858; x_wconf 84' lang='grc' dir='ltr'><strong>Σίμωνος,</strong></span> <span class='ocrx_word' id='word_1_356' title='bbox 1561 3789 1653 3838; x_wconf 83' lang='grc' dir='ltr'><strong>καὶ</strong></span> <span class='ocrx_word' id='word_1_357' title='bbox 1685 3787 1712 3843; x_wconf 72' lang='grc' dir='ltr'><em>ἦ</em></span> <span class='ocrx_word' id='word_1_358' title='bbox 1756 3784 1835 3838; x_wconf 73' lang='grc' dir='ltr'><strong>ἔπ’</strong></span> <span class='ocrx_word' id='word_1_359' title='bbox 1888 3786 2030 3857; x_wconf 81' lang='grc' dir='ltr'><strong>αύτῷ</strong></span> <span class='ocrx_word' id='word_1_360' title='bbox 2075 3784 2403 3860; x_wconf 74' lang='grc' dir='ltr'><strong>ἀντίρρησις,</strong></span> <span class='ocrx_word' id='word_1_361' title='bbox 2439 3785 2487 3836; x_wconf 75' lang='grc' dir='ltr'><strong>ἄν</strong></span> <span class='ocrx_word' id='word_1_362' title='bbox 2590 3782 2845 3843; x_wconf 74' lang='grc' dir='ltr'><strong>δηλοῦται</strong></span> <span class='ocrx_word' id='word_1_363' title='bbox 2889 3789 2980 3838; x_wconf 79' lang='grc' dir='ltr'><strong>καὶ</strong></span> <span class='ocrx_word' id='word_1_364' title='bbox 3005 3785 3145 3846; x_wconf 83' lang='grc' dir='ltr'><strong>ὅπως</strong></span> <span class='ocrx_word' id='word_1_365' title='bbox 3172 3788 3199 3838; x_wconf 82' lang='grc' dir='ltr'><strong><em>ὁ</em></strong></span> <span class='ocrx_word' id='word_1_366' title='bbox 3248 3786 3416 3858; x_wconf 82' lang='grc' dir='ltr'><strong>Σίμων</strong></span> <span class='ocrx_word' id='word_1_367' title='bbox 3440 3793 3609 3846; x_wconf 83' lang='grc' dir='ltr'><strong>κακῶς</strong></span> <span class='ocrx_word' id='word_1_368' title='bbox 3632 3782 3877 3858; x_wconf 69' lang='grc' dir='ltr'><strong>ἒξέῤῥηξε</strong></span> 
     </span>
    </p>
   </div>
   <div class='ocr_carea' id='block_1_46' title="bbox 500 3871 3872 3949">
    <p class='ocr_par' dir='ltr' id='par_1_46' title="bbox 500 3871 3872 3949">
     <span class='ocr_line' id='line_1_46' title="bbox 500 3871 3872 3949; baseline -0.001 -22"><span class='ocrx_word' id='word_1_369' title='bbox 500 3878 596 3933; x_wconf 78' lang='grc' dir='ltr'><strong>τὴν</strong></span> <span class='ocrx_word' id='word_1_370' title='bbox 623 3874 811 3946; x_wconf 69' lang='grc' dir='ltr'><strong>ψυχήν</strong></span> <span class='ocrx_word' id='word_1_371' title='bbox 840 3896 854 3908; x_wconf 77' lang='grc' dir='ltr'><strong>ο</strong></span> <span class='ocrx_word' id='word_1_372' title='bbox 890 3871 1111 3948; x_wconf 86' lang='grc' dir='ltr'><strong>δευτέρα</strong></span> <span class='ocrx_word' id='word_1_373' title='bbox 1138 3877 1168 3934; x_wconf 79' lang='grc' dir='ltr'><strong>ἡ</strong></span> <span class='ocrx_word' id='word_1_374' title='bbox 1202 3883 1301 3927; x_wconf 86' lang='grc' dir='ltr'><strong>τῶν</strong></span> <span class='ocrx_word' id='word_1_375' title='bbox 1326 3874 1649 3927; x_wconf 83' lang='grc' dir='ltr'><strong>Νικολάῐτῶν</strong></span> <span class='ocrx_word' id='word_1_376' title='bbox 1674 3896 1686 3908; x_wconf 90' lang='grc'><strong>·</strong></span> <span class='ocrx_word' id='word_1_377' title='bbox 1729 3878 1877 3949; x_wconf 84' lang='grc' dir='ltr'><strong>τρίτη</strong></span> <span class='ocrx_word' id='word_1_378' title='bbox 1911 3877 1940 3933; x_wconf 76' lang='grc' dir='ltr'>ἡ</span> <span class='ocrx_word' id='word_1_379' title='bbox 1969 3883 2069 3926; x_wconf 87' lang='grc' dir='ltr'><strong>τῶν</strong></span> <span class='ocrx_word' id='word_1_380' title='bbox 2110 3876 2565 3948; x_wconf 79' lang='grc' dir='ltr'><strong>Καρποκράτηνών</strong></span> <span class='ocrx_word' id='word_1_381' title='bbox 2597 3894 2609 3907; x_wconf 88' lang='grc'><strong>·</strong></span> <span class='ocrx_word' id='word_1_382' title='bbox 2643 3875 2863 3947; x_wconf 78' lang='grc' dir='ltr'><strong>τετάρτη</strong></span> <span class='ocrx_word' id='word_1_383' title='bbox 2897 3875 2927 3931; x_wconf 78' lang='grc' dir='ltr'>ἡ</span> <span class='ocrx_word' id='word_1_384' title='bbox 2969 3881 3062 3925; x_wconf 88' lang='grc' dir='ltr'><strong>τοῦ</strong></span> <span class='ocrx_word' id='word_1_385' title='bbox 3092 3873 3414 3940; x_wconf 73' lang='grc' dir='ltr'><strong>Βαλεντίνου,</strong></span> <span class='ocrx_word' id='word_1_386' title='bbox 3455 3872 3504 3925; x_wconf 73' lang='grc' dir='ltr'><strong>ἐν</strong></span> <span class='ocrx_word' id='word_1_387' title='bbox 3594 3872 3872 3946; x_wconf 77' lang='grc' dir='ltr'><strong>εἰρήκαμεν</strong></span> 
     </span>
    </p>
   </div>
   <div class='ocr_carea' id='block_1_47' title="bbox 500 3958 3873 4040">
    <p class='ocr_par' dir='ltr' id='par_1_47' title="bbox 500 3958 3873 4040">
     <span class='ocr_line' id='line_1_47' title="bbox 500 3958 3873 4040; baseline -0.003 -17"><span class='ocrx_word' id='word_1_388' title='bbox 500 3968 586 4016; x_wconf 69' lang='grc' dir='ltr'><strong>καὶ</strong></span> <span class='ocrx_word' id='word_1_389' title='bbox 617 3969 737 4040; x_wconf 81' lang='grc' dir='ltr'><strong>περὶ</strong></span> <span class='ocrx_word' id='word_1_390' title='bbox 771 3971 868 4026; x_wconf 80' lang='grc' dir='ltr'><strong>τῆς</strong></span> <span class='ocrx_word' id='word_1_391' title='bbox 899 3965 1038 4026; x_wconf 85' lang='grc' dir='ltr'><strong>θείας</strong></span> <span class='ocrx_word' id='word_1_392' title='bbox 1077 3963 1533 4039; x_wconf 77' lang='grc' dir='ltr'><strong>ἐνανθρωπήσεως⁹</strong></span> <span class='ocrx_word' id='word_1_393' title='bbox 1566 3968 1776 4036; x_wconf 83' lang='grc' dir='ltr'><strong>πέμπτη</strong></span> <span class='ocrx_word' id='word_1_394' title='bbox 1810 3965 1840 4022; x_wconf 78' lang='grc' dir='ltr'>ἡ</span> <span class='ocrx_word' id='word_1_395' title='bbox 1871 3970 1963 4015; x_wconf 70' lang='grc' dir='ltr'><strong>τοῦ</strong></span> <span class='ocrx_word' id='word_1_396' title='bbox 1996 3962 2314 4040; x_wconf 83' lang='grc' dir='ltr'><strong>Πτολεμαίου</strong></span> <span class='ocrx_word' id='word_1_397' title='bbox 2348 3979 2361 3991; x_wconf 85' lang='lat'><strong>&#39;</strong></span> <span class='ocrx_word' id='word_1_398' title='bbox 2396 3963 2515 4040; x_wconf 70' lang='grc' dir='ltr'><strong>ἕκτη</strong></span> <span class='ocrx_word' id='word_1_399' title='bbox 2550 3967 2578 4021; x_wconf 77' lang='grc' dir='ltr'><strong>ἠ</strong></span> <span class='ocrx_word' id='word_1_400' title='bbox 2609 3970 2701 4033; x_wconf 62' lang='grc' dir='ltr'><strong>τοῦ</strong></span> <span class='ocrx_word' id='word_1_401' title='bbox 2731 3962 2949 4037; x_wconf 68' lang='grc' dir='ltr'><strong>Μᾶρκον</strong></span> <span class='ocrx_word' id='word_1_402' title='bbox 2983 3983 2995 3997; x_wconf 76' lang='grc' dir='ltr'><strong>ο</strong></span> <span class='ocrx_word' id='word_1_403' title='bbox 3028 3960 3226 4039; x_wconf 65' lang='grc' dir='ltr'><strong>ἑϐᾀόμη</strong></span> <span class='ocrx_word' id='word_1_404' title='bbox 3259 3965 3289 4023; x_wconf 76' lang='grc' dir='ltr'><strong>η</strong></span> <span class='ocrx_word' id='word_1_405' title='bbox 3323 3972 3423 4015; x_wconf 85' lang='grc' dir='ltr'><strong>τῶν</strong></span> <span class='ocrx_word' id='word_1_406' title='bbox 3451 3958 3873 4035; x_wconf 84' lang='grc' dir='ltr'><strong>Ἀσκοδρούγων</strong></span> 
     </span>
    </p>
   </div>
   <div class='ocr_carea' id='block_1_48' title="bbox 501 4038 3867 4131">
    <p class='ocr_par' dir='ltr' id='par_1_48' title="bbox 501 4038 3867 4131">
     <span class='ocr_line' id='line_1_48' title="bbox 501 4038 3867 4131; baseline 0 -27"><span class='ocrx_word' id='word_1_407' title='bbox 501 4053 622 4106; x_wconf 76' lang='grc' dir='ltr'><strong>ἔνθα</strong></span> <span class='ocrx_word' id='word_1_408' title='bbox 662 4038 753 4105; x_wconf 79' lang='grc' dir='ltr'><strong>καὶ</strong></span> <span class='ocrx_word' id='word_1_409' title='bbox 793 4057 914 4126; x_wconf 87' lang='grc' dir='ltr'><strong>περὶ</strong></span> <span class='ocrx_word' id='word_1_410' title='bbox 950 4061 1045 4115; x_wconf 83' lang='grc' dir='ltr'><strong>τῆς</strong></span> <span class='ocrx_word' id='word_1_411' title='bbox 1084 4038 1282 4116; x_wconf 68' lang='grc' dir='ltr'><strong>σκηνῆς</strong></span> <span class='ocrx_word' id='word_1_412' title='bbox 1310 4059 1403 4105; x_wconf 88' lang='grc' dir='ltr'><strong>τοῦ</strong></span> <span class='ocrx_word' id='word_1_413' title='bbox 1431 4056 1723 4129; x_wconf 71' lang='grc' dir='ltr'><strong>μαρτυρίου</strong></span> <span class='ocrx_word' id='word_1_414' title='bbox 1755 4058 1845 4104; x_wconf 82' lang='grc' dir='ltr'><strong>καὶ</strong></span> <span class='ocrx_word' id='word_1_415' title='bbox 1884 4052 2016 4113; x_wconf 81' lang='grc' dir='ltr'><strong>ἄλλα</strong></span> <span class='ocrx_word' id='word_1_416' title='bbox 2050 4056 2166 4106; x_wconf 77' lang='grc' dir='ltr'><strong>τινα</strong></span> <span class='ocrx_word' id='word_1_417' title='bbox 2203 4038 2295 4125; x_wconf 62' lang='grc' dir='ltr'><strong>τοῦ</strong></span> <span class='ocrx_word' id='word_1_418' title='bbox 2333 4038 2560 4121; x_wconf 71' lang='grc' dir='ltr'><strong>παλαιοῦ</strong></span> <span class='ocrx_word' id='word_1_419' title='bbox 2616 4052 3098 4131; x_wconf 63' lang='grc' dir='ltr'><strong>ᾑὸμου-ἐρῥέθησαν</strong></span> <span class='ocrx_word' id='word_1_420' title='bbox 3133 4072 3145 4084; x_wconf 88' lang='grc'><strong>·</strong></span> <span class='ocrx_word' id='word_1_421' title='bbox 3186 4051 3351 4125; x_wconf 82' lang='grc' dir='ltr'><strong>ὀγδόη</strong></span> <span class='ocrx_word' id='word_1_422' title='bbox 3392 4055 3421 4111; x_wconf 80' lang='grc' dir='ltr'>ἡ</span> <span class='ocrx_word' id='word_1_423' title='bbox 3469 4061 3561 4105; x_wconf 88' lang='grc' dir='ltr'><strong>τοῦ</strong></span> <span class='ocrx_word' id='word_1_424' title='bbox 3603 4051 3867 4127; x_wconf 72' lang='grc' dir='ltr'><strong>Καλοϐάρο</strong></span> 
     </span>
    </p>
   </div>
   <div class='ocr_carea' id='block_1_49' title="bbox 503 4136 3869 4217">
    <p class='ocr_par' dir='ltr' id='par_1_49' title="bbox 503 4136 3869 4217">
     <span class='ocr_line' id='line_1_49' title="bbox 503 4136 3869 4217; baseline -0 -23"><span class='ocrx_word' id='word_1_425' title='bbox 503 4160 598 4194; x_wconf 90' lang='grc' dir='ltr'><strong>σου</strong></span> <span class='ocrx_word' id='word_1_426' title='bbox 632 4157 644 4171; x_wconf 89' lang='grc'><strong>·</strong></span> <span class='ocrx_word' id='word_1_427' title='bbox 688 4140 868 4199; x_wconf 76' lang='grc' dir='ltr'><strong>ἓννάτη</strong></span> <span class='ocrx_word' id='word_1_428' title='bbox 927 4142 957 4199; x_wconf 78' lang='grc' dir='ltr'>ἡ</span> <span class='ocrx_word' id='word_1_429' title='bbox 990 4150 1090 4193; x_wconf 87' lang='grc' dir='ltr'><strong>τῶν</strong></span> <span class='ocrx_word' id='word_1_430' title='bbox 1121 4142 1371 4214; x_wconf 76' lang='grc' dir='ltr'><strong>Ὀφιτῶυ,</strong></span> <span class='ocrx_word' id='word_1_431' title='bbox 1401 4143 1449 4193; x_wconf 76' lang='grc' dir='ltr'><strong>ἐν</strong></span> <span class='ocrx_word' id='word_1_432' title='bbox 1540 4136 1631 4194; x_wconf 84' lang='grc' dir='ltr'><strong>καὶ</strong></span> <span class='ocrx_word' id='word_1_433' title='bbox 1650 4147 1769 4215; x_wconf 84' lang='grc' dir='ltr'><strong>περὶ</strong></span> <span class='ocrx_word' id='word_1_434' title='bbox 1793 4149 1906 4208; x_wconf 85' lang='grc' dir='ltr'><strong>τοῦ,</strong></span> <span class='ocrx_word' id='word_1_435' title='bbox 1945 4149 2056 4202; x_wconf 80' lang='grc' dir='ltr'><strong>πῶς</strong></span> <span class='ocrx_word' id='word_1_436' title='bbox 2095 4140 2284 4201; x_wconf 74' lang='grc' dir='ltr'><strong>ἐκλήθη</strong></span> <span class='ocrx_word' id='word_1_437' title='bbox 2319 4162 2560 4217; x_wconf 75' lang='grc' dir='ltr'><strong>φρονιμος</strong></span> <span class='ocrx_word' id='word_1_438' title='bbox 2590 4146 2615 4195; x_wconf 89' lang='grc' dir='ltr'><strong><em>ὸ</em></strong></span> <span class='ocrx_word' id='word_1_439' title='bbox 2640 4143 2774 4216; x_wconf 77' lang='grc' dir='ltr'><strong>ὄφις,</strong></span> <span class='ocrx_word' id='word_1_440' title='bbox 2805 4148 2895 4196; x_wconf 80' lang='grc' dir='ltr'><strong>καὶ</strong></span> <span class='ocrx_word' id='word_1_441' title='bbox 2924 4147 3043 4214; x_wconf 84' lang='grc' dir='ltr'><strong>περὶ</strong></span> <span class='ocrx_word' id='word_1_442' title='bbox 3072 4146 3291 4205; x_wconf 80' lang='grc' dir='ltr'><strong>αἰώνων,</strong></span> <span class='ocrx_word' id='word_1_443' title='bbox 3321 4147 3413 4195; x_wconf 84' lang='grc' dir='ltr'><strong>καί</strong></span> <span class='ocrx_word' id='word_1_444' title='bbox 3444 4148 3562 4217; x_wconf 86' lang='grc' dir='ltr'><strong>περὶ</strong></span> <span class='ocrx_word' id='word_1_445' title='bbox 3583 4150 3673 4195; x_wconf 87' lang='grc' dir='ltr'><strong>τοῦ</strong></span> <span class='ocrx_word' id='word_1_446' title='bbox 3704 4148 3869 4214; x_wconf 76' lang='grc' dir='ltr'><strong>φυτοῦ</strong></span> 
     </span>
    </p>
   </div>
   <div class='ocr_carea' id='block_1_50' title="bbox 499 4227 3872 4304">
    <p class='ocr_par' dir='ltr' id='par_1_50' title="bbox 499 4227 3872 4304">
     <span class='ocr_line' id='line_1_50' title="bbox 499 4227 3872 4304; baseline 0 -22"><span class='ocrx_word' id='word_1_447' title='bbox 499 4236 598 4290; x_wconf 79' lang='grc' dir='ltr'><strong>τῆς</strong></span> <span class='ocrx_word' id='word_1_448' title='bbox 625 4234 887 4300; x_wconf 84' lang='grc' dir='ltr'><strong>γνώσεως,</strong></span> <span class='ocrx_word' id='word_1_449' title='bbox 916 4234 1006 4282; x_wconf 85' lang='grc' dir='ltr'><strong>καὶ</strong></span> <span class='ocrx_word' id='word_1_450' title='bbox 1032 4238 1126 4291; x_wconf 85' lang='grc' dir='ltr'><strong>τῆς</strong></span> <span class='ocrx_word' id='word_1_451' title='bbox 1149 4229 1250 4282; x_wconf 82' lang='grc' dir='ltr'><strong>ὰπὸ</strong></span> <span class='ocrx_word' id='word_1_452' title='bbox 1273 4237 1367 4283; x_wconf 87' lang='grc' dir='ltr'><strong>τοῦ</strong></span> <span class='ocrx_word' id='word_1_453' title='bbox 1398 4227 1727 4303; x_wconf 81' lang='grc' dir='ltr'><strong>παραδείσου</strong></span> <span class='ocrx_word' id='word_1_454' title='bbox 1753 4230 1970 4292; x_wconf 68' lang='grc' dir='ltr'><strong>ἓκϐολῆς</strong></span> <span class='ocrx_word' id='word_1_455' title='bbox 1997 4238 2089 4285; x_wconf 86' lang='grc' dir='ltr'><strong>τοῦ</strong></span> <span class='ocrx_word' id='word_1_456' title='bbox 2118 4227 2292 4304; x_wconf 81' lang='grc' dir='ltr'><strong>Ἀδάμ</strong></span> <span class='ocrx_word' id='word_1_457' title='bbox 2321 4249 2335 4265; x_wconf 87' lang='grc'><strong>·</strong></span> <span class='ocrx_word' id='word_1_458' title='bbox 2360 4229 2555 4290; x_wconf 79' lang='grc' dir='ltr'><strong>δεκάτη</strong></span> <span class='ocrx_word' id='word_1_459' title='bbox 2581 4238 2611 4290; x_wconf 80' lang='grc' dir='ltr'><em>ἡ</em></span> <span class='ocrx_word' id='word_1_460' title='bbox 2639 4241 2732 4285; x_wconf 85' lang='grc' dir='ltr'><strong>τοῦ</strong></span> <span class='ocrx_word' id='word_1_461' title='bbox 2758 4229 3110 4304; x_wconf 81' lang='grc' dir='ltr'><strong>ΙΙροδίκου,ὄς</strong></span> <span class='ocrx_word' id='word_1_462' title='bbox 3136 4234 3310 4295; x_wconf 80' lang='grc' dir='ltr'><strong>κοινὰς</strong></span> <span class='ocrx_word' id='word_1_463' title='bbox 3342 4236 3472 4284; x_wconf 78' lang='grc' dir='ltr'><strong>εἰναι</strong></span> <span class='ocrx_word' id='word_1_464' title='bbox 3496 4234 3593 4292; x_wconf 85' lang='grc' dir='ltr'><strong>τὰς</strong></span> <span class='ocrx_word' id='word_1_465' title='bbox 3617 4238 3872 4302; x_wconf 84' lang='grc' dir='ltr'><strong>γυναῖκας</strong></span> 
     </span>
    </p>
   </div>
   <div class='ocr_carea' id='block_1_51' title="bbox 500 4313 3868 4395">
    <p class='ocr_par' dir='ltr' id='par_1_51' title="bbox 500 4313 3868 4395">
     <span class='ocr_line' id='line_1_51' title="bbox 500 4313 3868 4395; baseline 0 -25"><span class='ocrx_word' id='word_1_466' title='bbox 500 4313 795 4392; x_wconf 71' lang='grc' dir='ltr'><strong>παρεδίδου</strong></span> <span class='ocrx_word' id='word_1_467' title='bbox 836 4316 1129 4380; x_wconf 78' lang='grc' dir='ltr'><strong>ἀκολούθως</strong></span> <span class='ocrx_word' id='word_1_468' title='bbox 1166 4327 1238 4389; x_wconf 76' lang='grc' dir='ltr'><strong>τῷ</strong></span> <span class='ocrx_word' id='word_1_469' title='bbox 1279 4318 1534 4374; x_wconf 84' lang='grc' dir='ltr'><strong>Πλάτωνι.</strong></span> <span class='ocrx_word' id='word_1_470' title='bbox 1570 4316 1851 4377; x_wconf 79' lang='grc' dir='ltr'><strong>Ἐνδεκάτη</strong></span> <span class='ocrx_word' id='word_1_471' title='bbox 1894 4320 1924 4377; x_wconf 83' lang='grc' dir='ltr'>ἡ</span> <span class='ocrx_word' id='word_1_472' title='bbox 1966 4328 2065 4371; x_wconf 86' lang='grc' dir='ltr'><strong>τῶν</strong></span> <span class='ocrx_word' id='word_1_473' title='bbox 2097 4327 2297 4373; x_wconf 79' lang='grc' dir='ltr'><strong>Καῐνῶν</strong></span> <span class='ocrx_word' id='word_1_474' title='bbox 2330 4338 2343 4351; x_wconf 87' lang='grc'><strong>·</strong></span> <span class='ocrx_word' id='word_1_475' title='bbox 2382 4316 2659 4378; x_wconf 76' lang='grc' dir='ltr'><strong>δωδεκάτη</strong></span> <span class='ocrx_word' id='word_1_476' title='bbox 2705 4323 2735 4377; x_wconf 80' lang='grc' dir='ltr'><strong>ἠ</strong></span> <span class='ocrx_word' id='word_1_477' title='bbox 2780 4330 2880 4373; x_wconf 87' lang='grc' dir='ltr'><strong>τῶν</strong></span> <span class='ocrx_word' id='word_1_478' title='bbox 2912 4323 3173 4378; x_wconf 81' lang='grc' dir='ltr'><strong>Σηθιανὼν</strong></span> <span class='ocrx_word' id='word_1_479' title='bbox 3207 4336 3219 4349; x_wconf 92' lang='grc'><strong>·</strong></span> <span class='ocrx_word' id='word_1_480' title='bbox 3247 4316 3642 4395; x_wconf 84' lang='grc' dir='ltr'><strong>τρισκαδεκάτη</strong></span> <span class='ocrx_word' id='word_1_481' title='bbox 3688 4323 3719 4377; x_wconf 79' lang='grc' dir='ltr'>ἡ</span> <span class='ocrx_word' id='word_1_482' title='bbox 3769 4327 3868 4371; x_wconf 84' lang='grc' dir='ltr'><strong>τῶν</strong></span> 
     </span>
    </p>
   </div>
   <div class='ocr_carea' id='block_1_52' title="bbox 505 4403 3870 4485">
    <p class='ocr_par' dir='ltr' id='par_1_52' title="bbox 505 4403 3870 4485">
     <span class='ocr_line' id='line_1_52' title="bbox 505 4403 3870 4485; baseline 0.001 -28"><span class='ocrx_word' id='word_1_483' title='bbox 505 4404 860 4477; x_wconf 84' lang='grc' dir='ltr'><strong>Ἀρχοντικῶν</strong></span> <span class='ocrx_word' id='word_1_484' title='bbox 897 4422 908 4434; x_wconf 85' lang='lat'><strong>&#39;</strong></span> <span class='ocrx_word' id='word_1_485' title='bbox 949 4403 1503 4479; x_wconf 74' lang='grc' dir='ltr'><strong>τεσσαρεσκαιδεκάτη</strong></span> <span class='ocrx_word' id='word_1_486' title='bbox 1546 4411 1576 4464; x_wconf 82' lang='grc' dir='ltr'><em>ὴ</em></span> <span class='ocrx_word' id='word_1_487' title='bbox 1609 4414 1702 4459; x_wconf 86' lang='grc' dir='ltr'><strong>τοῦ</strong></span> <span class='ocrx_word' id='word_1_488' title='bbox 1743 4412 1998 4480; x_wconf 76' lang='grc' dir='ltr'><strong>Κέροωνος</strong></span> <span class='ocrx_word' id='word_1_489' title='bbox 2027 4412 2117 4460; x_wconf 82' lang='grc' dir='ltr'><strong>καὶ</strong></span> <span class='ocrx_word' id='word_1_490' title='bbox 2156 4413 2479 4481; x_wconf 81' lang='grc' dir='ltr'><strong>Μαρκίωνος,</strong></span> <span class='ocrx_word' id='word_1_491' title='bbox 2511 4408 2561 4461; x_wconf 78' lang='grc' dir='ltr'><strong>ἐν</strong></span> <span class='ocrx_word' id='word_1_492' title='bbox 2670 4414 2761 4467; x_wconf 81' lang='grc' dir='ltr'><strong>καὶ</strong></span> <span class='ocrx_word' id='word_1_493' title='bbox 2789 4415 2908 4485; x_wconf 80' lang='grc' dir='ltr'><strong>περὶ</strong></span> <span class='ocrx_word' id='word_1_494' title='bbox 2938 4417 3030 4470; x_wconf 76' lang='grc' dir='ltr'><strong>τῆς</strong></span> <span class='ocrx_word' id='word_1_495' title='bbox 3060 4409 3201 4470; x_wconf 82' lang='grc' dir='ltr'><strong>ύλης.</strong></span> <span class='ocrx_word' id='word_1_496' title='bbox 3236 4404 3684 4465; x_wconf 81' lang='grc' dir='ltr'><strong>Πεντεκαιδεκάτη</strong></span> <span class='ocrx_word' id='word_1_497' title='bbox 3716 4411 3747 4465; x_wconf 81' lang='grc' dir='ltr'><strong>ἠ</strong></span> <span class='ocrx_word' id='word_1_498' title='bbox 3777 4416 3870 4459; x_wconf 87' lang='grc' dir='ltr'><strong>τοῦ</strong></span> 
     </span>
    </p>
   </div>
   <div class='ocr_carea' id='block_1_53' title="bbox 501 4489 3867 4572">
    <p class='ocr_par' dir='ltr' id='par_1_53' title="bbox 501 4489 3867 4572">
     <span class='ocr_line' id='line_1_53' title="bbox 501 4489 3867 4572; baseline 0 -27"><span class='ocrx_word' id='word_1_499' title='bbox 501 4499 797 4545; x_wconf 80' lang='grc' dir='ltr'><strong>Λουκιανοῦ</strong></span> <span class='ocrx_word' id='word_1_500' title='bbox 831 4509 843 4522; x_wconf 79' lang='grc'><strong><em>⁸</em></strong></span> <span class='ocrx_word' id='word_1_501' title='bbox 878 4489 1223 4555; x_wconf 80' lang='grc' dir='ltr'><strong>ἐξκαιδεκάτη</strong></span> <span class='ocrx_word' id='word_1_502' title='bbox 1255 4498 1285 4552; x_wconf 75' lang='grc' dir='ltr'><strong>η</strong></span> <span class='ocrx_word' id='word_1_503' title='bbox 1310 4501 1403 4546; x_wconf 86' lang='grc' dir='ltr'><strong>τοῦ</strong></span> <span class='ocrx_word' id='word_1_504' title='bbox 1434 4494 1651 4555; x_wconf 76' lang='grc' dir='ltr'><strong>Ἀπελλῆ</strong></span> <span class='ocrx_word' id='word_1_505' title='bbox 1691 4515 1704 4528; x_wconf 86' lang='grc'><strong>·</strong></span> <span class='ocrx_word' id='word_1_506' title='bbox 1732 4491 2158 4557; x_wconf 72' lang='grc' dir='ltr'><strong>ἑπτακαιδεκάτη</strong></span> <span class='ocrx_word' id='word_1_507' title='bbox 2190 4500 2219 4556; x_wconf 73' lang='grc' dir='ltr'><em>ὴ</em></span> <span class='ocrx_word' id='word_1_508' title='bbox 2240 4506 2328 4551; x_wconf 83' lang='grc' dir='ltr'><strong>τοῦ</strong></span> <span class='ocrx_word' id='word_1_509' title='bbox 2359 4494 2670 4572; x_wconf 78' lang='grc' dir='ltr'><strong>Σεϐηριανοῦ</strong></span> <span class='ocrx_word' id='word_1_510' title='bbox 2704 4515 2717 4528; x_wconf 86' lang='lat'><strong>&#39;</strong></span> <span class='ocrx_word' id='word_1_511' title='bbox 2752 4494 3186 4556; x_wconf 78' lang='grc' dir='ltr'><strong>ωκτάκαιδεκάτη</strong></span> <span class='ocrx_word' id='word_1_512' title='bbox 3222 4500 3252 4557; x_wconf 67' lang='grc' dir='ltr'><strong><em>ὴ</em></strong></span> <span class='ocrx_word' id='word_1_513' title='bbox 3285 4503 3378 4553; x_wconf 72' lang='grc' dir='ltr'><strong>τοῦ</strong></span> <span class='ocrx_word' id='word_1_514' title='bbox 3399 4504 3655 4550; x_wconf 84' lang='grc' dir='ltr'><strong>Τατιανοῦ</strong></span> <span class='ocrx_word' id='word_1_515' title='bbox 3681 4509 3695 4522; x_wconf 88' lang='grc'><strong>·</strong></span> <span class='ocrx_word' id='word_1_516' title='bbox 3722 4493 3867 4548; x_wconf 86' lang='grc' dir='ltr'><strong>ἐννα-</strong></span> 
     </span>
    </p>
   </div>
   <div class='ocr_carea' id='block_1_54' title="bbox 499 4577 3868 4659">
    <p class='ocr_par' dir='ltr' id='par_1_54' title="bbox 499 4577 3868 4659">
     <span class='ocr_line' id='line_1_54' title="bbox 499 4577 3868 4659; baseline 0.001 -27"><span class='ocrx_word' id='word_1_517' title='bbox 499 4577 790 4639; x_wconf 83' lang='grc' dir='ltr'><strong>καιδεκάτη</strong></span> <span class='ocrx_word' id='word_1_518' title='bbox 817 4585 848 4639; x_wconf 75' lang='grc' dir='ltr'>ἡ</span> <span class='ocrx_word' id='word_1_519' title='bbox 876 4589 977 4632; x_wconf 86' lang='grc' dir='ltr'><strong>τῶν</strong></span> <span class='ocrx_word' id='word_1_520' title='bbox 1008 4581 1396 4655; x_wconf 85' lang='grc' dir='ltr'><strong>Ἐγκρατητῶν’</strong></span> <span class='ocrx_word' id='word_1_521' title='bbox 1435 4582 1646 4641; x_wconf 63' lang='grc' dir='ltr'><strong>εἰκοσιὴ</strong></span> <span class='ocrx_word' id='word_1_522' title='bbox 1690 4588 1719 4641; x_wconf 76' lang='grc' dir='ltr'>ἡ</span> <span class='ocrx_word' id='word_1_523' title='bbox 1762 4592 1861 4634; x_wconf 87' lang='grc' dir='ltr'><strong>τῶν</strong></span> <span class='ocrx_word' id='word_1_524' title='bbox 1898 4583 2358 4658; x_wconf 84' lang='grc' dir='ltr'><strong>Ἀσκοδρουγιτῶν</strong></span> <span class='ocrx_word' id='word_1_525' title='bbox 2392 4608 2404 4619; x_wconf 87' lang='grc'>·</span> <span class='ocrx_word' id='word_1_526' title='bbox 2437 4586 2646 4645; x_wconf 75' lang='grc' dir='ltr'><strong>εἰκοστὴ</strong></span> <span class='ocrx_word' id='word_1_527' title='bbox 2678 4592 2859 4658; x_wconf 80' lang='grc' dir='ltr'><strong>πρώτη</strong></span> <span class='ocrx_word' id='word_1_528' title='bbox 2891 4592 2922 4645; x_wconf 78' lang='grc' dir='ltr'><em>ἡ</em></span> <span class='ocrx_word' id='word_1_529' title='bbox 2950 4594 3050 4638; x_wconf 84' lang='grc' dir='ltr'><strong>τῶν</strong></span> <span class='ocrx_word' id='word_1_530' title='bbox 3080 4586 3425 4639; x_wconf 76' lang='grc' dir='ltr'><strong>Κυντιλιανὼν</strong></span> <span class='ocrx_word' id='word_1_531' title='bbox 3459 4590 3549 4638; x_wconf 80' lang='grc' dir='ltr'><strong>καὶ</strong></span> <span class='ocrx_word' id='word_1_532' title='bbox 3592 4584 3868 4659; x_wconf 88' lang='grc' dir='ltr'><strong>ΙΙρισκιλι-</strong></span> 
     </span>
    </p>
   </div>
   <div class='ocr_carea' id='block_1_55' title="bbox 410 4669 3867 4749">
    <p class='ocr_par' dir='ltr' id='par_1_55' title="bbox 410 4669 3867 4749">
     <span class='ocr_line' id='line_1_55' title="bbox 410 4669 3867 4749; baseline 0.001 -27"><span class='ocrx_word' id='word_1_533' title='bbox 410 4720 428 4749; x_wconf 27' lang='grc' dir='ltr'><strong>ι,</strong></span> <span class='ocrx_word' id='word_1_534' title='bbox 503 4678 633 4722; x_wconf 89' lang='grc' dir='ltr'><strong>ανῶν</strong></span> <span class='ocrx_word' id='word_1_535' title='bbox 657 4674 748 4722; x_wconf 87' lang='grc' dir='ltr'><strong>καί</strong></span> <span class='ocrx_word' id='word_1_536' title='bbox 778 4670 1133 4733; x_wconf 79' lang='grc' dir='ltr'><strong>ΙΙεπουξιτ-ὠν,</strong></span> <span class='ocrx_word' id='word_1_537' title='bbox 1158 4675 1248 4721; x_wconf 88' lang='grc' dir='ltr'><strong>καὶ</strong></span> <span class='ocrx_word' id='word_1_538' title='bbox 1281 4671 1655 4744; x_wconf 84' lang='grc' dir='ltr'><strong>Ἀρτοτυριτῶν</strong></span> <span class='ocrx_word' id='word_1_539' title='bbox 1698 4687 1709 4698; x_wconf 94' lang='grc'>·</span> <span class='ocrx_word' id='word_1_540' title='bbox 1745 4671 1954 4730; x_wconf 80' lang='grc' dir='ltr'><strong>εἰκοστὴ</strong></span> <span class='ocrx_word' id='word_1_541' title='bbox 1981 4669 2200 4746; x_wconf 81' lang='grc' dir='ltr'><strong>δευτέρα</strong></span> <span class='ocrx_word' id='word_1_542' title='bbox 2229 4679 2260 4733; x_wconf 78' lang='grc' dir='ltr'><em>ὴ</em></span> <span class='ocrx_word' id='word_1_543' title='bbox 2296 4683 2394 4727; x_wconf 84' lang='grc' dir='ltr'><strong>τῶν</strong></span> <span class='ocrx_word' id='word_1_544' title='bbox 2422 4673 3093 4747; x_wconf 79' lang='grc' dir='ltr'><strong>Τεσσαρεσκαιδεκατιτῶν,</strong></span> <span class='ocrx_word' id='word_1_545' title='bbox 3135 4673 3184 4726; x_wconf 76' lang='grc' dir='ltr'><strong>ἐν</strong></span> <span class='ocrx_word' id='word_1_546' title='bbox 3280 4679 3371 4727; x_wconf 86' lang='grc' dir='ltr'><strong>καί</strong></span> <span class='ocrx_word' id='word_1_547' title='bbox 3413 4678 3534 4747; x_wconf 86' lang='grc' dir='ltr'><strong>περὶ</strong></span> <span class='ocrx_word' id='word_1_548' title='bbox 3572 4681 3671 4725; x_wconf 84' lang='grc' dir='ltr'><strong>τῶν</strong></span> <span class='ocrx_word' id='word_1_549' title='bbox 3718 4674 3867 4726; x_wconf 85' lang='grc' dir='ltr'><strong>θείων</strong></span> 
     </span>
    </p>
   </div>
   <div class='ocr_carea' id='block_1_56' title="bbox 501 4758 3868 4834">
    <p class='ocr_par' dir='ltr' id='par_1_56' title="bbox 501 4758 3868 4834">
     <span class='ocr_line' id='line_1_56' title="bbox 501 4758 3868 4834; baseline -0 -23"><span class='ocrx_word' id='word_1_550' title='bbox 501 4763 807 4832; x_wconf 82' lang='grc' dir='ltr'><strong>μυστηρίων</strong></span> <span class='ocrx_word' id='word_1_551' title='bbox 830 4776 842 4788; x_wconf 88' lang='lat'><strong>&#39;</strong></span> <span class='ocrx_word' id='word_1_552' title='bbox 863 4760 1074 4817; x_wconf 80' lang='grc' dir='ltr'><strong>εἰκοστὴ</strong></span> <span class='ocrx_word' id='word_1_553' title='bbox 1106 4762 1254 4831; x_wconf 89' lang='grc' dir='ltr'><strong>τρίτη</strong></span> <span class='ocrx_word' id='word_1_554' title='bbox 1284 4763 1313 4816; x_wconf 78' lang='grc' dir='ltr'>ἡ</span> <span class='ocrx_word' id='word_1_555' title='bbox 1347 4767 1447 4810; x_wconf 85' lang='grc' dir='ltr'><strong>τῶν</strong></span> <span class='ocrx_word' id='word_1_556' title='bbox 1476 4758 1731 4831; x_wconf 78' lang='grc' dir='ltr'><strong>Ἀλὸγων⁸</strong></span> <span class='ocrx_word' id='word_1_557' title='bbox 1749 4760 1958 4818; x_wconf 80' lang='grc' dir='ltr'><strong>εἰκοστὴ</strong></span> <span class='ocrx_word' id='word_1_558' title='bbox 1989 4764 2205 4834; x_wconf 81' lang='grc' dir='ltr'><strong>τετάρτη</strong></span> <span class='ocrx_word' id='word_1_559' title='bbox 2234 4770 2264 4829; x_wconf 77' lang='grc' dir='ltr'><em>ᾗ</em></span> <span class='ocrx_word' id='word_1_560' title='bbox 2293 4758 2738 4834; x_wconf 72' lang='grc' dir='ltr'><strong>τῶνἋδαμιανῶν</strong></span> <span class='ocrx_word' id='word_1_561' title='bbox 2756 4765 2995 4821; x_wconf 75' lang='grc' dir='ltr'><strong>ἐἰκοστὴ</strong></span> <span class='ocrx_word' id='word_1_562' title='bbox 3027 4765 3236 4834; x_wconf 78' lang='grc' dir='ltr'><strong>πέμπτη</strong></span> <span class='ocrx_word' id='word_1_563' title='bbox 3270 4766 3301 4820; x_wconf 77' lang='grc' dir='ltr'>ἡ</span> <span class='ocrx_word' id='word_1_564' title='bbox 3339 4770 3439 4814; x_wconf 84' lang='grc' dir='ltr'><strong>τῶν</strong></span> <span class='ocrx_word' id='word_1_565' title='bbox 3467 4761 3749 4834; x_wconf 71' lang='grc' dir='ltr'><strong>Σαμψαίων</strong></span> <span class='ocrx_word' id='word_1_566' title='bbox 3779 4765 3868 4813; x_wconf 77' lang='grc' dir='ltr'><strong>καὶ</strong></span> 
     </span>
    </p>
   </div>
   <div class='ocr_carea' id='block_1_57' title="bbox 500 4846 3864 4923">
    <p class='ocr_par' dir='ltr' id='par_1_57' title="bbox 500 4846 3864 4923">
     <span class='ocr_line' id='line_1_57' title="bbox 500 4846 3864 4923; baseline 0 -22"><span class='ocrx_word' id='word_1_567' title='bbox 500 4848 828 4914; x_wconf 72' lang='grc' dir='ltr'><strong>Ἑλκεσαίων,</strong></span> <span class='ocrx_word' id='word_1_568' title='bbox 858 4846 907 4900; x_wconf 81' lang='grc' dir='ltr'><strong>ἐν</strong></span> <span class='ocrx_word' id='word_1_569' title='bbox 992 4852 1082 4900; x_wconf 83' lang='grc' dir='ltr'><strong>καὶ</strong></span> <span class='ocrx_word' id='word_1_570' title='bbox 1108 4852 1229 4922; x_wconf 84' lang='grc' dir='ltr'><strong>περὶ</strong></span> <span class='ocrx_word' id='word_1_571' title='bbox 1252 4855 1351 4919; x_wconf 72' lang='grc' dir='ltr'><strong>τῇς</strong></span> <span class='ocrx_word' id='word_1_572' title='bbox 1391 4853 1705 4921; x_wconf 84' lang='grc' dir='ltr'><strong>σαρκώσεως</strong></span> <span class='ocrx_word' id='word_1_573' title='bbox 1733 4855 1825 4900; x_wconf 85' lang='grc' dir='ltr'><strong>τοῦ</strong></span> <span class='ocrx_word' id='word_1_574' title='bbox 1855 4854 2030 4920; x_wconf 85' lang='grc' dir='ltr'><strong>Λόγου</strong></span> <span class='ocrx_word' id='word_1_575' title='bbox 2066 4867 2078 4879; x_wconf 94' lang='grc'><strong>·</strong></span> <span class='ocrx_word' id='word_1_576' title='bbox 2113 4855 2322 4909; x_wconf 81' lang='grc' dir='ltr'><strong>εἰκοστὴ</strong></span> <span class='ocrx_word' id='word_1_577' title='bbox 2358 4853 2479 4907; x_wconf 83' lang='grc' dir='ltr'><strong>ἕκτη</strong></span> <span class='ocrx_word' id='word_1_578' title='bbox 2513 4854 2544 4908; x_wconf 79' lang='grc' dir='ltr'><em>ὴ</em></span> <span class='ocrx_word' id='word_1_579' title='bbox 2567 4858 2664 4902; x_wconf 85' lang='grc' dir='ltr'><strong>τῶν</strong></span> <span class='ocrx_word' id='word_1_580' title='bbox 2688 4847 3068 4921; x_wconf 77' lang='grc' dir='ltr'><strong>Θεοδοτιανῶν,</strong></span> <span class='ocrx_word' id='word_1_581' title='bbox 3096 4849 3144 4902; x_wconf 73' lang='grc' dir='ltr'><strong>ἐν</strong></span> <span class='ocrx_word' id='word_1_582' title='bbox 3227 4854 3314 4902; x_wconf 89' lang='grc' dir='ltr'><strong>καί</strong></span> <span class='ocrx_word' id='word_1_583' title='bbox 3328 4853 3535 4914; x_wconf 83' lang='grc' dir='ltr'><strong>τό,πῶς</strong></span> <span class='ocrx_word' id='word_1_584' title='bbox 3554 4852 3767 4911; x_wconf 76' lang='grc' dir='ltr'><strong>νοεῖται,</strong></span> <span class='ocrx_word' id='word_1_585' title='bbox 3791 4858 3864 4921; x_wconf 84' lang='grc' dir='ltr'><strong>τῷ</strong></span> 
     </span>
    </p>
   </div>
   <div class='ocr_carea' id='block_1_58' title="bbox 503 4932 3862 5010">
    <p class='ocr_par' dir='ltr' id='par_1_58' title="bbox 503 4932 3862 5010">
     <span class='ocr_line' id='line_1_58' title="bbox 503 4932 3862 5010; baseline 0.001 -22"><span class='ocrx_word' id='word_1_586' title='bbox 503 4932 563 4988; x_wconf 75' lang='grc' dir='ltr'><strong>δὲ</strong></span> <span class='ocrx_word' id='word_1_587' title='bbox 592 4935 659 4997; x_wconf 83' lang='grc' dir='ltr'><strong>εἰς</strong></span> <span class='ocrx_word' id='word_1_588' title='bbox 702 4941 761 4987; x_wconf 86' lang='grc' dir='ltr'><strong>τὸ</strong></span> <span class='ocrx_word' id='word_1_589' title='bbox 810 4940 1023 5007; x_wconf 80' lang='grc' dir='ltr'><strong>Πνεῦμα</strong></span> <span class='ocrx_word' id='word_1_590' title='bbox 1061 4933 1505 5007; x_wconf 77' lang='grc' dir='ltr'><strong>βλασφημήσαντι</strong></span> <span class='ocrx_word' id='word_1_591' title='bbox 1558 4936 1653 4987; x_wconf 64' lang='grc' dir='ltr'><strong>οὶκ</strong></span> <span class='ocrx_word' id='word_1_592' title='bbox 1702 4934 2017 5008; x_wconf 76' lang='grc' dir='ltr'><strong>ἀφεθήσεται</strong></span> <span class='ocrx_word' id='word_1_593' title='bbox 2050 4953 2062 4967; x_wconf 75' lang='grc'><strong><em>⁸</em></strong></span> <span class='ocrx_word' id='word_1_594' title='bbox 2105 4939 2312 4997; x_wconf 80' lang='grc' dir='ltr'><strong>εἰκοστή</strong></span> <span class='ocrx_word' id='word_1_595' title='bbox 2356 4935 2554 5010; x_wconf 78' lang='grc' dir='ltr'><strong>ἑϐδόμη</strong></span> <span class='ocrx_word' id='word_1_596' title='bbox 2588 4939 2616 4996; x_wconf 80' lang='grc' dir='ltr'><strong>ἠ</strong></span> <span class='ocrx_word' id='word_1_597' title='bbox 2663 4947 2757 4991; x_wconf 80' lang='grc' dir='ltr'><strong>τοῦ</strong></span> <span class='ocrx_word' id='word_1_598' title='bbox 2811 4943 3017 4997; x_wconf 82' lang='grc' dir='ltr'><strong>Νοήτου</strong></span> <span class='ocrx_word' id='word_1_599' title='bbox 3047 4943 3138 4991; x_wconf 87' lang='grc' dir='ltr'><strong>καί</strong></span> <span class='ocrx_word' id='word_1_600' title='bbox 3179 4946 3271 4991; x_wconf 85' lang='grc' dir='ltr'><strong>τοῦ</strong></span> <span class='ocrx_word' id='word_1_601' title='bbox 3320 4937 3567 4991; x_wconf 82' lang='grc' dir='ltr'><strong>Ναϐάτου</strong></span> <span class='ocrx_word' id='word_1_602' title='bbox 3593 4954 3606 4968; x_wconf 82' lang='grc'><em>’</em></span> <span class='ocrx_word' id='word_1_603' title='bbox 3650 4939 3862 4996; x_wconf 78' lang='grc' dir='ltr'><strong>εἰκοστὴ</strong></span> 
     </span>
    </p>
   </div>
   <div class='ocr_carea' id='block_1_59' title="bbox 505 5022 3867 5101">
    <p class='ocr_par' dir='ltr' id='par_1_59' title="bbox 505 5022 3867 5101">
     <span class='ocr_line' id='line_1_59' title="bbox 505 5022 3867 5101; baseline 0 -24"><span class='ocrx_word' id='word_1_604' title='bbox 505 5022 673 5096; x_wconf 81' lang='grc' dir='ltr'><strong>ὀγδόη</strong></span> <span class='ocrx_word' id='word_1_605' title='bbox 709 5025 738 5084; x_wconf 76' lang='grc' dir='ltr'><strong>ἠ</strong></span> <span class='ocrx_word' id='word_1_606' title='bbox 772 5034 865 5078; x_wconf 82' lang='grc' dir='ltr'><strong>τοῦ</strong></span> <span class='ocrx_word' id='word_1_607' title='bbox 896 5023 1175 5078; x_wconf 81' lang='grc' dir='ltr'><strong>Σαϐελλίου</strong></span> <span class='ocrx_word' id='word_1_608' title='bbox 1212 5042 1225 5055; x_wconf 90' lang='grc'><strong>·</strong></span> <span class='ocrx_word' id='word_1_609' title='bbox 1269 5025 1479 5083; x_wconf 76' lang='grc' dir='ltr'><strong>εἰκοστὴ</strong></span> <span class='ocrx_word' id='word_1_610' title='bbox 1513 5023 1689 5083; x_wconf 84' lang='grc' dir='ltr'><strong>ἐννάτη</strong></span> <span class='ocrx_word' id='word_1_611' title='bbox 1718 5026 1750 5084; x_wconf 83' lang='grc' dir='ltr'><em>ὴ</em></span> <span class='ocrx_word' id='word_1_612' title='bbox 1778 5034 1872 5078; x_wconf 84' lang='grc' dir='ltr'><strong>τοῦ</strong></span> <span class='ocrx_word' id='word_1_613' title='bbox 1892 5027 2193 5099; x_wconf 83' lang='grc' dir='ltr'><strong>Μαρκέλλου</strong></span> <span class='ocrx_word' id='word_1_614' title='bbox 2237 5067 2250 5084; x_wconf 92' lang='grc'><strong>.</strong></span> <span class='ocrx_word' id='word_1_615' title='bbox 2282 5031 2569 5101; x_wconf 80' lang='grc' dir='ltr'><strong>τριακοστὴ</strong></span> <span class='ocrx_word' id='word_1_616' title='bbox 2602 5027 2642 5078; x_wconf 81' lang='grc' dir='ltr'><strong>ὠ</strong></span> <span class='ocrx_word' id='word_1_617' title='bbox 2670 5031 2770 5079; x_wconf 85' lang='grc' dir='ltr'><strong>τὼν</strong></span> <span class='ocrx_word' id='word_1_618' title='bbox 2801 5026 3113 5085; x_wconf 81' lang='grc' dir='ltr'><strong>Ούαλησίων</strong></span> <span class='ocrx_word' id='word_1_619' title='bbox 3139 5044 3152 5058; x_wconf 82' lang='lat'><strong><em>°</em></strong></span> <span class='ocrx_word' id='word_1_620' title='bbox 3194 5031 3484 5101; x_wconf 77' lang='grc' dir='ltr'><strong>τριακοστὴ</strong></span> <span class='ocrx_word' id='word_1_621' title='bbox 3506 5031 3688 5099; x_wconf 86' lang='grc' dir='ltr'><strong>πρώτη</strong></span> <span class='ocrx_word' id='word_1_622' title='bbox 3721 5026 3754 5084; x_wconf 76' lang='grc' dir='ltr'><em>ἡ</em></span> <span class='ocrx_word' id='word_1_623' title='bbox 3775 5034 3867 5077; x_wconf 87' lang='grc' dir='ltr'><strong>τοῦ</strong></span> 
     </span>
    </p>
   </div>
   <div class='ocr_carea' id='block_1_60' title="bbox 503 5110 3868 5191">
    <p class='ocr_par' dir='ltr' id='par_1_60' title="bbox 503 5110 3868 5191">
     <span class='ocr_line' id='line_1_60' title="bbox 503 5110 3868 5191; baseline 0 -26"><span class='ocrx_word' id='word_1_624' title='bbox 503 5114 814 5188; x_wconf 76' lang='grc' dir='ltr'><strong>Ὠριγένους,</strong></span> <span class='ocrx_word' id='word_1_625' title='bbox 980 5119 1071 5167; x_wconf 89' lang='grc' dir='ltr'><strong>καί</strong></span> <span class='ocrx_word' id='word_1_626' title='bbox 1112 5111 1357 5188; x_wconf 82' lang='grc' dir='ltr'><strong>διάφοροι</strong></span> <span class='ocrx_word' id='word_1_627' title='bbox 1382 5110 1536 5176; x_wconf 84' lang='grc' dir='ltr'><strong>δόξαι</strong></span> <span class='ocrx_word' id='word_1_628' title='bbox 1555 5113 1847 5172; x_wconf 87' lang='grc' dir='ltr'><strong>Ἑλληνικαί</strong></span> <span class='ocrx_word' id='word_1_629' title='bbox 1874 5120 1994 5188; x_wconf 84' lang='grc' dir='ltr'><strong>περί</strong></span> <span class='ocrx_word' id='word_1_630' title='bbox 2030 5115 2185 5188; x_wconf 76' lang='grc' dir='ltr'><strong>ψυχῆ</strong></span> <span class='ocrx_word' id='word_1_631' title='bbox 2199 5137 2240 5182; x_wconf 91' lang='grc' dir='ltr'><strong>ς,</strong></span> <span class='ocrx_word' id='word_1_632' title='bbox 2267 5120 2358 5167; x_wconf 90' lang='grc' dir='ltr'><strong>καί</strong></span> <span class='ocrx_word' id='word_1_633' title='bbox 2388 5116 2631 5191; x_wconf 83' lang='grc' dir='ltr'><strong>ἑρμηνεία</strong></span> <span class='ocrx_word' id='word_1_634' title='bbox 2672 5123 2763 5168; x_wconf 86' lang='grc' dir='ltr'><strong>τοῦ</strong></span> <span class='ocrx_word' id='word_1_635' title='bbox 2812 5116 3164 5168; x_wconf 83' lang='grc' dir='ltr'><strong>άποστολικοῦ</strong></span> <span class='ocrx_word' id='word_1_636' title='bbox 3191 5115 3379 5191; x_wconf 75' lang='grc' dir='ltr'><strong>ῥητοῦ,</strong></span> <span class='ocrx_word' id='word_1_637' title='bbox 3411 5117 3438 5168; x_wconf 89' lang='grc' dir='ltr'><strong><em>ὃ</em></strong></span> <span class='ocrx_word' id='word_1_638' title='bbox 3477 5134 3657 5188; x_wconf 76' lang='grc' dir='ltr'><strong>φησιν,</strong></span> <span class='ocrx_word' id='word_1_639' title='bbox 3684 5112 3868 5167; x_wconf 85' lang='grc' dir='ltr'><strong>Ἐκάσ-</strong></span> 
     </span>
    </p>
   </div>
   <div class='ocr_carea' id='block_1_61' title="bbox 499 5200 3861 5281">
    <p class='ocr_par' dir='ltr' id='par_1_61' title="bbox 499 5200 3861 5281">
     <span class='ocr_line' id='line_1_61' title="bbox 499 5200 3861 5281; baseline -0 -25"><span class='ocrx_word' id='word_1_640' title='bbox 499 5224 593 5258; x_wconf 85' lang='grc' dir='ltr'><strong>του</strong></span> <span class='ocrx_word' id='word_1_641' title='bbox 635 5207 693 5257; x_wconf 86' lang='grc' dir='ltr'><strong>τὸ</strong></span> <span class='ocrx_word' id='word_1_642' title='bbox 724 5207 869 5277; x_wconf 79' lang='grc' dir='ltr'><strong>ἔργον</strong></span> <span class='ocrx_word' id='word_1_643' title='bbox 891 5206 1067 5259; x_wconf 84' lang='grc' dir='ltr'><strong>ὁποῖόν</strong></span> <span class='ocrx_word' id='word_1_644' title='bbox 1099 5204 1214 5259; x_wconf 74' lang='grc' dir='ltr'><strong>ἐστι</strong></span> <span class='ocrx_word' id='word_1_645' title='bbox 1242 5208 1301 5258; x_wconf 85' lang='grc' dir='ltr'><strong>τὸ</strong></span> <span class='ocrx_word' id='word_1_646' title='bbox 1330 5212 1435 5278; x_wconf 87' lang='grc' dir='ltr'><strong>πῦρ</strong></span> <span class='ocrx_word' id='word_1_647' title='bbox 1469 5200 1770 5276; x_wconf 83' lang='grc' dir='ltr'><strong>δοκιμάσει.</strong></span> <span class='ocrx_word' id='word_1_648' title='bbox 1798 5228 1826 5256; x_wconf 86' lang='grc'><strong>››</strong></span> <span class='ocrx_word' id='word_1_649' title='bbox 1851 5210 2150 5281; x_wconf 74' lang='grc' dir='ltr'><strong>Τριακόστη</strong></span> <span class='ocrx_word' id='word_1_650' title='bbox 2196 5202 2412 5279; x_wconf 74' lang='grc' dir='ltr'><strong>δευτέρα</strong></span> <span class='ocrx_word' id='word_1_651' title='bbox 2441 5206 2470 5264; x_wconf 74' lang='grc' dir='ltr'><strong>η</strong></span> <span class='ocrx_word' id='word_1_652' title='bbox 2507 5203 2716 5259; x_wconf 79' lang='grc' dir='ltr'><strong>Παύλου</strong></span> <span class='ocrx_word' id='word_1_653' title='bbox 2747 5212 2839 5257; x_wconf 84' lang='grc' dir='ltr'><strong>τοῦ</strong></span> <span class='ocrx_word' id='word_1_654' title='bbox 2878 5209 3223 5277; x_wconf 80' lang='grc' dir='ltr'><strong>Σαμοσατέως</strong></span> <span class='ocrx_word' id='word_1_655' title='bbox 3249 5226 3262 5238; x_wconf 86' lang='lat'><strong>&#39;</strong></span> <span class='ocrx_word' id='word_1_656' title='bbox 3295 5208 3587 5279; x_wconf 79' lang='grc' dir='ltr'><strong>τριακοστὴ</strong></span> <span class='ocrx_word' id='word_1_657' title='bbox 3640 5222 3790 5278; x_wconf 88' lang='grc' dir='ltr'><strong>τριτη</strong></span> <span class='ocrx_word' id='word_1_658' title='bbox 3832 5204 3861 5263; x_wconf 81' lang='grc' dir='ltr'><strong>ἠ</strong></span> 
     </span>
    </p>
   </div>
   <div class='ocr_carea' id='block_1_62' title="bbox 499 5291 3864 5368">
    <p class='ocr_par' dir='ltr' id='par_1_62' title="bbox 499 5291 3864 5368">
     <span class='ocr_line' id='line_1_62' title="bbox 499 5291 3864 5368; baseline 0 -23"><span class='ocrx_word' id='word_1_659' title='bbox 499 5300 600 5345; x_wconf 82' lang='grc' dir='ltr'><strong>τῶν</strong></span> <span class='ocrx_word' id='word_1_660' title='bbox 637 5296 947 5364; x_wconf 83' lang='grc' dir='ltr'><strong>Μανιχαίων</strong></span> <span class='ocrx_word' id='word_1_661' title='bbox 989 5298 1080 5346; x_wconf 82' lang='grc' dir='ltr'><strong>καί</strong></span> <span class='ocrx_word' id='word_1_662' title='bbox 1113 5292 1435 5366; x_wconf 74' lang='grc' dir='ltr'><strong>Κουϐρίκῳν,</strong></span> <span class='ocrx_word' id='word_1_663' title='bbox 1477 5291 1525 5344; x_wconf 85' lang='grc' dir='ltr'><strong>ἐν</strong></span> <span class='ocrx_word' id='word_1_664' title='bbox 1648 5298 1737 5346; x_wconf 87' lang='grc' dir='ltr'><strong>καί</strong></span> <span class='ocrx_word' id='word_1_665' title='bbox 1768 5291 2022 5365; x_wconf 78' lang='grc' dir='ltr'><strong>ἐξήγησις</strong></span> <span class='ocrx_word' id='word_1_666' title='bbox 2049 5303 2142 5347; x_wconf 89' lang='grc' dir='ltr'><strong>τοῦ</strong></span> <span class='ocrx_word' id='word_1_667' title='bbox 2174 5292 2522 5347; x_wconf 77' lang='grc' dir='ltr'><strong>ἁποστολικοῦ</strong></span> <span class='ocrx_word' id='word_1_668' title='bbox 2551 5294 2715 5368; x_wconf 79' lang='grc' dir='ltr'><strong>ῥητοῦ</strong></span> <span class='ocrx_word' id='word_1_669' title='bbox 2744 5293 2999 5367; x_wconf 72' lang='grc' dir='ltr'><strong>λέγοντος,</strong></span> <span class='ocrx_word' id='word_1_670' title='bbox 3044 5315 3073 5344; x_wconf 85' lang='grc'><strong>‹‹</strong></span> <span class='ocrx_word' id='word_1_671' title='bbox 3113 5294 3194 5349; x_wconf 89' lang='grc' dir='ltr'><strong>Ἐν</strong></span> <span class='ocrx_word' id='word_1_672' title='bbox 3249 5295 3544 5366; x_wconf 84' lang='grc' dir='ltr'><strong>ὁμοιώματι</strong></span> <span class='ocrx_word' id='word_1_673' title='bbox 3591 5291 3864 5368; x_wconf 84' lang='grc' dir='ltr'><strong>ἀνθρώπου</strong></span> 
     </span>
    </p>
   </div>
   <div class='ocr_carea' id='block_1_63' title="bbox 500 5383 2238 5456">
    <p class='ocr_par' dir='ltr' id='par_1_63' title="bbox 500 5383 2238 5456">
     <span class='ocr_line' id='line_1_63' title="bbox 500 5383 2238 5456; baseline 0 -22"><span class='ocrx_word' id='word_1_674' title='bbox 500 5387 722 5454; x_wconf 76' lang='grc' dir='ltr'><strong>φανῆναι</strong></span> <span class='ocrx_word' id='word_1_675' title='bbox 743 5384 828 5433; x_wconf 84' lang='grc' dir='ltr'><strong>τὸν</strong></span> <span class='ocrx_word' id='word_1_676' title='bbox 862 5384 1070 5454; x_wconf 82' lang='grc' dir='ltr'><strong>Κύριον,</strong></span> <span class='ocrx_word' id='word_1_677' title='bbox 1109 5387 1200 5434; x_wconf 87' lang='grc' dir='ltr'><strong>καί</strong></span> <span class='ocrx_word' id='word_1_678' title='bbox 1231 5387 1475 5455; x_wconf 77' lang='grc' dir='ltr'><strong>σχήματι</strong></span> <span class='ocrx_word' id='word_1_679' title='bbox 1495 5383 1768 5456; x_wconf 76' lang='grc' dir='ltr'><strong>εὑρεθῆναι</strong></span> <span class='ocrx_word' id='word_1_680' title='bbox 1797 5388 1862 5443; x_wconf 84' lang='grc' dir='ltr'><strong>ὡς</strong></span> <span class='ocrx_word' id='word_1_681' title='bbox 1908 5383 2180 5456; x_wconf 82' lang='grc' dir='ltr'><strong>ἄνθρωπον</strong></span> <span class='ocrx_word' id='word_1_682' title='bbox 2225 5404 2238 5416; x_wconf 76' lang='grc' dir='ltr'><strong>ο</strong></span> 
     </span>
    </p>
   </div>
   <div class='ocr_carea' id='block_1_64' title="bbox 1464 5468 3866 5546">
    <p class='ocr_par' dir='ltr' id='par_1_64' title="bbox 1464 5468 3866 5546">
     <span class='ocr_line' id='line_1_64' title="bbox 1464 5468 3866 5546; baseline -0.001 -23"><span class='ocrx_word' id='word_1_683' title='bbox 1464 5492 1477 5505; x_wconf 76' lang='grc' dir='ltr'><strong>ο</strong></span> <span class='ocrx_word' id='word_1_684' title='bbox 1518 5475 1803 5546; x_wconf 75' lang='grc' dir='ltr'><strong>τριακοστή</strong></span> <span class='ocrx_word' id='word_1_685' title='bbox 1860 5474 1982 5537; x_wconf 77' lang='grc' dir='ltr'><strong>ἕκτη</strong></span> <span class='ocrx_word' id='word_1_686' title='bbox 2040 5472 2071 5530; x_wconf 77' lang='grc' dir='ltr'><strong>ἠ</strong></span> <span class='ocrx_word' id='word_1_687' title='bbox 2131 5479 2231 5525; x_wconf 85' lang='grc' dir='ltr'><strong>τῶν</strong></span> <span class='ocrx_word' id='word_1_688' title='bbox 2280 5470 2691 5542; x_wconf 76' lang='grc' dir='ltr'><strong>Μασσαλιανῶν,</strong></span> <span class='ocrx_word' id='word_1_689' title='bbox 2753 5469 2801 5522; x_wconf 79' lang='grc' dir='ltr'><strong>ἐν</strong></span> <span class='ocrx_word' id='word_1_690' title='bbox 2916 5476 3030 5529; x_wconf 82' lang='grc' dir='ltr'><strong>καὶ</strong></span> <span class='ocrx_word' id='word_1_691' title='bbox 3058 5472 3425 5545; x_wconf 36' lang='grc' dir='ltr'><strong>τάλκεφάλαια</strong></span> <span class='ocrx_word' id='word_1_692' title='bbox 3477 5479 3576 5534; x_wconf 82' lang='grc' dir='ltr'><strong>τῆς</strong></span> <span class='ocrx_word' id='word_1_693' title='bbox 3622 5472 3866 5546; x_wconf 67' lang='grc' dir='ltr'><strong>αἱρέσεως</strong></span> 
     </span>
    </p>
   </div>
   <div class='ocr_carea' id='block_1_65' title="bbox 498 5467 1404 5547">
    <p class='ocr_par' dir='ltr' id='par_1_65' title="bbox 498 5467 1404 5547">
     <span class='ocr_line' id='line_1_65' title="bbox 498 5467 1404 5547; baseline 0.001 -25"><span class='ocrx_word' id='word_1_694' title='bbox 498 5473 708 5547; x_wconf 73' lang='grc' dir='ltr'><strong>πέμπτη</strong></span> <span class='ocrx_word' id='word_1_695' title='bbox 759 5474 790 5527; x_wconf 73' lang='grc' dir='ltr'><strong>’ὁ</strong></span> <span class='ocrx_word' id='word_1_696' title='bbox 830 5476 931 5541; x_wconf 78' lang='grc' dir='ltr'><strong>τῶν</strong></span> <span class='ocrx_word' id='word_1_697' title='bbox 979 5467 1404 5544; x_wconf 27' lang='grc' dir='ltr'><strong>,Κόλλυριδιανῶν</strong></span> 
     </span>
    </p>
   </div>
   <div class='ocr_carea' id='block_1_66' title="bbox 500 5552 2299 5637">
    <p class='ocr_par' dir='ltr' id='par_1_66' title="bbox 500 5552 2299 5637">
     <span class='ocr_line' id='line_1_66' title="bbox 500 5552 2299 5637; baseline 0.001 -26"><span class='ocrx_word' id='word_1_698' title='bbox 500 5557 670 5623; x_wconf 63' lang='grc' dir='ltr'><strong>αὐτῶν</strong></span> <span class='ocrx_word' id='word_1_699' title='bbox 720 5552 1117 5628; x_wconf 63' lang='grc' dir='ltr'><strong>ᾁνᾳτᾴττοηται,</strong></span> <span class='ocrx_word' id='word_1_700' title='bbox 1170 5564 1261 5615; x_wconf 84' lang='grc' dir='ltr'><strong>καί</strong></span> <span class='ocrx_word' id='word_1_701' title='bbox 1309 5555 1555 5635; x_wconf 65' lang='grc' dir='ltr'><strong>διάφοροι</strong></span> <span class='ocrx_word' id='word_1_702' title='bbox 1604 5559 1717 5627; x_wconf 77' lang='grc' dir='ltr'><strong>κατ’</strong></span> <span class='ocrx_word' id='word_1_703' title='bbox 1755 5560 1920 5619; x_wconf 74' lang='grc' dir='ltr'><strong>οὔτῶν</strong></span> <span class='ocrx_word' id='word_1_704' title='bbox 1967 5559 2299 5637; x_wconf 68' lang='grc' dir='ltr'><strong>ἀντιρρήσεις</strong></span> 
     </span>
    </p>
   </div>
   <div class='ocr_carea' id='block_1_67' title="bbox 2282 5384 3860 5457">
    <p class='ocr_par' dir='ltr' id='par_1_67' title="bbox 2282 5384 3860 5457">
     <span class='ocr_line' id='line_1_67' title="bbox 2282 5384 3860 5457; baseline 0.003 -26"><span class='ocrx_word' id='word_1_705' title='bbox 2282 5405 2312 5432; x_wconf 77' lang='grc'><strong>)›</strong></span> <span class='ocrx_word' id='word_1_706' title='bbox 2360 5387 2649 5456; x_wconf 78' lang='grc' dir='ltr'><strong>τριακοστὴ</strong></span> <span class='ocrx_word' id='word_1_707' title='bbox 2690 5384 2912 5455; x_wconf 83' lang='grc' dir='ltr'><strong>τετάρτη</strong></span> <span class='ocrx_word' id='word_1_708' title='bbox 2954 5385 2985 5441; x_wconf 78' lang='grc' dir='ltr'>ἡ</span> <span class='ocrx_word' id='word_1_709' title='bbox 3045 5390 3145 5449; x_wconf 75' lang='grc' dir='ltr'><strong>τῶν</strong></span> <span class='ocrx_word' id='word_1_710' title='bbox 3200 5388 3497 5457; x_wconf 79' lang='grc' dir='ltr'><strong>Ἱερατικῶν</strong></span> <span class='ocrx_word' id='word_1_711' title='bbox 3532 5400 3544 5412; x_wconf 90' lang='grc'><strong>·</strong></span> <span class='ocrx_word' id='word_1_712' title='bbox 3576 5386 3860 5455; x_wconf 70' lang='grc' dir='ltr'><strong>τριακοστῇ</strong></span> 
     </span>
    </p>
   </div>
   <div class='ocr_carea' id='block_1_68' title="bbox 2355 5556 3871 5648">
    <p class='ocr_par' dir='ltr' id='par_1_68' title="bbox 2355 5556 3871 5648">
     <span class='ocr_line' id='line_1_68' title="bbox 2355 5556 3871 5648; baseline -0.003 -35"><span class='ocrx_word' id='word_1_713' title='bbox 2355 5581 2368 5605; x_wconf 81' lang='lat'><strong>&#39;</strong></span> <span class='ocrx_word' id='word_1_714' title='bbox 2408 5563 2696 5634; x_wconf 65' lang='grc' dir='ltr'><strong>τριακοστὴ</strong></span> <span class='ocrx_word' id='word_1_715' title='bbox 2757 5556 2957 5648; x_wconf 69' lang='grc' dir='ltr'><strong>ἑϐδόμη</strong></span> <span class='ocrx_word' id='word_1_716' title='bbox 3015 5560 3045 5625; x_wconf 78' lang='grc' dir='ltr'><em>ὴ</em></span> <span class='ocrx_word' id='word_1_717' title='bbox 3103 5568 3204 5631; x_wconf 63' lang='grc' dir='ltr'><strong>τῷν</strong></span> <span class='ocrx_word' id='word_1_718' title='bbox 3260 5562 3622 5637; x_wconf 53' lang='grc' dir='ltr'><strong>ξηρινθιανῶν</strong></span> <span class='ocrx_word' id='word_1_719' title='bbox 3679 5575 3691 5589; x_wconf 84' lang='grc'><em>’</em></span> <span class='ocrx_word' id='word_1_720' title='bbox 3733 5577 3871 5630; x_wconf 73' lang='grc' dir='ltr'><strong>τρια-</strong></span> 
     </span>
    </p>
   </div>
  </div>
