4046 6310
499 312 606 367 287
1792 305 1879 363 CO
1889 303 2064 362 DICIS
2100 301 2382 361 MEDICEI
2415 301 2574 362 XXIV
3764 306 3890 362 288

501 434 590 489 Ἐκ
625 438 720 488 τοῦ
759 432 887 509 πρὸς
913 431 1164 507 Εὐνόμιον
1199 434 1410 505 πρώτου
1451 429 1630 503 λόγου,
1659 443 1806 504 pag.
1830 428 1955 489 234.
1993 427 2085 482 Ἐκ
2133 434 2224 482 τοῦ
2258 429 2395 482 κατὰ
2420 429 2628 505 Ἀρείου
2667 426 2843 502 λόγου,
2873 427 3022 486 ibid.
3055 427 3185 483 Ἀπὸ
3219 434 3321 482 τῶν
3360 429 3493 505 πρὸς
3520 427 3890 503 Ἀμφιλὸχιον

495 525 582 578 τὸν
609 523 825 579 Ἰκονίου
863 523 1144 597 τριάκοντα
1171 520 1484 595 κεφαλαίων,
1515 534 1659 594 pag.
1691 521 1796 577 245
1841 519 1910 576 b.
1951 519 2039 573 Ἐκ
2069 526 2161 580 τῆς
2191 518 2263 582 εἰς
2304 520 2392 573 τὸν
2434 523 2707 594 προφήτην
2735 518 2957 573 Ἠσαίαν
2995 516 3313 591 ἐξηγήσεως,
3342 533 3486 593 pag.
3515 521 3620 577 330
3664 517 3733 578 Β.
3783 519 3886 574 Ἐκ

499 622 591 677 τῆς
620 612 805 686 εὐχῆς,
835 614 900 675 ἧς
936 614 967 672 ἠ
1002 610 1170 686 ἀρχὴ,
1195 607 1384 674 Οὐδεὶς
1413 611 1575 680 ἄξιος,
1602 630 1651 664 κ.
1685 610 1760 680 λ.,
1793 625 1934 684 pag.
1971 613 2097 666 332.

1908 627 1934 678 τ.
1971 613 2099 666 332.
2137 607 2229 670 Εἰς
2253 609 2332 678 τό,
2360 629 2389 658 ι(
2424 607 2556 681 Ἐγὼ
2595 607 2702 680 εἰμι
2731 610 2762 667 ἡ
2804 607 3054 681 ἄμπελος,
3090 629 3120 660 ››
3149 623 3289 682 pag.
3322 611 3446 666 344.
3477 629 3506 658 )1

573 721 818 776 Cosmas
837 717 1253 792 lndopleustes
1283 717 1338 771 ἐκ
1363 725 1457 772 τοῦ
1479 718 1551 782 εἰς
1577 720 1663 772 τὸν
1695 716 1944 792 ψαλτῆρα
1968 719 2216 791 προιμίου
2237 713 2582 789 ἐξηγουμένου
2605 715 2673 778 ὡς
2703 712 2753 768 ἐν
2777 711 2996 788 παρόδῳ
3024 717 3104 782 τὸ,
3125 738 3154 765 (ι
3177 716 3362 789 Πγάπη
3374 734 3470 779 σας
3496 710 3874 782 δικαιοσύνην,

497 812 588 862 καὶ
619 807 880 882 ἐμίσησας
910 806 1147 882 ἀνομίαν,
1180 828 1210 859 ››
1242 812 1333 861 καὶ
1363 810 1432 861 τά
1461 807 1544 872 ἐξῆ
1557 829 1598 875 ς,
1626 822 1768 882 pag.
1801 810 1930 864 333.

568 915 816 988 Cyrillus
844 914 1302 982 Alexandrinus,
1331 930 1470 988 pag.
1510 918 1630 981 105,
1666 917 1766 971 106
1809 929 1866 982 a,
1902 917 2002 970 106
2030 911 2096 983 b,
2130 916 2166 969 14

2275 925 2330 976 a,
2371 908 2470 966 107
2497 907 2560 976 Β,
2599 911 2696 966 109
2731 908 2796 980 Β,
2833 912 2930 966 147
2975 909 3038 977 Β,
3077 912 3176 967 190
3213 907 3281 967 Β.
3315 908 3406 963 Ἐκ
3443 916 3533 963 τοῦ
3579 909 3760 981 λόγου,
3805 909 3873 964 οὗ

495 1006 526 1065 ἡ
584 1003 866 1080 ἐπιγραφὴ,
929 1001 1222 1068 Ἀπόδειξις
1281 1000 1376 1058 διὰ
1431 1011 1530 1057 τῶν
1586 1002 1820 1077 ἀρχῆθεν
1867 1005 2216 1076 γεγενημένων
2275 1000 2421 1052 θείων
2471 1007 2739 1074 χρησμῶν
2801 1006 2908 1060 τοῖς
2964 1000 3260 1060 θεσπεσίοις
3314 1000 3674 1074 πατριάρχαις
3739 1004 3871 1076 περὶ

493 1100 582 1152 τῆς
635 1091 892 1166 ἀμείψεως
940 1097 1032 1146 καὶ
1089 1094 1410 1166 μεταθίσεως
1461 1099 1560 1146 τῶν
1609 1087 1881 1144 Ἰουδαίων
1932 1094 2022 1143 καὶ
2068 1097 2170 1142 τῶν
2209 1087 2384 1159 ἐθνῶν,
2445 1102 2590 1160 pag.
2649 1091 2733 1144 18.
2797 1091 2934 1160 Πρὸς
2988 1091 3104 1149 τοὺς
3153 1087 3412 1160 λέγοντας,
3467 1089 3548 1141 ὅτι
3599 1087 3683 1150 Εἰς
3721 1095 3873 1163 τρεῖς

497 1182 642 1242 θεοὺς
688 1185 1016 1256 πιστεύομεν.
1074 1184 1132 1238 Ρ.
1191 1181 1328 1238 ead.
1377 1180 1438 1237 b.
1498 1183 1644 1234 Κατὰ
1707 1189 1806 1233 τῶν
1863 1179 2174 1252 εἰσαγόντων
2231 1181 2290 1232 τὸ
2351 1177 2560 1230 ἔλαττον
2616 1185 2688 1249 τῷ
2739 1179 2845 1248 Υξῷ
2907 1175 2961 1230 ἐκ
3016 1184 3109 1231 τοῦ
3163 1180 3250 1230 τὸν
3310 1179 3544 1252 Χριστὸν
3589 1176 3753 1250 λέγειν
3814 1177 3870 1230 ἐν

491 1269 848 1342 Εὐαγγελίοις,
901 1270 1013 1323 «Ὁ
1067 1274 1248 1346 Πατήρ
1288 1289 1390 1343 μου
1433 1270 1626 1344 μείζων
1672 1272 1773 1343 μού
1820 1267 1982 1339 ἐστιν,
2027 1289 2056 1318 ››
2101 1283 2240 1341 pag.
2276 1269 2396 1322 108.
2431 1270 2556 1339 Περὶ
2603 1273 2696 1327 τῆς
2741 1275 3009 1341 προκοπῆς
3055 1272 3147 1319 τοῦ
3185 1273 3441 1342 Χριστοῦ,
3474 1280 3615 1339 pag.
3660 1271 3756 1323 111
3794 1265 3869 1325 b.

492 1357 582 1410 Ἐκ
646 1367 746 1412 τῶν
790 1362 923 1412 κατά
967 1368 1068 1412 τῶν
1112 1362 1573 1432 Πνευματομάχων
1623 1357 1999 1434 ἀντιῤῥητικῶν
2041 1356 2246 1428 λόγων,
2286 1371 2427 1428 pag.
2483 1356 2584 1414 123
2641 1355 2704 1427 Β,
2762 1360 2884 1424 124,
2944 1357 3067 1424 125,
3124 1358 3244 1413 126.
3303 1355 3423 1409 Ὀτι
3477 1357 3503 1409 ὁ
3564 1361 3869 1428 Μονογενῆς

489 1450 607 1509 Υἱὸς
661 1456 750 1502 τοῦ
801 1456 933 1502 Θεοῦ
987 1449 1390 1523 ἐνανθρωπῆσας
1439 1449 1626 1521 ψυχὴν
1683 1450 1814 1521 μετά
1863 1453 2099 1520 σώματος
2161 1444 2417 1512 ἀνέλαϐεν,
2471 1465 2500 1496 ››
2553 1459 2694 1517 pag.
2751 1449 2846 1501 131
2904 1445 2963 1502 b.
3015 1447 3162 1498 Κατὰ
3216 1451 3575 1520 Νεστοριανῶν
3635 1445 3690 1499 ἐκ
3756 1454 3867 1499 τῶν

493 1536 724 1608 σχολίων
771 1547 870 1591 τῶν
909 1543 1029 1614 περὶ
1083 1538 1304 1599 ἐνώσεως
1355 1546 1456 1591 τῶν
1505 1534 1604 1592 δύο
1653 1540 1852 1611 φύσεων
1903 1543 1996 1590 τοῦ
2053 1541 2309 1612 Χριστοῦ,
2356 1548 2493 1606 pag.
2547 1535 2646 1591 133
2690 1533 2752 1590 b.
2811 1533 2896 1587 Ἐκ
2934 1542 3027 1596 τῆς
3076 1538 3207 1608 πρὸς
3261 1535 3504 1588 Ἄκάκιον
3553 1533 3863 1604 ἐπιστολῆς,

488 1639 630 1695 pag.
692 1627 815 1696 134,
872 1631 972 1683 135
1019 1625 1079 1682 b.
1128 1626 1215 1681 Ἐκ
1258 1635 1350 1689 τῆς
1401 1627 1611 1699 ὁμιλίας
1658 1635 1748 1688 τῆς
1800 1630 1920 1702 περὶ
1968 1625 2072 1687 ἐνὸς
2123 1627 2267 1688 Υἱοῦ,
2317 1638 2458 1697 pag.
2510 1626 2614 1680 134
2666 1623 2730 1689 Β,
2791 1627 2908 1680 135.
2965 1623 3054 1678 Ἐκ
3104 1631 3196 1677 τοῦ
3248 1628 3368 1698 περὶ
3419 1623 3866 1700 ἐνανθρωπῆσεως

493 1713 673 1784 λόγου,
721 1730 783 1788 p.
833 1715 934 1772 135
988 1714 1048 1771 Β.
1097 1715 1190 1772 Ἐκ
1235 1723 1326 1768 τοῦ
1382 1718 1518 1768 κατὰ
1562 1722 1747 1770 πεῦσιν
1790 1719 1880 1768 καὶ
1925 1713 2091 1790 ἀπόκρ

2263 1714 2433 1784 λόγου,
2482 1726 2626 1785 pag.
2680 1715 2799 1784 136,
2847 1716 2946 1769 137
2995 1711 3057 1780 b,
3111 1717 3211 1770 138
3254 1712 3316 1770 b.
3368 1713 3455 1767 Ἐκ
3500 1721 3596 1776 τῆς
3636 1719 3861 1786 πρώτης

489 1802 696 1872 ὁμιλίας
743 1811 858 1871 τῆς,
911 1803 1032 1857 Ὀτι
1084 1804 1142 1857 οῦ
1207 1810 1316 1879 χρὴ
1376 1804 1538 1877 λέγειν
1595 1807 1863 1880 ἄνθρωπον
1915 1805 2176 1879 θεοφόρον,
2228 1799 2355 1854 ἀλλὰ
2414 1803 2543 1854 Θεὸν
2596 1798 3085 1875 ἐνανθρωπῆσαντα,
3135 1815 3275 1874 pag.
3339 1805 3439 1858 140
3489 1801 3552 1859 Β.
3611 1801 3697 1856 Ἐκ
3755 1812 3860 1867 τῆς

489 1894 621 1964 πρὸς
669 1896 950 1966 Νεστόριον
994 1891 1288 1962 ἐπιστολῆς,
1327 1908 1470 1966 pag.
1520 1896 1640 1949 141.
1689 1893 1778 1945 Ἐκ
1829 1901 1923 1956 τῆς
1976 1891 2180 1965 ὁμιλίας
2225 1897 2336 1960 τῆς,
2377 1888 2498 1941 Ὀτι
2547 1890 2613 1950 εἷς
2662 1893 2851 1964 Κύριος
2897 1891 3101 1951 Ἰησοῦς
3141 1894 3396 1966 Χριστὸς,
3442 1907 3585 1964 pag.
3636 1894 3732 1948 141
3783 1891 3854 1948 b.

488 1977 577 2033 Ἐκ
632 1988 724 2034 τοῦ
780 1984 908 2056 πρὸς
964 1985 1059 2040 τὴν
1121 1981 1494 2041 εὐσεϐεστάτην
1549 1978 1812 2055 βασιλίδα
1873 1985 2331 2057 προσφωνητικοῦ,
2393 1991 2536 2050 pag.
2603 1981 2697 2033 141
2759 1978 2818 2034 Β.
2877 1980 2963 2032 Ἐκ
3015 1986 3107 2031 τοῦ
3171 1978 3327 2051 λόγου
3393 1987 3484 2032 τοῦ
3538 1983 3670 2053 πρὸς
3723 1984 3856 2042 τοὺς

486 2068 889 2142 πρεσϐυτέρους,
946 2074 1036 2123 καὶ
1089 2067 1386 2138 διακόνους,
1436 2076 1526 2124 καὶ
1577 2074 1862 2144 μοναχοὺς,
1911 2085 2055 2143 pag.
2109 2073 2229 2135 142,
2280 2068 2407 2134 143,
2460 2069 2558 2122 146
2596 2065 2658 2122 Β.
2716 2066 2804 2119 Ἐκ
2851 2074 2943 2120 τοῦ
2992 2067 3058 2129 εἰς
3108 2069 3204 2131 τὰς
3259 2065 3538 2132 δεσποίνας
3592 2088 3853 2144 προσφω-

484 2166 717 2228 νητικοῦ,
778 2174 922 2232 pag.
980 2163 1098 2216 143.
1155 2160 1243 2215 Ἐκ
1291 2179 1382 2214 του
1444 2163 1592 2215 ἕκτου
1643 2160 2094 2233 ἀναθεματισμου,
2151 2156 2298 2214 ibid.
2359 2157 2448 2208 Ἐκ
2485 2175 2577 2209 του
2625 2152 2850 2230 ἑϐδόμου
2906 2159 3354 2231 αναθεματισμου,
3401 2158 3548 2215 ibid.
3603 2158 3694 2212 Ἐκ
3749 2168 3851 2222 τῆς

482 2249 614 2320 πρὸς
671 2250 948 2303 Σούκενσον
1005 2249 1304 2318 ἐπιστολῆς,
1364 2263 1505 2322 pag.
1567 2253 1688 2304 179.
1749 2249 1835 2302 Ἐκ
1887 2269 1978 2302 του
2040 2250 2171 2321 πρὸς
2228 2242 2584 2321 Ἀλεξανδρεῖς
2644 2265 3078 2320 προσφωνητικου
3141 2247 3331 2320 λόγον,
3386 2247 3531 2305 ibid.
3595 2248 3686 2301 Ἐκ
3749 2258 3852 2311 τῆς

483 2335 750 2408 ἑρμηνείας
800 2346 894 2400 τῆς
923 2341 1054 2410 πρὸς
1095 2337 1367 2414 Ἐκραίους
1417 2337 1711 2406 ἐπιστολῆς,
1756 2337 1903 2394 ibid.
1955 2338 2042 2392 Ἐκ
2089 2345 2189 2390 τῶν
2227 2337 2364 2388 κατά
2404 2339 2714 2410 Νεστορίου,
2755 2350 2896 2408 pag.
2947 2339 3043 2392 188
3091 2335 3153 2392 Β.
3201 2338 3289 2390 Ἐκ
3330 2357 3418 2390 του
3471 2340 3607 2391 κατὰ
3641 2339 3851 2412 Ἀρεια-

481 2433 578 2478 νῶν
624 2427 869 2500 τετάρτου
917 2426 1096 2498 λόγου,
1146 2442 1288 2500 pag.
1335 2430 1462 2496 204,
1509 2429 1600 2481 Ἐκ
1647 2446 1738 2480 του
1791 2431 1970 2502 τρίτου
2013 2426 2221 2500 βιϐλίου
2265 2433 2364 2478 τῶν
2409 2427 2546 2477 κατὰ
2593 2424 2874 2478 Ἰουλιανου
2913 2421 3212 2498 δογμάτων,
3245 2425 3392 2483 ibid.
3426 2428 3518 2481 Ἐκ
3547 2435 3641 2491 τῆς
3684 2428 3852 2500 ἑρμη-

482 2517 619 2575 νείας
651 2513 858 2586 βιϐλίου
886 2511 1101 2586 ὀγδόου,
1135 2531 1278 2588 pag.
1307 2515 1442 2572 ead.
1476 2515 1536 2571 b.
1570 2519 1706 2591 Πρὸς
1736 2516 1974 2589 Ἑρμείαν
2003 2521 2121 2590 περὶ
2149 2523 2242 2577 τῆς
2267 2515 2417 2586 ἁγίας
2445 2510 2617 2590 Τριάδ
2621 2533 2676 2576 ος
2703 2518 2838 2568 κατὰ
2866 2534 3048 2569 πευσιν
3077 2521 3168 2568 καὶ
3209 2514 3510 2590 ἀπόκρισιν,
3541 2532 3682 2590 pag.
3713 2521 3849 2576 233.

482 2601 572 2655 Ἐκ
619 2610 714 2666 τῆς
750 2607 876 2678 πρὸς
905 2604 1214 2663 Ἐπίκτητον
1255 2603 1553 2672 ἐπιστολῆς,
1589 2620 1731 2677 pag.
1763 2607 1886 2662 234.
1923 2604 2009 2658 Ἐκ
2046 2625 2137 2658 του
2191 2609 2318 2680 πρὸς
2358 2600 2646 2658 Θεοδόσιον
2697 2623 3152 2677 προσφωνητικου,
3184 2604 3330 2662 ibid.
3365 2606 3451 2667 Εἰς
3487 2610 3546 2658 τὸ
3585 2612 3848 2678 μυστικὸν

487 2685 715 2760 δεῖπνον,
744 2706 888 2763 pag.
921 2695 1024 2748 332
1052 2692 1116 2748 Β.
1149 2692 1238 2746 Ἐκ
1277 2701 1376 2745 τῶν
1409 2691 1481 2765 ιβ’
1508 2692 1791 2765 κεφαλαίων
1825 2701 1926 2745 τῶν
1963 2696 2085 2746 κατό

2247 2689 2500 2767 δωρητου,
2534 2692 2683 2750 ibid.
2715 2693 2843 2748 Ἀπὸ
2873 2713 2964 2747 του
2995 2698 3123 2768 πρὸς
3163 2691 3447 2768 βασιλίδας
3475 2695 3650 2767 λόγου,
3693 2696 3845 2754 ibid.

479 2782 538 2834 et
564 2794 703 2852 pag.
735 2784 838 2836 343
869 2779 929 2836 Β.
960 2779 1089 2834 Ἀπὸ
1129 2789 1229 2833 τῶν
1254 2785 1372 2857 περὶ
1417 2783 1655 2844 ὑπακοῆς
1679 2801 1768 2834 του
1801 2789 2057 2854 Χριστου,

2272 2786 2375 2838 332
2403 2782 2464 2838 Β.
2501 2785 2589 2836 Ἐκ
2626 2801 2717 2834 του
2751 2782 2816 2844 εἰς
2860 2786 2925 2836 τά
2956 2786 3086 2837 Βάῑα
3120 2783 3299 2856 λόγου,
3331 2799 3470 2857 pag.
3511 2786 3616 2841 340
3641 2785 3705 2841 Β.
3748 2788 3845 2840 Ἐκ

484 2887 577 2922 του
605 2866 650 2920 α’
681 2867 890 2942 βιϐλίου
921 2877 1020 2924 τῶν
1066 2878 1385 2946 Θησαυρῶν,
1419 2868 1467 2923 ἐν
1497 2890 1587 2924 του
1622 2869 1686 2924 ια’
1717 2870 2014 2945 κεφαλαίου,
2049 2887 2188 2946 pag.
2219 2872 2344 2928 342.
2374 2872 2504 2926 Ἀπὸ
2533 2890 2626 2926 του
2673 2871 2713 2925 θ’
2752 2872 2910 2944 λόγου
2949 2881 3043 2936 τῆς
3073 2872 3121 2926 ἐν
3163 2877 3419 2946 πνεύματι
3460 2873 3702 2950 λατρείας
3740 2872 3846 2930 δύο

478 2971 620 3031 pag.
655 2958 789 3015 ead-
816 2958 878 3016 b.

549 3065 800 3137 Cyrinus
855 3066 1434 3141 Hierosolymilanus
1498 3065 1598 3121 ἀπὸ
1660 3087 1753 3121 του
1806 3067 1878 3132 εἰς
1926 3071 2020 3127 την
2069 3067 2147 3123 ’Υπ

2241 3071 2392 3126 αντῆν
2436 3067 2629 3141 λόγου,
2679 3068 2740 3122 οὗ
2791 3071 2822 3130 ἡ
2885 3067 3070 3146 ἀρχὴ,
3138 3077 3300 3146 Χαῖρε
3366 3067 3612 3148 σφόδρα,
3665 3091 3715 3126 κ.
3786 3071 3837 3128 λ.

475 3167 619 3228 pag.
647 3159 749 3211 322
769 3155 830 3212 b.

547 3261 868 3332 Dionysius
907 3265 1269 3337 Areopagita
1313 3265 1368 3318 ἐκ
1397 3283 1488 3318 του
1521 3261 1766 3340 δευτέρου
1797 3265 2075 3338 κεφαλαίου
2107 3285 2145 3318 τι

2246 3268 2341 3340 περὶ
2366 3267 2628 3339 ἠνωμένου
2666 3271 2755 3319 καὶ
2786 3263 3205 3342 διακεκριμένον,
3231 3283 3371 3338 pag.
3403 3273 3487 3324 11.
3523 3269 3610 3323 Ἐκ
3640 3289 3732 3322 του
3766 3276 3844 3342 ιγ’

474 3349 754 3421 κεφαλαίου
785 3370 876 3405 του
912 3357 1031 3425 περὶ
1072 3373 1164 3406 του
1195 3353 1387 3407 τελείου
1416 3359 1504 3406 καὶ
1531 3353 1658 3418 ἐνὸς,
1688 3369 1826 3426 pag.
1861 3355 1995 3410 ead.
2031 3354 2093 3410 b.
2127 3359 2252 3430 Περὶ
2294 3362 2451 3422 Θεοθ,
2480 3371 2624 3428 pag.
2655 3356 2742 3412 15.
2785 3359 2874 3409 Ἐκ
2915 3377 3006 3411 1'61:
3036 3363 3244 3434 πρώτου
3274 3357 3552 3431 κεφαλαίου
3595 3367 3690 3420 τῆς
3718 3367 3844 3433 περὶ

477 3437 622 3489 θείων
645 3437 929 3511 ὀνομάτων,
957 3456 1096 3513 pag.
1133 3445 1200 3497 59
1229 3441 1296 3497 b.
1335 3442 1424 3495 Ἐκ
1449 3450 1545 3503 τῆς
1565 3446 1697 3517 πρὸς
1727 3446 1880 3496 Γάῑον
1908 3447 1995 3496 τὸν
2024 3445 2340 3519 θεραπευτὴν
2368 3443 2662 3517 ἐπιστολῆς,
2687 3445 2833 3504 ibid.
2865 3449 2958 3500 Ἐκ
2987 3456 3086 3500 τῶν
3119 3447 3422 3520 θεολογικών
3455 3455 3844 3522 στοιχειώσεων

473 3542 564 3578 του
591 3525 745 3598 ἁγίου
777 3527 1044 3602 Ἰεροθέου,
1068 3544 1210 3603 pag.
1239 3534 1324 3586 40.

540 3639 642 3684 Του
687 3632 843 3705 ἁγίου
876 3634 1101 3709 Ἐφραὶμ
1150 3634 1574 3709 ἀρχιεπισκόπου
1609 3637 1952 3710 Ἀντιοχείας,
1987 3637 2040 3702 ἐξ
2082 3640 2144 3702 ῆς
2191 3642 2477 3698 ἐποιήσατο
2517 3639 2805 3714 ἀπολογίας
2841 3643 2966 3718 ὑπὲρ
3010 3651 3108 3707 τῆς
3149 3643 3197 3697 ἐν
3238 3641 3489 3703 Χαλκηδό
3525 3665 3542 3697 ι
3586 3642 3841 3716 συνόδου,

471 3724 562 3773 καὶ
589 3739 681 3773 του
713 3725 874 3795 τόμον
904 3741 996 3775 του
1029 3722 1180 3795 ἁγίου
1213 3727 1450 3791 Λέοντος,
1475 3741 1619 3798 pag.
1652 3729 1758 3784 207
1787 3726 1847 3782 b.

541 3828 875 3886 Eustratius
931 3830 1315 3904 metropolila
1367 3831 1640 3888 Nicaenus
1685 3831 1786 3886 ἀπὸ
1836 3853 1927 3888 του
1978 3833 2135 3907 λόγου

2240 3857 2278 3890 ιυ
2327 3841 2458 3914 πρὸς
2501 3839 2819 3914 Γροσολάνον
2867 3839 3149 3894 ἐπίσκοπον
3197 3838 3521 3896 Μεδιολόνων
3573 3863 3691 3914 περι
3742 3852 3838 3908 τῆς

467 3935 559 3969 του
592 3916 745 3990 ἁγίου
778 3922 1077 3993 Πνεύματος
1126 3918 1497 3996 ἐκπορεύσεως,
1525 3937 1666 3994 pag.
1701 3927 1824 3978 266.
1860 3923 1948 3977 Ἐκ
1973 3929 2064 3978 τόυ
2109 3926 2269 3980 αὐτου
2312 3932 2444 4001 πρὸς
2487 3929 2642 3982 αὐτὸν
2674 3929 2954 3983 ἐπίσκοπον
2997 3928 3327 3984 Μεδιολάνων
3367 3929 3608 4007 δευτέρου
3650 3933 3832 4006 λόγου,

466 4020 610 4093 pag.
657 4011 762 4064 268
809 4008 868 4065 b.
908 4011 1000 4063 Ἐκ
1044 4029 1135 4062 του
1181 4011 1341 4063 αύτου
1392 4011 1562 4084 ἐτέρου
1609 4011 1784 4084 λόγου,
1817 4028 1961 4085 pag.
1990 4017 2092 4071 273
2137 4014 2202 4074 Β,
2241 4023 2338 4070 Τον
2387 4017 2546 4070 αύτου
2594 4018 2848 4092 κεφάλαια
2893 4018 3275 4093 ἐπιστημονικά
3325 4017 3397 4073 δι’
3446 4023 3513 4074 ὧν
3561 4019 3832 4076 δείκνυται

468 4091 727 4149 ἀδύνατον
765 4095 896 4150 εἶναι
937 4097 992 4152 ἐκ
1030 4118 1122 4152 του
1157 4103 1362 4174 Πατρός
1399 4105 1488 4153 καὶ
1518 4120 1608 4154 του
1658 4103 1780 4155 Υἱου
1819 4105 1877 4156 τὸ
1923 4109 2132 4178 Πνευμα
2157 4108 2214 4158 τὸ
2244 4107 2392 4179 ἅγιον
2441 4105 2831 4184 ἐκπορεύεσθαι,
2859 4124 3000 4183 pag.
3032 4115 3155 4166 275.
3200 4110 3287 4164 Ἐκ
3313 4129 3404 4164 του
3435 4107 3678 4186 δευτέρου
3707 4119 3828 4186 περὶ

467 4191 567 4236 τῶν
596 4185 834 4257 Ἀζύμων
862 4186 1040 4259 λόγου,
1069 4203 1208 4260 pag.
1237 4193 1337 4246 333
1368 4189 1430 4246 b.
1807 4203 1812 4205 ’

538 4290 806 4364 Εύθυμίοῦ
833 4301 1072 4366 μοναχοῦ
1111 4294 1404 4368 Ζιγαϐηνοῦ
1448 4299 1583 4350 κατά
1629 4305 1730 4350 τῶν
1759 4307 1854 4361 τῆς
1890 4299 2113 4362 παλαιᾶς
2140 4299 2362 4374 Ῥώμης,
2389 4305 2506 4360 ῆτοι
2555 4302 2779 4372 Ἰταλῶν,
2811 4302 3065 4376 κεφάλαια
3110 4303 3182 4378 ιβ’
3207 4302 3490 4376 δηλουντα,
3521 4307 3588 4370 ὡς
3628 4307 3723 4362 οῦκ
3765 4307 3823 4362 ἐκ

466 4385 560 4432 τοῦ
598 4381 722 4432 Υίου
753 4379 1085 4456 ἐκπορεύεται
1121 4386 1180 4436 τὸ
1221 4391 1430 4457 Πνευμα
1458 4388 1515 4438 τὸ
1546 4387 1716 4457 ἅγιον,
1742 4401 1882 4460 pag.
1906 4392 2032 4445 296.

538 4487 858 4556 Gregorius
886 4489 1290 4546 Nazianzenus
1333 4489 1388 4544 ἐκ
1417 4511 1508 4544 του
1539 4496 1655 4566 περὶ
1702 4495 1824 4545 Υίου
1853 4500 2060 4567 πρώτου
2089 4495 2136 4548 λέ

2224 4519 2265 4562 :,
2303 4513 2443 4572 pag.
2479 4500 2565 4565 12,
2605 4500 2726 4569 105,
2764 4502 2864 4557 108
2902 4499 2965 4569 Β,
2996 4505 3117 4571 109,
3149 4503 3275 4560 342.
3308 4503 3394 4558 Ἐκ
3427 4513 3518 4558 τοῦ
3551 4510 3670 4582 περὶ
3697 4509 3822 4560 Υίοῦ

468 4570 713 4664 δευτέρου
743 4575 924 4649 λόγου,
953 4593 1096 4650 pag.
1127 4579 1196 4635 40
1221 4579 1284 4649 Β,
1314 4581 1413 4637 106
1451 4580 1515 4648 Β,
1549 4585 1644 4637 109
1682 4581 1746 4652 Β,
1778 4586 1898 4646 110,
1930 4584 2034 4640 178
2062 4585 2066 4640 ξ

2227 4589 2279 4656 0,
2307 4570 2434 4643 340.
2467 4587 2555 4642 Ἐκ
2583 4607 2673 4640 του
2698 4588 2854 4660 λόγου
2883 4608 2976 4642 του
3005 4570 3124 4664 περὶ
3151 4587 3413 4664 δόγματος
3440 4599 3530 4646 καὶ
3558 4570 3824 4648 καταστά-

470 4681 598 4726 σεως
643 4662 958 4738 ἐπισκόπων,
1003 4682 1145 4740 pag.
1188 4669 1277 4723 12.
1324 4669 1411 4722 Ἐκ
1455 4689 1547 4723 του
1584 4669 1740 4742 λόγου
1784 4691 1875 4725 του
1914 4676 2040 4746 πρὸς
2086 4677 2400 4747 Ἀρειανούς,
2440 4681 2529 4729 καὶ
2566 4677 2633 4738 εἰς
2668 4677 2868 4749 ἐαυτὸν,
2920 4662 3078 4752 pag.
3114 4681 3178 4737 12
3325 4683 3418 4735 Ἐκ
3462 4702 3556 4736 του
3593 4683 3824 4757 μεγάλου

466 4751 870 4826 ἀπολογητικοῦ,
909 4770 1051 4829 pag.
1088 4760 1177 4814 16.
1207 4757 1296 4812 Ἐκ
1334 4778 1426 4812 του
1465 4758 1620 4832 λόγου
1647 4780 1738 4814 του
1778 4760 1849 4822 εἰς
1891 4764 1958 4814 τὰ
1984 4782 2064 4834 γεν

2225 4804 2238 4832 ,
2269 4779 2408 4838 pag.
2445 4769 2536 4821 40.
2566 4767 2657 4818 Ἐκ
2699 4785 2788 4820 του
2824 4767 2894 4830 εἰς
2924 4751 3004 4820 Ῠτά
3033 4775 3184 4823 Φῶτα
3210 4769 3384 4843 λόγου,
3418 4787 3557 4844 pag.
3589 4751 3726 4830 61111.
3757 4773 3823 4831 Β.

461 4842 552 4896 Ἐκ
599 4863 690 4897 του
723 4849 856 4920 πρὸς
895 4843 1180 4904 κληδόνων
1221 4844 1465 4922 δευτέρου
1511 4847 1689 4921 λόγου,
1722 4849 1870 4906 ibid.
1899 4851 1986 4904 Ἐκ
2017 4872 2107 4906 του
2139 4852 2211 4916 εἰς
2241 4856 2298 4906 τὸ
2339 4855 2541 4926 Πάσχα
2580 4851 2824 4929 δευτέρου
2861 4855 3038 4928 λόγου,
3077 4859 3224 4915 ibid.
3268 4842 3354 4914 Ἐκ
3391 4842 3484 4916 του
3515 4842 3682 4935 λογον
3729 4881 3825 4917 του

463 4952 841 5008 προτρεπτικου
881 4935 953 4998 εἰς
981 4939 1040 4990 τὸ
1082 4934 1384 5010 βάπτισμα,
1413 4937 1560 4995 ibid.
1596 4939 1683 4994 Ἐκ
1708 4959 1801 4993 του
1829 4939 1986 5013 λόγοῦ
2021 4961 2112 4995 του
2143 4941 2215 5005 εἰς
2239 4946 2332 5001 τῆν
2377 4951 2477 4996 τῶν
2505 4943 2577 5019 ρν’
2607 4942 2902 4998 ἐπισκόπων
2927 4953 3241 5022 παρουσίαν,
3273 4965 3414 5023 pag.
3447 4953 3570 5009 107.
3610 4954 3702 5006 Ἐκ
3729 4972 3825 5008 του

460 5021 619 5094 λογον
656 5043 748 5077 του
777 5028 897 5098 περὶ
923 5023 1294 5085 ἀκαταλήπτου
1322 5032 1606 5100 γεννήσεως
1634 5048 1725 5083 του
1755 5031 1881 5084 Υὶου
1911 5036 2002 5084 καὶ
2031 5039 2058 5085 ε

2225 5045 2358 5106 pag.
2392 5034 2520 5091 108.
2560 5038 2683 5110 Περὶ
2713 5054 2805 5088 του
2844 5021 3010 5107 ἁγίου
3025 5021 3336 5112 Πνεύματός,
3367 5021 3508 5114 pag.
3545 5045 3663 5110 121,
3702 5046 3823 5113 122,

461 5111 583 5167 123.
615 5111 702 5166 Ἐκ
737 5131 828 5166 του
853 5116 982 5188 πρὸς
1009 5111 1297 5173 Κληδόνιον
1326 5121 1536 5190 πρώτου
1567 5121 1745 5189 λόγου,
1772 5134 1915 5192 pag.
1943 5120 2047 5176 127
2076 5121 2138 5177 b.
2167 5125 2289 5181 128.

531 5219 850 5312 (ἓτεεοτὶυε
875 5223 1213 5312 _Nyssenus,
1253 5238 1396 5296 pag.
1441 5227 1543 5312 105
1584 5224 1646 5282 b.
1691 5231 1817 5301 Περὶ
1855 5236 1952 5292 τῆς
1984 5229 2123 5292 θείας

2224 5231 2609 5304 ανθρωπῆσεως
2654 5230 2710 5285 ἐκ
2739 5252 2831 5286 του
2869 5253 3238 5307 κατηχητικου
3281 5235 3459 5310 λόγου,
3493 5253 3634 5312 pag.
3666 5241 3736 5297 40
3760 5239 3822 5298 Β.

457 5307 583 5362 246.
626 5305 846 5404 Ἐκ-του
875 5308 1032 5404 λόγου
1197 5313 1329 5404 πρὸς
1360 5311 1606 5404 81661161:
1637 5312 2059 5404 Ἂλεξανδρείας,
2083 5333 2226 5394 pag.
2270 5322 2393 5379 129.
2422 5323 2513 5376 Ἐκ
2550 5341 2642 5376 του
2669 5326 2800 5399 πρὸς
2827 5305 3219 5399 Ἀπολλινάριον
3248 5305 3615 5404 ὼτέῥρητίκου
3642 5328 3824 5402 λόγου,

455 5411 597 5468 pag.
627 5395 776 5494 aad:
802 5397 868 5456 Β.
910 5401 1032 5468 130,
1069 5399 1189 5471 131,
1235 5403 1356 5458 179.
1397 5400 1484 5458 Ἐκ
1512 5421 1605 5457 του
1635 5403 1790 5478 λόγου
1836 5425 1932 5460 του
1970 5413 2090 5484 περὶ
2121 5409 2363 5474 θεότητος
2400 5411 2527 5465 Υἰου
2557 5416 2649 5467 καὶ
2679 5395 2833 5486 ἁγίου
2871 5395 3191 5489 Πνεύματος,
3222 5421 3314 5470 καὶ
3343 5395 3417 5480 εἰς
3447 5420 3531 5471 τὸν
3563 5395 3824 5494 Ἀϐραὰμ,

453 5499 596 5558 pag.
629 5488 724 5542 3M
757 5485 820 5544 b.

527 5596 714 5658 Ηίστις
767 5592 1196 5670 ἁποκαλυφθεῖσα
1247 5606 1322 5673 τῷ
1379 5599 1514 5676 ἁγίῳ
1563 5607 1835 5680 Γρηγορίῳ
1885 5613 1959 5680 τῷ
2015 5612 2445 5681 Θαυματουργῷ,
2502 5609 2568 5671 ὡς
2623 5607 2673 5663 ἐν
2735 5605 2980 5684 διδαχῆς
3033 5619 3132 5676 τῆς
3181 5613 3463 5690 ύπεραγίας
3516 5619 3781 5672 Θεοτόκου
3805 5657 3826 5678 .
