4046 6310
288 310 380 366 289
1750 305 2116 366 RECENSIO.
3481 315 3588 374 290

286 435 484 484 καὶτοῦ
516 431 670 503 ἁγίου
711 427 1006 483 ἀποστόλου
1048 427 1288 483 Ἰωάννου
1317 433 1409 481 τοῦ
1446 427 1865 501 Εὐαγγελιστοῦ,
1901 445 2047 504 pag.
2077 433 2171 488 28.
2218 434 2322 485 Τοῦ
2369 429 2530 484 αὐτοῦ
2558 429 2614 484 ἐκ
2659 440 2722 492 τῆ
2734 451 2756 494 ς
2802 433 2938 488 κατὰ
2982 436 3138 510 μέρος
3164 438 3388 502 πίστεως
3409 437 3590 511 ῥήσεις

285 525 391 594 περὶ
418 527 521 573 τῶν
553 515 651 572 δύο
680 525 774 572 τοῦ
804 524 1041 592 Χριστοῦ
1071 520 1294 590 φύσεων,
1319 531 1460 590 pag.
1486 517 1589 573 178
1616 516 1680 577 b.

345 608 611 680 lgnatius
644 610 702 666 S.
734 607 1065 682 apostolus,
1093 608 1417 681 episcopus
1447 607 1873 677 Antiochenus,
1903 624 2044 682 pag.
2083 611 2181 666 188
2202 608 2265 666 b.

340 702 606 756 Joannes
637 698 1120 772 Chrysostomus,
1161 711 1305 769 pag.
1359 700 1483 753 343.
1531 697 1624 752 Ἐκ
1654 705 1748 760 τῆς
1790 697 1938 770 βιϐλο

2003 706 2098 761 τῆς
2126 703 2245 774 περὶ
2287 696 2677 767 ἀκατάληπτον,
2711 715 2773 772 p.
2811 704 2871 758 16
2901 700 2960 759 b.
2993 700 3086 756 ’Ἐκ
3133 712 3227 767 τῆς
3256 708 3387 780 πρὸς
3429 705 3585 762 Ἀχά-

276 808 380 841 κιον
433 787 738 855 ἐπιστολῆς,
801 803 863 860 p.
925 788 1047 843 179.
1105 785 1192 840 Ἐκ
1245 793 1343 846 τῆς
1395 784 1457 849 ξε’
1513 785 1719 859 ὁμιλίας
1759 796 1858 839 τῶν
1904 787 2183 862 ἑρμηνειῶν
2238 795 2330 840 τοῦ
2384 791 2520 840 κατα
2572 789 2809 850 Ἰωάννην
2859 791 3203 864 Εὑαγγελίου,
3243 809 3306 867 p.
3337 797 3461 852 204.
3499 797 3585 851 Ἐκ

273 888 363 940 τῆς
396 877 437 942 ζ’
464 877 668 951 ὁμιλίας
699 885 794 940 τῆς
822 879 950 952 πρὸς
993 876 1261 948 Ἐφεσίους
1290 873 1585 940 ἐπιστολῆς,
1636 891 1775 949 pag.
1810 880 1913 934 233
1953 877 2012 933 b.
2066 877 2150 929 Ἐκ
2205 885 2295 930 τοῦ
2334 881 2471 930 κατὰ
2517 878 2737 951 Ἀρείου,
2794 883 2883 933 καὶ
2936 881 3006 942 εἰς
3066 885 3148 933 τόν
3192 881 3583 957 Εύαγγελισμόν

273 966 495 1040 ὁμιλίας,
519 965 602 1022 ib.
637 970 692 1022 et
721 980 782 1037 p.
810 969 916 1022 340
945 963 1003 1020 b.
1037 963 1128 1017 Ἐκ
1157 971 1249 1016 τοῦ
1287 969 1468 1038 τρίτου
1511 965 1664 1037 λόγου
1713 973 1804 1018 τοῦ
1843 970 1960 1041 περὶ
1992 968 2294 1041 ἱερωσύνης,
2329 983 2390 1039 p.
2413 971 2517 1024 330
2544 966 2606 1022 b.
2636 968 2722 1022 Ἐκ
2753 976 2842 1032 τῆς
2874 972 3008 1022 κατὰ
3057 967 3327 1025 Ἰουδαίων
3370 972 3578 1045 βίϐλου,

268 1072 324 1130 p.
370 1061 502 1116 331.
544 1055 632 1110 Ἐκ
669 1063 764 1118 τῆς
811 1055 884 1116 εἰς
907 1057 966 1108 τό
997 1056 1132 1106 κατὰ
1174 1055 1443 1107 Ματθαῖον
1474 1053 1764 1127 ἑρμηνείας,
1798 1055 1949 1112 ibid.
1990 1056 2077 1109 Ἐκ
2105 1064 2201 1118 τῆς
2230 1055 2499 1128 ἑρμηνείας
2528 1065 2624 1119 τῆς
2653 1061 2784 1131 πρὸς
2814 1057 3082 1134 Ἐϐραίους
3113 1058 3404 1130 ἐπιστολῆς,
3435 1078 3578 1136 pag,

266 1150 363 1202 331
395 1145 459 1208 b.
492 1149 596 1203 340
620 1144 684 1202 b.
715 1144 804 1206 Εἰς
827 1147 914 1197 τὸν
951 1142 1235 1196 ἀπόστολον
1263 1149 1478 1216 Θωμᾶν,
1506 1159 1646 1216 pag.
1680 1148 1774 1202 331
1811 1144 1876 1203 b.
1924 1143 2012 1198 Ἐκ
2036 1152 2129 1197 τοῦ
2174 1144 2245 1206 εἰς
2272 1147 2338 1196 τὰ
2369 1151 2536 1214 Φῶτα,
2563 1145 2708 1202 ibid.
2758 1145 2845 1200 Ἐκ
2893 1156 2987 1210 τῆς
3029 1148 3108 1211 κζ’
3159 1149 3364 1223 ὁμιλίας
3404 1152 3475 1214 εἰς
3519 1155 3578 1205 τό

265 1239 398 1288 κατά
419 1237 666 1293 ’ἰονὶγιην
696 1235 846 1306 ἅγιον
877 1232 1209 1306 Εύαγγέλιον,
1242 1248 1386 1306 pag.
1413 1236 1536 1289 341.

328 1328 597 1382 Joannes
632 1327 1057 1390 Damascenus,
1089 1337 1231 1395 pag.
1268 1325 1388 1391 106,
1438 1326 1531 1378 107
1563 1321 1627 1393 b,
1664 1326 1762 1379 109
1791 1321 1853 1394 b,
1893 1327 1910 1378 1

1973 1326 2014 1393 z,
2051 1326 2149 1379 146
2178 1322 2242 1392 b,
2297 1325 2393 1379 m
2434 1322 2493 1390 b,
2544 1327 2641 1379 473
2674 1323 2736 1394 ι),
2773 1327 2872 1382 174
2902 1325 2963 1393 b,
3000 1330 3119 1396 415,
3156 1331 3253 1384 186
3281 1327 3470 1390 1).201
3513 1329 3571 1397 b,

264 1419 384 1486 202,
419 1418 549 1483 334,
582 1416 687 1471 339
717 1412 777 1470 b.
807 1413 898 1466 Ἐκ
927 1419 1019 1465 τοῦ
1057 1415 1176 1486 περὶ
1212 1414 1416 1484 Πατρός
1452 1415 1543 1464 καὶ
1574 1411 1699 1465 Υἰοῦ
1727 1417 1818 1465 καὶ
1855 1412 2008 1484 ἁγίου
2051 1415 2347 1486 Πνεύματος
2379 1410 2747 1488 διακεκριμένη
2781 1413 2892 1487 ἅμα
2918 1419 3008 1468 καὶ
3054 1417 3285 1489 ἡνωμένη
3320 1417 3572 1490 θεολογία,

258 1519 400 1577 pag.
453 1505 542 1561 13.
584 1510 688 1558 Τοῦ
729 1501 891 1555 αὑτοῦ
931 1520 986 1555 εκ
1027 1498 1293 1574 διαφόρων
1345 1505 1605 1576 Πατέρων,
1652 1515 1797 1574 pag.
1845 1517 1856 1556 ι

2007 1501 2070 1559 b.
2116 1506 2240 1576 Περὶ
2284 1509 2378 1563 τῆς
2417 1500 2573 1574 ἁγίας
2624 1501 2870 1577 Τριάδος,
2924 1519 3064 1576 pag.
3099 1506 3164 1560 19
3201 1505 3262 1562 b.
3313 1511 3436 1580 Περὶ
3478 1515 3573 1570 τῆς

259 1593 562 1664 συλλήψεως
598 1599 692 1646 τοῦ
735 1598 993 1665 Χριστοῦ,
1043 1605 1184 1663 pag.
1232 1593 1300 1647 34
1335 1589 1398 1646 1).
1454 1595 1580 1665 Περὶ
1629 1598 1721 1642 τοῦ
1763 1595 1957 1665 τρόπου
2000 1598 2092 1650 τῆς
2133 1587 2471 1659 ἀντιδόσεως,
2503 1605 2646 1664 pag.
2690 1595 2778 1647 4-2.
2812 1591 2932 1644 Ὀτι
2959 1599 3107 1645 πᾶσα
3134 1595 3164 1652 ἡ
3203 1597 3315 1648 θεία
3340 1599 3495 1668 φύσις
3525 1595 3573 1649 ἐν

252 1690 348 1755 μιᾷ
371 1693 473 1735 τῶν
519 1681 704 1735 ἑαυτοῦ
742 1681 1082 1734 ύποστάσεων
1122 1679 1294 1738 ηνωθη
1340 1687 1402 1753 τῇ
1456 1678 1750 1752 ἀνθρωπίνῃ
1804 1682 1978 1752 φύσει,
2028 1685 2118 1732 καὶ
2160 1679 2220 1732 ού
2267 1684 2417 1755 μέρος
2448 1683 2608 1753 μέρει,
2642 1695 2783 1752 pag.
2831 1681 2964 1738 ead,
2997 1681 3058 1738 b.
3094 1687 3221 1759 Περὶ
3249 1691 3346 1746 τῆς
3374 1683 3422 1737 ἐν
3446 1681 3575 1738 εῖδει

250 1778 336 1826 καὶ
392 1771 574 1845 ἀτόμῳ
623 1773 977 1844 θεωρουμένης
1027 1769 1367 1830 ὑποστάσεως
1424 1773 1514 1821 καὶ
1571 1764 1831 1844 διαφορᾶς
1873 1767 2100 1830 ἐνώσεως
2147 1772 2238 1821 καὶ
2288 1775 2621 1843 σαρκώσεως,
2678 1785 2818 1842 pag.
2871 1774 2960 1827 43,
3025 1776 3150 1847 Περὶ
3201 1782 3434 1845 φυσικῶν
3480 1778 3572 1826 καὶ

251 1860 584 1920 ἆδιαϐλὴτων
611 1861 810 1926 παθῶν,
842 1874 980 1932 pug.
1013 1857 1150 1914 ead.
1177 1855 1238 1913 Ι).
1274 1862 1398 1932 Περὶ
1428 1865 1520 1910 τοῦ
1545 1862 1849 1930 Τρισαγίου,

1971 1873 2030 1928 g.
2068 1861 2188 1914 189.
2241 1862 2366 1932 Περὶ
2395 1867 2490 1920 τῆς
2523 1855 2835 1933 θεανδρικῆς
2873 1858 3148 1933 ἐνεργείας,
3192 1875 3336 1934 pag.
3363 1867 3468 1919 202
3507 1863 3567 1919 Ι).

251 1955 380 2024 Πρός
429 1955 552 2012 τοὺς
600 1947 864 2021 λέγοντας,
923 1946 967 2000 εἰ
1013 1942 1111 2000 δύο
1158 1948 1359 2018 φύσεων
1405 1951 1496 1999 καὶ
1547 1945 1812 2021 ἐνεργειῶν
1855 1947 1882 1999 6
1929 1947 2220 2019 ἄνθρωπος,
2269 1944 2468 2017 ἁναγκη
2520 1944 2605 1999 ἐπὶ
2661 1955 2897 2022 Χριστοῦ
2950 1957 3087 2024 τρεῖς
3151 1954 3327 2022 φύσεις
3381 1951 3566 2024 λέγειν,

247 2047 335 2095 καὶ
362 2043 629 2101 τοσαύτας
655 2037 929 2112 ἐνεργείας,
958 2051 1100 2110 pag.
1122 2039 1246 2091 235.
1275 2035 1362 2088 Ἐκ
1389 2042 1480 2088 τοῦ
1521 2040 1641 2110 περὶ
1668 2042 1768 2087 τῶν
1793 2034 1954 2106 ἁγίων
1993 2039 2083 2087 καὶ
2113 2033 2390 2110 ἀχράντων
2422 2042 2514 2087 τοῦ
2554 2040 2749 2109 Κυρίου
2789 2042 3095 2112 μυστηρίων
3133 2039 3411 2112 κεφαλαίου
3455 2039 3564 2112 πεί,

247 2147 305 2204 p.
332 2133 438 2188 330
467 2130 529 2186 1).
567 2131 706 2204 Πρός
728 2131 854 2188 τοὺς
881 2125 1143 2198 λέγοντας,
1174 2123 1232 2177 Ἦ
1263 2125 1558 2187 ὑπόστασις
1587 2132 1680 2178 τοῦ
1711 2131 1945 2198 Χριστοῦ
1974 2128 2189 2193 κτιστὴ,
2217 2124 2247 2184 ἦ
2281 2125 2552 2194 ἄκτιστος,
2583 2123 2761 2198 κέφάλ.
2788 2124 2900 2198 ρκζ’
2928 2141 3069 2199 pag.
3118 2131 3247 2184 342.
3303 2133 3428 2202 Περὶ
3467 2137 3567 2182 τῶν

251 2216 550 2293 ἰδιωμάτων
576 2227 675 2270 τῶν
706 2219 927 2290 φύσεων,
954 2212 1131 2285 κεφάλ.
1162 2210 1284 2288 ρυί.
1317 2213 1500 2271 Idem.

318 2309 558 2363 Ἰωάννου
571 2305 940 2380 Ἱεροσολύμων
961 2301 1203 2361 ἐπιστολὴ
1232 2306 1323 2354 καὶ
1349 2310 1450 2355 τῶν
1476 2301 1563 2355 ὑπ’
1595 2301 1748 2355 αὐτόν
1779 2300 2074 2356 ἐπισκόπων
2097 2305 2225 2376 πρὸς
2246 2303 2487 2362 Ἰωάννην
2512 2306 2600 2358 τὸν
2628 2304 3228 2379 Κωνσταντινουπόλεως,
3246 2305 3569 2380 ἐπικυροῦσα

249 2400 314 2452 τὰ
339 2399 480 2451 κατὰ
507 2396 734 2472 Σεϐἠρου
759 2395 1088 2469 πραχθέντα,
1116 2407 1259 2464 pag.
1295 2396 1414 2447 167.
1446 2389 1508 2447 b.

318 2487 584 2545 Isidorus
607 2482 907 2542 Pelusiola
936 2480 991 2535 ἐκ
1021 2489 1115 2544 τῆς
1140 2484 1270 2557 πρὸς
1301 2485 1500 2534 Θεωνᾶν
1531 2477 1830 2550 ἐπιστολῆς,
1863 2495 1923 2553 p.
1953 2483 2082 2537 236.

317 2576 507 2634 Julius
532 2578 759 2640 Romae,
789 2589 853 2644 p.
887 2575 987 2628 188
1011 2569 1076 2629 b.

317 2665 691 2724 Jusuniauus
745 2663 1075 2734 imperator
1113 2657 1167 2712 ἐκ
1212 2667 1305 2722 τῆς
1361 2661 1491 2734 πρὸς
1530 2657 1721 2712 Ζωΐλον
1766 2662 1852 2711 τόν
1897 2657 1915 2711 ὁ

1971 2665 2187 2713 ιώτατον
2240 2661 2579 2736 πατριάρχην
2623 2655 3014 2735 Ἀλεξανδρείας
3057 2658 3385 2736 δογματικῆς
3414 2663 3563 2719 ἐπισ-

244 2756 424 2818 τολῆς,
465 2769 611 2828 pag.
653 2755 780 2810 208.
837 2749 1079 2814 Διάταξις
1125 2751 1257 2802 κατά
1299 2749 1570 2821 Ἀνθίμου,
1625 2747 1872 2822 Σεϐἠρου,
1928 2753 2149 2824 Πέτρου,
2205 2753 2294 2802 καὶ
2341 2754 2543 2823 Ζωόρα,
2583 2765 2726 2823 pag.
2781 2755 2902 2808 166.
2959 2751 3054 2808 Ἐκ
3101 2761 3194 2805 τοῦ
3235 2750 3463 2823 ἰδίκτου,
3503 2750 3562 2808 οὗ

242 2850 507 2919 μέμνηται
580 2847 671 2895 καὶ
744 2841 980 2913 Ἀγάθων
1038 2841 1065 2891 6
1127 2839 1414 2910 ἀγιὼτατος
1477 2839 1654 2898 πάπας
1713 2836 1913 2910 Ῥώμης
1979 2839 2026 2889 έν
2087 2845 2151 2910 τῇ
2219 2837 2343 2912 παρ’
2403 2838 2563 2891 αὐτοῦ
2632 2839 2879 2913 σταλείσῃ
2939 2840 3188 2914 ἐπιστολῇ
3258 2847 3387 2917 πρὸς
3444 2848 3562 2906 τοῦς

243 2931 525 3007 ἀοιδίμους
588 2930 829 3006 βασιλεῖς
880 2928 1176 3003 ’Πράκλειον
1259 2933 1349 2981 καὶ
1402 2926 1657 3002 Τιϐέριον,
1717 2927 1780 3000 τῇ
1849 2931 1939 2980 καὶ
1987 2931 2192 3000 κειμένη
2265 2925 2314 2980 ἐν
2377 2935 2486 2990 τοῖς
2548 2938 2860 3005 πρακτικοῖς
2924 2939 3018 2993 τῆς
3081 2933 3235 2994 ἕκτης
3311 2929 3558 3005 συνόδου,

237 3042 389 3100 pag.
418 3027 551 3081 236.

311 3115 584 3172 Justinus
609 3109 1005 3186 phil050phus
1035 3111 1094 3166 et
1113 3110 1343 3179 martyr
1367 3105 1424 3160 ἐκ
1453 3113 1546 3159 τοῦ
1567 3109 1686 3182 περὶ
1704 3110 1901 3159 πίστεω

896 3109 1005 3166 bus
1035 3111 1094 3166 et
1113 3110 1343 3179 martyr
1367 3105 1424 3160 ἐκ
1453 3113 1546 3159 τοῦ
1567 3109 1686 3182 περὶ
1704 3110 1930 3168 πίστεως
1949 3105 2106 3178 λόγου
2136 3119 2278 3178 pag.
2307 3109 2406 3162 178
2432 3105 2494 3164 b.

313 3209 431 3264 Leo
469 3219 633 3278 papa
677 3200 732 3254 ίκ
761 3208 855 3263 τῆς
894 3197 1173 3260 ἕπιστολῆς
1213 3206 1310 3258 τῆς
1351 3196 1620 3269 λεγομένης
1669 3196 1866 3258 στήλης
1905 3193 2232 3271 ὀρθοδοξίας,
2283 3211 2423 3268 pag.
2475 3199 2571 3253 3H
2623 3194 2685 3254 b.
2738 3196 2824 3251 Ἐκ
2867 3205 2958 3259 τῆς
3004 3194 3253 3273 δευτέρας
3280 3195 3558 3264 ἐπιστολῆς

236 3299 375 3373 πρὸς
443 3298 642 3347 Λέοντα
707 3289 954 3364 βασιλέα,
1022 3289 1082 3350 ἧς
1139 3287 1170 3346 ἠ
1241 3285 1523 3361 ἐπιγραφὴ,
1590 3292 1674 3357 Τῷ
1731 3282 2185 3362 ύπερενδοξοτάτῳ
2240 3290 2331 3338 καὶ
2385 3284 2718 3358 γαληνοτάτῳ
2771 3289 2869 3358 υἱῷ
2921 3287 3081 3340 αὐτοῦ
3139 3293 3281 3342 Λέων
3339 3288 3557 3343 ἐπίσκο-

236 3405 360 3453 πος,
384 3399 529 3458 pag.
551 3385 678 3441 342.

310 3482 417 3529 Τοῦ
447 3478 633 3549 κυρίου
665 3474 885 3532 Λέοντος
913 3475 1006 3522 τοῦ
1032 3465 1356 3542 Βουλγαρίας
1374 3473 1467 3518 τοῦ
1496 3470 1716 3540 πρώτως
1741 3463 1965 3538 προϐλη.
1989 3507 2001 3522 .
2024 3507 2036 3522 .
2060 3505 2073 3520 .
2096 3506 2109 3521 .
2147 3465 2290 3540 παρὰ
2324 3471 2416 3518 τοῦ
2443 3469 2739 3539 μακαρίτου
2769 3463 3031 3539 βασιλέως
3060 3471 3244 3543 κυρίου
3287 3467 3556 3522 Βασιλείου

234 3567 295 3619 ἐκ
322 3573 416 3626 τῆς
444 3568 564 3636 περὶ
591 3571 693 3614 τῶν
722 3559 964 3631 Ἀζύμων
994 3555 1271 3618 ἐπιστολῆς
1297 3555 1480 3622 αὐτοῦ,
1512 3569 1650 3626 pag.
1684 3558 1787 3611 330
1811 3554 1876 3612 b.

309 3656 406 3708 Ἐκ
433 3663 532 3706 τῶν
560 3650 848 3724 κεφαλαίων
870 3651 1113 3702 Λεοντίου
1139 3654 1238 3698 τῶν
1266 3647 1402 3697 κατὰ
1428 3643 1675 3719 Σεϐήρου,
1707 3659 1845 3716 pag.
1887 3643 2007 3711 180,
2043 3644 2163 3698 181.

313 3746 542 3817 Γράμμα
559 3749 653 3795 τοῦ
686 3739 940 3814 βασιλέως
964 3739 1148 3811 κυρίου
1174 3733 1418 3792 Μανουὴλ
1446 3737 1575 3808 πρὸς
1603 3736 1690 3786 τόν
1721 3732 1996 3786 καθολικόν
2019 3741 2115 3793 τῆς
2145 3733 2441 3806 Ἀρμενίας,
2471 3745 2613 3803 pag.
2647 3735 2749 3787 216
2774 3730 2839 3787 b.

311 3833 627 3902 Maximus,
659 3845 798 3903 pag.
830 3828 955 3896 168,
989 3828 1112 3895 169,
1147 3827 1269 3892 170,
1313 3826 1434 3889 194,
1477 3823 1580 3878 196
1609 3820 1672 3891 b,
1708 3827 1829 3888 197,
1867 3827 1909 3877 11

1957 3830 1986 3891 ν,
2018 3825 2112 3878 331
2149 3820 2211 3876 b.
2256 3825 2380 3894 Περὶ
2409 3823 2610 3894 Πατρός
2639 3825 2728 3872 καὶ
2774 3819 2898 3874 Υἰοῦ
2943 3825 3032 3873 καὶ
3066 3821 3217 3893 ἁγίου
3259 3827 3555 3898 Πνεύματος

234 3922 618 3998 διακεκριμένη
645 3920 756 3991 ἅμα
783 3921 875 3969 καὶ
903 3917 1138 3988 ἡνωμένη
1171 3912 1425 3984 θεολογία,
1453 3925 1515 3983 p.
1553 3915 1635 3966 13.
1670 3915 1795 3984 Περὶ
1825 3914 1958 3964 Θεόῦ
1984 3914 2184 3974 κοίνῶς,
2217 3924 2360 3980 pag.
2404 3913 2488 3966 16,
2536 3913 2660 3982 Περὶ
2691 3917 2787 3970 τῆς
2822 3910 2961 3971 θείας
2993 3908 3422 3983 ἑνανορωπὴσεως
3450 3912 3551 3966 ἀπὸ

230 4023 336 4076 τῆς
381 3995 632 4073 ἐκθέσεως
659 4016 752 4062 τοῦ
793 4010 913 4080 περί
960 4011 1055 4066 τῆς
1103 4002 1380 4076 ὁμολογίας
1415 3999 1591 4072 λόγου,
1642 4015 1782 4072 pag.
1833 4002 1896 4055 41
1944 3998 2005 4055 b.
2067 3999 2154 4051 Ἐκ
2192 4004 2284 4050 τοῦ
2327 3997 2480 4069 λόγου
2528 4005 2641 4063 τοῦ,
2691 3999 2771 4050 ὃτι
2819 3999 2844 4048 6
2892 3995 3114 4073 ἀριθμός
3165 4000 3282 4052 οὔτε
3333 3998 3549 4076 διαιρεῖ,

231 4108 360 4158 οὔτε
405 4099 712 4174 διαιρεῖται,
775 4111 912 4170 pag.
980 4097 1083 4150 168
1119 4093 1183 4148 b.
1241 4089 1362 4144 Ὀτι
1423 4089 1549 4161 οὐχ,
1612 4090 1677 4150 ὡς
1747 4088 1910 4160 ἔλεγεν
1977 4089 2002 4140 ὁ
2042 4086 2266 4162 Πύρρος,
2320 4089 2537 4158 νεύματι
2598 4093 2690 4138 τοῦ
2749 4085 3013 4148 ἐνωθέντος
3077 4093 3253 4160 Λόγου
3324 4092 3356 4149 ἡ
3420 4092 3553 4166 σὰρξ

231 4195 476 4256 ἐκινεῖτο,
517 4173 660 4265 pag.
700 4193 800 4245 199
837 4186 905 4242 b.
953 4187 1044 4238 Ἐκ
1084 4191 1176 4244 τῆς
1213 4184 1342 4256 πρὸς
1375 4179 1574 4254 Πύρρον
1623 4174 1828 4240 διαλέξε

1953 4193 2087 4249 pag.
2123 4175 2256 4232 ead.
2291 4181 2348 4232 et
2393 4178 2498 4230 200
2528 4178 2586 4230 et
2615 4177 2716 4230 205
2752 4173 2818 4231 b.
2851 4174 2938 4228 Ἐκ
2963 4183 3060 4237 τῆς
3097 4181 3228 4252 πρὸς
3255 4177 3551 4256 Νίκανδρον

233 4283 486 4342 ἐπιστολῇ
499 4261 544 4347 ς,
574 4296 718 4353 pag.
750 4281 844 4333 201
862 4320 875 4333 .
905 4278 1042 4350 Πρὸς
1062 4277 1178 4333 τοὺς
1205 4271 1468 4342 λέγοντας,
1496 4269 1574 4321 ὄτι
1603 4273 1728 4340 μίαν
1754 4275 1988 4340 Χριστοῦ
2005 4269 2114 4338 χρὴ
2137 4265 2300 4336 λέγειν
2320 4267 2412 4323 τὴν
2439 4261 2688 4337 ἐνέργειαν
2718 4263 2836 4316 κατ’
2860 4261 3211 4338 ἐπικράτειαν,
3236 4267 3386 4326 ibid.
3419 4274 3552 4344 Πρὸς

233 4378 359 4434 τοὺς
392 4372 637 4444 λέγοντας
683 4371 766 4422 ὅτι
807 4369 980 4438 ὥσπερ
1030 4363 1252 4438 ὀργάνου
1294 4363 1384 4411 καὶ
1425 4364 1517 4410 τοῦ
1561 4363 1824 4418 κινοῦντος
1863 4360 1961 4428 μία
2003 4354 2248 4430 ἐνέργεια,
2297 4354 2431 4404 οὕτω
2473 4357 2564 4404 καὶ
2603 4354 2841 4414 θεότητος
2878 4358 2968 4406 καὶ
3015 4352 3414 4428 ὼθρωπὸτητος
3453 4366 3554 4433 μία

234 4440 491 4538 “ﬂag,
519 4459 664 4515 ibid,
699 4460 834 4531 Πρὸς
859 4459 979 4515 τοὺς
1005 4452 1251 4525 λέγοντας
1279 4453 1402 4523 μίαν
1434 4448 1676 4500 σύνθετον
1713 4444 1796 4499 ἐπὶ
1826 4451 2061 4521 Χριστοῦ
2099 4443 2372 4517 ἐνέργειαν,
2405 4457 2465 4515 p.
2497 4440 2633 4499 ead.
2663 4441 2726 4499 b.
2754 4443 2842 4497 Ἐκ
2869 4450 2962 4497 τοῦ
3002 4447 3134 4518 πρός
3164 4445 3552 4524 Ἀπολλινάριον

232 4534 328 4606 τὸν
351 4553 612 4625 αἱρετικὸν
639 4545 1007 4622 αντιρῥητικοῦ
1029 4541 1207 4614 λόγου,
1237 4552 1379 4613 pag.
1405 4536 1506 4592 188
1532 4534 1598 4593 b.

312 4642 506 4699 Melito
532 4635 874 4700 Sardensis,
906 4649 1048 4707 pag.
1079 4632 1181 4686 188
1209 4630 1272 4687 b.

311 4730 686 4805 Nicephorus
715 4722 1057 4800 patriarcha
1077 4719 1442 4779 CPolitanus.
1487 4717 1632 4774 Vide
1648 4717 1820 4788 infra
1849 4716 1912 4773 in
1943 4729 2083 4773 voce
2111 4713 2375 4770 Photius.

309 4801 592 4880 Nicoiaus
622 4812 1018 4874 Methonensis
1042 4810 1382 4885 episcopus,
1417 4823 1475 4879 p.
1510 4811 1631 4863 307.
1671 4806 1758 4859 Ἐκ
1795 4813 1888 4859 τοῦ

1947 4806 2054 4857 κατά
2094 4809 2325 4857 Λατίνων
2369 4802 2497 4875 ύπὶρ
2528 4808 2622 4855 τοῦ
2667 4805 2966 4876 Πνεῦματος
3008 4801 3184 4878 λόγου,
3231 4823 3371 4881 pag.
3417 4813 3545 4869 262.

237 4907 626 4986 κεφαλαιώδεις
686 4908 898 4978 ἔλεγχοι
939 4909 1030 4956 τοῦ
1078 4902 1223 4975 παρὰ
1280 4902 1528 4958 Λατίνοις
1576 4903 1914 4968 καινοφανοῦς
1974 4890 2256 4966 δόγματος,
2307 4893 2388 4944 ὅτι
2436 4895 2494 4943 τό
2544 4899 2756 4965 Πνεῦμα
2809 4897 2868 4946 τό
2921 4893 3070 4965 οἷγιον
3123 4894 3175 4946 ἐκ
3213 4904 3306 4948 τοῦ
3347 4903 3546 4972 Πατρός

231 5009 441 5056 καὶτοῦ
467 5003 592 5055 Υἰοῦ
624 4997 976 5070 ἐκπορεύεται,
1006 4989 1404 5062 συνοψισθέντες
1433 4985 1558 5062 παρ’
1587 4985 1748 5039 αὐτοῦ
1774 4983 1828 5038 ἐκ
1856 4992 1954 5037 τῶν
1987 4979 2080 5036 διὰ
2108 4981 2334 5044 πλάτους
2379 4979 2426 5033 ἐν
2478 4976 2746 5054 διαφόροις
2787 4981 2958 5055 λόγοις
2985 4989 3371 5060 γεγραμμένων,
3400 5001 3541 5060 pag.

232 5097 338 5149 296
361 5090 424 5147 b.

301 5179 548 5238 Photius
571 5173 914 5250 patriarcha
937 5169 1284 5230 CPolitanus
1309 5165 1365 5219 ἐκ
1393 5173 1487 5228 τῆς
1517 5168 1634 5238 περὶ
1659 5170 1750 5216 τοῦ
1781 5165 1899 5216 nm‘

1941 5179 2080 5222 mo;
2110 5157 2384 5232 ἐγκυκλίου
2412 5156 2707 5229 ἐπιστολῆς,
2732 5157 2779 5211 ἐν
2871 5159 3105 5212 αἰτιᾶται
3125 5164 3246 5226 τούς
3266 5168 3539 5235 Λατίνους,

233 5272 300 5335 ὣς
323 5273 414 5323 καὶ
440 5268 496 5321 ἐκ
534 5247 628 5320 τοῦ
657 5267 782 5320 Υἱοῦ
809 5266 870 5316 τὸ
909 5267 1121 5334 Πνεῦμα
1148 5257 1519 5333 ἐκπορεύεσθαι
1540 5252 1799 5325 λέγοντας,
1823 5265 1965 5325 pag.
1990 5251 2116 5305 288.
2146 5249 2232 5302 Ἐκ
2251 5254 2342 5302 τοῦ
2371 5247 2526 5320 λόγου
2555 5256 2650 5301 τοῦ
2677 5253 2795 5322 περὶ
2822 5257 2914 5310 τῆς
2941 5257 3033 5302 τοῦ
3063 5249 3214 5322 ἁγίου
3247 5257 3543 5328 Πνεύματος

233 5361 638 5434 μυσταγωγίας,
668 5368 810 5428 pag.
842 5355 967 5410 332.
995 5351 1086 5404 Ἐκ
1114 5356 1207 5402 τοῦ
1234 5345 1410 5418 λόγου,
1437 5345 1498 5398 οὗ
1517 5345 1548 5402 ἡ
1575 5341 1738 5419 ἁρχὴ,
1766 5349 1884 5404 Πῶς
1911 5339 2120 5403 θελητός
2149 5340 2221 5412 τῷ
2251 5343 2420 5416 Πατρὶ
2441 5340 2467 5391 ό
2490 5340 2708 5402 θάνατος
2730 5337 2918 5411 λέγοιτ’
2942 5339 3002 5392 ἂν
3019 5342 3149 5394 εἶναι
3172 5350 3264 5396 τοῦ
3286 5352 3538 5421 Χριστοῦ,

233 5431 284 5509 ἧι,
311 5450 384 5516 λη
415 5461 565 5522 pag.
605 5446 732 5502 334.
764 5446 996 5516 Χρήσεις
1036 5441 1175 5493 κατὰ
1215 5436 1589 5522 Εἰκονομάχων
1637 5431 1691 5486 ἐκ
1728 5439 1828 5484 τῶν
1877 5431 2279 5505 συγγραμάτων,
2319 5433 2624 5504 Νικηφόρου
2665 5432 2756 5482 καὶ
2797 5433 2995 5484 Φωτίου
3048 5439 3148 5485 τῶν
3195 5445 3540 5512 πατριαρχῶν

241 5519 848 5602 Κωνσταντινουπὸλεως,
869 5534 960 5587 καὶ
989 5524 1267 5605 Θεοδώρου
1297 5533 1390 5582 τοῦ
1419 5519 1724 5596 Στουδίτου,
1755 5536 1896 5596 pag.
1920 5523 2045 5578 210.
