  <div class='ocr_page' id='page_1' title='image "/cluster/home/n/w/nwhite01/storage/ocr_20150623/140/pst.000005714568/187.png"; bbox 0 0 4046 6310; ppageno 0'>
   <div class='ocr_carea' id='block_1_1' title="bbox 441 295 3760 370">
    <p class='ocr_par' dir='ltr' id='par_1_1' title="bbox 441 295 3760 370">
     <span class='ocr_line' id='line_1_1' title="bbox 441 295 3760 370; baseline 0 0"><span class='ocrx_word' id='word_1_1' title='bbox 441 297 541 370; x_wconf 62' lang='grc'><strong><em>291</em></strong></span> <span class='ocrx_word' id='word_1_2' title='bbox 1505 302 1776 366; x_wconf 75' lang='lat' dir='ltr'><strong><em>Comets</em></strong></span> <span class='ocrx_word' id='word_1_3' title='bbox 1806 303 2089 364; x_wconf 79' lang='lat' dir='ltr'><strong><em>MEDICEI</em></strong></span> <span class='ocrx_word' id='word_1_4' title='bbox 2118 295 2276 364; x_wconf 84' lang='lat' dir='ltr'><strong><em>XXIV</em></strong></span> <span class='ocrx_word' id='word_1_5' title='bbox 2307 303 2670 366; x_wconf 81' lang='lat' dir='ltr'><strong><em>RECENSIO.</em></strong></span> <span class='ocrx_word' id='word_1_6' title='bbox 3636 312 3760 370; x_wconf 78' lang='lat'><strong><em>292</em></strong></span> 
     </span>
    </p>
   </div>
   <div class='ocr_carea' id='block_1_2' title="bbox 516 431 1399 511">
    <p class='ocr_par' dir='ltr' id='par_1_2' title="bbox 516 431 1399 511">
     <span class='ocr_line' id='line_1_2' title="bbox 516 431 1399 511; baseline 0 -22"><span class='ocrx_word' id='word_1_7' title='bbox 516 436 751 511; x_wconf 78' lang='grc' dir='ltr'><strong><em>Πρόκλου</em></strong></span> <span class='ocrx_word' id='word_1_8' title='bbox 773 437 1019 509; x_wconf 74' lang='grc' dir='ltr'><strong>χρήσεις,</strong></span> <span class='ocrx_word' id='word_1_9' title='bbox 1049 449 1192 505; x_wconf 81' lang='lat' dir='ltr'><strong><em>pag.</em></strong></span> <span class='ocrx_word' id='word_1_10' title='bbox 1214 437 1317 490; x_wconf 87' lang='lat'><strong>235</strong></span> <span class='ocrx_word' id='word_1_11' title='bbox 1339 431 1399 489; x_wconf 88' lang='lat' dir='ltr'><strong><em>b.</em></strong></span> 
     </span>
    </p>
   </div>
   <div class='ocr_carea' id='block_1_3' title="bbox 515 517 2113 598">
    <p class='ocr_par' dir='ltr' id='par_1_3' title="bbox 515 520 2113 598">
     <span class='ocr_line' id='line_1_3' title="bbox 515 520 2113 598; baseline -0.005 -16"><span class='ocrx_word' id='word_1_12' title='bbox 515 524 887 598; x_wconf 90' lang='lat' dir='ltr'><strong><em>Sophronius</em></strong></span> <span class='ocrx_word' id='word_1_13' title='bbox 917 522 1260 594; x_wconf 84' lang='lat' dir='ltr'><strong><em>patriarcha</em></strong></span> <span class='ocrx_word' id='word_1_14' title='bbox 1283 521 1858 593; x_wconf 86' lang='lat' dir='ltr'><strong><em>Hierosolymitanus</em></strong></span> <span class='ocrx_word' id='word_1_15' title='bbox 1888 520 1944 572; x_wconf 82' lang='grc' dir='ltr'><strong>ἐκ</strong></span> <span class='ocrx_word' id='word_1_16' title='bbox 1972 529 2067 582; x_wconf 80' lang='grc' dir='ltr'><strong>τῆς</strong></span> <span class='ocrx_word' id='word_1_17' title='bbox 2094 541 2113 574; x_wconf 83' lang='grc' dir='ltr'><strong><em>ο</em></strong></span> 
     </span>
    </p>
   </div>
   <div class='ocr_carea' id='block_1_4' title="bbox 1638 517 3236 598">
    <p class='ocr_par' dir='ltr' id='par_1_4' title="bbox 1638 517 3236 595">
     <span class='ocr_line' id='line_1_4' title="bbox 1638 517 3236 595; baseline 0.002 -18"><span class='ocrx_word' id='word_1_18' title='bbox 1638 523 1858 578; x_wconf 77' lang='lat' dir='ltr'><strong><em>litamus</em></strong></span> <span class='ocrx_word' id='word_1_19' title='bbox 1888 520 1944 572; x_wconf 83' lang='grc' dir='ltr'><strong>ἐκ</strong></span> <span class='ocrx_word' id='word_1_20' title='bbox 1972 529 2067 582; x_wconf 80' lang='grc' dir='ltr'><strong>τῆς</strong></span> <span class='ocrx_word' id='word_1_21' title='bbox 2094 517 2381 582; x_wconf 82' lang='grc' dir='ltr'><strong>συνοδικῆς</strong></span> <span class='ocrx_word' id='word_1_22' title='bbox 2411 521 2708 593; x_wconf 81' lang='grc' dir='ltr'><strong>ἐπιστολῆς,</strong></span> <span class='ocrx_word' id='word_1_23' title='bbox 2743 538 2802 595; x_wconf 90' lang='lat' dir='ltr'><strong><em>p.</em></strong></span> <span class='ocrx_word' id='word_1_24' title='bbox 2827 525 2930 580; x_wconf 82' lang='grc'><strong><em>206</em></strong></span> <span class='ocrx_word' id='word_1_25' title='bbox 2955 523 3017 595; x_wconf 87' lang='lat' dir='ltr'><strong><em>b,</em></strong></span> <span class='ocrx_word' id='word_1_26' title='bbox 3045 529 3145 582; x_wconf 80' lang='grc'><strong><em>343</em></strong></span> <span class='ocrx_word' id='word_1_27' title='bbox 3175 526 3236 582; x_wconf 87' lang='lat' dir='ltr'><strong><em>b.</em></strong></span> 
     </span>
    </p>
   </div>
   <div class='ocr_carea' id='block_1_5' title="bbox 516 607 2594 686">
    <p class='ocr_par' dir='ltr' id='par_1_5' title="bbox 516 607 2594 686">
     <span class='ocr_line' id='line_1_5' title="bbox 516 607 2594 686; baseline 0 -20"><span class='ocrx_word' id='word_1_28' title='bbox 516 613 866 685; x_wconf 80' lang='grc' dir='ltr'><strong>Συλλογισμός</strong></span> <span class='ocrx_word' id='word_1_29' title='bbox 891 619 981 664; x_wconf 80' lang='grc' dir='ltr'><strong>τοῦ</strong></span> <span class='ocrx_word' id='word_1_30' title='bbox 1018 611 1241 683; x_wconf 79' lang='grc' dir='ltr'><strong>μεγάλου</strong></span> <span class='ocrx_word' id='word_1_31' title='bbox 1278 607 1636 686; x_wconf 86' lang='grc' dir='ltr'><strong>δρουγγαρίου</strong></span> <span class='ocrx_word' id='word_1_32' title='bbox 1668 615 1851 683; x_wconf 78' lang='grc' dir='ltr'><strong><em>κυρίου</em></strong></span> <span class='ocrx_word' id='word_1_33' title='bbox 1885 613 2158 683; x_wconf 74' lang='grc' dir='ltr'><strong><em>Στεφάνου,</em></strong></span> <span class='ocrx_word' id='word_1_34' title='bbox 2191 627 2338 682; x_wconf 85' lang='lat' dir='ltr'><strong><em>pag.</em></strong></span> <span class='ocrx_word' id='word_1_35' title='bbox 2378 614 2481 667; x_wconf 86' lang='lat'><strong><em>333</em></strong></span> <span class='ocrx_word' id='word_1_36' title='bbox 2510 611 2594 666; x_wconf 84' lang='lat' dir='ltr'><strong><em>b.‘</em></strong></span> 
     </span>
    </p>
   </div>
   <div class='ocr_carea' id='block_1_6' title="bbox 516 696 2748 772">
    <p class='ocr_par' dir='ltr' id='par_1_6' title="bbox 516 696 2748 772">
     <span class='ocr_line' id='line_1_6' title="bbox 516 696 2748 772; baseline -0 -18"><span class='ocrx_word' id='word_1_37' title='bbox 516 703 602 755; x_wconf 81' lang='grc' dir='ltr'><strong>Ἐκ</strong></span> <span class='ocrx_word' id='word_1_38' title='bbox 631 721 722 753; x_wconf 87' lang='grc' dir='ltr'><strong><em>του</em></strong></span> <span class='ocrx_word' id='word_1_39' title='bbox 757 696 1036 752; x_wconf 86' lang='grc' dir='ltr'><strong>συνοδικοῡ</strong></span> <span class='ocrx_word' id='word_1_40' title='bbox 1067 705 1158 750; x_wconf 75' lang='grc' dir='ltr'><strong>τοῦ</strong></span> <span class='ocrx_word' id='word_1_41' title='bbox 1191 700 1678 772; x_wconf 75' lang='grc' dir='ltr'><strong>άναγινωσκομένου</strong></span> <span class='ocrx_word' id='word_1_42' title='bbox 1712 697 1759 750; x_wconf 83' lang='grc' dir='ltr'><strong>ἓν</strong></span> <span class='ocrx_word' id='word_1_43' title='bbox 1790 705 1852 771; x_wconf 73' lang='grc' dir='ltr'><strong>τῇ</strong></span> <span class='ocrx_word' id='word_1_44' title='bbox 1887 698 2083 770; x_wconf 78' lang='grc' dir='ltr'><strong>μεγάλη</strong></span> <span class='ocrx_word' id='word_1_45' title='bbox 2117 699 2424 769; x_wconf 83' lang='grc' dir='ltr'><strong>Ἐκκλησία,</strong></span> <span class='ocrx_word' id='word_1_46' title='bbox 2451 715 2592 771; x_wconf 81' lang='lat' dir='ltr'><strong><em>pag.</em></strong></span> <span class='ocrx_word' id='word_1_47' title='bbox 2627 703 2748 756; x_wconf 72' lang='grc'>334.</span> 
     </span>
    </p>
   </div>
   <div class='ocr_carea' id='block_1_7' title="bbox 509 783 3761 862">
    <p class='ocr_par' dir='ltr' id='par_1_7' title="bbox 509 783 3761 862">
     <span class='ocr_line' id='line_1_7' title="bbox 509 783 3761 862; baseline -0.003 -21"><span class='ocrx_word' id='word_1_48' title='bbox 509 789 746 848; x_wconf 82' lang='grc' dir='ltr'><strong>Ἕκθεσις</strong></span> <span class='ocrx_word' id='word_1_49' title='bbox 770 792 1077 860; x_wconf 86' lang='grc' dir='ltr'><strong>Σωτηρίχου</strong></span> <span class='ocrx_word' id='word_1_50' title='bbox 1099 795 1190 838; x_wconf 76' lang='grc' dir='ltr'><strong>τοῦ</strong></span> <span class='ocrx_word' id='word_1_51' title='bbox 1219 787 1723 858; x_wconf 82' lang='grc' dir='ltr'><strong>παντευγενεστοίτου</strong></span> <span class='ocrx_word' id='word_1_52' title='bbox 1752 793 2086 858; x_wconf 79' lang='grc' dir='ltr'><strong><em>παριστῶσα,</em></strong></span> <span class='ocrx_word' id='word_1_53' title='bbox 2119 787 2256 846; x_wconf 87' lang='grc' dir='ltr'><strong>ὅπως</strong></span> <span class='ocrx_word' id='word_1_54' title='bbox 2283 785 2478 859; x_wconf 74' lang='grc' dir='ltr'><strong>ἐφρόνει</strong></span> <span class='ocrx_word' id='word_1_55' title='bbox 2507 789 2627 858; x_wconf 85' lang='grc' dir='ltr'><strong>περί</strong></span> <span class='ocrx_word' id='word_1_56' title='bbox 2656 794 2745 837; x_wconf 82' lang='grc' dir='ltr'><strong><em>του</em></strong></span> <span class='ocrx_word' id='word_1_57' title='bbox 2767 783 3095 859; x_wconf 82' lang='grc' dir='ltr'><strong>δόγματος,ὄ</strong></span> <span class='ocrx_word' id='word_1_58' title='bbox 3120 809 3270 862; x_wconf 77' lang='grc' dir='ltr'><strong>φησι,</strong></span> <span class='ocrx_word' id='word_1_59' title='bbox 3301 794 3368 843; x_wconf 82' lang='grc' dir='ltr'><strong>Σὺ</strong></span> <span class='ocrx_word' id='word_1_60' title='bbox 3399 787 3491 842; x_wconf 86' lang='grc' dir='ltr'><strong>εἶό</strong></span> <span class='ocrx_word' id='word_1_61' title='bbox 3522 792 3761 861; x_wconf 72' lang='grc' dir='ltr'><strong>προσφέ-</strong></span> 
     </span>
    </p>
   </div>
   <div class='ocr_carea' id='block_1_8' title="bbox 440 869 3759 954">
    <p class='ocr_par' dir='ltr' id='par_1_8' title="bbox 440 869 3759 954">
     <span class='ocr_line' id='line_1_8' title="bbox 440 869 3759 954; baseline 0.001 -27"><span class='ocrx_word' id='word_1_62' title='bbox 440 898 562 951; x_wconf 83' lang='grc' dir='ltr'><strong>ρων,</strong></span> <span class='ocrx_word' id='word_1_63' title='bbox 590 882 678 929; x_wconf 84' lang='grc' dir='ltr'><strong>καὶ</strong></span> <span class='ocrx_word' id='word_1_64' title='bbox 707 880 1132 950; x_wconf 77' lang='grc' dir='ltr'><strong>προσφερόμενος,</strong></span> <span class='ocrx_word' id='word_1_65' title='bbox 1169 890 1310 947; x_wconf 87' lang='lat' dir='ltr'><strong><em>pag.</em></strong></span> <span class='ocrx_word' id='word_1_66' title='bbox 1343 879 1443 931; x_wconf 79' lang='lat'><strong>327</strong></span> <span class='ocrx_word' id='word_1_67' title='bbox 1467 873 1527 931; x_wconf 88' lang='lat' dir='ltr'><strong><em>b.</em></strong></span> <span class='ocrx_word' id='word_1_68' title='bbox 1560 877 1630 927; x_wconf 88' lang='grc' dir='ltr'><strong>Τό</strong></span> <span class='ocrx_word' id='word_1_69' title='bbox 1661 874 1746 926; x_wconf 87' lang='grc' dir='ltr'><strong>ἐπὶ</strong></span> <span class='ocrx_word' id='word_1_70' title='bbox 1776 881 1848 944; x_wconf 85' lang='grc' dir='ltr'><strong>τῷ</strong></span> <span class='ocrx_word' id='word_1_71' title='bbox 1880 872 2154 945; x_wconf 78' lang='grc' dir='ltr'><strong>ἀναφυέντι</strong></span> <span class='ocrx_word' id='word_1_72' title='bbox 2180 869 2410 945; x_wconf 75' lang='grc' dir='ltr'><strong><em>δόγματι</em></strong></span> <span class='ocrx_word' id='word_1_73' title='bbox 2439 877 2574 926; x_wconf 81' lang='grc' dir='ltr'><strong><em>κατά</em></strong></span> <span class='ocrx_word' id='word_1_74' title='bbox 2601 881 2690 926; x_wconf 77' lang='grc' dir='ltr'><strong>τοῦ</strong></span> <span class='ocrx_word' id='word_1_75' title='bbox 2715 881 3217 948; x_wconf 79' lang='grc' dir='ltr'><strong>παντευγενεστάτου</strong></span> <span class='ocrx_word' id='word_1_76' title='bbox 3252 884 3559 954; x_wconf 79' lang='grc' dir='ltr'><strong>Σωτηρίχου</strong></span> <span class='ocrx_word' id='word_1_77' title='bbox 3589 898 3759 950; x_wconf 87' lang='grc' dir='ltr'><strong>γεγο-</strong></span> 
     </span>
    </p>
   </div>
   <div class='ocr_carea' id='block_1_9' title="bbox 441 965 1237 1039">
    <p class='ocr_par' dir='ltr' id='par_1_9' title="bbox 441 965 1237 1039">
     <span class='ocr_line' id='line_1_9' title="bbox 441 965 1237 1039; baseline 0 -21"><span class='ocrx_word' id='word_1_78' title='bbox 441 971 526 1027; x_wconf 89' lang='grc' dir='ltr'><strong><em>νός</em></strong></span> <span class='ocrx_word' id='word_1_79' title='bbox 550 972 845 1039; x_wconf 87' lang='grc' dir='ltr'><strong>σημείωμα,</strong></span> <span class='ocrx_word' id='word_1_80' title='bbox 874 980 1013 1038; x_wconf 85' lang='lat' dir='ltr'><strong><em>pag.</em></strong></span> <span class='ocrx_word' id='word_1_81' title='bbox 1046 967 1150 1020; x_wconf 73' lang='grc'><strong><em>334</em></strong></span> <span class='ocrx_word' id='word_1_82' title='bbox 1178 965 1237 1020; x_wconf 89' lang='lat' dir='ltr'><strong><em>b.</em></strong></span> 
     </span>
    </p>
   </div>
   <div class='ocr_carea' id='block_1_10' title="bbox 511 1049 3763 1129">
    <p class='ocr_par' dir='ltr' id='par_1_10' title="bbox 511 1049 3763 1129">
     <span class='ocr_line' id='line_1_10' title="bbox 511 1049 3763 1129; baseline -0.002 -17"><span class='ocrx_word' id='word_1_83' title='bbox 511 1055 914 1112; x_wconf 88' lang='lat' dir='ltr'><strong><em>Theodoretus</em></strong></span> <span class='ocrx_word' id='word_1_84' title='bbox 945 1054 1032 1106; x_wconf 81' lang='grc' dir='ltr'><strong>Ἐκ</strong></span> <span class='ocrx_word' id='word_1_85' title='bbox 1061 1060 1153 1104; x_wconf 82' lang='grc' dir='ltr'><strong>τοῦ</strong></span> <span class='ocrx_word' id='word_1_86' title='bbox 1182 1049 1265 1104; x_wconf 74' lang='grc' dir='ltr'><strong><em>κδ’</em></strong></span> <span class='ocrx_word' id='word_1_87' title='bbox 1293 1051 1572 1124; x_wconf 68' lang='grc' dir='ltr'><strong>κεφαλαίου</strong></span> <span class='ocrx_word' id='word_1_88' title='bbox 1602 1058 1702 1102; x_wconf 81' lang='grc' dir='ltr'><strong><em>τῶν</em></strong></span> <span class='ocrx_word' id='word_1_89' title='bbox 1733 1050 1800 1110; x_wconf 86' lang='grc' dir='ltr'><strong><em>εἰς</em></strong></span> <span class='ocrx_word' id='word_1_90' title='bbox 1819 1054 1884 1102; x_wconf 79' lang='grc' dir='ltr'><strong>τὰ</strong></span> <span class='ocrx_word' id='word_1_91' title='bbox 1923 1049 2194 1124; x_wconf 78' lang='grc' dir='ltr'><strong>ἀπόρρητα</strong></span> <span class='ocrx_word' id='word_1_92' title='bbox 2221 1059 2315 1113; x_wconf 86' lang='grc' dir='ltr'><strong>τῆς</strong></span> <span class='ocrx_word' id='word_1_93' title='bbox 2350 1049 2564 1114; x_wconf 83' lang='grc' dir='ltr'><strong>Ἐξόδου</strong></span> <span class='ocrx_word' id='word_1_94' title='bbox 2605 1053 2904 1128; x_wconf 78' lang='grc' dir='ltr'><strong>ἑρμηνειῶν,</strong></span> <span class='ocrx_word' id='word_1_95' title='bbox 2938 1056 2999 1108; x_wconf 86' lang='grc' dir='ltr'><strong>οὗ</strong></span> <span class='ocrx_word' id='word_1_96' title='bbox 3027 1057 3058 1114; x_wconf 80' lang='grc' dir='ltr'>ἡ</span> <span class='ocrx_word' id='word_1_97' title='bbox 3093 1053 3258 1129; x_wconf 74' lang='grc' dir='ltr'><strong>ἁρχὴ,</strong></span> <span class='ocrx_word' id='word_1_98' title='bbox 3302 1061 3450 1109; x_wconf 85' lang='grc' dir='ltr'><strong>Διατὶ</strong></span> <span class='ocrx_word' id='word_1_99' title='bbox 3470 1059 3763 1128; x_wconf 73' lang='grc' dir='ltr'><strong><em>φεύγουσιν</em></strong></span> 
     </span>
    </p>
   </div>
   <div class='ocr_carea' id='block_1_11' title="bbox 443 1137 2141 1217">
    <p class='ocr_par' dir='ltr' id='par_1_11' title="bbox 443 1137 2141 1217">
     <span class='ocr_line' id='line_1_11' title="bbox 443 1137 2141 1217; baseline -0.002 -20"><span class='ocrx_word' id='word_1_100' title='bbox 443 1145 732 1197; x_wconf 82' lang='grc' dir='ltr'><strong>ἐπιτελέσαι</strong></span> <span class='ocrx_word' id='word_1_101' title='bbox 758 1142 1043 1217; x_wconf 83' lang='grc' dir='ltr'><strong>προσέταξε</strong></span> <span class='ocrx_word' id='word_1_102' title='bbox 1072 1150 1164 1194; x_wconf 80' lang='grc' dir='ltr'><strong>τοῦ</strong></span> <span class='ocrx_word' id='word_1_103' title='bbox 1193 1145 1391 1213; x_wconf 80' lang='grc' dir='ltr'><strong><em>Πάσχα</em></strong></span> <span class='ocrx_word' id='word_1_104' title='bbox 1420 1144 1514 1198; x_wconf 77' lang='grc' dir='ltr'><strong>τὴν</strong></span> <span class='ocrx_word' id='word_1_105' title='bbox 1541 1141 1744 1214; x_wconf 77' lang='grc' dir='ltr'><strong>ἑορτὴν,</strong></span> <span class='ocrx_word' id='word_1_106' title='bbox 1777 1153 1916 1210; x_wconf 88' lang='lat' dir='ltr'><strong><em>pag.</em></strong></span> <span class='ocrx_word' id='word_1_107' title='bbox 1942 1142 2046 1194; x_wconf 81' lang='lat'>330</span> <span class='ocrx_word' id='word_1_108' title='bbox 2075 1137 2141 1194; x_wconf 88' lang='lat' dir='ltr'><strong><em>b.</em></strong></span> 
     </span>
    </p>
   </div>
   <div class='ocr_carea' id='block_1_12' title="bbox 512 1225 3760 1310">
    <p class='ocr_par' dir='ltr' id='par_1_12' title="bbox 512 1225 3760 1310">
     <span class='ocr_line' id='line_1_12' title="bbox 512 1225 3760 1310; baseline 0.001 -24"><span class='ocrx_word' id='word_1_109' title='bbox 512 1235 602 1286; x_wconf 82' lang='grc' dir='ltr'><strong>Ἐκ</strong></span> <span class='ocrx_word' id='word_1_110' title='bbox 645 1240 734 1285; x_wconf 83' lang='grc' dir='ltr'><strong>τοῦ</strong></span> <span class='ocrx_word' id='word_1_111' title='bbox 776 1237 893 1306; x_wconf 86' lang='grc' dir='ltr'><strong>περὶ</strong></span> <span class='ocrx_word' id='word_1_112' title='bbox 939 1240 1040 1283; x_wconf 84' lang='grc' dir='ltr'><strong><em>τῶν</em></strong></span> <span class='ocrx_word' id='word_1_113' title='bbox 1080 1231 1321 1302; x_wconf 78' lang='grc' dir='ltr'><strong>Ἀζύμων</strong></span> <span class='ocrx_word' id='word_1_114' title='bbox 1364 1233 1454 1280; x_wconf 85' lang='grc' dir='ltr'><strong>καὶ</strong></span> <span class='ocrx_word' id='word_1_115' title='bbox 1485 1248 1576 1280; x_wconf 84' lang='grc' dir='ltr'><strong><em>του</em></strong></span> <span class='ocrx_word' id='word_1_116' title='bbox 1622 1229 1919 1298; x_wconf 79' lang='grc' dir='ltr'><strong>ΙΙνεὺματος</strong></span> <span class='ocrx_word' id='word_1_117' title='bbox 1954 1225 2107 1297; x_wconf 85' lang='grc' dir='ltr'><strong>λόγου</strong></span> <span class='ocrx_word' id='word_1_118' title='bbox 2137 1246 2250 1280; x_wconf 86' lang='grc' dir='ltr'><strong>του.</strong></span> <span class='ocrx_word' id='word_1_119' title='bbox 2333 1269 2345 1282; x_wconf 91' lang='grc'><strong>.</strong></span> <span class='ocrx_word' id='word_1_120' title='bbox 2427 1269 2441 1283; x_wconf 93' lang='grc'><strong>.</strong></span> <span class='ocrx_word' id='word_1_121' title='bbox 2521 1270 2534 1284; x_wconf 90' lang='grc'><strong>.</strong></span> <span class='ocrx_word' id='word_1_122' title='bbox 2615 1273 2627 1285; x_wconf 93' lang='grc'><strong>.</strong></span> <span class='ocrx_word' id='word_1_123' title='bbox 2709 1253 2889 1308; x_wconf 88' lang='grc' dir='ltr'><strong>,κυρου</strong></span> <span class='ocrx_word' id='word_1_124' title='bbox 2921 1231 3198 1310; x_wconf 72' lang='grc' dir='ltr'><strong><em>Θεοδώρου</em></strong></span> <span class='ocrx_word' id='word_1_125' title='bbox 3238 1241 3548 1310; x_wconf 76' lang='grc' dir='ltr'><strong><em>Σμυρναίου,</em></strong></span> <span class='ocrx_word' id='word_1_126' title='bbox 3607 1249 3760 1307; x_wconf 81' lang='lat' dir='ltr'><strong><em>pag.</em></strong></span> 
     </span>
    </p>
   </div>
   <div class='ocr_carea' id='block_1_13' title="bbox 440 1322 632 1380">
    <p class='ocr_par' dir='ltr' id='par_1_13' title="bbox 440 1322 632 1380">
     <span class='ocr_line' id='line_1_13' title="bbox 440 1322 632 1380; baseline -0.01 -1"><span class='ocrx_word' id='word_1_127' title='bbox 440 1326 544 1380; x_wconf 87' lang='lat'><strong><em>293</em></strong></span> <span class='ocrx_word' id='word_1_128' title='bbox 571 1322 632 1379; x_wconf 93' lang='lat' dir='ltr'><strong><em>b.</em></strong></span> 
     </span>
    </p>
   </div>
   <div class='ocr_carea' id='block_1_14' title="bbox 511 1403 2095 1476">
    <p class='ocr_par' dir='ltr' id='par_1_14' title="bbox 511 1403 2095 1476">
     <span class='ocr_line' id='line_1_14' title="bbox 511 1403 2095 1476; baseline -0.005 -10"><span class='ocrx_word' id='word_1_129' title='bbox 511 1411 857 1468; x_wconf 90' lang='lat' dir='ltr'><strong><em>Theodorus</em></strong></span> <span class='ocrx_word' id='word_1_130' title='bbox 887 1409 1141 1466; x_wconf 86' lang='lat' dir='ltr'><strong><em>Studita.</em></strong></span> <span class='ocrx_word' id='word_1_131' title='bbox 1184 1408 1340 1464; x_wconf 85' lang='lat' dir='ltr'><strong><em>Vide.</em></strong></span> <span class='ocrx_word' id='word_1_132' title='bbox 1364 1421 1551 1476; x_wconf 80' lang='lat' dir='ltr'><strong><em>supra</em></strong></span> <span class='ocrx_word' id='word_1_133' title='bbox 1577 1405 1638 1460; x_wconf 80' lang='lat' dir='ltr'><strong><em>in</em></strong></span> <span class='ocrx_word' id='word_1_134' title='bbox 1667 1412 1806 1460; x_wconf 84' lang='lat' dir='ltr'><strong><em>voce</em></strong></span> <span class='ocrx_word' id='word_1_135' title='bbox 1830 1403 2095 1458; x_wconf 88' lang='lat' dir='ltr'><strong><em>Photius.</em></strong></span> 
     </span>
    </p>
   </div>
   <div class='ocr_carea' id='block_1_15' title="bbox 513 1490 2111 1575">
    <p class='ocr_par' dir='ltr' id='par_1_15' title="bbox 513 1490 2111 1573">
     <span class='ocr_line' id='line_1_15' title="bbox 513 1490 2111 1573; baseline -0.011 -15"><span class='ocrx_word' id='word_1_136' title='bbox 513 1499 995 1573; x_wconf 87' lang='lat' dir='ltr'><strong><em>Theophylactus</em></strong></span> <span class='ocrx_word' id='word_1_137' title='bbox 1030 1494 1522 1567; x_wconf 83' lang='lat' dir='ltr'><strong><em>archiepiscopus</em></strong></span> <span class='ocrx_word' id='word_1_138' title='bbox 1553 1491 1844 1561; x_wconf 63' lang='lat' dir='ltr'><strong><em>Bulgaria:</em></strong></span> <span class='ocrx_word' id='word_1_139' title='bbox 1875 1490 1932 1542; x_wconf 75' lang='lat' dir='ltr'><strong><em>ix</em></strong></span> <span class='ocrx_word' id='word_1_140' title='bbox 1957 1499 2058 1542; x_wconf 87' lang='grc' dir='ltr'><strong><em>τῶν</em></strong></span> <span class='ocrx_word' id='word_1_141' title='bbox 2097 1509 2111 1542; x_wconf 72' lang='lat'>1</span> 
     </span>
    </p>
   </div>
   <div class='ocr_carea' id='block_1_16' title="bbox 2164 1490 3762 1575">
    <p class='ocr_par' dir='ltr' id='par_1_16' title="bbox 2164 1496 3762 1575">
     <span class='ocr_line' id='line_1_16' title="bbox 2164 1496 3762 1575; baseline -0.009 -11"><span class='ocrx_word' id='word_1_142' title='bbox 2164 1496 2217 1564; x_wconf 69' lang='grc' dir='ltr'><strong><em>Ρὶ</em></strong></span> <span class='ocrx_word' id='word_1_143' title='bbox 2240 1511 2331 1544; x_wconf 77' lang='grc' dir='ltr'><strong><em>του</em></strong></span> <span class='ocrx_word' id='word_1_144' title='bbox 2364 1497 2682 1566; x_wconf 66' lang='grc' dir='ltr'><strong>Πνεῦματος,</strong></span> <span class='ocrx_word' id='word_1_145' title='bbox 2709 1514 2849 1570; x_wconf 86' lang='lat' dir='ltr'><strong><em>pag.</em></strong></span> <span class='ocrx_word' id='word_1_146' title='bbox 2896 1503 3020 1556; x_wconf 82' lang='lat'><strong><em>2&#39;75.</em></strong></span> <span class='ocrx_word' id='word_1_147' title='bbox 3055 1501 3143 1554; x_wconf 83' lang='grc' dir='ltr'><strong>Ἐκ</strong></span> <span class='ocrx_word' id='word_1_148' title='bbox 3171 1509 3264 1564; x_wconf 82' lang='grc' dir='ltr'><strong>τῆς</strong></span> <span class='ocrx_word' id='word_1_149' title='bbox 3310 1520 3399 1554; x_wconf 86' lang='grc' dir='ltr'><strong><em>του</em></strong></span> <span class='ocrx_word' id='word_1_150' title='bbox 3428 1507 3762 1575; x_wconf 83' lang='grc' dir='ltr'><strong>Τετραευαγ-</strong></span> 
     </span>
    </p>
   </div>
   <div class='ocr_carea' id='block_1_17' title="bbox 442 1580 3764 1663">
    <p class='ocr_par' dir='ltr' id='par_1_17' title="bbox 442 1580 3764 1663">
     <span class='ocr_line' id='line_1_17' title="bbox 442 1580 3764 1663; baseline -0.001 -20"><span class='ocrx_word' id='word_1_151' title='bbox 442 1591 592 1662; x_wconf 86' lang='grc' dir='ltr'><strong>γέλου</strong></span> <span class='ocrx_word' id='word_1_152' title='bbox 620 1590 904 1663; x_wconf 80' lang='grc' dir='ltr'><strong><em>ἑρμηνείας,</em></strong></span> <span class='ocrx_word' id='word_1_153' title='bbox 928 1600 1073 1658; x_wconf 86' lang='lat' dir='ltr'><strong><em>pag.</em></strong></span> <span class='ocrx_word' id='word_1_154' title='bbox 1115 1587 1218 1641; x_wconf 84' lang='lat'>332</span> <span class='ocrx_word' id='word_1_155' title='bbox 1247 1583 1313 1638; x_wconf 86' lang='lat' dir='ltr'><strong><em>b.</em></strong></span> <span class='ocrx_word' id='word_1_156' title='bbox 1354 1583 1440 1644; x_wconf 87' lang='grc' dir='ltr'><strong>Εἰς</strong></span> <span class='ocrx_word' id='word_1_157' title='bbox 1466 1585 1524 1633; x_wconf 90' lang='grc' dir='ltr'><strong><em>τό</em></strong></span> <span class='ocrx_word' id='word_1_158' title='bbox 1553 1582 1710 1656; x_wconf 84' lang='grc' dir='ltr'><strong><em>⁴όητόν</em></strong></span> <span class='ocrx_word' id='word_1_159' title='bbox 1734 1587 1828 1640; x_wconf 81' lang='grc' dir='ltr'><strong>τῆς</strong></span> <span class='ocrx_word' id='word_1_160' title='bbox 1847 1583 1972 1654; x_wconf 87' lang='grc' dir='ltr'><strong>πρὸς</strong></span> <span class='ocrx_word' id='word_1_161' title='bbox 1995 1580 2307 1641; x_wconf 78' lang='grc' dir='ltr'><strong>Κολοσσαείς</strong></span> <span class='ocrx_word' id='word_1_162' title='bbox 2329 1581 2640 1648; x_wconf 76' lang='grc' dir='ltr'><strong><em>Ἐπιστολῆς</em></strong></span> <span class='ocrx_word' id='word_1_163' title='bbox 2659 1601 2752 1639; x_wconf 86' lang='grc' dir='ltr'><strong><em>του</em></strong></span> <span class='ocrx_word' id='word_1_164' title='bbox 2783 1588 3008 1660; x_wconf 71' lang='grc' dir='ltr'><strong>μεγάλου</strong></span> <span class='ocrx_word' id='word_1_165' title='bbox 3043 1589 3250 1642; x_wconf 83' lang='grc' dir='ltr'><strong><em>Παύλου</em></strong></span> <span class='ocrx_word' id='word_1_166' title='bbox 3277 1594 3336 1642; x_wconf 90' lang='grc' dir='ltr'><strong><em>τό</em></strong></span> <span class='ocrx_word' id='word_1_167' title='bbox 3369 1592 3584 1661; x_wconf 77' lang='grc' dir='ltr'><strong>φάσκον,</strong></span> <span class='ocrx_word' id='word_1_168' title='bbox 3612 1592 3764 1641; x_wconf 73' lang='grc' dir='ltr'><strong><em>«Καὶ</em></strong></span> 
     </span>
    </p>
   </div>
   <div class='ocr_carea' id='block_1_18' title="bbox 447 1669 2142 1740">
    <p class='ocr_par' dir='ltr' id='par_1_18' title="bbox 447 1669 2142 1740">
     <span class='ocr_line' id='line_1_18' title="bbox 447 1669 2142 1740; baseline -0.007 -8"><span class='ocrx_word' id='word_1_169' title='bbox 447 1677 519 1732; x_wconf 83' lang='grc' dir='ltr'><strong>δι’</strong></span> <span class='ocrx_word' id='word_1_170' title='bbox 551 1679 710 1731; x_wconf 72' lang='grc' dir='ltr'><strong>αὐτου</strong></span> <span class='ocrx_word' id='word_1_171' title='bbox 741 1674 1165 1736; x_wconf 77' lang='grc' dir='ltr'><strong><em>ἀποκαταλλάξαι</em></strong></span> <span class='ocrx_word' id='word_1_172' title='bbox 1190 1675 1256 1724; x_wconf 85' lang='grc' dir='ltr'><strong><em>τὰ</em></strong></span> <span class='ocrx_word' id='word_1_173' title='bbox 1283 1673 1454 1724; x_wconf 79' lang='grc' dir='ltr'><strong>πάντα</strong></span> <span class='ocrx_word' id='word_1_174' title='bbox 1492 1670 1563 1730; x_wconf 85' lang='grc' dir='ltr'><strong><em>εἰς</em></strong></span> <span class='ocrx_word' id='word_1_175' title='bbox 1589 1669 1764 1733; x_wconf 76' lang='grc' dir='ltr'><strong>αὐτόν,</strong></span> <span class='ocrx_word' id='word_1_176' title='bbox 1793 1691 1821 1718; x_wconf 80' lang='grc'><strong>››</strong></span> <span class='ocrx_word' id='word_1_177' title='bbox 1850 1683 1987 1740; x_wconf 86' lang='lat' dir='ltr'><strong><em>pag.</em></strong></span> <span class='ocrx_word' id='word_1_178' title='bbox 2018 1672 2142 1724; x_wconf 88' lang='grc'>333.</span> 
     </span>
    </p>
   </div>
   <div class='ocr_carea' id='block_1_19' title="bbox 517 1755 3760 1839">
    <p class='ocr_par' dir='ltr' id='par_1_19' title="bbox 517 1755 3760 1839">
     <span class='ocr_line' id='line_1_19' title="bbox 517 1755 3760 1839; baseline -0.001 -16"><span class='ocrx_word' id='word_1_179' title='bbox 517 1771 600 1823; x_wconf 84' lang='lat' dir='ltr'><strong><em>Ex</em></strong></span> <span class='ocrx_word' id='word_1_180' title='bbox 626 1765 876 1839; x_wconf 87' lang='lat' dir='ltr'><strong><em>synodis</em></strong></span> <span class='ocrx_word' id='word_1_181' title='bbox 910 1763 1258 1831; x_wconf 72' lang='lat' dir='ltr'><strong><em>afferuntur,</em></strong></span> <span class='ocrx_word' id='word_1_182' title='bbox 1276 1759 1472 1832; x_wconf 85' lang='lat' dir='ltr'><strong><em>prima</em></strong></span> <span class='ocrx_word' id='word_1_183' title='bbox 1496 1755 1793 1828; x_wconf 82' lang='lat' dir='ltr'><strong><em>generalis</em></strong></span> <span class='ocrx_word' id='word_1_184' title='bbox 1824 1771 1962 1828; x_wconf 77' lang='lat' dir='ltr'><strong><em>pag.</em></strong></span> <span class='ocrx_word' id='word_1_185' title='bbox 1995 1759 2095 1810; x_wconf 80' lang='grc'><strong><em>178</em></strong></span> <span class='ocrx_word' id='word_1_186' title='bbox 2125 1755 2186 1811; x_wconf 87' lang='lat' dir='ltr'><strong><em>b.</em></strong></span> <span class='ocrx_word' id='word_1_187' title='bbox 2204 1755 2489 1829; x_wconf 89' lang='lat' dir='ltr'><strong><em>Synodus</em></strong></span> <span class='ocrx_word' id='word_1_188' title='bbox 2514 1777 2574 1817; x_wconf 77' lang='lat' dir='ltr'><strong><em>iv</em></strong></span> <span class='ocrx_word' id='word_1_189' title='bbox 2595 1764 3100 1823; x_wconf 85' lang='lat' dir='ltr'><strong><em>Chalcedonensis</em></strong></span> <span class='ocrx_word' id='word_1_190' title='bbox 3121 1782 3261 1839; x_wconf 87' lang='lat' dir='ltr'><strong><em>pag.</em></strong></span> <span class='ocrx_word' id='word_1_191' title='bbox 3282 1772 3380 1823; x_wconf 73' lang='lat'><strong><em>152</em></strong></span> <span class='ocrx_word' id='word_1_192' title='bbox 3401 1765 3467 1836; x_wconf 88' lang='lat' dir='ltr'><strong><em>b,</em></strong></span> <span class='ocrx_word' id='word_1_193' title='bbox 3487 1773 3543 1822; x_wconf 89' lang='lat' dir='ltr'><strong><em>et</em></strong></span> <span class='ocrx_word' id='word_1_194' title='bbox 3568 1781 3760 1838; x_wconf 83' lang='lat' dir='ltr'><strong><em>syno-</em></strong></span> 
     </span>
    </p>
   </div>
   <div class='ocr_carea' id='block_1_20' title="bbox 445 1852 1082 1925">
    <p class='ocr_par' dir='ltr' id='par_1_20' title="bbox 445 1852 1082 1925">
     <span class='ocr_line' id='line_1_20' title="bbox 445 1852 1082 1925; baseline -0.011 -13"><span class='ocrx_word' id='word_1_195' title='bbox 445 1857 560 1913; x_wconf 90' lang='lat' dir='ltr'><strong><em>dus</em></strong></span> <span class='ocrx_word' id='word_1_196' title='bbox 591 1860 758 1911; x_wconf 81' lang='lat' dir='ltr'><strong><em>sexta</em></strong></span> <span class='ocrx_word' id='word_1_197' title='bbox 786 1869 925 1925; x_wconf 87' lang='lat' dir='ltr'><strong><em>pag.</em></strong></span> <span class='ocrx_word' id='word_1_198' title='bbox 963 1852 1082 1907; x_wconf 75' lang='lat'><strong><em>193.</em></strong></span> 
     </span>
    </p>
   </div>
   <div class='ocr_carea' id='block_1_21' title="bbox 518 1933 3757 2018">
    <p class='ocr_par' dir='ltr' id='par_1_21' title="bbox 518 1933 3757 2018">
     <span class='ocr_line' id='line_1_21' title="bbox 518 1933 3757 2018; baseline 0 -19"><span class='ocrx_word' id='word_1_199' title='bbox 518 1947 607 2000; x_wconf 92' lang='lat' dir='ltr'><strong><em>lll.</em></strong></span> <span class='ocrx_word' id='word_1_200' title='bbox 642 1945 706 1998; x_wconf 90' lang='lat' dir='ltr'><strong><em>In</em></strong></span> <span class='ocrx_word' id='word_1_201' title='bbox 737 1942 946 1998; x_wconf 89' lang='lat' dir='ltr'><strong><em>ultima</em></strong></span> <span class='ocrx_word' id='word_1_202' title='bbox 973 1938 1218 1996; x_wconf 88' lang='lat' dir='ltr'><strong><em>tandem</em></strong></span> <span class='ocrx_word' id='word_1_203' title='bbox 1239 1937 1464 2010; x_wconf 86' lang='lat' dir='ltr'><strong><em>pagina</em></strong></span> <span class='ocrx_word' id='word_1_204' title='bbox 1487 1933 1732 1991; x_wconf 88' lang='lat' dir='ltr'><strong><em>iambici</em></strong></span> <span class='ocrx_word' id='word_1_205' title='bbox 1753 1933 2006 2006; x_wconf 87' lang='lat' dir='ltr'><strong><em>quidam</em></strong></span> <span class='ocrx_word' id='word_1_206' title='bbox 2028 1948 2237 1988; x_wconf 87' lang='lat' dir='ltr'><strong><em>versus</em></strong></span> <span class='ocrx_word' id='word_1_207' title='bbox 2265 1933 2566 2005; x_wconf 85' lang='lat' dir='ltr'><strong><em>leguntur,</em></strong></span> <span class='ocrx_word' id='word_1_208' title='bbox 2595 1943 2819 2014; x_wconf 89' lang='lat' dir='ltr'><strong><em>quibus</em></strong></span> <span class='ocrx_word' id='word_1_209' title='bbox 2847 1945 3032 2002; x_wconf 89' lang='lat' dir='ltr'><strong><em>instar</em></strong></span> <span class='ocrx_word' id='word_1_210' title='bbox 3054 1945 3201 2002; x_wconf 84' lang='lat' dir='ltr'><strong><em>tituli</em></strong></span> <span class='ocrx_word' id='word_1_211' title='bbox 3222 1946 3353 2001; x_wconf 73' lang='lat' dir='ltr'><strong><em>haac</em></strong></span> <span class='ocrx_word' id='word_1_212' title='bbox 3382 1944 3757 2018; x_wconf 68' lang='lat' dir='ltr'><strong><em>praecedunt.-</em></strong></span> 
     </span>
    </p>
   </div>
   <div class='ocr_carea' id='block_1_22' title="bbox 442 2019 3758 2109">
    <p class='ocr_par' dir='ltr' id='par_1_22' title="bbox 442 2019 3758 2109">
     <span class='ocr_line' id='line_1_22' title="bbox 442 2019 3758 2109; baseline -0.002 -20"><span class='ocrx_word' id='word_1_213' title='bbox 442 2042 544 2089; x_wconf 86' lang='grc' dir='ltr'><strong><em>Του</em></strong></span> <span class='ocrx_word' id='word_1_214' title='bbox 599 2031 986 2087; x_wconf 86' lang='grc' dir='ltr'><strong>Θεσσαλονικου</strong></span> <span class='ocrx_word' id='word_1_215' title='bbox 1034 2030 1471 2099; x_wconf 79' lang='grc' dir='ltr'><strong>Μεσοποταμίτου</strong></span> <span class='ocrx_word' id='word_1_216' title='bbox 1523 2027 1658 2083; x_wconf 88' lang='grc' dir='ltr'><strong>τινός</strong></span> <span class='ocrx_word' id='word_1_217' title='bbox 1715 2019 2007 2082; x_wconf 78' lang='grc' dir='ltr'><strong><em>διελθόντος</em></strong></span> <span class='ocrx_word' id='word_1_218' title='bbox 2049 2026 2142 2080; x_wconf 84' lang='grc' dir='ltr'><strong>τὴν</strong></span> <span class='ocrx_word' id='word_1_219' title='bbox 2192 2021 2373 2095; x_wconf 80' lang='grc' dir='ltr'><strong>βίϐλον</strong></span> <span class='ocrx_word' id='word_1_220' title='bbox 2427 2025 2634 2101; x_wconf 72' lang='grc' dir='ltr'><strong>ἆτοίμου</strong></span> <span class='ocrx_word' id='word_1_221' title='bbox 2689 2039 2952 2109; x_wconf 80' lang='grc' dir='ltr'><strong>στιχηρόν</strong></span> <span class='ocrx_word' id='word_1_222' title='bbox 2999 2040 3361 2109; x_wconf 74' lang='grc' dir='ltr'><strong>προσφώνημα</strong></span> <span class='ocrx_word' id='word_1_223' title='bbox 3416 2037 3484 2096; x_wconf 81' lang='grc' dir='ltr'><strong>ὼς</strong></span> <span class='ocrx_word' id='word_1_224' title='bbox 3531 2033 3579 2085; x_wconf 78' lang='grc' dir='ltr'><strong><em>ἐν</em></strong></span> <span class='ocrx_word' id='word_1_225' title='bbox 3622 2030 3758 2086; x_wconf 80' lang='grc' dir='ltr'><strong>εῖδει</strong></span> 
     </span>
    </p>
   </div>
   <div class='ocr_carea' id='block_1_23' title="bbox 442 2110 3758 2198">
    <p class='ocr_par' dir='ltr' id='par_1_23' title="bbox 442 2110 3758 2198">
     <span class='ocr_line' id='line_1_23' title="bbox 442 2110 3758 2198; baseline -0.001 -23"><span class='ocrx_word' id='word_1_226' title='bbox 442 2124 852 2198; x_wconf 77' lang='grc' dir='ltr'><strong>ἐπιγράμματος.</strong></span> <span class='ocrx_word' id='word_1_227' title='bbox 937 2163 950 2175; x_wconf 92' lang='grc'><strong>.</strong></span> <span class='ocrx_word' id='word_1_228' title='bbox 1044 2162 1058 2175; x_wconf 94' lang='grc'>.</span> <span class='ocrx_word' id='word_1_229' title='bbox 1150 2160 1163 2173; x_wconf 91' lang='grc'><strong>.</strong></span> <span class='ocrx_word' id='word_1_230' title='bbox 1257 2161 1269 2173; x_wconf 95' lang='grc'><strong><em>.</em></strong></span> <span class='ocrx_word' id='word_1_231' title='bbox 1364 2160 1378 2172; x_wconf 90' lang='grc'><strong>.</strong></span> <span class='ocrx_word' id='word_1_232' title='bbox 1470 2156 1484 2169; x_wconf 93' lang='grc'><strong>.</strong></span> <span class='ocrx_word' id='word_1_233' title='bbox 1569 2113 1668 2182; x_wconf 69' lang='grc'><strong>(4).</strong></span> <span class='ocrx_word' id='word_1_234' title='bbox 1707 2117 1810 2163; x_wconf 88' lang='grc' dir='ltr'><strong><em>Του</em></strong></span> <span class='ocrx_word' id='word_1_235' title='bbox 1842 2110 2283 2182; x_wconf 71' lang='grc' dir='ltr'><strong>φιλοπονήσαντος</strong></span> <span class='ocrx_word' id='word_1_236' title='bbox 2328 2119 2422 2173; x_wconf 68' lang='grc' dir='ltr'><strong>τὴν</strong></span> <span class='ocrx_word' id='word_1_237' title='bbox 2460 2121 2726 2177; x_wconf 76' lang='grc' dir='ltr'><strong>συνθήκην</strong></span> <span class='ocrx_word' id='word_1_238' title='bbox 2772 2130 2862 2183; x_wconf 81' lang='grc' dir='ltr'><strong>τῆς</strong></span> <span class='ocrx_word' id='word_1_239' title='bbox 2920 2122 3107 2195; x_wconf 78' lang='grc' dir='ltr'><strong>βίϐλου</strong></span> <span class='ocrx_word' id='word_1_240' title='bbox 3145 2127 3503 2196; x_wconf 76' lang='grc' dir='ltr'><strong><em>προκειμένης,</em></strong></span> <span class='ocrx_word' id='word_1_241' title='bbox 3558 2118 3758 2180; x_wconf 79' lang='grc' dir='ltr'><strong>διπλῆν</strong></span> 
     </span>
    </p>
   </div>
   <div class='ocr_carea' id='block_1_24' title="bbox 441 2199 3755 2285">
    <p class='ocr_par' dir='ltr' id='par_1_24' title="bbox 441 2199 3755 2285">
     <span class='ocr_line' id='line_1_24' title="bbox 441 2199 3755 2285; baseline -0.001 -20"><span class='ocrx_word' id='word_1_242' title='bbox 441 2216 824 2285; x_wconf 81' lang='grc' dir='ltr'><strong><em>πραγματείαν,</em></strong></span> <span class='ocrx_word' id='word_1_243' title='bbox 871 2215 966 2267; x_wconf 80' lang='grc' dir='ltr'><strong>τήν</strong></span> <span class='ocrx_word' id='word_1_244' title='bbox 1008 2227 1064 2259; x_wconf 88' lang='grc' dir='ltr'><strong><em>τε</em></strong></span> <span class='ocrx_word' id='word_1_245' title='bbox 1104 2206 1501 2279; x_wconf 86' lang='grc' dir='ltr'><strong>προταχθεῐσαν</strong></span> <span class='ocrx_word' id='word_1_246' title='bbox 1553 2199 1994 2257; x_wconf 78' lang='grc' dir='ltr'><strong>ἐκκλησιαστικὴν</strong></span> <span class='ocrx_word' id='word_1_247' title='bbox 2050 2201 2304 2273; x_wconf 78' lang='grc' dir='ltr'><strong>ἱστορίαν,</strong></span> <span class='ocrx_word' id='word_1_248' title='bbox 2351 2210 2440 2256; x_wconf 85' lang='grc' dir='ltr'><strong><em>καὶ</em></strong></span> <span class='ocrx_word' id='word_1_249' title='bbox 2491 2213 2586 2264; x_wconf 86' lang='grc' dir='ltr'><strong>τὴν</strong></span> <span class='ocrx_word' id='word_1_250' title='bbox 2640 2215 2764 2283; x_wconf 87' lang='grc' dir='ltr'><strong>πρός</strong></span> <span class='ocrx_word' id='word_1_251' title='bbox 2812 2215 2872 2264; x_wconf 85' lang='grc' dir='ltr'><strong>τὸ</strong></span> <span class='ocrx_word' id='word_1_252' title='bbox 2929 2212 3086 2272; x_wconf 84' lang='grc' dir='ltr'><strong>τέλος.</strong></span> <span class='ocrx_word' id='word_1_253' title='bbox 3167 2255 3180 2267; x_wconf 90' lang='grc'><strong>.</strong></span> <span class='ocrx_word' id='word_1_254' title='bbox 3262 2256 3274 2268; x_wconf 92' lang='grc'><strong><em>,</em></strong></span> <span class='ocrx_word' id='word_1_255' title='bbox 3355 2254 3369 2268; x_wconf 95' lang='grc'><strong>.</strong></span> <span class='ocrx_word' id='word_1_256' title='bbox 3452 2253 3468 2269; x_wconf 89' lang='grc'><strong>.</strong></span> <span class='ocrx_word' id='word_1_257' title='bbox 3548 2253 3561 2266; x_wconf 93' lang='grc'><strong>.</strong></span> <span class='ocrx_word' id='word_1_258' title='bbox 3642 2253 3657 2268; x_wconf 94' lang='grc'><strong><em>,</em></strong></span> <span class='ocrx_word' id='word_1_259' title='bbox 3741 2251 3755 2265; x_wconf 93' lang='grc'><strong>.</strong></span> 
     </span>
    </p>
   </div>
   <div class='ocr_carea' id='block_1_25' title="bbox 452 2289 3760 2371">
    <p class='ocr_par' dir='ltr' id='par_1_25' title="bbox 452 2289 3760 2371">
     <span class='ocr_line' id='line_1_25' title="bbox 452 2289 3760 2371; baseline -0.001 -13"><span class='ocrx_word' id='word_1_260' title='bbox 452 2345 466 2358; x_wconf 94' lang='grc'><strong>.</strong></span> <span class='ocrx_word' id='word_1_261' title='bbox 555 2343 567 2355; x_wconf 89' lang='grc'><strong>.</strong></span> <span class='ocrx_word' id='word_1_262' title='bbox 648 2343 662 2358; x_wconf 93' lang='grc'><strong>.</strong></span> <span class='ocrx_word' id='word_1_263' title='bbox 743 2342 754 2354; x_wconf 94' lang='grc'><em>.</em></span> <span class='ocrx_word' id='word_1_264' title='bbox 836 2296 1264 2354; x_wconf 83' lang='lat' dir='ltr'><strong><em>.Thcssatonici</em></strong></span> <span class='ocrx_word' id='word_1_265' title='bbox 1290 2289 1761 2361; x_wconf 71' lang='lat' dir='ltr'><strong><em>Me&#39;sopotamitw</em></strong></span> <span class='ocrx_word' id='word_1_266' title='bbox 1791 2289 2106 2358; x_wconf 81' lang='lat' dir='ltr'><strong><em>cujusdam</em></strong></span> <span class='ocrx_word' id='word_1_267' title='bbox 2133 2290 2198 2344; x_wconf 83' lang='lat' dir='ltr'><strong><em>in</em></strong></span> <span class='ocrx_word' id='word_1_268' title='bbox 2224 2291 2465 2359; x_wconf 80' lang='lat' dir='ltr'><strong><em>librum,</em></strong></span> <span class='ocrx_word' id='word_1_269' title='bbox 2491 2311 2662 2367; x_wconf 80' lang='lat' dir='ltr'><strong><em>quem</em></strong></span> <span class='ocrx_word' id='word_1_270' title='bbox 2697 2301 3425 2371; x_wconf 68' lang='lat' dir='ltr'><strong><em>legerat,cxtemzioranea</em></strong></span> <span class='ocrx_word' id='word_1_271' title='bbox 3445 2297 3760 2356; x_wconf 72' lang='lat' dir='ltr'><strong><em>exiambis</em></strong></span> 
     </span>
    </p>
   </div>
   <div class='ocr_carea' id='block_1_26' title="bbox 442 2378 3763 2458">
    <p class='ocr_par' dir='ltr' id='par_1_26' title="bbox 442 2378 3763 2458">
     <span class='ocr_line' id='line_1_26' title="bbox 442 2378 3763 2458; baseline -0.001 -11"><span class='ocrx_word' id='word_1_272' title='bbox 442 2390 800 2447; x_wconf 77' lang='lat' dir='ltr'><strong><em>acclamatio</em></strong></span> <span class='ocrx_word' id='word_1_273' title='bbox 832 2390 1025 2442; x_wconf 78' lang='lat' dir='ltr'><strong><em>instar</em></strong></span> <span class='ocrx_word' id='word_1_274' title='bbox 1050 2382 1518 2454; x_wconf 78' lang='lat' dir='ltr'><strong><em>epigrammatis.</em></strong></span> <span class='ocrx_word' id='word_1_275' title='bbox 1599 2421 1612 2433; x_wconf 93' lang='lat'><strong><em>.</em></strong></span> <span class='ocrx_word' id='word_1_276' title='bbox 1694 2419 1706 2432; x_wconf 92' lang='lat'>.</span> <span class='ocrx_word' id='word_1_277' title='bbox 1788 2419 1801 2431; x_wconf 93' lang='lat'>.</span> <span class='ocrx_word' id='word_1_278' title='bbox 1878 2378 1939 2432; x_wconf 83' lang='lat' dir='ltr'><strong><em>in</em></strong></span> <span class='ocrx_word' id='word_1_279' title='bbox 1962 2391 2081 2447; x_wconf 88' lang='lat' dir='ltr'><strong><em>qua</em></strong></span> <span class='ocrx_word' id='word_1_280' title='bbox 2099 2379 2332 2435; x_wconf 77' lang='lat' dir='ltr'><strong><em>studuit</em></strong></span> <span class='ocrx_word' id='word_1_281' title='bbox 2363 2382 2614 2451; x_wconf 79' lang='lat' dir='ltr'><em>hujusce</em></span> <span class='ocrx_word' id='word_1_282' title='bbox 2641 2387 2782 2442; x_wconf 76' lang='lat' dir='ltr'><strong><em>libri</em></strong></span> <span class='ocrx_word' id='word_1_283' title='bbox 2811 2392 3312 2458; x_wconf 77' lang='lat' dir='ltr'><strong><em>compositionem,</em></strong></span> <span class='ocrx_word' id='word_1_284' title='bbox 3339 2390 3763 2458; x_wconf 78' lang='lat' dir='ltr'><strong><em>duplicemque</em></strong></span> 
     </span>
    </p>
   </div>
   <div class='ocr_carea' id='block_1_27' title="bbox 445 2465 3763 2551">
    <p class='ocr_par' dir='ltr' id='par_1_27' title="bbox 445 2465 3763 2551">
     <span class='ocr_line' id='line_1_27' title="bbox 445 2465 3763 2551; baseline -0.001 -17"><span class='ocrx_word' id='word_1_285' title='bbox 445 2479 821 2536; x_wconf 81' lang='lat' dir='ltr'><strong><em>tractationis</em></strong></span> <span class='ocrx_word' id='word_1_286' title='bbox 847 2491 1090 2544; x_wconf 82' lang='lat' dir='ltr'><strong><em>scopum</em></strong></span> <span class='ocrx_word' id='word_1_287' title='bbox 1117 2465 2156 2540; x_wconf 63' lang='lat' dir='ltr'><strong><em>exprimere,videticetpraepositam</em></strong></span> <span class='ocrx_word' id='word_1_288' title='bbox 2179 2465 2488 2527; x_wconf 82' lang='lat' dir='ltr'><strong><em>historiam</em></strong></span> <span class='ocrx_word' id='word_1_289' title='bbox 2505 2477 3060 2549; x_wconf 82' lang='lat' dir='ltr'><strong><em>ecclesiasticam,et</em></strong></span> <span class='ocrx_word' id='word_1_290' title='bbox 3088 2495 3218 2551; x_wconf 64' lang='lat' dir='ltr'><strong><em>qum</em></strong></span> <span class='ocrx_word' id='word_1_291' title='bbox 3237 2481 3299 2535; x_wconf 85' lang='lat' dir='ltr'><strong><em>in</em></strong></span> <span class='ocrx_word' id='word_1_292' title='bbox 3329 2479 3467 2547; x_wconf 82' lang='lat' dir='ltr'><strong><em>ﬁne.</em></strong></span> <span class='ocrx_word' id='word_1_293' title='bbox 3548 2517 3564 2536; x_wconf 92' lang='lat'><strong><em>.</em></strong></span> <span class='ocrx_word' id='word_1_294' title='bbox 3644 2518 3661 2535; x_wconf 94' lang='lat'><strong><em>.</em></strong></span> <span class='ocrx_word' id='word_1_295' title='bbox 3745 2517 3763 2532; x_wconf 95' lang='lat'><strong><em>.</em></strong></span> 
     </span>
    </p>
   </div>
   <div class='ocr_carea' id='block_1_28' title="bbox 515 2558 1537 2624">
    <p class='ocr_par' dir='ltr' id='par_1_28' title="bbox 515 2558 1537 2624">
     <span class='ocr_line' id='line_1_28' title="bbox 515 2558 1537 2624; baseline -0.008 -4"><span class='ocrx_word' id='word_1_296' title='bbox 515 2567 762 2624; x_wconf 90' lang='lat' dir='ltr'><strong><em>Iambici</em></strong></span> <span class='ocrx_word' id='word_1_297' title='bbox 783 2581 923 2620; x_wconf 77' lang='lat' dir='ltr'><strong><em>vero</em></strong></span> <span class='ocrx_word' id='word_1_298' title='bbox 946 2579 1153 2619; x_wconf 90' lang='lat' dir='ltr'><strong><em>versus</em></strong></span> <span class='ocrx_word' id='word_1_299' title='bbox 1172 2561 1255 2616; x_wconf 90' lang='lat' dir='ltr'><strong><em>ita</em></strong></span> <span class='ocrx_word' id='word_1_300' title='bbox 1275 2558 1502 2614; x_wconf 83' lang='lat' dir='ltr'><strong><em>habent</em></strong></span> <span class='ocrx_word' id='word_1_301' title='bbox 1524 2575 1537 2612; x_wconf 87' lang='lat'>:</span> 
     </span>
    </p>
   </div>
   <div class='ocr_carea' id='block_1_29' title="bbox 443 2645 2041 2730">
    <p class='ocr_par' dir='ltr' id='par_1_29' title="bbox 443 2647 1382 2730">
     <span class='ocr_line' id='line_1_29' title="bbox 443 2647 1382 2730; baseline -0.015 -18"><span class='ocrx_word' id='word_1_302' title='bbox 443 2658 789 2730; x_wconf 73' lang='grc' dir='ltr'><strong>Εὐαγγελικός</strong></span> <span class='ocrx_word' id='word_1_303' title='bbox 816 2653 963 2713; x_wconf 81' lang='grc' dir='ltr'><strong>ἄλλος</strong></span> <span class='ocrx_word' id='word_1_304' title='bbox 1000 2647 1347 2706; x_wconf 78' lang='grc' dir='ltr'><strong>οἰκοδεσπότη</strong></span> <span class='ocrx_word' id='word_1_305' title='bbox 1360 2668 1382 2709; x_wconf 88' lang='grc' dir='ltr'>ς</span> 
     </span>
    </p>
   </div>
   <div class='ocr_carea' id='block_1_30' title="bbox 1589 2645 3187 2730">
    <p class='ocr_par' dir='ltr' id='par_1_30' title="bbox 2153 2645 3187 2727">
     <span class='ocr_line' id='line_1_30' title="bbox 2153 2645 3187 2727; baseline 0.015 -31"><span class='ocrx_word' id='word_1_306' title='bbox 2153 2645 2548 2716; x_wconf 86' lang='lat' dir='ltr'><strong><em>Evangelicus</em></strong></span> <span class='ocrx_word' id='word_1_307' title='bbox 2577 2652 2725 2709; x_wconf 83' lang='lat' dir='ltr'><strong><em>alter</em></strong></span> <span class='ocrx_word' id='word_1_308' title='bbox 2755 2656 3187 2727; x_wconf 81' lang='lat' dir='ltr'><strong><em>paterfamilias</em></strong></span> 
     </span>
    </p>
   </div>
   <div class='ocr_carea' id='block_1_31' title="bbox 445 2733 2043 2822">
    <p class='ocr_par' dir='ltr' id='par_1_31' title="bbox 445 2740 1422 2822">
     <span class='ocr_line' id='line_1_31' title="bbox 445 2740 1422 2822; baseline -0.015 -21"><span class='ocrx_word' id='word_1_309' title='bbox 445 2745 947 2822; x_wconf 66' lang='grc' dir='ltr'><strong>Θησαυροφυλοὶκιον</strong></span> <span class='ocrx_word' id='word_1_310' title='bbox 974 2740 1196 2810; x_wconf 78' lang='grc' dir='ltr'><strong>ἠνοίχθη</strong></span> <span class='ocrx_word' id='word_1_311' title='bbox 1233 2742 1422 2807; x_wconf 85' lang='grc' dir='ltr'><strong>στόμα·</strong></span> 
     </span>
    </p>
   </div>
   <div class='ocr_carea' id='block_1_32' title="bbox 1735 2733 3333 2822">
    <p class='ocr_par' dir='ltr' id='par_1_32' title="bbox 2151 2733 3333 2813">
     <span class='ocr_line' id='line_1_32' title="bbox 2151 2733 3333 2813; baseline 0.013 -27"><span class='ocrx_word' id='word_1_312' title='bbox 2151 2733 2228 2788; x_wconf 81' lang='lat' dir='ltr'><strong><em>Os</em></strong></span> <span class='ocrx_word' id='word_1_313' title='bbox 2253 2733 2567 2808; x_wconf 88' lang='lat' dir='ltr'><strong><em>adaperuit</em></strong></span> <span class='ocrx_word' id='word_1_314' title='bbox 2594 2741 2946 2800; x_wconf 86' lang='lat' dir='ltr'><strong><em>thesaurum</em></strong></span> <span class='ocrx_word' id='word_1_315' title='bbox 2973 2747 3291 2802; x_wconf 88' lang='lat' dir='ltr'><strong><em>continens</em></strong></span> <span class='ocrx_word' id='word_1_316' title='bbox 3318 2763 3333 2813; x_wconf 83' lang='lat'><strong>;</strong></span> 
     </span>
    </p>
   </div>
   <div class='ocr_carea' id='block_1_33' title="bbox 458 2822 2056 2908">
    <p class='ocr_par' dir='ltr' id='par_1_33' title="bbox 458 2830 1401 2908">
     <span class='ocr_line' id='line_1_33' title="bbox 458 2830 1401 2908; baseline -0.015 -18"><span class='ocrx_word' id='word_1_317' title='bbox 458 2838 711 2908; x_wconf 84' lang='grc' dir='ltr'><strong>Εξάγεται</strong></span> <span class='ocrx_word' id='word_1_318' title='bbox 743 2832 802 2888; x_wconf 71' lang='grc' dir='ltr'><strong>δὲ</strong></span> <span class='ocrx_word' id='word_1_319' title='bbox 831 2838 921 2885; x_wconf 82' lang='grc' dir='ltr'><strong><em>καὶ</em></strong></span> <span class='ocrx_word' id='word_1_320' title='bbox 949 2830 1148 2884; x_wconf 80' lang='grc' dir='ltr'><strong>παλαιὰ</strong></span> <span class='ocrx_word' id='word_1_321' title='bbox 1175 2832 1266 2880; x_wconf 83' lang='grc' dir='ltr'><strong><em>καὶ</em></strong></span> <span class='ocrx_word' id='word_1_322' title='bbox 1293 2830 1401 2894; x_wconf 84' lang='grc' dir='ltr'><strong>νέα,</strong></span> 
     </span>
    </p>
   </div>
   <div class='ocr_carea' id='block_1_34' title="bbox 1677 2822 3275 2908">
    <p class='ocr_par' dir='ltr' id='par_1_34' title="bbox 2149 2822 3275 2903">
     <span class='ocr_line' id='line_1_34' title="bbox 2149 2822 3275 2903; baseline 0.015 -28"><span class='ocrx_word' id='word_1_323' title='bbox 2149 2822 2532 2882; x_wconf 86' lang='lat' dir='ltr'><strong><em>Proferuntur</em></strong></span> <span class='ocrx_word' id='word_1_324' title='bbox 2552 2836 2753 2887; x_wconf 88' lang='lat' dir='ltr'><strong><em>autem</em></strong></span> <span class='ocrx_word' id='word_1_325' title='bbox 2779 2847 2941 2889; x_wconf 85' lang='lat' dir='ltr'><strong><em>nova</em></strong></span> <span class='ocrx_word' id='word_1_326' title='bbox 2970 2841 3025 2890; x_wconf 90' lang='lat' dir='ltr'><strong><em>et</em></strong></span> <span class='ocrx_word' id='word_1_327' title='bbox 3052 2839 3275 2903; x_wconf 84' lang='lat' dir='ltr'><strong><em>vetera,</em></strong></span> 
     </span>
    </p>
   </div>
   <div class='ocr_carea' id='block_1_35' title="bbox 443 2911 2041 2998">
    <p class='ocr_par' dir='ltr' id='par_1_35' title="bbox 443 2915 1472 2998">
     <span class='ocr_line' id='line_1_35' title="bbox 443 2915 1472 2998; baseline -0.013 -18"><span class='ocrx_word' id='word_1_328' title='bbox 443 2927 709 2998; x_wconf 81' lang='grc' dir='ltr'><strong>Ἀρχαϊκόι</strong></span> <span class='ocrx_word' id='word_1_329' title='bbox 736 2920 979 2994; x_wconf 90' lang='grc' dir='ltr'><strong>δόγματα</strong></span> <span class='ocrx_word' id='word_1_330' title='bbox 1003 2923 1092 2970; x_wconf 86' lang='grc' dir='ltr'><strong>καὶ</strong></span> <span class='ocrx_word' id='word_1_331' title='bbox 1115 2920 1285 2969; x_wconf 84' lang='grc' dir='ltr'><strong>καινοὶ</strong></span> <span class='ocrx_word' id='word_1_332' title='bbox 1307 2915 1472 2985; x_wconf 88' lang='grc' dir='ltr'><strong>λόγοι.</strong></span> 
     </span>
    </p>
   </div>
   <div class='ocr_carea' id='block_1_36' title="bbox 1705 2911 3303 2998">
    <p class='ocr_par' dir='ltr' id='par_1_36' title="bbox 2150 2911 3303 2990">
     <span class='ocr_line' id='line_1_36' title="bbox 2150 2911 3303 2990; baseline 0.013 -26"><span class='ocrx_word' id='word_1_333' title='bbox 2150 2911 2410 2985; x_wconf 81' lang='lat' dir='ltr'><strong><em>Antiqua</em></strong></span> <span class='ocrx_word' id='word_1_334' title='bbox 2429 2915 2736 2990; x_wconf 86' lang='lat' dir='ltr'><strong><em>dogmata,</em></strong></span> <span class='ocrx_word' id='word_1_335' title='bbox 2769 2928 2826 2977; x_wconf 89' lang='lat' dir='ltr'><strong><em>et</em></strong></span> <span class='ocrx_word' id='word_1_336' title='bbox 2854 2937 3012 2978; x_wconf 86' lang='lat' dir='ltr'><strong><em>nova</em></strong></span> <span class='ocrx_word' id='word_1_337' title='bbox 3040 2923 3303 2979; x_wconf 85' lang='lat' dir='ltr'><strong><em>oracula.</em></strong></span> 
     </span>
    </p>
   </div>
   <div class='ocr_carea' id='block_1_37' title="bbox 442 3001 2040 3087">
    <p class='ocr_par' dir='ltr' id='par_1_37' title="bbox 442 3003 1288 3087">
     <span class='ocr_line' id='line_1_37' title="bbox 442 3003 1288 3087; baseline -0.014 -19"><span class='ocrx_word' id='word_1_338' title='bbox 442 3015 500 3067; x_wconf 79' lang='grc' dir='ltr'><strong>Ἠ</strong></span> <span class='ocrx_word' id='word_1_339' title='bbox 525 3014 771 3087; x_wconf 80' lang='grc' dir='ltr'><strong>βιϐλιακὴ</strong></span> <span class='ocrx_word' id='word_1_340' title='bbox 808 3012 1048 3070; x_wconf 73' lang='grc' dir='ltr'><strong>σύνθετος</strong></span> <span class='ocrx_word' id='word_1_341' title='bbox 1071 3003 1103 3059; x_wconf 84' lang='grc' dir='ltr'><strong><em>δ</em></strong></span> <span class='ocrx_word' id='word_1_342' title='bbox 1111 3010 1288 3080; x_wconf 90' lang='grc' dir='ltr'><strong>ιαρτία</strong></span> 
     </span>
    </p>
   </div>
   <div class='ocr_carea' id='block_1_38' title="bbox 1655 3001 3253 3087">
    <p class='ocr_par' dir='ltr' id='par_1_38' title="bbox 2153 3001 3253 3083">
     <span class='ocr_line' id='line_1_38' title="bbox 2153 3001 3253 3083; baseline 0.011 -29"><span class='ocrx_word' id='word_1_343' title='bbox 2153 3003 2286 3055; x_wconf 58' lang='lat' dir='ltr'><strong><em>Haec</em></strong></span> <span class='ocrx_word' id='word_1_344' title='bbox 2313 3001 2446 3058; x_wconf 91' lang='lat' dir='ltr'><strong><em>libri</em></strong></span> <span class='ocrx_word' id='word_1_345' title='bbox 2471 3004 2620 3062; x_wconf 88' lang='lat' dir='ltr'><strong><em>bene</em></strong></span> <span class='ocrx_word' id='word_1_346' title='bbox 2645 3009 2876 3078; x_wconf 85' lang='lat' dir='ltr'><strong><em>digesta</em></strong></span> <span class='ocrx_word' id='word_1_347' title='bbox 2896 3012 3253 3083; x_wconf 90' lang='lat' dir='ltr'><strong><em>compositio</em></strong></span> 
     </span>
    </p>
   </div>
   <div class='ocr_carea' id='block_1_39' title="bbox 443 3089 2041 3176">
    <p class='ocr_par' dir='ltr' id='par_1_39' title="bbox 443 3089 1569 3176">
     <span class='ocr_line' id='line_1_39' title="bbox 443 3089 1569 3176; baseline -0.015 -18"><span class='ocrx_word' id='word_1_348' title='bbox 443 3105 790 3176; x_wconf 79' lang='grc' dir='ltr'><strong>Ἀνθρωπικόν</strong></span> <span class='ocrx_word' id='word_1_349' title='bbox 821 3103 1088 3172; x_wconf 76' lang='grc' dir='ltr'><strong>σύγκριμα</strong></span> <span class='ocrx_word' id='word_1_350' title='bbox 1118 3099 1298 3168; x_wconf 89' lang='grc' dir='ltr'><strong>μικτόν</strong></span> <span class='ocrx_word' id='word_1_351' title='bbox 1326 3089 1569 3154; x_wconf 79' lang='grc' dir='ltr'><strong>δεικνύει,</strong></span> 
     </span>
    </p>
   </div>
   <div class='ocr_carea' id='block_1_40' title="bbox 1937 3089 3535 3176">
    <p class='ocr_par' dir='ltr' id='par_1_40' title="bbox 2154 3091 3535 3167">
     <span class='ocr_line' id='line_1_40' title="bbox 2154 3091 3535 3167; baseline 0.007 -24"><span class='ocrx_word' id='word_1_352' title='bbox 2154 3091 2490 3148; x_wconf 81' lang='lat' dir='ltr'><strong><em>Humanam</em></strong></span> <span class='ocrx_word' id='word_1_353' title='bbox 2523 3104 2910 3167; x_wconf 60' lang='lat' dir='ltr'><strong><em>repraesentat</em></strong></span> <span class='ocrx_word' id='word_1_354' title='bbox 2939 3100 3191 3155; x_wconf 80' lang='lat' dir='ltr'><strong><em>mixtam</em></strong></span> <span class='ocrx_word' id='word_1_355' title='bbox 3219 3098 3535 3167; x_wconf 87' lang='lat' dir='ltr'><strong><em>fabricam,</em></strong></span> 
     </span>
    </p>
   </div>
   <div class='ocr_carea' id='block_1_41' title="bbox 446 3177 2044 3264">
    <p class='ocr_par' dir='ltr' id='par_1_41' title="bbox 446 3179 1650 3264">
     <span class='ocr_line' id='line_1_41' title="bbox 446 3179 1650 3264; baseline -0.014 -17"><span class='ocrx_word' id='word_1_356' title='bbox 446 3198 604 3264; x_wconf 83' lang='grc' dir='ltr'><strong>Ψυχὴ</strong></span> <span class='ocrx_word' id='word_1_357' title='bbox 640 3191 898 3245; x_wconf 81' lang='grc' dir='ltr'><strong>δοκεῖκαὶ</strong></span> <span class='ocrx_word' id='word_1_358' title='bbox 925 3196 1097 3259; x_wconf 84' lang='grc' dir='ltr'><strong>σῶμα,</strong></span> <span class='ocrx_word' id='word_1_359' title='bbox 1119 3193 1307 3256; x_wconf 87' lang='grc' dir='ltr'><strong>γνῶσις</strong></span> <span class='ocrx_word' id='word_1_360' title='bbox 1336 3187 1424 3234; x_wconf 84' lang='grc' dir='ltr'><strong><em>καὶ</em></strong></span> <span class='ocrx_word' id='word_1_361' title='bbox 1454 3179 1650 3252; x_wconf 73' lang='grc' dir='ltr'><strong>φθίσις,</strong></span> 
     </span>
    </p>
   </div>
   <div class='ocr_carea' id='block_1_42' title="bbox 2161 3177 3759 3264">
    <p class='ocr_par' dir='ltr' id='par_1_42' title="bbox 2161 3177 3759 3260">
     <span class='ocr_line' id='line_1_42' title="bbox 2161 3177 3759 3260; baseline 0.007 -29"><span class='ocrx_word' id='word_1_362' title='bbox 2161 3177 2371 3234; x_wconf 75' lang='lat' dir='ltr'><strong><em>Anima</em></strong></span> <span class='ocrx_word' id='word_1_363' title='bbox 2398 3181 2634 3238; x_wconf 85' lang='lat' dir='ltr'><strong><em>videtur</em></strong></span> <span class='ocrx_word' id='word_1_364' title='bbox 2669 3190 2727 3240; x_wconf 88' lang='lat' dir='ltr'><strong><em>et</em></strong></span> <span class='ocrx_word' id='word_1_365' title='bbox 2757 3201 2996 3260; x_wconf 83' lang='lat' dir='ltr'><strong><em>corpus,</em></strong></span> <span class='ocrx_word' id='word_1_366' title='bbox 3028 3188 3312 3257; x_wconf 85' lang='lat' dir='ltr'><strong><em>cognitio,</em></strong></span> <span class='ocrx_word' id='word_1_367' title='bbox 3340 3193 3399 3242; x_wconf 91' lang='lat' dir='ltr'><strong><em>et</em></strong></span> <span class='ocrx_word' id='word_1_368' title='bbox 3429 3186 3759 3258; x_wconf 86' lang='lat' dir='ltr'><strong><em>corruptio,</em></strong></span> 
     </span>
    </p>
   </div>
   <div class='ocr_carea' id='block_1_43' title="bbox 450 3268 2048 3352">
    <p class='ocr_par' dir='ltr' id='par_1_43' title="bbox 450 3270 1580 3352">
     <span class='ocr_line' id='line_1_43' title="bbox 450 3270 1580 3352; baseline -0.012 -18"><span class='ocrx_word' id='word_1_369' title='bbox 450 3282 554 3335; x_wconf 78' lang='grc' dir='ltr'><strong>Κᾶν</strong></span> <span class='ocrx_word' id='word_1_370' title='bbox 586 3281 801 3352; x_wconf 73' lang='grc' dir='ltr'><strong>οὐρανός</strong></span> <span class='ocrx_word' id='word_1_371' title='bbox 831 3281 957 3350; x_wconf 84' lang='grc' dir='ltr'><strong>πρὸς</strong></span> <span class='ocrx_word' id='word_1_372' title='bbox 978 3276 1130 3345; x_wconf 77' lang='grc' dir='ltr'><strong>ὕψος,</strong></span> <span class='ocrx_word' id='word_1_373' title='bbox 1154 3273 1213 3324; x_wconf 81' lang='grc' dir='ltr'><strong>ἂν</strong></span> <span class='ocrx_word' id='word_1_374' title='bbox 1241 3270 1300 3324; x_wconf 76' lang='grc' dir='ltr'><strong><em>δε</em></strong></span> <span class='ocrx_word' id='word_1_375' title='bbox 1323 3280 1387 3342; x_wconf 84' lang='grc' dir='ltr'><strong><em>γῆ</em></strong></span> <span class='ocrx_word' id='word_1_376' title='bbox 1417 3273 1580 3337; x_wconf 80' lang='grc' dir='ltr'><strong>κάτω,</strong></span> 
     </span>
    </p>
   </div>
   <div class='ocr_carea' id='block_1_44' title="bbox 1941 3268 3539 3352">
    <p class='ocr_par' dir='ltr' id='par_1_44' title="bbox 2154 3268 3539 3347">
     <span class='ocr_line' id='line_1_44' title="bbox 2154 3268 3539 3347; baseline 0.008 -26"><span class='ocrx_word' id='word_1_377' title='bbox 2154 3273 2236 3322; x_wconf 84' lang='lat' dir='ltr'><strong><em>Ac</em></strong></span> <span class='ocrx_word' id='word_1_378' title='bbox 2258 3268 2308 3322; x_wconf 93' lang='lat' dir='ltr'><strong><em>si</em></strong></span> <span class='ocrx_word' id='word_1_379' title='bbox 2339 3269 2556 3326; x_wconf 87' lang='lat' dir='ltr'><strong><em>coelum</em></strong></span> <span class='ocrx_word' id='word_1_380' title='bbox 2588 3287 2853 3339; x_wconf 87' lang='lat' dir='ltr'><strong><em>sursum,</em></strong></span> <span class='ocrx_word' id='word_1_381' title='bbox 2890 3281 3044 3333; x_wconf 91' lang='lat' dir='ltr'><strong><em>terra</em></strong></span> <span class='ocrx_word' id='word_1_382' title='bbox 3069 3291 3208 3333; x_wconf 88' lang='lat' dir='ltr'><strong><em>vero</em></strong></span> <span class='ocrx_word' id='word_1_383' title='bbox 3237 3277 3539 3347; x_wconf 89' lang='lat' dir='ltr'><strong><em>deorsum,</em></strong></span> 
     </span>
    </p>
   </div>
   <div class='ocr_carea' id='block_1_45' title="bbox 450 3355 2048 3441">
    <p class='ocr_par' dir='ltr' id='par_1_45' title="bbox 450 3361 1521 3441">
     <span class='ocr_line' id='line_1_45' title="bbox 450 3361 1521 3441; baseline -0.012 -20"><span class='ocrx_word' id='word_1_384' title='bbox 450 3374 661 3441; x_wconf 81' lang='grc' dir='ltr'><strong>Κόσμον</strong></span> <span class='ocrx_word' id='word_1_385' title='bbox 689 3371 903 3438; x_wconf 85' lang='grc' dir='ltr'><strong>μίμημα</strong></span> <span class='ocrx_word' id='word_1_386' title='bbox 929 3361 1104 3423; x_wconf 80' lang='grc' dir='ltr'><strong>δέλτος</strong></span> <span class='ocrx_word' id='word_1_387' title='bbox 1135 3366 1164 3418; x_wconf 79' lang='grc' dir='ltr'>ἡ</span> <span class='ocrx_word' id='word_1_388' title='bbox 1188 3363 1521 3431; x_wconf 79' lang='grc' dir='ltr'><strong>προκειμένη,</strong></span> 
     </span>
    </p>
   </div>
   <div class='ocr_carea' id='block_1_46' title="bbox 1872 3355 3470 3441">
    <p class='ocr_par' dir='ltr' id='par_1_46' title="bbox 2155 3355 3470 3437">
     <span class='ocr_line' id='line_1_46' title="bbox 2155 3355 3470 3437; baseline 0.009 -29"><span class='ocrx_word' id='word_1_389' title='bbox 2155 3355 2309 3412; x_wconf 87' lang='lat' dir='ltr'><strong><em>Vera</em></strong></span> <span class='ocrx_word' id='word_1_390' title='bbox 2339 3360 2552 3414; x_wconf 90' lang='lat' dir='ltr'><strong><em>mundi</em></strong></span> <span class='ocrx_word' id='word_1_391' title='bbox 2577 3361 2780 3432; x_wconf 85' lang='lat' dir='ltr'><strong><em>imago</em></strong></span> <span class='ocrx_word' id='word_1_392' title='bbox 2809 3369 2897 3420; x_wconf 92' lang='lat' dir='ltr'><strong><em>est</em></strong></span> <span class='ocrx_word' id='word_1_393' title='bbox 2925 3380 3191 3437; x_wconf 69' lang='lat' dir='ltr'><strong><em>praesens</em></strong></span> <span class='ocrx_word' id='word_1_394' title='bbox 3214 3364 3470 3431; x_wconf 76' lang='lat' dir='ltr'><strong><em>libell‘ue,</em></strong></span> 
     </span>
    </p>
   </div>
   <div class='ocr_carea' id='block_1_47' title="bbox 446 3444 2044 3526">
    <p class='ocr_par' dir='ltr' id='par_1_47' title="bbox 446 3451 1519 3526">
     <span class='ocr_line' id='line_1_47' title="bbox 446 3451 1519 3526; baseline -0.008 -16"><span class='ocrx_word' id='word_1_395' title='bbox 446 3461 525 3510; x_wconf 78' lang='grc' dir='ltr'><strong>Τὰ</strong></span> <span class='ocrx_word' id='word_1_396' title='bbox 550 3458 660 3508; x_wconf 80' lang='grc' dir='ltr'><strong>θεῖα</strong></span> <span class='ocrx_word' id='word_1_397' title='bbox 683 3463 902 3526; x_wconf 83' lang='grc' dir='ltr'><strong>πρῶτον,</strong></span> <span class='ocrx_word' id='word_1_398' title='bbox 938 3452 1155 3521; x_wconf 82' lang='grc' dir='ltr'><strong>ὕστερον</strong></span> <span class='ocrx_word' id='word_1_399' title='bbox 1184 3451 1250 3500; x_wconf 79' lang='grc' dir='ltr'><strong>τὰ</strong></span> <span class='ocrx_word' id='word_1_400' title='bbox 1269 3451 1519 3521; x_wconf 77' lang='grc' dir='ltr'><strong>πρακτέα.</strong></span> 
     </span>
    </p>
   </div>
   <div class='ocr_carea' id='block_1_48' title="bbox 1979 3444 3577 3526">
    <p class='ocr_par' dir='ltr' id='par_1_48' title="bbox 2157 3444 3577 3523">
     <span class='ocr_line' id='line_1_48' title="bbox 2157 3444 3577 3523; baseline 0.006 -25"><span class='ocrx_word' id='word_1_401' title='bbox 2157 3444 2220 3498; x_wconf 89' lang='lat' dir='ltr'><strong><em>In</em></strong></span> <span class='ocrx_word' id='word_1_402' title='bbox 2251 3461 2374 3516; x_wconf 92' lang='lat' dir='ltr'><strong><em>quo</em></strong></span> <span class='ocrx_word' id='word_1_403' title='bbox 2403 3446 2610 3505; x_wconf 86' lang='lat' dir='ltr'><strong><em>divina</em></strong></span> <span class='ocrx_word' id='word_1_404' title='bbox 2636 3451 2924 3523; x_wconf 90' lang='lat' dir='ltr'><strong><em>primum,</em></strong></span> <span class='ocrx_word' id='word_1_405' title='bbox 2955 3458 3011 3510; x_wconf 85' lang='lat' dir='ltr'><strong><em>et</em></strong></span> <span class='ocrx_word' id='word_1_406' title='bbox 3035 3454 3256 3510; x_wconf 82' lang='lat' dir='ltr'><strong><em>deinde</em></strong></span> <span class='ocrx_word' id='word_1_407' title='bbox 3282 3453 3577 3510; x_wconf 84' lang='lat' dir='ltr'><strong><em>humana.</em></strong></span> 
     </span>
    </p>
   </div>
   <div class='ocr_carea' id='block_1_49' title="bbox 451 3531 2049 3618">
    <p class='ocr_par' dir='ltr' id='par_1_49' title="bbox 451 3531 1536 3618">
     <span class='ocr_line' id='line_1_49' title="bbox 451 3531 1536 3618; baseline -0.013 -18"><span class='ocrx_word' id='word_1_408' title='bbox 451 3551 552 3600; x_wconf 82' lang='grc' dir='ltr'><strong>Καὶ</strong></span> <span class='ocrx_word' id='word_1_409' title='bbox 583 3547 821 3618; x_wconf 85' lang='grc' dir='ltr'><strong>μετρικόν</strong></span> <span class='ocrx_word' id='word_1_410' title='bbox 852 3544 941 3613; x_wconf 72' lang='grc' dir='ltr'><strong><em>μὲν</em></strong></span> <span class='ocrx_word' id='word_1_411' title='bbox 965 3541 1189 3612; x_wconf 78' lang='grc' dir='ltr'><strong>γράμμα</strong></span> <span class='ocrx_word' id='word_1_412' title='bbox 1214 3541 1308 3594; x_wconf 79' lang='grc' dir='ltr'><strong>τὴν</strong></span> <span class='ocrx_word' id='word_1_413' title='bbox 1333 3531 1536 3589; x_wconf 76' lang='grc' dir='ltr'><strong>Ἰλιάδα</strong></span> 
     </span>
    </p>
   </div>
   <div class='ocr_carea' id='block_1_50' title="bbox 1841 3531 3439 3618">
    <p class='ocr_par' dir='ltr' id='par_1_50' title="bbox 2156 3535 3439 3615">
     <span class='ocr_line' id='line_1_50' title="bbox 2156 3535 3439 3615; baseline 0.007 -28"><span class='ocrx_word' id='word_1_414' title='bbox 2156 3539 2238 3588; x_wconf 85' lang='lat' dir='ltr'><strong><em>Ac</em></strong></span> <span class='ocrx_word' id='word_1_415' title='bbox 2259 3535 2573 3593; x_wconf 88' lang='lat' dir='ltr'><strong><em>metricum</em></strong></span> <span class='ocrx_word' id='word_1_416' title='bbox 2593 3540 2841 3610; x_wconf 88' lang='lat' dir='ltr'><strong><em>quidem</em></strong></span> <span class='ocrx_word' id='word_1_417' title='bbox 2863 3541 3012 3597; x_wconf 92' lang='lat' dir='ltr'><strong><em>illud</em></strong></span> <span class='ocrx_word' id='word_1_418' title='bbox 3037 3558 3192 3615; x_wconf 86' lang='lat' dir='ltr'><strong><em>opus</em></strong></span> <span class='ocrx_word' id='word_1_419' title='bbox 3221 3541 3439 3599; x_wconf 87' lang='lat' dir='ltr'><strong><em>Iliados</em></strong></span> 
     </span>
    </p>
   </div>
   <div class='ocr_carea' id='block_1_51' title="bbox 451 3622 2049 3708">
    <p class='ocr_par' dir='ltr' id='par_1_51' title="bbox 451 3622 1464 3708">
     <span class='ocr_line' id='line_1_51' title="bbox 451 3622 1464 3708; baseline -0.014 -20"><span class='ocrx_word' id='word_1_420' title='bbox 451 3630 931 3708; x_wconf 78' lang='grc' dir='ltr'><strong>Σμαραγδογλυφης</strong></span> <span class='ocrx_word' id='word_1_421' title='bbox 961 3626 1289 3698; x_wconf 78' lang='grc' dir='ltr'><strong>ἐνθαλαμεύει</strong></span> <span class='ocrx_word' id='word_1_422' title='bbox 1323 3622 1440 3680; x_wconf 78' lang='grc' dir='ltr'><strong>θίϐη</strong></span> <span class='ocrx_word' id='word_1_423' title='bbox 1452 3644 1464 3656; x_wconf 78' lang='grc' dir='ltr'><strong>ο</strong></span> 
     </span>
    </p>
   </div>
   <div class='ocr_carea' id='block_1_52' title="bbox 1623 3622 3221 3708">
    <p class='ocr_par' dir='ltr' id='par_1_52' title="bbox 2158 3623 3221 3700">
     <span class='ocr_line' id='line_1_52' title="bbox 2158 3623 3221 3700; baseline 0.01 -23"><span class='ocrx_word' id='word_1_424' title='bbox 2158 3623 2449 3680; x_wconf 81' lang='lat' dir='ltr'><strong><em>Becubuit</em></strong></span> <span class='ocrx_word' id='word_1_425' title='bbox 2472 3625 2531 3680; x_wconf 91' lang='lat' dir='ltr'><strong><em>in</em></strong></span> <span class='ocrx_word' id='word_1_426' title='bbox 2558 3628 2763 3685; x_wconf 86' lang='lat' dir='ltr'><strong><em>arcula</em></strong></span> <span class='ocrx_word' id='word_1_427' title='bbox 2793 3631 3221 3700; x_wconf 83' lang='lat' dir='ltr'><strong><em>smaragdina:</em></strong></span> 
     </span>
    </p>
   </div>
   <div class='ocr_carea' id='block_1_53' title="bbox 450 3712 2048 3794">
    <p class='ocr_par' dir='ltr' id='par_1_53' title="bbox 450 3712 1524 3794">
     <span class='ocr_line' id='line_1_53' title="bbox 450 3712 1524 3794; baseline -0.015 -17"><span class='ocrx_word' id='word_1_428' title='bbox 450 3718 795 3794; x_wconf 77' lang='grc' dir='ltr'><strong>Ἀλεξάνδρου</strong></span> <span class='ocrx_word' id='word_1_429' title='bbox 826 3724 916 3770; x_wconf 84' lang='grc' dir='ltr'><strong><em>καὶ</em></strong></span> <span class='ocrx_word' id='word_1_430' title='bbox 944 3734 1097 3768; x_wconf 85' lang='grc' dir='ltr'><strong>τουτο</strong></span> <span class='ocrx_word' id='word_1_431' title='bbox 1125 3722 1217 3774; x_wconf 86' lang='grc' dir='ltr'><strong>τῆς</strong></span> <span class='ocrx_word' id='word_1_432' title='bbox 1246 3712 1524 3784; x_wconf 70' lang='grc' dir='ltr'><strong>εὐψυχίας,</strong></span> 
     </span>
    </p>
   </div>
   <div class='ocr_carea' id='block_1_54' title="bbox 2052 3712 3650 3794">
    <p class='ocr_par' dir='ltr' id='par_1_54' title="bbox 2159 3712 3650 3792">
     <span class='ocr_line' id='line_1_54' title="bbox 2159 3712 3650 3792; baseline 0.007 -26"><span class='ocrx_word' id='word_1_433' title='bbox 2159 3712 2330 3775; x_wconf 87' lang='lat' dir='ltr'><strong><em>Quod</em></strong></span> <span class='ocrx_word' id='word_1_434' title='bbox 2355 3712 2676 3772; x_wconf 80' lang='lat' dir='ltr'><strong><em>Alexandri</em></strong></span> <span class='ocrx_word' id='word_1_435' title='bbox 2703 3719 2963 3775; x_wconf 89' lang='lat' dir='ltr'><strong><em>ostendit</em></strong></span> <span class='ocrx_word' id='word_1_436' title='bbox 2990 3720 3178 3776; x_wconf 85' lang='lat' dir='ltr'><strong><em>animi</em></strong></span> <span class='ocrx_word' id='word_1_437' title='bbox 3215 3718 3650 3792; x_wconf 67' lang='lat' dir='ltr'><strong><em>praestantiam,</em></strong></span> 
     </span>
    </p>
   </div>
   <div class='ocr_carea' id='block_1_55' title="bbox 452 3799 2050 3880">
    <p class='ocr_par' dir='ltr' id='par_1_55' title="bbox 452 3799 1390 3880">
     <span class='ocr_line' id='line_1_55' title="bbox 452 3799 1390 3880; baseline -0.015 -14"><span class='ocrx_word' id='word_1_438' title='bbox 452 3811 730 3870; x_wconf 82' lang='grc' dir='ltr'><strong>Βασιλικῆς</strong></span> <span class='ocrx_word' id='word_1_439' title='bbox 749 3813 1025 3880; x_wconf 83' lang='grc' dir='ltr'><strong>γνώρισμα</strong></span> <span class='ocrx_word' id='word_1_440' title='bbox 1054 3799 1390 3877; x_wconf 76' lang='grc' dir='ltr'><strong>φιλοδωρίας,</strong></span> 
     </span>
    </p>
   </div>
   <div class='ocr_carea' id='block_1_56' title="bbox 1747 3799 3345 3880">
    <p class='ocr_par' dir='ltr' id='par_1_56' title="bbox 2161 3801 3345 3876">
     <span class='ocr_line' id='line_1_56' title="bbox 2161 3801 3345 3876; baseline 0.008 -22"><span class='ocrx_word' id='word_1_441' title='bbox 2161 3802 2225 3854; x_wconf 90' lang='lat' dir='ltr'><strong><em>Et</em></strong></span> <span class='ocrx_word' id='word_1_442' title='bbox 2244 3801 2422 3870; x_wconf 65' lang='lat' dir='ltr'><strong><em>regiae</em></strong></span> <span class='ocrx_word' id='word_1_443' title='bbox 2452 3802 2559 3858; x_wconf 86' lang='lat' dir='ltr'><strong><em>fuit</em></strong></span> <span class='ocrx_word' id='word_1_444' title='bbox 2586 3805 3007 3863; x_wconf 81' lang='lat' dir='ltr'><strong><em>muniﬁcentiae</em></strong></span> <span class='ocrx_word' id='word_1_445' title='bbox 3035 3807 3345 3876; x_wconf 87' lang='lat' dir='ltr'><strong><em>indicium,</em></strong></span> 
     </span>
    </p>
   </div>
   <div class='ocr_carea' id='block_1_57' title="bbox 451 3887 2049 3974">
    <p class='ocr_par' dir='ltr' id='par_1_57' title="bbox 451 3887 1572 3974">
     <span class='ocr_line' id='line_1_57' title="bbox 451 3887 1572 3974; baseline -0.012 -19"><span class='ocrx_word' id='word_1_446' title='bbox 451 3903 817 3974; x_wconf 84' lang='grc' dir='ltr'><strong>Ἀνακτορικῆς</strong></span> <span class='ocrx_word' id='word_1_447' title='bbox 847 3893 1040 3968; x_wconf 81' lang='grc' dir='ltr'><strong>δεῖγμα</strong></span> <span class='ocrx_word' id='word_1_448' title='bbox 1067 3893 1302 3967; x_wconf 87' lang='grc' dir='ltr'><strong>λαμπρᾶς</strong></span> <span class='ocrx_word' id='word_1_449' title='bbox 1325 3887 1572 3965; x_wconf 83' lang='grc' dir='ltr'><strong>καρδίας,</strong></span> 
     </span>
    </p>
   </div>
   <div class='ocr_carea' id='block_1_58' title="bbox 2051 3887 3649 3974">
    <p class='ocr_par' dir='ltr' id='par_1_58' title="bbox 2159 3889 3649 3966">
     <span class='ocr_line' id='line_1_58' title="bbox 2159 3889 3649 3966; baseline 0.006 -23"><span class='ocrx_word' id='word_1_450' title='bbox 2159 3889 2394 3958; x_wconf 77' lang='lat' dir='ltr'><strong><em>Regalis</em></strong></span> <span class='ocrx_word' id='word_1_451' title='bbox 2422 3895 2479 3946; x_wconf 92' lang='lat' dir='ltr'><strong><em>et</em></strong></span> <span class='ocrx_word' id='word_1_452' title='bbox 2503 3908 2641 3948; x_wconf 85' lang='lat' dir='ltr'><strong><em>vere</em></strong></span> <span class='ocrx_word' id='word_1_453' title='bbox 2671 3894 2970 3966; x_wconf 87' lang='lat' dir='ltr'><strong><em>splendidi</em></strong></span> <span class='ocrx_word' id='word_1_454' title='bbox 2997 3897 3194 3952; x_wconf 88' lang='lat' dir='ltr'><strong><em>cordis</em></strong></span> <span class='ocrx_word' id='word_1_455' title='bbox 3213 3896 3649 3963; x_wconf 84' lang='lat' dir='ltr'><strong><em>testimonium,</em></strong></span> 
     </span>
    </p>
   </div>
   <div class='ocr_carea' id='block_1_59' title="bbox 450 3977 2048 4064">
    <p class='ocr_par' dir='ltr' id='par_1_59' title="bbox 450 3980 1635 4064">
     <span class='ocr_line' id='line_1_59' title="bbox 450 3980 1635 4064; baseline -0.012 -20"><span class='ocrx_word' id='word_1_456' title='bbox 450 3992 641 4064; x_wconf 82' lang='grc' dir='ltr'><strong><em>Χλωρὰ</em></strong></span> <span class='ocrx_word' id='word_1_457' title='bbox 667 3989 830 4053; x_wconf 87' lang='grc' dir='ltr'><strong>λίθος,</strong></span> <span class='ocrx_word' id='word_1_458' title='bbox 865 3985 1152 4058; x_wconf 77' lang='grc' dir='ltr'><strong>βλάστημα</strong></span> <span class='ocrx_word' id='word_1_459' title='bbox 1175 3981 1439 4054; x_wconf 85' lang='grc' dir='ltr'><strong>λειμῶκως</strong></span> <span class='ocrx_word' id='word_1_460' title='bbox 1456 3980 1635 4051; x_wconf 90' lang='grc' dir='ltr'><strong>λόγου,</strong></span> 
     </span>
    </p>
   </div>
   <div class='ocr_carea' id='block_1_60' title="bbox 1908 3977 3506 4064">
    <p class='ocr_par' dir='ltr' id='par_1_60' title="bbox 2159 3977 3506 4056">
     <span class='ocr_line' id='line_1_60' title="bbox 2159 3977 3506 4056; baseline 0.009 -25"><span class='ocrx_word' id='word_1_461' title='bbox 2159 3978 2372 4034; x_wconf 85' lang='lat' dir='ltr'><strong><em>Vivens</em></strong></span> <span class='ocrx_word' id='word_1_462' title='bbox 2391 3977 2566 4052; x_wconf 88' lang='lat' dir='ltr'><strong><em>lapis,</em></strong></span> <span class='ocrx_word' id='word_1_463' title='bbox 2595 3997 2840 4052; x_wconf 78' lang='lat' dir='ltr'><strong><em>germen</em></strong></span> <span class='ocrx_word' id='word_1_464' title='bbox 2870 3985 3046 4056; x_wconf 89' lang='lat' dir='ltr'><strong><em>prati,</em></strong></span> <span class='ocrx_word' id='word_1_465' title='bbox 3080 3990 3145 4040; x_wconf 93' lang='lat' dir='ltr'><strong><em>ut</em></strong></span> <span class='ocrx_word' id='word_1_466' title='bbox 3172 3991 3263 4042; x_wconf 88' lang='lat' dir='ltr'><strong><em>est</em></strong></span> <span class='ocrx_word' id='word_1_467' title='bbox 3285 4001 3506 4050; x_wconf 84' lang='lat' dir='ltr'><strong><em>sermo,</em></strong></span> 
     </span>
    </p>
   </div>
   <div class='ocr_carea' id='block_1_61' title="bbox 452 4066 2050 4152">
    <p class='ocr_par' dir='ltr' id='par_1_61' title="bbox 452 4070 1621 4152">
     <span class='ocr_line' id='line_1_61' title="bbox 452 4070 1621 4152; baseline -0.012 -19"><span class='ocrx_word' id='word_1_468' title='bbox 452 4085 614 4152; x_wconf 74' lang='grc' dir='ltr'><strong>Σαφής</strong></span> <span class='ocrx_word' id='word_1_469' title='bbox 643 4076 869 4150; x_wconf 79' lang='grc' dir='ltr'><strong>διόπτρα</strong></span> <span class='ocrx_word' id='word_1_470' title='bbox 893 4085 983 4126; x_wconf 88' lang='grc' dir='ltr'><strong><em>του</em></strong></span> <span class='ocrx_word' id='word_1_471' title='bbox 1015 4076 1145 4145; x_wconf 86' lang='grc' dir='ltr'><strong>πρὸς</strong></span> <span class='ocrx_word' id='word_1_472' title='bbox 1172 4070 1405 4145; x_wconf 84' lang='grc' dir='ltr'><strong>Ὅμηρον</strong></span> <span class='ocrx_word' id='word_1_473' title='bbox 1428 4071 1621 4152; x_wconf 57' lang='grc' dir='ltr'><strong><em>πόθου1</em></strong></span> 
     </span>
    </p>
   </div>
   <div class='ocr_carea' id='block_1_62' title="bbox 1775 4066 3373 4152">
    <p class='ocr_par' dir='ltr' id='par_1_62' title="bbox 2162 4066 3373 4142">
     <span class='ocr_line' id='line_1_62' title="bbox 2162 4066 3373 4142; baseline 0.007 -22"><span class='ocrx_word' id='word_1_474' title='bbox 2162 4066 2382 4123; x_wconf 86' lang='lat' dir='ltr'><strong><em>Lucida</em></strong></span> <span class='ocrx_word' id='word_1_475' title='bbox 2407 4068 2643 4142; x_wconf 88' lang='lat' dir='ltr'><strong><em>dioptra</em></strong></span> <span class='ocrx_word' id='word_1_476' title='bbox 2666 4071 2726 4126; x_wconf 89' lang='lat' dir='ltr'><strong><em>in</em></strong></span> <span class='ocrx_word' id='word_1_477' title='bbox 2758 4073 3079 4128; x_wconf 87' lang='lat' dir='ltr'><strong><em>Homerum</em></strong></span> <span class='ocrx_word' id='word_1_478' title='bbox 3105 4073 3373 4130; x_wconf 77' lang='lat' dir='ltr'><strong><em>affectus.</em></strong></span> 
     </span>
    </p>
   </div>
   <div class='ocr_carea' id='block_1_63' title="bbox 450 4144 2048 4236">
    <p class='ocr_par' dir='ltr' id='par_1_63' title="bbox 450 4144 1624 4233">
     <span class='ocr_line' id='line_1_63' title="bbox 450 4144 1624 4233; baseline -0.009 -13"><span class='ocrx_word' id='word_1_479' title='bbox 450 4144 574 4226; x_wconf 78' lang='grc' dir='ltr'><strong>’Ὑλη</strong></span> <span class='ocrx_word' id='word_1_480' title='bbox 606 4163 665 4218; x_wconf 83' lang='grc' dir='ltr'><strong>δέ</strong></span> <span class='ocrx_word' id='word_1_481' title='bbox 692 4185 773 4225; x_wconf 87' lang='grc' dir='ltr'><strong><em>τις</em></strong></span> <span class='ocrx_word' id='word_1_482' title='bbox 802 4144 1072 4233; x_wconf 82' lang='grc' dir='ltr'><strong>καλύπτρα</strong></span> <span class='ocrx_word' id='word_1_483' title='bbox 1099 4163 1294 4222; x_wconf 80' lang='grc' dir='ltr'><strong>ταύτης</strong></span> <span class='ocrx_word' id='word_1_484' title='bbox 1321 4144 1624 4220; x_wconf 62' lang='grc' dir='ltr'><strong><em>πυκτίδοςο⁸</em></strong></span> 
     </span>
    </p>
   </div>
   <div class='ocr_carea' id='block_1_64' title="bbox 2163 4144 3761 4236">
    <p class='ocr_par' dir='ltr' id='par_1_64' title="bbox 2163 4155 3761 4236">
     <span class='ocr_line' id='line_1_64' title="bbox 2163 4155 3761 4236; baseline 0.004 -24"><span class='ocrx_word' id='word_1_485' title='bbox 2163 4155 2278 4212; x_wconf 89' lang='lat' dir='ltr'><strong><em>Sed</em></strong></span> <span class='ocrx_word' id='word_1_486' title='bbox 2297 4157 2582 4230; x_wconf 67' lang='lat' dir='ltr'><strong><em>quaedam</em></strong></span> <span class='ocrx_word' id='word_1_487' title='bbox 2601 4159 2956 4217; x_wconf 88' lang='lat' dir='ltr'><strong><em>abscondita</em></strong></span> <span class='ocrx_word' id='word_1_488' title='bbox 2975 4163 3253 4218; x_wconf 88' lang='lat' dir='ltr'><strong><em>materies</em></strong></span> <span class='ocrx_word' id='word_1_489' title='bbox 3275 4169 3369 4220; x_wconf 89' lang='lat' dir='ltr'><strong><em>est</em></strong></span> <span class='ocrx_word' id='word_1_490' title='bbox 3388 4163 3572 4236; x_wconf 86' lang='lat' dir='ltr'><strong><em>hujus</em></strong></span> <span class='ocrx_word' id='word_1_491' title='bbox 3601 4162 3761 4231; x_wconf 88' lang='lat' dir='ltr'><strong><em>libri;</em></strong></span> 
     </span>
    </p>
   </div>
   <div class='ocr_carea' id='block_1_65' title="bbox 453 4247 2051 4328">
    <p class='ocr_par' dir='ltr' id='par_1_65' title="bbox 453 4247 1467 4328">
     <span class='ocr_line' id='line_1_65' title="bbox 453 4247 1467 4328; baseline -0.012 -19"><span class='ocrx_word' id='word_1_492' title='bbox 453 4260 555 4316; x_wconf 84' lang='grc' dir='ltr'><strong>Τὰς</strong></span> <span class='ocrx_word' id='word_1_493' title='bbox 581 4250 879 4328; x_wconf 85' lang='grc' dir='ltr'><strong>καρδιακόις</strong></span> <span class='ocrx_word' id='word_1_494' title='bbox 901 4253 1110 4320; x_wconf 86' lang='grc' dir='ltr'><strong>πτύχας</strong></span> <span class='ocrx_word' id='word_1_495' title='bbox 1132 4247 1467 4315; x_wconf 73' lang='grc' dir='ltr'><strong>ἓξανοικτέον,</strong></span> 
     </span>
    </p>
   </div>
   <div class='ocr_carea' id='block_1_66' title="bbox 1710 4247 3308 4328">
    <p class='ocr_par' dir='ltr' id='par_1_66' title="bbox 2165 4249 3308 4323">
     <span class='ocr_line' id='line_1_66' title="bbox 2165 4249 3308 4323; baseline 0.002 -17"><span class='ocrx_word' id='word_1_496' title='bbox 2165 4249 2489 4320; x_wconf 82' lang='lat' dir='ltr'><strong><em>Cordisque</em></strong></span> <span class='ocrx_word' id='word_1_497' title='bbox 2508 4253 2650 4304; x_wconf 89' lang='lat' dir='ltr'><strong><em>sunt</em></strong></span> <span class='ocrx_word' id='word_1_498' title='bbox 2676 4249 3021 4306; x_wconf 60' lang='lat' dir='ltr'><strong><em>evolvenda;</em></strong></span> <span class='ocrx_word' id='word_1_499' title='bbox 3049 4251 3308 4323; x_wconf 58' lang='lat' dir='ltr'><strong><em>paginae,</em></strong></span> 
     </span>
    </p>
   </div>
   <div class='ocr_carea' id='block_1_67' title="bbox 458 4337 2056 4413">
    <p class='ocr_par' dir='ltr' id='par_1_67' title="bbox 458 4337 1485 4413">
     <span class='ocr_line' id='line_1_67' title="bbox 458 4337 1485 4413; baseline -0.012 -15"><span class='ocrx_word' id='word_1_500' title='bbox 458 4350 560 4399; x_wconf 80' lang='grc' dir='ltr'><strong><em>Καὶ</em></strong></span> <span class='ocrx_word' id='word_1_501' title='bbox 589 4348 675 4400; x_wconf 77' lang='grc' dir='ltr'><strong>τὴν</strong></span> <span class='ocrx_word' id='word_1_502' title='bbox 703 4339 895 4413; x_wconf 82' lang='grc' dir='ltr'><strong>μεταξύ</strong></span> <span class='ocrx_word' id='word_1_503' title='bbox 926 4343 1107 4410; x_wconf 84' lang='grc' dir='ltr'><strong>χώραν</strong></span> <span class='ocrx_word' id='word_1_504' title='bbox 1133 4337 1485 4407; x_wconf 74' lang='grc' dir='ltr'><strong>ὑφαπλωτέον,</strong></span> 
     </span>
    </p>
   </div>
   <div class='ocr_carea' id='block_1_68' title="bbox 1746 4337 3344 4413">
    <p class='ocr_par' dir='ltr' id='par_1_68' title="bbox 2159 4337 3344 4409">
     <span class='ocr_line' id='line_1_68' title="bbox 2159 4337 3344 4409; baseline 0.003 -16"><span class='ocrx_word' id='word_1_505' title='bbox 2159 4341 2462 4408; x_wconf 89' lang='lat' dir='ltr'><strong><em>Totusque</em></strong></span> <span class='ocrx_word' id='word_1_506' title='bbox 2482 4337 2716 4392; x_wconf 83' lang='lat' dir='ltr'><strong><em>medius</em></strong></span> <span class='ocrx_word' id='word_1_507' title='bbox 2743 4338 3136 4409; x_wconf 80' lang='lat' dir='ltr'><strong><em>explicandus</em></strong></span> <span class='ocrx_word' id='word_1_508' title='bbox 3156 4339 3344 4396; x_wconf 89' lang='lat' dir='ltr'><strong><em>locus.</em></strong></span> 
     </span>
    </p>
   </div>
   <div class='ocr_carea' id='block_1_69' title="bbox 460 4425 2058 4501">
    <p class='ocr_par' dir='ltr' id='par_1_69' title="bbox 460 4426 1445 4501">
     <span class='ocr_line' id='line_1_69' title="bbox 460 4426 1445 4501; baseline -0.013 -13"><span class='ocrx_word' id='word_1_509' title='bbox 460 4435 648 4490; x_wconf 64' lang='grc' dir='ltr'><strong>κλίνην</strong></span> <span class='ocrx_word' id='word_1_510' title='bbox 679 4431 1045 4501; x_wconf 83' lang='grc' dir='ltr'><strong>Σολομώντιιον</strong></span> <span class='ocrx_word' id='word_1_511' title='bbox 1074 4426 1445 4496; x_wconf 78' lang='grc' dir='ltr'><strong>εὐτυχησάτω·</strong></span> 
     </span>
    </p>
   </div>
   <div class='ocr_carea' id='block_1_70' title="bbox 1731 4425 3329 4501">
    <p class='ocr_par' dir='ltr' id='par_1_70' title="bbox 2165 4425 3329 4485">
     <span class='ocr_line' id='line_1_70' title="bbox 2165 4425 3329 4485; baseline 0.003 -4"><span class='ocrx_word' id='word_1_512' title='bbox 2165 4429 2315 4482; x_wconf 88' lang='lat' dir='ltr'><strong><em>Bene</em></strong></span> <span class='ocrx_word' id='word_1_513' title='bbox 2346 4425 2400 4480; x_wconf 89' lang='lat' dir='ltr'><strong><em>ei</em></strong></span> <span class='ocrx_word' id='word_1_514' title='bbox 2427 4425 2615 4482; x_wconf 83' lang='lat' dir='ltr'><strong><em>lectus</em></strong></span> <span class='ocrx_word' id='word_1_515' title='bbox 2649 4426 2990 4484; x_wconf 86' lang='lat' dir='ltr'><strong><em>Salomonis</em></strong></span> <span class='ocrx_word' id='word_1_516' title='bbox 3019 4429 3329 4485; x_wconf 86' lang='lat' dir='ltr'><strong><em>convenit:</em></strong></span> 
     </span>
    </p>
   </div>
   <div class='ocr_carea' id='block_1_71' title="bbox 455 4514 2053 4589">
    <p class='ocr_par' dir='ltr' id='par_1_71' title="bbox 455 4514 1450 4580">
     <span class='ocr_line' id='line_1_71' title="bbox 455 4514 1450 4580; baseline -0.011 -4"><span class='ocrx_word' id='word_1_517' title='bbox 455 4531 700 4580; x_wconf 83' lang='grc' dir='ltr'><strong>Τοιουτος</strong></span> <span class='ocrx_word' id='word_1_518' title='bbox 728 4518 863 4575; x_wconf 86' lang='grc' dir='ltr'><strong>οἶκος</strong></span> <span class='ocrx_word' id='word_1_519' title='bbox 892 4514 1032 4576; x_wconf 80' lang='grc' dir='ltr'><strong>ἄξιος</strong></span> <span class='ocrx_word' id='word_1_520' title='bbox 1060 4516 1254 4574; x_wconf 79' lang='grc' dir='ltr'><strong>ταύτης</strong></span> <span class='ocrx_word' id='word_1_521' title='bbox 1278 4518 1450 4579; x_wconf 86' lang='grc' dir='ltr'><strong>τόπος,</strong></span> 
     </span>
    </p>
   </div>
   <div class='ocr_carea' id='block_1_72' title="bbox 1913 4514 3511 4589">
    <p class='ocr_par' dir='ltr' id='par_1_72' title="bbox 2164 4515 3511 4589">
     <span class='ocr_line' id='line_1_72' title="bbox 2164 4515 3511 4589; baseline 0.003 -20"><span class='ocrx_word' id='word_1_522' title='bbox 2164 4519 2297 4570; x_wconf 67' lang='lat' dir='ltr'><strong><em>Haec</em></strong></span> <span class='ocrx_word' id='word_1_523' title='bbox 2324 4517 2452 4586; x_wconf 84' lang='lat' dir='ltr'><strong><em>ejus</em></strong></span> <span class='ocrx_word' id='word_1_524' title='bbox 2480 4515 2665 4586; x_wconf 87' lang='lat' dir='ltr'><strong><em>digna</em></strong></span> <span class='ocrx_word' id='word_1_525' title='bbox 2691 4516 2934 4584; x_wconf 87' lang='lat' dir='ltr'><strong><em>domus,</em></strong></span> <span class='ocrx_word' id='word_1_526' title='bbox 2958 4517 3055 4573; x_wconf 86' lang='lat' dir='ltr'><strong><em>hic</em></strong></span> <span class='ocrx_word' id='word_1_527' title='bbox 3077 4517 3299 4589; x_wconf 85' lang='lat' dir='ltr'><strong><em>dignus</em></strong></span> <span class='ocrx_word' id='word_1_528' title='bbox 3316 4519 3511 4575; x_wconf 89' lang='lat' dir='ltr'><strong><em>locus.</em></strong></span> 
     </span>
    </p>
   </div>
   <div class='ocr_carea' id='block_1_73' title="bbox 456 4598 2054 4681">
    <p class='ocr_par' dir='ltr' id='par_1_73' title="bbox 456 4598 1572 4681">
     <span class='ocr_line' id='line_1_73' title="bbox 456 4598 1572 4681; baseline -0.008 -19"><span class='ocrx_word' id='word_1_529' title='bbox 456 4618 600 4670; x_wconf 82' lang='grc' dir='ltr'><strong><em>Ζωῆς</em></strong></span> <span class='ocrx_word' id='word_1_530' title='bbox 629 4609 816 4681; x_wconf 78' lang='grc' dir='ltr'><strong>ἔμαθον</strong></span> <span class='ocrx_word' id='word_1_531' title='bbox 849 4602 1052 4676; x_wconf 78' lang='grc' dir='ltr'><strong>βίϐλον,</strong></span> <span class='ocrx_word' id='word_1_532' title='bbox 1085 4601 1191 4652; x_wconf 80' lang='grc' dir='ltr'><strong>ἀλλ’</strong></span> <span class='ocrx_word' id='word_1_533' title='bbox 1225 4598 1343 4653; x_wconf 80' lang='grc' dir='ltr'><strong>ἰδοὺ</strong></span> <span class='ocrx_word' id='word_1_534' title='bbox 1377 4600 1572 4674; x_wconf 79' lang='grc' dir='ltr'><strong>βλεπω,</strong></span> 
     </span>
    </p>
   </div>
   <div class='ocr_carea' id='block_1_74' title="bbox 1681 4598 3279 4681">
    <p class='ocr_par' dir='ltr' id='par_1_74' title="bbox 2163 4605 3279 4677">
     <span class='ocr_line' id='line_1_74' title="bbox 2163 4605 3279 4677; baseline 0.004 -18"><span class='ocrx_word' id='word_1_535' title='bbox 2163 4606 2302 4660; x_wconf 73' lang='lat' dir='ltr'><strong><em>Vitae</em></strong></span> <span class='ocrx_word' id='word_1_536' title='bbox 2326 4605 2547 4660; x_wconf 90' lang='lat' dir='ltr'><strong><em>librum</em></strong></span> <span class='ocrx_word' id='word_1_537' title='bbox 2571 4605 2816 4677; x_wconf 85' lang='lat' dir='ltr'><strong><em>perlegi,</em></strong></span> <span class='ocrx_word' id='word_1_538' title='bbox 2840 4612 2898 4663; x_wconf 92' lang='lat' dir='ltr'><strong><em>et</em></strong></span> <span class='ocrx_word' id='word_1_539' title='bbox 2921 4621 3058 4663; x_wconf 86' lang='lat' dir='ltr'><strong><em>ecce</em></strong></span> <span class='ocrx_word' id='word_1_540' title='bbox 3080 4607 3279 4664; x_wconf 90' lang='lat' dir='ltr'><strong><em>video.</em></strong></span> 
     </span>
    </p>
   </div>
   <div class='ocr_carea' id='block_1_75' title="bbox 453 4693 2051 4769">
    <p class='ocr_par' dir='ltr' id='par_1_75' title="bbox 453 4693 1498 4769">
     <span class='ocr_line' id='line_1_75' title="bbox 453 4693 1498 4769; baseline -0.011 -16"><span class='ocrx_word' id='word_1_541' title='bbox 453 4702 534 4754; x_wconf 79' lang='grc' dir='ltr'><strong><em>Τὰ</em></strong></span> <span class='ocrx_word' id='word_1_542' title='bbox 564 4699 759 4759; x_wconf 80' lang='grc' dir='ltr'><strong>ζωτικά</strong></span> <span class='ocrx_word' id='word_1_543' title='bbox 787 4695 999 4769; x_wconf 80' lang='grc' dir='ltr'><strong>ῥήματα</strong></span> <span class='ocrx_word' id='word_1_544' title='bbox 1025 4693 1309 4764; x_wconf 77' lang='grc' dir='ltr'><strong>γράμματα</strong></span> <span class='ocrx_word' id='word_1_545' title='bbox 1339 4693 1498 4764; x_wconf 76' lang='grc' dir='ltr'><strong>φέρει,</strong></span> 
     </span>
    </p>
   </div>
   <div class='ocr_carea' id='block_1_76' title="bbox 1496 4693 3094 4769">
    <p class='ocr_par' dir='ltr' id='par_1_76' title="bbox 1496 4693 3094 4760">
     <span class='ocr_line' id='line_1_76' title="bbox 1496 4693 3094 4760; baseline 0.004 -14"><span class='ocrx_word' id='word_1_546' title='bbox 1496 4735 1498 4746; x_wconf 84' lang='grc'><em>.</em></span> <span class='ocrx_word' id='word_1_547' title='bbox 2162 4695 2305 4750; x_wconf 68' lang='lat' dir='ltr'><strong><em>Vitae</em></strong></span> <span class='ocrx_word' id='word_1_548' title='bbox 2329 4693 2515 4749; x_wconf 87' lang='lat' dir='ltr'><strong><em>verba</em></strong></span> <span class='ocrx_word' id='word_1_549' title='bbox 2538 4695 2844 4751; x_wconf 84' lang='lat' dir='ltr'><strong><em>continent</em></strong></span> <span class='ocrx_word' id='word_1_550' title='bbox 2866 4695 3094 4760; x_wconf 63' lang='lat' dir='ltr'><strong><em>litterae,</em></strong></span> 
     </span>
    </p>
   </div>
   <div class='ocr_carea' id='block_1_77' title="bbox 459 4778 2057 4857">
    <p class='ocr_par' dir='ltr' id='par_1_77' title="bbox 459 4778 1626 4857">
     <span class='ocr_line' id='line_1_77' title="bbox 459 4778 1626 4857; baseline -0.012 -14"><span class='ocrx_word' id='word_1_551' title='bbox 459 4788 566 4844; x_wconf 78' lang='grc' dir='ltr'><strong>Κᾶν</strong></span> <span class='ocrx_word' id='word_1_552' title='bbox 595 4789 778 4856; x_wconf 78' lang='grc' dir='ltr'><strong>θνητὰ,</strong></span> <span class='ocrx_word' id='word_1_553' title='bbox 809 4779 970 4857; x_wconf 80' lang='grc' dir='ltr'><strong>μικτὰ</strong></span> <span class='ocrx_word' id='word_1_554' title='bbox 995 4788 1107 4843; x_wconf 85' lang='grc' dir='ltr'><strong>τοῖς</strong></span> <span class='ocrx_word' id='word_1_555' title='bbox 1137 4778 1409 4841; x_wconf 83' lang='grc' dir='ltr'><strong>ἀθανάτοις</strong></span> <span class='ocrx_word' id='word_1_556' title='bbox 1433 4778 1626 4850; x_wconf 81' lang='grc' dir='ltr'><strong>λόγοις,</strong></span> 
     </span>
    </p>
   </div>
   <div class='ocr_carea' id='block_1_78' title="bbox 1914 4778 3512 4857">
    <p class='ocr_par' dir='ltr' id='par_1_78' title="bbox 2165 4782 3512 4850">
     <span class='ocr_line' id='line_1_78' title="bbox 2165 4782 3512 4850; baseline 0.001 -12"><span class='ocrx_word' id='word_1_557' title='bbox 2165 4783 2320 4838; x_wconf 88' lang='lat' dir='ltr'><strong><em>Licet</em></strong></span> <span class='ocrx_word' id='word_1_558' title='bbox 2337 4782 2633 4850; x_wconf 87' lang='lat' dir='ltr'><strong><em>mortalia,</em></strong></span> <span class='ocrx_word' id='word_1_559' title='bbox 2657 4782 2846 4840; x_wconf 81' lang='lat' dir='ltr'><strong><em>mixta</em></strong></span> <span class='ocrx_word' id='word_1_560' title='bbox 2863 4783 3034 4840; x_wconf 89' lang='lat' dir='ltr'><strong><em>dictis</em></strong></span> <span class='ocrx_word' id='word_1_561' title='bbox 3051 4785 3512 4849; x_wconf 83' lang='lat' dir='ltr'><strong><em>immortalibus,</em></strong></span> 
     </span>
    </p>
   </div>
   <div class='ocr_carea' id='block_1_79' title="bbox 459 4865 2057 4951">
    <p class='ocr_par' dir='ltr' id='par_1_79' title="bbox 459 4865 1452 4951">
     <span class='ocr_line' id='line_1_79' title="bbox 459 4865 1452 4951; baseline -0.014 -19"><span class='ocrx_word' id='word_1_562' title='bbox 459 4883 795 4951; x_wconf 78' lang='grc' dir='ltr'><strong>Προφητικῆς</strong></span> <span class='ocrx_word' id='word_1_563' title='bbox 822 4871 1081 4945; x_wconf 80' lang='grc' dir='ltr'><strong>πλήρωμα</strong></span> <span class='ocrx_word' id='word_1_564' title='bbox 1109 4865 1452 4939; x_wconf 81' lang='grc' dir='ltr'><strong>θεσπιῳδίας,</strong></span> 
     </span>
    </p>
   </div>
   <div class='ocr_carea' id='block_1_80' title="bbox 1890 4865 3488 4951">
    <p class='ocr_par' dir='ltr' id='par_1_80' title="bbox 2165 4870 3488 4944">
     <span class='ocr_line' id='line_1_80' title="bbox 2165 4870 3488 4944; baseline 0.002 -18"><span class='ocrx_word' id='word_1_565' title='bbox 2165 4871 2526 4944; x_wconf 70' lang='lat' dir='ltr'><strong><em>Propheticae</em></strong></span> <span class='ocrx_word' id='word_1_566' title='bbox 2551 4870 3007 4943; x_wconf 90' lang='lat' dir='ltr'><strong><em>implementum</em></strong></span> <span class='ocrx_word' id='word_1_567' title='bbox 3029 4871 3488 4942; x_wconf 87' lang='lat' dir='ltr'><strong><em>vaticinationis,</em></strong></span> 
     </span>
    </p>
   </div>
   <div class='ocr_carea' id='block_1_81' title="bbox 457 4953 2055 5035">
    <p class='ocr_par' dir='ltr' id='par_1_81' title="bbox 457 4953 1595 5035">
     <span class='ocr_line' id='line_1_81' title="bbox 457 4953 1595 5035; baseline -0.012 -14"><span class='ocrx_word' id='word_1_568' title='bbox 457 4974 560 5028; x_wconf 86' lang='grc' dir='ltr'><strong><em>Τῆς</em></strong></span> <span class='ocrx_word' id='word_1_569' title='bbox 588 4961 814 5024; x_wconf 78' lang='grc' dir='ltr'><strong>ἐπτάδος</strong></span> <span class='ocrx_word' id='word_1_570' title='bbox 838 4966 1074 5035; x_wconf 84' lang='grc' dir='ltr'><strong>μέρισμα</strong></span> <span class='ocrx_word' id='word_1_571' title='bbox 1100 4963 1189 5010; x_wconf 83' lang='grc' dir='ltr'><strong>καὶ</strong></span> <span class='ocrx_word' id='word_1_572' title='bbox 1227 4966 1322 5019; x_wconf 84' lang='grc' dir='ltr'><strong>τῆς</strong></span> <span class='ocrx_word' id='word_1_573' title='bbox 1351 4953 1595 5025; x_wconf 83' lang='grc' dir='ltr'><strong>όκτοίδος,</strong></span> 
     </span>
    </p>
   </div>
   <div class='ocr_carea' id='block_1_82' title="bbox 1703 4953 3301 5035">
    <p class='ocr_par' dir='ltr' id='par_1_82' title="bbox 2163 4957 3301 5032">
     <span class='ocr_line' id='line_1_82' title="bbox 2163 4957 3301 5032; baseline 0.001 -16"><span class='ocrx_word' id='word_1_574' title='bbox 2163 4959 2491 5032; x_wconf 89' lang='lat' dir='ltr'><strong><em>Septenarii</em></strong></span> <span class='ocrx_word' id='word_1_575' title='bbox 2508 4957 2886 5027; x_wconf 84' lang='lat' dir='ltr'><strong><em>divisionem,</em></strong></span> <span class='ocrx_word' id='word_1_576' title='bbox 2908 4965 2968 5016; x_wconf 89' lang='lat' dir='ltr'><strong><em>et</em></strong></span> <span class='ocrx_word' id='word_1_577' title='bbox 2994 4961 3301 5030; x_wconf 90' lang='lat' dir='ltr'><strong><em>octenarii,</em></strong></span> 
     </span>
    </p>
   </div>
   <div class='ocr_carea' id='block_1_83' title="bbox 458 5043 2056 5130">
    <p class='ocr_par' dir='ltr' id='par_1_83' title="bbox 458 5043 1470 5130">
     <span class='ocr_line' id='line_1_83' title="bbox 458 5043 1470 5130; baseline -0.015 -18"><span class='ocrx_word' id='word_1_578' title='bbox 458 5058 519 5112; x_wconf 88' lang='grc' dir='ltr'><strong>Εἰ</strong></span> <span class='ocrx_word' id='word_1_579' title='bbox 538 5061 608 5130; x_wconf 82' lang='grc' dir='ltr'><strong><em>μή</em></strong></span> <span class='ocrx_word' id='word_1_580' title='bbox 637 5075 716 5116; x_wconf 88' lang='grc' dir='ltr'><strong><em>τις</em></strong></span> <span class='ocrx_word' id='word_1_581' title='bbox 741 5052 898 5109; x_wconf 78' lang='grc' dir='ltr'><strong>ἄλλην</strong></span> <span class='ocrx_word' id='word_1_582' title='bbox 925 5049 1074 5109; x_wconf 82' lang='grc' dir='ltr'><strong>ἄλλος</strong></span> <span class='ocrx_word' id='word_1_583' title='bbox 1104 5043 1270 5100; x_wconf 81' lang='grc' dir='ltr'><strong>ἐπτάδ</strong></span> <span class='ocrx_word' id='word_1_584' title='bbox 1275 5067 1308 5098; x_wconf 90' lang='grc' dir='ltr'><strong>α</strong></span> <span class='ocrx_word' id='word_1_585' title='bbox 1334 5046 1470 5118; x_wconf 80' lang='grc' dir='ltr'><strong>λέγει</strong></span> 
     </span>
    </p>
   </div>
   <div class='ocr_carea' id='block_1_84' title="bbox 2094 5043 3692 5130">
    <p class='ocr_par' dir='ltr' id='par_1_84' title="bbox 2166 5047 3692 5123">
     <span class='ocr_line' id='line_1_84' title="bbox 2166 5047 3692 5123; baseline 0.001 -18"><span class='ocrx_word' id='word_1_586' title='bbox 2166 5050 2285 5106; x_wconf 88' lang='lat' dir='ltr'><strong><em>Nisi</em></strong></span> <span class='ocrx_word' id='word_1_587' title='bbox 2313 5048 2447 5121; x_wconf 90' lang='lat' dir='ltr'><strong><em>quis</em></strong></span> <span class='ocrx_word' id='word_1_588' title='bbox 2468 5047 2619 5103; x_wconf 91' lang='lat' dir='ltr'><strong><em>alius</em></strong></span> <span class='ocrx_word' id='word_1_589' title='bbox 2645 5048 2829 5103; x_wconf 89' lang='lat' dir='ltr'><strong><em>alium</em></strong></span> <span class='ocrx_word' id='word_1_590' title='bbox 2851 5050 3020 5105; x_wconf 86' lang='lat' dir='ltr'><strong><em>malit</em></strong></span> <span class='ocrx_word' id='word_1_591' title='bbox 3043 5050 3453 5123; x_wconf 88' lang='lat' dir='ltr'><strong><em>septenarium</em></strong></span> <span class='ocrx_word' id='word_1_592' title='bbox 3473 5050 3692 5118; x_wconf 89' lang='lat' dir='ltr'><strong><em>dicere,</em></strong></span> 
     </span>
    </p>
   </div>
   <div class='ocr_carea' id='block_1_85' title="bbox 456 5134 2054 5211">
    <p class='ocr_par' dir='ltr' id='par_1_85' title="bbox 456 5134 1480 5207">
     <span class='ocr_line' id='line_1_85' title="bbox 456 5134 1480 5207; baseline -0.014 -8"><span class='ocrx_word' id='word_1_593' title='bbox 456 5152 557 5205; x_wconf 81' lang='grc' dir='ltr'><strong><em>Τὴν</em></strong></span> <span class='ocrx_word' id='word_1_594' title='bbox 588 5141 904 5198; x_wconf 81' lang='grc' dir='ltr'><strong>ἑπτάκαυλον</strong></span> <span class='ocrx_word' id='word_1_595' title='bbox 925 5134 1209 5194; x_wconf 79' lang='grc' dir='ltr'><strong>συνοδικὴν</strong></span> <span class='ocrx_word' id='word_1_596' title='bbox 1237 5135 1480 5207; x_wconf 80' lang='grc' dir='ltr'><strong>λυχνίαν,</strong></span> 
     </span>
    </p>
   </div>
   <div class='ocr_carea' id='block_1_86' title="bbox 2003 5134 3601 5211">
    <p class='ocr_par' dir='ltr' id='par_1_86' title="bbox 2171 5135 3601 5211">
     <span class='ocr_line' id='line_1_86' title="bbox 2171 5135 3601 5211; baseline -0.001 -16"><span class='ocrx_word' id='word_1_597' title='bbox 2171 5137 2627 5210; x_wconf 87' lang='lat' dir='ltr'><strong><em>Septemplicem</em></strong></span> <span class='ocrx_word' id='word_1_598' title='bbox 2650 5135 2818 5193; x_wconf 87' lang='lat' dir='ltr'><strong><em>illam</em></strong></span> <span class='ocrx_word' id='word_1_599' title='bbox 2845 5139 3204 5209; x_wconf 83' lang='lat' dir='ltr'><strong><em>synodicam</em></strong></span> <span class='ocrx_word' id='word_1_600' title='bbox 3230 5139 3601 5211; x_wconf 82' lang='lat' dir='ltr'><strong><em>lampadem,</em></strong></span> 
     </span>
    </p>
   </div>
   <div class='ocr_carea' id='block_1_87' title="bbox 456 5224 2054 5300">
    <p class='ocr_par' dir='ltr' id='par_1_87' title="bbox 456 5224 1446 5300">
     <span class='ocr_line' id='line_1_87' title="bbox 456 5224 1446 5300; baseline -0.01 -12"><span class='ocrx_word' id='word_1_601' title='bbox 456 5243 603 5293; x_wconf 86' lang='grc' dir='ltr'><strong>Ἥτις</strong></span> <span class='ocrx_word' id='word_1_602' title='bbox 632 5229 825 5300; x_wconf 74' lang='grc' dir='ltr'><strong>ἀνῆψεν</strong></span> <span class='ocrx_word' id='word_1_603' title='bbox 854 5224 960 5278; x_wconf 85' lang='grc' dir='ltr'><strong>ὧδε</strong></span> <span class='ocrx_word' id='word_1_604' title='bbox 989 5228 1247 5279; x_wconf 88' lang='grc' dir='ltr'><strong>σωστικὸν</strong></span> <span class='ocrx_word' id='word_1_605' title='bbox 1279 5227 1446 5284; x_wconf 71' lang='grc' dir='ltr'><strong>σέλας.</strong></span> 
     </span>
    </p>
   </div>
   <div class='ocr_carea' id='block_1_88' title="bbox 1989 5224 3587 5300">
    <p class='ocr_par' dir='ltr' id='par_1_88' title="bbox 2168 5227 3587 5298">
     <span class='ocr_line' id='line_1_88' title="bbox 2168 5227 3587 5298; baseline 0.001 -16"><span class='ocrx_word' id='word_1_606' title='bbox 2168 5229 2312 5294; x_wconf 64' lang='lat' dir='ltr'><strong><em>Qum</em></strong></span> <span class='ocrx_word' id='word_1_607' title='bbox 2337 5241 2519 5298; x_wconf 89' lang='lat' dir='ltr'><strong><em>super</em></strong></span> <span class='ocrx_word' id='word_1_608' title='bbox 2541 5241 2653 5281; x_wconf 89' lang='lat' dir='ltr'><strong><em>nos</em></strong></span> <span class='ocrx_word' id='word_1_609' title='bbox 2673 5227 2947 5283; x_wconf 86' lang='lat' dir='ltr'><strong><em>accendit</em></strong></span> <span class='ocrx_word' id='word_1_610' title='bbox 2971 5229 3054 5284; x_wconf 88' lang='lat' dir='ltr'><strong><em>ita</em></strong></span> <span class='ocrx_word' id='word_1_611' title='bbox 3075 5227 3334 5284; x_wconf 84' lang='lat' dir='ltr'><strong><em>salutare</em></strong></span> <span class='ocrx_word' id='word_1_612' title='bbox 3359 5227 3587 5284; x_wconf 88' lang='lat' dir='ltr'><strong><em>lumen.</em></strong></span> 
     </span>
    </p>
   </div>
   <div class='ocr_carea' id='block_1_89' title="bbox 532 5311 3772 5387">
    <p class='ocr_par' dir='ltr' id='par_1_89' title="bbox 532 5311 3772 5387">
     <span class='ocr_line' id='line_1_89' title="bbox 532 5311 3772 5387; baseline -0.001 -10"><span class='ocrx_word' id='word_1_613' title='bbox 532 5320 729 5377; x_wconf 84' lang='lat' dir='ltr'><strong><em>Codex</em></strong></span> <span class='ocrx_word' id='word_1_614' title='bbox 759 5319 996 5373; x_wconf 66' lang='lat' dir='ltr'><strong><em>Grmcus</em></strong></span> <span class='ocrx_word' id='word_1_615' title='bbox 1018 5315 1370 5370; x_wconf 85' lang='lat' dir='ltr'><strong><em>chartaceus</em></strong></span> <span class='ocrx_word' id='word_1_616' title='bbox 1399 5329 1517 5368; x_wconf 88' lang='lat' dir='ltr'><strong><em>ms.</em></strong></span> <span class='ocrx_word' id='word_1_617' title='bbox 1553 5313 1616 5369; x_wconf 86' lang='lat' dir='ltr'><strong><em>in</em></strong></span> <span class='ocrx_word' id='word_1_618' title='bbox 1641 5311 1743 5371; x_wconf 81' lang='lat' dir='ltr'><strong><em>fol.</em></strong></span> <span class='ocrx_word' id='word_1_619' title='bbox 1767 5333 1906 5374; x_wconf 71' lang='lat' dir='ltr'><strong><em>sine.</em></strong></span> <span class='ocrx_word' id='word_1_620' title='bbox 1932 5317 2144 5387; x_wconf 83' lang='lat' dir='ltr'><strong><em>XIll,in</em></strong></span> <span class='ocrx_word' id='word_1_621' title='bbox 2171 5317 2346 5387; x_wconf 82' lang='lat' dir='ltr'><strong><em>cujus</em></strong></span> <span class='ocrx_word' id='word_1_622' title='bbox 2367 5315 2580 5370; x_wconf 85' lang='lat' dir='ltr'><strong><em>ultima</em></strong></span> <span class='ocrx_word' id='word_1_623' title='bbox 2608 5315 2854 5386; x_wconf 85' lang='lat' dir='ltr'><strong><em>pagina,</em></strong></span> <span class='ocrx_word' id='word_1_624' title='bbox 2881 5315 3106 5372; x_wconf 89' lang='lat' dir='ltr'><strong><em>codicis</em></strong></span> <span class='ocrx_word' id='word_1_625' title='bbox 3125 5316 3543 5387; x_wconf 85' lang='lat' dir='ltr'><strong><em>integumento</em></strong></span> <span class='ocrx_word' id='word_1_626' title='bbox 3563 5313 3772 5386; x_wconf 75' lang='lat' dir='ltr'><strong><em>afﬁxa,</em></strong></span> 
     </span>
    </p>
   </div>
   <div class='ocr_carea' id='block_1_90' title="bbox 463 5402 2061 5479">
    <p class='ocr_par' dir='ltr' id='par_1_90' title="bbox 463 5402 2058 5478">
     <span class='ocr_line' id='line_1_90' title="bbox 463 5402 2058 5478; baseline -0.008 -8"><span class='ocrx_word' id='word_1_627' title='bbox 463 5412 543 5470; x_wconf 90' lang='lat' dir='ltr'><strong><em>ab</em></strong></span> <span class='ocrx_word' id='word_1_628' title='bbox 573 5407 806 5472; x_wconf 86' lang='lat' dir='ltr'><strong><em>eadem,</em></strong></span> <span class='ocrx_word' id='word_1_629' title='bbox 839 5408 906 5459; x_wconf 89' lang='lat' dir='ltr'><strong><em>ut</em></strong></span> <span class='ocrx_word' id='word_1_630' title='bbox 930 5402 1184 5467; x_wconf 86' lang='lat' dir='ltr'><strong><em>videtur,</em></strong></span> <span class='ocrx_word' id='word_1_631' title='bbox 1216 5416 1407 5457; x_wconf 89' lang='lat' dir='ltr'><strong><em>manu</em></strong></span> <span class='ocrx_word' id='word_1_632' title='bbox 1433 5406 1709 5460; x_wconf 87' lang='lat' dir='ltr'><strong><em>notatum</em></strong></span> <span class='ocrx_word' id='word_1_633' title='bbox 1735 5405 1990 5478; x_wconf 81' lang='lat' dir='ltr'><strong><em>legitur:</em></strong></span> <span class='ocrx_word' id='word_1_634' title='bbox 2019 5413 2058 5461; x_wconf 79' lang='grc' dir='ltr'><strong>Β</strong></span> 
     </span>
    </p>
   </div>
   <div class='ocr_carea' id='block_1_91' title="bbox 2176 5402 3774 5479">
    <p class='ocr_par' dir='ltr' id='par_1_91' title="bbox 2176 5405 3774 5479">
     <span class='ocr_line' id='line_1_91' title="bbox 2176 5405 3774 5479; baseline 0.002 -20"><span class='ocrx_word' id='word_1_635' title='bbox 2176 5426 2219 5460; x_wconf 67' lang='grc' dir='ltr'><strong>»ν</strong></span> <span class='ocrx_word' id='word_1_636' title='bbox 2242 5425 2334 5458; x_wconf 90' lang='grc' dir='ltr'><strong><em>του</em></strong></span> <span class='ocrx_word' id='word_1_637' title='bbox 2355 5410 2508 5456; x_wconf 82' lang='grc' dir='ltr'><strong>παπά</strong></span> <span class='ocrx_word' id='word_1_638' title='bbox 2535 5408 2721 5477; x_wconf 84' lang='grc' dir='ltr'><strong>κυρίου</strong></span> <span class='ocrx_word' id='word_1_639' title='bbox 2741 5407 2956 5477; x_wconf 78' lang='grc' dir='ltr'><strong>Μάρκου</strong></span> <span class='ocrx_word' id='word_1_640' title='bbox 2987 5424 3080 5458; x_wconf 89' lang='grc' dir='ltr'><strong><em>του</em></strong></span> <span class='ocrx_word' id='word_1_641' title='bbox 3109 5425 3491 5478; x_wconf 78' lang='grc' dir='ltr'><strong>πνευματικόν.</strong></span> <span class='ocrx_word' id='word_1_642' title='bbox 3523 5405 3774 5479; x_wconf 74' lang='lat' dir='ltr'><strong><em>Constat</em></strong></span> 
     </span>
    </p>
   </div>
   <div class='ocr_carea' id='block_1_92' title="bbox 467 5483 2344 5566">
    <p class='ocr_par' dir='ltr' id='par_1_92' title="bbox 467 5483 2344 5566">
     <span class='ocr_line' id='line_1_92' title="bbox 467 5483 2344 5566; baseline -0.018 -8"><span class='ocrx_word' id='word_1_643' title='bbox 467 5497 625 5558; x_wconf 87' lang='lat' dir='ltr'><strong><em>foliis</em></strong></span> <span class='ocrx_word' id='word_1_644' title='bbox 648 5493 886 5566; x_wconf 81' lang='lat' dir='ltr'><strong><em>scriptis</em></strong></span> <span class='ocrx_word' id='word_1_645' title='bbox 908 5495 1033 5546; x_wconf 78' lang='lat'><strong><em>385.</em></strong></span> <span class='ocrx_word' id='word_1_646' title='bbox 2335 5483 2344 5486; x_wconf 80' lang='lat'><strong><em>‘</em></strong></span> 
     </span>
    </p>
   </div>
   <div class='ocr_carea' id='block_1_93' title="bbox 534 5577 3126 5663">
    <p class='ocr_par' dir='ltr' id='par_1_93' title="bbox 534 5577 3126 5663">
     <span class='ocr_line' id='line_1_93' title="bbox 534 5577 3126 5663; baseline 0 -20"><span class='ocrx_word' id='word_1_647' title='bbox 534 5587 614 5663; x_wconf 79' lang='grc'><strong><em>(4)</em></strong></span> <span class='ocrx_word' id='word_1_648' title='bbox 654 5583 766 5642; x_wconf 88' lang='lat' dir='ltr'><strong><em>Ubi</em></strong></span> <span class='ocrx_word' id='word_1_649' title='bbox 793 5584 1021 5656; x_wconf 85' lang='lat' dir='ltr'><strong><em>puncta</em></strong></span> <span class='ocrx_word' id='word_1_650' title='bbox 1047 5577 1151 5637; x_wconf 87' lang='lat' dir='ltr'><strong><em>illa</em></strong></span> <span class='ocrx_word' id='word_1_651' title='bbox 1167 5578 1513 5652; x_wconf 79' lang='lat' dir='ltr'><strong><em>interposita</em></strong></span> <span class='ocrx_word' id='word_1_652' title='bbox 1537 5582 1733 5657; x_wconf 86' lang='lat' dir='ltr'><strong><em>vides,</em></strong></span> <span class='ocrx_word' id='word_1_653' title='bbox 1761 5584 1847 5644; x_wconf 87' lang='lat' dir='ltr'><strong><em>ibi</em></strong></span> <span class='ocrx_word' id='word_1_654' title='bbox 1865 5587 2054 5646; x_wconf 86' lang='lat' dir='ltr'><strong><em>verba</em></strong></span> <span class='ocrx_word' id='word_1_655' title='bbox 2074 5586 2251 5645; x_wconf 85' lang='lat' dir='ltr'><strong><em>tineis</em></strong></span> <span class='ocrx_word' id='word_1_656' title='bbox 2289 5599 2538 5642; x_wconf 81' lang='lat' dir='ltr'><strong><em>corrosa.</em></strong></span> <span class='ocrx_word' id='word_1_657' title='bbox 2566 5587 2706 5640; x_wconf 84' lang='lat' dir='ltr'><strong><em>sunt</em></strong></span> <span class='ocrx_word' id='word_1_658' title='bbox 2729 5599 2800 5642; x_wconf 87' lang='lat' dir='ltr'><strong><em>ac</em></strong></span> <span class='ocrx_word' id='word_1_659' title='bbox 2829 5585 3126 5643; x_wconf 89' lang='lat' dir='ltr'><strong><em>mutilata.</em></strong></span> 
     </span>
    </p>
   </div>
  </div>
