4046 6310
113 333 116 336 .
281 334 286 336 .
789 331 794 334 -
921 337 924 340 ,
1041 331 1044 336 ν
1687 323 1771 374 δέει*
1803 331 1814 342 σ
1845 331 1854 338 ι
1967 327 1979 376 !
2427 337 2432 341 -
3359 339 3366 348 1
3392 340 3434 383 ιε

1381 548 1544 589 CIRCA
1583 547 1793 589 INITIUM
1832 547 2044 591 SECULI
2080 550 2178 590 XIII

1226 771 2332 920 GB/ECOBUM

102 1020 270 1274 in
335 1091 1409 1280 INNOCENTIUM
1465 1097 1638 1280 ιιι
1705 1087 2622 1282 PONTIFICEM
2690 1100 3458 1285 ROMANUM

1341 1406 1344 1408 ⁷
1435 1455 2133 1578 EPISTOLA

388 1666 704 1722 SCRIPTA
743 1667 918 1724 POST
957 1669 1230 1725 CAPTAM
1267 1673 1314 1724 Α
1353 1670 1716 1797 ιΑΤιἪρίέε

1826 1671 2377 1798 ἶἸόιῖἶῐέΤΙΝΟΡΟΙΛΜ,
2416 1674 2785 1729 REGNANTE
2825 1675 3124 1730 HENRICO

841 1917 946 1987 (Ex
970 1919 1140 1974 Joan.
1178 1919 1344 1990 Bapt.
1375 1917 1639 1974 Cotelerii
1667 1921 1924 1976 Monum.
1960 1918 2113 1976 Eccl.
2149 1921 2386 1988 Graeca,
2422 1924 2567 1976 tom.
2595 1921 2710 1991 ΙΙΙ).

163 2287 403 2352 Δέσποτα,
477 2287 526 2338 εἰ
589 2292 666 2359 μὴ
717 2293 812 2346 τὴν
854 2297 945 2342 τοῦ
995 2289 1259 2362 μέλλοντος
1313 2293 1450 2344 θείου
1495 2290 1703 2344 Σαϐϐά-

1885 2292 2153 2358 Domine,
2203 2291 2319 2347 nisi
2372 2293 2664 2348 sciremus
2719 2297 3074 2365 praesentem
3121 2294 3305 2350 vitam
3331 2310 3464 2351 esse

115 2390 187 2423 του
241 2379 600 2450 Παρασκευὴν
657 2381 754 2435 τὴν
806 2387 1076 2452 παροῦσαν
1143 2381 1281 2441 ζωὴν
1333 2381 1740 2454 ἐγινώσκομενν-

116 2465 272 2532 γοερὰν
365 2464 429 2516 ἆν
509 2464 798 2539 ἐπλέξαμεν
867 2473 996 2543 πρὸς
1093 2490 1151 2522 σε
1218 2470 1540 2544 τραγῳδίαν,
1617 2479 1705 2527 καὶ

118 2550 289 2622 θρήνοις
342 2562 576 2626 μακροῖς
618 2563 711 2606 τοῦ
776 2560 887 2608 νέου
952 2557 1080 2610 λαοῦ
1127 2565 1221 2618 τὴν
1294 2562 1488 2614 ἅλωσιν
1559 2559 1707 2614 ὠδυ-

118 2639 307 2707 ράμεθα.
373 2642 520 2694 Ἐπεὶ
581 2639 644 2696 δὲ
709 2645 877 2706 καλῶς
927 2647 1323 2722 ἐπιστεύσαμεν,
1375 2655 1441 2713 ὡς
1491 2655 1709 2704 πάντοτε

121 2735 374 2802 συμπαρὼν
432 2733 570 2804 ἡμῖν
619 2734 644 2783 6
695 2739 937 2807 Χριστος,
988 2742 1082 2795 τὴν
1123 2741 1353 2809 φθαρτὴν
1395 2743 1539 2812 ἡμῶν
1577 2745 1708 2793 ταύ-

120 2835 192 2871 τιςν
243 2819 376 2878 ζωὴν
431 2825 576 2896 πρὸς
629 2823 722 2880 τὴν
783 2825 1045 2898 ἄφθαρτον
1107 2827 1301 2886 ἐκείνην
1367 2831 1710 2901 μεταπλαττει

122 2910 193 2956 καὶ
236 2912 527 2980 κρείττονα,
587 2907 708 2964 ίὸοὐ
762 2914 1155 2987 συντριϐομινοι
1217 2914 1310 2970 διὰ
1373 2924 1466 2976 τὴν
1524 2920 1593 2981 εἰς
1650 2923 1709 2972 τὸ

125 3003 320 3065 κρεῖττον
386 2999 693 3052 ἀνάπλασιν
761 3009 1018 3075 χαίρομεν
1054 3025 1066 3037 ⁸

1145 3007 1559 3080 εὐχαριστοῦμεν
1652 3005 1712 3061 δὲ

125 3087 195 3131 καὶ
262 3083 398 3154 αὐτῷ
476 3095 554 3157 τῷ
625 3089 739 3158 μεθ’

815 3092 980 3162 ἡμῶν,
1050 3098 1139 3146 καὶ
1195 3095 1348 3146 πάλιν
1406 3097 1532 3167 ὑπὲρ
1565 3098 1709 3167 ἡμῶν

129 3173 279 3222 παθεῖν
347 3174 573 3246 ἂομένῳ
633 3184 882 3250 Χριστῷ·
949 3181 1008 3232 οὗ
1073 3185 1174 3255 γὰρ
1234 3183 1508 3257 ἁρπαγμὸν
1567 3188 1708 3255 ἡγή-

131 3276 234 3311 σατο
259 3264 311 3313 τὸ
350 3268 776 3336 προσκυνεῖσθαι
826 3272 922 3320 ἶσα
959 3278 1030 3340 τῷ
1071 3279 1184 3342 Θεῷ
1216 3277 1306 3324 καὶ
1339 3279 1535 3346 Πατρί·
1580 3272 1710 3326 αλλὰ

132 3353 203 3399 καὶ
269 3350 418 3403 πάλιν
490 3354 624 3406 ἑκὼν
687 3353 983 3430 παρεδόθη,
1043 3365 1134 3412 καὶ
1205 3365 1299 3413 σὺν
1364 3363 1490 3433 ἡμῖν
1557 3361 1711 3424 ἁλοὺς

133 3434 384 3498 ἐσκυλεύθη
468 3448 565 3496 καὶ
651 3439 926 3517 ἀπηνέχθη
999 3455 1089 3500 καὶ
1162 3446 1454 3523 παρεδόθη,
1512 3457 1603 3504 καὶ
1654 3455 1711 3503 τὸ

138 3534 265 3599 σῶμα
304 3531 463 3584 αὐτοῦ
522 3539 618 3586 καὶ
656 3539 714 3586 ⁴νὸ
777 3539 908 3609 αἷμα
961 3541 1094 3610 πρὸς
1138 3545 1232 3598 τὴν
1274 3549 1374 3611 γῆν
1428 3545 1586 3594 πεσὸν
1623 3546 1713 3594 καὶ

1813 2383 1996 2440 futuri
2032 2381 2219 2437 divini
2261 2381 2505 2438 Sabbati
2535 2385 2922 2448 Parasceven,
2952 2383 3273 2454 lugubrem
3297 2384 3376 2440 ad
3406 2389 3465 2440 te

1814 2470 2173 2542 tragoediam
2189 2471 2726 2526 concinnassemus
2736 2513 2749 2534 ,
2761 2470 3081 2543 longisque
3091 2471 3468 2528 lamentatio-

1815 2560 1997 2616 nibus
2012 2559 2152 2615 novi
2177 2557 2384 2631 populi
2409 2557 2813 2629 captivitatem
2834 2558 3302 2616 deﬂevissemus.
3317 2559 3468 2625 Quia

1815 2666 1958 2705 vero
1995 2649 2149 2705 bene
2184 2647 2567 2703 credidimus.
2612 2647 2930 2717 Christum,
2963 2649 3067 2720 qui
3096 2650 3273 2706 nobis
3315 2665 3468 2704 sem-

1816 2755 1924 2812 per
1963 2738 2217 2804 adsistit,
2265 2736 2581 2793 mortalem
2637 2737 2796 2793 hanc
2847 2743 3118 2794 nostram
3163 2739 3350 2794 vitam
3387 2738 3469 2794 ad

1816 2825 2217 2884 immortalem
2243 2826 2407 2881 illam
2432 2831 2489 2880 et
2508 2827 2982 2896 praestantiorem
3008 2827 3467 2894 transformare;

1817 2933 1953 2972 ecce
2001 2915 2256 2980 contriti,
2311 2919 2554 2986 propter
2600 2915 3084 2972 reformationem
3130 2917 3192 2971 in
3230 2916 3466 2981 melius,

1816 3005 2128 3072 ltetamur;
2179 3003 2284 3058 sed
2314 3008 2372 3058 et
2413 3005 2650 3072 agimus
2680 3005 2902 3074 gratias
2941 3005 3053 3075 ipsi
3085 3005 3331 3073 Christo,
3362 3004 3470 3076 qui

1817 3094 2133 3150 nobiscum
2186 3098 2295 3147 est.
2342 3092 2679 3163 iterumque
2730 3107 2840 3163 pro
2889 3093 3064 3148 nobis
3093 3093 3214 3163 pati
3261 3091 3464 3148 voluit.

1818 3187 1947 3240 Non
1971 3182 2132 3238 enim
2157 3181 2435 3252 rapinam
2457 3180 2778 3236 arbitratus
2799 3181 3142 3237 estadorari
3161 3180 3472 3253 aequaliter

1819 3288 1959 3328 cum
1990 3272 2108 3326 Deo
2137 3277 2195 3326 et
2219 3273 2424 3335 Patre;
2469 3285 2678 3324 verum
2711 3270 2925 3324 iterum
2964 3275 3177 3341 sponte
3217 3270 3471 3326 traditus

1820 3368 1939 3430 est;
1971 3365 2028 3416 et
2056 3359 2376 3416 nobiscum
2409 3358 2950 3430 captus,spolia‘tus
2979 3365 3068 3415 est
3093 3361 3134 3426 ί,
3169 3358 3469 3415 abductus

1820 3468 1892 3508 ac
1947 3449 2242 3523 proditus,
2282 3447 2591 3520 ipsiusque
2640 3463 2859 3521 corpus
2909 3454 2967 3504 et
3003 3449 3361 3519 sanguinem
3409 3448 3474 3504 in

1820 3544 2039 3596 terram
2072 3537 2421 3607 dejecerunt
2444 3551 2516 3592 ac
2542 3534 2903 3606 effuderunt,
2940 3542 3122 3609 atque
3155 3536 3474 3593 conculca-

134 3634 183 3686 ρυ
230 3620 273 3670 ὲν
309 3619 568 3690 ἐπατήθη,
617 3627 706 3676 καὶ
743 3628 913 3680 πάντα
959 3629 1241 3700 ὑπέμεινεν,
1302 3631 1385 3682 ἶνα
1457 3635 1574 3691 τοὺς
1617 3627 1713 3682 δύο

1826 3632 2064 3694 verunt;
2096 3640 2332 3681 necnon
2362 3629 2579 3681 cuncta
2608 3625 2908 3693 sustinuit,
2941 3630 3007 3680 ut
3033 3624 3188 3681 duos
3215 3624 3476 3698 populos

137 3706 315 3792 συνάψῃ
388 3709 572 3778 λαοὺς,
631 3710 935 3778 ἀποκτείνας
983 3721 1076 3775 τὴν
1129 3720 1399 3792 ἔχθραν,ᾖ
1430 3718 1619 3791 μᾶλλον
1654 3723 1714 3771 τό

139 3792 194 3853 εἰς
232 3791 320 3848 δύο
363 3803 594 3870 σχισθὲν
662 3802 820 3855 αὑτοῦ
897 3813 1069 3878 σῶμα,
1130 3807 1293 3880 ἐνώσῃ
1351 3807 1502 3860 πάλιν
1529 3808 1600 3868 εἰς
1630 3809 1710 3860 ἕν’

140 3902 160 3926 ε’
202 3888 279 3944 Τίς
342 3893 522 3960 σοφὸς,
603 3896 694 3943 καὶ
763 3893 974 3964 φυλάξει
1024 3903 1210 3947 ταῦτα.
1281 3902 1368 3958 Τίς
1435 3899 1628 3965 ἱκανὸς,
1683 3918 1714 3946 ››

138 3975 209 4058 fui
269 3978 359 4033 τὴν
407 3977 479 4038 εἰς
546 3981 687 4051 ἡμᾶς
761 3983 1086 4054 θαυμάσεται
1144 3987 1282 4038 θείαν
1344 3989 1714 4058 προμήθειαν;

154 4062 364 4116 Ἐντεῦθεν
405 4069 537 4140 ἡμῖν
605 4069 768 4140 γλυκὺ
843 4077 902 4124 τὸ
965 4073 1176 4141 ἁλῶναι,
1235 4073 1343 4133 ἡδὺ
1397 4080 1455 4128 τὸ
1511 4078 1713 4142 παθεῖν,

142 4154 214 4238 ttat
263 4156 317 4204 τὸ
364 4156 868 4229 αἰχμαλωτισθῆναι
906 4163 1048 4233 φίλον
1087 4170 1177 4218 καὶ
1214 4167 1420 4238 χάριεν.
1466 4173 1581 4227 Πῶς
1614 4168 1716 4236 γὰρ

143 4238 378 4313 εμεὫομεν
426 4254 542 4308 τοῖς
597 4245 840 4320 ἀδελφαῖς
909 4253 1054 4324 ἡμῶν
1117 4253 1388 4322 ἐνωθῆναι,
1455 4256 1526 4315 οἷς
1596 4250 1720 4306 οὐδὲ

146 4331 513 4421 τξροσομιλῆσαι
580 4342 703 4409 πρὶν
779 4339 1142 4412 ἠνεσχόμεθα;
1224 4341 1377 4395 Ἀλλά
1449 4339 1593 4394 δεινά
1655 4343 1721 4394 τὰ

149 4431 205 4474 εις
256 4421 382 4491 ἡμᾶς
435 4429 727 4496 γεγονότα;
786 4433 892 4480 Ναὶ
936 4432 1072 4482 πάνυ
1112 4427 1278 4499 δεινὰ,
1346 4434 1415 4492 ὡς
1477 4440 1577 4484 τῶν
1610 4439 1720 4484 Λα-

152 4520 274 4557 τινων
334 4514 421 4582 μὲν
467 4516 562 4575 τὰς
619 4514 806 4587 ψυχὰς
852 4517 1203 4591 λυμηνάμενοι,
1236 4529 1335 4573 τῶν
1377 4518 1720 4592 δέῬωμαίων

153 4609 205 4643 τα
258 4604 488 4671 σώματα.
556 4603 696 4662 Πλὴν
741 4607 766 4656 6
797 4607 1112 4679 παρακύψας
1144 4609 1214 4671 εἱς
1257 4612 1324 4661 τὰ
1364 4611 1475 4661 θεῖα
1516 4614 1721 4682 μυστή-

156 4698 227 4750 Ρια
265 4686 436 4756 ἄζηται
460 4695 529 4744 τὰ
555 4697 788 4766 κρίμα-ἀ
826 4703 916 4748 τοῦ
951 4705 1106 4763 Θεοῦ,
1140 4696 1426 4771 ἀμέτρητον
1465 4697 1720 4750 ἄϐυσσον.

157 4771 311 4827 "ubi.
360 4783 694 4854 πατριάρχαι
766 4789 856 4836 καὶ
913 4784 1148 4858 βασιλεῖς
1199 4787 1530 4858 ἐπεθύμησαν
1595 4783 1724 4839 ἰδεῖν

155 4863 227 4917 τήν
247 4865 426 4949 ἡμέραν
454 4873 671 4939 ταύτην,
707 4871 835 4926 ἀλλὰ
864 4879 958 4934 τὴν
987 4879 1149 4949 χάριν
1179 4880 1374 4935 ταύτην
1403 4877 1496 4929 οὐκ
1525 4875 1722 4928 ἔλαϐον.

1824 3718 2221 3780 connecteret,
2264 3713 2626 3770 interﬁciens
2672 3714 3014 3770 inimicitias
3043 3716 3086 3780 ³,
3124 3730 3232 3770 seu
3276 3712 3476 3786 potius

1824 3821 2044 3877 corpus
2075 3819 2252 3858 suum
2282 3803 2344 3858 in
2372 3801 2496 3857 duo
2523 3802 2782 3858 scissum
2802 3819 3010 3858 rursus
3029 3803 3091 3858 in
3113 3818 3302 3857 unum
3331 3815 3476 3856 con-

1820 3895 2098 3965 jungeret
2125 3898 2183 3948 et
2210 3891 2541 3948 adunaret:
2577 3912 2604 3941 ‹‹
2638 3891 2783 3956 Quis
2815 3891 3079 3962 sapiens,
3112 3895 3168 3947 et
3187 3889 3482 3946 custodiet

1825 3984 2048 4040 haec3?
2105 3981 2247 4046 Quis
2294 3979 2613 4046 idoneus‘,
2663 4002 2692 4029 κ
2744 3984 2801 4035 et
2841 3978 3112 4034 divinam
3168 3993 3314 4048 erga
3365 3992 3478 4034 nos

1826 4071 2263 4144 providentiam
2292 4068 2687 4124 admirabitur
2705 4070 2732 4124 ‘2
2763 4068 2985 4124 Dehinc
3004 4067 3180 4123 nobis
3203 4066 3378 4122 dulce
3392 4069 3483 4122 est

1829 4165 2037 4230 captos
2090 4158 2297 4224 fuisse,
2340 4173 2522 4213 suave
2577 4156 2723 4228 pati,
2772 4156 2835 4212 in
2879 4156 3288 4228 captivitatem
3341 4153 3483 4211 duci

1828 4263 2038 4306 carum
2082 4250 2140 4302 et
2188 4251 2446 4318 gratum.
2483 4246 2611 4311 Quo
2643 4246 2804 4301 enim
2829 4245 3014 4302 modo
3039 4260 3179 4301 cum
3199 4242 3483 4300 fratribus

1828 4335 2050 4393 nostris
2102 4335 2390 4390 unionem
2428 4333 2800 4403 fecissemus,
2844 4349 2984 4390 cum
3033 4333 3255 4406 quibus
3282 4345 3359 4387 ne
3386 4329 3484 4387 vel

1830 4425 2090 4498 colloqui
2111 4430 2290 4481 antea
2309 4423 2794 4480 sustinebamus?
2817 4423 2930 4480 Sed
2954 4422 3165 4492 gravia
3185 4425 3327 4477 sunt
3344 4436 3484 4493 quae

1831 4515 2125 4572 adversus
2147 4529 2258 4569 nos
2290 4518 2424 4569 acta
2454 4512 2616 4568 fuere
2634 4513 2661 4566 ‘I
2690 4511 2956 4567 Profecto
2973 4510 3152 4583 plane
3177 4511 3487 4581 gravia,ut

1832 4621 1968 4677 quae
1991 4603 2336 4660 Latinorum
2355 4601 2601 4674 quidem
2632 4601 2886 4668 animas,
2903 4603 3314 4657 Romanorum
3342 4611 3487 4655 vero

1833 4710 1942 4751 seu
1970 4696 2313 4751 Graecorum
2364 4705 2619 4763 corpora
2658 4689 3091 4747 labefactarint.
3137 4691 3354 4746 Verum
3383 4685 3490 4759 qui

1834 4785 1896 4840 in
1944 4782 2153 4839 divina
2208 4784 2435 4836 secreta
2475 4780 2917 4852 introspexerit,
2961 4779 3192 4852 judicia
3226 4776 3348 4844 Dei,
3373 4776 3487 4830 im-

1835 4886 2112 4928 mensam
2137 4868 2434 4941 abyssum
2462 4872 2894 4940 conspecturus
2922 4872 3031 4924 est.
3057 4865 3216 4922 Multi
3242 4862 3490 4935 patriar-

159 4952 229 5017 Συ,
264 4948 505 5028 δέσποτα,
543 4963 676 5033 μετὰ
700 4961 888 5023 πολλὰς
923 4967 1095 5035 γενεὰς
1126 4965 1356 5027 agmen;
1397 4968 1596 5026 ταύτης
1631 4971 1716 5025 τῆς

1836 4961 1965 5016 chaa
1995 4964 2053 5016 et
2081 4959 2472 5031 imperatores
2501 4956 2663 5012 diem
2700 4956 2864 5012 hunc
2890 4955 3092 5011 videre
3112 4951 3490 5010 desiderave-

162 5039 363 5114 χάριτος,
389 5045 687 5109 ἑνῶσαιτὴν
717 5051 996 5110 Ἀνατολὴν
1023 5059 1112 5106 καὶ
1147 5059 1240 5112 τὴν
1272 5056 1451 5116 Λύσιν,
1481 5059 1570 5105 καὶ
1595 5051 1725 5106 ἀπὸ·

166 5129 316 5216 ciale;
378 5137 813 5212 τρισκαιδέκατος
876 5144 1120 5212 γενέσθαι
1189 5150 1279 5196 καὶ
1352 5143 1723 5216 ὀνομάζεσθαι.

1835 5055 1994 5115 runt,
2037 5047 2142 5103 sed
2191 5063 2326 5103 eam
2385 5046 2640 5117 gratiam
2685 5061 2810 5101 non
2848 5049 2989 5100 sunt
3025 5041 3350 5098 consecuti.
3381 5043 3488 5108 Tu,

1837 5141 2100 5206 domine,
2167 5143 2304 5211 post
2367 5138 2588 5192 multas
2660 5135 3075 5206 generationes
3127 5133 3245 5188 hac
3297 5131 3492 5202 gratia

164 5212 345 5287 dignus
371 5225 614 5303 habitus
669 5244 756 5300 es,
819 5236 884 5286 ut
917 5231 1216 5288 Orientem
1255 5247 1327 5288 ac
1377 5212 1759 5288 Occidentem
1815 5230 2010 5298 unias,
2067 5232 2127 5285 et
2187 5227 2462 5284 decimus
2511 5226 2716 5283 tertius
2763 5221 3074 5296 apostolus
3129 5222 3241 5278 ﬁas
3275 5237 3348 5280 ac
3377 5237 3490 5279 no-

168 5306 389 5371 mineris.

225 5395 365 5464 Οἷδας
422 5404 496 5478 δὲ,
545 5413 686 5482 τίμιε
739 5406 994 5481 δέσποτα,
1055 5415 1116 5463 τὸ
1180 5413 1325 5486 παρὰ
1385 5417 1519 5463 Θεοῦ
1577 5406 1724 5461 δοθὲν

172 5493 259 5548 τοῖς
325 5491 605 5569 ἀνθρώποις
675 5505 931 5574 φρόνημα,
986 5506 1077 5553 καὶ
1146 5501 1226 5552 ὃτι
1273 5497 1620 5573 βουλομένων,
1666 5497 1726 5550 οὐ

1905 5407 2066 5463 Nosti
2113 5410 2335 5466 autem.
2389 5400 2742 5459 honorande
2800 5399 3068 5470 domine,
3099 5399 3236 5472 quis
3280 5416 3492 5456 sensus

1835 5494 2184 5552 hominibus
2209 5509 2246 5548 a
2267 5494 2386 5548 Deo
2402 5491 2579 5547 datus
2602 5489 2795 5561 fuerit,
2827 5489 3117 5562 quodque
3141 5487 3488 5557 volentium,

228 5621 244 5656 ¹
276 5623 511 5703 Philipp.
545 5645 608 5699 II,
640 5632 694 5685 6.
771 5629 794 5662 *
833 5613 1047 5700 Ephes.
1075 5639 1138 5696 ιι,
1173 5625 1256 5695 t5,
1285 5627 1369 5682 t6.
1445 5623 1470 5658 ³
1506 5620 1658 5680 Psal.
1684 5633 1790 5688 cu,
1827 5624 1918 5677 43.
1995 5619 2017 5654 ⁸
2054 5621 2102 5675 II
2131 5619 2261 5676 Cor.
2284 5619 2458 5686 11,16.
