4046 6310
541 284 648 351 295

546 505 843 559 mentum.
876 502 997 556 Hoc
1016 497 1177 556 enim
1206 497 1256 555 si
1288 497 1373 557 ita
1399 513 1523 556 non
1562 501 1738 569 esset,
1758 497 1927 572 ipsos
1955 511 2202 571 quoque

545 591 785 649 Iudaeos
805 587 1251 660 baptizaremus
1269 588 1503 645 invitos.
1520 586 1860 657 Quiaigitur
1878 587 1937 643 in
1955 585 2203 656 dogma-

546 681 710 739 tibus
739 693 985 753 pmnam
1010 677 1535 750 quidemirrogare
1547 682 1604 734 et
1623 691 1836 748 cogere
1866 674 2202 733 absurdum

547 774 657 843 est,
719 767 1074 826 facillimum
1123 766 1372 841 quippe,
1431 783 1503 824 ac
1541 766 1799 841 potentis
1841 762 2200 838 cujuslibet;

544 857 908 933 persuadere
946 861 1171 920 autem,
1210 857 1570 929 dogmatum
1599 856 1907 930 principiis
1954 854 2201 925 utendo,

546 947 692 1006 boni
721 946 832 1004 viri
869 950 959 1003 est
986 950 1045 1003 et
1072 944 1321 1003 colentis
1344 945 1689 1016 veritatem;
1719 944 2091 1003 electurusne
2115 960 2200 1014 es,

545 1036 810 1106 domine,
858 1034 1037 1092 nobis
1090 1035 1214 1092 vim
1277 1033 1511 1108 absque
1564 1037 1841 1093 examine
1891 1032 2202 1101 adhibere,

542 1132 838 1199 tanquam
887 1123 1081 1181 brutis
1136 1122 1567 1193 animantibus,
1622 1129 1689 1181 ut
1742 1127 2062 1194 mutemur,
2121 1135 2203 1181 an

543 1216 744 1290 potius
781 1227 1090 1270 sermones
1143 1219 1382 1270 nostros
1429 1212 1762 1285 admittere,
1802 1217 1861 1271 et
1907 1213 2203 1270 rationem

544 1305 997 1376 orationemque
1024 1301 1202 1360 nobis
1230 1302 1543 1376 impertiri,
1574 1318 1696 1376 quo
1725 1303 2071 1360 divinarum
2107 1322 2202 1363 re-

543 1409 681 1451 rum
731 1392 949 1449 veritas
999 1391 1376 1463 expendatur
1435 1396 1495 1448 et
1558 1398 1978 1463 cognoscatur.
2046 1395 2207 1461 Scito,

544 1496 833 1554 namque,
859 1497 896 1537 a
924 1479 1101 1537 nobis
1116 1479 1413 1553 posterius
1439 1479 1685 1553 probari
1709 1485 1767 1538 et
1802 1482 2014 1555 quaeri,
2035 1484 2204 1557 quod

541 1569 626 1628 illi
640 1568 929 1626 divinitus
955 1568 1171 1625 tradito
1189 1567 1375 1625 verbo
1404 1567 1892 1641 obtemperemus
1926 1587 1939 1627 :
1978 1594 2000 1622 ι
2037 1575 2205 1631 Scru-

543 1658 757 1716 tamini
798 1657 1187 1732 Scripturas‘.
1214 1679 1243 1709 »
1280 1660 1389 1714 Per
1407 1657 1751 1715 violentiam
1782 1664 1986 1717 autem
2021 1677 2203 1721 nemo

2023 275 2428 342 GRECORUH

544 426 673 472 non
701 408 1083 485 tyrannicam
1118 405 1245 466 vim
1280 420 1607 484 passorum
1639 406 1715 466 sit
1741 399 1977 482 pietatis
2003 421 2196 466 sacra-

2311 405 2730 482 τυραννουμένῶν
2797 405 2857 460 τὸ
2938 411 3030 469 τῆς
3103 402 3360 471 εὐσεϐείας
3445 412 3781 487 μυστήριον.

3836 288 3988 345 296

3896 411 3985 466 Εἰ

2307 497 2411 569 7&9
2477 499 2548 570 μὴ
2613 503 2780 568 τοῦτο,
2849 500 2942 549 καὶ
3008 495 3198 561 αὐτούς
3273 502 3394 562 τοὺς
3470 499 3756 574 Ἐϐραίους
3833 501 3979 573 οὐχ

2311 584 2516 647 έκόντας
2572 583 2632 638 ἂν
2672 584 3060 659 ηἱϐαπτίσαμεν.
3149 587 3288 641 Ἐπεὶ
3356 597 3629 664 τοιγαροῦν
3699 592 3770 643 τὸ
3848 594 3975 663 μὲν

2311 672 2553 748 ἐπιτιμᾷν
2599 677 2649 728 ἓν
2699 683 2809 738 τοῖς
2875 672 3110 749 δόγμασι
3167 682 3256 730 καὶ
3327 676 3611 751 βιάζεσθαι
3669 680 3905 734 ἄτοπον
3948 693 3969 709 ⁸

2308 762 2500 839 ῥᾷστον
2519 764 2619 839 γὰρ
2650 767 2740 817 καὶ
2769 771 2861 816 τοῦ
2893 760 3180 836 δυναμένου
3222 771 3411 828 παντός
3433 788 3447 802 ·
3506 770 3565 820 τὸ
3615 763 3680 821 δι
3723 769 3970 821 πείθειν

2309 858 2578 927 χρώμενον
2614 860 2731 916 ταῖς
2781 861 2879 907 τῶν
2933 850 3212 929 δογμάτων
3252 853 3448 930 ἀρχαῖς
3490 852 3684 932 ἀνδρὸς
3715 856 3969 930 ἀγαθοῦ

2308 947 2401 996 καὶ
2457 940 2691 1004 σέϐοντος
2729 947 2822 1002 τὴν
2866 941 3142 1002 ἀλήθειανο
3197 950 3411 1019 πότερον
3456 944 3609 1015 ἕλοιο,
3650 943 3963 1018 δέσποτα,

2310 1034 2369 1083 τό
2437 1029 2728 1104 βιάζεσθαι
2788 1033 2925 1105 ἡμᾶς
2977 1032 3346 1103 ἀνεξετάστως,
3407 1037 3477 1098 ὡς
3536 1034 3733 1108 ἄλογα,
3800 1039 3963 1110 πρὸς

2309 1120 2607 1193 μετάθεσιν,
2656 1122 2686 1181 ᾖ
2740 1118 3137 1196 προσδέξασθαι
3202 1126 3317 1184 τοὺς
3379 1125 3657 1198 ἡμετέρους
3729 1123 3961 1197 λόγους

2309 1214 2401 1263 καὶ
2441 1205 2758 1283 μεταδοῦναι
2828 1209 2977 1282 λόγον
3054 1212 3201 1285 ἡμῖν,
3267 1215 3338 1276 ὡς
3375 1214 3753 1287 γυμνασθῆναι
3843 1219 3958 1267 καὶ

2309 1301 2612 1371 γνωσθῆναι
2679 1304 2775 1359 τὴν
2836 1307 2934 1352 τῶν
3000 1301 3145 1353 θείων
3220 1304 3538 1377 πραγμάτων
3613 1300 3947 1371 ἀλήθεια-νς

2310 1386 2454 1442 "rae:
2519 1391 2620 1461 γὰρ
2674 1390 2757 1441 ὅτι
2809 1392 2868 1440 τὸ
2924 1391 3014 1461 μὲν
3062 1386 3300 1464 δεύτερον
3340 1389 3641 1465 ἐπαινοῦμεν
3678 1395 3785 1444 καὶ
3838 1392 3954 1453 Cn-

2310 1486 2517 1552 τοῦμεν,
2575 1486 2648 1550 τῷ
2693 1475 3063 1553 θεοπαραδότῳ
3120 1481 3230 1533 ἕπει
3289 1483 3601 1554 πειθόμενοι,
3660 1481 3890 1554 λέγοντι
3932 1501 3950 1515 ο

2315 1590 2343 1618 (ι
2410 1566 2675 1644 Ἐρευνᾶτε
2737 1568 2828 1628 τὰς
2875 1570 3119 1642 Γραφάς·
3179 1590 3207 1618 ››
3273 1575 3334 1642 τῇ
3402 1567 3499 1643 βίᾳ
3555 1566 3615 1622 δὲ
3651 1566 3848 1632 οὐδεὶς
3890 1569 3958 1634 ἐξ

2312 1657 2457 1730 ἡμῶν
2505 1655 2731 1718 ἁλωτός’
2796 1654 2923 1709 ἀλλὰ
2968 1659 3157 1718 πάντες
3210 1658 3275 1719 ὡς
3328 1659 3455 1733 ὑπὲρ
3508 1663 3753 1734 Χριστοῦ
3816 1679 3955 1711 κιν-

542 1751 818 1805 nostrum
848 1748 984 1821 capi
1009 1752 1235 1820 potest;
1286 1747 1391 1804 sed
1423 1748 1621 1804 cuncti
1647 1748 1821 1820 quasi
1842 1764 1952 1822 pro
1975 1750 2196 1810 Christo

2315 1742 2651 1820 δυνεύσομεν.
2703 1746 2933 1819 Οἰόμεθα
2980 1742 3039 1799 δι
3090 1751 3180 1800 καὶ
3222 1745 3339 1799 λίαν
3385 1747 3672 1821 εὐστόχως,
3714 1748 3806 1801 ὅτι
3848 1754 3955 1801 καὶ

542 1835 1040 1910 periclitabimur.
1063 1839 1241 1894 Porro
1257 1836 1677 1894 existimamus
1691 1837 2026 1896 admodum
2047 1841 2204 1898 veri-

545 1925 834 1994 similiter,
865 1926 1141 1999 spiritum
1190 1926 1501 1999 sapientiae
1542 1930 1659 1983 tua;
1680 1927 1816 1999 jure
1842 1931 2054 1987 merito
2091 1946 2205 1987 nos

542 2032 615 2074 ea
666 2016 731 2073 in
784 2031 849 2073 re
897 2014 1312 2073 laudaturum.
1342 2014 1685 2073 Laudabilis
1732 2018 1892 2075 enim
1936 2025 2030 2076 est
2065 2021 2203 2094 qui-

542 2110 804 2179 eumque
831 2103 912 2162 ad
941 2105 1303 2178 synodicum
1326 2104 1647 2177 judicium,
1687 2105 1973 2181 illincque
1996 2124 2203 2183 proce-

540 2194 781 2253 dentem
816 2194 1176 2251 sententiam
1200 2193 1485 2267 appellat.

613 2285 819 2357 Itaque
848 2282 1349 2356 quandoquidem
1374 2283 1662 2355 exiguum
1686 2283 2069 2344 interstitium
2100 2290 2204 2347 La-

542 2370 699 2429 tinos
750 2371 905 2428 inter
947 2375 1006 2428 et
1057 2373 1292 2428 Graecos
1347 2376 1459 2443 est,
1490 2371 1661 2446 quod
1707 2374 1889 2431 unius
1929 2376 2201 2434 Ecclesiae

542 2459 806 2517 continui
815 2463 996 2516 tatem
1009 2459 1207 2530 solvit,
1230 2464 1423 2516 statue
1435 2461 1739 2532 synodum
1766 2465 2202 2524 mcumenicam

541 2548 916 2621 congregari,
967 2552 1027 2605 et
1081 2548 1417 2620 majestatis
1469 2553 1585 2606 ture
1638 2550 1896 2608 vicarios
1961 2554 2196 2624 mittito,

539 2637 766 2711 ﬁatque
812 2636 1204 2711 colloquium,
1229 2636 1628 2712 omniumque
1684 2646 2199 2701 controversorum

542 2725 777 2783 solutio.
808 2727 868 2784 Si
905 2731 971 2783 tu
998 2741 1263 2800 quoque,
1304 2726 1478 2799 juxta
1532 2743 1826 2800 magnum
1855 2733 2197 2806 apostolum

538 2815 797 2873 Paulum
837 2817 881 2883 ⁸,
942 2816 1044 2872 Dei
1092 2815 1274 2872 fueris
1316 2815 1580 2889 adjutor,
1636 2821 1904 2893 prompti
1960 2838 2194 2890 sumus,

539 2904 806 2971 domine,
818 2919 933 2962 nos
959 2920 1204 2979 quoque
1217 2920 1253 2962 a
1269 2904 1513 2962 dioecesi
1538 2909 2198 2984 Constantinopolitana

537 2993 864 3064 discedere,
915 2999 1095 3067 atque
1151 2994 1576 3065 migrationem
1628 2996 1688 3052 in
1747 2998 2045 3057 Orientem
2099 3001 2198 3058 vel

539 3083 919 3174 pecidentem
951 3082 1275 3156 suscipere.
1317 3083 1432 3141 Sed
1461 3089 1519 3142 et
1550 3090 1846 3158 putamus
1877 3088 2194 3148 dominum
2225 3117 2267 3174 ρ

535 3170 759 3229 habere
778 3172 1202 3245 imperatorem
1228 3177 1502 3229 nostrum
1546 3174 1840 3241 Sirerrim,
1873 3182 2052 3251 atque
2082 3179 2196 3237 sub

539 3261 672 3333 ejus
700 3260 920 3318 umbra
939 3261 1156 3332 vivere,
1191 3260 1467 3318 mercede
1499 3262 1740 3328 servire,
1770 3280 1949 3336 agros
1978 3267 2195 3336 colere,

536 3363 806 3421 pascere,
825 3364 993 3406 mare
1015 3348 1341 3420 navigare:
1379 3349 1612 3424 absque
1638 3352 1813 3409 nobis
1844 3361 2045 3411 autem
2072 3373 2197 3414 non

536 3436 887 3508 implebitur
914 3452 1076 3506 area,
1107 3452 1305 3510 neque
1352 3439 1633 3508 torcular,
1690 3456 1814 3498 non
1850 3446 2198 3503 comedetur

538 3525 737 3598 panis,
786 3541 911 3582 non
962 3541 1126 3595 caro,
1175 3541 1301 3582 non
1341 3527 1546 3600 piscis,
1574 3545 1695 3585 non
1726 3531 1891 3601 olus;
1952 3535 2055 3591 sed
2083 3552 2196 3593 nec

541 3612 727 3671 stabit
752 3613 872 3671 vita
894 3618 952 3671 et
989 3615 1365 3672 conversatio
1389 3616 1680 3674 humana.
1707 3621 1773 3675 Et
1794 3619 1923 3677 haec
1947 3625 2195 3696 quidem

539 3701 925 3760 elaboramus
955 3702 1241 3760 fratribus
1284 3705 1502 3761 nostris
1537 3706 1775 3775 Latinis,
1798 3714 1979 3783 atque
1998 3702 2196 3771 confe-

537 3790 750 3860 rimus,
790 3806 862 3848 ex
905 3791 1185 3849 deteriori
1213 3792 1349 3850 vitae
1378 3800 1600 3850 nostrm
1636 3797 1929 3868 portione,
1956 3802 2195 3859 mortali

536 3880 825 3938 nimirum
847 3880 951 3939 illa
963 3885 1023 3938 et
1046 3879 1468 3952 dissolvenda;
1500 3884 1780 3957 cupimus
1800 3893 2000 3946 autem
2011 3891 2194 3947 etiam

533 3968 710 4042 juxta
732 3970 1031 4044 potiorem
1056 3970 1272 4028 eadem
1297 3971 1534 4043 sentire,
1577 3979 1702 4032 tum
1745 3977 2019 4049 quandiu
2054 3978 2196 4037 vivi-

535 4073 696 4130 mus,
756 4065 884 4117 tum
930 4065 1068 4133 post
1107 4066 1387 4131 mortem,
1443 4067 1509 4118 ut
1556 4063 1660 4135 qui
1701 4066 1978 4124 membra
2003 4069 2193 4126 simus

536 4147 718 4204 unius
767 4148 1033 4221 corporis
1088 4149 1447 4208 immortalis
1504 4169 1518 4208 :
1578 4153 1836 4228 ideoque
1873 4158 2193 4216 scribimus

537 4233 803 4306 quotidie
858 4236 938 4292 ad
996 4237 1405 4295 Occidentales
1460 4255 1562 4312 per
1615 4245 1923 4313 regionem
1978 4248 2191 4304 fratres

535 4326 802 4391 nostros,
829 4323 1277 4383 comministros
1298 4332 1355 4384 et
1375 4329 1784 4403 coepiscopos,
1805 4339 2051 4407 paratos
2065 4353 2193 4394 esse

537 4410 618 4471 ad
671 4410 1257 4485 Constantinopolim
1309 4420 1647 4475 convenire.
1696 4421 1849 4486 Quin
1901 4424 2082 4481 etiam
2129 4425 2191 4482 in

535 4513 925 4572 quacumque
980 4503 1288 4574 provincia
1336 4505 1549 4577 positis
1596 4511 2089 4583 suggerimus,ut
2127 4514 2190 4570 in

532 4586 738 4645 locum
757 4587 1175 4645 defunctorum
1204 4592 1580 4664 pontiﬁcum,
1621 4595 1764 4652 alios
1795 4598 1970 4670 juxta
2004 4616 2188 4660 cano-

532 4691 685 4734 num
711 4676 1061 4750 praescripta
1084 4677 1400 4748 ordinent;
1434 4682 1817 4758 maximeque
1847 4703 1972 4760 prae
2001 4691 2190 4747 omni-

531 4764 673 4837 bus,
691 4765 752 4822 in
778 4764 927 4822 urbe
953 4766 1396 4839 regia.0portet
1413 4769 1575 4827 enim
1588 4779 1836 4832 cunctos
1856 4777 1919 4833 in
1950 4779 2188 4852 synodo

532 4855 866 4925 considere,
894 4859 1024 4912 tum
1051 4860 1326 4913 nostrum
1354 4860 1782 4937 patriarcham,
1818 4869 1946 4923 tum
1970 4875 2186 4927 metro—

531 4943 767 5016 politas,
796 4944 1067 5017 aliosque
1109 4944 1445 5020 pontiﬁces,
1475 4949 1744 5025 nihilque
1772 4955 2052 5015 mutilum
2077 4958 2187 5017 im-

532 5032 986 5107 perfectumque
1012 5033 1262 5091 inveniri
1287 5036 1457 5109 apud
1481 5053 1615 5097 nos.

600 5209 767 5301 Opus
795 5212 999 5301 autem
1023 5210 1201 5269 nobis
1228 5216 1318 5270 est
1345 5215 1525 5274 etiam
1565 5223 1703 5277 ante
1747 5224 2051 5297 synodum
2080 5241 2183 5301 pa-

529 5295 790 5355 triarcha
835 5298 1108 5370 ejusdem
1162 5304 1467 5362 sententiae
1510 5322 1582 5365 ac
1631 5295 1812 5383 vocis,
1839 5314 1945 5388 qui
1970 5295 2183 5376 doceat

599 5417 623 5456 κ
653 5417 826 5479 Joan.
854 5437 914 5493 v,
941 5425 1030 5481 39.
1073 5427 1095 5461 δ
1123 5426 1146 5480 Ι
1177 5424 1305 5484 Cor.
1329 5443 1410 5501 ιιι,
1441 5434 1497 5489 9.

597 5544 674 5651 £1.)
697 5539 1203 5651 ἐξὲῥΞίνοιΞῖτίέἓ
1211 5552 1499 5651 ἐνθξβρεἰνε
1524 5561 1627 5651 ‘39.!
1646 5560 1913 5651 ξερεὲβῆξε
1939 5572 2119 5650 ﬁeri
2131 5589 2175 5639 ν»

525 5609 668 5678 ssie'
683 5609 918 5691 Ηέὴνὺ.
967 5616 1075 5681 Est
1108 5620 1272 5682 enim
1295 5609 1499 5703 "asa;
1526 5609 1634 5692 Ξειί
1646 5609 1856 5709 τέῥὲἔῖ
1868 5609 2173 5716 ἥθᾙὲἷὲἇὲξ

2310 1838 2368 1888 τό
2423 1842 2625 1908 πνεῦμα
2677 1842 2769 1896 τῆς
2822 1844 2918 1896 σῆς
2958 1840 3143 1908 σοφίας
3183 1832 3404 1900 δικαίως
3450 1834 3535 1890 έπὶ
3564 1839 3759 1890 τούτου
3792 1838 3955 1910 ἡμᾶς

2312 1923 2657 1978 ἐπαινέσεται.
2718 1923 3011 1986 Ἐπαινετὸς
3057 1926 3159 1998 γάρ
3220 1925 3355 1986 ἄπας
3394 1926 3419 1977 ὁ
3479 1923 3782 1984 συνοδικήν
3816 1923 3954 1978 ἕπε-

2310 2013 2623 2088 καλούμενος
2651 2018 2826 2091 κρίσιν
2863 2019 2953 2067 καὶ
2972 2018 3068 2073 τὴν
3097 2013 3285 2069 ἐκεῖθεν
3306 2011 3616 2088 διάγνωσιν.

2378 2284 2564 2335 Τοίνυν
2606 2278 2715 2334 επεὶ
2764 2282 2950 2357 μικρὸν
2999 2278 3112 2334 ἐστι
3164 2283 3225 2335 τὸ
3274 2279 3470 2356 μεταξύ
3516 2288 3616 2335 τῶν
3676 2285 3939 2336 Λατίνων

2306 2375 2399 2424 καὶ
2464 2379 2563 2424 τῶν
2652 2370 2915 2443 Ῥωμαίων
2971 2374 3312 2445 μεταίχμιον,
3379 2370 3406 2425 ὃ
3484 2369 3594 2424 λύει
3664 2374 3765 2430 τὴν
3825 2379 3938 2435 τῆς

2307 2466 2433 2534 μιᾶς
2494 2459 2806 2522 Ἐκκλησίας
2857 2463 3155 2533 συνέχειαν,
3211 2460 3426 2520 θέλησον
3472 2456 3694 2514 σύνοδον
3733 2459 3936 2514 οἰκου-

2308 2554 2519 2624 μενικὴν
2587 2547 2950 2622 ἀθροισθῆναι,
3005 2548 3360 2613 ίξαποστελεῐς
3426 2545 3487 2603 δε
3549 2552 3932 2625 τοποτηρητὰς

2306 2648 2398 2701 τῆς
2466 2648 2561 2702 σῆς
2586 2638 3006 2713 μεγαλειότητος,
3055 2644 3146 2694 καὶ
3198 2639 3495 2711 λαληθήτω,
3560 2643 3651 2693 καὶ
3698 2637 3928 2699 λυθήτω

2304 2734 2408 2783 πᾶν
2453 2732 2511 2782 τὸ
2566 2727 3069 2803 ἀμφισϐητούμενον.
3131 2727 3249 2783 Ἐὰν
3303 2732 3412 2791 εἴης
3449 2734 3539 2782 καὶ
3586 2724 3746 2791 αὐτὸς
3787 2744 3927 2782 συν-

2306 2822 2449 2895 εργός
2505 2826 2659 2890 Θεοῦ,
2719 2821 2854 2871 κατὰ
2919 2817 3120 2872 Παῦλον
3201 2820 3289 2872 τόν
3366 2823 3526 2892 μέγαν
3598 2817 3923 2887 ἀπόστολον,

2304 2908 2532 2982 εὐχερῶς
2592 2909 2805 2979 ἔχομεν,
2867 2902 3121 2977 δέσποτα,
3179 2911 3270 2959 καὶ
3340 2906 3491 2960 αὐτοὶ
3555 2905 3756 2982 ἀπᾶραι
3818 2914 3926 2968 τῆς

2307 2994 2617 3058 διοικήσεως
2678 2995 3281 3067 Κωνσταντινουπόλεως,
3311 3001 3402 3049 καὶ
3451 3001 3717 3069 μετοικίαν
3776 3014 3922 3049 στα-

2304 3085 2454 3145 λῆναι
2492 3089 2623 3159 πρὸς
2677 3089 2772 3144 την
2812 3082 3083 3156 ἀνατολὴν,
3144 3084 3174 3144 ἣ
3239 3088 3334 3143 τὴν
3403 3081 3579 3140 δύσιν.
3634 3083 3789 3137 Ἀλλά
3853 3103 3924 3158 γε

2306 3175 2520 3249 οἰόμεθα
2562 3173 2810 3232 αὐθέντην
2881 3175 3021 3247 ἔχειν
3096 3175 3183 3227 τὸν
3249 3171 3476 3247 βασιλέα
3515 3176 3663 3246 ἡμῶν
3728 3172 3918 3248 Σιῤῥε-

2304 3270 2387 3341 ρὶν
2413 3264 2512 3337 (1),
2549 3268 2638 3317 καὶ
2681 3265 2782 3316 ὑπὸ
2844 3267 2937 3322 τὴν
2988 3265 3141 3315 σκιὰν
3189 3265 3375 3316 τούτου
3411 3262 3526 3336 ζῇν,
3560 3267 3651 3316 καὶ
3677 3263 3916 3320 θητεύειν

2304 3359 2395 3407 καὶ
2435 3360 2697 3426 γηπονεῖν,
2737 3356 2828 3405 καὶ
2887 3355 3200 3424 ποιμαίνειν,
3258 3355 3348 3404 καὶ
3391 3350 3557 3404 πλέειν
3603 3349 3910 3404 θάλασσαν’

2304 3448 2477 3520 χωρὶς
2535 3440 2595 3497 δε
2645 3444 2791 3515 ἡμῶν
2848 3440 2907 3494 οὐ
2959 3440 3364 3516 πληρωθήσεται
3407 3439 3564 3508 ἄλως,
3601 3436 3724 3493 ούδὶ
3748 3438 3911 3504 ληνός

2305 3529 2429 3587 οὐδὲ
2488 3532 2824 3609 βρωθήσεται
2872 3533 3044 3605 ἄρτος,
3103 3531 3162 3584 οῦ
3199 3535 3368 3606 κρέας,
3422 3530 3515 3583 οῦκ
3565 3529 3738 3603 ἰχθῦς,
3776 3527 3909 3583 οῦδὲ

2303 3622 2532 3695 λάχανον
2564 3644 2577 3656 ·
2649 3620 2757 3674 ἀλλ’
2831 3617 2955 3674 οῦδὲ
3002 3618 3294 3693 ἀνθρωπίνη
3350 3620 3457 3681 ζωὴ
3525 3624 3615 3673 καὶ
3671 3617 3910 3673 πολιτεία

2308 3714 2650 3771 σταθήσεται.
2705 3716 2805 3764 Καὶ
2858 3717 3027 3763 ταῦτα
3067 3713 3242 3783 μέντοι
3297 3716 3548 3782 πονοῦμεν
3598 3716 3708 3771 τοῖς
3751 3704 3902 3761 ἀδελ-

2306 3809 2418 3875 φοῖς
2473 3804 2620 3875 ἡμῶν
2675 3807 2783 3863 τοῖς
2847 3803 3109 3866 Λατίνοις,
3165 3802 3256 3850 καὶ
3311 3800 3718 3871 συγκομίζομεν,
3763 3801 3904 3851 κατὰ

2304 3895 2363 3944 τό
2410 3898 2590 3965 χεῖρον
2656 3897 2752 3950 τῆς
2817 3889 2959 3951 ζωῆς
3020 3889 3166 3960 ἡμῶν
3223 3891 3396 3960 μέρος,
3445 3890 3505 3939 τὸ
3568 3888 3745 3944 θνητόν
3808 3891 3901 3940 καὶ

2302 3979 2543 4053 λυόμενον
2576 3997 2592 4013 ο
2649 3977 2879 4049 ἓθέλομεν
2945 3973 3005 4030 δί
3053 3981 3144 4029 καὶ
3198 3978 3335 4028 κατὰ
3390 3978 3446 4028 τὸ
3493 3983 3721 4051 κρεῖττον
3773 3977 3898 4048 ὁμο-

2306 4076 2563 4142 φρονῆσαι
2617 4072 2708 4120 καὶ
2755 4067 2963 4136 ζῶντες,
3029 4070 3119 4117 καὶ
3171 4067 3302 4138 μετὰ
3373 4065 3608 4132 θάνατον,
3657 4066 3725 4126 ὡς
3764 4063 3891 4137 μέλη

2307 4164 2548 4232 σώματος
2609 4156 2718 4219 ἑνός
2768 4154 3027 4208 ἀθανάτου
3066 4156 3417 4226 τυγχάνοντες
3441 4174 3455 4188 ·
3508 4158 3599 4206 καὶ
3637 4149 3728 4206 διὰ
3743 4160 3893 4207 τοῦτο

2302 4249 2563 4323 γράφομεν
2609 4247 2938 4303 καθεκάστην
2997 4247 3088 4295 καὶ
3144 4245 3276 4316 πρὸς
3323 4246 3572 4304 Δυτικοὺς
3598 4251 3692 4304 τῆς
3717 4247 3891 4319 χώρας

2304 4333 2558 4409 ἀδελφοὺς
2613 4336 2759 4407 ἡμῶν
2815 4338 2906 4386 καὶ
2968 4331 3395 4406 συλλειτουργοῦς
3432 4337 3521 4383 καὶ
3583 4335 3886 4385 συνεπισκό-

2299 4444 2450 4492 πους,
2519 4424 2752 4498 ἑτοίμους
2808 4421 2936 4475 εἶναι
2988 4421 3242 4474 συνελθεῖν
3285 4420 3353 4482 εἰς
3409 4422 3883 4474 Κωνσταντινούπο-

2297 4514 2393 4567 λιν.
2459 4512 2615 4568 Ἀλλὰ
2683 4517 2773 4565 καὶ
2828 4519 2935 4572 τοῖς
2989 4512 3126 4562 κατὰ
3185 4516 3358 4563 πᾶσαν
3401 4507 3660 4584 ἐπαρχίαν
3715 4509 3882 4563 ύποτι-

2300 4607 2500 4679 θέαμεν,
2556 4602 2670 4656 ἀντὶ
2718 4609 2818 4654 τῶν
2876 4600 3289 4658 τελευτησάντων
3331 4596 3638 4674 ἀρχιερέων,
3693 4590 3879 4673 ἑτέρους

2294 4701 2670 4771 χειροτονῆσαι
2719 4697 2999 4752 κανονικῶς
3029 4704 3043 4718 ·
3103 4691 3194 4741 καὶ
3240 4686 3477 4760 μάλιστά
3527 4705 3588 4758 γε
3623 4690 3719 4762 πρὸ
3759 4690 3877 4741 πάνυ

2294 4803 2394 4837 των
2469 4781 2540 4843 εἷς
2615 4785 2710 4839 τὴν
2759 4787 2858 4833 τῶν
2921 4776 3112 4831 πόλεων
3172 4775 3580 4850 βασιλεύουσαν.
3648 4782 3726 4829 Δεῖ
3776 4779 3870 4851 γὰρ

2292 4876 2476 4933 πάντος
2514 4871 2562 4923 ἐν
2608 4877 2670 4943 τῇ
2708 4864 2914 4940 συνόδῳ
2953 4863 3332 4936 συνεδριάζειν,
3388 4869 3477 4919 καὶ
3510 4867 3597 4918 τὸν
3651 4866 3872 4941 ἡμέτερον

2292 4962 2655 5037 πάτριάρχην,
2701 4960 2939 5018 καὶτοὺς
2978 4953 3385 5030 μητροπολίτας,
3427 4957 3517 5006 καὶ
3547 4955 3671 5016 τοῦς
3704 4951 3876 5020 ἄλλους

2294 5050 2578 5126 ἀρχιερεῖς,
2607 5052 2697 5101 καὶ
2733 5041 2902 5121 μηδεν
2931 5045 3056 5118 ἡμῖν
3088 5041 3284 5105 ἐλλιπὲς
3306 5044 3593 5117 εὑρεθῆναι.

2360 5234 2526 5306 Χρεία
2576 5223 2636 5281 δι
2684 5228 2809 5299 ἡμῖν
2857 5227 2946 5277 καὶ
2996 5222 3097 5299 πρὸ
3127 5228 3222 5284 τῆς
3261 5218 3487 5275 συνόδου
3528 5221 3867 5296 ὁμογνώμονας

2287 5321 2626 5396 πατριάρχου
2704 5320 2795 5369 καὶ
2847 5315 3137 5387 όμοφώνου,
3207 5308 3521 5375 διδάξαντος
3574 5312 3643 5366 τὰ
3686 5313 3863 5375 συνήθη

2286 5570 2541 5639 Errieus,
2571 5567 2866 5639 Herricus,
2892 5563 3118 5625 Erieus.
3149 5566 3360 5639 Γέρικος
3387 5563 3453 5625 in
3475 5563 3636 5625 Hm.
3663 5564 3857 5627 concit.

2284 5637 2580 5714 Florent.,
2598 5656 2663 5715 p.
2685 5641 2776 5709 20,
2805 5637 2896 5699 40.
