4046 6310
2609 307 2612 310 ,
3839 303 3844 306 ,

1886 469 2067 514 ANNO
2113 471 2352 515 DOMINI
2396 473 2620 515 MCCXX

727 663 1881 855 MIGHAEL
2045 669 3706 859 ACOMINATUS

1091 1308 2061 1416 ATHENIENSIS
2147 1310 3375 1452 ARCHIEPISCOPUS

1996 1687 2471 1770 NOTITIA.

1319 1883 1704 1945 HICHAELIS
1739 1888 2112 1946 ACOMINATI
2140 1890 2308 1960 VITA,
2338 1887 2468 1946 RES
2509 1888 2764 1962 GESTA'I,
2794 1888 3082 1945 SCRIPTA
3096 1889 3138 1942 ⁶.

618 2231 861 2290 Graeciae
888 2247 1000 2305 per
1035 2232 1306 2289 medium
1335 2246 1532 2289 aevum
1553 2233 1806 2290 historia
1835 2233 2097 2289 tenebris
2125 2232 2345 2290 obruta
2376 2235 2584 2292 tandiu
2613 2236 2739 2305 fult,
2783 2236 2976 2292 donec
3015 2233 3104 2289 vir
3150 2232 3256 2289 cel.
3289 2230 3634 2301 Ducangius
3673 2225 3944 2285 decimo

545 2321 802 2394 septimo
831 2321 1071 2392 saeculo,
1113 2322 1287 2394 isque
1313 2321 1433 2378 fere
1460 2321 1646 2392 solus,
1674 2321 1880 2378 lumen
1911 2322 1963 2378 ei
1989 2323 2239 2395 aliquod
2259 2324 2518 2395 aspersit
2549 2342 2562 2385 ;
2598 2324 2946 2381 novissimis
2985 2327 3187 2378 autem
3226 2319 3604 2392 temporibus
3635 2317 3940 2375 Villema-

544 2409 648 2480 nii,
683 2409 1118 2482 Fallmereyeri,
1152 2409 1378 2479 Tafelii,
1408 2409 1788 2477 Zinkeisenii,
1833 2411 2349 2484 Paparrhigopuli.
2385 2418 2442 2468 et
2479 2414 2809 2484 praesertim
2851 2411 3153 2482 Buchonii,
3199 2411 3398 2481 ejusce
3434 2407 3665 2480 generis
3697 2405 3938 2462 studiis

543 2501 914 2571 praematura
941 2501 1135 2554 morte
1165 2498 1371 2570 erepti,
1400 2499 1606 2554 utilem
1636 2515 1887 2571 operam
1909 2505 2154 2572 experta
2175 2507 2284 2558 est.
2318 2501 2411 2558 Sic
2430 2502 2611 2571 igitur
2631 2507 2868 2558 noctem
2895 2500 3021 2556 dies
3051 2500 3301 2571 excepit,
3331 2505 3388 2554 et
3419 2513 3618 2571 operae
3649 2496 3938 2569 pretium

544 2586 654 2644 erit
679 2587 756 2643 de
775 2587 917 2643 viris
945 2587 1190 2657 ingenio
1227 2592 1332 2643 aut
1379 2588 1592 2644 virtute
1644 2588 1822 2644 claris
1881 2591 2252 2645 mentionem
2295 2589 2508 2656 facere,
2547 2597 2846 2663 quantum
2891 2605 2999 2661 per
3036 2603 3381 2644 coaevorum
3433 2585 3783 2642 testimonia
3819 2582 3943 2639 vel

545 2675 714 2732 aliter
736 2675 955 2732 licebit.
988 2675 1191 2733 Melius
1217 2676 1378 2732 enim
1408 2676 1485 2732 de
1523 2677 1731 2750 populi
1758 2677 2013 2748 alicujus
2045 2677 2267 2742 indole,
2298 2679 2542 2749 ingenio
2571 2679 3013 2749 judicabimus,
3049 2677 3153 2733 ubi
3199 2676 3380 2732 unius
3429 2691 3655 2745 mores,
3689 2671 3939 2744 agendi

544 2765 841 2821 rationem
873 2770 1011 2821 ante
1040 2764 1248 2821 oculos
1269 2765 1588 2822 habemus.
1621 2768 1911 2831 Quocirca
1942 2783 2140 2839 operas
2165 2768 2422 2838 pretium
2452 2784 2550 2823 me
2573 2768 2872 2824 facturum
2905 2767 3180 2832 arbitror,
3215 2766 3265 2821 si
3288 2765 3363 2821 de
3392 2763 3938 2820 nobilissimorum

546 2852 750 2925 aliquo
779 2853 962 2909 medii
1002 2853 1112 2910 avi
1134 2855 1479 2910 Graecorum
1507 2854 1691 2910 verba
1718 2854 1937 2923 fecero,
1965 2855 2154 2926 probe
2175 2871 2404 2925 gnarus
2426 2857 2611 2912 hocce
2643 2873 2848 2912 meum
2873 2855 3236 2927 opusculum
3263 2860 3589 2922 tantorum,
3621 2867 3781 2925 quos
3812 2867 3938 2908 no-

545 2942 793 3010 minavi,
827 2943 1095 3000 virorum
1123 2943 1477 3000 auctoritate
1515 2944 1763 2999 minime
1793 2944 2048 3014 dignum
2081 2958 2235 3002 esse.
2282 2949 2343 3000 In
2391 2961 2514 3017 quo
2565 2949 2768 3001 tamen
2809 2944 2868 3000 id
2901 2945 3052 3000 mihi
3091 2959 3336 2999 assumo
3375 2943 3594 3009 dicere,
3640 2937 3936 2996 libellum

545 3046 730 3104 quem
758 3031 1091 3089 litterarum
1119 3031 1449 3088 cultoribus
1496 3031 1736 3101 oﬂ‘erro,
1784 3033 1984 3104 majus
2039 3033 2268 3105 aliquid
2297 3035 2704 3106 praestiturum
2743 3033 2944 3099 fuisse,
2993 3033 3042 3088 si
3082 3033 3146 3088 in
3176 3031 3545 3088 bibliotheca
3572 3029 3938 3086 Florentina

549 3135 622 3178 ac
651 3121 969 3178 Parisiensi
993 3119 1233 3178 codices
1263 3120 1570 3177 Michaelis
1603 3121 1906 3178 Choniatae
1937 3124 2384 3194 manuscriptos
2407 3123 2598 3178 oculis
2632 3123 2887 3178 lustrare
2911 3121 3055 3177 mihi
3083 3121 3446 3191 contigisset.
3472 3119 3586 3175 Sed
3612 3123 3738 3174 tum
3764 3123 3932 3174 tem-

548 3209 717 3282 poris
749 3216 879 3278 (cur
914 3211 1078 3266 enim
1106 3210 1305 3266 dicere
1334 3209 1690 3266 erubescam
1716 3209 1885 3283 quod
1904 3210 2051 3266 mihi
2073 3226 2214 3267 cum
2235 3211 2371 3268 viris
2409 3211 2779 3267 doctioribus
2809 3225 3132 3266 commune
3161 3209 3271 3265 fuit
3296 3210 3346 3280 ?)
3378 3209 3560 3280 hujus
3607 3206 3933 3279 scriptoris

549 3313 626 3354 ne
663 3313 888 3355 nomen
911 3299 1162 3370 quidem
1182 3313 1495 3355 noveram.

625 3388 851 3443 Nostris
879 3386 1130 3458 quidem
1159 3386 1534 3459 temporibus
1562 3386 1839 3456 Tafelius,
1871 3387 2024 3458 prof.
2060 3387 2463 3445 universitatis
2491 3388 2766 3459 Tubing.,
2794 3387 3140 3460 reipublicae
3167 3386 3459 3444 litterariae
3508 3384 3744 3456 egregie
3774 3400 3932 3441 con-

552 3475 737 3533 suluit
764 3490 946 3548 opere
966 3477 1064 3532 cui
1082 3475 1291 3532 titulus
1326 3492 1340 3531 :
1373 3477 1724 3532 Dissertatio
1750 3477 1821 3533 de
1860 3477 2271 3534 Thessalonica
2301 3480 2544 3548 ejusque
2590 3493 2758 3550 agro,
2790 3495 2979 3550 quam
3015 3478 3080 3533 in
3116 3491 3298 3532 usum
3329 3475 3729 3532 convertimus
3771 3489 3929 3530 nos-

552 3567 735 3637 trum,
769 3568 836 3621 ut
859 3569 917 3621 et
935 3563 1112 3637 plura
1141 3563 1259 3621 alia
1277 3579 1416 3637 qua
1445 3564 1566 3620 huc
1596 3569 1870 3636 spectant
1900 3581 2111 3638 opera.

935 3728 972 3791 δ
995 3723 1041 3780 Ι.
1083 3724 1264 3781 Varia
1288 3722 1692 3793 Athenarum,
1722 3723 1980 3782 durante
1997 3727 2192 3782 medio
2223 3741 2368 3796 δυο,
2394 3727 2652 3797 fortuna
2680 3727 2962 3798 usquead
2989 3727 3173 3798 ﬁnem
3197 3726 3407 3783 saeculi
3430 3742 3529 3780 xu.

627 3858 870 3915 Athenae
901 3859 1192 3931 Cecropia
1221 3856 1456 3927 civitas,
1493 3872 1681 3929 quam
1737 3857 2001 3913 Theseus
2041 3857 2244 3912 Atticae
2289 3855 2694 3928 metrOpolim,
2753 3855 2939 3912 Solon
2989 3855 3154 3912 orbis
3201 3853 3433 3927 antiqui
3475 3850 3928 3923 legislatricem,

553 3947 980 4006 Themistocles
1004 3946 1268 4004 marium
1299 3949 1643 4004 Graecorum
1680 3945 1997 4002 dominam
2029 3945 2490 4012 constituerant;
2521 3961 2654 4018 quae
2682 3961 2755 4000 ex
2796 3945 2982 4000 ruinis
3012 3961 3166 4017 quas
3197 3961 3233 4000 a
3269 3943 3428 4000 bello
3467 3942 3698 3998 Persico
3728 3943 3934 3996 traxe-

561 4041 678 4104 rat,
703 4035 940 4094 Periclis
961 4041 1018 4094 et
1043 4036 1346 4093 sociorum
1368 4051 1556 4109 opera
1587 4034 1960 4107 splendidior
1990 4039 2424 4101 resurrexerat;
2449 4035 2620 4104 cujus
2640 4033 2908 4089 favorem
2936 4037 3073 4106 post
3099 4031 3387 4105 Lysandri
3417 4048 3487 4088 ac
3519 4029 3773 4103 Philippi
3801 4029 3941 4084 vic-

555 4127 703 4184 toris
739 4131 1016 4200 tempora
1054 4141 1319 4198 magnus
1355 4125 1541 4197 hujus
1587 4124 1748 4180 ﬁlius
1790 4121 2022 4181 ambire
2074 4139 2199 4179 non
2245 4123 2586 4190 erubuerat,
2628 4139 2817 4194 quam
2848 4123 3207 4194 posteriores
3233 4139 3264 4178 e
3294 4120 3639 4178 Macedonia
3666 4117 3934 4186 domini,

557 4230 748 4288 quam
777 4214 1077 4271 Ptolemaei
1101 4214 1371 4270 libertate
1401 4213 1557 4269 ultro
1579 4213 1786 4269 oblata
1807 4219 1864 4269 et
1889 4212 2220 4285 splendidis
2249 4209 2514 4267 aedificiis
2543 4210 2960 4277 honorabant;
2991 4212 3165 4282 cujus
3187 4210 3424 4266 civibus
3459 4205 3938 4265 contumacibus

561 4301 774 4360 consul
802 4302 976 4359 Rom.
1007 4302 1218 4372 vietor,
1244 4306 1512 4375 paterna:
1540 4301 1746 4373 gloriae
1778 4300 1984 4357 habita
2021 4301 2272 4367 ratione,
2304 4300 2542 4356 veniam
2569 4298 2792 4366 dabat;
2826 4300 2921 4355 cui
2973 4299 3311 4355 Hadrianus
3350 4305 3408 4354 et
3435 4297 3704 4354 Julianus
3733 4296 3933 4367 impe-

560 4394 811 4454 ratores,
843 4395 1093 4462 uterque
1116 4391 1359 4447 Athenis
1390 4390 1703 4457 educatus,
1736 4405 2028 4461 magnam
2055 4389 2316 4462 pristinae
2337 4390 2540 4461 glorias
2566 4395 2798 4462 partem
2828 4390 3211 4446 restituerant
3239 4405 3412 4461 gquae
3434 4403 3614 4462 porro
3648 4385 3922 4444 Gallieno

559 4484 874 4550 regnante,
897 4479 1165 4552 Dexippo
1187 4479 1364 4542 duce,
1397 4477 1725 4535 Gothorum
1757 4478 2133 4533 invasionem
2159 4478 2478 4550 repulerat,
2506 4483 2563 4534 et
2595 4494 2731 4551 quae
2762 4477 2973 4534 Alarici
3014 4482 3282 4551 tempore
3313 4476 3610 4534 classibus
3648 4473 3934 4547 Byzanti-

562 4568 657 4626 nis
688 4568 1081 4624 commodum
1107 4567 1448 4640 praebuerat
1471 4567 1797 4640 refugium,
1831 4583 1966 4635 quae
1999 4566 2294 4623 solidioris
2322 4567 2602 4623 doctrinae
2641 4572 2699 4622 et
2729 4581 2970 4622 morum
2992 4567 3306 4639 puriorum
3330 4566 3523 4636 gloria
3549 4565 3703 4622 inter
3735 4563 3926 4620 urbes

565 4657 817 4716 Orientis
847 4655 1177 4723 reiulserat,
1209 4655 1402 4713 donec
1427 4657 1797 4712 Justinianus
1818 4655 2320 4729 philosophorum
2351 4655 2588 4712 scholas
2621 4655 2820 4712 claudi
2844 4656 3025 4726 jussit
3045 4656 3106 4711 in
3132 4653 3389 4712 Palladis
3411 4655 3934 4728 urbequse,paga-

562 4747 762 4805 nismo
789 4745 1024 4802 imbuta
1053 4761 1123 4801 ac
1140 4744 1613 4814 nutrita,diutius
1633 4761 1822 4817 quam
1853 4751 2080 4801 caeteras
2113 4745 2351 4801 Graeciaa
2373 4741 2552 4800 urbes
2582 4743 3014 4800 Christianismi
3037 4743 3546 4801 introductoribus
3565 4742 3790 4800 restitit:
3805 4742 3928 4800 illae

565 4836 813 4894 Athenae
839 4835 1103 4908 antiquas
1131 4850 1268 4908 quae
1291 4850 1398 4906 per
1411 4833 1619 4904 viginti
1637 4833 1856 4890 saecula
1884 4833 1944 4889 in
1965 4834 2133 4890 varia
2145 4833 2404 4903 fortuna,
2421 4833 2470 4888 si
2489 4849 2614 4888 non
2639 4833 2970 4906 potentiam
2983 4850 3053 4890 ac
3065 4831 3640 4904 libertatem,saltem
3656 4830 3928 4889 indolem

562 4924 986 4999 particularem
1003 4923 1327 4980 etnationis
1343 4921 1530 4979 robur
1542 4923 2257 4990 servaverant,Justiniani
2269 4922 2510 4979 illustris
2525 4928 2790 4995 tempore
2804 4923 3119 4980 Slavorum
3130 4923 3286 4980 ferro
3301 4925 3506 4995 etigne
3524 4921 3749 4995 ubique
3761 4937 3929 4992 gras-

565 5016 829 5072 santium
841 5013 1253 5070 invasionibus
1264 5012 1695 5070 occubuerant.
1712 5017 1781 5068 At
1793 5012 2061 5086 quidem,
2073 5016 2135 5068 ut
2151 5015 2463 5069 Persarum
2477 5018 2765 5085 tempore,
2783 5017 2918 5068 ante
2935 5014 3073 5070 1000
3085 5028 3300 5078 annos,
3318 5013 3930 5069 Atheniensescontra

561 5102 830 5160 hostium
867 5101 1133 5160 furorem
1161 5102 1222 5158 in
1248 5101 1444 5158 vicina
1478 5101 1777 5158 Salamine
1799 5100 1995 5157 insula
2023 5101 2323 5172 refugium
2346 5100 2716 5174 quaerebant,
2735 5100 2840 5156 sed
2869 5101 3036 5158 vario
3069 5103 3469 5158 eventu.'l‘um
3491 5102 3651 5158 enim
3683 5104 3743 5156 in
3773 5099 3928 5157 mari

639 5259 660 5279 '
697 5256 992 5314 Michaelis
1021 5256 1356 5314 Acominati
1378 5253 1560 5311 vitam
1589 5259 1646 5310 et
1669 5269 1764 5310 res
1793 5259 1998 5325 gestas
2029 5254 2265 5323 egregie
2295 5254 2609 5310 illustravit
2630 5255 2878 5326 ejusque
2906 5253 3129 5326 scripta
3149 5253 3446 5309 recensuit
3468 5255 3539 5309 ον
3566 5251 3744 5309 Adolf
3768 5251 3926 5308 Ellis-

569 5344 677 5384 sen
705 5328 769 5384 in
797 5328 950 5384 libro
976 5329 1267 5398 Gottingae
1307 5342 1470 5384 anno
1496 5327 1631 5382 1846
1671 5327 1991 5382 vernaculo
2012 5341 2288 5398 sermone
2319 5327 2479 5381 edito
2509 5326 2606 5381 cui
2643 5325 2880 5398 titulum
2903 5325 3037 5398 fecit
3059 5342 3072 5380 :
3098 5326 3356 5382 Michael
3381 5327 3774 5382 Akominatos
3809 5339 3922 5398 ven

569 5399 801 5464 Chona,
832 5396 1316 5470 Erzbz‘schof'von
1341 5399 1562 5458 Athen.
1605 5398 2018 5470 Nachri'chten
2042 5397 2186 5470 iiber
2214 5399 2339 5470 sein
2362 5397 2570 5470 gLeben
2602 5397 2912 5470 undiseine
2941 5397 3269 5468 Schriften,
3294 5399 3406 5470 mit
3442 5396 3926 5470 Beifiigung‘der

570 5472 834 5534 letztern,
862 5472 1065 5526 soweit
1088 5467 1170 5526 sie
1201 5470 1460 5526 bekannt
1483 5470 1644 5533 sind,
1681 5471 1758 5523 im
1793 5469 2073 5538 Original
2097 5469 2223 5522 und
2247 5469 2311 5524 in
2333 5469 2649 5524 deutscher
2689 5467 3121 5538 Ubersetzung,
3155 5470 3251 5522 ein
3281 5467 3524 5538 Beitrag
3563 5484 3670 5523 ίαν
3694 5468 3922 5536 politis-

569 5543 711 5598 chen
745 5541 870 5612 und
900 5541 1317 5612 literarischen
1349 5541 1699 5597 Geschichte
1725 5539 1938 5612 Athens
1968 5540 2049 5612 im
2073 5540 2452 5596 Mittetatter.
2471 5540 2524 5594 Is
2553 5544 2646 5596 est
2667 5539 2804 5596 fons
2838 5555 2986 5595 sane
3017 5539 3357 5596 uberrimus
3377 5555 3452 5596 ex
3470 5555 3593 5612 quo
3616 5539 3922 5611 sequentia

567 5611 880 5670 Latinitate
899 5611 1129 5669 donata
1163 5611 1228 5668 in
1252 5627 1433 5668 usum
1456 5616 1731 5669 nostrum
1750 5610 2183 5670 derivavimus.
