4046 6310
64 375 176 430 301
1130 362 1434 426 MICHAEL
1470 369 1949 430 ACOMINATUS.
1980 407 2041 416 —
2078 367 2355 432 NO’l'ITlA
3334 383 3438 434 302

60 499 260 554 vicino
305 497 649 568 victoriam,
699 494 989 552 libertatis
1019 497 1077 550 et
1106 487 1302 549 cultus
1331 495 1703 568 praecipuam
1751 513 2002 555 causam
2034 499 2218 565 vidit;
2254 503 2466 571 postea
2493 502 2696 555 autem
2727 497 2948 567 exigua
2975 497 3191 556 eadem
3235 500 3440 560 insula

59 604 175 658 per
198 588 682 659 quadringentos
703 602 896 642 annos
921 581 1108 640 exsilii
1131 583 1332 640 locum
1363 582 1567 652 dabat,
1585 602 1692 657 per
1716 603 1870 658 quos
1899 592 2182 643 custodes
2201 587 2508 660 Acropolis
2539 587 2844 658 Byzantini
2872 603 2992 643 non
3017 588 3440 661 impediebant

66 678 269 732 Slavos
289 693 421 749 quo
452 676 657 732 minus
690 675 940 731 Atticam
971 674 1031 728 in
1068 673 1396 742 desertum,
1429 674 1693 730 Athenas
1723 682 1925 732 autem
1954 677 2017 732 in
2064 676 2450 732 desolationis
2485 675 3004 732 abominationem
3055 679 3436 736 mutaverint.

63 766 430 837 Ampelaciaz
460 782 710 838 quoque
742 763 1061 822 Salaminis
1092 763 1150 818 in
1179 764 1326 818 urbe
1348 763 1495 818 dum
1524 770 1901 820 morarentur
1928 765 2340 826 Athenienses.
2363 783 2460 821 res
2488 765 2884 836 gravissimas
2907 767 3070 836 passi
3101 772 3268 822 sunt:
3288 768 3438 824 iram

59 854 475 926 imperatoris,
497 853 637 908 dein
661 851 1189 924 anathema,quod
1221 868 1341 907 una
1363 868 1502 906 cum
1525 852 1705 921 ΑΞεωὶ
1739 853 1922 908 maris
1950 853 2158 908 insulis
2189 855 2652 927 imperatoribus
2685 853 2958 909 Isauricw
2986 854 3206 910 domus
3238 859 3440 913 [cono-

63 943 258 998 clastis
285 945 573 1000 resistere
603 943 737 999 ausi
770 942 1024 998 fuerant.
1063 944 1186 997 Huc
1217 942 1447 996 accedit
1475 941 1642 1013 quod
1673 941 1925 1010 morbis,
1957 942 2134 1010 fame,
2160 943 2388 1016 piratis,
2408 942 2652 1012 ignibus
2687 942 3114 1007 subterraneis,
3142 945 3245 1016 qui
3277 961 3440 1000 cam—

59 1047 175 1102 pos
200 1032 262 1086 in
282 1034 489 1088 Attica
521 1038 677 1088 terra
707 1031 863 1087 foede
893 1030 1235 1099 vastabant,
1262 1030 1484 1085 mirum
1514 1030 1574 1085 in
1601 1029 1852 1086 modum
1881 1038 2254 1088 vexarentur.
2276 1035 2408 1088 Post
2435 1032 2540 1088 ubi
2570 1031 2846 1088 exsulum
2868 1032 3322 1089 Athenienisum
3351 1051 3440 1090 re-

53 1121 259 1194 liquiae
285 1137 438 1177 cum
486 1121 619 1178 aliis
643 1122 881 1193 imperii
904 1120 1133 1176 colonis
1165 1121 1422 1192 patriam
1455 1119 1755 1174 desertam
1797 1126 2145 1191 repeterent,
2172 1137 2359 1177 novas
2384 1137 2416 1176 e
2443 1121 2633 1176 ruinis
2675 1121 2895 1177 domus
2923 1121 3255 1188 excitaturi,
3286 1139 3437 1194 pau-

58 1209 206 1264 citas
229 1225 456 1266 eorum
482 1207 698 1266 urbem
723 1207 920 1282 qualis
947 1213 1004 1263 et
1031 1213 1263 1280 quanta
1287 1205 1477 1262 fuerat
1499 1207 1656 1262 circa
1684 1209 2023 1280 Aeropolim
2054 1209 2364 1266 restituere
2395 1225 2520 1265 non
2551 1209 2754 1265 valuit.
2787 1209 3182 1266 Athenienses
3220 1211 3300 1267 ad
3328 1227 3442 1268 sua

57 1298 386 1354 redeuntes
417 1299 586 1369 (smc.
625 1301 665 1355 x
690 1304 747 1354 et
775 1298 1016 1353 ineunte
1046 1299 1132 1367 XI)
1157 1297 1310 1351 dura
1339 1313 1375 1351 a
1405 1296 1678 1365 Bulgaris
1699 1298 2044 1368 rapacibus,
2076 1298 2330 1354 Atticam
2356 1298 2481 1354 imo
2503 1303 2693 1354 totam
2725 1299 3012 1354 Graeciam
3039 1298 3195 1354 ferro
3225 1305 3282 1356 et
3301 1300 3441 1370 igne

61 1389 480 1457 vastantibus,
538 1389 807 1461 perpessi
846 1392 1002 1442 sunt.
1050 1389 1131 1441 Ea
1163 1390 1517 1458 tempestate
1561 1401 1758 1440 annus
1811 1390 1942 1442 1019
1991 1388 2050 1443 in
2081 1387 2416 1443 Annalibus
2452 1388 2653 1444 Atticis
2682 1387 3118 1460 aliquantisper
3167 1388 3438 1459 refulget,

61 1491 185 1550 quo
215 1477 485 1532 Basilius
515 1477 561 1532 ll
607 1478 952 1548 imperator,
998 1475 1439 1549 Βουλγαροκτόνος
1479 1474 1963 1545 cognominatus,
2011 1475 2324 1532 debellatis
2371 1475 2452 1533 ad
2480 1476 2803 1534 Achridam
2843 1477 3139 1543 hostibus,
3172 1477 3440 1550 Deiparas

62 1566 334 1622 ecclesiae
363 1566 617 1622 Athenis
647 1565 812 1622 dona
831 1564 1322 1638 splendidissima
1347 1562 1562 1619 obtulit
1594 1567 1692 1634 (1).

139 1657 402 1712 Uzorum
427 1670 578 1726 gens
603 1654 1085 1727 septentrionalis
1132 1670 1293 1726 qure,
1327 1653 1719 1708 Constantino
1768 1653 1822 1705 X
1851 1656 2030 1718 Duca,
2075 1669 2236 1710 anno
2274 1654 2427 1724 1065,
2455 1653 2866 1711 Macedoniam
2899 1658 2955 1709 et
2984 1654 3271 1710 Graeciam
3311 1671 3441 1729 sep-

65 1749 238 1800 tentr.
298 1743 550 1816 invasit,
597 1751 800 1800 utrum
833 1743 1081 1799 Atticam
1128 1743 1418 1814 populata
1468 1741 1559 1806 sit,
1613 1741 1776 1812 apud
1832 1743 1921 1796 Jo.
1978 1742 2268 1813 Scylitzen
2313 1745 2530 1816 Curop.
2564 1745 2753 1800 altum
2785 1743 3109 1800 silentium.
3163 1745 3301 1799 Utut
3330 1750 3438 1816 est,

63 1833 449 1888 Athenarum
487 1833 884 1904 municipium
912 1832 1305 1903 Byzantinum
1334 1847 1389 1885 xi
1417 1837 1472 1886 et
1501 1846 1579 1884 xu
1610 1829 1842 1884 saeculis
1876 1831 2102 1886 tristem
2130 1831 2346 1887 faciem
2376 1833 2710 1903 praebuisse
2737 1837 2792 1888 et
2819 1834 3052 1902 majore
3080 1833 3215 1903 jure
3253 1849 3443 1906 quam

67 1921 311 1978 Arcadii
342 1928 616 1993 tempore
648 1918 819 1994 δέρμα
853 1921 1016 1973 πάλαι
1054 1925 1178 1972 ποτὶ
1217 1920 1352 1980 ζώου
1385 1925 1665 1991 praasentz

1842 1919 2062 1975 'idetur.
2089 1921 2216 1975 Vid.
2262 1923 2474 1992 Synes.
2502 1939 2596 1994 ep.
2633 1923 2755 1979 135.
2785 1922 2868 1978 Cf.
2899 1922 3260 1993 Zygomalas
3290 1927 3347 1979 et
3370 1925 3440 1982 Μ.

71 2011 261 2066 Crusii
297 2012 782 2067 TurcocGrarcm.

139 2099 344 2156 Vellus
369 2115 626 2157 aureum
653 2100 761 2170 (ita
807 2099 968 2155 enim
998 2099 1262 2154 Athenas
1285 2097 1783 2170 appellitaverim)
1813 2113 1937 2169 quo
1965 2103 2233 2170 tempore
2259 2099 2608 2170 Crucigeris,
2640 2115 2800 2155 novo
2829 2104 3315 2170 Argonautarum
3348 2116 3445 2172 ge-

71 2187 218 2254 neri,
242 2189 647 2244 succumbere
677 2188 1014 2256 videbatur,
1036 2187 1309 2259 dynastis
1335 2187 1671 2257 Byzantinis
1703 2202 1823 2241 non
1850 2188 2304 2254 restituendum,
2330 2189 2454 2244 imo
2477 2189 2881 2245 barbarorum
2908 2190 3268 2245 Asianorum
3288 2189 3444 2246 ferro

73 2277 510 2348 subigendum,
544 2279 605 2334 in
629 2278 764 2351 ipsa
787 2278 1156 2334 Athenarum
1188 2277 1336 2332 urbe
1362 2277 1559 2331 virum
1591 2275 1840 2330 obvium
1868 2276 2166 2331 habemus
2195 2277 2322 2348 qui,
2363 2277 2499 2334 licet
2519 2277 2877 2348 alienigena,
2913 2278 3066 2335 adeo
3095 2276 3171 2335 de
3200 2279 3445 2334 Athenis

73 2367 314 2434 meruit,
346 2372 417 2423 ut
442 2369 594 2424 inter
633 2367 817 2423 medii
867 2367 975 2422 aevi
1015 2367 1407 2422 Athenienses
1437 2369 1776 2420 memoratu
1807 2364 2048 2434 dignos,
2080 2381 2203 2421 una
2230 2381 2369 2421 cum
2399 2366 2566 2422 Irene
2603 2367 3002 2439 imperatrice,
3031 2382 3169 2439 quas
3213 2370 3269 2424 et
3311 2367 3447 2440 ipsa

71 2461 323 2512 externa
342 2455 676 2517 Ἀτζαεωλῶν
704 2455 934 2512 familia
956 2454 1234 2519 oriunda,
1260 2454 1633 2526 praecipuum
1655 2454 1856 2509 locum
1878 2469 2178 2526 occupare
2199 2453 2418 2524 dignus
2447 2455 2558 2522 sit;
2587 2455 2663 2512 de
2708 2455 2992 2512 Michaele
3023 2455 3310 2513 Choniate
3346 2471 3443 2513 ar-

74 2543 467 2618 chiepiscopo
489 2545 817 2618 loquimur.

207 2629 210 2632 ’
571 2643 601 2714 §
627 2643 694 2697 Il.
733 2641 1038 2698 Michaelis
1068 2645 1312 2713 ejusque
1328 2642 1548 2710 fratris
1572 2643 1834 2709 pueritia
1889 2641 2113 2698 Chonis
2153 2647 2208 2698 et
2240 2643 2768 2712 Constantinopoli
2795 2649 2952 2700 acta.

140 2729 679 2794 Quemadmodum
707 2728 919 2785 fratres
949 2729 1192 2785 Michael
1239 2735 1296 2785 et
1340 2729 1572 2784 Nicetas
1606 2729 1940 2784 Acominati
1974 2730 2123 2786 dum
2162 2731 2448 2788 vivebant
2496 2737 2708 2788 mutua
2754 2732 2992 2803 pietate,
3043 2731 3244 2804 qualis
3299 2731 3451 2788 inter

75 2819 441 2890 magistrum
461 2824 518 2875 et
546 2818 911 2891 discipulum
938 2834 1067 2873 esse
1098 2818 1377 2884 debebat,
1407 2823 1462 2872 et
1488 2817 1866 2872 intellectuali
1899 2820 2261 2874 commercio
2277 2819 2470 2890 juncti
2499 2823 2690 2890 erant,
2722 2820 2804 2876 ita
2829 2819 2975 2876 alter
3000 2821 3240 2877 alterius
3265 2821 3450 2877 vitam

75 2913 130 2964 et
146 2907 358 2966 studia
383 2909 448 2965 in
486 2907 680 2966 lucem
705 2905 941 2964 edendo
967 2909 1082 2964 hoc
1108 2923 1268 2963 novo
1300 2906 1540 2962 vinculo
1573 2905 1720 2960 uniti
1748 2906 2046 2975 videntur,
2081 2911 2144 2964 ut
2171 2908 2232 2963 in
2253 2909 2368 2965 hoc
2399 2913 2604 2965 nostro
2631 2913 2887 2965 tractatu
2911 2909 2986 2964 de
3011 2909 3294 2964 Michaele
3325 2924 3450 2965 non

75 2997 381 3069 pessinms
412 2997 626 3054 Nicetes
646 2996 828 3053 vitam
867 2997 1099 3052 silentio
1122 2997 1436 3068 praeterire,
1468 2997 1690 3068 quippe
1722 2995 1825 3066 qui
1847 2997 1907 3051 in
1948 3013 2129 3069 opere
2155 2997 2230 3053 de
2260 2996 2442 3053 rebus
2471 3013 2608 3069 qua;
2637 3002 2773 3070 post
2820 2996 3030 3070 Cpolin
3061 3013 3170 3069 per
3213 2997 3452 3052 Latinos

76 3091 324 3160 came
349 3089 679 3142 evenerunt
706 3085 901 3142 fratris
927 3100 1067 3141 cum
1120 3085 1331 3140 merita
1361 3084 1538 3140 laude
1575 3088 1943 3145 mentionem
1985 3085 2145 3154 facit,
2196 3086 2302 3159 qui
2329 3086 2457 3158 ipse
2487 3089 2790 3158 superstes
2818 3085 3065 3141 fratrem
3099 3084 3452 3141 defunctum

75 3176 132 3230 in
157 3171 532 3244 biographia
563 3176 620 3228 et
647 3173 943 3245 panegyri
972 3172 1192 3228 debitis
1233 3172 1440 3241 elogiis
1471 3173 1812 3233 honoravit.

140 3259 394 3317 liehael
414 3262 806 3316 Aeominatus
834 3261 994 3316 circa
1021 3259 1562 3332 quadragesimum
1594 3265 1796 3320 saeculi
1818 3281 1897 3319 xn
1925 3279 2177 3333 annum,
2203 3262 2372 3318 initio
2402 3261 2573 3332 regni
2594 3261 2880 3320 Manuelis
2903 3261 3194 3320 Comneni
3229 3260 3451 3317 Chonis

75 3350 167 3406 vel
189 3348 464 3407 Calassis
487 3347 763 3421 Phrygis:
795 3347 940 3405 urbe
967 3355 1148 3405 natus
1197 3355 1305 3414 est,
1339 3365 1523 3421 quam
1555 3352 1734 3408 frater
1760 3357 1888 3426 ejus
1919 3353 2149 3407 Nicetas
2187 3351 2366 3422 (Hist.
2400 3349 2497 3407 ed.
2530 3353 2659 3406 Par.
2692 3366 2753 3423 p.
2786 3351 2906 3422 115)
2937 3349 3158 3422 opibus
3205 3348 3450 3404 divitem

73 3444 126 3495 et
150 3437 512 3495 hominibus
540 3437 914 3510 frequentem
944 3448 1119 3494 vocat
1139 3441 1261 3507 (3').
1294 3442 1458 3494 Patre
1491 3443 1774 3499 eumdem
1803 3457 1982 3497 usum
2005 3440 2191 3496 fuisse
2233 3437 2542 3511 opulento,
2566 3437 2712 3494 nulli
2735 3438 3105 3496 dubitamus.
3148 3438 3260 3504 Qui
3291 3439 3454 3494 enim

76 3528 228 3584 ﬁlios
273 3527 630 3600 Byzantium
673 3527 734 3583 in
764 3528 994 3584 artibus
1025 3527 1372 3582 liberalibus
1405 3528 1485 3584 ibi
1519 3531 1777 3587 misisset
1825 3529 2224 3586 educandos?
2275 3543 2399 3601 qua
2449 3527 2589 3584 dein
2620 3528 2852 3585 ratione
2881 3528 3065 3585 iidem
3104 3527 3182 3584 ad
3216 3524 3453 3599 imperil

77 3617 401 3686 dignitates
429 3614 545 3671 nisi
569 3616 826 3688 pecunia
872 3616 1026 3672 aulas
1057 3617 1430 3688 corruptibili
1452 3618 1615 3681 data,
1642 3621 1829 3676 evecti
1862 3617 2172 3674 fuissent?
2198 3615 2515 3673 Aﬁlnitatis
2543 3616 2817 3690 quodam
2838 3615 3159 3689 splendore
3201 3631 3327 3672 non
3358 3631 3454 3671 ca-

76 3711 346 3775 ruerunt,
374 3704 674 3776 siquidem
724 3707 956 3760 Nicetas
995 3705 1280 3761 clericum
1310 3706 1576 3778 aliquem
1609 3709 1977 3772 Choniatem,
2011 3705 2186 3778 cujus
2228 3705 2460 3763 Manuel
2507 3707 2835 3778 imperator
2875 3706 3080 3762 utilem
3108 3717 3358 3777 operam
3391 3703 3454 3759 in

76 3796 231 3852 bello
258 3801 478 3852 contra
490 3795 711 3852 Turcos
731 3801 1010 3868 expertus
1035 3801 1143 3861 est,
1169 3798 1600 3854 consobrinum
1621 3798 1884 3872 appellat
1907 3802 1963 3852 et
1983 3797 2150 3851 urbis
2179 3794 2640 3866 metropolitano
2661 3799 2830 3868 patre
2858 3793 3152 3866 spirituali
3175 3809 3322 3850 usus
3341 3795 3452 3848 est.

141 3888 352 3942 Pauca
395 3889 632 3942 tantum
657 3884 733 3940 de
769 3885 1010 3940 ineunte
1041 3885 1337 3941 Michaelis
1368 3891 1539 3941 aetate
1560 3893 1868 3960 comperta
1887 3886 2206 3955 habemus,
2231 3897 2423 3956 eaque
2452 3883 2515 3938 in
2542 3883 2672 3939 sola
2699 3883 3116 3955 parentatione
3163 3882 3226 3936 in
3251 3880 3451 3936 fratris

74 3974 342 4031 defuncti
369 3974 731 4030 memoriam
757 3973 917 4029 dicta
935 3974 1064 4029 haec
1091 3975 1152 4028 in
1183 3975 1369 4030 verba
1400 3977 1673 4047 exposita
1705 3990 1714 4028 :
1754 3998 1780 4026 ‹‹
1816 3979 1980 4030 Pater
2014 3989 2202 4043 meus,
2227 3971 2332 4045 qui
2359 3971 2586 4028 litteras
2612 3987 2736 4027 non
2768 3971 2969 4026 minus
2990 3985 3180 4042 quam
3227 3969 3450 4024 liberos

71 4079 209 4122 suos
232 4063 553 4135 diligebat,
595 4079 690 4119 me
720 4063 1241 4118 adolescentulum
1268 4064 1371 4135 qui
1413 4065 1474 4119 in
1506 4065 1905 4133 grammatica
1931 4070 1984 4118 et
2016 4061 2253 4134 poetica
2283 4061 2428 4116 satis
2457 4061 2778 4133 provectus
2814 4075 3002 4127 eram,
3045 4073 3117 4113 ex
3147 4058 3283 4115 Asia
3333 4057 3452 4130 By-

66 4153 334 4209 zantium
356 4152 699 4210 traductum
730 4152 948 4208 artium
1001 4151 1347 4207 liberalium
1381 4158 1438 4208 et
1477 4154 1876 4226 philosophiae
1904 4150 2206 4219 magistris
2234 4146 2674 4205 instituendum
2705 4147 2974 4204 tradidit.
3005 4170 3031 4196 η
3065 4147 3292 4203 Horum
3324 4161 3450 4202 ma-

72 4244 395 4311 gistrorum
438 4242 502 4298 in
551 4255 804 4298 numero
834 4243 1094 4297 Joannes
1149 4247 1206 4296 et
1246 4241 1412 4297 lsaac
1467 4246 1681 4298 Tzetzae
1717 4244 1972 4306 fuerunt,
2006 4255 2268 4312 quorum
2317 4238 2438 4293 vita
2486 4237 2547 4292 in
2608 4239 2911 4294 1130-1160
2947 4235 3174 4291 incidit.
3208 4233 3453 4292 Michael

71 4331 336 4388 Νίσαια]
359 4327 608 4386 fratrem
647 4337 904 4403 utroque
933 4333 1186 4402 parente
1212 4337 1531 4401 κασίγηντον
1560 4349 1664 4402 ger

1852 4348 1917 4385 tm
1950 4330 2063 4383 sibi
2102 4341 2441 4384 novennem
2473 4341 2544 4382 ea
2568 4325 2700 4396 lege
2732 4326 3018 4381 traditum
3059 4340 3095 4380 a
3123 4329 3292 4396 patre
3322 4339 3450 4380 esse

75 4419 306 4477 dicit!!!
332 4420 660 4486 nutritoris,
692 4420 1064 4487 institutoris,
1094 4422 1218 4476 imo
1267 4422 1453 4491 patris
1498 4421 1630 4477 loco
1657 4423 1708 4477 ei
1736 4427 1909 4476 esset.
1941 4417 2183 4474 Michael
2231 4417 2359 4488 ipse
2389 4414 2650 4471 afﬁrmat
2698 4431 2838 4471 cum
2870 4413 3099 4486 majore
3147 4430 3231 4480 se,
3265 4427 3451 4485 quam

76 4510 318 4567 fratrem
345 4507 541 4575 decet,
564 4510 802 4582 pietate,
826 4509 1038 4581 triplex
1078 4507 1228 4565 illud
1257 4509 1524 4566 ofﬁcium
1557 4511 1913 4583 explevisse.
1956 4507 2189 4563 Pietatis
2223 4510 2280 4562 et
2307 4504 2494 4561 animi
2528 4504 2679 4575 grati
2711 4509 3015 4561 certamen
3048 4503 3202 4560 inter
3240 4502 3452 4558 fratres

79 4597 504 4670 intercedebat,
536 4599 618 4656 ita
641 4603 846 4655 tamen
876 4604 942 4654 ut
980 4599 1224 4655 Michael
1254 4600 1516 4671 archiep.
1543 4601 1757 4656 Athen.
1787 4600 1978 4654 factus
2002 4612 2112 4668 pro
2153 4594 2451 4650 modestia
2478 4607 2590 4650 sua
2613 4608 2674 4649 se
2706 4593 2868 4650 fratri
2901 4594 2978 4649 ad
3011 4592 3336 4649 altissimas
3366 4590 3454 4646 di-

83 4690 340 4760 gnitates
367 4692 578 4745 evecta
606 4687 938 4744 multorum
968 4688 1028 4743 in
1062 4703 1126 4742 se
1158 4687 1513 4743 collatorum
1544 4689 1974 4743 beneﬁciorum
2013 4685 2344 4740 debitorem
2377 4683 2642 4739 evasisse
2688 4687 2939 4739 asserat.
2974 4685 3073 4738 Est
3120 4681 3300 4737 etiam
3351 4680 3455 4739 ubi

83 4776 326 4835 Michael
341 4775 510 4835 fratri
540 4775 746 4850 quoad
770 4777 995 4848 ingenii
1023 4776 1218 4846 dotes,
1252 4791 1313 4831 se
1343 4776 1683 4832 inferiorem
1732 4777 1968 4838 fatetur,
2005 4773 2110 4828 ubi
2141 4773 2216 4828 de
2244 4772 2675 4828 communibus
2723 4772 2995 4844 ipsorum
3029 4769 3242 4826 siudiis
3288 4782 3453 4822 men-

85 4869 300 4924 tionem
330 4867 490 4924 facit.
533 4869 686 4922 Dum
715 4867 874 4923 enim
914 4867 1042 4938 ipse
1069 4866 1148 4921 ad
1176 4868 1467 4938 μαθήματα
1491 4869 1763 4921 animum
1787 4863 2138 4931 attenderet,
2171 4863 2436 4919 Nicetam
2465 4861 2605 4916 inde
2635 4877 2672 4917 a
2695 4877 2885 4933 puero
2911 4876 3114 4916 rerum
3147 4858 3450 4926 majorum

80 4955 486 5014 exercitationi
512 4965 586 5012 ec
615 4955 829 5012 studiis
853 4954 1128 5011 deditum
1154 4971 1224 5010 eo
1249 4955 1611 5026 pervenisse,
1641 4961 1704 5010 ut
1728 4954 2036 5010 audaciori
2066 4953 2273 5008 volatu
2302 4951 2364 5007 in
2389 4951 2668 5021 regiones
2689 4960 2790 5003 τῶν
2818 4951 3159 5025 θεωρημάτων
3181 4945 3452 5002 evolave-

82 5045 170 5118 rit,
197 5037 264 5103 id
287 5045 404 5118 est,
429 5041 678 5118 prOprio
698 5049 892 5102 marte
922 5041 1249 5100 meditatus
1279 5043 1372 5098 sit.

143 5141 224 5214 (1)
273 5143 380 5198 Ili
516 5139 760 5202 Ἀθήναις
799 5145 1064 5214 γενόμσηος
1119 5145 1208 5192 καὶ
1259 5144 1326 5192 τὰ
1381 5149 1501 5214 τῆςῖ
1537 5145 1686 5200 νίκης

1854 5141 1940 5214 ,(2)
1969 5137 2593 5214 Chonarumnomini
2647 5141 2860 5214 postea
2901 5129 3452 5214 Colossarumﬁsub:

87 5203 475 5288 εῧὲᾷριστδρριὰ
537 5220 600 5285 τῇ
678 5203 946 5288 asarota):
985 5207 1134 5288 δορς,
1214 5216 1305 5263 καὶ
1382 5213 1685 5288 ἀναθήμασι

1855 5203 2067 5288 itutum
2090 5226 2228 5288 esse
2259 5208 2427 5288 urbis
2457 5203 2904 5288 Phrygiae,un
2926 5204 3262 5288 praesertim
3287 5203 3453 5288 Pauli

85 5278 310 5360 romi;_
350 5278 616 5360 λὶιμπρρές
690 5288 782 5336 καὶ
863 5278 1168 5337 πίολυτελέσι
1243 5278 1560 5360 xeo-price;-
1598 5287 1683 5333 τὸν

1855 5281 2342 5360 l_C_hristianos_ej
2353 5297 2422 5360 u_s
2447 5278 2703 5360 civitatis
2729 5278 2985 5360 epistola
2999 5278 3290 5357 innotuit,
3305 5281 3453 5360 citra

86 5360 218 5430 νὰιόγ,
269 5346 606 5430 ίῦπςέσῖξρᾶψεν
673 5374 747 5430 ιε,
824 5346 1389 5430 ξωνστᾳντινορᾼττολιῦ.
1469 5355 1681 5430 Georg.

1853 5353 2048 5430 ibium
2097 5358 2205 5430 est.
2263 5346 2339 5430 in
2380 5351 2573 5430 lexico
2626 5346 2796 5430 Mich'.
2839 5348 3014 5430 Pselli
3044 5346 3451 5430 geographica

88 5418 248 5485 Cedr.
281 5421 384 5482 eds
571 5442 633 5498 p.
666 5418 794 5498 717.
826 5427 1140 5498 Templum
1174 5426 1467 5490 Minervae,
1495 5418 1686 5498 Erich-

1854 5425 1960 5479 10d
2015 5427 2069 5478 P.
2106 5423 2376 5498 Morellus
2429 5423 2590 5488 citat,
2638 5418 3452 5498 legimu_s_;_“locauerat;

88 5442 248 5485 tear.
281 5442 384 5482 ea.
413 5442 544 5482 Par.
621 5469 633 5480 .
666 5442 794 5483 7n.
827 5442 964 5482 rem
1013 5442 1140 5481 ium
1174 5442 1467 5490 Minervae,
1496 5442 1686 5480 nricn-

88 5499 268 5557 thonii
298 5495 534 5572 matris,
563 5442 904 5572 Barthenon
932 5442 1080 5554 iIYud
1118 5497 1180 5552 in
1226 5499 1283 5553 S.
1310 5497 1562 5572 Virginis
1616 5513 1685 5572 ac

1858 5442 1960 5479 10(1
2016 5442 2069 5478 ν.
2106 5442 2376 5479 moreuus
2429 5442 2590 5488 cum,
2638 5442 2940 5489 legimus:
2983 5442 3266 5486 λοΛοσσαι,
3307 5442 3453 5480 nam;

1858 5501 2039 5572 ιυγίᾳς,
2075 5499 2127 5547 αἱ
2157 5493 2546 5572 νῦνᾼλςγᾲμεναι.
2581 5500 2776 5572 Χςὶιναι,
2809 5495 2867 5572 et
2880 5491 3130 5572 ‘Nicetas
3155 5489 3456 5572 ipsedic‘it

89 5559 734 5645 Deiparseeeclesim
783 5572 1238 5645 est_xqutatu_m,
1291 5573 1356 5645 ut
1375 5559 1442 5645 _th
1481 5569 1685 5622 Thesei
1794 5559 1852 5620 in
1899 5559 2201 5645 Thesauro
2237 5559 2381 5645 ﬁdei
2424 5565 2789 5645 orthoci_.‘1v,
2840 5563 3069 5645 @2551;
3109 5559 3372 5645 (nemo;
3402 5559 3454 5645 is

90 5633 380 5716 terim
402 5633 906 5716 gcclesiosancti
945 5635 1181 5709 Georgii
1222 5633 1328 5711 qui
1355 5637 1685 5695 draconem

1862 5643 2011 5716 ,πρὸς
2034 5643 2150 5700 τοὺς
2172 5643 2469 5712 πατριώτας
2494 5653 2584 5709 μοι
2617 5634 2900 5696 Κολοσσαῖς
2921 5633 3200 5707 Ἐπιστολῇ
3229 5633 3456 5704 θεολογεῐ

90 5703 398 5785 inuitauit,
416 5703 626 5770 locum
652 5705 852 5768 cessit.
1102 5703 1135 5709 ⁷
1239 5703 1262 5711 ’
1796 5703 1912 5764 κὲλ.
