  <div class='ocr_page' id='page_1' title='image "/cluster/home/n/w/nwhite01/storage/ocr_20150623/140/pst.000005714568/193.png"; bbox 0 0 4028 6308; ppageno 0'>
   <div class='ocr_carea' id='block_1_1' title="bbox 577 313 684 371">
    <p class='ocr_par' dir='ltr' id='par_1_1' title="bbox 577 313 684 371">
     <span class='ocr_line' id='line_1_1' title="bbox 577 313 684 371; baseline -0.009 0"><span class='ocrx_word' id='word_1_1' title='bbox 577 313 684 371; x_wconf 83' lang='lat'>303</span> 
     </span>
    </p>
   </div>
   <div class='ocr_carea' id='block_1_2' title="bbox 1431 302 3086 368">
    <p class='ocr_par' dir='ltr' id='par_1_2' title="bbox 1431 302 3086 368">
     <span class='ocr_line' id='line_1_2' title="bbox 1431 302 3086 368; baseline 0 0"><span class='ocrx_word' id='word_1_2' title='bbox 1431 308 1740 368; x_wconf 82' lang='lat' dir='ltr'>MICHAEL</span> <span class='ocrx_word' id='word_1_3' title='bbox 1776 305 2225 366; x_wconf 85' lang='lat' dir='ltr'>ACOMINATUS</span> <span class='ocrx_word' id='word_1_4' title='bbox 2273 302 2711 366; x_wconf 81' lang='lat' dir='ltr'>ATHENARUM</span> <span class='ocrx_word' id='word_1_5' title='bbox 2757 302 3086 368; x_wconf 77' lang='lat' dir='ltr'>ARCHIEP.</span> 
     </span>
    </p>
   </div>
   <div class='ocr_carea' id='block_1_3' title="bbox 3865 303 4008 364">
    <p class='ocr_par' dir='ltr' id='par_1_3' title="bbox 3865 303 4008 364">
     <span class='ocr_line' id='line_1_3' title="bbox 3865 303 4008 364; baseline 0.014 -2"><span class='ocrx_word' id='word_1_6' title='bbox 3865 303 4008 364; x_wconf 75' lang='grc'>304</span> 
     </span>
    </p>
   </div>
   <div class='ocr_carea' id='block_1_4' title="bbox 652 419 2317 509">
    <p class='ocr_par' dir='ltr' id='par_1_4' title="bbox 652 419 2317 509">
     <span class='ocr_line' id='line_1_4' title="bbox 652 419 2317 509; baseline -0.002 -16"><span class='ocrx_word' id='word_1_7' title='bbox 652 440 783 503; x_wconf 87' lang='lat' dir='ltr'>Quo</span> <span class='ocrx_word' id='word_1_8' title='bbox 811 437 1077 508; x_wconf 88' lang='lat' dir='ltr'>tempore</span> <span class='ocrx_word' id='word_1_9' title='bbox 1103 431 1338 490; x_wconf 89' lang='lat' dir='ltr'>Nicetas</span> <span class='ocrx_word' id='word_1_10' title='bbox 1377 433 1826 509; x_wconf 71' lang='grc' dir='ltr'>ὑπογραμματέως</span> <span class='ocrx_word' id='word_1_11' title='bbox 1875 419 2158 506; x_wconf 78' lang='grc' dir='ltr'>βασιλικοῦ</span> <span class='ocrx_word' id='word_1_12' title='bbox 2187 432 2317 490; x_wconf 86' lang='lat' dir='ltr'>titul</span> 
     </span>
    </p>
   </div>
   <div class='ocr_carea' id='block_1_5' title="bbox 2348 419 4005 509">
    <p class='ocr_par' dir='ltr' id='par_1_5' title="bbox 2348 427 4005 497">
     <span class='ocr_line' id='line_1_5' title="bbox 2348 427 4005 497; baseline 0 -11"><span class='ocrx_word' id='word_1_13' title='bbox 2348 452 2357 486; x_wconf 70' lang='grc' dir='ltr'>ι</span> <span class='ocrx_word' id='word_1_14' title='bbox 2413 436 2516 490; x_wconf 91' lang='lat' dir='ltr'>aut</span> <span class='ocrx_word' id='word_1_15' title='bbox 2563 431 2675 488; x_wconf 91' lang='lat' dir='ltr'>sub</span> <span class='ocrx_word' id='word_1_16' title='bbox 2719 431 2986 490; x_wconf 84' lang='lat' dir='ltr'>Manuele</span> <span class='ocrx_word' id='word_1_17' title='bbox 3017 433 3326 489; x_wconf 91' lang='lat' dir='ltr'>Comneno</span> <span class='ocrx_word' id='word_1_18' title='bbox 3373 427 3510 484; x_wconf 90' lang='lat' dir='ltr'>ante</span> <span class='ocrx_word' id='word_1_19' title='bbox 3554 441 3609 483; x_wconf 90' lang='lat' dir='ltr'>a.</span> <span class='ocrx_word' id='word_1_20' title='bbox 3637 427 3816 497; x_wconf 86' lang='grc'>1180,</span> <span class='ocrx_word' id='word_1_21' title='bbox 3861 433 4005 485; x_wconf 85' lang='lat' dir='ltr'>aut</span> 
     </span>
    </p>
   </div>
   <div class='ocr_carea' id='block_1_6' title="bbox 578 515 3990 595">
    <p class='ocr_par' dir='ltr' id='par_1_6' title="bbox 578 515 3990 595">
     <span class='ocr_line' id='line_1_6' title="bbox 578 515 3990 595; baseline -0.002 -15"><span class='ocrx_word' id='word_1_22' title='bbox 578 525 781 582; x_wconf 83' lang='lat' dir='ltr'>Alexio</span> <span class='ocrx_word' id='word_1_23' title='bbox 812 524 858 580; x_wconf 92' lang='lat' dir='ltr'>II</span> <span class='ocrx_word' id='word_1_24' title='bbox 888 527 1193 594; x_wconf 83' lang='lat' dir='ltr'>regnante,</span> <span class='ocrx_word' id='word_1_25' title='bbox 1228 538 1419 595; x_wconf 90' lang='lat' dir='ltr'>usque</span> <span class='ocrx_word' id='word_1_26' title='bbox 1467 523 1545 580; x_wconf 90' lang='lat' dir='ltr'>ad</span> <span class='ocrx_word' id='word_1_27' title='bbox 1571 538 1628 580; x_wconf 89' lang='lat' dir='ltr'>a.</span> <span class='ocrx_word' id='word_1_28' title='bbox 1668 523 1805 578; x_wconf 89' lang='grc'>1183</span> <span class='ocrx_word' id='word_1_29' title='bbox 1832 522 1910 579; x_wconf 87' lang='lat' dir='ltr'>ad</span> <span class='ocrx_word' id='word_1_30' title='bbox 1940 538 2142 580; x_wconf 91' lang='lat' dir='ltr'>rerum</span> <span class='ocrx_word' id='word_1_31' title='bbox 2173 521 2752 580; x_wconf 79' lang='lat' dir='ltr'>administrationem</span> <span class='ocrx_word' id='word_1_32' title='bbox 2794 521 3060 590; x_wconf 89' lang='lat' dir='ltr'>accessit,</span> <span class='ocrx_word' id='word_1_33' title='bbox 3117 518 3222 576; x_wconf 90' lang='lat' dir='ltr'>ubi</span> <span class='ocrx_word' id='word_1_34' title='bbox 3274 519 3484 590; x_wconf 91' lang='lat' dir='ltr'>postea</span> <span class='ocrx_word' id='word_1_35' title='bbox 3513 515 3593 572; x_wconf 92' lang='lat' dir='ltr'>ad</span> <span class='ocrx_word' id='word_1_36' title='bbox 3621 517 3990 575; x_wconf 80' lang='lat' dir='ltr'>maximos</span> 
     </span>
    </p>
   </div>
   <div class='ocr_carea' id='block_1_7' title="bbox 577 605 4000 685">
    <p class='ocr_par' dir='ltr' id='par_1_7' title="bbox 577 605 4000 685">
     <span class='ocr_line' id='line_1_7' title="bbox 577 605 4000 685; baseline -0.002 -14"><span class='ocrx_word' id='word_1_37' title='bbox 577 615 839 671; x_wconf 84' lang='lat' dir='ltr'>honores</span> <span class='ocrx_word' id='word_1_38' title='bbox 869 616 1185 684; x_wconf 75' lang='lat' dir='ltr'>provectus</span> <span class='ocrx_word' id='word_1_39' title='bbox 1231 616 1338 683; x_wconf 89' lang='lat' dir='ltr'>est,</span> <span class='ocrx_word' id='word_1_40' title='bbox 1373 611 1664 675; x_wconf 87' lang='lat' dir='ltr'>Michaeli,</span> <span class='ocrx_word' id='word_1_41' title='bbox 1698 612 1900 667; x_wconf 89' lang='lat' dir='ltr'>minus</span> <span class='ocrx_word' id='word_1_42' title='bbox 1955 628 2247 685; x_wconf 89' lang='lat' dir='ltr'>prospera</span> <span class='ocrx_word' id='word_1_43' title='bbox 2295 628 2409 668; x_wconf 89' lang='lat' dir='ltr'>uso</span> <span class='ocrx_word' id='word_1_44' title='bbox 2452 611 2713 678; x_wconf 84' lang='lat' dir='ltr'>fortuna,</span> <span class='ocrx_word' id='word_1_45' title='bbox 2752 610 3240 684; x_wconf 86' lang='lat' dir='ltr'>archiepiscopus</span> <span class='ocrx_word' id='word_1_46' title='bbox 3283 605 3705 662; x_wconf 84' lang='lat' dir='ltr'>tantummodo</span> <span class='ocrx_word' id='word_1_47' title='bbox 3761 607 4000 663; x_wconf 79' lang='lat' dir='ltr'>Athe-</span> 
     </span>
    </p>
   </div>
   <div class='ocr_carea' id='block_1_8' title="bbox 577 694 3994 774">
    <p class='ocr_par' dir='ltr' id='par_1_8' title="bbox 577 694 3994 774">
     <span class='ocr_line' id='line_1_8' title="bbox 577 694 3994 774; baseline -0.001 -16"><span class='ocrx_word' id='word_1_48' title='bbox 577 720 793 760; x_wconf 89' lang='lat' dir='ltr'>narum</span> <span class='ocrx_word' id='word_1_49' title='bbox 846 707 907 758; x_wconf 92' lang='lat' dir='ltr'>ut</span> <span class='ocrx_word' id='word_1_50' title='bbox 935 704 1102 758; x_wconf 83' lang='lat' dir='ltr'>iieret</span> <span class='ocrx_word' id='word_1_51' title='bbox 1127 701 1394 772; x_wconf 57' lang='lat' dir='ltr'>contigit.</span> <span class='ocrx_word' id='word_1_52' title='bbox 1433 701 1546 759; x_wconf 87' lang='lat' dir='ltr'>Sed</span> <span class='ocrx_word' id='word_1_53' title='bbox 1595 707 1660 758; x_wconf 90' lang='lat' dir='ltr'>ut</span> <span class='ocrx_word' id='word_1_54' title='bbox 1686 702 1951 758; x_wconf 90' lang='lat' dir='ltr'>nominis</span> <span class='ocrx_word' id='word_1_55' title='bbox 2003 703 2172 759; x_wconf 86' lang='lat' dir='ltr'>Attici</span> <span class='ocrx_word' id='word_1_56' title='bbox 2203 701 2458 773; x_wconf 82' lang='lat' dir='ltr'>gloriam</span> <span class='ocrx_word' id='word_1_57' title='bbox 2489 706 2934 774; x_wconf 73' lang='lat' dir='ltr'>praetereamus,</span> <span class='ocrx_word' id='word_1_58' title='bbox 2970 696 3462 770; x_wconf 89' lang='lat' dir='ltr'>archiepiscopus</span> <span class='ocrx_word' id='word_1_59' title='bbox 3495 694 3914 753; x_wconf 85' lang='lat' dir='ltr'>Atheniensis</span> <span class='ocrx_word' id='word_1_60' title='bbox 3952 713 3994 753; x_wconf 89' lang='lat' dir='ltr'>e</span> 
     </span>
    </p>
   </div>
   <div class='ocr_carea' id='block_1_9' title="bbox 573 782 3992 864">
    <p class='ocr_par' dir='ltr' id='par_1_9' title="bbox 573 782 3992 864">
     <span class='ocr_line' id='line_1_9' title="bbox 573 782 3992 864; baseline -0.002 -17"><span class='ocrx_word' id='word_1_61' title='bbox 573 808 825 847; x_wconf 86' lang='lat' dir='ltr'>numero</span> <span class='ocrx_word' id='word_1_62' title='bbox 851 791 1294 863; x_wconf 69' lang='lat' dir='ltr'>praecipuorum</span> <span class='ocrx_word' id='word_1_63' title='bbox 1346 791 1484 846; x_wconf 87' lang='lat' dir='ltr'>inde</span> <span class='ocrx_word' id='word_1_64' title='bbox 1512 807 1548 846; x_wconf 93' lang='lat' dir='ltr'>a</span> <span class='ocrx_word' id='word_1_65' title='bbox 1581 808 1640 846; x_wconf 77' lang='lat' dir='ltr'>1x</span> <span class='ocrx_word' id='word_1_66' title='bbox 1679 791 1898 848; x_wconf 67' lang='lat' dir='ltr'>saeculo</span> <span class='ocrx_word' id='word_1_67' title='bbox 1927 792 2528 864; x_wconf 87' lang='lat' dir='ltr'>metropolitanorum</span> <span class='ocrx_word' id='word_1_68' title='bbox 2572 789 2850 845; x_wconf 82' lang='lat' dir='ltr'>dicecesis</span> <span class='ocrx_word' id='word_1_69' title='bbox 2906 787 3116 860; x_wconf 81' lang='lat' dir='ltr'>lllyriae</span> <span class='ocrx_word' id='word_1_70' title='bbox 3157 789 3303 856; x_wconf 87' lang='lat' dir='ltr'>erat,</span> <span class='ocrx_word' id='word_1_71' title='bbox 3353 788 3409 840; x_wconf 85' lang='lat' dir='ltr'>et</span> <span class='ocrx_word' id='word_1_72' title='bbox 3437 782 3646 840; x_wconf 87' lang='lat' dir='ltr'>decem</span> <span class='ocrx_word' id='word_1_73' title='bbox 3679 784 3992 858; x_wconf 87' lang='lat' dir='ltr'>quidem</span> 
     </span>
    </p>
   </div>
   <div class='ocr_carea' id='block_1_10' title="bbox 573 873 3986 953">
    <p class='ocr_par' dir='ltr' id='par_1_10' title="bbox 573 873 3986 953">
     <span class='ocr_line' id='line_1_10' title="bbox 573 873 3986 953; baseline -0.002 -17"><span class='ocrx_word' id='word_1_74' title='bbox 573 880 838 953; x_wconf 83' lang='lat' dir='ltr'>episcopi</span> <span class='ocrx_word' id='word_1_75' title='bbox 860 879 1105 935; x_wconf 87' lang='lat' dir='ltr'>Aulonis</span> <span class='ocrx_word' id='word_1_76' title='bbox 1134 879 1196 935; x_wconf 88' lang='lat' dir='ltr'>in</span> <span class='ocrx_word' id='word_1_77' title='bbox 1223 879 1500 948; x_wconf 87' lang='lat' dir='ltr'>Phocide,</span> <span class='ocrx_word' id='word_1_78' title='bbox 1535 880 1755 937; x_wconf 77' lang='lat' dir='ltr'>Daulize</span> <span class='ocrx_word' id='word_1_79' title='bbox 1782 886 1837 936; x_wconf 90' lang='lat' dir='ltr'>et</span> <span class='ocrx_word' id='word_1_80' title='bbox 1877 882 2157 937; x_wconf 81' lang='lat' dir='ltr'>Coroneae</span> <span class='ocrx_word' id='word_1_81' title='bbox 2187 881 2248 937; x_wconf 91' lang='lat' dir='ltr'>in</span> <span class='ocrx_word' id='word_1_82' title='bbox 2293 880 2536 948; x_wconf 76' lang='lat' dir='ltr'>Boeotia,</span> <span class='ocrx_word' id='word_1_83' title='bbox 2570 879 2720 945; x_wconf 89' lang='lat' dir='ltr'>Orei,</span> <span class='ocrx_word' id='word_1_84' title='bbox 2753 877 2973 950; x_wconf 85' lang='lat' dir='ltr'>Euripi,</span> <span class='ocrx_word' id='word_1_85' title='bbox 3010 874 3296 942; x_wconf 87' lang='lat' dir='ltr'>Porthmi,</span> <span class='ocrx_word' id='word_1_86' title='bbox 3329 873 3563 945; x_wconf 78' lang='lat' dir='ltr'>Carysti</span> <span class='ocrx_word' id='word_1_87' title='bbox 3591 873 3653 929; x_wconf 92' lang='lat' dir='ltr'>in</span> <span class='ocrx_word' id='word_1_88' title='bbox 3681 873 3986 944; x_wconf 78' lang='lat' dir='ltr'>Euboea,</span> 
     </span>
    </p>
   </div>
   <div class='ocr_carea' id='block_1_11' title="bbox 572 962 3990 1042">
    <p class='ocr_par' dir='ltr' id='par_1_11' title="bbox 572 962 3990 1042">
     <span class='ocr_line' id='line_1_11' title="bbox 572 962 3990 1042; baseline -0.002 -16"><span class='ocrx_word' id='word_1_89' title='bbox 572 976 628 1026; x_wconf 88' lang='lat' dir='ltr'>et</span> <span class='ocrx_word' id='word_1_90' title='bbox 655 969 990 1025; x_wconf 83' lang='lat' dir='ltr'>insularum</span> <span class='ocrx_word' id='word_1_91' title='bbox 1024 969 1207 1042; x_wconf 88' lang='lat' dir='ltr'>Scyri,</span> <span class='ocrx_word' id='word_1_92' title='bbox 1241 969 1424 1025; x_wconf 89' lang='lat' dir='ltr'>Andri</span> <span class='ocrx_word' id='word_1_93' title='bbox 1456 975 1512 1026; x_wconf 88' lang='lat' dir='ltr'>et</span> <span class='ocrx_word' id='word_1_94' title='bbox 1538 973 1699 1042; x_wconf 66' lang='lat' dir='ltr'>Syrte</span> <span class='ocrx_word' id='word_1_95' title='bbox 1731 970 1782 1026; x_wconf 91' lang='lat' dir='ltr'>ei</span> <span class='ocrx_word' id='word_1_96' title='bbox 1814 974 1879 1026; x_wconf 90' lang='lat' dir='ltr'>ut</span> <span class='ocrx_word' id='word_1_97' title='bbox 1904 969 2271 1041; x_wconf 71' lang='lat' dir='ltr'>suﬁraganei</span> <span class='ocrx_word' id='word_1_98' title='bbox 2296 968 2547 1040; x_wconf 80' lang='lat' dir='ltr'>subjecti</span> <span class='ocrx_word' id='word_1_99' title='bbox 2576 970 2767 1024; x_wconf 89' lang='lat' dir='ltr'>erant.</span> <span class='ocrx_word' id='word_1_100' title='bbox 2798 966 2907 1039; x_wconf 90' lang='lat' dir='ltr'>(Cf.</span> <span class='ocrx_word' id='word_1_101' title='bbox 2956 967 3029 1022; x_wconf 88' lang='lat' dir='ltr'>Le</span> <span class='ocrx_word' id='word_1_102' title='bbox 3061 965 3269 1032; x_wconf 90' lang='lat' dir='ltr'>Quien,</span> <span class='ocrx_word' id='word_1_103' title='bbox 3315 962 3522 1018; x_wconf 77' lang='lat' dir='ltr'>Oriens</span> <span class='ocrx_word' id='word_1_104' title='bbox 3549 963 3990 1021; x_wconf 78' lang='lat' dir='ltr'>Christianus</span> 
     </span>
    </p>
   </div>
   <div class='ocr_carea' id='block_1_12' title="bbox 571 1059 1047 1131">
    <p class='ocr_par' dir='ltr' id='par_1_12' title="bbox 571 1059 1047 1131">
     <span class='ocr_line' id='line_1_12' title="bbox 571 1059 1047 1131; baseline 0 -19"><span class='ocrx_word' id='word_1_105' title='bbox 571 1062 636 1126; x_wconf 90' lang='lat' dir='ltr'>ll,</span> <span class='ocrx_word' id='word_1_106' title='bbox 658 1075 719 1130; x_wconf 87' lang='lat' dir='ltr'>p.</span> <span class='ocrx_word' id='word_1_107' title='bbox 756 1059 853 1114; x_wconf 87' lang='lat' dir='ltr'>l67</span> <span class='ocrx_word' id='word_1_108' title='bbox 873 1060 1047 1131; x_wconf 65' lang='lat' dir='ltr'>sqq).</span> 
     </span>
    </p>
   </div>
   <div class='ocr_carea' id='block_1_13' title="bbox 568 1160 3983 1238">
    <p class='ocr_par' dir='ltr' id='par_1_13' title="bbox 568 1160 3983 1238">
     <span class='ocr_line' id='line_1_13' title="bbox 568 1160 3983 1238; baseline -0.001 -18"><span class='ocrx_word' id='word_1_109' title='bbox 568 1166 596 1237; x_wconf 81' lang='lat'>§</span> <span class='ocrx_word' id='word_1_110' title='bbox 623 1165 714 1221; x_wconf 90' lang='lat' dir='ltr'>Ill.</span> <span class='ocrx_word' id='word_1_111' title='bbox 739 1166 1004 1222; x_wconf 76' lang='lat' dir='ltr'>Michael</span> <span class='ocrx_word' id='word_1_112' title='bbox 1025 1166 1398 1224; x_wconf 79' lang='lat' dir='ltr'>Athenarum</span> <span class='ocrx_word' id='word_1_113' title='bbox 1416 1165 2125 1238; x_wconf 79' lang='lat' dir='ltr'>archiep.—Byzantium</span> <span class='ocrx_word' id='word_1_114' title='bbox 2153 1183 2354 1224; x_wconf 84' lang='lat' dir='ltr'>rerum</span> <span class='ocrx_word' id='word_1_115' title='bbox 2383 1170 2603 1224; x_wconf 83' lang='lat' dir='ltr'>statum</span> <span class='ocrx_word' id='word_1_116' title='bbox 2625 1170 2968 1236; x_wconf 82' lang='lat' dir='ltr'>permutat;</span> <span class='ocrx_word' id='word_1_117' title='bbox 2990 1165 3187 1236; x_wconf 82' lang='lat' dir='ltr'>legum</span> <span class='ocrx_word' id='word_1_118' title='bbox 3204 1178 3314 1234; x_wconf 85' lang='lat' dir='ltr'>per</span> <span class='ocrx_word' id='word_1_119' title='bbox 3336 1162 3631 1222; x_wconf 81' lang='lat' dir='ltr'>Grteciam</span> <span class='ocrx_word' id='word_1_120' title='bbox 3662 1160 3983 1220; x_wconf 76' lang='lat' dir='ltr'>abolitio.</span> 
     </span>
    </p>
   </div>
   <div class='ocr_carea' id='block_1_14' title="bbox 637 1269 3988 1346">
    <p class='ocr_par' dir='ltr' id='par_1_14' title="bbox 637 1269 3988 1346">
     <span class='ocr_line' id='line_1_14' title="bbox 637 1269 3988 1346; baseline -0.003 -16"><span class='ocrx_word' id='word_1_121' title='bbox 637 1273 900 1340; x_wconf 80' lang='lat' dir='ltr'>Michael,</span> <span class='ocrx_word' id='word_1_122' title='bbox 925 1275 973 1330; x_wconf 91' lang='lat' dir='ltr'>si</span> <span class='ocrx_word' id='word_1_123' title='bbox 996 1275 1211 1330; x_wconf 87' lang='lat' dir='ltr'>asserit</span> <span class='ocrx_word' id='word_1_124' title='bbox 1241 1290 1304 1330; x_wconf 90' lang='lat' dir='ltr'>se</span> <span class='ocrx_word' id='word_1_125' title='bbox 1336 1289 1441 1346; x_wconf 91' lang='lat' dir='ltr'>per</span> <span class='ocrx_word' id='word_1_126' title='bbox 1472 1274 1711 1344; x_wconf 80' lang='lat' dir='ltr'>triginta</span> <span class='ocrx_word' id='word_1_127' title='bbox 1741 1290 1934 1331; x_wconf 89' lang='lat' dir='ltr'>annos</span> <span class='ocrx_word' id='word_1_128' title='bbox 1966 1291 2215 1331; x_wconf 90' lang='lat' dir='ltr'>munere</span> <span class='ocrx_word' id='word_1_129' title='bbox 2241 1272 2597 1330; x_wconf 86' lang='lat' dir='ltr'>sacerdotali</span> <span class='ocrx_word' id='word_1_130' title='bbox 2619 1271 2892 1328; x_wconf 89' lang='lat' dir='ltr'>functum</span> <span class='ocrx_word' id='word_1_131' title='bbox 2923 1287 3076 1340; x_wconf 92' lang='lat' dir='ltr'>esse,</span> <span class='ocrx_word' id='word_1_132' title='bbox 3105 1270 3220 1327; x_wconf 89' lang='lat' dir='ltr'>sub</span> <span class='ocrx_word' id='word_1_133' title='bbox 3251 1271 3432 1328; x_wconf 89' lang='lat' dir='ltr'>ﬁnem</span> <span class='ocrx_word' id='word_1_134' title='bbox 3465 1269 3650 1343; x_wconf 83' lang='grc'>(1175)</span> <span class='ocrx_word' id='word_1_135' title='bbox 3679 1286 3830 1326; x_wconf 77' lang='lat' dir='ltr'>saec.</span> <span class='ocrx_word' id='word_1_136' title='bbox 3877 1280 3988 1325; x_wconf 80' lang='lat' dir='ltr'>xu</span> 
     </span>
    </p>
   </div>
   <div class='ocr_carea' id='block_1_15' title="bbox 570 1360 3969 1435">
    <p class='ocr_par' dir='ltr' id='par_1_15' title="bbox 570 1360 3969 1435">
     <span class='ocr_line' id='line_1_15' title="bbox 570 1360 3969 1435; baseline -0.001 -17"><span class='ocrx_word' id='word_1_137' title='bbox 570 1363 686 1418; x_wconf 87' lang='lat' dir='ltr'>sub</span> <span class='ocrx_word' id='word_1_138' title='bbox 735 1363 1055 1419; x_wconf 86' lang='lat' dir='ltr'>Charitone</span> <span class='ocrx_word' id='word_1_139' title='bbox 1098 1363 1445 1435; x_wconf 86' lang='lat' dir='ltr'>patriarcha</span> <span class='ocrx_word' id='word_1_140' title='bbox 1494 1379 1719 1419; x_wconf 91' lang='lat' dir='ltr'>munus</span> <span class='ocrx_word' id='word_1_141' title='bbox 1777 1364 1978 1420; x_wconf 88' lang='lat' dir='ltr'>iniisse</span> <span class='ocrx_word' id='word_1_142' title='bbox 2026 1364 2278 1420; x_wconf 76' lang='lat' dir='ltr'>videtur-</span> <span class='ocrx_word' id='word_1_143' title='bbox 2332 1362 2552 1418; x_wconf 89' lang='lat' dir='ltr'>Casim.</span> <span class='ocrx_word' id='word_1_144' title='bbox 2594 1362 2863 1419; x_wconf 89' lang='lat' dir='ltr'>Oudinus</span> <span class='ocrx_word' id='word_1_145' title='bbox 2903 1363 3240 1429; x_wconf 81' lang='lat' dir='ltr'>(Comment.</span> <span class='ocrx_word' id='word_1_146' title='bbox 3293 1362 3362 1418; x_wconf 85' lang='lat' dir='ltr'>de</span> <span class='ocrx_word' id='word_1_147' title='bbox 3400 1363 3681 1431; x_wconf 80' lang='lat' dir='ltr'>scriptor.</span> <span class='ocrx_word' id='word_1_148' title='bbox 3713 1360 3969 1417; x_wconf 78' lang='lat' dir='ltr'>eccles.</span> 
     </span>
    </p>
   </div>
   <div class='ocr_carea' id='block_1_16' title="bbox 567 1450 3988 1524">
    <p class='ocr_par' dir='ltr' id='par_1_16' title="bbox 567 1450 3988 1524">
     <span class='ocr_line' id='line_1_16' title="bbox 567 1450 3988 1524; baseline -0.001 -17"><span class='ocrx_word' id='word_1_149' title='bbox 567 1469 628 1524; x_wconf 91' lang='lat' dir='ltr'>p.</span> <span class='ocrx_word' id='word_1_150' title='bbox 662 1453 798 1509; x_wconf 79' lang='grc'>1536</span> <span class='ocrx_word' id='word_1_151' title='bbox 826 1458 882 1508; x_wconf 89' lang='lat' dir='ltr'>et</span> <span class='ocrx_word' id='word_1_152' title='bbox 903 1453 1068 1522; x_wconf 73' lang='grc'>1712)</span> <span class='ocrx_word' id='word_1_153' title='bbox 1097 1452 1251 1508; x_wconf 90' lang='lat' dir='ltr'>duos</span> <span class='ocrx_word' id='word_1_154' title='bbox 1282 1452 1342 1507; x_wconf 90' lang='lat' dir='ltr'>in</span> <span class='ocrx_word' id='word_1_155' title='bbox 1391 1468 1471 1507; x_wconf 76' lang='lat' dir='ltr'>xu</span> <span class='ocrx_word' id='word_1_156' title='bbox 1501 1452 1722 1508; x_wconf 81' lang='lat' dir='ltr'>saeculo</span> <span class='ocrx_word' id='word_1_157' title='bbox 1752 1453 2163 1524; x_wconf 88' lang='lat' dir='ltr'>metropolitas</span> <span class='ocrx_word' id='word_1_158' title='bbox 2196 1453 2610 1521; x_wconf 78' lang='lat' dir='ltr'>Athenienses,</span> <span class='ocrx_word' id='word_1_159' title='bbox 2642 1451 2940 1508; x_wconf 90' lang='lat' dir='ltr'>Michaelis</span> <span class='ocrx_word' id='word_1_160' title='bbox 2971 1451 3219 1508; x_wconf 89' lang='lat' dir='ltr'>nomine</span> <span class='ocrx_word' id='word_1_161' title='bbox 3260 1450 3607 1522; x_wconf 88' lang='lat' dir='ltr'>designatos</span> <span class='ocrx_word' id='word_1_162' title='bbox 3635 1452 3988 1506; x_wconf 84' lang='lat' dir='ltr'>memorat</span> 
     </span>
    </p>
   </div>
   <div class='ocr_carea' id='block_1_17' title="bbox 565 1541 3983 1614">
    <p class='ocr_par' dir='ltr' id='par_1_17' title="bbox 565 1541 3983 1614">
     <span class='ocr_line' id='line_1_17' title="bbox 565 1541 3983 1614; baseline -0.001 -18"><span class='ocrx_word' id='word_1_163' title='bbox 565 1558 826 1614; x_wconf 88' lang='lat' dir='ltr'>quorum</span> <span class='ocrx_word' id='word_1_164' title='bbox 858 1541 1119 1613; x_wconf 89' lang='lat' dir='ltr'>priorem</span> <span class='ocrx_word' id='word_1_165' title='bbox 1150 1557 1312 1597; x_wconf 85' lang='lat' dir='ltr'>anno</span> <span class='ocrx_word' id='word_1_166' title='bbox 1363 1543 1500 1598; x_wconf 82' lang='grc'>1170</span> <span class='ocrx_word' id='word_1_167' title='bbox 1529 1541 1818 1612; x_wconf 85' lang='lat' dir='ltr'>assignat,</span> <span class='ocrx_word' id='word_1_168' title='bbox 1855 1546 1912 1597; x_wconf 92' lang='lat' dir='ltr'>et</span> <span class='ocrx_word' id='word_1_169' title='bbox 1939 1543 2134 1597; x_wconf 85' lang='lat' dir='ltr'>Const-</span> <span class='ocrx_word' id='word_1_170' title='bbox 2169 1543 2460 1600; x_wconf 86' lang='lat' dir='ltr'>Manassis</span> <span class='ocrx_word' id='word_1_171' title='bbox 2514 1547 2570 1598; x_wconf 89' lang='lat' dir='ltr'>et</span> <span class='ocrx_word' id='word_1_172' title='bbox 2605 1542 2904 1599; x_wconf 87' lang='lat' dir='ltr'>Simeonis</span> <span class='ocrx_word' id='word_1_173' title='bbox 2934 1542 3344 1614; x_wconf 73' lang='lat' dir='ltr'>Metaphrastaa</span> <span class='ocrx_word' id='word_1_174' title='bbox 3397 1545 3983 1614; x_wconf 87' lang='lat' dir='ltr'>contemporaneos</span> 
     </span>
    </p>
   </div>
   <div class='ocr_carea' id='block_1_18' title="bbox 564 1629 3981 1704">
    <p class='ocr_par' dir='ltr' id='par_1_18' title="bbox 564 1629 3981 1704">
     <span class='ocr_line' id='line_1_18' title="bbox 564 1629 3981 1704; baseline 0 -20"><span class='ocrx_word' id='word_1_175' title='bbox 564 1629 741 1698; x_wconf 84' lang='lat' dir='ltr'>facit;</span> <span class='ocrx_word' id='word_1_176' title='bbox 769 1646 891 1702; x_wconf 91' lang='lat' dir='ltr'>quo</span> <span class='ocrx_word' id='word_1_177' title='bbox 922 1645 1118 1685; x_wconf 90' lang='lat' dir='ltr'>errore</span> <span class='ocrx_word' id='word_1_178' title='bbox 1148 1629 1445 1686; x_wconf 86' lang='lat' dir='ltr'>Harlesius</span> <span class='ocrx_word' id='word_1_179' title='bbox 1471 1646 1716 1703; x_wconf 92' lang='lat' dir='ltr'>quoque</span> <span class='ocrx_word' id='word_1_180' title='bbox 1734 1629 2124 1699; x_wconf 87' lang='lat' dir='ltr'>obstringitur</span> <span class='ocrx_word' id='word_1_181' title='bbox 2153 1632 2426 1702; x_wconf 85' lang='lat' dir='ltr'>(Fabricii</span> <span class='ocrx_word' id='word_1_182' title='bbox 2447 1633 2610 1689; x_wconf 80' lang='lat' dir='ltr'>Bibi.</span> <span class='ocrx_word' id='word_1_183' title='bbox 2642 1634 2746 1689; x_wconf 86' lang='lat' dir='ltr'>Gr.</span> <span class='ocrx_word' id='word_1_184' title='bbox 2772 1631 2866 1688; x_wconf 90' lang='lat' dir='ltr'>ed.</span> <span class='ocrx_word' id='word_1_185' title='bbox 2899 1648 3040 1689; x_wconf 87' lang='lat' dir='ltr'>nov.</span> <span class='ocrx_word' id='word_1_186' title='bbox 3073 1635 3159 1698; x_wconf 87' lang='lat' dir='ltr'>Xl,</span> <span class='ocrx_word' id='word_1_187' title='bbox 3193 1647 3253 1704; x_wconf 90' lang='lat' dir='ltr'>p.</span> <span class='ocrx_word' id='word_1_188' title='bbox 3286 1633 3410 1698; x_wconf 90' lang='grc'>188,</span> <span class='ocrx_word' id='word_1_189' title='bbox 3443 1637 3621 1698; x_wconf 90' lang='lat' dir='ltr'>not.),</span> <span class='ocrx_word' id='word_1_190' title='bbox 3654 1630 3981 1704; x_wconf 79' lang='lat' dir='ltr'>quamvis</span> 
     </span>
    </p>
   </div>
   <div class='ocr_carea' id='block_1_19' title="bbox 563 1718 3976 1793">
    <p class='ocr_par' dir='ltr' id='par_1_19' title="bbox 563 1718 3976 1793">
     <span class='ocr_line' id='line_1_19' title="bbox 563 1718 3976 1793; baseline 0 -19"><span class='ocrx_word' id='word_1_191' title='bbox 563 1733 751 1790; x_wconf 90' lang='lat' dir='ltr'>opera</span> <span class='ocrx_word' id='word_1_192' title='bbox 777 1719 854 1775; x_wconf 89' lang='lat' dir='ltr'>ab</span> <span class='ocrx_word' id='word_1_193' title='bbox 887 1718 1122 1775; x_wconf 89' lang='lat' dir='ltr'>Oudino</span> <span class='ocrx_word' id='word_1_194' title='bbox 1151 1719 1368 1789; x_wconf 88' lang='lat' dir='ltr'>majori</span> <span class='ocrx_word' id='word_1_195' title='bbox 1396 1719 1658 1775; x_wconf 87' lang='lat' dir='ltr'>Michaeli</span> <span class='ocrx_word' id='word_1_196' title='bbox 1687 1719 1990 1785; x_wconf 85' lang='lat' dir='ltr'>attributa,</span> <span class='ocrx_word' id='word_1_197' title='bbox 2013 1724 2220 1776; x_wconf 90' lang='lat' dir='ltr'>nostro</span> <span class='ocrx_word' id='word_1_198' title='bbox 2250 1722 2518 1778; x_wconf 89' lang='lat' dir='ltr'>Michaeli</span> <span class='ocrx_word' id='word_1_199' title='bbox 2555 1722 2932 1791; x_wconf 87' lang='lat' dir='ltr'>Acominato,</span> <span class='ocrx_word' id='word_1_200' title='bbox 2952 1721 3136 1793; x_wconf 90' lang='lat' dir='ltr'>idque</span> <span class='ocrx_word' id='word_1_201' title='bbox 3157 1723 3311 1791; x_wconf 89' lang='lat' dir='ltr'>jure,</span> <span class='ocrx_word' id='word_1_202' title='bbox 3344 1719 3606 1777; x_wconf 87' lang='lat' dir='ltr'>ascribit.</span> <span class='ocrx_word' id='word_1_203' title='bbox 3640 1721 3800 1776; x_wconf 86' lang='lat' dir='ltr'>Inter</span> <span class='ocrx_word' id='word_1_204' title='bbox 3827 1719 3976 1775; x_wconf 83' lang='lat' dir='ltr'>ista</span> 
     </span>
    </p>
   </div>
   <div class='ocr_carea' id='block_1_20' title="bbox 563 1803 3974 1881">
    <p class='ocr_par' dir='ltr' id='par_1_20' title="bbox 563 1803 3974 1881">
     <span class='ocr_line' id='line_1_20' title="bbox 563 1803 3974 1881; baseline 0 -19"><span class='ocrx_word' id='word_1_205' title='bbox 563 1823 750 1880; x_wconf 88' lang='lat' dir='ltr'>opera</span> <span class='ocrx_word' id='word_1_206' title='bbox 774 1809 1108 1864; x_wconf 89' lang='lat' dir='ltr'>orationem</span> <span class='ocrx_word' id='word_1_207' title='bbox 1136 1807 1328 1864; x_wconf 91' lang='lat' dir='ltr'>habes</span> <span class='ocrx_word' id='word_1_208' title='bbox 1385 1808 1630 1864; x_wconf 82' lang='lat' dir='ltr'>Athenis</span> <span class='ocrx_word' id='word_1_209' title='bbox 1682 1809 1953 1865; x_wconf 90' lang='lat' dir='ltr'>muneris</span> <span class='ocrx_word' id='word_1_210' title='bbox 1998 1808 2122 1865; x_wconf 90' lang='lat' dir='ltr'>initi</span> <span class='ocrx_word' id='word_1_211' title='bbox 2155 1809 2252 1866; x_wconf 89' lang='lat' dir='ltr'>die</span> <span class='ocrx_word' id='word_1_212' title='bbox 2300 1810 2596 1876; x_wconf 90' lang='lat' dir='ltr'>habitam,</span> <span class='ocrx_word' id='word_1_213' title='bbox 2628 1815 2684 1864; x_wconf 90' lang='lat' dir='ltr'>et</span> <span class='ocrx_word' id='word_1_214' title='bbox 2711 1803 2884 1881; x_wconf 82' lang='lat' dir='ltr'>cujus</span> <span class='ocrx_word' id='word_1_215' title='bbox 2910 1809 3095 1866; x_wconf 90' lang='lat' dir='ltr'>verba</span> <span class='ocrx_word' id='word_1_216' title='bbox 3125 1808 3564 1866; x_wconf 89' lang='lat' dir='ltr'>introductoria</span> <span class='ocrx_word' id='word_1_217' title='bbox 3594 1807 3725 1864; x_wconf 88' lang='lat' dir='ltr'>sola</span> <span class='ocrx_word' id='word_1_218' title='bbox 3767 1807 3974 1880; x_wconf 86' lang='lat' dir='ltr'>apud</span> 
     </span>
    </p>
   </div>
   <div class='ocr_carea' id='block_1_21' title="bbox 564 1895 2317 1972">
    <p class='ocr_par' dir='ltr' id='par_1_21' title="bbox 564 1897 2268 1971">
     <span class='ocr_line' id='line_1_21' title="bbox 564 1897 2268 1971; baseline -0.001 -19"><span class='ocrx_word' id='word_1_219' title='bbox 564 1897 921 1953; x_wconf 90' lang='lat' dir='ltr'>Bandinium</span> <span class='ocrx_word' id='word_1_220' title='bbox 966 1899 1160 1968; x_wconf 78' lang='lat' dir='ltr'>(Epist</span> <span class='ocrx_word' id='word_1_221' title='bbox 1193 1898 1265 1953; x_wconf 83' lang='lat' dir='ltr'>de</span> <span class='ocrx_word' id='word_1_222' title='bbox 1294 1897 1591 1954; x_wconf 79' lang='lat' dir='ltr'>Illic/tacte</span> <span class='ocrx_word' id='word_1_223' title='bbox 1617 1899 2017 1970; x_wconf 88' lang='lat' dir='ltr'>Acominato),</span> <span class='ocrx_word' id='word_1_224' title='bbox 2051 1901 2148 1951; x_wconf 85' lang='grc' dir='ltr'>Τὸν</span> <span class='ocrx_word' id='word_1_225' title='bbox 2178 1902 2268 1971; x_wconf 74' lang='grc' dir='ltr'>μὲν</span> 
     </span>
    </p>
   </div>
   <div class='ocr_carea' id='block_1_22' title="bbox 2348 1895 3972 1972">
    <p class='ocr_par' dir='ltr' id='par_1_22' title="bbox 2348 1896 3972 1972">
     <span class='ocr_line' id='line_1_22' title="bbox 2348 1896 3972 1972; baseline -0.002 -22"><span class='ocrx_word' id='word_1_226' title='bbox 2348 1902 2386 1958; x_wconf 76' lang='grc' dir='ltr'>¹ὴ</span> <span class='ocrx_word' id='word_1_227' title='bbox 2420 1904 2778 1972; x_wconf 81' lang='grc' dir='ltr'>προσήκοντα,</span> <span class='ocrx_word' id='word_1_228' title='bbox 2809 1903 2867 1954; x_wconf 90' lang='lat' dir='ltr'>et</span> <span class='ocrx_word' id='word_1_229' title='bbox 2897 1898 3146 1955; x_wconf 90' lang='lat' dir='ltr'>ultima:</span> <span class='ocrx_word' id='word_1_230' title='bbox 3180 1896 3292 1951; x_wconf 79' lang='grc' dir='ltr'>Ἵνα</span> <span class='ocrx_word' id='word_1_231' title='bbox 3315 1902 3404 1950; x_wconf 78' lang='grc' dir='ltr'>καὶ</span> <span class='ocrx_word' id='word_1_232' title='bbox 3452 1897 3602 1951; x_wconf 68' lang='grc' dir='ltr'>αὐτοὶ</span> <span class='ocrx_word' id='word_1_233' title='bbox 3642 1900 3764 1959; x_wconf 84' lang='grc' dir='ltr'>ναὸς</span> <span class='ocrx_word' id='word_1_234' title='bbox 3802 1904 3972 1950; x_wconf 79' lang='grc' dir='ltr'>Θεοῦ</span> 
     </span>
    </p>
   </div>
   <div class='ocr_carea' id='block_1_23' title="bbox 563 1985 2317 2061">
    <p class='ocr_par' dir='ltr' id='par_1_23' title="bbox 563 1985 2317 2061">
     <span class='ocr_line' id='line_1_23' title="bbox 563 1985 2317 2061; baseline 0.001 -23"><span class='ocrx_word' id='word_1_235' title='bbox 563 1987 735 2059; x_wconf 79' lang='grc' dir='ltr'>εἴημεν</span> <span class='ocrx_word' id='word_1_236' title='bbox 758 1985 805 2038; x_wconf 83' lang='grc' dir='ltr'>ἐν</span> <span class='ocrx_word' id='word_1_237' title='bbox 833 1987 972 2058; x_wconf 68' lang='grc' dir='ltr'>αὐτῷ</span> <span class='ocrx_word' id='word_1_238' title='bbox 997 1995 1236 2061; x_wconf 77' lang='grc' dir='ltr'>Χριστῷ,</span> <span class='ocrx_word' id='word_1_239' title='bbox 1271 1991 1405 2056; x_wconf 92' lang='lat' dir='ltr'>etc.,</span> <span class='ocrx_word' id='word_1_240' title='bbox 1437 1986 1714 2057; x_wconf 86' lang='lat' dir='ltr'>legimus.</span> <span class='ocrx_word' id='word_1_241' title='bbox 1749 1987 1994 2044; x_wconf 86' lang='lat' dir='ltr'>Michael</span> <span class='ocrx_word' id='word_1_242' title='bbox 2021 1986 2157 2044; x_wconf 89' lang='lat' dir='ltr'>licet</span> <span class='ocrx_word' id='word_1_243' title='bbox 2182 1988 2317 2044; x_wconf 65' lang='lat' dir='ltr'>antit</span> 
     </span>
    </p>
   </div>
   <div class='ocr_carea' id='block_1_24' title="bbox 2348 1985 3976 2061">
    <p class='ocr_par' dir='ltr' id='par_1_24' title="bbox 2356 1986 3976 2060">
     <span class='ocr_line' id='line_1_24' title="bbox 2356 1986 3976 2060; baseline -0.002 -15"><span class='ocrx_word' id='word_1_244' title='bbox 2356 2005 2432 2044; x_wconf 93' lang='lat' dir='ltr'>uo</span> <span class='ocrx_word' id='word_1_245' title='bbox 2461 2004 2630 2045; x_wconf 91' lang='lat' dir='ltr'>more</span> <span class='ocrx_word' id='word_1_246' title='bbox 2669 1989 2980 2055; x_wconf 87' lang='lat' dir='ltr'>educatus,</span> <span class='ocrx_word' id='word_1_247' title='bbox 3009 1987 3071 2043; x_wconf 85' lang='lat' dir='ltr'>in</span> <span class='ocrx_word' id='word_1_248' title='bbox 3098 1987 3212 2043; x_wconf 89' lang='lat' dir='ltr'>ista</span> <span class='ocrx_word' id='word_1_249' title='bbox 3235 1987 3444 2060; x_wconf 89' lang='lat' dir='ltr'>phrasi</span> <span class='ocrx_word' id='word_1_250' title='bbox 3464 1986 3668 2043; x_wconf 89' lang='lat' dir='ltr'>divina</span> <span class='ocrx_word' id='word_1_251' title='bbox 3699 1991 3763 2042; x_wconf 93' lang='lat' dir='ltr'>ut</span> <span class='ocrx_word' id='word_1_252' title='bbox 3795 1991 3868 2042; x_wconf 87' lang='lat' dir='ltr'>et</span> <span class='ocrx_word' id='word_1_253' title='bbox 3897 1986 3976 2041; x_wconf 88' lang='lat' dir='ltr'>in</span> 
     </span>
    </p>
   </div>
   <div class='ocr_carea' id='block_1_25' title="bbox 561 2074 3971 2149">
    <p class='ocr_par' dir='ltr' id='par_1_25' title="bbox 561 2074 3971 2149">
     <span class='ocr_line' id='line_1_25' title="bbox 561 2074 3971 2149; baseline -0.001 -17"><span class='ocrx_word' id='word_1_254' title='bbox 561 2077 789 2132; x_wconf 74' lang='lat' dir='ltr'>caeteris</span> <span class='ocrx_word' id='word_1_255' title='bbox 814 2075 1098 2132; x_wconf 90' lang='lat' dir='ltr'>omnibus</span> <span class='ocrx_word' id='word_1_256' title='bbox 1122 2093 1258 2148; x_wconf 83' lang='lat' dir='ltr'>quae</span> <span class='ocrx_word' id='word_1_257' title='bbox 1294 2076 1519 2148; x_wconf 90' lang='lat' dir='ltr'>scripta</span> <span class='ocrx_word' id='word_1_258' title='bbox 1565 2075 1822 2149; x_wconf 89' lang='lat' dir='ltr'>reliquit,</span> <span class='ocrx_word' id='word_1_259' title='bbox 1854 2076 2279 2133; x_wconf 76' lang='lat' dir='ltr'>orthodoxiam</span> <span class='ocrx_word' id='word_1_260' title='bbox 2310 2093 2382 2134; x_wconf 86' lang='lat' dir='ltr'>ex</span> <span class='ocrx_word' id='word_1_261' title='bbox 2439 2077 2630 2134; x_wconf 89' lang='lat' dir='ltr'>oculis</span> <span class='ocrx_word' id='word_1_262' title='bbox 2663 2093 2786 2134; x_wconf 92' lang='lat' dir='ltr'>non</span> <span class='ocrx_word' id='word_1_263' title='bbox 2817 2076 3051 2143; x_wconf 86' lang='lat' dir='ltr'>amittit,</span> <span class='ocrx_word' id='word_1_264' title='bbox 3085 2093 3222 2149; x_wconf 76' lang='lat' dir='ltr'>quae</span> <span class='ocrx_word' id='word_1_265' title='bbox 3251 2075 3635 2148; x_wconf 73' lang='grc' dir='ltr'>καλοκαγαθίας</span> <span class='ocrx_word' id='word_1_266' title='bbox 3671 2074 3971 2148; x_wconf 69' lang='lat' dir='ltr'>antiquae</span> 
     </span>
    </p>
   </div>
   <div class='ocr_carea' id='block_1_26' title="bbox 557 2163 3972 2238">
    <p class='ocr_par' dir='ltr' id='par_1_26' title="bbox 557 2163 3972 2238">
     <span class='ocr_line' id='line_1_26' title="bbox 557 2163 3972 2238; baseline 0 -17"><span class='ocrx_word' id='word_1_267' title='bbox 557 2163 691 2222; x_wconf 87' lang='lat' dir='ltr'>loco</span> <span class='ocrx_word' id='word_1_268' title='bbox 724 2165 908 2222; x_wconf 62' lang='lat' dir='ltr'>Graeci</span> <span class='ocrx_word' id='word_1_269' title='bbox 933 2163 1255 2236; x_wconf 89' lang='lat' dir='ltr'>cujuslibet</span> <span class='ocrx_word' id='word_1_270' title='bbox 1278 2181 1627 2238; x_wconf 90' lang='lat' dir='ltr'>supremam</span> <span class='ocrx_word' id='word_1_271' title='bbox 1655 2164 1902 2222; x_wconf 90' lang='lat' dir='ltr'>laudem</span> <span class='ocrx_word' id='word_1_272' title='bbox 1932 2165 2256 2222; x_wconf 88' lang='lat' dir='ltr'>constituit.</span> <span class='ocrx_word' id='word_1_273' title='bbox 2287 2167 2515 2233; x_wconf 88' lang='lat' dir='ltr'>Quodsi</span> <span class='ocrx_word' id='word_1_274' title='bbox 2537 2167 2884 2225; x_wconf 84' lang='lat' dir='ltr'>Michaelem</span> <span class='ocrx_word' id='word_1_275' title='bbox 2910 2171 3186 2224; x_wconf 91' lang='lat' dir='ltr'>nostrum</span> <span class='ocrx_word' id='word_1_276' title='bbox 3222 2166 3428 2223; x_wconf 86' lang='lat' dir='ltr'>Atticis</span> <span class='ocrx_word' id='word_1_277' title='bbox 3458 2165 3819 2222; x_wconf 88' lang='lat' dir='ltr'>innutritum</span> <span class='ocrx_word' id='word_1_278' title='bbox 3857 2181 3972 2221; x_wconf 84' lang='lat' dir='ltr'>ar-</span> 
     </span>
    </p>
   </div>
   <div class='ocr_carea' id='block_1_27' title="bbox 557 2253 3964 2328">
    <p class='ocr_par' dir='ltr' id='par_1_27' title="bbox 557 2253 3964 2328">
     <span class='ocr_line' id='line_1_27' title="bbox 557 2253 3964 2328; baseline 0 -19"><span class='ocrx_word' id='word_1_279' title='bbox 557 2254 718 2310; x_wconf 88' lang='lat' dir='ltr'>tibus</span> <span class='ocrx_word' id='word_1_280' title='bbox 744 2259 801 2310; x_wconf 90' lang='lat' dir='ltr'>et</span> <span class='ocrx_word' id='word_1_281' title='bbox 827 2255 1037 2310; x_wconf 88' lang='lat' dir='ltr'>litteris</span> <span class='ocrx_word' id='word_1_282' title='bbox 1067 2255 1312 2311; x_wconf 85' lang='lat' dir='ltr'>Athenis</span> <span class='ocrx_word' id='word_1_283' title='bbox 1343 2269 1477 2326; x_wconf 65' lang='lat' dir='ltr'>quae</span> <span class='ocrx_word' id='word_1_284' title='bbox 1509 2253 1770 2326; x_wconf 88' lang='lat' dir='ltr'>templis,</span> <span class='ocrx_word' id='word_1_285' title='bbox 1805 2255 2016 2310; x_wconf 89' lang='lat' dir='ltr'>statuis</span> <span class='ocrx_word' id='word_1_286' title='bbox 2042 2253 2463 2324; x_wconf 88' lang='lat' dir='ltr'>abundabant,</span> <span class='ocrx_word' id='word_1_287' title='bbox 2498 2256 2737 2314; x_wconf 90' lang='lat' dir='ltr'>Periclei</span> <span class='ocrx_word' id='word_1_288' title='bbox 2756 2257 2870 2313; x_wconf 61' lang='lat' dir='ltr'>aevi</span> <span class='ocrx_word' id='word_1_289' title='bbox 2898 2259 3296 2313; x_wconf 86' lang='lat' dir='ltr'>monumenta</span> <span class='ocrx_word' id='word_1_290' title='bbox 3322 2255 3720 2328; x_wconf 84' lang='lat' dir='ltr'>inspirabant,</span> <span class='ocrx_word' id='word_1_291' title='bbox 3752 2253 3964 2324; x_wconf 89' lang='lat' dir='ltr'>idem,</span> 
     </span>
    </p>
   </div>
   <div class='ocr_carea' id='block_1_28' title="bbox 558 2341 3972 2417">
    <p class='ocr_par' dir='ltr' id='par_1_28' title="bbox 558 2341 3972 2417">
     <span class='ocr_line' id='line_1_28' title="bbox 558 2341 3972 2417; baseline -0 -19"><span class='ocrx_word' id='word_1_292' title='bbox 558 2359 683 2414; x_wconf 91' lang='lat' dir='ltr'>qua</span> <span class='ocrx_word' id='word_1_293' title='bbox 723 2343 1096 2399; x_wconf 85' lang='lat' dir='ltr'>Christianus</span> <span class='ocrx_word' id='word_1_294' title='bbox 1129 2359 1200 2399; x_wconf 87' lang='lat' dir='ltr'>ac</span> <span class='ocrx_word' id='word_1_295' title='bbox 1231 2342 1534 2412; x_wconf 89' lang='lat' dir='ltr'>sacerdos,</span> <span class='ocrx_word' id='word_1_296' title='bbox 1575 2342 1762 2399; x_wconf 90' lang='lat' dir='ltr'>divini</span> <span class='ocrx_word' id='word_1_297' title='bbox 1791 2344 1965 2415; x_wconf 91' lang='lat' dir='ltr'>quasi</span> <span class='ocrx_word' id='word_1_298' title='bbox 1997 2343 2232 2400; x_wconf 70' lang='lat' dir='ltr'>aetheris</span> <span class='ocrx_word' id='word_1_299' title='bbox 2281 2343 2532 2401; x_wconf 89' lang='lat' dir='ltr'>ﬂamina</span> <span class='ocrx_word' id='word_1_300' title='bbox 2572 2343 3012 2417; x_wconf 80' lang='lat' dir='ltr'>experiebatur.</span> <span class='ocrx_word' id='word_1_301' title='bbox 3046 2346 3192 2400; x_wconf 89' lang='lat' dir='ltr'>Ante</span> <span class='ocrx_word' id='word_1_302' title='bbox 3224 2359 3365 2399; x_wconf 84' lang='lat' dir='ltr'>eum</span> <span class='ocrx_word' id='word_1_303' title='bbox 3396 2343 3460 2399; x_wconf 93' lang='lat' dir='ltr'>D.</span> <span class='ocrx_word' id='word_1_304' title='bbox 3505 2341 3728 2399; x_wconf 89' lang='lat' dir='ltr'>Paulus</span> <span class='ocrx_word' id='word_1_305' title='bbox 3769 2341 3972 2398; x_wconf 84' lang='lat' dir='ltr'>Athe-</span> 
     </span>
    </p>
   </div>
   <div class='ocr_carea' id='block_1_29' title="bbox 558 2430 3967 2506">
    <p class='ocr_par' dir='ltr' id='par_1_29' title="bbox 558 2430 3967 2506">
     <span class='ocr_line' id='line_1_29' title="bbox 558 2430 3967 2506; baseline -0 -18"><span class='ocrx_word' id='word_1_306' title='bbox 558 2433 874 2489; x_wconf 89' lang='lat' dir='ltr'>niensibus</span> <span class='ocrx_word' id='word_1_307' title='bbox 903 2433 966 2489; x_wconf 89' lang='lat' dir='ltr'>in</span> <span class='ocrx_word' id='word_1_308' title='bbox 997 2440 1316 2506; x_wconf 88' lang='lat' dir='ltr'>Areopago</span> <span class='ocrx_word' id='word_1_309' title='bbox 1345 2449 1581 2506; x_wconf 89' lang='lat' dir='ltr'>pacem,</span> <span class='ocrx_word' id='word_1_310' title='bbox 1611 2437 1669 2489; x_wconf 90' lang='lat' dir='ltr'>et</span> <span class='ocrx_word' id='word_1_311' title='bbox 1703 2434 1766 2488; x_wconf 93' lang='lat' dir='ltr'>in</span> <span class='ocrx_word' id='word_1_312' title='bbox 1796 2433 2022 2506; x_wconf 90' lang='lat' dir='ltr'>templo</span> <span class='ocrx_word' id='word_1_313' title='bbox 2044 2434 2145 2490; x_wconf 92' lang='lat' dir='ltr'>Dei</span> <span class='ocrx_word' id='word_1_314' title='bbox 2173 2433 2460 2503; x_wconf 87' lang='lat' dir='ltr'>incogniti</span> <span class='ocrx_word' id='word_1_315' title='bbox 2490 2436 2680 2490; x_wconf 91' lang='lat' dir='ltr'>Deum</span> <span class='ocrx_word' id='word_1_316' title='bbox 2707 2432 2768 2489; x_wconf 94' lang='lat' dir='ltr'>in</span> <span class='ocrx_word' id='word_1_317' title='bbox 2802 2432 3034 2489; x_wconf 88' lang='lat' dir='ltr'>Christo</span> <span class='ocrx_word' id='word_1_318' title='bbox 3063 2431 3516 2488; x_wconf 86' lang='lat' dir='ltr'>manifestatum</span> <span class='ocrx_word' id='word_1_319' title='bbox 3547 2430 3967 2488; x_wconf 84' lang='lat' dir='ltr'>annuntiave-</span> 
     </span>
    </p>
   </div>
   <div class='ocr_carea' id='block_1_30' title="bbox 559 2516 3968 2595">
    <p class='ocr_par' dir='ltr' id='par_1_30' title="bbox 559 2516 3968 2595">
     <span class='ocr_line' id='line_1_30' title="bbox 559 2516 3968 2595; baseline 0 -19"><span class='ocrx_word' id='word_1_320' title='bbox 559 2525 691 2586; x_wconf 87' lang='lat' dir='ltr'>rat;</span> <span class='ocrx_word' id='word_1_321' title='bbox 723 2526 778 2576; x_wconf 91' lang='lat' dir='ltr'>et</span> <span class='ocrx_word' id='word_1_322' title='bbox 805 2521 1033 2576; x_wconf 89' lang='lat' dir='ltr'>ibidem</span> <span class='ocrx_word' id='word_1_323' title='bbox 1065 2521 1389 2594; x_wconf 86' lang='lat' dir='ltr'>Dionysius</span> <span class='ocrx_word' id='word_1_324' title='bbox 1421 2522 1784 2593; x_wconf 87' lang='lat' dir='ltr'>Areopagita</span> <span class='ocrx_word' id='word_1_325' title='bbox 1813 2521 2044 2593; x_wconf 87' lang='lat' dir='ltr'>primus</span> <span class='ocrx_word' id='word_1_326' title='bbox 2077 2523 2399 2595; x_wconf 89' lang='lat' dir='ltr'>episcopus</span> <span class='ocrx_word' id='word_1_327' title='bbox 2431 2527 2820 2586; x_wconf 88' lang='lat' dir='ltr'>memoratur,</span> <span class='ocrx_word' id='word_1_328' title='bbox 2854 2522 3016 2577; x_wconf 90' lang='lat' dir='ltr'>idem</span> <span class='ocrx_word' id='word_1_329' title='bbox 3045 2516 3277 2594; x_wconf 83' lang='lat' dir='ltr'>martyr</span> <span class='ocrx_word' id='word_1_330' title='bbox 3298 2523 3552 2583; x_wconf 77' lang='lat' dir='ltr'>Graecus,</span> <span class='ocrx_word' id='word_1_331' title='bbox 3579 2535 3768 2592; x_wconf 89' lang='lat' dir='ltr'>quem</span> <span class='ocrx_word' id='word_1_332' title='bbox 3812 2518 3968 2576; x_wconf 84' lang='lat' dir='ltr'>Gal-</span> 
     </span>
    </p>
   </div>
   <div class='ocr_carea' id='block_1_31' title="bbox 561 2607 3962 2684">
    <p class='ocr_par' dir='ltr' id='par_1_31' title="bbox 561 2607 3962 2684">
     <span class='ocr_line' id='line_1_31' title="bbox 561 2607 3962 2684; baseline -0 -20"><span class='ocrx_word' id='word_1_333' title='bbox 561 2609 644 2665; x_wconf 89' lang='lat' dir='ltr'>lia</span> <span class='ocrx_word' id='word_1_334' title='bbox 672 2625 916 2682; x_wconf 91' lang='lat' dir='ltr'>quoque</span> <span class='ocrx_word' id='word_1_335' title='bbox 947 2610 1294 2682; x_wconf 90' lang='lat' dir='ltr'>apostolum</span> <span class='ocrx_word' id='word_1_336' title='bbox 1334 2614 1390 2666; x_wconf 91' lang='lat' dir='ltr'>et</span> <span class='ocrx_word' id='word_1_337' title='bbox 1420 2615 1749 2682; x_wconf 85' lang='lat' dir='ltr'>patronum</span> <span class='ocrx_word' id='word_1_338' title='bbox 1780 2627 1960 2667; x_wconf 91' lang='lat' dir='ltr'>suum</span> <span class='ocrx_word' id='word_1_339' title='bbox 1987 2617 2272 2668; x_wconf 88' lang='lat' dir='ltr'>venerata</span> <span class='ocrx_word' id='word_1_340' title='bbox 2293 2615 2380 2667; x_wconf 90' lang='lat' dir='ltr'>est</span> <span class='ocrx_word' id='word_1_341' title='bbox 2403 2627 2474 2668; x_wconf 93' lang='lat' dir='ltr'>eo</span> <span class='ocrx_word' id='word_1_342' title='bbox 2505 2616 2795 2684; x_wconf 90' lang='lat' dir='ltr'>tempore,</span> <span class='ocrx_word' id='word_1_343' title='bbox 2827 2627 2949 2684; x_wconf 91' lang='lat' dir='ltr'>quo</span> <span class='ocrx_word' id='word_1_344' title='bbox 2973 2610 3106 2683; x_wconf 87' lang='lat' dir='ltr'>ipsa</span> <span class='ocrx_word' id='word_1_345' title='bbox 3128 2609 3268 2666; x_wconf 84' lang='lat' dir='ltr'>novi</span> <span class='ocrx_word' id='word_1_346' title='bbox 3296 2609 3596 2682; x_wconf 83' lang='lat' dir='ltr'>Evangelii</span> <span class='ocrx_word' id='word_1_347' title='bbox 3625 2607 3962 2681; x_wconf 87' lang='lat' dir='ltr'>apostolos</span> 
     </span>
    </p>
   </div>
   <div class='ocr_carea' id='block_1_32' title="bbox 562 2696 3968 2773">
    <p class='ocr_par' dir='ltr' id='par_1_32' title="bbox 562 2696 3968 2773">
     <span class='ocr_line' id='line_1_32' title="bbox 562 2696 3968 2773; baseline -0 -18"><span class='ocrx_word' id='word_1_348' title='bbox 562 2715 670 2771; x_wconf 89' lang='lat' dir='ltr'>per</span> <span class='ocrx_word' id='word_1_349' title='bbox 696 2715 940 2755; x_wconf 92' lang='lat' dir='ltr'>omnem</span> <span class='ocrx_word' id='word_1_350' title='bbox 962 2699 1190 2763; x_wconf 90' lang='lat' dir='ltr'>orbem,</span> <span class='ocrx_word' id='word_1_351' title='bbox 1215 2699 1546 2771; x_wconf 82' lang='lat' dir='ltr'>praesertim</span> <span class='ocrx_word' id='word_1_352' title='bbox 1574 2699 1636 2755; x_wconf 91' lang='lat' dir='ltr'>in</span> <span class='ocrx_word' id='word_1_353' title='bbox 1661 2715 1797 2756; x_wconf 91' lang='lat' dir='ltr'>eam</span> <span class='ocrx_word' id='word_1_354' title='bbox 1826 2700 2135 2771; x_wconf 87' lang='lat' dir='ltr'>regionem</span> <span class='ocrx_word' id='word_1_355' title='bbox 2165 2701 2380 2770; x_wconf 89' lang='lat' dir='ltr'>emisit,</span> <span class='ocrx_word' id='word_1_356' title='bbox 2401 2700 2563 2757; x_wconf 90' lang='lat' dir='ltr'>unde</span> <span class='ocrx_word' id='word_1_357' title='bbox 2593 2706 2808 2773; x_wconf 75' lang='lat' dir='ltr'>praeter</span> <span class='ocrx_word' id='word_1_358' title='bbox 2830 2699 3358 2757; x_wconf 88' lang='lat' dir='ltr'>Christianismum</span> <span class='ocrx_word' id='word_1_359' title='bbox 3385 2698 3747 2772; x_wconf 85' lang='lat' dir='ltr'>perantiqua</span> <span class='ocrx_word' id='word_1_360' title='bbox 3765 2696 3968 2754; x_wconf 53' lang='lat' dir='ltr'>liber-</span> 
     </span>
    </p>
   </div>
   <div class='ocr_carea' id='block_1_33' title="bbox 566 2786 2279 2860">
    <p class='ocr_par' dir='ltr' id='par_1_33' title="bbox 566 2786 2279 2860">
     <span class='ocr_line' id='line_1_33' title="bbox 566 2786 2279 2860; baseline 0.001 -18"><span class='ocrx_word' id='word_1_361' title='bbox 566 2787 701 2844; x_wconf 87' lang='lat' dir='ltr'>tatis</span> <span class='ocrx_word' id='word_1_362' title='bbox 733 2786 916 2842; x_wconf 89' lang='lat' dir='ltr'>civilis</span> <span class='ocrx_word' id='word_1_363' title='bbox 947 2786 1186 2843; x_wconf 87' lang='lat' dir='ltr'>traditio</span> <span class='ocrx_word' id='word_1_364' title='bbox 1211 2786 1264 2842; x_wconf 90' lang='lat' dir='ltr'>ei</span> <span class='ocrx_word' id='word_1_365' title='bbox 1291 2791 1559 2858; x_wconf 84' lang='lat' dir='ltr'>venerat,</span> <span class='ocrx_word' id='word_1_366' title='bbox 1596 2787 1658 2843; x_wconf 92' lang='lat' dir='ltr'>in</span> <span class='ocrx_word' id='word_1_367' title='bbox 1691 2787 1981 2845; x_wconf 76' lang='lat' dir='ltr'>Graeciam</span> <span class='ocrx_word' id='word_1_368' title='bbox 2017 2789 2152 2846; x_wconf 90' lang='lat' dir='ltr'>dico</span> <span class='ocrx_word' id='word_1_369' title='bbox 2181 2793 2279 2860; x_wconf 83' lang='lat'>(1).</span> 
     </span>
    </p>
   </div>
   <div class='ocr_carea' id='block_1_34' title="bbox 637 2875 3963 2953">
    <p class='ocr_par' dir='ltr' id='par_1_34' title="bbox 637 2875 3963 2953">
     <span class='ocr_line' id='line_1_34' title="bbox 637 2875 3963 2953; baseline -0 -20"><span class='ocrx_word' id='word_1_370' title='bbox 637 2876 882 2933; x_wconf 84' lang='lat' dir='ltr'>Michael</span> <span class='ocrx_word' id='word_1_371' title='bbox 910 2876 1172 2933; x_wconf 85' lang='lat' dir='ltr'>Athenas</span> <span class='ocrx_word' id='word_1_372' title='bbox 1199 2891 1404 2934; x_wconf 87' lang='lat' dir='ltr'>sacras</span> <span class='ocrx_word' id='word_1_373' title='bbox 1429 2877 1699 2934; x_wconf 89' lang='lat' dir='ltr'>oratione</span> <span class='ocrx_word' id='word_1_374' title='bbox 1730 2877 1989 2935; x_wconf 88' lang='lat' dir='ltr'>celebrat</span> <span class='ocrx_word' id='word_1_375' title='bbox 2018 2878 2079 2934; x_wconf 93' lang='lat' dir='ltr'>in</span> <span class='ocrx_word' id='word_1_376' title='bbox 2110 2879 2431 2936; x_wconf 90' lang='lat' dir='ltr'>Leonidem</span> <span class='ocrx_word' id='word_1_377' title='bbox 2462 2885 2794 2953; x_wconf 82' lang='lat' dir='ltr'>martyrem</span> <span class='ocrx_word' id='word_1_378' title='bbox 2825 2883 2882 2935; x_wconf 91' lang='lat' dir='ltr'>et</span> <span class='ocrx_word' id='word_1_379' title='bbox 2913 2878 3108 2936; x_wconf 88' lang='lat' dir='ltr'>socios</span> <span class='ocrx_word' id='word_1_380' title='bbox 3137 2877 3380 2942; x_wconf 89' lang='lat' dir='ltr'>habita;</span> <span class='ocrx_word' id='word_1_381' title='bbox 3409 2875 3631 2934; x_wconf 87' lang='lat' dir='ltr'>heroici</span> <span class='ocrx_word' id='word_1_382' title='bbox 3659 2875 3963 2948; x_wconf 88' lang='lat' dir='ltr'>ejusdem</span> 
     </span>
    </p>
   </div>
   <div class='ocr_carea' id='block_1_35' title="bbox 567 2965 3967 3039">
    <p class='ocr_par' dir='ltr' id='par_1_35' title="bbox 567 2965 3967 3039">
     <span class='ocr_line' id='line_1_35' title="bbox 567 2965 3967 3039; baseline -0.001 -18"><span class='ocrx_word' id='word_1_383' title='bbox 567 2965 816 3022; x_wconf 85' lang='lat' dir='ltr'>civitatis</span> <span class='ocrx_word' id='word_1_384' title='bbox 837 2966 971 3035; x_wconf 69' lang='lat' dir='ltr'>aevi,</span> <span class='ocrx_word' id='word_1_385' title='bbox 991 2965 1053 3022; x_wconf 92' lang='lat' dir='ltr'>in</span> <span class='ocrx_word' id='word_1_386' title='bbox 1076 2965 1433 3023; x_wconf 86' lang='lat' dir='ltr'>allocutione</span> <span class='ocrx_word' id='word_1_387' title='bbox 1464 2967 1542 3022; x_wconf 91' lang='lat' dir='ltr'>ad</span> <span class='ocrx_word' id='word_1_388' title='bbox 1568 2971 1885 3038; x_wconf 68' lang='lat' dir='ltr'>praetorem</span> <span class='ocrx_word' id='word_1_389' title='bbox 1916 2968 2278 3024; x_wconf 86' lang='lat' dir='ltr'>Demetrium</span> <span class='ocrx_word' id='word_1_390' title='bbox 2300 2969 2644 3036; x_wconf 89' lang='lat' dir='ltr'>Drimetem,</span> <span class='ocrx_word' id='word_1_391' title='bbox 2677 2969 2939 3025; x_wconf 90' lang='lat' dir='ltr'>Athenas</span> <span class='ocrx_word' id='word_1_392' title='bbox 2971 2968 3276 3039; x_wconf 88' lang='lat' dir='ltr'>reducem,</span> <span class='ocrx_word' id='word_1_393' title='bbox 3298 2967 3607 3023; x_wconf 89' lang='lat' dir='ltr'>meminit:</span> <span class='ocrx_word' id='word_1_394' title='bbox 3631 2969 3729 3019; x_wconf 86' lang='grc' dir='ltr'>Τὸν</span> <span class='ocrx_word' id='word_1_395' title='bbox 3759 2969 3967 3024; x_wconf 79' lang='grc' dir='ltr'>Θησέα</span> 
     </span>
    </p>
   </div>
   <div class='ocr_carea' id='block_1_36' title="bbox 568 3053 3963 3131">
    <p class='ocr_par' dir='ltr' id='par_1_36' title="bbox 568 3053 3963 3131">
     <span class='ocr_line' id='line_1_36' title="bbox 568 3053 3963 3131; baseline 0.001 -26"><span class='ocrx_word' id='word_1_396' title='bbox 568 3060 723 3127; x_wconf 70' lang='grc' dir='ltr'>φασὶν</span> <span class='ocrx_word' id='word_1_397' title='bbox 746 3053 951 3111; x_wconf 78' lang='grc' dir='ltr'>ἐκεῖνον.</span> <span class='ocrx_word' id='word_1_398' title='bbox 980 3056 1269 3112; x_wconf 90' lang='lat' dir='ltr'>Eustathii</span> <span class='ocrx_word' id='word_1_399' title='bbox 1292 3062 1505 3128; x_wconf 89' lang='lat' dir='ltr'>postea</span> <span class='ocrx_word' id='word_1_400' title='bbox 1547 3056 1984 3130; x_wconf 89' lang='lat' dir='ltr'>archiepiscopi</span> <span class='ocrx_word' id='word_1_401' title='bbox 2009 3057 2384 3127; x_wconf 88' lang='lat' dir='ltr'>Thessalon.,</span> <span class='ocrx_word' id='word_1_402' title='bbox 2413 3057 2752 3131; x_wconf 90' lang='lat' dir='ltr'>interpretis</span> <span class='ocrx_word' id='word_1_403' title='bbox 2777 3057 2884 3114; x_wconf 92' lang='lat' dir='ltr'>cel.</span> <span class='ocrx_word' id='word_1_404' title='bbox 2932 3057 3271 3114; x_wconf 89' lang='lat' dir='ltr'>carminum</span> <span class='ocrx_word' id='word_1_405' title='bbox 3323 3056 3582 3123; x_wconf 86' lang='lat' dir='ltr'>Homeri,</span> <span class='ocrx_word' id='word_1_406' title='bbox 3610 3070 3734 3128; x_wconf 93' lang='lat' dir='ltr'>quo</span> <span class='ocrx_word' id='word_1_407' title='bbox 3766 3055 3963 3110; x_wconf 78' lang='lat' dir='ltr'>fami-</span> 
     </span>
    </p>
   </div>
   <div class='ocr_carea' id='block_1_37' title="bbox 564 3144 3965 3219">
    <p class='ocr_par' dir='ltr' id='par_1_37' title="bbox 564 3144 3965 3219">
     <span class='ocr_line' id='line_1_37' title="bbox 564 3144 3965 3219; baseline 0 -19"><span class='ocrx_word' id='word_1_408' title='bbox 564 3144 883 3201; x_wconf 87' lang='lat' dir='ltr'>liarissime</span> <span class='ocrx_word' id='word_1_409' title='bbox 909 3144 1204 3214; x_wconf 88' lang='lat' dir='ltr'>utebatur,</span> <span class='ocrx_word' id='word_1_410' title='bbox 1232 3162 1395 3202; x_wconf 90' lang='lat' dir='ltr'>mors</span> <span class='ocrx_word' id='word_1_411' title='bbox 1446 3145 1834 3217; x_wconf 88' lang='lat' dir='ltr'>profanarum</span> <span class='ocrx_word' id='word_1_412' title='bbox 1877 3163 2048 3218; x_wconf 79' lang='lat' dir='ltr'>aeque</span> <span class='ocrx_word' id='word_1_413' title='bbox 2087 3163 2156 3203; x_wconf 89' lang='lat' dir='ltr'>ac</span> <span class='ocrx_word' id='word_1_414' title='bbox 2203 3147 2672 3205; x_wconf 88' lang='lat' dir='ltr'>Christianarum</span> <span class='ocrx_word' id='word_1_415' title='bbox 2717 3148 3179 3205; x_wconf 89' lang='lat' dir='ltr'>meditationum</span> <span class='ocrx_word' id='word_1_416' title='bbox 3226 3163 3442 3204; x_wconf 90' lang='lat' dir='ltr'>ansam</span> <span class='ocrx_word' id='word_1_417' title='bbox 3482 3144 3778 3219; x_wconf 71' lang='lat' dir='ltr'>praebuit;</span> <span class='ocrx_word' id='word_1_418' title='bbox 3817 3144 3965 3218; x_wconf 87' lang='lat' dir='ltr'>ejus</span> 
     </span>
    </p>
   </div>
   <div class='ocr_carea' id='block_1_38' title="bbox 570 3226 2317 3311">
    <p class='ocr_par' dir='ltr' id='par_1_38' title="bbox 570 3226 2317 3307">
     <span class='ocr_line' id='line_1_38' title="bbox 570 3226 2317 3307; baseline 0.002 -17"><span class='ocrx_word' id='word_1_419' title='bbox 570 3235 932 3291; x_wconf 86' lang='lat' dir='ltr'>memoriam</span> <span class='ocrx_word' id='word_1_420' title='bbox 960 3235 1230 3292; x_wconf 90' lang='lat' dir='ltr'>oratione</span> <span class='ocrx_word' id='word_1_421' title='bbox 1282 3234 1520 3291; x_wconf 83' lang='lat' dir='ltr'>funebri</span> <span class='ocrx_word' id='word_1_422' title='bbox 1544 3235 1883 3305; x_wconf 87' lang='lat' dir='ltr'>honoravit,</span> <span class='ocrx_word' id='word_1_423' title='bbox 1914 3236 2088 3307; x_wconf 90' lang='lat' dir='ltr'>cujus</span> <span class='ocrx_word' id='word_1_424' title='bbox 2133 3226 2317 3293; x_wconf 64' lang='lat' dir='ltr'>initiui</span> 
     </span>
    </p>
   </div>
   <div class='ocr_carea' id='block_1_39' title="bbox 2348 3226 3958 3311">
    <p class='ocr_par' dir='ltr' id='par_1_39' title="bbox 2348 3234 3958 3311">
     <span class='ocr_line' id='line_1_39' title="bbox 2348 3234 3958 3311; baseline -0.004 -19"><span class='ocrx_word' id='word_1_425' title='bbox 2348 3254 2370 3293; x_wconf 87' lang='lat'><strong>1</strong></span> <span class='ocrx_word' id='word_1_426' title='bbox 2399 3255 2411 3292; x_wconf 88' lang='lat'>:</span> <span class='ocrx_word' id='word_1_427' title='bbox 2441 3237 2512 3290; x_wconf 78' lang='grc' dir='ltr'>’Ὠ</span> <span class='ocrx_word' id='word_1_428' title='bbox 2539 3241 2756 3310; x_wconf 79' lang='grc' dir='ltr'>στυγνὸς</span> <span class='ocrx_word' id='word_1_429' title='bbox 2786 3238 2930 3302; x_wconf 76' lang='grc' dir='ltr'>αἰὼν,</span> <span class='ocrx_word' id='word_1_430' title='bbox 2972 3238 3012 3289; x_wconf 84' lang='grc' dir='ltr'>ὦ</span> <span class='ocrx_word' id='word_1_431' title='bbox 3038 3237 3244 3311; x_wconf 76' lang='grc' dir='ltr'>τλήμων</span> <span class='ocrx_word' id='word_1_432' title='bbox 3277 3239 3428 3309; x_wconf 81' lang='grc' dir='ltr'>ἡμεῖς</span> <span class='ocrx_word' id='word_1_433' title='bbox 3465 3237 3630 3308; x_wconf 70' lang='grc' dir='ltr'>γενεά,</span> <span class='ocrx_word' id='word_1_434' title='bbox 3665 3234 3809 3290; x_wconf 89' lang='lat' dir='ltr'>ﬁnis</span> <span class='ocrx_word' id='word_1_435' title='bbox 3862 3239 3958 3287; x_wconf 73' lang='grc' dir='ltr'>καὶ</span> 
     </span>
    </p>
   </div>
   <div class='ocr_carea' id='block_1_40' title="bbox 572 3319 3964 3400">
    <p class='ocr_par' dir='ltr' id='par_1_40' title="bbox 572 3319 3964 3400">
     <span class='ocr_line' id='line_1_40' title="bbox 572 3319 3964 3400; baseline 0.001 -25"><span class='ocrx_word' id='word_1_436' title='bbox 572 3319 917 3395; x_wconf 69' lang='grc' dir='ltr'>λατρεύοντες.</span> <span class='ocrx_word' id='word_1_437' title='bbox 949 3326 1157 3380; x_wconf 70' lang='lat' dir='ltr'>Paucas</span> <span class='ocrx_word' id='word_1_438' title='bbox 1182 3323 1276 3379; x_wconf 73' lang='lat' dir='ltr'>hae</span> <span class='ocrx_word' id='word_1_439' title='bbox 1303 3339 1482 3380; x_wconf 87' lang='lat' dir='ltr'>voces</span> <span class='ocrx_word' id='word_1_440' title='bbox 1511 3323 1587 3379; x_wconf 91' lang='lat' dir='ltr'>de</span> <span class='ocrx_word' id='word_1_441' title='bbox 1617 3326 1922 3381; x_wconf 76' lang='lat' dir='ltr'>monodiae</span> <span class='ocrx_word' id='word_1_442' title='bbox 1951 3324 2140 3397; x_wconf 86' lang='lat' dir='ltr'>pretio</span> <span class='ocrx_word' id='word_1_443' title='bbox 2189 3330 2446 3384; x_wconf 86' lang='lat' dir='ltr'>statuere</span> <span class='ocrx_word' id='word_1_444' title='bbox 2479 3344 2602 3384; x_wconf 91' lang='lat' dir='ltr'>non</span> <span class='ocrx_word' id='word_1_445' title='bbox 2631 3328 3027 3400; x_wconf 82' lang='lat' dir='ltr'>permittunt;</span> <span class='ocrx_word' id='word_1_446' title='bbox 3058 3331 3120 3384; x_wconf 91' lang='lat' dir='ltr'>at</span> <span class='ocrx_word' id='word_1_447' title='bbox 3153 3327 3340 3382; x_wconf 90' lang='lat' dir='ltr'>hocce</span> <span class='ocrx_word' id='word_1_448' title='bbox 3365 3324 3657 3382; x_wconf 65' lang='lat' dir='ltr'>saeculum</span> <span class='ocrx_word' id='word_1_449' title='bbox 3687 3328 3747 3380; x_wconf 90' lang='lat' dir='ltr'>et</span> <span class='ocrx_word' id='word_1_450' title='bbox 3797 3339 3964 3380; x_wconf 88' lang='lat' dir='ltr'>nos-</span> 
     </span>
    </p>
   </div>
   <div class='ocr_carea' id='block_1_41' title="bbox 573 3413 3961 3489">
    <p class='ocr_par' dir='ltr' id='par_1_41' title="bbox 573 3413 3961 3489">
     <span class='ocr_line' id='line_1_41' title="bbox 573 3413 3961 3489; baseline 0.001 -23"><span class='ocrx_word' id='word_1_451' title='bbox 573 3416 731 3467; x_wconf 88' lang='lat' dir='ltr'>trum</span> <span class='ocrx_word' id='word_1_452' title='bbox 754 3427 944 3481; x_wconf 90' lang='lat' dir='ltr'>genus</span> <span class='ocrx_word' id='word_1_453' title='bbox 973 3428 1257 3469; x_wconf 89' lang='lat' dir='ltr'>accusare</span> <span class='ocrx_word' id='word_1_454' title='bbox 1284 3413 1485 3468; x_wconf 88' lang='lat' dir='ltr'>licebit</span> <span class='ocrx_word' id='word_1_455' title='bbox 1512 3413 1911 3483; x_wconf 76' lang='lat' dir='ltr'>negligentiae,</span> <span class='ocrx_word' id='word_1_456' title='bbox 1935 3415 2030 3470; x_wconf 93' lang='lat' dir='ltr'>cui</span> <span class='ocrx_word' id='word_1_457' title='bbox 2060 3413 2224 3471; x_wconf 90' lang='lat' dir='ltr'>solus</span> <span class='ocrx_word' id='word_1_458' title='bbox 2253 3417 2506 3473; x_wconf 90' lang='lat' dir='ltr'>Tafelius</span> <span class='ocrx_word' id='word_1_459' title='bbox 2532 3416 2871 3473; x_wconf 90' lang='lat' dir='ltr'>remedium</span> <span class='ocrx_word' id='word_1_460' title='bbox 2898 3416 3261 3488; x_wconf 88' lang='lat' dir='ltr'>apportavit,</span> <span class='ocrx_word' id='word_1_461' title='bbox 3294 3415 3398 3489; x_wconf 90' lang='lat' dir='ltr'>qui</span> <span class='ocrx_word' id='word_1_462' title='bbox 3424 3416 3486 3471; x_wconf 92' lang='lat' dir='ltr'>in</span> <span class='ocrx_word' id='word_1_463' title='bbox 3514 3414 3961 3472; x_wconf 86' lang='lat' dir='ltr'>Dissertatione</span> 
     </span>
    </p>
   </div>
   <div class='ocr_carea' id='block_1_42' title="bbox 573 3501 3259 3578">
    <p class='ocr_par' dir='ltr' id='par_1_42' title="bbox 573 3501 3259 3578">
     <span class='ocr_line' id='line_1_42' title="bbox 573 3501 3259 3578; baseline 0.001 -22"><span class='ocrx_word' id='word_1_464' title='bbox 573 3501 663 3557; x_wconf 87' lang='lat' dir='ltr'>De</span> <span class='ocrx_word' id='word_1_465' title='bbox 693 3501 1116 3557; x_wconf 82' lang='lat' dir='ltr'>Thessalonica</span> <span class='ocrx_word' id='word_1_466' title='bbox 1142 3504 1388 3572; x_wconf 83' lang='lat' dir='ltr'>ejusque</span> <span class='ocrx_word' id='word_1_467' title='bbox 1416 3517 1566 3572; x_wconf 84' lang='lat' dir='ltr'>agro</span> <span class='ocrx_word' id='word_1_468' title='bbox 1596 3503 1777 3558; x_wconf 89' lang='lat' dir='ltr'>etiam</span> <span class='ocrx_word' id='word_1_469' title='bbox 1808 3503 2152 3560; x_wconf 86' lang='lat' dir='ltr'>Monodiam</span> <span class='ocrx_word' id='word_1_470' title='bbox 2172 3504 2233 3559; x_wconf 92' lang='lat' dir='ltr'>in</span> <span class='ocrx_word' id='word_1_471' title='bbox 2267 3506 2642 3562; x_wconf 88' lang='lat' dir='ltr'>Eustathium</span> <span class='ocrx_word' id='word_1_472' title='bbox 2668 3505 2893 3578; x_wconf 89' lang='lat' dir='ltr'>publici</span> <span class='ocrx_word' id='word_1_473' title='bbox 2918 3505 3071 3576; x_wconf 90' lang='lat' dir='ltr'>juris</span> <span class='ocrx_word' id='word_1_474' title='bbox 3107 3504 3259 3561; x_wconf 87' lang='lat' dir='ltr'>fecit.</span> 
     </span>
    </p>
   </div>
   <div class='ocr_carea' id='block_1_43' title="bbox 647 3590 3956 3667">
    <p class='ocr_par' dir='ltr' id='par_1_43' title="bbox 647 3590 3956 3667">
     <span class='ocr_line' id='line_1_43' title="bbox 647 3590 3956 3667; baseline 0 -21"><span class='ocrx_word' id='word_1_475' title='bbox 647 3591 940 3647; x_wconf 90' lang='lat' dir='ltr'>Eustathii</span> <span class='ocrx_word' id='word_1_476' title='bbox 963 3590 1304 3646; x_wconf 89' lang='lat' dir='ltr'>Thessalon.</span> <span class='ocrx_word' id='word_1_477' title='bbox 1338 3606 1501 3646; x_wconf 91' lang='lat' dir='ltr'>mors</span> <span class='ocrx_word' id='word_1_478' title='bbox 1530 3592 1606 3664; x_wconf 86' lang='lat' dir='ltr'>(a.</span> <span class='ocrx_word' id='word_1_479' title='bbox 1633 3592 1795 3664; x_wconf 87' lang='grc'>1198)</span> <span class='ocrx_word' id='word_1_480' title='bbox 1817 3609 1921 3648; x_wconf 81' lang='lat' dir='ltr'>sex</span> <span class='ocrx_word' id='word_1_481' title='bbox 1951 3596 2126 3648; x_wconf 91' lang='lat' dir='ltr'>annis</span> <span class='ocrx_word' id='word_1_482' title='bbox 2151 3595 2573 3666; x_wconf 87' lang='lat' dir='ltr'>eatastrophen</span> <span class='ocrx_word' id='word_1_483' title='bbox 2598 3596 2936 3661; x_wconf 88' lang='lat' dir='ltr'>antecessit,</span> <span class='ocrx_word' id='word_1_484' title='bbox 2969 3610 3106 3667; x_wconf 68' lang='lat' dir='ltr'>quae</span> <span class='ocrx_word' id='word_1_485' title='bbox 3138 3592 3403 3650; x_wconf 83' lang='lat' dir='ltr'>Michaeli</span> <span class='ocrx_word' id='word_1_486' title='bbox 3427 3591 3815 3650; x_wconf 87' lang='lat' dir='ltr'>occasionem</span> <span class='ocrx_word' id='word_1_487' title='bbox 3840 3592 3956 3647; x_wconf 92' lang='lat' dir='ltr'>de-</span> 
     </span>
    </p>
   </div>
   <div class='ocr_carea' id='block_1_44' title="bbox 577 3679 3953 3756">
    <p class='ocr_par' dir='ltr' id='par_1_44' title="bbox 577 3679 3953 3756">
     <span class='ocr_line' id='line_1_44' title="bbox 577 3679 3953 3756; baseline 0 -20"><span class='ocrx_word' id='word_1_488' title='bbox 577 3679 664 3737; x_wconf 88' lang='lat' dir='ltr'>dit</span> <span class='ocrx_word' id='word_1_489' title='bbox 701 3680 1054 3737; x_wconf 87' lang='lat' dir='ltr'>ostendendi</span> <span class='ocrx_word' id='word_1_490' title='bbox 1085 3696 1147 3735; x_wconf 92' lang='lat' dir='ltr'>se</span> <span class='ocrx_word' id='word_1_491' title='bbox 1178 3695 1299 3736; x_wconf 89' lang='lat' dir='ltr'>non</span> <span class='ocrx_word' id='word_1_492' title='bbox 1326 3679 1520 3735; x_wconf 91' lang='lat' dir='ltr'>solum</span> <span class='ocrx_word' id='word_1_493' title='bbox 1547 3680 1780 3736; x_wconf 92' lang='lat' dir='ltr'>bonum</span> <span class='ocrx_word' id='word_1_494' title='bbox 1829 3682 2033 3738; x_wconf 86' lang='lat' dir='ltr'>ovium</span> <span class='ocrx_word' id='word_1_495' title='bbox 2082 3689 2389 3755; x_wconf 90' lang='lat' dir='ltr'>pastorem</span> <span class='ocrx_word' id='word_1_496' title='bbox 2416 3684 2582 3756; x_wconf 89' lang='lat' dir='ltr'>pacis</span> <span class='ocrx_word' id='word_1_497' title='bbox 2632 3689 2900 3756; x_wconf 90' lang='lat' dir='ltr'>tempore</span> <span class='ocrx_word' id='word_1_498' title='bbox 2932 3699 3086 3751; x_wconf 90' lang='lat' dir='ltr'>esse,</span> <span class='ocrx_word' id='word_1_499' title='bbox 3119 3682 3224 3738; x_wconf 88' lang='lat' dir='ltr'>sed</span> <span class='ocrx_word' id='word_1_500' title='bbox 3250 3683 3376 3755; x_wconf 92' lang='lat' dir='ltr'>qui,</span> <span class='ocrx_word' id='word_1_501' title='bbox 3401 3687 3651 3753; x_wconf 87' lang='lat' dir='ltr'>urgente</span> <span class='ocrx_word' id='word_1_502' title='bbox 3680 3681 3953 3738; x_wconf 89' lang='lat' dir='ltr'>necessi-</span> 
     </span>
    </p>
   </div>
   <div class='ocr_carea' id='block_1_45' title="bbox 578 3768 3949 3842">
    <p class='ocr_par' dir='ltr' id='par_1_45' title="bbox 578 3768 3949 3842">
     <span class='ocr_line' id='line_1_45' title="bbox 578 3768 3949 3842; baseline -0.001 -16"><span class='ocrx_word' id='word_1_503' title='bbox 578 3775 720 3840; x_wconf 88' lang='lat' dir='ltr'>tate,</span> <span class='ocrx_word' id='word_1_504' title='bbox 749 3769 964 3842; x_wconf 85' lang='lat' dir='ltr'>lupum</span> <span class='ocrx_word' id='word_1_505' title='bbox 1002 3769 1345 3839; x_wconf 88' lang='lat' dir='ltr'>Argolicum</span> <span class='ocrx_word' id='word_1_506' title='bbox 1377 3768 1605 3825; x_wconf 85' lang='lat' dir='ltr'>fortiter</span> <span class='ocrx_word' id='word_1_507' title='bbox 1633 3785 1669 3825; x_wconf 89' lang='lat' dir='ltr'>a</span> <span class='ocrx_word' id='word_1_508' title='bbox 1695 3785 1874 3840; x_wconf 83' lang='lat' dir='ltr'>grege</span> <span class='ocrx_word' id='word_1_509' title='bbox 1897 3770 2164 3842; x_wconf 86' lang='lat' dir='ltr'>repellat,</span> <span class='ocrx_word' id='word_1_510' title='bbox 2193 3772 2326 3828; x_wconf 91' lang='lat' dir='ltr'>licet</span> <span class='ocrx_word' id='word_1_511' title='bbox 2354 3789 2495 3828; x_wconf 83' lang='lat' dir='ltr'>mox</span> <span class='ocrx_word' id='word_1_512' title='bbox 2527 3773 2664 3829; x_wconf 79' lang='lat' dir='ltr'>feris</span> <span class='ocrx_word' id='word_1_513' title='bbox 2695 3772 3169 3830; x_wconf 87' lang='lat' dir='ltr'>occidentalibus</span> <span class='ocrx_word' id='word_1_514' title='bbox 3201 3771 3410 3828; x_wconf 90' lang='lat' dir='ltr'>cedere</span> <span class='ocrx_word' id='word_1_515' title='bbox 3450 3776 3693 3827; x_wconf 90' lang='lat' dir='ltr'>coactus</span> <span class='ocrx_word' id='word_1_516' title='bbox 3740 3770 3949 3827; x_wconf 89' lang='lat' dir='ltr'>fuerit.</span> 
     </span>
    </p>
   </div>
   <div class='ocr_carea' id='block_1_46' title="bbox 650 3856 3954 3932">
    <p class='ocr_par' dir='ltr' id='par_1_46' title="bbox 650 3856 3954 3932">
     <span class='ocr_line' id='line_1_46' title="bbox 650 3856 3954 3932; baseline -0.001 -17"><span class='ocrx_word' id='word_1_517' title='bbox 650 3863 846 3932; x_wconf 89' lang='lat' dir='ltr'>Atque</span> <span class='ocrx_word' id='word_1_518' title='bbox 892 3857 1007 3913; x_wconf 93' lang='lat' dir='ltr'>hoc</span> <span class='ocrx_word' id='word_1_519' title='bbox 1054 3857 1300 3929; x_wconf 89' lang='lat' dir='ltr'>quidem</span> <span class='ocrx_word' id='word_1_520' title='bbox 1337 3856 1473 3912; x_wconf 91' lang='lat' dir='ltr'>loco</span> <span class='ocrx_word' id='word_1_521' title='bbox 1513 3856 1841 3914; x_wconf 91' lang='lat' dir='ltr'>dicendum</span> <span class='ocrx_word' id='word_1_522' title='bbox 1890 3865 1982 3914; x_wconf 89' lang='lat' dir='ltr'>est</span> <span class='ocrx_word' id='word_1_523' title='bbox 2024 3860 2126 3930; x_wconf 88' lang='lat' dir='ltr'>qui</span> <span class='ocrx_word' id='word_1_524' title='bbox 2171 3861 2347 3917; x_wconf 90' lang='lat' dir='ltr'>fuerit</span> <span class='ocrx_word' id='word_1_525' title='bbox 2392 3863 2887 3918; x_wconf 90' lang='lat' dir='ltr'>Acominatorum</span> <span class='ocrx_word' id='word_1_526' title='bbox 2940 3877 3137 3917; x_wconf 91' lang='lat' dir='ltr'>sermo</span> <span class='ocrx_word' id='word_1_527' title='bbox 3163 3861 3326 3932; x_wconf 91' lang='lat' dir='ltr'>justo</span> <span class='ocrx_word' id='word_1_528' title='bbox 3356 3860 3552 3930; x_wconf 88' lang='lat' dir='ltr'>magis</span> <span class='ocrx_word' id='word_1_529' title='bbox 3581 3858 3954 3930; x_wconf 87' lang='lat' dir='ltr'>metaphori-</span> 
     </span>
    </p>
   </div>
   <div class='ocr_carea' id='block_1_47' title="bbox 580 3947 3952 4023">
    <p class='ocr_par' dir='ltr' id='par_1_47' title="bbox 580 3947 3952 4023">
     <span class='ocr_line' id='line_1_47' title="bbox 580 3947 3952 4023; baseline -0.001 -17"><span class='ocrx_word' id='word_1_530' title='bbox 580 3966 686 4006; x_wconf 89' lang='lat' dir='ltr'>ous</span> <span class='ocrx_word' id='word_1_531' title='bbox 718 3951 812 4020; x_wconf 83' lang='lat'>(2).</span> <span class='ocrx_word' id='word_1_532' title='bbox 840 3948 1020 4018; x_wconf 90' lang='lat' dir='ltr'>Cujus</span> <span class='ocrx_word' id='word_1_533' title='bbox 1050 3948 1135 4004; x_wconf 88' lang='lat' dir='ltr'>rei</span> <span class='ocrx_word' id='word_1_534' title='bbox 1183 3950 1250 4003; x_wconf 90' lang='lat' dir='ltr'>ut</span> <span class='ocrx_word' id='word_1_535' title='bbox 1275 3947 1568 4018; x_wconf 88' lang='lat' dir='ltr'>majorem</span> <span class='ocrx_word' id='word_1_536' title='bbox 1619 3947 1802 4002; x_wconf 88' lang='lat' dir='ltr'>ﬁdem</span> <span class='ocrx_word' id='word_1_537' title='bbox 1832 3947 2147 4018; x_wconf 87' lang='lat' dir='ltr'>faciamus,</span> <span class='ocrx_word' id='word_1_538' title='bbox 2181 3950 2393 4006; x_wconf 76' lang='lat' dir='ltr'>Nicetee</span> <span class='ocrx_word' id='word_1_539' title='bbox 2422 3953 2610 4008; x_wconf 88' lang='lat' dir='ltr'>verba</span> <span class='ocrx_word' id='word_1_540' title='bbox 2641 3951 2865 4023; x_wconf 85' lang='lat' dir='ltr'>quibus</span> <span class='ocrx_word' id='word_1_541' title='bbox 2889 3950 2949 4006; x_wconf 91' lang='lat' dir='ltr'>in</span> <span class='ocrx_word' id='word_1_542' title='bbox 2977 3949 3284 4006; x_wconf 86' lang='lat' dir='ltr'>Michaelis</span> <span class='ocrx_word' id='word_1_543' title='bbox 3332 3949 3530 4005; x_wconf 86' lang='lat' dir='ltr'>fratris</span> <span class='ocrx_word' id='word_1_544' title='bbox 3562 3949 3689 4004; x_wconf 87' lang='lat' dir='ltr'>Vita</span> <span class='ocrx_word' id='word_1_545' title='bbox 3735 3949 3952 4011; x_wconf 85' lang='lat' dir='ltr'>utitur,</span> 
     </span>
    </p>
   </div>
   <div class='ocr_carea' id='block_1_48' title="bbox 580 4037 3952 4112">
    <p class='ocr_par' dir='ltr' id='par_1_48' title="bbox 580 4037 3952 4112">
     <span class='ocr_line' id='line_1_48' title="bbox 580 4037 3952 4112; baseline -0.001 -17"><span class='ocrx_word' id='word_1_546' title='bbox 580 4044 943 4112; x_wconf 89' lang='lat' dir='ltr'>repetamus,</span> <span class='ocrx_word' id='word_1_547' title='bbox 976 4037 1430 4109; x_wconf 88' lang='lat' dir='ltr'>usurpationem</span> <span class='ocrx_word' id='word_1_548' title='bbox 1478 4042 1658 4094; x_wconf 89' lang='lat' dir='ltr'>antea</span> <span class='ocrx_word' id='word_1_549' title='bbox 1689 4043 2096 4094; x_wconf 87' lang='lat' dir='ltr'>memorantes</span> <span class='ocrx_word' id='word_1_550' title='bbox 2126 4039 2360 4111; x_wconf 89' lang='lat' dir='ltr'>imperii</span> <span class='ocrx_word' id='word_1_551' title='bbox 2385 4041 2696 4112; x_wconf 90' lang='lat' dir='ltr'>Byzantini</span> <span class='ocrx_word' id='word_1_552' title='bbox 2725 4056 2834 4112; x_wconf 90' lang='lat' dir='ltr'>per</span> <span class='ocrx_word' id='word_1_553' title='bbox 2879 4039 3153 4096; x_wconf 83' lang='lat' dir='ltr'>Alexium</span> <span class='ocrx_word' id='word_1_554' title='bbox 3207 4042 3278 4094; x_wconf 93' lang='lat' dir='ltr'>lll</span> <span class='ocrx_word' id='word_1_555' title='bbox 3318 4038 3613 4108; x_wconf 84' lang='lat' dir='ltr'>Angelum</span> <span class='ocrx_word' id='word_1_556' title='bbox 3645 4043 3720 4104; x_wconf 91' lang='lat' dir='ltr'>(a.</span> <span class='ocrx_word' id='word_1_557' title='bbox 3759 4042 3952 4101; x_wconf 77' lang='lat' dir='ltr'>H95),</span> 
     </span>
    </p>
   </div>
   <div class='ocr_carea' id='block_1_49' title="bbox 581 4125 3958 4201">
    <p class='ocr_par' dir='ltr' id='par_1_49' title="bbox 581 4125 3958 4201">
     <span class='ocr_line' id='line_1_49' title="bbox 581 4125 3958 4201; baseline -0 -18"><span class='ocrx_word' id='word_1_558' title='bbox 581 4143 769 4200; x_wconf 89' lang='lat' dir='ltr'>quam</span> <span class='ocrx_word' id='word_1_559' title='bbox 795 4131 928 4183; x_wconf 90' lang='lat' dir='ltr'>octo</span> <span class='ocrx_word' id='word_1_560' title='bbox 960 4127 1134 4181; x_wconf 90' lang='lat' dir='ltr'>annis</span> <span class='ocrx_word' id='word_1_561' title='bbox 1155 4131 1366 4198; x_wconf 89' lang='lat' dir='ltr'>postea</span> <span class='ocrx_word' id='word_1_562' title='bbox 1391 4125 1689 4198; x_wconf 84' lang='lat' dir='ltr'>expeditio</span> <span class='ocrx_word' id='word_1_563' title='bbox 1721 4126 2000 4182; x_wconf 88' lang='lat' dir='ltr'>Italorum</span> <span class='ocrx_word' id='word_1_564' title='bbox 2033 4127 2455 4200; x_wconf 90' lang='lat' dir='ltr'>Gallorumque</span> <span class='ocrx_word' id='word_1_565' title='bbox 2490 4128 3048 4201; x_wconf 89' lang='lat' dir='ltr'>Constantinopolin</span> <span class='ocrx_word' id='word_1_566' title='bbox 3077 4143 3306 4191; x_wconf 90' lang='lat' dir='ltr'>versus,</span> <span class='ocrx_word' id='word_1_567' title='bbox 3339 4132 3397 4183; x_wconf 93' lang='lat' dir='ltr'>et</span> <span class='ocrx_word' id='word_1_568' title='bbox 3419 4131 3556 4200; x_wconf 93' lang='lat' dir='ltr'>post</span> <span class='ocrx_word' id='word_1_569' title='bbox 3581 4125 3958 4197; x_wconf 86' lang='lat' dir='ltr'>redintegra-</span> 
     </span>
    </p>
   </div>
   <div class='ocr_carea' id='block_1_50' title="bbox 581 4215 3954 4291">
    <p class='ocr_par' dir='ltr' id='par_1_50' title="bbox 581 4215 3954 4291">
     <span class='ocr_line' id='line_1_50' title="bbox 581 4215 3954 4291; baseline 0 -19"><span class='ocrx_word' id='word_1_570' title='bbox 581 4218 808 4272; x_wconf 89' lang='lat' dir='ltr'>tionem</span> <span class='ocrx_word' id='word_1_571' title='bbox 829 4215 1042 4270; x_wconf 87' lang='lat' dir='ltr'>Isaacii</span> <span class='ocrx_word' id='word_1_572' title='bbox 1071 4216 1270 4271; x_wconf 74' lang='lat' dir='ltr'>caecati</span> <span class='ocrx_word' id='word_1_573' title='bbox 1302 4231 1439 4270; x_wconf 91' lang='lat' dir='ltr'>cum</span> <span class='ocrx_word' id='word_1_574' title='bbox 1465 4215 1588 4270; x_wconf 82' lang='lat' dir='ltr'>tilio</span> <span class='ocrx_word' id='word_1_575' title='bbox 1609 4215 1738 4285; x_wconf 90' lang='lat' dir='ltr'>ejus</span> <span class='ocrx_word' id='word_1_576' title='bbox 1766 4216 1967 4272; x_wconf 82' lang='lat' dir='ltr'>Alexio</span> <span class='ocrx_word' id='word_1_577' title='bbox 1997 4217 2592 4291; x_wconf 87' lang='lat' dir='ltr'>lVimpotentemque</span> <span class='ocrx_word' id='word_1_578' title='bbox 2620 4218 2800 4275; x_wconf 83' lang='lat' dir='ltr'>Alexii</span> <span class='ocrx_word' id='word_1_579' title='bbox 2832 4221 2870 4275; x_wconf 86' lang='lat' dir='ltr'><strong>V</strong></span> <span class='ocrx_word' id='word_1_580' title='bbox 2895 4221 3070 4274; x_wconf 62' lang='lat' dir='ltr'>Ducas</span> <span class='ocrx_word' id='word_1_581' title='bbox 3093 4216 3416 4289; x_wconf 88' lang='lat' dir='ltr'>Murzuphli</span> <span class='ocrx_word' id='word_1_582' title='bbox 3445 4215 3954 4284; x_wconf 87' lang='lat' dir='ltr'>dominationem,</span> 
     </span>
    </p>
   </div>
   <div class='ocr_carea' id='block_1_51' title="bbox 585 4303 3957 4381">
    <p class='ocr_par' dir='ltr' id='par_1_51' title="bbox 585 4303 3957 4381">
     <span class='ocr_line' id='line_1_51' title="bbox 585 4303 3957 4381; baseline -0 -21"><span class='ocrx_word' id='word_1_583' title='bbox 585 4303 854 4360; x_wconf 84' lang='lat' dir='ltr'>secunda</span> <span class='ocrx_word' id='word_1_584' title='bbox 882 4303 1077 4375; x_wconf 90' lang='lat' dir='ltr'>Cpolis</span> <span class='ocrx_word' id='word_1_585' title='bbox 1124 4303 1492 4374; x_wconf 83' lang='lat' dir='ltr'>expugnatio</span> <span class='ocrx_word' id='word_1_586' title='bbox 1521 4319 1627 4376; x_wconf 93' lang='lat' dir='ltr'>per</span> <span class='ocrx_word' id='word_1_587' title='bbox 1656 4305 1920 4360; x_wconf 86' lang='lat' dir='ltr'>Francos</span> <span class='ocrx_word' id='word_1_588' title='bbox 1954 4308 2040 4374; x_wconf 80' lang='lat'>(12</span> <span class='ocrx_word' id='word_1_589' title='bbox 2096 4310 2204 4377; x_wconf 91' lang='lat' dir='ltr'>Ap.</span> <span class='ocrx_word' id='word_1_590' title='bbox 2250 4307 2408 4372; x_wconf 78' lang='grc'>1204)</span> <span class='ocrx_word' id='word_1_591' title='bbox 2436 4312 2493 4364; x_wconf 90' lang='lat' dir='ltr'>et</span> <span class='ocrx_word' id='word_1_592' title='bbox 2529 4308 2765 4381; x_wconf 90' lang='lat' dir='ltr'>imperii</span> <span class='ocrx_word' id='word_1_593' title='bbox 2806 4307 2995 4364; x_wconf 86' lang='lat' dir='ltr'>Latini</span> <span class='ocrx_word' id='word_1_594' title='bbox 3047 4306 3322 4362; x_wconf 86' lang='lat' dir='ltr'>fundatio</span> <span class='ocrx_word' id='word_1_595' title='bbox 3353 4311 3558 4362; x_wconf 88' lang='lat' dir='ltr'>secuta</span> <span class='ocrx_word' id='word_1_596' title='bbox 3586 4309 3692 4360; x_wconf 91' lang='lat' dir='ltr'>est.</span> <span class='ocrx_word' id='word_1_597' title='bbox 3729 4305 3957 4361; x_wconf 75' lang='lat' dir='ltr'>Nicetae</span> 
     </span>
    </p>
   </div>
   <div class='ocr_carea' id='block_1_52' title="bbox 584 4391 3956 4467">
    <p class='ocr_par' dir='ltr' id='par_1_52' title="bbox 584 4391 3956 4467">
     <span class='ocr_line' id='line_1_52' title="bbox 584 4391 3956 4467; baseline 0 -19"><span class='ocrx_word' id='word_1_598' title='bbox 584 4392 919 4448; x_wconf 80' lang='lat' dir='ltr'>Acominati</span> <span class='ocrx_word' id='word_1_599' title='bbox 951 4393 1218 4448; x_wconf 71' lang='lat' dir='ltr'>Historite</span> <span class='ocrx_word' id='word_1_600' title='bbox 1246 4391 1378 4448; x_wconf 90' lang='lat' dir='ltr'>libri</span> <span class='ocrx_word' id='word_1_601' title='bbox 1409 4409 1448 4447; x_wconf 89' lang='lat' dir='ltr'>v</span> <span class='ocrx_word' id='word_1_602' title='bbox 1472 4393 1662 4448; x_wconf 92' lang='lat' dir='ltr'>ultimi</span> <span class='ocrx_word' id='word_1_603' title='bbox 1691 4394 1977 4463; x_wconf 73' lang='lat' dir='ltr'>(xvu-xxn)</span> <span class='ocrx_word' id='word_1_604' title='bbox 2005 4397 2061 4448; x_wconf 89' lang='lat' dir='ltr'>et</span> <span class='ocrx_word' id='word_1_605' title='bbox 2082 4397 2131 4451; x_wconf 85' lang='lat' dir='ltr'>J.</span> <span class='ocrx_word' id='word_1_606' title='bbox 2159 4395 2553 4452; x_wconf 86' lang='lat' dir='ltr'>Villharduini</span> <span class='ocrx_word' id='word_1_607' title='bbox 2573 4396 2836 4453; x_wconf 83' lang='lat' dir='ltr'>Annales</span> <span class='ocrx_word' id='word_1_608' title='bbox 2871 4397 3086 4453; x_wconf 90' lang='lat' dir='ltr'>Gallice</span> <span class='ocrx_word' id='word_1_609' title='bbox 3117 4395 3443 4467; x_wconf 89' lang='lat' dir='ltr'>conscripti</span> <span class='ocrx_word' id='word_1_610' title='bbox 3475 4409 3764 4465; x_wconf 89' lang='lat' dir='ltr'>magnam</span> <span class='ocrx_word' id='word_1_611' title='bbox 3792 4395 3956 4449; x_wconf 88' lang='lat' dir='ltr'>circa</span> 
     </span>
    </p>
   </div>
   <div class='ocr_carea' id='block_1_53' title="bbox 587 4480 3956 4558">
    <p class='ocr_par' dir='ltr' id='par_1_53' title="bbox 587 4480 3956 4558">
     <span class='ocr_line' id='line_1_53' title="bbox 587 4480 3956 4558; baseline -0.001 -20"><span class='ocrx_word' id='word_1_612' title='bbox 587 4497 688 4538; x_wconf 89' lang='lat' dir='ltr'>eas</span> <span class='ocrx_word' id='word_1_613' title='bbox 715 4496 810 4536; x_wconf 90' lang='lat' dir='ltr'>res</span> <span class='ocrx_word' id='word_1_614' title='bbox 842 4480 1257 4536; x_wconf 89' lang='lat' dir='ltr'>auctoritatem</span> <span class='ocrx_word' id='word_1_615' title='bbox 1281 4480 1526 4537; x_wconf 91' lang='lat' dir='ltr'>habent.</span> <span class='ocrx_word' id='word_1_616' title='bbox 1555 4481 1785 4536; x_wconf 82' lang='lat' dir='ltr'>Nicetas</span> <span class='ocrx_word' id='word_1_617' title='bbox 1828 4481 2076 4554; x_wconf 90' lang='lat' dir='ltr'>quidem</span> <span class='ocrx_word' id='word_1_618' title='bbox 2100 4499 2292 4555; x_wconf 91' lang='lat' dir='ltr'>usque</span> <span class='ocrx_word' id='word_1_619' title='bbox 2320 4485 2397 4541; x_wconf 91' lang='lat' dir='ltr'>ad</span> <span class='ocrx_word' id='word_1_620' title='bbox 2428 4502 2482 4542; x_wconf 90' lang='lat' dir='ltr'>a.</span> <span class='ocrx_word' id='word_1_621' title='bbox 2517 4490 2650 4542; x_wconf 84' lang='grc'>1206</span> <span class='ocrx_word' id='word_1_622' title='bbox 2681 4486 3080 4558; x_wconf 87' lang='lat' dir='ltr'>progreditur,</span> <span class='ocrx_word' id='word_1_623' title='bbox 3128 4485 3408 4558; x_wconf 80' lang='lat' dir='ltr'>quamvis</span> <span class='ocrx_word' id='word_1_624' title='bbox 3434 4484 3496 4540; x_wconf 89' lang='lat' dir='ltr'>in</span> <span class='ocrx_word' id='word_1_625' title='bbox 3525 4484 3645 4539; x_wconf 87' lang='lat' dir='ltr'>ﬁne</span> <span class='ocrx_word' id='word_1_626' title='bbox 3689 4482 3831 4540; x_wconf 89' lang='lat' dir='ltr'>libri</span> <span class='ocrx_word' id='word_1_627' title='bbox 3850 4496 3956 4538; x_wconf 77' lang='lat' dir='ltr'>XIX</span> 
     </span>
    </p>
   </div>
   <div class='ocr_carea' id='block_1_54' title="bbox 587 4569 3947 4649">
    <p class='ocr_par' dir='ltr' id='par_1_54' title="bbox 587 4569 3947 4649">
     <span class='ocr_line' id='line_1_54' title="bbox 587 4569 3947 4649; baseline -0.003 -16"><span class='ocrx_word' id='word_1_628' title='bbox 587 4571 751 4630; x_wconf 69' lang='lat' dir='ltr'>dicat</span> <span class='ocrx_word' id='word_1_629' title='bbox 785 4588 797 4626; x_wconf 76' lang='grc' dir='ltr'>ἕ</span> <span class='ocrx_word' id='word_1_630' title='bbox 824 4571 934 4622; x_wconf 63' lang='grc' dir='ltr'>Οὐκ</span> <span class='ocrx_word' id='word_1_631' title='bbox 963 4569 1022 4621; x_wconf 77' lang='grc' dir='ltr'>ἆν</span> <span class='ocrx_word' id='word_1_632' title='bbox 1071 4570 1301 4642; x_wconf 67' lang='grc' dir='ltr'>ᾁσαὶμην</span> <span class='ocrx_word' id='word_1_633' title='bbox 1327 4574 1394 4621; x_wconf 72' lang='grc' dir='ltr'>τὰ</span> <span class='ocrx_word' id='word_1_634' title='bbox 1436 4569 1716 4644; x_wconf 72' lang='grc' dir='ltr'>βαρϐάρων</span> <span class='ocrx_word' id='word_1_635' title='bbox 1747 4570 1925 4635; x_wconf 61' lang='grc' dir='ltr'>αὐτὸς,</span> <span class='ocrx_word' id='word_1_636' title='bbox 1959 4569 2074 4624; x_wconf 74' lang='grc' dir='ltr'>οὐδ’</span> <span class='ocrx_word' id='word_1_637' title='bbox 2098 4571 2313 4646; x_wconf 77' lang='grc' dir='ltr'>ἐσοίμην</span> <span class='ocrx_word' id='word_1_638' title='bbox 2339 4572 2698 4648; x_wconf 79' lang='grc' dir='ltr'>πάροιπέμπων</span> <span class='ocrx_word' id='word_1_639' title='bbox 2729 4582 2840 4638; x_wconf 80' lang='grc' dir='ltr'>τοῖς</span> <span class='ocrx_word' id='word_1_640' title='bbox 2878 4578 3053 4628; x_wconf 74' lang='grc' dir='ltr'>ἔπειτα</span> <span class='ocrx_word' id='word_1_641' title='bbox 3097 4574 3314 4649; x_wconf 81' lang='grc' dir='ltr'>πράξεις</span> <span class='ocrx_word' id='word_1_642' title='bbox 3356 4572 3656 4645; x_wconf 75' lang='grc' dir='ltr'>πολεμικὰς,</span> <span class='ocrx_word' id='word_1_643' title='bbox 3683 4569 3730 4623; x_wconf 77' lang='grc' dir='ltr'><strong>ἐν</strong></span> <span class='ocrx_word' id='word_1_644' title='bbox 3772 4574 3855 4632; x_wconf 82' lang='grc' dir='ltr'>αἷς</span> <span class='ocrx_word' id='word_1_645' title='bbox 3876 4574 3947 4644; x_wconf 77' lang='grc' dir='ltr'>μή</span> 
     </span>
    </p>
   </div>
   <div class='ocr_carea' id='block_1_55' title="bbox 585 4657 3954 4738">
    <p class='ocr_par' dir='ltr' id='par_1_55' title="bbox 585 4657 3954 4738">
     <span class='ocr_line' id='line_1_55' title="bbox 585 4657 3954 4738; baseline -0.001 -25"><span class='ocrx_word' id='word_1_646' title='bbox 585 4668 801 4713; x_wconf 81' lang='grc' dir='ltr'>νικῶσιν</span> <span class='ocrx_word' id='word_1_647' title='bbox 823 4658 1084 4720; x_wconf 70' lang='grc' dir='ltr'>Ἕλληνες,</span> <span class='ocrx_word' id='word_1_648' title='bbox 1109 4661 1174 4710; x_wconf 79' lang='grc' dir='ltr'>Οἱ</span> <span class='ocrx_word' id='word_1_649' title='bbox 1202 4662 1303 4732; x_wconf 74' lang='grc' dir='ltr'>γὰρ</span> <span class='ocrx_word' id='word_1_650' title='bbox 1332 4657 1594 4731; x_wconf 74' lang='grc' dir='ltr'>βάρϐαροι</span> <span class='ocrx_word' id='word_1_651' title='bbox 1633 4661 1767 4711; x_wconf 80' lang='grc' dir='ltr'>κατά</span> <span class='ocrx_word' id='word_1_652' title='bbox 1797 4663 1881 4711; x_wconf 77' lang='grc' dir='ltr'>τὸν</span> <span class='ocrx_word' id='word_1_653' title='bbox 1909 4660 2254 4733; x_wconf 78' lang='grc' dir='ltr'>ἐμπρήσαντα</span> <span class='ocrx_word' id='word_1_654' title='bbox 2279 4667 2366 4716; x_wconf 79' lang='grc' dir='ltr'>τὸν</span> <span class='ocrx_word' id='word_1_655' title='bbox 2407 4663 2455 4716; x_wconf 80' lang='grc' dir='ltr'>ἐν</span> <span class='ocrx_word' id='word_1_656' title='bbox 2483 4663 2677 4737; x_wconf 76' lang='grc' dir='ltr'>Ἐφέσῳ</span> <span class='ocrx_word' id='word_1_657' title='bbox 2698 4667 2816 4717; x_wconf 80' lang='grc' dir='ltr'>ναὸν</span> <span class='ocrx_word' id='word_1_658' title='bbox 2847 4673 2938 4725; x_wconf 80' lang='grc' dir='ltr'>τῆς</span> <span class='ocrx_word' id='word_1_659' title='bbox 2971 4659 3281 4738; x_wconf 78' lang='grc' dir='ltr'>Ἀρτέμιδος</span> <span class='ocrx_word' id='word_1_660' title='bbox 3320 4663 3655 4735; x_wconf 82' lang='grc' dir='ltr'>οἰχέσθωσαν</span> <span class='ocrx_word' id='word_1_661' title='bbox 3682 4662 3870 4714; x_wconf 83' lang='grc' dir='ltr'>οῖὶστοι</span> <span class='ocrx_word' id='word_1_662' title='bbox 3899 4678 3954 4712; x_wconf 80' lang='grc' dir='ltr'>τε</span> 
     </span>
    </p>
   </div>
   <div class='ocr_carea' id='block_1_56' title="bbox 585 4745 3952 4830">
    <p class='ocr_par' dir='ltr' id='par_1_56' title="bbox 585 4745 3952 4830">
     <span class='ocr_line' id='line_1_56' title="bbox 585 4745 3952 4830; baseline -0.001 -26"><span class='ocrx_word' id='word_1_663' title='bbox 585 4755 677 4804; x_wconf 79' lang='grc' dir='ltr'>καὶ</span> <span class='ocrx_word' id='word_1_664' title='bbox 701 4751 950 4814; x_wconf 78' lang='grc' dir='ltr'>ἄπυστοι,</span> <span class='ocrx_word' id='word_1_665' title='bbox 979 4745 1118 4821; x_wconf 68' lang='grc' dir='ltr'>μηδὲ</span> <span class='ocrx_word' id='word_1_666' title='bbox 1145 4753 1516 4823; x_wconf 75' lang='grc' dir='ltr'>προσρήματος</span> <span class='ocrx_word' id='word_1_667' title='bbox 1538 4756 1663 4821; x_wconf 69' lang='grc' dir='ltr'>’γοῦν</span> <span class='ocrx_word' id='word_1_668' title='bbox 1686 4768 1839 4819; x_wconf 81' lang='grc' dir='ltr'>τινος,</span> <span class='ocrx_word' id='word_1_669' title='bbox 1872 4750 1955 4824; x_wconf 69' lang='grc' dir='ltr'>ὑφ’</span> <span class='ocrx_word' id='word_1_670' title='bbox 1977 4752 2122 4823; x_wconf 81' lang='grc' dir='ltr'>ἡμῶν</span> <span class='ocrx_word' id='word_1_671' title='bbox 2145 4750 2458 4826; x_wconf 78' lang='grc' dir='ltr'>ἀξιούμενοι,</span> <span class='ocrx_word' id='word_1_672' title='bbox 2483 4753 2576 4815; x_wconf 81' lang='grc' dir='ltr'>ἕως</span> <span class='ocrx_word' id='word_1_673' title='bbox 2606 4754 2666 4806; x_wconf 76' lang='grc' dir='ltr'>οὗ</span> <span class='ocrx_word' id='word_1_674' title='bbox 2694 4753 2941 4830; x_wconf 75' lang='grc' dir='ltr'>παρέλθοι</span> <span class='ocrx_word' id='word_1_675' title='bbox 2970 4755 2999 4813; x_wconf 82' lang='grc' dir='ltr'>ἡ</span> <span class='ocrx_word' id='word_1_676' title='bbox 3028 4752 3218 4826; x_wconf 77' lang='grc' dir='ltr'>ἀνομία</span> <span class='ocrx_word' id='word_1_677' title='bbox 3245 4751 3376 4804; x_wconf 78' lang='grc' dir='ltr'>κάπὶ</span> <span class='ocrx_word' id='word_1_678' title='bbox 3401 4757 3513 4814; x_wconf 87' lang='grc' dir='ltr'>τοῖς</span> <span class='ocrx_word' id='word_1_679' title='bbox 3543 4747 3748 4812; x_wconf 76' lang='grc' dir='ltr'>δούλοις</span> <span class='ocrx_word' id='word_1_680' title='bbox 3785 4750 3952 4804; x_wconf 71' lang='grc' dir='ltr'>αὐτοῦ</span> 
     </span>
    </p>
   </div>
   <div class='ocr_carea' id='block_1_57' title="bbox 660 4927 2242 5012">
    <p class='ocr_par' dir='ltr' id='par_1_57' title="bbox 660 4927 2242 5012">
     <span class='ocr_line' id='line_1_57' title="bbox 660 4927 2242 5012; baseline -0.009 -22"><span class='ocrx_word' id='word_1_681' title='bbox 660 4933 741 5003; x_wconf 90' lang='grc'>(1)</span> <span class='ocrx_word' id='word_1_682' title='bbox 783 4932 1005 5012; x_wconf 61' lang='lat' dir='ltr'>Contra</span> <span class='ocrx_word' id='word_1_683' title='bbox 1045 4927 1918 5012; x_wconf 42' lang='lat' dir='ltr'>Gregorium‘ljuronu‘ﬂedam</span> <span class='ocrx_word' id='word_1_684' title='bbox 1950 4933 2015 5010; x_wconf 88' lang='lat' dir='ltr'>_et</span> <span class='ocrx_word' id='word_1_685' title='bbox 2055 4945 2242 5012; x_wconf 69' lang='lat' dir='ltr'>quos-</span> 
     </span>
    </p>
   </div>
   <div class='ocr_carea' id='block_1_58' title="bbox 587 4997 2242 5071">
    <p class='ocr_par' dir='ltr' id='par_1_58' title="bbox 587 4997 2242 5071">
     <span class='ocr_line' id='line_1_58' title="bbox 587 4997 2242 5071; baseline -0.002 -11"><span class='ocrx_word' id='word_1_686' title='bbox 587 4997 734 5060; x_wconf 78' lang='lat' dir='ltr'>dam</span> <span class='ocrx_word' id='word_1_687' title='bbox 764 5003 913 5059; x_wconf 91' lang='lat' dir='ltr'>alios</span> <span class='ocrx_word' id='word_1_688' title='bbox 944 4999 1086 5057; x_wconf 88' lang='lat' dir='ltr'>Dion</span> <span class='ocrx_word' id='word_1_689' title='bbox 1094 4997 1612 5071; x_wconf 15' lang='lat' dir='ltr'>ysiumgGallicum</span> <span class='ocrx_word' id='word_1_690' title='bbox 1639 4997 1717 5055; x_wconf 90' lang='lat' dir='ltr'>ab</span> <span class='ocrx_word' id='word_1_691' title='bbox 1752 4997 2097 5057; x_wconf 80' lang='lat' dir='ltr'>Atheniensi</span> <span class='ocrx_word' id='word_1_692' title='bbox 2124 5001 2242 5057; x_wconf 91' lang='lat' dir='ltr'>dis-</span> 
     </span>
    </p>
   </div>
   <div class='ocr_carea' id='block_1_59' title="bbox 588 5070 2241 5145">
    <p class='ocr_par' dir='ltr' id='par_1_59' title="bbox 588 5070 2241 5145">
     <span class='ocr_line' id='line_1_59' title="bbox 588 5070 2241 5145; baseline 0 -15"><span class='ocrx_word' id='word_1_693' title='bbox 588 5074 990 5145; x_wconf 86' lang='lat' dir='ltr'>tinguendum</span> <span class='ocrx_word' id='word_1_694' title='bbox 1009 5077 1065 5128; x_wconf 88' lang='lat' dir='ltr'>et</span> <span class='ocrx_word' id='word_1_695' title='bbox 1082 5070 1250 5145; x_wconf 76' lang='lat' dir='ltr'>tertio</span> <span class='ocrx_word' id='word_1_696' title='bbox 1277 5070 1525 5127; x_wconf 89' lang='lat' dir='ltr'>demum</span> <span class='ocrx_word' id='word_1_697' title='bbox 1546 5075 1685 5145; x_wconf 87' lang='lat' dir='ltr'>post</span> <span class='ocrx_word' id='word_1_698' title='bbox 1707 5071 2005 5129; x_wconf 89' lang='lat' dir='ltr'>Christum</span> <span class='ocrx_word' id='word_1_699' title='bbox 2029 5077 2241 5130; x_wconf 89' lang='lat' dir='ltr'>natum</span> 
     </span>
    </p>
   </div>
   <div class='ocr_carea' id='block_1_60' title="bbox 590 5142 2241 5208">
    <p class='ocr_par' dir='ltr' id='par_1_60' title="bbox 590 5142 2241 5208">
     <span class='ocr_line' id='line_1_60' title="bbox 590 5142 2241 5208; baseline 0.001 -9"><span class='ocrx_word' id='word_1_700' title='bbox 590 5142 812 5201; x_wconf 68' lang='lat' dir='ltr'>saeculo</span> <span class='ocrx_word' id='word_1_701' title='bbox 843 5143 1290 5202; x_wconf 89' lang='lat' dir='ltr'>accensendum</span> <span class='ocrx_word' id='word_1_702' title='bbox 1329 5158 1460 5198; x_wconf 89' lang='lat' dir='ltr'>esse</span> <span class='ocrx_word' id='word_1_703' title='bbox 1487 5142 1871 5208; x_wconf 84' lang='lat' dir='ltr'>arbitrantes,</span> <span class='ocrx_word' id='word_1_704' title='bbox 1903 5145 2241 5201; x_wconf 89' lang='lat' dir='ltr'>auctoritati</span> 
     </span>
    </p>
   </div>
   <div class='ocr_carea' id='block_1_61' title="bbox 589 5212 2242 5287">
    <p class='ocr_par' dir='ltr' id='par_1_61' title="bbox 589 5212 2242 5287">
     <span class='ocr_line' id='line_1_61' title="bbox 589 5212 2242 5287; baseline 0.001 -17"><span class='ocrx_word' id='word_1_705' title='bbox 589 5217 734 5273; x_wconf 88' lang='lat' dir='ltr'>Sim.</span> <span class='ocrx_word' id='word_1_706' title='bbox 773 5216 1184 5287; x_wconf 70' lang='lat' dir='ltr'>Metaphrastaa</span> <span class='ocrx_word' id='word_1_707' title='bbox 1215 5219 1270 5270; x_wconf 90' lang='lat' dir='ltr'>et</span> <span class='ocrx_word' id='word_1_708' title='bbox 1295 5213 1463 5287; x_wconf 84' lang='lat' dir='ltr'>Mich.</span> <span class='ocrx_word' id='word_1_709' title='bbox 1487 5212 1759 5287; x_wconf 71' lang='lat' dir='ltr'>_Syngeli,</span> <span class='ocrx_word' id='word_1_710' title='bbox 1781 5214 1944 5287; x_wconf 90' lang='lat' dir='ltr'>_abb.</span> <span class='ocrx_word' id='word_1_711' title='bbox 1976 5215 2242 5272; x_wconf 90' lang='lat' dir='ltr'>Hilduini</span> 
     </span>
    </p>
   </div>
   <div class='ocr_carea' id='block_1_62' title="bbox 588 5284 2243 5343">
    <p class='ocr_par' dir='ltr' id='par_1_62' title="bbox 588 5284 2243 5343">
     <span class='ocr_line' id='line_1_62' title="bbox 588 5284 2243 5343; baseline 0.001 -2"><span class='ocrx_word' id='word_1_712' title='bbox 588 5284 987 5343; x_wconf 80' lang='lat' dir='ltr'>etmultorum</span> <span class='ocrx_word' id='word_1_713' title='bbox 1015 5287 1285 5342; x_wconf 87' lang='lat' dir='ltr'>virorum</span> <span class='ocrx_word' id='word_1_714' title='bbox 1308 5285 1438 5340; x_wconf 91' lang='lat' dir='ltr'>sine</span> <span class='ocrx_word' id='word_1_715' title='bbox 1468 5284 1657 5340; x_wconf 89' lang='lat' dir='ltr'>dubio</span> <span class='ocrx_word' id='word_1_716' title='bbox 1683 5285 2159 5343; x_wconf 85' lang='lat' dir='ltr'>orthodoxorum</span> <span class='ocrx_word' id='word_1_717' title='bbox 2186 5291 2243 5343; x_wconf 89' lang='lat' dir='ltr'>et</span> 
     </span>
    </p>
   </div>
   <div class='ocr_carea' id='block_1_63' title="bbox 586 5356 2240 5439">
    <p class='ocr_par' dir='ltr' id='par_1_63' title="bbox 586 5356 2240 5439">
     <span class='ocr_line' id='line_1_63' title="bbox 586 5356 2240 5439; baseline 0.001 -27"><span class='ocrx_word' id='word_1_718' title='bbox 586 5357 924 5439; x_wconf 83' lang='lat' dir='ltr'>doctorum_</span> <span class='ocrx_word' id='word_1_719' title='bbox 957 5357 1470 5439; x_wconf 68' lang='lat' dir='ltr'>obtemperamus,</span> <span class='ocrx_word' id='word_1_720' title='bbox 1489 5356 1608 5437; x_wconf 82' lang='lat' dir='ltr'>_qui</span> <span class='ocrx_word' id='word_1_721' title='bbox 1623 5425 1639 5439; x_wconf 40' lang='grc' dir='ltr'><strong>ε</strong></span> <span class='ocrx_word' id='word_1_722' title='bbox 1654 5371 1845 5439; x_wconf 79' lang='lat' dir='ltr'>unum</span> <span class='ocrx_word' id='word_1_723' title='bbox 1883 5358 2240 5439; x_wconf 63' lang='lat' dir='ltr'>Dionysium</span> 
     </span>
    </p>
   </div>
   <div class='ocr_carea' id='block_1_64' title="bbox 588 5425 2239 5497">
    <p class='ocr_par' dir='ltr' id='par_1_64' title="bbox 588 5425 2239 5497">
     <span class='ocr_line' id='line_1_64' title="bbox 588 5425 2239 5497; baseline 0.002 -14"><span class='ocrx_word' id='word_1_724' title='bbox 588 5433 948 5497; x_wconf 88' lang='lat' dir='ltr'>agnoscunt.</span> <span class='ocrx_word' id='word_1_725' title='bbox 1001 5425 1358 5485; x_wconf 75' lang='lat' dir='ltr'>Persuasum</span> <span class='ocrx_word' id='word_1_726' title='bbox 1407 5425 1568 5483; x_wconf 82' lang='lat' dir='ltr'>enim</span> <span class='ocrx_word' id='word_1_727' title='bbox 1623 5425 1922 5483; x_wconf 88' lang='lat' dir='ltr'>habemus</span> <span class='ocrx_word' id='word_1_728' title='bbox 1971 5425 2239 5486; x_wconf 84' lang='lat' dir='ltr'>criticam</span> 
     </span>
    </p>
   </div>
   <div class='ocr_carea' id='block_1_65' title="bbox 586 5498 2239 5571">
    <p class='ocr_par' dir='ltr' id='par_1_65' title="bbox 586 5498 2239 5571">
     <span class='ocr_line' id='line_1_65' title="bbox 586 5498 2239 5571; baseline 0.002 -17"><span class='ocrx_word' id='word_1_729' title='bbox 586 5515 776 5571; x_wconf 88' lang='lat' dir='ltr'>quam</span> <span class='ocrx_word' id='word_1_730' title='bbox 805 5499 1390 5571; x_wconf 76' lang='lat' dir='ltr'>vocanthistoricam</span> <span class='ocrx_word' id='word_1_731' title='bbox 1419 5498 1498 5555; x_wconf 90' lang='lat' dir='ltr'>ad</span> <span class='ocrx_word' id='word_1_732' title='bbox 1526 5501 1671 5554; x_wconf 87' lang='lat' dir='ltr'>Acta</span> <span class='ocrx_word' id='word_1_733' title='bbox 1699 5502 2042 5556; x_wconf 89' lang='lat' dir='ltr'>sanctorum</span> <span class='ocrx_word' id='word_1_734' title='bbox 2072 5501 2239 5558; x_wconf 88' lang='lat' dir='ltr'>haud</span> 
     </span>
    </p>
   </div>
   <div class='ocr_carea' id='block_1_66' title="bbox 586 5569 1179 5642">
    <p class='ocr_par' dir='ltr' id='par_1_66' title="bbox 586 5569 1179 5642">
     <span class='ocr_line' id='line_1_66' title="bbox 586 5569 1179 5642; baseline -0.003 -15"><span class='ocrx_word' id='word_1_735' title='bbox 586 5569 846 5642; x_wconf 19' lang='lat' dir='ltr'>impune,</span> <span class='ocrx_word' id='word_1_736' title='bbox 869 5569 1179 5642; x_wconf 84' lang='lat' dir='ltr'>applicari.</span> 
     </span>
    </p>
   </div>
   <div class='ocr_carea' id='block_1_67' title="bbox 653 5639 2237 5714">
    <p class='ocr_par' dir='ltr' id='par_1_67' title="bbox 653 5639 2237 5714">
     <span class='ocr_line' id='line_1_67' title="bbox 653 5639 2237 5714; baseline 0.005 -18"><span class='ocrx_word' id='word_1_737' title='bbox 653 5639 733 5714; x_wconf 66' lang='grc' dir='ltr'>(ἐξ)</span> <span class='ocrx_word' id='word_1_738' title='bbox 784 5639 1002 5700; x_wconf 60' lang='lat' dir='ltr'>Nicetis</span> <span class='ocrx_word' id='word_1_739' title='bbox 1048 5640 1298 5714; x_wconf 90' lang='lat' dir='ltr'>quidem</span> <span class='ocrx_word' id='word_1_740' title='bbox 1350 5640 1531 5704; x_wconf 89' lang='lat' dir='ltr'>dictio</span> <span class='ocrx_word' id='word_1_741' title='bbox 1579 5639 2016 5705; x_wconf 75' lang='lat' dir='ltr'>obscurissima</span> <span class='ocrx_word' id='word_1_742' title='bbox 2055 5645 2142 5704; x_wconf 89' lang='lat' dir='ltr'>est</span> <span class='ocrx_word' id='word_1_743' title='bbox 2173 5643 2237 5704; x_wconf 89' lang='lat' dir='ltr'>in</span> 
     </span>
    </p>
   </div>
   <div class='ocr_carea' id='block_1_68' title="bbox 2347 4930 3948 5001">
    <p class='ocr_par' dir='ltr' id='par_1_68' title="bbox 2347 4930 3948 5001">
     <span class='ocr_line' id='line_1_68' title="bbox 2347 4930 3948 5001; baseline -0.002 -16"><span class='ocrx_word' id='word_1_744' title='bbox 2347 4931 2718 5001; x_wconf 63' lang='lat' dir='ltr'>Praifatione</span> <span class='ocrx_word' id='word_1_745' title='bbox 2767 4932 2850 4989; x_wconf 87' lang='lat' dir='ltr'>ad</span> <span class='ocrx_word' id='word_1_746' title='bbox 2899 4932 3237 4989; x_wconf 83' lang='lat' dir='ltr'>Historiam</span> <span class='ocrx_word' id='word_1_747' title='bbox 3290 4930 3395 4988; x_wconf 89' lang='lat' dir='ltr'>ubi</span> <span class='ocrx_word' id='word_1_748' title='bbox 3434 4930 3700 4988; x_wconf 81' lang='lat' dir='ltr'>maxime</span> <span class='ocrx_word' id='word_1_749' title='bbox 3729 4931 3948 5001; x_wconf 81' lang='lat' dir='ltr'>monet</span> 
     </span>
    </p>
   </div>
   <div class='ocr_carea' id='block_1_69' title="bbox 2348 4999 3950 5076">
    <p class='ocr_par' dir='ltr' id='par_1_69' title="bbox 2348 4999 3950 5076">
     <span class='ocr_line' id='line_1_69' title="bbox 2348 4999 3950 5076; baseline -0.002 -18"><span class='ocrx_word' id='word_1_750' title='bbox 2348 4999 2562 5059; x_wconf 88' lang='lat' dir='ltr'>nullibi</span> <span class='ocrx_word' id='word_1_751' title='bbox 2591 5004 2787 5076; x_wconf 83' lang='lat' dir='ltr'>magis</span> <span class='ocrx_word' id='word_1_752' title='bbox 2816 5020 3016 5076; x_wconf 90' lang='lat' dir='ltr'>_quam</span> <span class='ocrx_word' id='word_1_753' title='bbox 3043 5004 3140 5060; x_wconf 91' lang='lat' dir='ltr'>hic</span> <span class='ocrx_word' id='word_1_754' title='bbox 3167 5002 3434 5059; x_wconf 89' lang='lat' dir='ltr'>claritate</span> <span class='ocrx_word' id='word_1_755' title='bbox 3482 5006 3539 5058; x_wconf 92' lang='lat' dir='ltr'>et</span> <span class='ocrx_word' id='word_1_756' title='bbox 3562 4999 3950 5076; x_wconf 78' lang='lat' dir='ltr'>simplicitate</span> 
     </span>
    </p>
   </div>
   <div class='ocr_carea' id='block_1_70' title="bbox 2349 5072 3950 5218">
    <p class='ocr_par' dir='ltr' id='par_1_70' title="bbox 2349 5072 3950 5218">
     <span class='ocr_line' id='line_1_70' title="bbox 2349 5072 3950 5158; baseline -0.002 -27"><span class='ocrx_word' id='word_1_757' title='bbox 2349 5090 2504 5147; x_wconf 89' lang='lat' dir='ltr'>opus</span> <span class='ocrx_word' id='word_1_758' title='bbox 2537 5072 3106 5158; x_wconf 42' lang='lat' dir='ltr'>esse.&#39;Indé.ve_rsus</span> <span class='ocrx_word' id='word_1_759' title='bbox 3155 5080 3474 5146; x_wconf 87' lang='lat' dir='ltr'>sequentes</span> <span class='ocrx_word' id='word_1_760' title='bbox 3502 5072 3583 5129; x_wconf 89' lang='lat' dir='ltr'>ad</span> <span class='ocrx_word' id='word_1_761' title='bbox 3610 5072 3950 5139; x_wconf 75' lang='lat' dir='ltr'>marginem</span> 
     </span>
     <span class='ocr_line' id='line_1_71' title="bbox 2349 5144 3950 5218; baseline -0.001 -17"><span class='ocrx_word' id='word_1_762' title='bbox 2349 5146 2750 5218; x_wconf 9' lang='lat' dir='ltr'>codr.Fugger.</span> <span class='ocrx_word' id='word_1_763' title='bbox 2782 5151 2987 5218; x_wconf 80' lang='lat' dir='ltr'>scripti</span> <span class='ocrx_word' id='word_1_764' title='bbox 3013 5150 3068 5204; x_wconf 89' lang='lat' dir='ltr'>et</span> <span class='ocrx_word' id='word_1_765' title='bbox 3098 5162 3133 5203; x_wconf 91' lang='lat' dir='ltr'>a</span> <span class='ocrx_word' id='word_1_766' title='bbox 3164 5145 3372 5203; x_wconf 88' lang='lat' dir='ltr'>Wolﬁo</span> <span class='ocrx_word' id='word_1_767' title='bbox 3403 5144 3742 5203; x_wconf 82' lang='lat' dir='ltr'>Alexandro</span> <span class='ocrx_word' id='word_1_768' title='bbox 3775 5145 3950 5201; x_wconf 42' lang='lat' dir='ltr'>Char‘</span> 
     </span>
    </p>
   </div>
   <div class='ocr_carea' id='block_1_71' title="bbox 2349 5217 2996 5290">
    <p class='ocr_par' dir='ltr' id='par_1_71' title="bbox 2349 5217 2996 5290">
     <span class='ocr_line' id='line_1_72' title="bbox 2349 5217 2996 5290; baseline -0.002 -16"><span class='ocrx_word' id='word_1_769' title='bbox 2349 5217 2656 5290; x_wconf 88' lang='lat' dir='ltr'>tophylaci</span> <span class='ocrx_word' id='word_1_770' title='bbox 2686 5217 2959 5290; x_wconf 74' lang='lat' dir='ltr'>attributi</span> <span class='ocrx_word' id='word_1_771' title='bbox 2983 5234 2996 5273; x_wconf 90' lang='lat'>:</span> 
     </span>
    </p>
   </div>
   <div class='ocr_carea' id='block_1_72' title="bbox 2565 5285 3581 5375">
    <p class='ocr_par' dir='ltr' id='par_1_72' title="bbox 2565 5285 3581 5375">
     <span class='ocr_line' id='line_1_73' title="bbox 2565 5285 3581 5375; baseline -0.001 -34"><span class='ocrx_word' id='word_1_772' title='bbox 2565 5289 2674 5341; x_wconf 72' lang='grc' dir='ltr'>Οὐκ</span> <span class='ocrx_word' id='word_1_773' title='bbox 2696 5285 2822 5342; x_wconf 70' lang='grc' dir='ltr'>οῖδα</span> <span class='ocrx_word' id='word_1_774' title='bbox 2847 5293 2898 5341; x_wconf 78' lang='grc' dir='ltr'>τί</span> <span class='ocrx_word' id='word_1_775' title='bbox 2930 5293 3029 5375; x_wconf 56' lang='grc' dir='ltr'>γῇς</span> <span class='ocrx_word' id='word_1_776' title='bbox 3058 5285 3263 5354; x_wconf 60' lang='lat' dir='ltr'>Matth,</span> <span class='ocrx_word' id='word_1_777' title='bbox 3289 5290 3581 5375; x_wconf 48' lang='lat' dir='ltr'>Xwgswi‘r‘az,</span> 
     </span>
    </p>
   </div>
   <div class='ocr_carea' id='block_1_73' title="bbox 2562 5357 3700 5434">
    <p class='ocr_par' dir='ltr' id='par_1_73' title="bbox 2562 5357 3700 5434">
     <span class='ocr_line' id='line_1_74' title="bbox 2562 5357 3700 5434; baseline -0.003 -22"><span class='ocrx_word' id='word_1_778' title='bbox 2562 5363 2719 5434; x_wconf 72' lang='grc' dir='ltr'>Σοφὸν</span> <span class='ocrx_word' id='word_1_779' title='bbox 2740 5363 2797 5412; x_wconf 84' lang='grc' dir='ltr'>τὸ</span> <span class='ocrx_word' id='word_1_780' title='bbox 2827 5357 2981 5434; x_wconf 53' lang='lat' dir='ltr'>capte</span> <span class='ocrx_word' id='word_1_781' title='bbox 3014 5361 3330 5434; x_wconf 61' lang='grc' dir='ltr'>συγῖροξφων</span> <span class='ocrx_word' id='word_1_782' title='bbox 3362 5357 3490 5434; x_wconf 56' lang='grc' dir='ltr'>εἶναι</span> <span class='ocrx_word' id='word_1_783' title='bbox 3519 5358 3700 5434; x_wconf 65' lang='grc' dir='ltr'>λέγεις,</span> 
     </span>
    </p>
   </div>
   <div class='ocr_carea' id='block_1_74' title="bbox 2562 5379 3714 5506">
    <p class='ocr_par' dir='ltr' id='par_1_74' title="bbox 2562 5379 3714 5506">
     <span class='ocr_line' id='line_1_75' title="bbox 2563 5379 3700 5485; baseline -0.003 -73"><span class='ocrx_word' id='word_1_784' title='bbox 2563 5379 2719 5433; x_wconf 62' lang='grc' dir='ltr'>λοφον</span> <span class='ocrx_word' id='word_1_785' title='bbox 2740 5380 2797 5412; x_wconf 91' lang='grc' dir='ltr'>το</span> <span class='ocrx_word' id='word_1_786' title='bbox 2827 5379 2981 5485; x_wconf 52' lang='lat' dir='ltr'>auge;</span> <span class='ocrx_word' id='word_1_787' title='bbox 3014 5379 3133 5432; x_wconf 69' lang='grc' dir='ltr'>συγν</span> <span class='ocrx_word' id='word_1_788' title='bbox 3155 5379 3330 5434; x_wconf 78' lang='grc' dir='ltr'><em>ραφων</em></span> <span class='ocrx_word' id='word_1_789' title='bbox 3362 5379 3490 5413; x_wconf 66' lang='lat' dir='ltr'>eum.</span> <span class='ocrx_word' id='word_1_790' title='bbox 3520 5379 3700 5432; x_wconf 66' lang='grc' dir='ltr'>Αεγεις,</span> 
     </span>
     <span class='ocr_line' id='line_1_76' title="bbox 2562 5381 3714 5506; baseline 0 -22"><span class='ocrx_word' id='word_1_791' title='bbox 2562 5429 2692 5506; x_wconf 77' lang='grc' dir='ltr'>Εἶτα</span> <span class='ocrx_word' id='word_1_792' title='bbox 2714 5438 2901 5506; x_wconf 15' lang='lat' dir='ltr'>Ini-ipa)</span> <span class='ocrx_word' id='word_1_793' title='bbox 2938 5452 2964 5490; x_wconf 83' lang='grc' dir='ltr'><strong><em>η</em></strong></span> <span class='ocrx_word' id='word_1_794' title='bbox 2997 5438 3088 5485; x_wconf 81' lang='grc' dir='ltr'>καὶ</span> <span class='ocrx_word' id='word_1_795' title='bbox 3115 5381 3444 5506; x_wconf 63' lang='grc' dir='ltr'>έαροςθρώδη</span> <span class='ocrx_word' id='word_1_796' title='bbox 3478 5433 3714 5506; x_wconf 67' lang='grc' dir='ltr'>γρᾴφεις.</span> 
     </span>
    </p>
   </div>
   <div class='ocr_carea' id='block_1_75' title="bbox 2452 5503 3656 5586">
    <p class='ocr_par' dir='ltr' id='par_1_75' title="bbox 2452 5503 3656 5586">
     <span class='ocr_line' id='line_1_77' title="bbox 2452 5503 3656 5586; baseline -0.001 -27"><span class='ocrx_word' id='word_1_797' title='bbox 2452 5503 2686 5586; x_wconf 54' lang='lat' dir='ltr'>Nescio,</span> <span class='ocrx_word' id='word_1_798' title='bbox 2711 5503 3198 5586; x_wconf 36' lang='grc' dir='ltr'>,Οὴρηἰᾳζαζᾳαέά</span> <span class='ocrx_word' id='word_1_799' title='bbox 3217 5503 3419 5586; x_wconf 76' lang='lat' dir='ltr'>dicere</span> <span class='ocrx_word' id='word_1_800' title='bbox 3447 5503 3616 5586; x_wconf 62' lang='lat' dir='ltr'>velis.</span> <span class='ocrx_word' id='word_1_801' title='bbox 3647 5574 3656 5582; x_wconf 27' lang='lat' dir='ltr'><strong>O</strong></span> 
     </span>
    </p>
   </div>
   <div class='ocr_carea' id='block_1_76' title="bbox 2451 5575 3710 5633">
    <p class='ocr_par' dir='ltr' id='par_1_76' title="bbox 2451 5575 3710 5633">
     <span class='ocr_line' id='line_1_78' title="bbox 2451 5575 3710 5633; baseline -0.001 -4"><span class='ocrx_word' id='word_1_802' title='bbox 2451 5575 2747 5631; x_wconf 86' lang='lat' dir='ltr'>Dictionis</span> <span class='ocrx_word' id='word_1_803' title='bbox 2773 5575 3198 5633; x_wconf 80' lang='lat' dir='ltr'>claritudinem</span> <span class='ocrx_word' id='word_1_804' title='bbox 3222 5576 3504 5633; x_wconf 86' lang='lat' dir='ltr'>virtutem</span> <span class='ocrx_word' id='word_1_805' title='bbox 3533 5575 3710 5631; x_wconf 76' lang='lat' dir='ltr'>dicis.</span> 
     </span>
    </p>
   </div>
   <div class='ocr_carea' id='block_1_77' title="bbox 2452 5645 3913 5722">
    <p class='ocr_par' dir='ltr' id='par_1_77' title="bbox 2452 5645 3913 5722">
     <span class='ocr_line' id='line_1_79' title="bbox 2452 5645 3913 5722; baseline 0.001 -18"><span class='ocrx_word' id='word_1_806' title='bbox 2452 5645 2532 5706; x_wconf 85' lang='lat' dir='ltr'>Et</span> <span class='ocrx_word' id='word_1_807' title='bbox 2559 5647 2720 5706; x_wconf 83' lang='lat' dir='ltr'>nihil</span> <span class='ocrx_word' id='word_1_808' title='bbox 2745 5653 2810 5707; x_wconf 82' lang='lat' dir='ltr'>tu</span> <span class='ocrx_word' id='word_1_809' title='bbox 2835 5649 2960 5721; x_wconf 82' lang='lat' dir='ltr'>ipse</span> <span class='ocrx_word' id='word_1_810' title='bbox 2979 5647 3100 5707; x_wconf 82' lang='lat' dir='ltr'>nisi</span> <span class='ocrx_word' id='word_1_811' title='bbox 3118 5663 3233 5721; x_wconf 84' lang='lat' dir='ltr'>per</span> <span class='ocrx_word' id='word_1_812' title='bbox 3253 5647 3560 5721; x_wconf 75' lang='lat' dir='ltr'>ampullas</span> <span class='ocrx_word' id='word_1_813' title='bbox 3588 5645 3913 5722; x_wconf 51' lang='lat' dir='ltr'>componat</span> 
     </span>
    </p>
   </div>
  </div>
