4028 6308
85 335 176 390 305
1630 337 1908 395 NOTITIA
3363 353 3467 408 360

83 461 132 512 τὸ
158 462 311 513 θεῖον
345 457 853 535 παρακληθήσεται.
877 460 1054 522 Absit
1084 467 1148 518 ut
1175 476 1282 534 ego
1312 460 1405 518 res
1425 465 1622 534 gestas
1653 464 1674 520 λ

1876 479 2078 522 rerum
2106 465 2438 539 decentem,
2469 473 2576 525 aut
2609 484 2677 526 ea
2710 470 2862 528 bella
2887 473 3183 529 memoria
3201 479 3467 543 postero-

82 566 204 604 rum
221 550 528 620 prodam,
558 551 625 606 in
650 550 866 622 quibus
890 567 1011 608 non
1039 552 1290 610 vincunt
1312 552 1518 608 Graeci.
1546 553 1671 609 Imo
1698 553 1813 619 illi,
1857 560 1924 610 ut
1951 556 2002 611 is
2029 557 2136 628 qui
2157 557 2434 627 Ephesiae
2467 560 2678 615 Dianae
2709 562 2996 630 templum
3027 563 3304 633 incendit,
3360 581 3466 635 pe-

84 642 240 696 reant
269 641 486 709 ignoti
511 645 568 696 et
599 640 867 709 obscuri;
895 656 1000 698 nec
1022 643 1148 698 ulto
1180 640 1355 699 verbo
1379 643 1696 714 quisquam
1727 649 1996 701 nostr-um
2027 660 2121 700 eos
2142 645 2446 717 dignetur,
2475 648 2663 705 donec
2713 652 3022 706 transierit
3073 653 3362 723 iniquitas
3412 659 3464 710 et

84 729 225 784 Deus
246 744 472 786 servos
497 744 639 786 suos
668 731 990 788 clementer
1017 732 1368 802 respexerit.
1394 731 1626 788 Nicetas
1663 731 1856 790 fusius
1888 732 2065 790 refert
2090 749 2161 790 ea
2195 751 2330 808 qum
2359 736 2490 808 ipse
2514 742 2649 809 post
2694 744 2939 811 captam
2990 740 3197 812 Cpolin
3243 757 3465 812 passus

83 818 164 885 sit,
199 832 277 873 ac
307 823 632 875 memorat
651 835 714 874 se
739 819 1034 890 virginem
1065 819 1399 893 quamdam
1430 818 1723 877 ebarbari
1745 821 1998 892 alicujus
2023 823 2330 890 manibus,
2377 827 2708 882 asserendo
2739 843 2876 883 eam
2907 827 3021 883 sibi
3043 833 3296 901 nuptam
3335 846 3466 887 esse

83 907 408 980 eripuisse,
432 913 745 981 repetente
767 909 925 966 idem
961 909 1242 967 Michaele
1275 908 1372 982 (1),
1406 924 1531 966 non
1563 909 1692 966 sine
1719 909 2002 967 laudibus
2029 912 2187 982 justo
2210 913 2562 987 majoribus,
2600 916 2899 989 siquidem
2928 916 3173 973 fratrem
3231 919 3465 976 Herculi

83 1000 129 1052 et
150 997 416 1062 Theseo,
449 997 827 1066 Abrahamo,
858 1001 1066 1056 Isaaco
1097 1015 1167 1056 ac
1200 999 1356 1064 Levi,
1384 998 1667 1068 Simeoni,
1702 999 1910 1057 Davidi
1935 1016 2005 1058 ac
2035 1001 2260 1060 Danieli
2281 1004 2596 1077 prmponit,
2617 1003 2742 1064 imo
2781 1021 2921 1061 cum
2955 1005 3180 1064 Christo
3213 1021 3460 1081 compa-

81 1090 181 1156 rat,
212 1087 330 1160 qui
354 1103 478 1162 pro
502 1088 782 1155 Ecclesia,
813 1104 1039 1162 sponsa
1069 1105 1202 1156 sua,
1226 1092 1502 1146 mortuus
1524 1092 1632 1144 est.

139 1227 391 1286 Nicetas
423 1235 754 1303 postquam
785 1230 859 1286 de
889 1230 1071 1287 rebus
1102 1229 1533 1288 abominandis
1554 1245 1816 1302 quarum
1847 1236 2026 1306 capta
2048 1233 2242 1305 Cpolis
2274 1236 2436 1292 testis
2488 1235 2619 1306 fuit,
2659 1237 2874 1310 retulit,
2925 1238 2999 1293 de
3043 1239 3374 1310 provinciis
3425 1255 3464 1296 a

83 1318 300 1373 Latinis
342 1319 721 1392 expugnatis
769 1337 840 1377 ac
870 1320 1024 1376 inter
1052 1319 1238 1376 duces
1269 1319 1563 1376 exercitus
1595 1319 1924 1377 distributis
1982 1323 2268 1395 loquitur.
2312 1326 2456 1380 Dein
2495 1325 2573 1380 ad
2618 1341 2873 1395 regnum
2929 1327 3462 1385 Thessalonicense

83 1407 398 1464 Bonifacio
425 1409 934 1466 Monteferratensi
966 1411 1016 1480 (ὁ
1055 1414 1261 1471 Μόντης
1292 1411 1674 1482 Φεράντηςμαρῖ

1882 1415 2206 1485 Βονιφάτιος)
2236 1413 2349 1469 sub
2390 1414 2836 1470 conditionibus
2870 1415 3031 1472 feudi
3058 1418 3363 1486 traditum,
3407 1424 3463 1474 et

81 1511 142 1551 ea
164 1512 314 1569 quae
346 1496 487 1569 ipse
521 1505 732 1554 contra
749 1499 1032 1556 Graeciam
1067 1503 1321 1555 conatus
1349 1502 1437 1553 est
1477 1497 1669 1554 facere
1695 1501 1991 1570 procedit.
2034 1501 2121 1557 lbi
2149 1503 2331 1569 enim,
2359 1503 2540 1558 rebus
2569 1504 2698 1574 jam
2723 1505 2958 1560 dudum
2981 1507 3238 1562 turbatis
3272 1508 3463 1580 adjuti

80 1584 131 1638 in
151 1584 276 1640 ﬁne
302 1585 488 1656 regni
521 1585 706 1642 Alexii
733 1588 802 1643 ill
832 1587 892 1643 in
910 1587 1114 1644 multis
1135 1586 1389 1643 urbibus
1419 1590 1808 1658 usurpatores
1839 1591 2024 1646 Graeci
2052 1598 2437 1648 surrexerunt
2465 1595 2570 1665 qui
2601 1598 2809 1650 contra
2832 1597 3085 1650 Francos
3110 1611 3232 1652 non
3264 1599 3463 1651 minus

82 1672 479 1744 pertinaciter
500 1690 691 1746 quam
721 1679 929 1732 contra
957 1677 1384 1748 imperatorem
1407 1678 1676 1731 Graecum
1706 1674 2042 1735 libertatem
2078 1697 2254 1736 suam
2284 1680 2710 1738 defendebant.
2737 1684 2820 1737 Ex
2841 1683 2934 1737 his
2968 1683 3026 1738 in
3054 1683 3266 1738 Attolia
3297 1688 3351 1739 et
3399 1685 3460 1739 in

84 1762 255 1833 Epiro
299 1763 562 1819 australi
596 1764 757 1820 circa
788 1764 1098 1836 Nicopolim
1120 1769 1177 1820 et
1215 1765 1618 1837 Epidamnum
1647 1765 1871 1820 nothus
1901 1767 2116 1841 aliquis
2145 1785 2214 1824 ex
2243 1769 2470 1825 familia
2501 1773 2762 1826 Ducaena
2806 1771 3099 1826 oriundus
3130 1771 3460 1842 regnabat;

88 1849 208 1905 dux
238 1853 499 1908 Grmcus
529 1853 782 1925 quidam
807 1853 869 1910 in
909 1853 1174 1926 Dolopiae
1201 1854 1508 1910 montibus
1534 1867 1546 1917 ;
1570 1851 1632 1906 in
1655 1854 1944 1913 Messenia
1966 1857 2186 1913 Theod.
2218 1857 2562 1914 Melissenus
2595 1875 2626 1913 e
2675 1863 2849 1928 gente
2881 1864 3367 1927 Comnenorum;
3402 1859 3464 1914 in

85 1939 350 1996 Laconia
386 1943 552 1998 Leon
583 1943 974 2000 Chamaretus
1007 1959 1132 2000 non
1157 1944 1359 2000 minus
1391 1940 1700 2016 tyrannica
1724 1959 1912 2016 quam
1945 1945 2124 2000 Nabis
2144 1945 2272 2018 ipse
2300 1963 2311 2000 :
2344 1946 2404 2000 in
2443 1946 2722 2016 Argolide
2754 1950 2810 2002 et
2851 1948 3114 2002 Corinthi
3174 1951 3285 2002 Leo
3319 1950 3462 2017 Sgu-

85 2042 178 2082 rus
210 2029 532 2087 saeviebat.
567 2032 754 2102 Hujus
785 2048 925 2088 cum
954 2033 1420 2090 Atheniensibus
1451 2034 1566 2091 sub
1593 2034 1762 2093 Mich.
1789 2034 2160 2100 Acominato,
2184 2039 2242 2090 et
2272 2051 2409 2089 cum
2438 2035 2676 2090 Francis
2716 2035 2830 2090 sub
2861 2036 3211 2093 marchione
3243 2038 3464 2090 Monte-

85 2113 404 2175 ferratensi
421 2135 667 2193 pugnas
695 2122 964 2179 Nicetam
989 2121 1182 2179 fusius
1206 2127 1552 2180 narrantem
1579 2125 1723 2181 hinc
1743 2123 1883 2180 inde
1909 2123 2349 2182 introducimus
2378 2125 2584 2195 (Hist.,
2615 2124 2710 2181 ed.
2743 2127 2924 2196 Paris,
2953 2141 3018 2200 p.
3052 2129 3154 2182 390
3178 2126 3350 2200 sqq.)

453 2299 484 2366 §
523 2299 576 2352 4.
617 2297 883 2356 Michael
921 2314 1054 2357 cum
1092 2300 1290 2358 Leone
1326 2301 1526 2372 Sguro
1565 2306 1868 2358 certamen
1908 2302 2040 2372 init,
2079 2302 2280 2372 fratre
2311 2303 2496 2373 ipsius
2533 2303 2745 2360 Niceta
2785 2303 3102 2373 referente.

161 2501 190 2529 α
231 2479 354 2533 Leo
385 2477 638 2547 Sgurus,
671 2477 924 2552 Nauplio
955 2484 1143 2549 ortus,
1176 2480 1532 2553 aliquandiu
1555 2481 1616 2537 vi
1639 2480 1836 2550 magis
1864 2494 2052 2552 quam
2085 2479 2387 2537 voluntate
2417 2480 2806 2554 popularium
2836 2482 3242 2555 principatum
3273 2483 3463 2538 tenuit

95 2591 112 2618 ε
153 2572 388 2641 apatre
413 2569 788 2639 susceptum,
813 2567 891 2624 ad
912 2568 1086 2639 cujus
1107 2569 1504 2626 imitationem
1542 2584 1667 2626 non
1699 2570 1828 2625 sine
1861 2568 2156 2638 sanguine
2176 2569 2511 2643 imperavit.
2549 2569 2662 2626 Sed
2697 2571 3049 2626 confusione
3089 2587 3286 2626 rerum
3323 2587 3460 2626 auc-

91 2678 114 2705 ε
152 2662 269 2725 tus,
304 2659 362 2712 et
397 2654 758 2712 turbulentis
779 2657 1178 2728 temporibus,
1215 2662 1278 2714 ut
1303 2661 1591 2714 torrentes
1616 2657 1914 2713 imbribus
1945 2658 2363 2714 etturbinibus
2397 2659 2597 2726 undae,
2626 2659 3010 2730 tumefactus,
3045 2675 3076 2714 e
3109 2675 3292 2732 parvo
3324 2675 3461 2716 ma-

91 2767 114 2794 ι(
151 2759 313 2815 gnus
333 2743 582 2800 exstitit.
607 2748 796 2814 Argos
827 2744 990 2817 dolo,
1013 2745 1358 2802 Corinthum
1414 2745 1728 2802 latrocinio
1753 2746 1938 2818 cepit:
1965 2750 2019 2802 et
2046 2747 2387 2816 grassando
2420 2747 2678 2803 subinde
2701 2763 3057 2821 progressus
3088 2749 3257 2821 ipsas
3286 2747 3460 2804 Athe-

95 2855 114 2885 ι
152 2850 262 2891 nas
284 2849 434 2890 cum
466 2832 697 2888 bellicis
720 2833 977 2890 navibus
1008 2839 1066 2890 et
1096 2836 1356 2890 exercitu
1387 2849 1494 2907 per
1532 2835 1823 2891 Isthmum
1871 2834 2146 2892 traducto
2178 2843 2268 2891 est
2311 2835 2578 2905 adortus,
2613 2853 2684 2892 ea
2713 2852 2819 2909 spe
2852 2853 2915 2892 se
2944 2837 3096 2894 arcis
3135 2837 3306 2892 facile
3345 2854 3459 2910 po-

95 2946 118 2972 α
152 2924 434 2987 titurum,
470 2927 577 2978 aut
605 2922 902 2979 machinis
932 2923 1208 2980 adductis
1233 2923 1471 2979 imbelle
1493 2923 1843 2996 praesidium
1875 2923 2046 2980 facile
2076 2924 2434 2980 territurum.
2465 2927 2755 2980 Caeterum
2778 2941 2850 2980 ea
2881 2925 3149 2994 agitabat
3171 2926 3376 2981 animo
3405 2930 3462 2981 et

98 3035 118 3061 ιι
154 3011 382 3069 frustra
413 3012 774 3081 conabatur,
796 3028 934 3086 quae
963 3012 1042 3069 ad
1072 3013 1298 3069 exitum
1325 3012 1574 3085 perduci
1600 3027 1723 3068 non
1756 3016 2050 3085 poterant.
2086 3016 2235 3068 Nam
2266 3015 2635 3069 Athenarum
2660 3029 2936 3068 summus
2961 3018 3169 3086 pastor
3218 3013 3461 3069 Michael

99 3123 122 3148 ει
160 3102 513 3167 Choniates,
546 3100 728 3158 frater
747 3117 921 3158 meus
951 3103 1149 3174 (meus
1173 3103 1455 3174 inquam:
1485 3118 1630 3158 nam
1658 3102 1826 3158 laudi
1856 3102 2003 3157 mihi
2035 3102 2192 3157 duco
2224 3103 2646 3173 cognationem
2671 3103 2820 3173 ejus,
2847 3108 2902 3158 et
2927 3103 2980 3158 ei
3020 3118 3116 3157 me
3165 3101 3459 3172 sanguine

99 3213 122 3238 α
157 3191 585 3263 propinquum
625 3205 754 3246 esse
785 3190 1042 3261 gaudeo,
1077 3190 1212 3246 licet
1241 3206 1278 3246 a
1304 3192 1521 3247 virtute
1561 3195 1616 3246 et
1645 3190 1986 3263 eloquentia
2014 3191 2142 3260 ejus
2178 3192 2664 3262 remotissimus),
2699 3207 2837 3246 cum
2875 3191 2966 3246 sui
3009 3191 3277 3246 muneris
3326 3207 3459 3246 esse

99 3301 122 3326 σε
158 3279 520 3350 intelligeret
540 3279 790 3336 consilio
817 3280 1172 3352 etprecibus
1202 3295 1328 3334 rem
1355 3279 1663 3352 publicam
1684 3279 1915 3349 juvare,
1951 3279 2120 3348 Sguri
2154 3281 2362 3335 castris
2392 3280 2558 3347 visis,
2591 3280 2686 3352 pie
2717 3295 2854 3334 cum
2881 3296 2950 3335 eo
2973 3295 3150 3349 agere
3181 3279 3456 3348 instituit,

99 3389 120 3416 ε
161 3383 238 3424 an
269 3369 616 3436 hominem,
644 3369 975 3440 praesertim
990 3384 1111 3424 non
1133 3369 1405 3438 ignotum
1435 3369 1542 3422 sed
1569 3383 1728 3440 saepe
1751 3367 2132 3436 collocutum,
2159 3385 2439 3424 amovere
2484 3373 2706 3442 posset.
2762 3371 2966 3442 Itaque
3016 3385 3088 3424 ex
3129 3367 3276 3424 urbe
3326 3373 3458 3424 tan-

99 3479 120 3504 ιι
157 3475 351 3531 quam
387 3457 695 3529 superiore
733 3457 864 3514 loco
907 3457 1275 3514 monitorum
1332 3458 1579 3529 sagittas
1607 3457 1956 3527 ejaculatur,
1991 3461 2048 3513 et
2099 3458 2385 3530 pastorali
2425 3458 2616 3513 funda
2663 3457 2870 3513 divina
2908 3457 3094 3513 verba
3120 3457 3288 3529 jacit.
3345 3455 3458 3512 Ali-

99 3568 121 3596 ιι
157 3546 419 3621 quando
447 3547 630 3602 etiam
664 3547 1074 3619 spiritualibus
1097 3546 1275 3602 minis
1319 3551 1615 3619 tanquam
1669 3545 1955 3601 arietibus
1997 3547 2271 3602 animum
2308 3547 2464 3602 illius
2496 3553 2759 3602 sternere
2799 3546 3069 3602 instituit.
3125 3548 3252 3602 l\'on
3301 3547 3462 3602 enim

98 3659 120 3684 α
155 3637 376 3694 decere
417 3652 557 3692 eum
585 3637 691 3708 qui
722 3636 1096 3693 Christianus
1121 3636 1194 3691 sit
1223 3641 1280 3691 et
1303 3637 1456 3691 inter
1504 3636 1812 3690 Romanos
1838 3651 2060 3690 nomen
2093 3653 2269 3690 suum
2302 3637 2670 3708 proﬁteatur,
2723 3639 3029 3692 Romanos
3075 3635 3230 3692 bello
3259 3640 3460 3706 petere

96 3746 118 3773 ει
154 3727 271 3782 nisi
304 3725 464 3782 forte
492 3725 632 3781 solis
655 3725 830 3782 labiis
856 3725 1256 3782 Christianum
1278 3730 1440 3796 agat,
1465 3729 1526 3779 ut
1550 3728 1607 3780 et
1622 3729 1784 3780 veste
1814 3728 1869 3780 et
1897 3723 2103 3793 lingua
2124 3726 2417 3781 duntaxat
2438 3729 2796 3791 Romanum,
2831 3725 3009 3781 corde
3039 3741 3176 3780 vero
3202 3741 3238 3780 a
3267 3725 3459 3779 Chris-

97 3835 120 3862 σι
155 3815 336 3872 tianis
372 3815 448 3870 sit
477 3814 938 3870 remotissimus.
971 3816 1164 3880 Quam
1191 3830 1332 3870 vero
1365 3829 1616 3869 causam
1646 3813 1871 3869 habeat
1896 3815 2294 3885 oppugnandi
2326 3815 2636 3870 Athenas?
2668 3831 2811 3870 nam
2842 3814 3071 3883 Argivis
3113 3814 3191 3869 ob
3247 3813 3456 3867 vicini-

97 3923 119 3950 εί
155 3909 344 3962 tatem
371 3908 575 3975 posset
605 3903 854 3959 forsitan
886 3904 1114 3976 aliquid
1147 3903 1382 3958 crimini
1413 3902 1580 3967 dare,
1611 3918 1734 3974 quo
1764 3901 2006 3957 illorum
2038 3904 2402 3975 expugnatio
2443 3909 2780 3971 excusetur,
2823 3901 3343 3974 quemadmodum
3401 3904 3457 3956 et

98 4012 120 4039 κ
159 3993 483 4049 Corinthiis
510 4007 702 4064 nuper
727 3993 1166 4065 archiepiscopi
1195 4007 1404 4047 eorum
1432 3991 1673 4046 crebras
1701 3989 1950 4045 insidias
2002 3991 2304 4062 objecerit,
2343 3992 2503 4047 unde
2540 3997 2876 4048 Romanum
2935 3991 3258 4046 exercitum
3304 3993 3454 4045 Nau-

100 4101 124 4128 ε
157 4083 354 4155 plium
386 4097 700 4138 accurrere
725 4087 987 4138 etnaves
1017 4081 1260 4137 hostiles
1291 4080 1590 4154 appellere
1608 4095 1924 4152 nunquam
1952 4082 2258 4150 recusarit,
2289 4087 2342 4137 et
2380 4082 2674 4138 suavitate
2727 4080 3014 4137 orationis
3067 4080 3199 4151 ejus
3259 4079 3453 4148 magis

99 4189 121 4217 α
158 4170 465 4227 afﬁciatur
483 4187 672 4244 quam
696 4169 889 4226 mellis
919 4169 1260 4240 dulcedine,
1279 4185 1472 4242 eaque
1497 4184 1734 4241 semper
1753 4168 1868 4224 frui
1890 4169 2116 4242 cupiat,
2144 4169 2240 4225 hic
2270 4186 2412 4226 vero
2450 4170 2651 4242 ipsum
2680 4169 2742 4225 in
2787 4167 3188 4241 spiritualium
3241 4166 3455 4222 libero-

97 4280 122 4306 α
155 4275 291 4316 rum
324 4275 654 4316 numerum
676 4257 963 4314 retulerit.
992 4262 1072 4314 Ac
1099 4256 1450 4330 hujusmodi
1481 4257 1669 4313 armis
1694 4273 1841 4312 usus
1872 4257 2114 4314 Michael
2144 4259 2507 4332 precabatur
2541 4263 2605 4314 ut
2659 4257 2799 4314 inde
2839 4256 3162 4315 recederet.
3223 4259 3450 4327 Sgurus

98 4368 122 4394 εί
156 4364 296 4406 vero
319 4364 446 4404 non
475 4347 929 4404 dissimulanter
949 4347 1332 4421 praetendens
1368 4361 1432 4402 se
1464 4345 1586 4402 vim
1619 4361 1798 4419 posse
1821 4345 2038 4412 facere,
2071 4351 2127 4403 et
2155 4352 2431 4420 tempora
2459 4347 2675 4402 intueri
2718 4346 2940 4417 jubens
2969 4362 3107 4418 quae
3165 4360 3276 4418 pro
3316 4345 3450 4400 viri-

97 4455 120 4482 κ
153 4437 270 4494 bus
302 4453 610 4510 quemque
641 4451 818 4509 agere
841 4438 1176 4503 monerent,
1211 4450 1350 4491 cum
1380 4435 1653 4490 omnium
1674 4434 1915 4490 urbium
1929 4434 2208 4509 princeps
2237 4433 3454 4507 afﬂictissimaesset,deniquepostulabat

99 4546 121 4575 ι
153 4533 212 4583 ut
239 4525 499 4601 quidam
529 4525 883 4582 adolescens
916 4525 995 4581 ad
1021 4540 1231 4580 necem
1259 4523 1372 4580 sibi
1400 4523 1739 4579 dederetur.
1783 4524 1970 4588 Quem
2003 4525 2112 4578 etsi
2138 4523 2290 4579 alius
2315 4523 2530 4597 aliquis
2561 4523 2742 4579 etiam
2771 4539 2895 4578 non
2937 4522 3160 4595 petenti
3190 4522 3452 4578 libentis-

98 4638 122 4665 «ί
159 4618 312 4673 sime
366 4614 712 4683 dedidisset,
763 4618 826 4670 ut
873 4629 1079 4670 semen
1112 4613 1411 4686 uniquum
1444 4617 1501 4667 et
1548 4611 1749 4667 multis
1775 4612 2393 4675 auctoreminteritus,
2423 4612 2692 4686 pessima
2738 4627 2997 4684 quisque
3055 4615 3112 4668 et
3166 4627 3353 4667 manu
3397 4617 3455 4666 et

104 4727 121 4755 ι
159 4704 414 4764 consilio
445 4710 654 4760 contra
681 4703 936 4777 patriam
963 4703 1296 4759 machinari
1329 4701 1592 4770 solitum,
1624 4700 1718 4756 ille
1741 4706 2014 4774 apertum
2046 4701 2252 4773 patrias
2275 4707 2718 4774 persecutorem
2749 4704 2804 4754 et
2849 4700 3173 4772 spiritualis
3201 4701 3448 4754 nutricis

105 4818 121 4844 ι
160 4794 440 4852 Ecclesia:
473 4793 820 4850 violatorem
852 4801 908 4849 et
934 4793 1367 4856 insidiatorem,
1389 4790 1562 4860 cujus
1583 4790 1876 4845 violentos
1907 4796 2158 4844 conatus
2189 4790 2408 4861 saepius
2431 4795 2486 4844 et
2512 4790 2638 4861 ipse
2668 4793 2948 4860 expertus
2975 4794 3121 4856 erat,
3154 4789 3212 4842 in
3239 4803 3448 4843 eorum

101 4907 124 4933 α
159 4900 417 4942 numero
449 4884 663 4939 habuit
686 4899 841 4958 quos
863 4882 1204 4952 evangelice
1234 4879 1524 4949 diligeret,
1558 4879 1952 4950 neglectaque
1983 4879 2171 4946 Sguro
2201 4878 2533 4950 supplicem
2566 4875 2850 4932 defendit.
2888 4876 3000 4932 Sed
3041 4893 3177 4930 cum
3212 4876 3449 4932 leonem

103 4996 124 5022 κ
159 4976 329 5031 illum
354 4972 731 5045 sapientibus
763 4972 924 5029 hisce
957 4971 1197 5027 monitis
1222 4969 1461 5041 placare
1489 4983 1608 5024 non
1642 4973 1863 5040 posset,
1899 4967 2208 5039 aspidisin
2253 4983 2482 5023 morem
2520 4966 2670 5022 ultro
2721 4981 2896 5020 aures
2954 4966 3335 5019 obturantein
3395 4967 3452 5019 et

107 5087 128 5112 α
162 5065 361 5121 omnis
392 5063 626 5132 generis
660 5062 774 5118 tela
802 5061 864 5118 in
896 5077 1095 5118 arcem
1127 5059 1567 5130 conjicientem,
1593 5063 1766 5112 orato
1799 5059 1915 5110 Deo
1968 5061 2032 5109 ut
2077 5056 2136 5110 in
2189 5055 2486 5111 nefarium
2517 5054 2827 5109 hominem
2861 5057 2915 5108 et
2955 5051 3448 5107 subnascentium

105 5173 126 5200 α
165 5152 466 5208 malorum
504 5156 812 5206 auctorem
844 5150 1078 5205 cladem
1109 5162 1356 5204 omnem
1389 5149 1776 5209 converteret,
1810 5143 2122 5199 machinas
2143 5149 2194 5199 el
2218 5145 2344 5218 ipse
2373 5145 2433 5199 in
2466 5142 2770 5198 mmnibus
2793 5140 3072 5212 disponit,
3106 5140 3452 5212 ibidemque

108 5261 130 5288 ι(
164 5241 501 5311 sagittarios
527 5248 585 5294 et
603 5238 934 5295 funditores
956 5238 1228 5295 collocat.
1253 5238 1402 5292 Nam
1424 5233 1571 5307 quid
1594 5234 1688 5289 ille
1720 5233 1794 5290 ad
1824 5232 2267 5305 propulsandos
2293 5233 2495 5289 hostes
2522 5247 2644 5286 non
2674 5230 2984 5297 effecisset,
3011 5230 3098 5284 vir
3125 5229 3291 5285 omni
3313 5229 3453 5286 doc-

109 5351 132 5378 α
166 5333 316 5387 trina
337 5345 651 5386 sacrarum
674 5333 731 5385 et
752 5330 1145 5402 profanarum
1177 5326 1504 5381 litterarum
1523 5322 1852 5395 perpolitus
1885 5337 2247 5394 summaque
2275 5320 2560 5378 facundia
2591 5319 2890 5374 ornatus?
2921 5318 3024 5390 qui
3066 5319 3116 5373 si
3147 5317 3450 5385 voluisset,

108 5439 131 5466 ιι
163 5420 282 5492 igni
310 5420 523 5492 pluere
556 5433 739 5491 super
765 5417 1112 5474 temerarios
1139 5418 1243 5472 aut
1271 5412 1597 5470 crabrones
1618 5413 1680 5467 in
1705 5411 2030 5467 exercitum
2061 5410 2354 5470 immitere
2375 5409 2692 5482 potuisset,
2737 5411 2841 5463 aut
2895 5407 3126 5480 aliquid
3164 5407 3336 5466 aliud
3368 5407 3454 5464 eis

165 5599 237 5670 (1)
274 5598 346 5655 In
367 5596 681 5665 Monodia,
702 5595 878 5666 infra,
900 5594 1014 5654 col.
1047 5599 1169 5654 373.
