4028 6308
577 252 682 306 307
1459 251 1765 308 MICHAEL
1802 247 2252 306 ACOMINATUS
2292 251 2723 306 ATHENABUM
2761 249 3064 307 ARCHIEP
3863 257 3998 312 308

580 396 610 424 κ
649 374 1057 447 perniciosum
1097 374 1379 429 divinitus
1408 375 1747 447 impetrare.
1782 375 1984 446 Neque
2011 373 2172 428 enim
2203 378 2516 429 cunctatus
2560 379 2716 430 esset
2757 378 2931 440 Deus,
2987 377 3036 434 si
3087 394 3306 443 manus
3344 379 3438 436 ille
3474 379 3808 435 sustilisset
3868 383 3998 434 aut

580 486 609 514 ‹‹
649 463 814 521 labia
834 463 912 520 ad
937 464 1380 519 invocationem
1403 463 1671 518 numinis
1692 462 2049 535 aperuisset.
2078 461 2193 517 Sed
2223 478 2257 518 a
2277 463 2373 519 tali
2407 463 2496 518 vel
2528 464 2908 534 cogitatione,
2941 465 3167 522 nedum
3198 467 3378 538 facto,
3403 485 3542 526 eum
3590 469 3879 524 abduxit
3937 469 3998 522 is

581 571 612 606 ‹
651 553 754 626 qui
785 553 906 608 filio
937 552 1178 608 tonitrui
1199 553 1597 624 compescuit,
1624 568 1699 607 ne
1738 551 1941 621 ignem
1963 550 2112 606 coelo
2143 550 2441 619 elicerent,
2463 569 2605 608 cum
2660 552 2886 610 diceret
2919 572 2932 610 :
2989 577 3018 604 «
3047 561 3135 610 An
3187 559 3428 613 nescitis
3467 558 3640 632 cujus
3692 557 3998 631 spiritus

583 662 612 690 α
651 642 775 696 sitis
795 642 823 696 ‘?
852 664 881 691 »

653 751 680 780 ει
724 733 950 799 Sgurus
989 733 1216 794 autem,
1246 730 1571 804 desperata
1595 729 1860 798 victoria,
1901 728 2230 785 adversarii
2258 729 2405 786 aciei
2434 730 2800 788 instruendae
2849 736 2972 788 tam
3007 735 3201 806 periti,
3234 739 3358 791 tam
3406 736 3628 800 diserti,
3688 740 3832 791 tam
3876 735 3994 790 in-

584 839 606 868 ι
650 817 1048 889 comparabili
1077 817 1294 874 virtute
1315 817 1571 890 praediti,
1605 824 1663 873 et
1684 819 1845 873 irrita
1875 818 2326 890 oppugnatione
2355 820 2595 892 rupium
2610 822 2764 876 arcis
2790 822 3107 890 intellecta,
3137 825 3290 880 iram
3322 841 3494 880 suam
3543 829 3760 881 contra
3810 839 3991 880 eam

582 930 603 956 ι
644 906 858 962 urbem
885 907 1233 962 exstimulat
1253 909 1424 978 cujus
1452 923 1654 962 arcem
1684 922 2035 980 expugnare
2065 921 2187 961 non
2206 911 2458 977 poterat,
2489 908 2657 964 villas
2695 910 2978 977 incendit,
3039 928 3253 982 greges
3312 919 3704 985 armentaque
3759 913 3984 985 rapit.

577 1017 606 1045 «
647 998 714 1051 Et
729 1000 865 1068 post
891 995 1019 1051 dies
1043 996 1273 1069 aliquot
1302 997 1496 1052 soluta
1525 996 1841 1052 obsidione
1871 996 2106 1052 Thebas
2135 1001 2450 1067 oppugnat
2477 1014 2489 1062 ;
2512 997 2734 1070 quibus
2751 999 2947 1069 primo
2979 1000 3205 1078 impetu
3231 1002 3440 1075 captis,
3490 1001 3740 1059 ulterius
3799 1016 3987 1057 con-

573 1107 601 1135 ‹‹
641 1086 848 1165 tendit,
881 1101 950 1140 ac
979 1086 1391 1158 Thermopylis
1417 1086 1711 1156 superatis
1737 1101 1840 1155 per
1871 1086 2075 1140 OEtam
2095 1088 2365 1138 montem
2391 1085 2818 1143 descendendo
2853 1090 3096 1145 Larissae
3125 1107 3262 1146 cum
3309 1091 3517 1147 Alexio
3570 1092 3987 1163 imperatore

575 1195 603 1224 «
647 1189 712 1230 se
737 1175 1066 1245 conjungit.
1094 1174 1145 1228 Is
1181 1175 1342 1230 enim
1375 1191 1410 1230 a
1433 1174 2002 1246 septentrionalibus
2026 1172 2311 1230 lateribus
2338 1173 2584 1230 avulsus
2609 1181 2664 1231 et
2689 1176 2833 1232 urbe
2854 1177 3231 1250 imperatrice
3266 1195 3563 1238 excussus
3583 1181 3646 1235 in
3669 1178 3983 1238 Thessa—

576 1284 604 1313 ‹‹
644 1261 758 1318 lica
787 1265 1004 1335 Tempe
1030 1268 1400 1336 pervenerat.
1435 1264 1515 1318 Ac
1536 1263 1723 1319 ﬁliam
1753 1262 1910 1318 illius
1948 1261 2272 1318 Eudociam
2308 1278 2556 1320 uxorem
2590 1264 2773 1331 ducit,
2807 1282 2942 1341 qua
2973 1268 3138 1337 prius
3198 1269 3502 1339 Stephano
3531 1267 3980 1326 Triballorum

573 1373 602 1402 «
644 1351 784 1407 duci
813 1357 1024 1423 nupta,
1047 1352 1126 1408 ab
1156 1368 1345 1426 eoque
1363 1351 1682 1424 repudiata
1718 1358 1773 1408 et
1808 1354 2157 1424 Byzantium
2204 1358 2629 1424 reversa,post
2664 1360 2904 1425 captam
2967 1355 3177 1412 urbem
3238 1362 3294 1411 et
3350 1357 3673 1421 desertam,
3726 1355 3983 1412 Alexio

578 1462 600 1490 ε
645 1443 820 1496 Ducae
847 1447 1250 1511 cognomento
1282 1441 1586 1508 Murzuﬂo,
1613 1440 1719 1513 qui
1747 1443 2083 1496 Romanum
2121 1438 2442 1510 imperium
2481 1446 2818 1511 postremus
2843 1443 3080 1506 invasit,
3111 1450 3418 1516 nupserat.
3457 1444 3568 1500 Sed
3598 1460 3676 1502 ne
3706 1444 3762 1500 is
3815 1445 3980 1514 qui-

573 1551 602 1578 α
643 1529 783 1586 dem
804 1530 966 1587 illam
994 1535 1074 1588 ad
1098 1534 1462 1586 senectutem
1490 1546 1681 1602 usque
1708 1529 1916 1586 tenuit.
1938 1532 2088 1585 Nam
2109 1527 2384 1584 Eudociae
2416 1533 2580 1598 pater
2603 1529 2861 1598 Alexius,
2888 1531 3052 1586 haud
3085 1532 3209 1587 scio
3227 1548 3348 1604 qua
3375 1548 3436 1588 re
3457 1531 3780 1604 impulsus,
3803 1531 3980 1588 dolo

576 1640 598 1674 ς
645 1633 782 1673 eum
809 1620 1315 1692 comprehensum
1345 1618 1677 1674 luminibus
1703 1617 1954 1687 orbavit,
1979 1633 2108 1673 erro
2143 1617 2342 1674 erroni
2371 1617 2816 1687 infestissimus,
2849 1627 2906 1676 et
2935 1621 3188 1692 imperio
3216 1621 3484 1692 dejectus
3540 1621 3720 1677 simili
3779 1621 3973 1678 cala—

573 1727 602 1756 ‹‹
645 1707 847 1764 mitate
887 1708 1227 1765 conﬂictato
1253 1708 1728 1764 inimicissimus.
1754 1710 1955 1779 Neque
1987 1705 2177 1765 multo
2210 1711 2346 1778 post
2378 1707 2837 1763 excaecationem
2862 1724 2898 1763 a
2921 1708 3140 1764 Latinis
3197 1711 3676 1781 comprehensus
3729 1711 3961 1764 Ducas

571 1816 600 1846 «
640 1797 996 1868 Byzantium
1021 1798 1346 1863 reducitur,
1370 1803 1428 1853 et
1457 1797 1537 1853 ob
1563 1796 1880 1853 dominum
1907 1796 2408 1868 etimperatorem
2442 1812 2621 1852 suum
2643 1797 3151 1869 comprehensum
3182 1805 3238 1854 et
3283 1797 3505 1871 laqueo
3546 1803 3834 1856 enectum
3885 1798 3966 1854 in

575 1906 597 1934 ι
637 1885 936 1956 judicium
963 1886 1282 1956 adductus,
1314 1901 1424 1958 pro
1455 1885 1547 1942 sui
1576 1885 1926 1942 defensione
1953 1883 2166 1953 attulit,
2194 1883 2364 1944 illum
2397 1886 2601 1956 patriae
2623 1885 2990 1956 proditorem
3013 1887 3309 1943 exstitisse
3339 1893 3397 1944 et
3424 1887 3640 1956 dignas
3663 1902 3781 1942 suo
3812 1902 3960 1942 sce-

570 1992 600 2026 ‹
636 1972 758 2030 lere
806 1975 1046 2031 dedisse
1071 1991 1301 2049 paenas.
1335 1978 1536 2048 Neque
1565 1989 1627 2030 se
1664 1989 1855 2030 unum
1888 1972 1949 2029 id
1974 1971 2205 2038 fecisse,
2242 1971 2346 2032 sed
2394 1977 2451 2028 et
2481 1972 2744 2045 reliquos
2773 1973 2929 2030 illius
2961 1979 3270 2046 cognatos.
3318 1977 3534 2030 Verum
3573 1975 3675 2041 illi,
3729 1979 3962 2046 spreta

573 2083 596 2112 ι
642 2063 772 2133 ejus
807 2065 1096 2134 oratione,
1119 2068 1176 2120 et
1203 2064 1273 2121 iis
1293 2080 1431 2136 quae
1458 2062 1790 2135 adjungere
1818 2061 2099 2134 cupiebat
2128 2059 2305 2133 plane
2333 2060 2681 2132 repudiatis,
2706 2062 2918 2134 capitis
2949 2062 3258 2122 hominem
3297 2063 3729 2132 condemnant,
3765 2078 3954 2120 novo

569 2171 599 2200 «
639 2156 697 2207 et
719 2152 1148 2209 violentissimo
1182 2152 1458 2225 supplicii
1486 2167 1725 2222 genere.
1757 2155 1904 2206 Nam
1940 2151 2002 2205 in
2046 2149 2403 2205 altissimam
2434 2149 2802 2219 columnam,
2833 2166 2969 2222 quae
3023 2150 3083 2204 in
3139 2152 3329 2207 Tauro
3376 2156 3509 2216 stat,
3564 2150 3951 2222 perductum

569 2262 599 2290 «
639 2241 1031 2313 praecipitant.
1067 2246 1117 2298 Is
1148 2257 1290 2298 vero
1330 2240 1763 2313 aliquandiuin
1785 2239 1970 2312 pedes
2001 2238 2400 2308 descendens,
2430 2237 2649 2294 deinde
2680 2239 2742 2293 in
2786 2243 2969 2310 caput
3019 2238 3348 2296 subversas
3387 2244 3443 2295 et
3491 2239 3663 2296 humi
3721 2238 3951 2293 allisus

567 2345 600 2380 ‹
641 2328 1058 2384 miserabiliter
1087 2329 1328 2385 interiit.
1355 2331 1580 2399 Sgurus
1611 2333 1812 2384 autem
1834 2327 2016 2382 ducta
2042 2327 2319 2396 Eudocia,
2353 2327 2700 2381 marchione
2729 2325 2791 2381 in
2818 2326 3107 2381 Graeciam
3129 2328 3469 2393 transitura,
3495 2333 3558 2382 ut
3576 2325 3765 2399 paulo
3793 2331 3949 2382 ante

569 2436 598 2468 ιι
639 2417 782 2484 dixi,
813 2418 1356 2491 Thermopylarum
1387 2417 1698 2487 angustias
1728 2420 1784 2474 et
1815 2415 2004 2472 altum
2035 2420 2305 2472 montem
2340 2415 2423 2472 eis
2448 2415 2883 2482 imminentem,
2915 2419 3249 2488 caeteraque
3306 2415 3440 2472 loca
3491 2431 3631 2488 qua:
3689 2415 3948 2471 Graecia

569 2525 597 2553 «
639 2505 871 2564 aditum
898 2507 1322 2568 intercludunt,
1365 2510 1642 2562 accurate
1661 2503 2056 2562 custodiebat.
2099 2505 2316 2560 Verum
2346 2503 2740 2560 nihilominus
2765 2502 2859 2558 ille
2889 2503 2960 2558 iis
2998 2503 3147 2560 locis
3176 2502 3455 2564 facillime
3482 2493 3701 2576 petitus
3734 2508 3830 2559 est
3859 2503 3950 2558 ob

574 2615 596 2643 ι
639 2600 988 2652 nostrorum
1012 2596 1319 2666 ignaviam
1347 2611 1418 2652 ac
1448 2595 1776 2664 degeneres
1807 2593 2198 2666 abjectosque
2230 2593 2488 2659 animos,
2512 2591 2769 2648 subinde
2801 2592 3164 2665 potentiores
3194 2592 3388 2648 colere
3417 2591 3746 2653 volentium
3773 2610 3787 2659 ;
3851 2591 3950 2647 id-

573 2704 593 2730 ι
639 2699 757 2755 que
779 2701 918 2740 cum
950 2701 1072 2742 non
1100 2701 1392 2756 magnum
1439 2684 1764 2740 adduceret
1807 2683 2128 2739 exercitum
2175 2698 2285 2737 nec
2335 2681 2488 2736 inter
2518 2695 2580 2734 se
2607 2680 3098 2746 consentientem,
3142 2681 3245 2736 sed
3295 2680 3597 2753 plerisque
3629 2680 3689 2738 in
3721 2679 3947 2750 rebus,

577 2793 596 2819 ε
643 2772 871 2848 quippe
902 2789 974 2829 ex
1004 2773 1206 2829 multis
1237 2773 1490 2830 urbibus
1521 2773 1858 2840 collectum,
1882 2771 2291 2827 dissidentem.
2326 2773 2393 2825 Et
2413 2785 2548 2824 cum
2579 2770 2778 2846 ipsam
2806 2769 3095 2825 Boeotiam
3146 2769 3474 2840 invaderet,
3533 2775 3654 2826 tam
3707 2768 3947 2846 cupide

565 2881 593 2910 «
636 2866 948 2934 susceptus
977 2868 1062 2919 est
1082 2879 1266 2936 quam
1298 2863 1624 2936 quisquam
1654 2861 1759 2934 qui
1785 2877 1856 2916 ex
1887 2860 2218 2931 longinqua
2245 2859 2602 2915 etdiuturna
2631 2859 3108 2930 peregrinatione
3138 2858 3392 2914 domum
3423 2860 3756 2916 revertitur.
3795 2861 3945 2914 Pro-

565 2970 594 2998 (ι
631 2963 870 3019 gressus
897 2952 1076 3008 etiam
1106 2952 1294 3008 Attica
1314 2951 1538 3021 potitur
1563 2956 1619 3006 et
1649 2950 1770 3006 arci
1802 2948 2149 3022 praesidium
2174 2948 2448 3020 imponit.
2479 2951 2626 3004 Cum
2648 2953 2849 3003 autem
2879 2947 3039 3003 idem
3063 2947 3573 3020 archiepiscopus,
3598 2952 3662 3004 ut
3685 2945 3943 3019 pridem

561 3058 591 3088 ι(
636 3039 917 3110 Sgurum,
939 3041 1022 3097 ita
1043 3047 1098 3098 et
1115 3046 1255 3098 tunc
1276 3039 1689 3097 marchionem
1710 3038 2064 3112 propulsare
2094 3044 2318 3110 posset,
2350 3045 2552 3096 tamen
2584 3043 2822 3108 tempus
2854 3052 2890 3092 a
2920 3036 3254 3092 resistendo
3286 3037 3552 3098 alienum
3579 3052 3708 3094 esse
3734 3041 3939 3102 ratus,

565 3150 592 3175 «
632 3129 856 3202 quippe
885 3130 1035 3186 urbe
1064 3130 1441 3203 imperatrice
1467 3134 1814 3202 expugnata
1835 3134 2030 3184 ettam
2049 3125 2445 3184 Orientalibus
2465 3141 2650 3198 quam
2681 3125 3163 3186 Occidentalibus
3192 3125 3513 3200 provinciis
3545 3125 3763 3190 Latinae
3791 3124 3941 3180 has-

567 3236 588 3264 ‹
635 3221 708 3272 tte
748 3220 1032 3275 umbram
1059 3219 1482 3290 subeuntibus,
1519 3220 1662 3274 citra
1691 3217 2145 3278 dimicationem
2180 3214 2508 3270 munitione
2540 3214 2714 3270 cedit.
2751 3215 3061 3274 Postremo
3104 3214 3327 3270 Euboea
3370 3231 3635 3292 quoque.
3694 3215 3940 3274 omissa

563 3325 591 3354 «
633 3305 1002 3377 defensione,
1036 3309 1342 3382 supplices
1373 3307 1452 3364 ad
1482 3307 1897 3364 marchionem
1927 3322 2146 3367 manus
2177 3303 2382 3368 tendit,
2415 3309 2470 3360 et
2500 3304 2784 3359 exercitui
2819 3305 3032 3378 Euripo
3063 3303 3436 3362 concitatiori
3467 3309 3712 3376 pontem
3739 3303 3934 3360 subs-

563 3414 593 3444 «
632 3396 808 3451 ternit
851 3413 864 3462 ;
932 3402 990 3452 et
1033 3397 1095 3452 in
1135 3398 1266 3470 ipso
1315 3396 1464 3452 freto
1532 3395 1840 3453 castellum
1894 3394 2283 3456 mdiﬁcatum,
2341 3392 2402 3448 in
2442 3407 2634 3464 eoque
2691 3392 2998 3448 sedentem
3055 3393 3374 3450 exercitum
3426 3392 3631 3454 cernit,
3687 3407 3723 3448 a
3798 3408 3935 3468 quo

565 3505 594 3534 α
635 3483 958 3540 mutabiles
988 3484 1344 3541 insularium
1372 3484 1557 3542 animi
1579 3491 1635 3540 et
1660 3483 1877 3539 callida
1908 3482 2156 3538 consilia
2184 3498 2220 3536 a
2248 3481 2576 3537 defectione
2610 3487 3039 3536 coercerentur.
3077 3481 3190 3536 Sed
3203 3481 3349 3554 quid
3373 3497 3570 3536 meam
3588 3481 3932 3538 orationem

563 3594 592 3624 α
629 3571 874 3629 barbari
904 3578 1284 3632 antevertunt
1303 3577 1359 3629 et
1387 3573 1648 3630 historiae
1677 3587 1921 3627 cursum
1961 3576 2279 3642 occupant,
2334 3585 2444 3626 nec
2475 3568 2552 3626 ab
2601 3568 2722 3624 ullo
2753 3569 3096 3633 adversario
3144 3569 3555 3625 destinentur?
3611 3585 3748 3633 nam
3791 3569 3929 3624 haec

562 3680 591 3710 «
633 3665 700 3715 ut
721 3660 934 3718 Thebis
958 3661 1224 3734 spoliatis
1250 3666 1307 3716 et
1332 3660 1576 3716 Athenis
1604 3659 1911 3730 occupatis
1946 3659 2004 3714 in
2031 3661 2319 3716 Euboeam
2349 3659 2705 3724 transierint,
2737 3659 2935 3719 adhuc
2965 3660 3141 3716 refert
3167 3678 3179 3715 :
3219 3659 3299 3714 illi
3330 3674 3492 3728 vero,
3523 3674 3645 3715 non
3669 3664 3730 3714 ut
3751 3658 3918 3730 pedi-

568 3772 590 3799 ι
637 3754 741 3820 tes,
769 3750 874 3807 sed
895 3756 953 3807 ut
983 3751 1156 3807 aeriae
1187 3751 1484 3819 volucres,
1516 3749 1626 3806 alis
1659 3765 1843 3820 supra
1870 3749 2179 3806 historiam
2211 3747 2417 3812 evecti,
2441 3747 2517 3803 ad
2557 3748 2845 3802 Isthmum
2873 3747 3146 3811 tendunt,
3185 3748 3530 3820 oppositum
3570 3747 3652 3802 ibi
3708 3747 3923 3801 Roma-

563 3860 592 3890 «
632 3855 778 3896 num
811 3841 1136 3896 exercitum
1161 3840 1504 3913 proﬂigant,
1539 3839 1751 3894 urbem
1778 3839 1839 3894 in
1866 3837 2089 3892 Isthmo
2121 3837 2296 3891 sitam
2335 3835 2693 3908 locupletem
2737 3835 2878 3892 olim
2921 3835 3266 3892 Corinthum
3294 3838 3533 3892 intrant.
3553 3834 3714 3890 Unde
3729 3840 3921 3906 Argos

569 3950 590 3978 ε
634 3934 980 4000 transeunt;
1017 3931 1335 3988 Laconiam
1358 3929 1668 4002 pervagati
1691 3927 2060 3999 impetumin
2092 3924 2596 3980 Achiamtaciunt.
2635 3924 2776 3980 Inde
2798 3926 3128 3981 Methonem
3160 3930 3407 3998 petunt;
3441 3923 3519 3980 ad
3545 3922 3748 3996 Pylum
3779 3926 3917 3978 Nes-

568 4040 589 4068 ι
633 4019 796 4082 toris.
824 4020 1081 4090 patriam
1109 4020 1498 4076 contendunt.
1529 4016 1619 4073 Ad
1645 4016 1941 4089 Alpheum
1969 4016 2148 4072 etiam
2177 4030 2524 4070 accessuros
2556 4013 2832 4082 arbitror,
2859 4031 2928 4069 ex
2968 4030 3158 4086 eoque
3189 4020 3365 4087 potos
3396 4020 3450 4070 et
3479 4013 3632 4069 lotos
3663 4017 3916 4068 veterem

561 4128 590 4156 «
625 4107 964 4176 jucundam
989 4107 1260 4165 fabulam
1289 4107 1620 4174 audituros,
1655 4105 1906 4161 ﬂuvium
1929 4121 2068 4160 eum
2097 4105 2397 4160 Arethusae
2415 4102 2590 4158 fontis
2608 4103 2804 4168 Siculi,
2828 4119 3008 4176 quem
3027 4102 3422 4165 Italorumlilii
3443 4103 3680 4170 bibunt,
3711 4117 3916 4156 amore

567 4215 594 4243 α
633 4195 1065 4266 liquescentem
1087 4196 1276 4252 vereri
1305 4211 1376 4250 ne
1406 4212 1530 4250 suae
1558 4211 1732 4266 aquae
1765 4210 2077 4248 successus
2111 4192 2452 4248 Latinorum
2487 4198 2543 4247 et
2577 4208 2670 4248 res
2699 4209 2851 4264 quas
2866 4199 3074 4251 contra
3102 4191 3334 4246 Graecos
3354 4191 3644 4259 gesserint
3671 4190 3914 4262 inscrip-

564 4303 592 4332 ‹‹
635 4288 724 4338 tas
757 4283 834 4338 ad
860 4285 1183 4356 populares
1206 4299 1416 4339 eorum
1448 4282 1705 4356 perferre
1731 4287 1999 4351 cogatur.
2037 4283 2271 4350 Verum,
2296 4296 2331 4335 o
2355 4282 2552 4335 Graece
2584 4280 2761 4336 ﬂuvie
2785 4281 3026 4353 Alphee,
3057 4280 3211 4336 latex
3245 4296 3350 4352 per
3383 4280 3754 4348 salsuginem
3781 4296 3913 4335 ma-

572 4393 593 4421 ι
637 4386 791 4426 nans
817 4372 1114 4442 potabilis,
1145 4389 1238 4428 res
1263 4373 1474 4428 auditu
1506 4371 1680 4436 mira,
1708 4370 1934 4425 amoris
1978 4369 2348 4437 incendium,
2401 4386 2543 4424 cave
2595 4372 2929 4426 Graecorum
2963 4371 3335 4425 calamitates
3391 4369 3598 4426 Siculis
3647 4367 3914 4424 barbaris

567 4480 596 4508 «
639 4458 912 4530 explices,
941 4465 1044 4516 aut
1071 4476 1510 4516 commemores
1539 4463 1804 4531 quantas
1833 4474 1926 4511 res
1956 4458 2279 4528 populares
2318 4473 2528 4514 eorum
2561 4465 2769 4514 contra
2797 4461 3025 4514 Graecos
3071 4457 3384 4527 gesserint,
3432 4475 3506 4514 ne
3535 4457 3762 4512 choreae
3797 4457 3913 4512 du-

567 4567 598 4598 «
638 4551 868 4615 cantur,
891 4562 967 4604 ne
991 4563 1232 4619 paeanes
1266 4553 1600 4611 cantentur,
1631 4562 1705 4600 ne
1727 4545 1928 4617 plures
1950 4546 2152 4600 hostes
2183 4545 2506 4619 appellant.
2533 4548 2841 4619 Paulisper
2863 4553 3167 4619 exspecta.
3208 4547 3398 4602 Multae
3414 4554 3552 4602 sunt
3575 4546 3708 4602 belli
3735 4546 3906 4616 vices;

569 4659 596 4686 «
638 4640 877 4690 tesserae
903 4635 1092 4692 instar
1121 4637 1444 4692 volvuntur
1470 4652 1565 4690 res
1594 4632 1961 4688 mortalium.
1992 4636 2157 4688 Nunc
2183 4635 2298 4700 his,
2329 4650 2489 4690 nunc
2515 4636 2630 4692 illis
2661 4637 2816 4692 favet
2844 4637 3120 4704 victoria;
3165 4652 3237 4692 ne
3291 4635 3629 4691 Alexandro
3676 4635 3905 4708 quidem

573 4745 594 4774 ι
638 4723 834 4779 ferunt
857 4723 1063 4779 omnia
1093 4723 1457 4780 successisse
1490 4739 1563 4778 ex
1593 4720 1908 4788 sententia,
1935 4735 2043 4775 nec
2071 4721 2319 4778 Caesaris
2349 4725 2591 4780 fortuna
2622 4725 2810 4780 caruit
2840 4724 3294 4780 offensionibus.
3329 4727 3431 4780 Per
3455 4724 3654 4797 ipsam
3675 4723 3905 4778 Arethu-

570 4835 597 4864 ι(
638 4828 771 4869 sam
801 4817 856 4870 te
885 4811 1170 4870 obtestor.
1209 4835 1232 4864 ι

640 4906 763 4959 Huc
791 4918 983 4975 usque
1003 4903 1252 4968 Nicetas,
1273 4917 1345 4957 ex
1375 4901 1548 4971 cujus
1575 4898 1915 4956 narratione
1948 4898 2186 4954 traditio
2217 4900 2290 4955 de
2322 4903 2667 4972 regionibus
2709 4904 2921 4959 Graecis
2955 4919 2989 4958 a
3021 4902 3240 4959 Latinis
3291 4901 3647 4976 expugnatis
3700 4917 3796 4974 per
3838 4903 3899 4957 41

565 4993 804 5049 iambos
833 4992 1130 5050 trimetros
1155 4993 1215 5048 in
1236 4991 1590 5047 chronicum
1620 4989 1933 5045 metricum
1963 4987 2039 5042 ab
2065 4989 2290 5057 Angelo
2321 4992 2468 5048 Maio
2504 5009 2602 5048 au.
2635 4996 2763 5047 1828
2805 4993 3030 5047 editum
3065 4992 3335 5062 transiit;
3371 4990 3763 5063 compositum
3809 5005 3904 5045 au-

565 5084 685 5137 tem
711 5081 1170 5138 estchronicum
1199 5080 1343 5136 illud
1381 5079 1460 5136 ad
1486 5077 2110 5152 Ephraim,monacho
2144 5079 2488 5150 Byzantino,
2522 5082 2624 5154 qui
2655 5079 3128 5154 Thermophylas
3153 5081 3212 5135 in
3255 5079 3652 5151 municipium
3710 5079 3899 5134 Atticae

567 5169 874 5236 convertit,
906 5173 964 5227 et
983 5177 1286 5227 certamen
1316 5166 1536 5224 ducem
1559 5166 1938 5239 Naupliotam
1963 5164 2116 5220 inter
2145 5173 2200 5222 et
2224 5169 2746 5242 archiepiscopum
2768 5170 3194 5224 Atheniensem
3244 5169 3304 5224 in
3363 5168 3548 5224 hocce
3583 5167 3907 5223 tetrasticho

567 5255 826 5313 absolvit
842 5275 856 5313 :

636 5345 786 5406 Τέλος
816 5346 1214 5422 προσαῤῥάσσει
1245 5343 1303 5399 δὲ
1326 5351 1416 5399 καὶ
1445 5352 1556 5406 ταῖς
1586 5345 1851 5404 Ἀθήναις·

2346 5349 2648 5402 Postremo
2679 5346 2941 5402 Athenas
2982 5346 3147 5418 ipsas
3183 5345 3472 5402 adoritur.

636 5432 773 5486 Ἀλλ’
800 5431 1178 5506 ἀποκρουσθεὶς
1206 5434 1578 5510 ἁρχιποιμένος
1607 5433 1778 5504 λόγοις

2345 5435 2456 5490 Sed
2479 5435 2753 5507 repulsus
2779 5435 3208 5505 sapientissimi
3229 5434 3507 5490 antistitis

634 5528 736 5574 Τοῦ
766 5525 1059 5574 Χωνειάτου
1085 5524 1309 5593 Μιχαὴλ
1333 5531 1425 5576 τοῦ
1453 5522 1744 5594 πανσόφου,

2339 5524 2638 5580 Michaelis
2671 5523 2974 5581 Choniatae
2991 5523 3349 5597 eloquentia,

637 5609 838 5670 Θήϐαις
864 5607 1062 5682 ἐφορμᾷ
1089 5616 1295 5683 ταχέως
1333 5611 1665 5673 ἑπταπύλοις.
1707 5630 1714 5636 ‘

2337 5612 2570 5668 Thebas
2599 5611 2912 5668 confestim
2944 5613 3196 5668 Bomtias
3225 5611 3475 5669 invadit.

634 5697 878 5755 Brevius
907 5697 1047 5756 dein
1064 5696 1142 5756 de
1169 5699 1376 5760 Attica
1400 5703 1459 5758 et
1485 5699 1804 5778 regionum
1829 5695 2168 5754 vicinarum
2197 5701 2669 5774 expugnatione:
