4028 6308
79 295 178 358 309
1001 330 1004 332 τ
1637 300 1670 356 Β

1874 302 1940 358 Α.
3358 304 3465 368 3W

143 421 464 488 Mapxz'a'tog
506 414 565 472 δὲ
593 422 691 478 τὴν
727 422 977 478 Βοιωτίαν
1016 421 1242 492 φθάσας,

1231 461 1242 486 ,
1889 420 2148 482 Marchio
2178 420 2466 488 Bmotiam
2493 422 2822 494 ingressus,

144 513 370 564 Ταυτην
395 513 773 580 παρεστήσατο
800 515 911 570 ταῖς
949 514 1312 582 στρατηγίαις

949 514 1312 582 στρατηγίαις·
1885 511 2081 569 Armis
2109 526 2247 570 eam
2265 510 2504 581 subegit
2527 528 2539 567 :

144 601 360 668 Κρατεῖ
397 600 598 672 προιὼν
632 596 878 658 Ἀττικῆς
906 599 998 649 σὺν
1029 595 1241 670 Εὐϐοίᾳ.

1887 599 2138 666 Atticam
2169 616 2309 664 cum
2331 599 2558 658 Eubma
2587 616 2712 658 suae
2740 599 2983 672 ditionis
3001 600 3163 664 fecit.

885 720 913 792 ξ
951 723 1014 776 ν.
1049 721 1191 788 Quae
1219 722 1474 778 Athenis
1503 728 1640 792 post
1674 722 1985 780 Michaelis
2013 730 2284 794 tempora
2310 723 2682 782 acciderunt.

142 825 369 882 Niceta
401 829 652 883 auctore
676 828 902 899 Sgurus
921 830 1057 900 post
1077 827 1312 884 cladem
1344 829 1423 885 ad
1444 829 1878 902 Thermopylas
1910 835 2223 902 acceptam
2249 830 2743 886 Acrocorinthum
2766 844 2828 885 se
2852 829 3096 903 recepit,
3111 829 3218 886 ubi
3245 834 3314 887 ut
3340 829 3465 887 hel-

77 915 174 970 lua
196 915 270 970 in
304 920 496 971 antro
529 931 592 970 se
618 915 875 984 abdidit,
898 932 1239 990 corpusque
1263 922 1474 974 contra
1500 918 1739 974 Latinos
1769 917 2052 974 defendit.
2081 918 2343 974 Athenas
2371 917 2587 974 deinde
2619 919 2801 989 (unde
2831 917 3073 976 Michael
3103 923 3463 986 excesserat,

78 1007 130 1058 et
146 1005 342 1074 cujus
364 1020 481 1059 arx
511 1019 549 1060 a
568 1004 772 1061 multis
800 1006 1169 1061 Francorum
1196 1005 1384 1079 copiis
1415 1005 1888 1076 custodiebatur)
1917 1014 1972 1063 et
2005 1008 2286 1064 Baeotiam
2311 1007 2665 1076 Bonifacius,
2699 1023 2805 1064 rex
2823 1007 3278 1080 Thessalonicae,
3312 1009 3467 1064 emi-

78 1092 458 1149 nentissimo
498 1109 531 1148 e
553 1093 908 1150 consiliariis
938 1095 1085 1162 suis,
1119 1095 1315 1150 Ottoni
1345 1095 1420 1150 de
1440 1095 1611 1167 Rupe
1643 1095 2043 1164 gubernanda
2075 1095 2347 1162 tradidit;
2381 1095 2691 1169 utriusque
2737 1101 2942 1152 autem
2968 1096 3293 1169 provincias
3315 1096 3469 1153 sicut

79 1180 330 1237 Euboeae
361 1186 425 1237 et
452 1181 793 1238 Bodonitzaa
821 1182 1158 1238 dominium
1187 1181 1499 1239 Guillelmo
1527 1183 1603 1239 de
1635 1183 1988 1257 Champlitte
2020 1185 2215 1251 cessit,
2246 1184 2391 1257 quia
2411 1200 2484 1240 ex
2509 1185 2729 1242 Achaia
2765 1191 2821 1243 et
2849 1185 3007 1241 Elide
3034 1184 3343 1259 profectus
3366 1187 3469 1242 Pe-

73 1270 460 1342 loponesum
489 1270 820 1341 subjugare
851 1277 1131 1342 coeperat.

77 1383 174 1430 Kal
207 1377 418 1439 ἐκεῖνος
456 1380 562 1451 γὰρ
594 1380 662 1439 ὡς
695 1377 901 1449 εὐγενὴς
928 1383 1018 1430 καὶ
1054 1380 1219 1454 ῥήγας
1240 1380 1370 1432 ὀποῦ
1401 1375 1542 1446 ἦτον,

1366 1387 1370 1422 ῑ
1401 1375 1542 1446 ἦτον,
1817 1378 1915 1436 ille
1937 1383 2138 1436 autem
2166 1394 2559 1450 genererosus
2585 1384 2650 1435 ut
2677 1395 2781 1436 rex
2810 1384 2957 1448 erat,

73 1475 170 1521 Τοῦ
202 1466 386 1522 ἔδωκε
410 1473 509 1521 καὶ
538 1466 786 1546 έχάρισεν
811 1477 905 1530 τῆς
929 1470 1153 1527 Ἀθηνοῦ
1172 1474 1231 1522 τὸ
1259 1471 1496 1544 ὁμοίτζιο.

1262 1471 1496 1544 ὁμοίτζιο.
1821 1469 1881 1524 In
1913 1467 2268 1538 homagium
2294 1467 2347 1522 ei
2377 1466 2542 1524 dedit
2560 1468 2853 1534 Athenas;

76 1564 252 1628 Μέγαν
285 1561 474 1632 Κόρην
506 1560 592 1609 τὸν
621 1557 816 1630 aqua,
848 1557 1010 1620 οὕτως
1035 1562 1122 1610 τὸν
1151 1559 1424 1631 ὠνομάζαν

1817 1559 1886 1612 Ut
1905 1559 2154 1626 Magnus
2182 1557 2473 1612 Dominus
2503 1555 2723 1617 sultani
2752 1572 2975 1612 nomen
3005 1555 3253 1632 accepit,

79 1649 309 1700 Ἐκεῖνον
333 1649 472 1699 ὀποῦ
507 1646 801 1699 αὕθέντιυεν
839 1645 974 1700 iret-3
1002 1651 1097 1706 τὴν
1137 1647 1380 1706 Ἀθήναν·

1816 1645 1927 1711 Qui
1956 1644 2056 1700 illo
2086 1650 2358 1716 tempore
2392 1645 2654 1701 Athenas
2687 1645 2939 1718 imperio
2957 1644 3145 1718 rexit;

80 1736 163 1789 ἐκ
191 1745 304 1788 τῶν
341 1734 602 1792 Ἑλλήνων
632 1738 690 1786 τὸ
721 1739 906 1807 εἶχασι
943 1739 1002 1788 τὸ
1032 1739 1192 1809 ὄνομα
1229 1740 1329 1810 γὰρ
1361 1735 1538 1790 ἐκεῖνο.

1472 1756 1538 1790 νο.
1815 1736 2044 1789 Nomen
2072 1738 2273 1788 autem
2305 1748 2341 1788 a
2372 1733 2590 1789 Graecis
2622 1733 2882 1790 mutuati
2905 1737 3063 1790 sunt.

77 1825 360 1884 Ὡσαύτως
398 1826 504 1896 γὰρ
541 1830 634 1875 τοῦ
661 1819 824 1876 ἔδωκε
851 1829 972 1899 τρία
1011 1825 1237 1898 ὀμάτζια
1261 1833 1353 1877 τοῦ
1384 1825 1633 1899 Εὐρίπου,

1344 1835 1353 1875 ι
1384 1825 1633 1899 Εὐρίπου,
1816 1822 1964 1877 Item
1987 1823 2098 1878 tria
2116 1821 2404 1890 homagia
2435 1838 2616 1894 super
2648 1821 2935 1896 Euripum

81 1921 186 1975 Τῆς
219 1909 583 1972 Πονδενίτζας
612 1908 805 1983 ἀλαδὴ,
840 1916 897 1964 τὸ
928 1911 1211 1986 ἐκράτησεν
1243 1915 1268 1965 ὁ
1297 1913 1544 1985 Μαρκέζη
1558 1935 1598 1979 ς,

1878 1930 1882 1966 μ
1913 1927 2094 1986 super
2123 1911 2537 1979 Bodonitzam,
2565 1912 2860 1968 concessit
2879 1910 3152 1972 marchio
3180 1910 3311 1982 lege
3332 1927 3469 1970 san-

81 2006 160 2055 }t'o'r
221 2006 297 2056 τὰ
358 2009 651 2078 κρατοῦσιν
719 2000 808 2054 ἀπ’
865 2002 1020 2054 αὐτὸν
1095 2008 1184 2055 καὶ
1238 2003 1454 2060 αὐθέντῃ
1511 2005 1574 2054 νὰ
1619 2004 1672 2053 τὸ

2880 1999 3069 2080 [ciens
3093 2005 3158 2057 ut
3183 2000 3396 2058 incola

1499 2088 1702 2163 [ἔχουν.
1814 2091 1961 2146 Eum
1992 2105 2101 2164 pro
2131 2089 2379 2146 domino
2409 2105 2520 2145 suo
2546 2095 2959 2160 agnoscerent.

82 2187 123 2232 Ο
163 2180 429 2240 αὐθέντης
476 2177 537 2233 δὲ
583 2188 682 2241 τῆς
731 2181 953 2238 Ἀθηνοῦ
1005 2177 1108 2232 ἀπὸ
1156 2182 1502 2256 Βουργουνιάν
1560 2181 1673 2237 ἤτοι

1875 2177 2115 2234 riundus
2159 2184 2360 2235 autem
2413 2183 2541 2234 erat
2581 2179 2952 2234 Athenarum
2982 2177 3351 2249 gubernator
3392 2193 3466 2242 ex

1455 2267 1588 2340 [κτλ.
1633 2268 1704 2339 (1)
2861 2268 3046 2340 [Burs'

2861 2265 3253 2340 [Burgundia,
3280 2271 3392 2324 etc.

148 2376 249 2430 Ab
284 2376 507 2431 Ottone
537 2373 612 2430 de
641 2375 807 2446 Rupe
839 2374 1028 2446 (Ὀθῶν
1048 2375 1131 2427 ντέ
1156 2375 1222 2427 λὰ
1249 2375 1480 2444 Ῥῶτζε),
1505 2373 1739 2444 Burgun

1872 2389 1954 2439 ne,
1977 2373 2347 2430 Athenarum
2372 2372 2777 2444 moderatore,
2799 2373 2975 2446 cujus
3003 2373 3210 2446 nepoti
3230 2389 3302 2432 ac
3331 2389 3463 2434 suc-

84 2465 308 2520 cessori
347 2463 692 2519 Ludovicus
714 2468 979 2534 sanctus,
1009 2480 1112 2520 rex
1144 2463 1427 2529 Francius,
1461 2463 1748 2536 principis
1781 2462 2016 2518 Achaiae
2045 2462 2400 2532 dignitatem
2431 2462 2751 2532 concessit,
2773 2461 2887 2525 _i.e.
2911 2477 3074 2524 anno
3109 2465 3262 2529 1205,
3281 2461 3468 2526 series

84 2552 296 2624 incipit
322 2551 674 2624 principum
707 2552 1075 2607 Francorum
1098 2551 1202 2624 qui
1235 2568 1340 2624 per
1369 2551 1664 2608 ducentos
1692 2541 2136 2624 quinquaginta
2168 2567 2363 2608 annos
2381 2550 2460 2607 ad
2494 2554 2628 2608 1453
2652 2567 2844 2628 usque
2872 2551 3138 2614 Athenas
3153 2549 3467 2623 regebant,

86 2657 208 2714 qua
236 2641 303 2696 in
331 2639 486 2695 urbe
524 2638 666 2704 inde
695 2655 732 2695 a
764 2639 955 2695 Codro
994 2644 1050 2696 et
1081 2640 1464 2696 Pisistratinis
1495 2656 1595 2695 rex
1640 2639 1840 2696 nullus
1870 2640 2126 2704 sederat.
2167 2646 2224 2696 et
2257 2639 2360 2696 ubi
2399 2640 2667 2714 quinque
2699 2640 2934 2698 saeculis
2956 2644 3098 2714 post
3124 2639 3293 2704 illum
3323 2640 3466 2704 Bur-

89 2715 498 2799 gundionem,
535 2727 703 2784 alteri
733 2728 976 2784 cuidam
1008 2729 1228 2798 Ottoni,
1263 2729 1541 2786 Germani
1569 2728 1900 2802 sanguinis,
1927 2735 2296 2786 reservatum
2343 2733 2488 2796 erat,
2519 2733 2582 2785 ut
2610 2744 2902 2802 magnam
2949 2728 3189 2792 Graecia
3228 2732 3466 2805 partem

91 2833 226 2872 cum
253 2816 555 2887 dignitate
585 2822 641 2872 et
659 2816 887 2872 honore
916 2815 1035 2872 leni
1067 2823 1302 2890 sceptro
1327 2815 1665 2888 subjecerit.

160 2909 293 2962 Una
326 2922 474 2961 cum
504 2905 752 2961 domino
783 2904 1057 2961 saeculari
1087 2921 1281 2978 eoque
1321 2911 1681 2978 usurpatore
1705 2906 2097 2971 Athenarum,
2127 2905 2422 2964 Michaelis
2451 2905 2685 2978 expulsi
2706 2905 2908 2962 sedem
2941 2905 3208 2978 archiep.
3240 2907 3459 2966 Roma-

90 3009 226 3063 nus,
257 2993 519 3050 nomine
540 2992 838 3048 Berardus
865 2993 1205 3065 occupavit,
1232 3009 1412 3065 quem
1457 3009 1578 3049 non
1623 2993 1737 3049 nisi
1762 3009 1835 3049 ex
1859 2994 2125 3067 epistolis
2152 3011 2306 3068 quas
2335 2994 2714 3050 Innocentius
2744 2994 2816 3050 IIl
2847 2995 2954 3050 PP.
2982 2994 3035 3050 ei
3061 2993 3316 3065 scripsit,
3357 3009 3465 3050 no-

93 3083 313 3138 vimus.
341 3085 409 3137 In
435 3082 594 3138 notis
624 3096 777 3154 quas
801 3080 993 3137 editor
1012 3081 1105 3137 Fr.
1139 3081 1496 3156 Bosquetius
1525 3081 1742 3153 adjecit
1763 3083 1884 3155 (ed.
1906 3083 2126 3150 Tolos.,
2149 3087 2274 3141 not.
2305 3098 2364 3158 p.
2390 3083 2443 3152 9)
2475 3081 2770 3139 Michaelis
2787 3081 3083 3138 Choniatzc
3099 3081 3467 3142 mentionem

91 3171 230 3226 facit
258 3172 346 3226 ita
373 3161 718 3225 duriuscule
751 3169 1021 3225 scribens
1048 3187 1061 3221 :
1087 3192 1114 3218 ‹‹
1139 3170 1350 3226 Graecis
1382 3185 1583 3225 rerum
1610 3170 1872 3226 dominis
1896 3171 2240 3226 Atheniensi
2266 3169 2537 3226 Ecclesiae
2570 3174 2823 3243 praeerat
2849 3168 3094 3234 Michael
3123 3169 3463 3242 Choniates,

93 3259 190 3330 qui
219 3259 423 3332 captis
453 3258 697 3314 Athenis
728 3273 764 3314 a
795 3258 1144 3312 marchinne
1175 3257 1586 3314 Montisferrati
1609 3258 1755 3313 urbe
1777 3259 1972 3325 cessit,
2002 3264 2066 3315 ut
2093 3265 2297 3315 narrat
2325 3259 2454 3330 ejus
2483 3257 2665 3314 frater
2692 3258 2951 3328 Nicetas,
2977 3258 3082 3332 qui
3125 3274 3266 3314 eum
3288 3257 3471 3316 nobis

95 3343 310 3404 Graeca
351 3347 474 3416 ﬁde
513 3351 569 3402 et
598 3345 857 3401 fraterno
885 3344 1103 3401 affectu
1141 3353 1423 3402 sanctum
1467 3347 1785 3416 praedicat.
1812 3369 1840 3397 ››
1864 3347 2260 3403 Nihilominus
2299 3346 2461 3402 idem
2505 3345 2622 3402 alio
2649 3347 2711 3406 in
2740 3345 2896 3414 loco,
2929 3345 3093 3404 hunc
3123 3344 3471 3410 Michaelem

92 3451 226 3491 cum
265 3433 730 3507 archiepiscopo
782 3437 1054 3489 Romano
1085 3434 1452 3490 confundere
1482 3435 1736 3502 videtur,
1792 3435 1868 3491 ad
1913 3451 2095 3508 quem
2128 3435 2506 3491 Innocentius
2548 3435 2775 3492 litteras
2822 3435 3077 3512 scripsit.
3106 3437 3188 3492 Ex
3214 3435 3471 3497 istarum

92 3524 490 3596 epistolarum
523 3537 648 3578 una
679 3527 858 3601 patet,
885 3531 950 3577 ut
983 3522 1364 3578 Schlosserus
1393 3539 1638 3596 quoque
1668 3525 1846 3594 (Hist.
1880 3523 2073 3592 expect
2095 3525 2337 3594 Crucz'g.
2372 3526 2438 3592 ll,
2469 3539 2528 3597 p.
2556 3526 2648 3593 63)
2670 3523 2958 3595 declarat,
2983 3539 3019 3580 a
3041 3523 3260 3580 Latinis
3281 3539 3313 3580 e
3341 3521 3472 3600 plu-

93 3613 264 3669 ribus
286 3609 677 3677 dioecesibus,
710 3611 1071 3680 civitatibus,
1095 3617 1230 3680 etc.,
1254 3612 1536 3682 expulsos
1559 3611 1746 3668 fuisse
1774 3613 2008 3668 Graecos
2035 3612 2250 3666 eadem
2282 3611 2683 3679 inclementia,
2707 3628 2830 3686 qua
2849 3618 3066 3686 postea
3086 3628 3122 3670 a
3141 3610 3343 3670 Turcis
3366 3614 3470 3681 (2).

93 3700 313 3758 Videre
345 3700 527 3755 etiam
558 3715 590 3754 e
621 3698 862 3754 duobus
892 3699 1021 3754 aliis
1045 3699 1312 3771 epistolis
1341 3700 1555 3772 Papem
1589 3699 1668 3755 ad
1687 3700 1950 3770 archiep.
1983 3698 2340 3756 Thebanum
2373 3699 2433 3774 (1.
2464 3717 2500 3772 ι,
2526 3715 2618 3773 ep.
2657 3702 2783 3773 ttO)
2815 3706 2874 3756 et
2894 3700 3157 3772 archiep.
3182 3698 3469 3776 Amyclae-

95 3806 304 3846 ensem
331 3787 398 3860 (1.
431 3804 507 3852 1v,
541 3803 636 3859 ep.
667 3791 777 3856 98).
817 3789 1092 3844 Ottonem
1122 3787 1182 3842 in
1205 3787 1632 3844 certaminibus
1659 3788 2046 3844 smcularibus
2067 3795 2124 3845 et
2144 3789 2555 3845 ecclesiasticis
2575 3788 2901 3846 anathema
2928 3788 3275 3857 incurrisse,
3297 3787 3471 3859 cujus

94 3880 170 3934 rei
200 3883 530 3952 perttesus,
573 3876 865 3946 dignitate
910 3875 1148 3941 abdica,
1202 3892 1363 3932 anno
1395 3877 1528 3932 1221
1579 3883 1862 3948 nepotem
1892 3875 2225 3934 Guidonem
2257 3877 2368 3932 sibi
2399 3876 2718 3933 succedere
2746 3875 2935 3932 voluit
2962 3880 3021 3933 et
3049 3875 3111 3930 in
3155 3873 3470 3932 Franciam

95 3983 381 4024 reversus
409 3971 516 4022 est.

1228 4057 1256 4122 §
1293 4055 1383 4108 Vl.
1426 4054 1741 4112 Michaelis
1757 4061 2024 4112 senectus
2045 4059 2101 4110 et
2129 4053 2343 4109 obitus.

160 4151 420 4210 Michael
443 4152 613 4208 exsul
636 4168 759 4210 non
789 4151 991 4208 minus
1031 4151 1256 4224 tragice
1287 4167 1474 4224 quam
1500 4151 1730 4208 Nicetes
1751 4151 2000 4224 aulicus,
2032 4151 2212 4208 totius
2244 4151 2478 4224 imperii
2510 4153 2894 4213 Romasorum.
2912 4149 3318 4212 miserrimum
3349 4153 3470 4210 Ita-

95 4247 241 4314 tum,
277 4241 482 4312 gregis
503 4241 842 4298 custodiam
873 4245 1142 4313 ereptam
1171 4245 1228 4296 et
1257 4239 1534 4296 exsilium
1566 4239 1842 4311 deplorat
1867 4240 1945 4311 (3)
1970 4258 1982 4296 :
2021 4239 2525 4297 «Lamentationis
2549 4239 2797 4312 copiosa
2827 4239 2974 4298 mihi
3017 4237 3270 4303 materia
3291 4237 3472 4302 adest

97 4339 222 4388 tum
251 4332 334 4387 ob
367 4345 755 4386 communem
788 4330 1192 4385 calamitatem
1218 4334 1342 4384 tum
1369 4335 1615 4402 propter
1643 4345 1840 4384 meam
1864 4330 2075 4401 ipsius,
2104 4333 2424 4400 eapropter
2446 4326 2613 4400 quod
2635 4327 2929 4400 templum
2944 4327 3193 4399 illustre,
3221 4325 3471 4400 opulen-

97 4425 249 4488 tum,
281 4419 440 4492 proh
465 4419 648 4482 Deum
673 4417 1075 4476 immortalem
1099 4419 1112 4474 l
1145 4417 1312 4492 quod
1337 4419 1598 4488 majores
1623 4417 1811 4474 nostri
1829 4418 2095 4490 Deipsrte
2125 4421 2572 4485 consecrarant,
2592 4417 2768 4488 cujus
2795 4416 2983 4476 altare
3002 4431 3157 4480 mea
3178 4415 3469 4480 custodias

100 4510 399 4565 creditum
426 4513 570 4575 erat,
596 4513 732 4565 ante
759 4507 968 4562 oculos
997 4523 1166 4564 meos
1191 4506 1268 4562 ab
1290 4506 1639 4562 hominibus
1661 4506 1963 4576 sacrilegis
1989 4505 2314 4578 spoliatum
2340 4510 2766 4578 vastatumque
2791 4509 2901 4570 est.
2937 4507 3070 4578 Ipse
3107 4509 3309 4566 autem
3332 4506 3474 4578 post

100 4599 343 4668 triginta
375 4611 570 4653 annos
600 4611 754 4667 quos
799 4595 1024 4652 ibidem
1073 4610 1447 4668 peregeram,
1482 4601 1545 4650 ut
1574 4601 1818 4658 truncus
1845 4595 2071 4659 aridus,
2103 4593 2350 4659 inutilis.
2393 4593 2454 4650 vi
2503 4598 2822 4652 ventorum
2862 4610 2894 4649 e
2925 4593 3189 4657 sacrario
3233 4591 3472 4658 Domini

102 4692 362 4760 ereptus,
397 4691 605 4741 contra
629 4685 812 4758 ripas,
845 4691 1051 4746 contra
1082 4699 1284 4755 rupes,
1315 4683 1377 4740 in
1405 4683 1597 4740 imum
1628 4700 1794 4742 mare
1815 4683 2101 4755 abreptus
2125 4682 2222 4738 vix
2233 4682 2365 4753 jam
2378 4682 2538 4738 vivo.
2572 4684 2717 4740 Ecce
2745 4682 2958 4740 exsilio
2976 4682 3324 4749 damnatus,
3342 4681 3470 4744 sine

105 4773 465 4843 sacerdotio,
499 4773 626 4830 sine
651 4773 944 4830 festorum
975 4771 1372 4842 solemnitate,
1410 4772 1537 4827 sine
1565 4772 1732 4842 urbe,
1769 4771 1895 4830 sine
1926 4771 2173 4842 civibus,
2201 4771 2464 4830 bubonis
2496 4769 2686 4834 instar
2710 4771 2785 4827 de
2814 4771 3156 4834 calamitate
3193 4769 3471 4832 omnium

105 4871 156 4921 et
181 4865 247 4923 in
268 4879 341 4918 eo
369 4861 560 4936 ipsius
585 4861 910 4918 infortunio
950 4877 1156 4918 amare
1181 4860 1498 4920 lamentor.
1527 4883 1554 4910 ››
1606 4863 1685 4916 Ex
1715 4859 2099 4938 inscriptione
2129 4875 2310 4932 porro
2341 4859 2692 4932 nonaginta,
2717 4875 2874 4933 quas
2899 4864 3090 4918 codex
3109 4856 3261 4916 Bibl.
3293 4858 3468 4918 Laur.

106 4956 394 5023 asservat,
425 4951 818 5026 epistolarum
849 4950 1144 5018 videmus,
1175 4949 1436 5008 insulam
1461 4952 1620 5010 Ceon
1642 4965 1697 5022 pl

1877 4949 2010 5018 ugio
2040 4964 2177 5003 eum
2208 4947 2491 5004 habuisse
2518 4965 2531 5003 :
2564 4955 2657 5001 τοῦ
2680 4948 2839 5004 αὐτοῦ
2861 4947 3132 5002 ὲπιστολαὶ
3161 4945 3218 5006 ἂς
3247 4942 3468 5018 ἔγραψεν

106 5045 203 5094 ἀπὸ
233 5050 332 5101 τῆς
357 5045 524 5099 νῆσον
567 5049 656 5100 τῆς
690 5045 817 5092 Κέω·
867 5039 929 5094 Id
960 5039 1128 5111 quod
1178 5044 1379 5094 tenore
1412 5037 1695 5110 epistolar

1879 5036 2254 5106 onﬁrmatur,
2307 5035 2606 5107 siquidem
2637 5037 2699 5092 P.
2731 5035 3009 5094 Morellus
3038 5032 3470 5095 monasterium

110 5132 163 5188 S.
185 5129 503 5186 Prodromi
532 5130 593 5184 in
624 5130 743 5185 ista
765 5128 964 5184 insula
999 5135 1060 5183 ut
1089 5127 1327 5199 asylum
1364 5127 1492 5197 ejus
1523 5127 1824 5195 designat.

175 5219 302 5274 Hoc
331 5218 393 5272 in
417 5219 550 5274 loco
580 5233 787 5273 senem
813 5216 1046 5272 exulem
1074 5215 1432 5271 annuntiata
1460 5213 1655 5270 fratris
1676 5231 1842 5270 mors
1871 5214 2093 5270 mirum
2119 5212 2181 5268 in
2212 5212 2466 5269 modum
2495 5213 2705 5270 afﬂixit
2724 5228 2908 5287 quem
2946 5210 3060 5267 sibi
3085 5209 3471 5284 superstitem

177 5345 258 5413 (1)
288 5341 494 5395 Βιϐλίων
541 5351 633 5402 τῆς
687 5361 1009 5413 κουγκεστας
1059 5360 1152 5402 νης
1199 5339 1480 5413 Ῥωμανίας
1531 5344 1621 5391 καὶ
1672 5357 1758 5390 τον

1884 5337 2191 5413 luodecim
2257 5338 2452 5413 Latini
2499 5337 2880 5413 abundantes
2916 5339 3106 5413 certas
3151 5334 3475 5413 habuerint

114 5396 391 5486 Μῶρέιίως,
413 5431 480 5489 p.
508 5396 599 5480 59,
619 5396 741 5489 ’Ed.“
753 5396 1024 5489 ll'uchon.
1043 5396 1226 5489 Pariis,
1251 5396 1418 5489 1815.
1467 5396 1508 5489 ἰ
1626 5481 1635 5489 _
1870 5409 2528 5489 mansiones-preprios
2551 5408 2910 5489 sacerdotes,
2926 5406 3150 5489 quibus
3167 5407 3414 5489 integrat
3437 5422 3474 5463 a

202 5478 257 5542 ἒ)
316 5508 345 5536 ‹‹
377 5478 651 5541 ’ῡίιθρωε
710 5483 868 5542 ﬁlius
938 5485 1068 5539 Otto
1121 5482 1194 5539 de
1251 5485 1428 5554 Boca,
1475 5481 1760 5554 dominus
1875 5478 2322 5554 l.atinis_laicis
2367 5478 3122 5554 'decimaeipg'solvaintur,
3168 5478 3473 5554 instituere

116 5550 510 5634 atheniensis,
539 5570 644 5634 per
684 5555 908 5634 litteras
926 5559 1200 5634 vestram
1245 5553 1415 5634 petiit
1443 5552 1764 5634 provid_en-
1873 5551 2179 5634 curaret'is,
2201 5557 2360 5634 nete.
2395 5550 2698 5634 Inculti,
2727 5551 2921 5621 Epist.
2943 5550 3046 5608 lib.
3077 5565 3202 5620 xm,
3225 5564 3315 5623 ep.
3346 5551 3471 5606 418.

120 5628 255 5688 tiam
282 5619 623 5695 admoneri,
648 5626 789 5683 utin
816 5626 1024 5682 castris
1050 5625 1175 5682 suis
1205 5619 1269 5680 et
1290 5619 1518 5680 villisin
1538 5623 1764 5695 quibus
1946 5621 2024 5693 (3)
2056 5622 2196 5676 Vide
2222 5621 2398 5689 infra,
2428 5619 2542 5676 col.
2575 5625 2640 5677 37
2654 5619 2698 5677 t7.
2780 5619 2792 5621 “
3187 5619 3191 5620 ⁷
3259 5619 3277 5623 '
3305 5651 3311 5662 .
3438 5637 3446 5659 .-
