2014 3154
53 141 107 168 3n
833 141 982 181 norunt.
1692 145 1746 180 318

54 203 84 237 (l.
114 202 262 236 πολιτῶν),
295 205 341 230 καὶ
366 204 491 240 παράπαν
519 202 702 239 ἆφαντωθῆναι
731 202 849 230 κινδυνεύ

956 211 1016 233 anu
1027 204 1189 239 auxiliante
1199 204 1337 242 spiritum
1351 207 1518 242 recuperat.
1533 206 1608 240 Nam
1619 213 1682 235 non
1689 206 1749 235 nisi

53 256 133 280 ουσα,
174 247 259 283 εἰμὴ
299 251 344 273 νῦν
374 247 504 283 ἀνεδέγκοι
541 249 635 284 μικρὸν
667 250 712 274 καὶ
751 247 848 280 συλλέξ(

951 257 991 277 im
1006 257 1099 289 regno
1109 251 1284 277 renascente
1299 250 1366 286 ipsa
1380 250 1498 278 renasci
1512 258 1605 292 posse
1620 249 1746 283 videtur.

52 295 173 328 πνεῦμα,
202 293 276 328 παρὰ
306 295 351 322 τῆς
373 291 566 329 μιγαλουργοῦς
590 294 635 318 καὶ
659 290 866 323 πλουτοδότιδος

53 335 295 372 ὸαλαμϐανομίνη
332 334 429 371 δεξιᾶς,
460 339 506 363 καὶ
529 338 595 373 μετὰ
615 341 663 367 τῆς
691 341 779 371 κοινῆς
804 336 867 363 ἀνα-

51 382 167 412 ζὼσεως
184 380 331 408 ἀπολαύει-οι
344 384 388 408 καὶ
405 379 476 412 ἰδίας
490 381 661 418 ἕμπνιύσιως.

87 426 182 454 Hanc
193 426 362 462 panegyrin
374 426 515 454 undecim
527 426 660 462 epistolae
675 429 852 463 sequuntur.

88 470 163 503 XIV,
187 478 219 507 p.
244 472 289 498 73.
311 470 463 506 Ἐπιταφίος
477 471 510 500 εἰς
529 473 572 496 τὸν
587 474 734 508 μακαρίτην
755 469 967 507 ἀρχιμανδρίτην
987 475 1036 496 τῶν
1048 470 1072 496 ἓν
1091 471 1210 501 Ἀθήναις
1225 473 1407 508 μοναστηρίων
1422 473 1510 506 κύριον
1525 474 1664 508 Νέοφυτον.
1677 473 1739 500 Inc.

51 514 82 540 Εἰ
95 517 148 541 καὶ
166 514 288 551 Σολομῶν
303 516 349 551 ἔφη
365 524 415 540 που
430 516 613 551 γνωματεύων.
628 515 688 543 Fin.
705 515 739 541 Ἥ
753 518 874 552 πρότερον
889 515 1041 551 ἐλεούμενος,

85 559 165 587 Post
181 559 249 587 haec
263 559 358 587 codex
368 559 534 587 orationem
546 559 703 587 funebrem
715 560 747 587 in
762 560 1021 596 archiepiscopum
1037 560 1334 588 Thessalonicensem
1349 561 1535 589 Eustathium
1548 561 1744 591 exhibet.Sed

49 611 86 631 ne
97 603 249 632 ordinem
263 605 435 639 temporum
453 603 675 639 perturbemus,
693 604 834 640 epistolas
848 612 898 631 sex
911 604 949 631 ad
959 604 1192 632 illustrissimum
1203 604 1287 635 illum
1301 604 1437 632 Ecclesiae
1453 606 1614 634 antistitem
1630 606 1743 640 missas

49 648 122 676 huic
139 648 213 676 loco
223 648 395 677 inserimus.
410 650 491 676 textu
502 649 603 676 Graeco
617 648 762 676 eTafellio
779 651 901 684 sumpto
920 650 973 683 ta).

84 694 149 729 Χν,
166 700 200 729 p.
214 694 262 727 78,
277 692 309 720 b.
322 691 446 729 Μονῳδία
461 693 497 724 εἰς
510 695 553 719 τὸν
567 693 711 728 ἁγιώτατον
723 693 917 722 Θεσσαλονίκης
928 695 1004 730 κύρον
1022 693 1174 720 Εὐσταθιον.

83 738 159 772 XVI,
176 745 209 774 Ρ.
224 739 270 765 88.
285 737 493 773 Ὑπομνηστικὸν
510 738 545 768 εἱς
557 740 601 763 τὸν
613 737 725 773 βασιλέα
738 739 796 775 κύρ.
809 737 921 768 Ἀλεξιον
935 740 976 763 τὸν
999 740 1139 773 Κομνηνόν,

84 781 262 810 Honendus
276 782 331 810 erit
344 781 437 810 lector
452 784 484 809 ut
500 782 593 810 hocce
606 783 749 818 scriptum
764 782 801 810 ad
819 782 954 809 Alexium
976 784 1007 809 111
1025 782 1170 814 Αηρθιιιη]
1194 783 1404 810 tantummodo
1423 782 1540 816 referat,
1556 783 1608 815 qui
1625 785 1746 811 auctore

52 826 159 854 Niceta.
168 826 262 861 (Hist.
272 833 303 862 p.
318 828 371 854 293
388 826 429 860 Β),
446 829 610 863 postquam
627 827 748 854 fratrem
765 834 857 862 regno
872 826 1040 861 spoliasset.
1059 827 1120 853 sive
1130 826 1265 861 ejusdem
1282 827 1362 860 odio,
1380 827 1443 854 sive
1455 827 1539 865 quod
1549 835 1660 855 nomen
1676 835 1746 861 geu-

50 871 99 904 tis,
115 879 191 907 quae
205 879 260 907 per
279 878 377 899 annos
396 879 490 907 supra
505 874 625 899 centum
645 879 813 907 purpuram
830 873 1006 906 gestaverat,
1037 873 1066 897 et
1086 869 1165 898 unde
1186 871 1248 905 ipse
1263 878 1317 906 per
1331 874 1457 898 matrem
1480 873 1562 899 ortus
1575 875 1647 905 erat,
1661 871 1746 899 nobi-

50 914 109 943 lius
125 915 257 947 ducens,
271 915 414 943 Comneni
429 923 542 943 nomen
558 916 743 951 adoptasset.
760 917 794 943 Ut
806 923 910 942 verum
922 914 1068 944 dicamus.
1085 914 1122 941 de
1139 914 1240 942 Alexio
1252 915 1368 951 llimp.,
1379 915 1431 951 qui
1447 923 1528 943 anno
1545 916 1611 943 1183
1626 918 1744 944 sextum

53 959 214 987 decimum
231 966 326 994 agens
345 967 460 987 annum
484 959 656 987 interfectus
676 962 729 995 est,
758 960 816 987 hoc
838 959 902 986 loco
921 958 1051 991 cogitare
1079 958 1160 986 haud
1188 958 1264 993 licet,
1290 959 1374 995 quod
1395 959 1470 987 ordo
1500 959 1742 995 chronologicus,

51 1010 147 1039 quem
163 1003 288 1031 Michael
298 1011 455 1040 nunquam
465 1011 526 1032 non
542 1004 681 1039 religiose
696 1004 835 1036 servavit,
849 1002 1269 1038 ejusmodimonogrammate
1280 1002 1459 1030 turbaretur.
1473 1005 1512 1031 De
1525 1004 1626 1031 Alexio
1641 1006 1742 1032 autem

51 1043 140 1075 Vaut
152 1047 188 1075 VI
204 1055 305 1075 sermo
320 1055 389 1075 esse
402 1055 464 1075 non
483 1050 591 1084 potest,
608 1048 679 1084 quia
692 1056 845 1084 nusquam
854 1047 997 1075 Comneni
1013 1055 1124 1074 nomen
1144 1050 1382 1082 assumpserunt,
1397 1048 1492 1083 gentis
1507 1047 1629 1075 nomine
1640 1047 1743 1083 Angeli

51 1094 79 1118 et
98 1092 192 1119 Ducas
212 1091 362 1125 contenti;
378 1091 440 1119 imo
451 1099 520 1119 vero
535 1091 631 1119 simile
646 1095 692 1119 est
710 1092 747 1119 de
767 1092 901 1127 ipsorum
913 1099 1005 1127 regno
1020 1091 1103 1118 brevi
1114 1099 1209 1127 eoque
1223 1091 1416 1119 tumultuario
1430 1092 1623 1119 Athenienses
1634 1100 1743 1128 parum

52 1143 189 1163 curasse.
204 1135 274 1163 Pius
290 1138 392 1163 noster
403 1135 658 1172 archiepiscopus,
672 1144 763 1172 quem
774 1135 1004 1163 Atheniensibus
1016 1143 1033 1162 a
1046 1135 1137 1162 feroci
1148 1136 1243 1170 Sguro
1268 1135 1400 1163 obsessis
1415 1143 1629 1172 quamcunque
1642 1138 1746 1172 posset

54 1186 148 1214 opem
162 1186 220 1215 pro
236 1178 313 1206 virili
329 1181 413 1215 parte
437 1179 539 1207 tulisse
554 1179 697 1213 vidimus,
724 1179 781 1206 hoc
806 1180 871 1215 ipso
898 1179 1010 1206 christo
1033 1179 1221 1206 demonstrat
1236 1186 1267 1206 se
1280 1187 1297 1206 a
1313 1179 1406 1206 sacris
1422 1178 1485 1206 suis
1499 1178 1745 1207 meditationibus

52 1229 115 1250 non
129 1223 244 1251 eumin
256 1223 384 1251 modum
396 1223 577 1259 absorptum
592 1224 696 1257 fuisse,
718 1226 749 1251 ut
771 1223 882 1251 civium
902 1231 1024 1250 suorum
1041 1223 1167 1250 salutem
1184 1231 1218 1250 ac
1229 1223 1457 1259 prosperitatem
1473 1231 1508 1250 ex
1523 1222 1618 1250 oculis
1635 1223 1745 1251 amise-

53 1265 102 1295 rit.
115 1265 206 1299 Quod
221 1266 386 1295 dictionem
415 1267 547 1294 auctoris
572 1267 666 1295 nostri
681 1267 794 1301 attinet,
810 1270 839 1295 et
860 1275 953 1303 quam
975 1267 1057 1302 justo
1079 1267 1265 1294 devotiorem
1279 1267 1387 1303 aliquis
1401 1266 1517 1299 dixerit,
1533 1267 1703 1294 memineris
1715 1267 1746 1294 in

55 1309 200 1338 omnibus
221 1318 292 1346 qum
320 1310 360 1338 ad
382 1310 579 1346 imperatores
599 1311 773 1347 suppliciter
805 1311 1013 1341 scriberentur.
1030 1319 1183 1338 summam
1207 1318 1327 1346 semper
1348 1310 1545 1338 humilitatem
1569 1311 1744 1347 requisitam

55 1353 158 1382 fuisse.
175 1353 210 1381 Id
224 1356 327 1382 autem
340 1354 464 1382 minime
480 1354 596 1382 silentio
609 1355 663 1382 erit
679 1355 919 1391 praetereundum
937 1355 1108 1383 Michaelem
1124 1363 1175 1382 ore
1197 1355 1349 1382 liberrimo
1363 1355 1574 1391 imperatorem
1588 1354 1625 1382 de
1640 1357 1745 1391 praeto-

55 1405 122 1426 rum
138 1406 177 1426 ao
193 1399 426 1434 magistratuum
442 1399 693 1427 concussionibus
710 1403 737 1427 et
753 1400 840 1427 malis
852 1399 967 1426 artibus
980 1399 1146 1431 monuisse,
1163 1399 1192 1426 id
1209 1399 1291 1434 quod
1304 1399 1413 1426 nostris
1423 1399 1547 1434 quidem
1559 1395 1745 1434 temporibus

55 1441 258 1478 iniquioribus
270 1445 350 1470 certe
365 1442 489 1470 auribus
501 1444 698 1479 acciperetur.
710 1444 752 1470 Ad
764 1444 914 1478 politicam
931 1443 1054 1479 quidem
1067 1443 1249 1470 Athenarum
1266 1443 1420 1470 historiam
1436 1443 1643 1470 illustrandam
1657 1442 1744 1470 libel-

53 1484 99 1519 lus
113 1493 254 1522 presens
264 1486 335 1523 plus
349 1494 443 1523 quam
458 1487 498 1515 ad
512 1487 655 1515 Eustathii
670 1487 843 1515 litterariam
865 1487 1089 1515 dilucidandam
1111 1487 1313 1518 contribuerit,
1337 1487 1450 1522 quippe
1465 1494 1532 1522 qum
1546 1487 1632 1514 nobis
1642 1495 1742 1514 mons-

55 1532 119 1564 int,
134 1532 238 1559 certas
252 1530 375 1563 Athenis
389 1531 596 1559 immunitates
609 1531 699 1558 fuisse
713 1539 773 1559 non
794 1532 980 1567 spernendas
995 1539 1063 1567 quae
1077 1531 1103 1558 vi
1114 1533 1276 1566 praetorum
1293 1531 1464 1566 usurpativa
1476 1530 1586 1558 nefarie
1599 1530 1742 1558 laederen-

54 1576 107 1608 tur.
129 1575 278 1608 Diotionia
291 1574 402 1602 deinde
418 1575 594 1608 Michaelicas
614 1575 771 1603 barbaries
798 1579 826 1603 et
845 1576 1013 1602 obscuritas
1028 1575 1206 1609 gravissima
1219 1576 1247 1602 in
1263 1575 1351 1602 aliam
1367 1575 1501 1608 linguam
1518 1574 1743 1602 traducentibus

54 1617 216 1651 obstacula
225 1619 374 1655 priehent.
391 1621 471 1647 Hanc
487 1619 734 1655 scriptiunculam
746 1620 775 1647 in
793 1620 895 1647 codice
916 1619 1114 1647 Laurentiano
1130 1619 1294 1646 octodecim
1311 1619 1441 1654 epistolae
1457 1621 1634 1654 sequuntur.

87 1663 172 1696 XVII,
189 1671 220 1699 p.
232 1665 278 1691 93.
294 1667 479 1699 Προσφὼνημα
494 1663 527 1694 εἰς
543 1666 586 1689 τὸν
602 1663 806 1699 γυναικάδε),φον
834 1668 879 1690 τοὺ
898 1663 1027 1699 βασιλέως
1050 1663 1182 1689 Βασίλειον
1197 1666 1241 1690 τὸν
1262 1666 1403 1699 Κομνηνόν.
1422 1664 1482 1690 Inc.
1502 1665 1551 1689 Τὸν
1564 1663 1742 1699 μεγαλουργὸν

53 1705 196 1742 Ἡρακλῆι.
213 1707 276 1734 Fin.
293 1711 344 1737 Τῆς
359 1711 486 1743 μετεώρου
494 1707 602 1743 λυχνίας
613 1713 661 1733 τῶν
675 1707 833 1744 ἀνακτόρων.

87 1751 185 1786 XVIII,
198 1759 230 1787 p.
245 1753 288 1786 98,
301 1751 332 1780 b.
349 1755 534 1788 Προσφὼνημα
549 1752 585 1782 εἰς
598 1754 642 1778 τὸν
662 1755 742 1788 μέγαν
758 1754 854 1778 Δούκαν
870 1762 882 1778 τ

948 1754 1066 1789 τρυφνόν.
1084 1752 1144 1779 Inc.
1163 1751 1236 1778 Ἔδει
1250 1754 1294 1788 μὲν
1309 1751 1525 1788 διαμεμενηκέναι
1541 1752 1661 1781 Ἀθήνας.
1679 1751 1740 1778 Fin.

55 1798 102 1821 Καὶ
111 1797 183 1832 πρὸς
197 1798 256 1826 τοὺς
270 1795 354 1823 ἄκεῖσι
366 1796 502 1831 γαληνίους
512 1796 616 1832 λιμένας
631 1797 844 1833 μεθορμίζοντος.

945 1805 1007 1823 ama
1020 1797 1110 1831 huius
1122 1798 1314 1824 allocutionis
1331 1797 1490 1824 recentiori
1498 1804 1590 1824 manu
1603 1796 1740 1830 suppleta

53 1843 122 1867 sunt
134 1843 265 1875 propter
277 1841 367 1868 unius
377 1841 448 1875 folii
462 1841 610 1874 defectum
636 1844 706 1870 ante
713 1849 785 1875 pag.
806 1843 848 1868 104

945 1849 965 1867 ις
976 1844 1137 1875 propterea
1150 1842 1249 1875 prima
1270 1841 1359 1868 verba
1374 1845 1404 1877 τῇ
1423 1840 1486 1875 δοξῃ
1499 1852 1503 1856 -
1522 1839 1701 1876 δεδοξασμένα
1712 1837 1740 1865 δὲ

54 1884 125 1919 ὅμως
137 1885 225 1913 πάντα
237 1884 294 1911 κτλ.
310 1893 368 1920 quo
380 1886 552 1919 pertineant
566 1886 758 1920 ignoramus;
774 1886 881 1912 ultima
898 1888 996 1912 tamen
1011 1893 1071 1912 esse
1089 1886 1220 1919 alicujus
1237 1886 1378 1918 homiliae,
1395 1888 1477 1919 patet
1492 1893 1529 1913 ea:
1541 1885 1739 1916 conclusione,

54 1936 118 1963 ουκ
132 1929 178 1956 ila
191 1929 282 1957 habet
300 1929 366 1956 ίἿὶν
379 1929 403 1954 ἓν
415 1929 513 1965 μεθέξει
528 1932 572 1955 καὶ
587 1930 661 1965 ἡμεὶς
677 1930 837 1966 εᾶρεθείημεν
848 1927 894 1954 διὰ
910 1929 998 1957 Ἰησοὺ
1011 1933 1139 1965 Χριστοῦ,
1151 1930 1206 1955 κτλ·
1223 1931 1335 1962 ΒΑΝΒΙΝ,
1352 1937 1382 1964 p.
1399 1932 1442 1956 15.

85 1972 325 2005 Quatuordecim
341 1973 475 2008 epistolas
497 1981 557 2000 non
574 1974 656 2008 parvi
676 1973 831 2005 momenti,
855 1973 1004 2008 siquidem
1026 1982 1125 2001 rerum
1153 1974 1363 2003 maximarum.
1377 1981 1505 2008 quarum
1523 1972 1645 2000 Michael
1656 1971 1738 1999 testis

53 2015 116 2051 fuit,
132 2019 166 2045 ut
177 2017 453 2053 Constantinopolis
468 2020 572 2053 captae,
588 2017 657 2045 belli
671 2021 775 2045 contra
791 2019 918 2052 Sgurum
931 2020 959 2045 et
974 2018 1091 2045 Latinos
1104 2018 1190 2051 gesti,
1205 2018 1332 2045 auctoris
1347 2017 1441 2044 exsilii
1457 2025 1551 2052 usque
1564 2017 1601 2045 ad
1613 2018 1740 2044 mortem

54 2060 151 2089 fratris
162 2060 347 2089 documenta
360 2061 512 2089 exhibent.

84 2107 153 2140 XIX,
169 2113 200 2141 p.
220 2107 280 2138 I16,
296 2105 327 2133 b.
342 2104 470 2133 Μονωδία
494 2105 530 2136 εἰς
552 2107 595 2131 τὸν
612 2104 721 2141 ἀδελφὸν
737 2106 816 2132 αὐτοῦ
833 2107 922 2142 κύριον
943 2109 1059 2134 Νικήταν
1075 2107 1118 2131 τὸν
1138 2106 1285 2133 Χωνιάτην.
1307 2105 1366 2132 Inc.
1383 2104 1418 2131 ’Ὠ
1437 2107 1551 2141 πονηρᾶς
1576 2103 1708 2140 ἀγγελίας,
1722 2105 1741 2129 ὦ

57 2153 151 2187 πικρᾶς
164 2149 254 2183 ἀκοῆς,
264 2150 296 2180 ἧς
312 2148 448 2180 ἀδοκήτως
462 2160 507 2186 μοι
524 2149 699 2180 ἐπιπεσούσης
714 2149 768 2176 ὦτα
783 2152 828 2186 μὲν
845 2150 944 2187 ἀθρόως
963 2149 1185 2185 περιϐομϐηθέντα
1198 2149 1330 2185 ἀμφοτέρα
1341 2150 1446 2185 ἤχησεῐ
1474 2150 1497 2176 0
1511 2149 1651 2177 acerbum
1665 2157 1740 2176 nun-

55 2195 126 2222 tium
140 2201 178 2222 ac
191 2194 405 2229 tristissimum,
424 2202 482 2229 quo
497 2202 588 2222 aures
603 2202 674 2222 mea:
689 2196 764 2222 mire
780 2198 931 2222 resonant.

85 2239 231 2274 Superest
244 2238 309 2266 hac
324 2239 421 2266 oratio
433 2238 567 2266 funebris
582 2238 611 2265 in
633 2239 770 2266 Latinum
788 2239 896 2266 tradita
921 2247 1090 2266 sermonem
1108 2247 1124 2266 a
1146 2240 1229 2266 Petro
1243 2238 1382 2269 Morellio,
1400 2241 1428 2265 et
1440 2238 1547 2273 legitur
1559 2238 1588 2265 in
1608 2238 1743 2265 Historia

55 2290 153 2310 rerum
169 2283 202 2310 in
219 2283 340 2311 Oriente
351 2286 518 2318 gestarum,
535 2283 672 2311 Francof.
689 2285 756 2310 1568
772 2283 841 2310 etin
855 2283 1041 2311 Bibliothecis
1059 2285 1109 2310 PP.
1125 2285 1191 2310 Post
1205 2283 1373 2310 Monodiam
1390 2285 1424 2310 78
1437 2283 1568 2319 epistola:
1577 2282 1717 2317 leguntur
1734 2291 1740 2308 :

84 2328 177 2363 XX,p.
190 2327 412 2363 164.Προ8εωρία
427 2327 461 2357 εἰς
475 2331 536 2357 τοὺς
546 2326 597 2352 ἀπὸ
608 2327 702 2363 ψυχῆς
712 2329 756 2353 καὶ
774 2331 890 2362 σώματος
900 2327 1004 2362 λόγους.
1022 2329 1078 2355 inc.
1095 2330 1147 2356 Τὴν
1158 2331 1203 2353 τοῦ
1216 2327 1322 2363 λογικού
1337 2329 1431 2364 μέρους
1443 2327 1589 2363 τῆς-ψυχῆς
1602 2325 1740 2363 διαφοράν.

57 2372 114 2400 Fin.
127 2375 220 2398 Ταῦτα
234 2370 289 2398 ἔδει
302 2372 530 2410 προθεωρηθῆναι,
546 2374 591 2397 καὶ
605 2370 637 2400 δὴ
653 2373 850 2408 προτεθεώρητα

956 2374 1030 2399 orat.
1043 2372 1151 2399 animae
1170 2381 1175 2398 :
1193 2371 1222 2397 Εἰ
1243 2373 1287 2407 μὲν
1310 2372 1370 2409 παρ’
1397 2371 1481 2401 αλλοις
1510 2372 1556 2397 οὐκ
1580 2370 1678 2397 εἰδόσιν
1700 2369 1739 2396 ἐπ’

56 2415 165 2453 ὰκριϐὶς,
183 2418 231 2445 τὴν
239 2416 297 2442 κατ’
313 2415 377 2452 ἐμοῦ
388 2416 508 2453 ἐπήρειαν
523 2420 568 2442 τοῦ
584 2416 716 2451 συξυγοῦς
730 2426 786 2442 τοτε
803 2419 851 2452 min

950 2417 1008 2444 Fin.
1027 2417 1064 2442 Δι’
1084 2418 1154 2451 ὑμῶν
1170 2416 1227 2443 κτλ.
1245 2431 1274 2435 -—
1296 2416 1326 2442 P.
1348 2417 1406 2443 169.
1419 2417 1458 2443 Ex
1478 2419 1553 2443 orat.
1579 2414 1713 2450 corporis
1732 2422 1737 2440 :

54 2459 135 2489 Ὀσην
142 2462 188 2496 μὲν
203 2459 279 2498 ὕϐριν
290 2463 336 2487 καὶ
351 2459 485 2497 λοιδορίαν
494 2462 538 2486 καὶ
547 2460 623 2489 ἡλίκα
636 2463 782 2496 σκώμματα
789 2460 904 2497 ξυμφορή
911 2470 980 2486 σασα
987 2463 1094 2495 κατέχιέ
1100 2470 1149 2495 μου
1159 2461 1174 2488 ἡ
1186 2462 1264 2495 σεμνή
1275 2460 1351 2494 ψυχή
1358 2479 1364 2484 .
1371 2460 1428 2487 Fin.
1435 2461 1568 2495 Ψῆφοςκαὶ
1575 2460 1608 2484 τα
1614 2459 1740 2494 πρακτέα,

55 2507 95 2530 καὶ
108 2507 147 2541 μὴ
164 2503 335 2540 διορίζουσα.
351 2520 386 2524 -
401 2506 431 2532 Ρ.
449 2506 508 2532 I76.
524 2505 553 2530 Ἠ
571 2503 707 2534 diuitum;
723 2508 771 2529 τών
783 2503 925 2531 δικαστῶν.
948 2505 1005 2532 Inc.
1024 2503 1181 2541 Ἐπειὸἠπερ
1196 2506 1241 2529 καὶ
1253 2503 1402 2541 ἀμφοτέρων
1417 2506 1477 2534 τοὺς
1492 2504 1581 2538 λόγους
1592 2503 1742 2538 ἠκούσαμεν

57 2548 100 2575 ἂνὰ
114 2551 203 2586 μέρος.
221 2548 283 2578 Fin.
298 2549 343 2579 Εἰς
357 2551 405 2578 τὴν
420 2551 515 2586 χώραν
527 2552 575 2574 τῶν
589 2548 689 2575 ἀσεϐῶν
704 2548 879 2583 ἀπενεχθῆναι
895 2549 919 2574 ἐν
934 2552 1038 2585 Χριστῷ
1055 2549 1144 2577 Ἰησοῦ
1158 2548 1212 2576 κτλ.

86 2593 204 2621 Prolixa
223 2593 288 2621 haec
303 2597 333 2621 et
347 2593 481 2621 absurda
505 2594 730 2628 Prosopopa’ia,
753 2601 846 2628 quam
869 2593 1014 2621 Morellius
1036 2593 1185 2626 nominat,
1211 2601 1272 2620 non
1289 2592 1460 2620 Michaelem
1472 2594 1624 2619 auctorem
1640 2590 1742 2623 habet,

56 2637 106 2666 sed
120 2638 297 2672 Gregorium
312 2637 479 2671 Palamam,
496 2637 630 2673 archiep.
650 2637 794 2670 Thessal.,
816 2637 867 2673 qui
888 2637 968 2672 apud
996 2637 1162 2664 Catholicos
1186 2639 1336 2664 Romanos
1356 2637 1505 2664 haereseos
1524 2637 1679 2671 promotor
1691 2643 1743 2663 au-

57 2681 165 2710 diebat:
176 2682 262 2711 Tales
273 2681 355 2710 enim
372 2682 556 2714 Michaelem,
575 2689 677 2709 senem
689 2681 910 2716 calamitosum,
936 2682 966 2708 in
995 2681 1097 2708 animo
1125 2681 1254 2717 pueriles
1281 2681 1369 2708 ludos
1397 2680 1525 2715 agitasse
1537 2679 1625 2715 longe
1642 2687 1659 2707 a
1672 2687 1742 2707 vero

57 2726 206 2755 abhorret.

89 2769 155 2806 XXI,
171 2778 205 2809 ρ.
227 2773 288 2799 I77.
300 2774 352 2797 Τοῦ
363 2770 443 2797 αὐτοῦ
460 2769 569 2806 σχέδος.
586 2772 644 2798 Inc.
661 2771 691 2797 Ei
706 2772 751 2796 καὶ
772 2773 807 2807 μὴ
823 2772 884 2808 χρὸι

948 2768 978 2799 ἧν
989 2770 1056 2806 ἐνγῇ
1075 2769 1224 2807 βαρϐάρων.
1244 2769 1326 2797 Adde
1342 2769 1440 2798 locum
1456 2769 1595 2798 mutilum
1611 2778 1617 2797 :
1636 2769 1741 2795 Οὑτωσὶ

58 2814 215 2851 εἰσεκώμασε
226 2819 259 2851 τῇ
276 2813 402 2852 ﬁam)“:
411 2819 462 2842 τῶν
470 2815 577 2849 πολίων,
590 2817 634 2841 καὶ
648 2817 678 2841 τὸ
695 2818 808 2851 μήπω...
1721 2822 1723 2827 ‘

79 2859 111 2887 (ι)
122 2858 244 2883 um
254 2859 342 2892 alipta
356 2859 418 2882 intra
427 2858 565 2889 colligemus
575 2865 582 2881 ε
597 2859 649 2880 ideo
664 2859 745 2881 titulos
758 2858 795 2880 hic
807 2860 897 2881 tantum
907 2858 1055 2881 exhibemus.
1069 2859 1137 2880 Enn.
1149 2860 1222 2880 Pan.
