4028 6308
506 316 609 391 323

505 485 800 497 .——_—-—

506 500 799 511 On——————

966 654 2095 811 MICHAELIS

1380 307 1749 381 menaeus
1786 309 2169 378 ACOMINATI
2206 310 2635 375 ATHENARUM
2672 310 2990 374 ARCHIEP.

3806 309 3951 368 324

803 462 3948 510 W

2274 651 3425 804 ACOMINATI

1804 948 2571 1060 CHONIATIE

1269 1182 1821 1249 SANCTISSIMI
1876 1180 2418 1243 ATHENARUM
2465 1178 3105 1243 METROPOLITIE

1999 1377 2403 1460 ORATIO

1589 1578 1843 1634 ΗΑΒῙΤΑ
1881 1578 1950 1632 ΙΝ
1989 1573 2105 1629 DIE
2143 1574 2358 1631 FESTO
2401 1572 2803 1633 PALMARUM.

1399 1754 1743 1828 (Combeﬁs.
1777 1751 2047 1809 Biblioth.
2076 1747 2439 1819 concionat.,
2461 1752 2608 1806 tom.
2634 1749 2724 1818 Ill,
2747 1765 2810 1822 p.
2840 1748 2990 1822 417).

584 1990 1083 2048 Praeclarissimus
1110 2004 1324 2061 regum
1351 1987 1648 2060 propheta
1679 1983 1877 2045 David,
1913 1983 2168 2038 immen-
2197 1982 2244 2032 A
2278 1978 2562 2035 comitatu
2589 1983 2823 2049 vectus,
2871 1978 3164 2034 adversus
3193 1976 3494 2033 infernum
3531 1974 3925 2031 velitatione

514 2094 648 2136 sam
679 2079 823 2135 solis
855 2076 1388 2151 pulchritudinem,
1442 2073 1929 2143 indefessamque
1967 2068 2170 2125 celeri-

512 2173 696 2225 tatem
743 2168 1074 2233 admirans,
1108 2172 1165 2221 et
1215 2167 1343 2237 ipse
1391 2165 1517 2220 ait:
1551 2165 1862 2232 Tanquam
1915 2174 2168 2229 sponsus

504 2258 833 2327 procedens
864 2258 936 2312 de
958 2256 1222 2311 thalamo
1251 2268 1357 2309 suo
1386 2270 1399 2306 :
1424 2251 1743 2309 exsultabit
1771 2256 1838 2304 ut
1873 2250 2045 2319 gigas
2085 2248 2167 2303 ad

510 2346 871 2401 currendum
897 2344 1056 2400 viam
1079 2356 1282 2399 suam:
1312 2347 1367 2397 et
1397 2354 1679 2396 occursus
1719 2340 1846 2406 ejus
1876 2351 2060 2407 usque
2084 2336 2167 2392 ad

512 2446 791 2487 summun
831 2431 985 2501 caeli,
1018 2443 1127 2485 nec
1157 2433 1245 2485 est
1282 2429 1387 2499 qui
1422 2441 1482 2483 se
1530 2425 1857 2482 abscondat
1889 2438 1927 2480 a
1965 2424 2165 2480 calore

512 2523 641 2591 ejus
666 2523 706 2575 '.
728 2520 969 2577 Miratus
993 2518 1219 2591 quippe
1240 2517 1327 2571 vir
1349 2514 1833 2589 sapientissimus
1864 2516 1972 2581 est,
1995 2511 2164 2567 sidus

510 2611 627 2666 hoc
657 2608 1020 2676 maximum,
1037 2611 1267 2679 quanta
1290 2604 1613 2677 praenitens
1635 2601 2078 2676 pulchritudine
2101 2601 2162 2656 in

511 2710 747 2755 morem
781 2696 990 2768 sponsi
1010 2696 1072 2751 in
1094 2693 1367 2750 orientali
1394 2692 1697 2749 horizonte
1717 2692 1924 2755 oritur,
1955 2690 2161 2761 gigan—

510 2793 728 2859 teaque
759 2786 1053 2843 celeritate
1085 2790 1265 2857 atque
1294 2784 1499 2856 vigore
1528 2782 1607 2839 ad
1629 2780 2001 2837 horizontem
2033 2794 2163 2853 per-

512 2876 727 2933 vadite
754 2875 1050 2931 diametro
1075 2872 1441 2946 oppositum,
1474 2870 1621 2927 nihil
1638 2871 1960 2927 obscurato
1984 2869 2162 2925 tantis

509 2965 623 3022 illis
645 2981 946 3021 annorum
965 2962 1377 3020 voluminibus
1405 2960 1597 3033 ipsius
1613 2960 1828 3015 decore
1845 2974 1916 3014 ac
1942 2958 2158 3031 specie,

511 3069 707 3127 neque
735 3054 790 3110 vi
817 3051 1242 3119 dissoluta,sed
1271 3050 1486 3107 eodem
1503 3064 1741 3122 semper
1754 3048 1940 3104 modo
1968 3046 2162 3103 exsul-

512 3148 656 3215 tare,
715 3156 1041 3215 rerumque
1100 3140 1545 3197 universitatem
1597 3138 1764 3194 nullo
1812 3137 2022 3193 labore
2070 3137 2159 3192 lu-

513 3237 726 3300 strare,
775 3246 887 3287 nec
916 3245 1040 3286 non
1076 3228 1240 3286 vitali
1284 3226 1735 3284 micantissimae
1772 3225 1924 3281 lucis
1960 3224 2161 3281 deﬂuo

2275 2074 2516 2131 functus
2540 2078 2663 2132 Rex
2690 2075 2916 2145 gloriae,
2938 2074 3153 2130 inferni
3180 2074 3453 2147 proxime
3468 2072 3748 2146 praedam
3790 2088 3927 2143 ag-

2275 2178 2520 2233 gressus
2530 2164 3147 2236 est,primasqueiude
3158 2163 3581 2219 charissimum
3594 2163 3921 2217 Lazarum

2273 2253 2405 2308 tulit
2433 2253 2775 2309 manubias.
2810 2252 2994 2308 Unius
3025 2253 3191 2308 vocis
3212 2266 3361 2308 sono
3384 2251 3623 2323 tyranni
3651 2254 3920 2322 perter-

2271 2341 2389 2397 ruit
2410 2356 2798 2413 arces,exque
2819 2340 3032 2397 mediis
3055 2346 3271 2397 cuncta
3294 2339 3560 2396 vorantis
3586 2338 3723 2395 ferae
3752 2336 3888 2394 fau

2272 2429 2466 2497 cibus,
2495 2445 2673 2486 ovem
2705 2444 2881 2486 suam
2903 2427 3101 2485 bonus
3130 2428 3341 2485 Pastor
3364 2428 3633 2484 extraxit.
3668 2428 3808 2483 Sua
3834 2427 3911 2481 in

2271 2534 2457 2590 specu
2485 2524 2827 2591 correptum
2853 2519 3003 2575 latro
3036 2520 3323 2575 Lazarum
3355 2515 3696 2573 detinebat:
3729 2532 3913 2572 mox

2270 2612 2474 2664 tamen
2496 2608 2701 2663 audita
2722 2607 3031 2663 Dominica
3055 2623 3197 2664 voce
3223 2607 3549 2673 infremuit,
3582 2609 3769 2677 atque
3807 2604 3908 2661 ad

2270 2695 2421 2751 lucis
2469 2711 2682 2751 auram
2737 2695 3072 2752 redivivum
3103 2709 3408 2766 emergere
3450 2693 3696 2750 dimisit.
3740 2695 3905 2749 Non

2272 2784 2431 2840 enim
2453 2784 2544 2840 fas
2575 2789 2701 2840 erat
2737 2784 3082 2840 obdormire
3102 2784 3164 2839 in
3190 2787 3445 2839 mortem
3473 2782 3631 2838 velut
3658 2785 3905 2837 natum

2271 2888 2344 2929 ex
2366 2873 2634 2939 muliere,
2667 2874 2768 2929 sed
2800 2871 3131 2944 expergisci
3161 2871 3267 2944 qui
3295 2871 3411 2944 ipsi
3440 2871 3575 2926 vitte
3601 2869 3905 2926 charissi«

2270 2976 2409 3017 mus
2435 2962 2663 3018 esset.0
2693 2960 2951 3031 ingentis
2982 2958 3230 3031 virtutis,
3263 2959 3410 3032 quin
3442 2958 3566 3015 imo
3596 2959 3902 3030 omnipo-

2269 3054 2488 3106 tentem
2501 3064 2712 3105 vocem
2730 3049 2742 3104 !
2758 3065 2881 3122 qua
2892 3052 3078 3120 porta:
3092 3047 3303 3104 mortis
3316 3053 3482 3104 metu
3498 3045 3901 3119 panduntur,

2269 3137 2604 3210 infernique
2620 3138 2912 3209 janitores
2933 3142 3175 3209 stupore
3205 3136 3616 3207 obriguerunt,
3636 3150 3708 3191 ac
3729 3149 3900 3207 qua-

2267 3226 2581 3282 triduanus
2610 3225 2826 3282 exsiliit
2874 3230 3176 3282 mortuus.
3209 3227 3353 3281 Vere
3407 3224 3642 3280 catulus
3677 3222 3897 3279 leonis

511 3319 782 3391 implere.
837 3318 989 3383 Quin
1042 3317 1221 3373 etiam
1256 3331 1368 3385 ego
1413 3315 1518 3387 qui
1564 3314 1764 3385 ipsum
1789 3313 2031 3384 justitiaa
2066 3328 2161 3369 so-
2189 3320 2236 3376 B
2271 3315 2536 3373 Christus
2562 3316 2614 3383 ὀς
2639 3328 2924 3386 nuncque
2947 3312 3075 3370 solo
3096 3314 3296 3384 rugitu
3321 3311 3512 3369 feram
3542 3313 3840 3368 exterruit
3880 3327 3894 3365 :

512 3408 635 3463 lem
682 3407 1000 3474 Christum,
1031 3410 1210 3478 atque
1264 3404 1528 3460 siderum
1580 3405 1970 3468 conditorem,
2001 3418 2163 3458 nova

509 3509 742 3568 pcmpa
784 3493 1217 3565 procedentem
1236 3491 1498 3559 videam,
1528 3490 1743 3546 eadem
1773 3502 1913 3546 cum
1942 3489 2162 3546 Davide

508 3589 579 3639 ut
596 3598 816 3640 canam
845 3580 1362 3651 adducor,nempe
1386 3581 1553 3651 quod
1570 3580 1699 3651 ipse
1726 3578 1935 3650 sponsi
1953 3579 2014 3634 in
2038 3594 2165 3635 mo-

505 3688 634 3728 rem
665 3669 1001 3743 procedens
1033 3668 1108 3724 de
1138 3667 1405 3724 thalamo
1426 3682 1537 3722 suo
1562 3666 1868 3722 exsultarit
1898 3672 1964 3723 ut
1988 3667 2161 3739 gigas

507 3760 587 3817 ad
614 3757 975 3816 currendam
998 3757 1159 3813 viam
1181 3771 1377 3827 suam,
1394 3770 1499 3828 per
1527 3754 1791 3811 mediam
1809 3754 2161 3840 Jerusalem,

507 3848 767 3905 inauditi
800 3846 1034 3903 smculis
1063 3844 1349 3903 omnibus
1370 3844 1658 3916 triumphi
1684 3860 1756 3900 ac
1802 3844 2165 3901 miraculum

506 3954 686 3995 omne
715 3936 1009 3993 vincentis
1039 3935 1237 4009 specie
1285 3940 1790 4006 extemporaneus
1822 3949 2037 3990 ovans.
2081 3939 2165 3990 Ac

505 4028 751 4099 quidem
785 4027 977 4081 exitus
1008 4026 1138 4096 ejus
1165 4041 1201 4080 a
1222 4040 1463 4079 summo
1494 4023 1673 4079 coelo:
1696 4023 1835 4078 inde
1867 4023 2164 4095 siquidem

504 4120 729 4171 nostra;
761 4114 971 4170 salutis
996 4128 1186 4169 causa
1215 4112 1365 4168 nihil
1391 4113 1526 4168 loco
1565 4112 1849 4182 dimotus,
1884 4112 2046 4168 viam
2077 4129 2164 4169 se-

505 4217 641 4257 care
670 4202 886 4272 coepit;
920 4207 977 4257 et
1022 4217 1307 4257 occursus
1364 4202 1495 4271 ejus
1547 4216 1740 4273 usque
1788 4200 1866 4256 ad
1895 4205 2163 4258 extrema

506 4288 660 4356 cmli,
714 4288 957 4344 inﬁmas
996 4289 1222 4345 scilicet
1244 4287 1460 4344 inferni
1491 4294 1689 4360 partes
1716 4306 1729 4357 ;
1755 4288 1872 4344 illic
1896 4304 2161 4363 namque

504 4377 970 4449 dispensationis
1014 4394 1230 4434 cursus
1278 4378 1601 4433 terminum
1653 4376 1886 4447 habuit,
1932 4382 1994 4433 ut
2050 4395 2160 4434 nec

504 4466 738 4522 inferna
765 4466 866 4522 illa
902 4466 1036 4521 loca
1083 4467 1163 4522 ab
1210 4467 1341 4537 ejus
1381 4482 1445 4522 se
1485 4466 1683 4522 calore
1713 4466 2108 4523 absconderet
2142 4485 2154 4520 :

504 4553 765 4626 indeque
789 4569 999 4609 rursus
1026 4554 1189 4609 velut
1214 4554 1292 4609 ab
1322 4553 1649 4620 occidente,
1689 4554 2019 4609 matutinus
2057 4570 2154 4610 ex-

2268 3405 2386 3461 Leo
2435 3405 2590 3460 enim
2634 3404 2853 3473 rugiet,
2886 3402 3103 3474 inquit,
3137 3407 3192 3458 et
3242 3404 3374 3473 quis
3403 3416 3520 3457 non
3548 3401 3796 3470 pavebit
3819 3400 3897 3456 s?

2269 3491 2439 3547 Brevi
2468 3497 2669 3547 autem
2690 3491 2971 3563 postipse
2995 3504 3242 3562 quoque
3266 3489 3566 3546 recubans
3583 3489 3889 3545 dormiet:

2275 3586 2333 3638 at
2347 3580 2451 3637 ubi
2472 3585 2748 3637 conserto
2764 3578 2941 3634 veluti
2967 3579 3122 3651 pede
3139 3594 3281 3635 cum
3296 3584 3487 3635 morte
3506 3592 3891 3649 congressus

2272 3668 2465 3735 fuerit,
2479 3669 2719 3740 penitus
2746 3666 3114 3739 proﬂigabit.
3144 3669 3314 3722 Nunc
3343 3665 3592 3739 quidem
3619 3670 3893 3722 tremen-

2272 3760 2421 3813 dum
2450 3772 2522 3812 ac
2566 3756 2873 3826 ingentem
2912 3760 3109 3811 cetum
3159 3754 3288 3811 solo
3330 3754 3565 3810 eminus
3611 3753 3889 3810 clamore

2275 3845 2512 3915 subegit
2539 3864 2551 3903 :
2586 3860 2727 3901 mox
2772 3859 2910 3900 vero
2934 3846 3099 3899 Jonas
3128 3844 3192 3899 in
3239 3857 3471 3900 morem
3497 3843 3628 3914 ejus
3661 3846 3893 3915 sponte

2272 3934 2421 3989 rictu
2450 3933 2872 3990 absorbendus
2889 3937 2995 3999 est,
3010 3946 3134 4005 quo
3148 3932 3338 4004 ipsius
3359 3932 3631 4002 disrupto
3648 3936 3888 3998 ventre,

2272 4038 2428 4094 quos
2458 4038 2494 4077 a
2525 4022 2742 4078 saeculo
2774 4021 3077 4094 absorpsit
3106 4036 3320 4077 omnes
3362 4020 3682 4077 extraxerit
3700 4022 3744 4072 θ.
3776 4023 3891 4076 Ta-

2274 4112 2447 4167 metsi
2476 4116 2632 4168 terra
2658 4117 2803 4178 erat,
2826 4117 2885 4166 et
2911 4112 2973 4167 in
3004 4117 3223 4167 terram
3256 4111 3490 4167 abierat
3520 4112 3801 4174 Lazarus,
3823 4114 3891 4165 at

2271 4200 2536 4257 Christus
2565 4205 2693 4255 erat
2715 4199 2821 4272 qui
2845 4200 3154 4255 hominem
3185 4213 3216 4254 e
3247 4205 3400 4255 terra
3440 4196 3799 4253 condiderat
3819 4199 3842 4232 ⁷
3871 4215 3886 4265 ;

2268 4305 2343 4347 ex
2372 4305 2494 4362 quo
2541 4293 2720 4346 etiam
2752 4290 3035 4356 clamore,
3065 4289 3150 4345 uti
3175 4293 3233 4344 et
3283 4288 3604 4361 spiraculo,
3637 4291 3889 4344 mortuo

2268 4379 2483 4435 iterum
2530 4378 2819 4449 ﬁgmento
2849 4379 3121 4435 animam
3158 4377 3400 4433 refudit.
3452 4380 3586 4434 lam
3624 4375 3883 4448 quidem

2264 4466 2511 4523 fcetebat
2560 4468 2703 4523 tabo
2748 4466 3078 4522 resolutum
3137 4467 3400 4523 cadaver
3449 4470 3630 4537 atque
3677 4478 3887 4522 corru.

2264 4560 2472 4628 ptum;
2521 4560 2583 4611 at
2613 4555 2825 4612 Christi
2866 4571 2983 4611 vox
3030 4556 3162 4611 vitae
3218 4554 3303 4610 illi
3336 4553 3487 4609 odor
3517 4553 3646 4609 fuit.
3698 4552 3878 4628 Quod

504 4625 696 4712 ortus,
720 4641 933 4698 iisdem
963 4641 1093 4698 cceli
1121 4641 1367 4698 sedibus
1392 4641 1736 4699 restituitur.
1758 4642 1923 4697 Prius
1954 4648 2156 4699 tamen
2199 4664 2239 4719 ς
2264 4625 2474 4700 mortis
2504 4644 2738 4699 vinctus
2777 4643 2994 4699 institis
3022 4642 3298 4700 astrictus
3327 4646 3472 4710 erat,
3504 4641 3689 4698 vetuit
3724 4625 3882 4698 nihil

504 4747 693 4803 quam
712 4730 774 4786 in
795 4729 1096 4786 infernum
1119 4730 1492 4786 descendens
1507 4730 1661 4787 inter
1678 4736 1948 4787 mortuos
1965 4731 2158 4803 splen-

505 4819 664 4887 deat,
697 4819 967 4876 divinam
1011 4820 1349 4892 quamdam
1395 4821 1559 4875 velut
1596 4820 1884 4891 praemisit
1926 4834 2153 4884 vocem,

505 4923 578 4964 ea
632 4908 1108 4980 quatriduanum
1165 4923 1203 4963 a
1250 4907 1502 4963 mortuis
1561 4908 1928 4978 suscitans’,
1972 4925 2156 4981 quem

504 5012 695 5053 unum
724 5013 800 5053 ex
826 4997 1169 5053 animarum
1187 4996 1441 5051 extraxit
1455 4996 1673 5060 caveis,
1688 4997 1861 5068 cujus
1885 4997 2156 5066 victoria,

503 5100 733 5158 pompa
764 5086 939 5141 hodie
969 5084 1260 5157 procedit,
1288 5100 1359 5139 ac
1389 5089 1747 5156 praesentem
1787 5102 1859 5141 ex
1887 5090 2158 5158 tempore

502 5174 878 5245 triumphum
912 5173 1197 5245 instituit;
1222 5187 1441 5245 nempe
1477 5173 1669 5229 Sionis
1709 5176 1831 5229 Rex
1858 5173 1953 5229 ille
1983 5188 2156 5230 man-

503 5268 707 5318 suetus
728 5264 771 5328 ⁸,
804 5279 928 5319 non
970 5263 1168 5320 aureis
1221 5262 1484 5335 phaleris
1533 5263 1786 5320 instrato
1830 5280 2005 5336 equo,
2050 5282 2155 5321 seu

499 5349 653 5407 alias
684 5366 868 5407 curru
904 5367 1108 5419 aureo,
1154 5350 1265 5408 sed
1294 5350 1670 5424 pauperculo
1697 5352 1884 5408 asello
1908 5368 2182 5426 paupere

582 5528 599 5600 ξ
634 5524 792 5581 Psal.
823 5529 1049 5600 Χιωηὸ
1080 5544 1248 5600 seqq.

505 5598 526 5635 ⁷
556 5598 703 5654 Gen.
733 5612 795 5666 ιι,
822 5603 876 5652 7.
953 5597 1255 5671 ηοειιιῖιὶ,
1286 5602 1377 5656 44.

2262 4732 2411 4804 quin
2442 4730 2621 4801 longe
2652 4731 3130 4804 progrederetur,
3162 4730 3413 4802 jubente
3437 4729 3658 4785 scilicet
3678 4728 3879 4784 Chris-

2264 4827 2368 4877 to:
2425 4822 2570 4877 Vem'
2615 4821 2786 4890 foras
2806 4822 2849 4891 ⁸,
2896 4820 3001 4893 qui
3032 4820 3233 4877 educit
3259 4820 3492 4875 vinctos
3525 4818 3587 4874 in
3643 4817 3879 4875 fortitu-

2263 4909 2402 4965 dine
2426 4928 2439 4978 ;
2474 4909 2741 4966 similiter
2770 4925 2874 4966 eos
2902 4909 3006 4981 qui
3026 4909 3301 4965 habitant
3320 4925 3381 4964 ιιι
3404 4907 3689 4981 sepulcris
3710 4910 3752 4961 ⁸.

2337 4988 2557 5055 Psallat
2579 4998 2708 5069 jam
2736 5001 2989 5055 Lazarus
3015 5015 3154 5055 cum
3179 4998 3398 5054 Davide
3428 5015 3440 5053 :
3481 4998 3619 5054 Non
3660 4997 3880 5053 dereli-

2264 5088 2448 5160 quistz‘
2465 5089 2731 5143 animam
2751 5103 2942 5144 meam
2983 5089 3047 5143 in
3080 5089 3339 5157 inferno,
3371 5102 3476 5143 nec
3501 5085 3719 5142 dedisti
3738 5100 3880 5142 san-

2265 5180 2424 5233 ctum
2446 5182 2615 5233 tuum
2636 5177 2836 5233 videre
2855 5178 3299 5247 corruptionem
3321 5177 3385 5243 ιθ,
3400 5181 3475 5245 et,
3492 5175 3764 5245 [νηρίθδεὶ
3780 5190 3878 5231 me

2266 5268 2479 5323 laetitia
2501 5282 2633 5322 cum
2654 5268 2829 5322 vultu
2847 5277 2975 5322 tuo:
2996 5282 3120 5323 non
3137 5266 3298 5321 enim
3315 5265 3601 5321 oblivioni
3620 5262 3876 5319 traditus

2266 5372 2423 5419 sum,
2451 5355 2603 5410 sicut
2626 5360 2903 5411 mortuus
2935 5372 2972 5411 a
2996 5356 3176 5410 corde
3197 5356 3239 5389 “
3262 5373 3280 5425 ς
3315 5354 3424 5410 sed
3452 5358 3694 5409 mortuo
3726 5351 3876 5408 mihi

1325 5529 1347 5561 ²
1387 5529 1559 5586 Joan.
1590 5546 1645 5603 u_,
1674 5530 1761 5584 41.
1839 5530 1861 5563 ³
1890 5530 2064 5587 Zach.
2097 5548 2174 5603 ιχ,
2202 5535 2228 5603 9

2333 5533 2356 5567 ⁴
2397 5534 2541 5588 Gen.
2577 5535 2810 5603 xux,‘9.
2888 5532 2909 5565 ⁵
2950 5532 3156 5586 Amos.
3189 5546 3273 5600 ιιι,
3313 5534 3368 5585 3.
3443 5530 3465 5563 ⁶
3501 5531 3672 5586 Joan.
3715 5543 3774 5599 ιι,
3821 5532 3873 5587 1.

1454 5603 1475 5635 ³
1496 5600 1656 5658 Psal.
1682 5616 1868 5666 LXVIII,
1896 5607 1949 5656 7.
2030 5603 2079 5639 ιο
2106 5600 2260 5661 Psal.
2287 5620 2341 5675 v,
2379 5607 2463 5660 t0.
2542 5606 2586 5639 “
2617 5601 2771 5659 Psal.
2795 5618 2931 5667 xxx,
2967 5606 3048 5658 13.
