2014 3154
4 829 10 957 I

4 995 7 1174 ξ

4 14 124 323 E“
114 248 228 280 ‘miral

22 295 76 323 hi
88 294 228 323 Exhibuit

88 294 233 324 exhibuit
245 289 411 332 magniﬁca
425 289 528 334 opera,
547 297 658 334 quibus
672 305 762 325 sensu
773 295 863 323 desti-

31 330 97 377 lutis
107 339 224 368 Iudaeis
237 330 327 369 suam
340 330 529 369 manifestam
543 330 607 369 fieri
618 340 745 377 gloriam
755 339 862 373 voluit;

28 382 206 421 multosque
219 388 357 414 mortuOs
370 385 532 420 suscitavit,
542 394 652 422 nempe
666 393 784 414 servum
797 391 864 412 cen-

30 428 173 464 turionis,
184 428 244 458 lari
258 429 361 464 ﬁliam,
378 427 478 458 viduas
488 430 612 458 unicum
620 430 727 459 lilium.
742 431 782 457 Ac
797 428 863 465 qui-

29 472 99 502 dem
114 473 247 509 mortui,
259 473 375 509 audito,
388 474 506 509 Puella,
528 474 659 510 surge",
685 478 724 510 et,
736 473 863 502 Adoles-

30 522 107 552 ᾱηε,
120 518 181 547 tibi
191 519 270 552 dico,
286 519 418 554 surge",
434 519 591 547 confestim
609 519 689 547 dicto
707 518 863 547 audientes

29 564 124 597 erant,
138 561 311 599 lumenque
323 562 449 591 redivivi
464 565 642 597 cernebant;
658 563 689 591 hi
702 565 812 598 autem,
826 569 863 589 ne

29 607 71 635 sic
86 606 223 643 quidem
237 605 372 635 videntes
390 606 543 643 videbant,
566 615 621 636 nec
637 607 794 635 audientes
809 613 863 634 au-

30 650 168 680 diebant.
181 651 297 680 Idcirco
307 651 398 680 etiam
413 651 453 680 ad
468 653 636 680 extremum
657 651 757 680 Lazari
772 650 864 679 susci-

30 694 154 726 tationis
165 696 351 733 opus,quod
365 696 495 733 prodigii
507 696 638 725 novitate
646 698 756 724 cuncta
766 696 865 724 vince-

30 741 84 774 ret,
104 748 164 769 ceu
181 739 269 776 cujus
282 741 328 768 vis
342 741 441 776 major
459 743 546 774 esset,
567 740 735 769 remedium
757 740 863 768 admo-

4 782 5 821 Ῐ
32 783 83 813 vit.
99 785 182 813 Nam
194 784 262 813 illos
279 784 403 821 quidem
422 787 558 813 mortuos
572 785 675 813 statim
691 784 862 818 suscitavit;

31 828 112 858 hunc
125 837 206 858 vero
232 837 303 858 cum
327 830 389 864 iam
403 829 575 866 putruisset,
600 831 692 866 inque
717 829 865 858 elementa

8 879 10 900 ι
32 873 144 911 quibus
158 876 304 902 concreta
326 873 461 910 corporis
484 873 600 903 fabrica
617 877 690 908 erat,
705 872 863 902 difflueret.

627 187 772 220 HOMlLlA
787 188 822 218 lN
835 183 953 218 RAMOS
969 184 1158 220 PALMARUM

91 248 124 280 iii
134 232 291 291 mirabilia
306 253 341 280 ¹².
358 235 436 282 sane
450 251 573 290 quidem
588 253 746 290 complura
761 250 862 280 Chris-
879 250 904 277 Α
921 249 1009 278 dibus
1019 254 1135 281 essent:
1148 253 1229 286 unde
1242 261 1341 291 neque
1355 253 1385 283 in
1396 254 1543 284 caelorum
1557 263 1686 293 regnum
1701 255 1746 287 in-

1692 175 1744 226 θεέ

918 295 1012 329 gressi
1039 299 1119 326 sunt.
1155 298 1244 326 Erant
1269 299 1350 327 enim
1386 307 1467 328 utres
1491 303 1608 330 veteres
1631 309 1666 330 ac
1688 311 1745 340 pu-

919 341 977 366 tres
990 340 1024 374 ²⁴,
1037 348 1093 368 nec
1112 341 1214 377 gratias
1233 342 1339 371 vinum
1356 344 1503 380 tanquam
1516 346 1597 379 novi,
1609 353 1645 374 ac
1656 346 1747 383 Spiri-

918 385 965 410 tus
978 391 1116 420 capaces,
1129 389 1268 422 poterant
1283 395 1400 424 capere.
1415 387 1494 417 Proh
1507 386 1747 424 cmcitatem.cal-

917 427 1041 464 lumque
1053 429 1059 457 !
1071 430 1208 466 Cognovit
1223 431 1272 459 bos
1280 439 1477 466 possessorem
1487 441 1585 466 suum,
1599 437 1627 463 et
1642 435 1746 465 asinus

915 479 1044 508 praesepe
1059 473 1174 502 domini
1184 476 1233 503 sui
1248 475 1288 510 '5;
1306 475 1397 505 Israel
1413 477 1514 506 autem
1530 478 1641 515 Regem
1655 487 1746 509 suum

918 524 979 544 non
992 519 1142 553 cognovit,
1159 519 1211 547 sed
1232 518 1437 556 deprehensus
1465 524 1510 550 est
1522 521 1600 551 bove
1623 522 1746 552 demen-

919 560 985 593 tior,
1000 563 1029 589 et
1056 562 1143 591 asino
1168 564 1326 600 stupidior,
1348 566 1560 601 cognoscendo
1580 567 1743 597 Dominum

919 612 1009 632 suum
1022 615 1028 640 ;
1042 605 1133 643 idque
1148 615 1220 635 cum
1232 608 1361 636 infantes
1380 609 1506 639 minime
1520 610 1631 640 bovem
1645 611 1676 640 in
1689 611 1745 641 lin-

918 656 978 684 gua
993 649 1112 686 ferrent,
1122 651 1174 679 sed
1185 651 1297 688 Regem
1310 653 1401 682 asello
1416 654 1746 693 insidentem,pompa—

917 701 976 729 que
982 694 1071 722 hodie
1077 695 1300 732 procedentem,
1307 705 1343 725 ac
1353 698 1437 734 quod
1448 699 1520 727 olim
1528 699 1668 729 vaticinio
1677 708 1746 737 pro-

917 737 1013 766 ditum
1024 741 1112 773 esset,
1124 739 1308 776 implentem,
1324 742 1523 778 prmdicarent
1534 753 1540 778 ;
1553 743 1675 779 alligare
1690 745 1746 773 sci-

916 781 985 809 licet
998 782 1038 810 ad
1046 782 1138 811 vitem
1149 784 1267 820 pullum
1278 793 1367 813 suum
1379 786 1414 820 ³⁵,
1426 785 1510 822 quod
1520 790 1576 821 est,
1584 795 1699 817 novum
1710 796 1747 817 ex

918 826 1056 861 gentibus
1066 827 1319 865 populum,quem
1330 830 1462 858 necdum
1472 831 1542 868 quis
1551 831 1626 868 jugo
1633 831 1748 861 manci-

917 873 1013 907 parat,
1025 873 1064 899 ad
1080 872 1170 900 vitem
1182 881 1218 901 ex
1234 875 1362 910 Egypto
1371 875 1551 904 translatam
1562 876 1747 913 colligare".

33 919 128 956 mqu
149 918 214 947 illic
238 917 363 955 quidem
385 918 519 947 defuncti
535 918 670 947 loculum
698 918 801 954 tetigit,
829 926 864 946 ac
879 921 902 949 Β
955 915 1123 948 Enimvero,
1140 924 1245 945 eorum
1264 926 1333 954 quae
1360 920 1503 955 mysterio
1526 921 1641 956 insunt,
1659 921 1749 950 mira-

32 962 141 999 puellaa
156 970 290 991 manum
315 963 516 1000 apprehendit
529 963 568 991 ad
588 962 681 991 vitam
696 963 869 991 instaurans

33 1008 178 1036 contactu
206 1006 318 1035 viviﬁci
343 1007 480 1044 corporis
499 1016 505 1035 :
528 1006 578 1035 hic
600 1009 701 1035 autem
717 1007 781 1035 sola
795 1014 869 1035 voce

148 1051 316 1088 reparavit,
341 1059 414 1080 voce
438 1051 594 1087 nimirum,
609 1059 704 1088 quam
725 1051 869 1079 Judaicus

33 1095 170 1134 populus
185 1101 251 1124 non
267 1094 394 1130 audivit,
410 1098 443 1124 ut
466 1104 556 1133 quos,
574 1095 661 1132 juxta
682 1094 867 1129 Davidem",

35 1145 118 1169 mon
132 1142 291 1178 pasceret;
308 1147 378 1177 qua;
398 1141 542 1169 nimirum
562 1140 643 1169 velut
661 1148 744 1175 oves,
766 1148 828 1177 qua
849 1140 869 1168 ii

4 1181 5 1186 “
36 1183 223 1214 laborabant
235 1183 379 1218 cecilate,
392 1185 423 1213 in
437 1185 554 1213 inferno
570 1185 652 1221 ipsos
664 1187 803 1221 poneret:
817 1185 870 1212 La-

4 1227 5 1233 ¹
37 1234 124 1259 tum
136 1236 213 1258 vero
232 1230 382 1266 tanquam
396 1228 462 1257 ovis
476 1229 595 1262 Christi,
606 1231 799 1257 revocantem
815 1236 869 1265 pa-

37 1271 125 1302 storis
138 1279 252 1302 vocem
261 1272 423 1302 confestim
437 1273 712 1309 sensit,infernique
726 1273 870 1301 barathro

38 1316 184 1347 dhnissns
191 1317 234 1346 ad
248 1319 408 1347 vocantem
418 1317 514 1346 rediit.
528 1317 674 1354 Quodque
686 1318 797 1345 Mosem
806 1317 871 1353 qui-

39 1360 109 1391 dem
131 1369 166 1390 se
191 1359 281 1398 scire,
306 1361 468 1390 Dominum
492 1364 592 1390 autem
610 1361 725 1389 nescire
740 1370 771 1389 se
784 1361 871 1389 incir-

4 1430 5 1437 η
41 1404 171 1436 cumeisi
193 1404 414 1440 asserebant“,
429 1405 619 1434 manifestius
635 1406 767 1442 seipsum
782 1406 871 1434 hodie

42 1448 188 1485 ostendit,
201 1449 296 1478 libere
305 1449 508 1486 triumphans,
524 1449 666 1486 regioque
679 1450 776 1485 magis
791 1450 872 1478 cultu

4 1494 6 1512 ’
39 1492 211 1531 procedens
224 1500 233 1527 ;
248 1493 393 1523 lactentes
404 1493 534 1531 denique
548 1494 677 1522 infantes
690 1494 871 1530 producens,

4 1563 5 1567 η
39 1539 90 1576 qui
101 1539 271 1568 Dominum
285 1545 374 1567 suum
395 1540 570 1573 agnoscant,
588 1546 623 1566 ac
638 1541 727 1566 testes
743 1538 812 1573 sint,
827 1539 872 1575 ip-

45 1590 115 1612 sum
134 1581 302 1612 Dominum
326 1588 391 1611 esse
415 1583 468 1619 qui
494 1581 623 1610 custodit
636 1582 778 1618 parvulos
790 1583 823 1617 ’⁷,
837 1591 871 1611 ac
887 1595 907 1622 ρ

4 1624 6 1647 i
45 1633 139 1664 quan
153 1624 254 1656 David
263 1626 445 1655 vaticinatus
460 1628 506 1655 est
516 1626 676 1662 perfecisse
691 1626 815 1655 laudem
838 1635 874 1655 ex

44 1678 95 1701 ore
122 1670 290 1701 infantium
315 1674 345 1699 et
367 1671 591 1705 lactentium";
619 1671 776 1699 Zacharias
803 1679 875 1700 vero

4 1727 6 1749 ι
40 1716 142 1746 Sionis
158 1716 275 1752 Regem
289 1714 440 1752 praedixit,
451 1718 645 1744 mansuetum
658 1719 687 1744 et
697 1715 873 1752 salvantem,

40 1765 75 1790 ac
94 1760 152 1798 qni
179 1759 276 1789 asello
299 1759 428 1789 vehatur
440 1761 474 1787 η.
499 1762 573 1789 Cum
598 1760 677 1788 enim
707 1760 819 1788 Scriba).
848 1763 877 1789 et

41 1804 188 1840 Pharimi
201 1803 341 1833 velamen
366 1803 451 1833 cordi
469 1803 645 1840 impositum
662 1805 697 1837 ³ο,
714 1804 788 1833 dum
804 1812 875 1840 pro-

41 1849 143 1886 pheta:
151 1855 191 1878 ac
201 1848 297 1877 loses
304 1848 455 1884 leguntur,
462 1848 605 1881 habeant,
613 1854 647 1876 ac
653 1847 769 1876 clavem
783 1849 877 1877 scien-

43 1894 88 1923 tia!
101 1895 245 1923 tenentes
259 1893 373 1922 nedum
388 1892 446 1930 ipsi
462 1900 525 1921 non
545 1893 763 1928 ingrediantur,
778 1893 831 1922 sed
849 1896 877 1922 et

42 1937 163 1975 ingredi
170 1936 307 1966 volentes
320 1937 502 1974 prohibeant
512 1938 547 1971 ²¹,
559 1937 719 1966 infantium
731 1945 794 1972 ora,
807 1946 876 1974 quae

43 1982 78 2012 de
89 1981 213 2012 Christo
229 1983 309 2017 sunt,
322 1981 472 2010 vaticiniis
487 1981 664 2018 promendis
676 1981 826 2016 laxantur,
842 1990 877 2010 ac

43 2026 157 2064 quibus
172 2024 287 2062 linguae
307 2034 380 2054 usus
401 2030 539 2061 negatus,
562 2026 649 2063 pueri
664 2026 875 2060 balbutientes,

44 2071 271 2109 Serime
279 2069 633 2099 obscuradilucidissime
639 2070 817 2106 explanant;
825 2071 877 2099 do-

47 2119 178 2153 ceatque
201 2114 312 2143 surdos
333 2116 485 2151 parentes,
509 2122 544 2144 ac
564 2114 617 2151 qui
637 2122 721 2143 more
736 2115 876 2151 aspidum

48 2167 139 2189 tum
161 2159 309 2189 obturant
322 2159 355 2187 ι’.
374 2159 455 2187 Docti
472 2167 490 2187 a
506 2161 565 2188 Deo
578 2159 673 2195 pueri,
687 2162 808 2196 sumpto
823 2160 877 2188 Da-

46 2202 146 2234 vidieo
171 2203 327 2241 psalterio,
341 2203 497 2240 lectisque,
513 2211 582 2240 quos
608 2203 666 2231 sint
689 2206 761 2239 apta
787 2206 877 2240 atque

47 2250 229 2295 congruant,
237 2247 447 2295 ejnscanticis,
463 2247 692 2295 solemjustitiaa
707 2248 883 2295 aquilarum
892 2267 915 2295 Β

46 2292 130 2322 visus
141 2291 284 2322 acumine
294 2291 372 2321 clare
383 2291 580 2328 prospiciunt,
591 2299 627 2319 ac
637 2291 812 2328 parentibus
821 2292 874 2328 qui

48 2337 275 2365 centaurum
297 2335 402 2369 nolint,
418 2343 475 2364 nec
494 2336 600 2373 aquila
615 2335 773 2371 juventute
787 2343 874 2364 reno-

47 2379 227 2416 vemmued
233 2378 338 2409 litteras
346 2382 496 2409 Vetustate
506 2380 674 2415 caecutiant,
684 2380 874 2416 adaperiunt:

47 2425 209 2458 anm,
227 2424 327 2458 aiunt;
348 2423 528 2453 Benedictus
543 2425 597 2460 qui
614 2425 695 2453 venit
711 2426 742 2452 in
757 2425 877 2454 nomine

48 2466 181 2506 Domini,
201 2468 263 2499 Rea:
284 2469 383 2498 Israel
393 2469 430 2496 ".
443 2469 500 2497 Vix
519 2477 581 2497 non
594 2469 689 2504 digito
708 2471 877 2498 monstrant

4 2535 10 2548 ,
47 2514 200 2549 infantes,
228 2515 319 2550 atque
346 2513 505 2550 pradicant
532 2514 629 2543 Sionis
662 2515 772 2548 Regem
800 2521 875 2547 esse,

48 2557 342 2587 mansnetnmilliim
355 2565 391 2586 ac
406 2557 585 2586 salvantem.
602 2558 686 2586 Idem
702 2558 782 2586 enim
797 2558 878 2587 valet

49 2603 205 2638 Hum,
219 2610 264 2636 se.
282 2602 389 2637 Salva,
406 2610 515 2639 quaeso.
532 2602 618 2631 Haud
632 2606 733 2631 tamen
749 2603 878 2631 miracu-

49 2647 112 2677 lum
133 2648 167 2677 in
191 2655 302 2685 pueros
326 2648 473 2677 convertit
493 2648 546 2684 qui
565 2647 768 2676 incircumcisi
783 2648 879 2675 cordi-

922 959 1059 987 culorum
1074 960 1135 989 vim
1150 961 1367 998 intelligamus;
1383 963 1458 999 quin
1477 965 1576 1001 potius
1593 964 1748 994 celebrita-

922 1003 959 1031 tis
975 1004 1121 1033 miracula
1132 1005 1162 1033 in
1178 1005 1266 1034 nobis
1281 1006 1340 1042 ipsi
1354 1007 1560 1036 exhibeamus.
1576 1008 1749 1039 Efﬁciamur

923 1047 1025 1076 Lazari
1039 1048 1145 1077 Christi
1156 1050 1243 1078 amici
1256 1059 1263 1084 ;
1281 1058 1398 1079 sorores
1411 1051 1499 1080 nobis
1515 1052 1696 1089 sapientiam
1706 1053 1748 1082 at-

923 1099 982 1128 que
997 1092 1137 1121 virtutem
1152 1093 1319 1129 faciamus;
1334 1103 1369 1123 ac
1382 1095 1406 1123 si
1422 1096 1547 1132 quando
1562 1096 1643 1125 velut
1652 1097 1749 1126 homi-

923 1143 977 1164 nes
991 1136 1137 1165 inﬁrmari
1152 1139 1317 1174 contigerit,
1335 1148 1387 1167 seu
1403 1141 1493 1168 etiam
1508 1141 1539 1169 in
1553 1144 1682 1170 mortem
1696 1141 1749 1171 ob-

923 1180 1064 1214 dormire,
1080 1180 1286 1219 fuerimusque
1301 1186 1446 1220 tanquam
1461 1185 1489 1213 in
1505 1193 1599 1222 specu
1612 1185 1749 1222 quadam

924 1225 954 1252 in
969 1226 1110 1261 praesenti
1135 1226 1242 1263 sepulti
1267 1228 1388 1261 saaculo,
1408 1228 1512 1263 aderit,
1534 1229 1586 1266 qui
1612 1232 1657 1258 est
1676 1231 1748 1266 vita,

925 1270 1241 1308 Christus,magnaque
1249 1279 1325 1300 evan
1330 1272 1493 1308 gelicorum
1498 1273 1750 1304 documentorum

924 1322 997 1342 voce
1012 1314 1175 1343 clamabit:
1194 1316 1294 1345 Venite
1303 1317 1388 1352 foras
1398 1318 1421 1335 "
1437 1326 1456 1346 a
1466 1318 1566 1346 saeculi
1576 1322 1690 1354 morte;
1706 1321 1750 1348 at-

924 1366 984 1395 que
994 1361 1027 1387 ut
1035 1359 1094 1388 alio
1105 1360 1240 1396 quodam
1248 1361 1314 1390 loco
1324 1362 1635 1399 dicit,Surgiteeamus
1641 1364 1749 1400 hinc”,

925 1411 981 1431 nos
999 1403 1069 1431 inde
1093 1405 1284 1441 transferens,
1301 1408 1391 1442 atque
1415 1415 1432 1435 a
1448 1407 1550 1436 saeculi
1565 1411 1660 1437 morte
1679 1408 1751 1437 edu-

926 1455 1017 1481 cens;
1035 1456 1070 1476 ac
1083 1450 1182 1477 statim
1206 1458 1221 1477 e
1247 1450 1357 1478 saeculo
1384 1451 1584 1486 egrediemur,
1605 1452 1750 1489 nulloque

926 1492 1103 1528 prohibente
1113 1493 1153 1521 ad
1165 1494 1258 1522 vitam
1273 1495 1487 1530 procedamus,
1504 1497 1625 1524 tametsi
1640 1497 1749 1526 institis

926 1536 1112 1572 ligari,quod
1124 1537 1254 1566 maxime
1265 1546 1378 1566 novum
1394 1547 1429 1567 ac
1442 1538 1612 1568 inauditum
1624 1549 1630 1574 ;
1640 1548 1751 1577 nempe

927 1580 1017 1608 etiam
1032 1581 1131 1609 carnis
1155 1582 1283 1610 vinculis
1310 1583 1421 1611 astricti
1436 1592 1442 1611 :
1456 1583 1496 1611 ab
1515 1592 1550 1612 eo
1565 1584 1645 1613 enim
1667 1584 1752 1621 quod

929 1628 972 1653 est
986 1625 1097 1653 vincire
1111 1626 1258 1659 animam,
1272 1627 1373 1655 Graeca
1388 1635 1462 1655 voce
1476 1626 1558 1664 δέμας
1580 1630 1628 1664 (ac
1650 1629 1673 1657 si
1689 1628 1752 1658 vin-

929 1669 1029 1697 culum
1043 1669 1136 1706 dicas)
1151 1671 1336 1707 sapientibus
1349 1680 1460 1708 corpus
1482 1675 1688 1709 nuncupatur.
1706 1674 1752 1703 Ni-

929 1713 971 1741 hil
981 1716 1081 1742 tamen
1095 1713 1168 1742 illud
1184 1717 1273 1749 vetat,
1294 1716 1368 1752 quin
1382 1716 1489 1745 mundi
1512 1716 1604 1753 hujus
1623 1719 1752 1747 mortem

930 1757 1080 1786 aﬂ'erentis
1089 1758 1307 1787 necessitudine
1316 1760 1585 1794 excedamus,dum
1593 1761 1691 1791 solum
1699 1762 1753 1791 Do-

930 1801 1003 1830 mini
1030 1810 1135 1830 vocem
1156 1803 1353 1837 audierimus,
1376 1807 1466 1841 atque
1489 1805 1530 1833 ad
1554 1806 1655 1842 ipsum
1670 1809 1754 1836 extra

930 1849 1030 1874 castra
1043 1854 1199 1881 exeamus,
1216 1847 1295 1876 velut
1309 1848 1361 1884 qui
1387 1852 1561 1878 manentem
1585 1849 1633 1878 hic
1655 1849 1755 1879 civita-

930 1894 1001 1925 tem,
1017 1894 1049 1919 ut
1063 1892 1184 1919 divinus
1198 1892 1359 1928 Apostolus
1382 1893 1513 1929 loquitur
1521 1894 1556 1928 ³ο,
1570 1902 1631 1923 non
1643 1894 1757 1923 habea-

930 1943 1009 1968 mus,
1020 1943 1076 1963 nec
1090 1936 1158 1964 vitae
1170 1936 1348 1972 reparanda:
1364 1945 1449 1973 spem
1465 1937 1656 1973 abjiciamus,
1670 1938 1718 1966 vel
1730 1938 1755 1966 si

930 1980 1036 2007 mundi
1046 1979 1169 2008 libidine
1180 1980 1374 2016 quatriduani
1382 1981 1520 2009 metemus
1533 1991 1539 2015 ;
1549 1982 1602 2018 qui
1611 1982 1755 2010 nimirum

931 2027 1060 2060 quatuor
1071 2028 1182 2060 aetates,
1191 2025 1360 2060 pueritiam,
1372 2025 1619 2061 adolescentiam,
1627 2026 1753 2061 virilem,

931 2077 966 2097 ac
986 2071 1168 2096 senectutem
1184 2069 1292 2097 mortui
1305 2070 1468 2105 egerimus,
1491 2073 1582 2106 atque
1597 2071 1635 2098 ad
1657 2071 1755 2107 ipsam

930 2113 1161 2141 dissolutionem
1187 2114 1384 2142 venerimus:
1413 2115 1526 2151 quippe
1546 2114 1678 2143 Christus
1703 2113 1756 2151 qui

931 2157 1039 2185 mortui
1052 2157 1111 2185 sint
1123 2157 1238 2185 delictis
1249 2158 1270 2175 "
1287 2159 1431 2186 suscitare
1446 2158 1538 2187 novit.
1565 2158 1612 2187 Ad
1632 2159 1697 2188 haec
1709 2160 1757 2195 ju-

930 2202 1023 2230 menti
1033 2201 1165 2229 indolem
1183 2202 1266 2238 apud
1277 2201 1462 2231 Salvatorem
1480 2202 1591 2231 Davide
1601 2206 1722 2232 auctore
1732 2203 1756 2222 ³²

930 2246 1103 2280 induamus,
1118 2249 1151 2274 ut
1164 2254 1279 2282 pompa
1290 2254 1346 2283 pro
1362 2246 1450 2275 nobis
1465 2248 1612 2276 adversus
1627 2250 1756 2277 mortem

932 2290 1144 2327 procedentem
1156 2291 1257 2327 ipsum
1273 2291 1430 2319 vehamus.
1444 2293 1619 2321 Sternamus
1633 2293 1659 2321 ei
1668 2292 1755 2321 vesti-

928 2337 1040 2368 menta,
1056 2342 1166 2370 nempe
1188 2342 1309 2363 carnem
1334 2335 1451 2372 spiritui
1474 2335 1676 2372 subjicientes,
1702 2336 1757 2364 hu-

929 2379 1084 2407 militatem
1093 2380 1272 2407 colamus.Si
1283 2380 1413 2408 necdum
1422 2379 1528 2409 licetin
1537 2380 1660 2409 arbores
1669 2381 1757 2415 juxta

931 2432 1080 2461 aquarum
1108 2425 1204 2452 exitus
1230 2425 1363 2453 consitas
1373 2425 1408 2458 ’3,
1437 2428 1512 2462 puta
1532 2426 1678 2462 palmam,
1704 2427 1757 2453 aut

931 2469 1053 2496 cedrum
1070 2468 1184 2503 Libani,
1198 2469 1260 2497 sive
1273 2469 1384 2497 olivam
1398 2469 1582 2498 fructiferam
1594 2469 1756 2505 (cujusmo-

932 2513 962 2541 di
975 2512 1065 2541 arbor
1080 2512 1134 2540 Job
1160 2512 1208 2540 ille
1222 2513 1321 2549 justus
1345 2517 1419 2549 erat,
1442 2513 1615 2549 cujusmodi
1637 2512 1756 2541 divinus

932 2556 1027 2585 David
1038 2556 1210 2585 adolescere
1228 2565 1235 2585 :
1251 2558 1300 2586 vel
1311 2566 1413 2587 ramos
1425 2566 1460 2586 ex
1470 2557 1580 2586 sanctis
1594 2557 1650 2585 illis
1666 2556 1756 2586 arbo-

931 2601 1025 2635 ribus,
1040 2601 1185 2629 virtutum
1211 2602 1322 2630 scilicet
1337 2602 1477 2636 stolones,
1493 2601 1605 2638 quibus
1626 2601 1668 2630 illi
1694 2609 1758 2631 sca-

932 2649 1026 2675 tentes
1049 2646 1271 2682 eluxuriabant,
1287 2647 1439 2681 tollamus,
1456 2647 1626 2684 plausuque
1637 2647 1757 2676 venien-

85 2727 110 2746 “
123 2727 206 2756 PIaL
219 2734 343 2761 unm,
363 2722 404 2755 tl.
445 2727 467 2744 "
483 2727 555 2756 Luc.
584 2735 643 2761 vui,
658 2728 702 2755 54.
741 2727 764 2744 ¹⁵
779 2727 847 2754 Luc.
865 2735 871 2748 ι

939 2727 980 2754 14.
1022 2726 1044 2744 ¹⁵
1066 2725 1144 2754 Psal.
1170 2735 1268 2759 XLvut,
1289 2729 1329 2755 l5.
1369 2727 1391 2744 ¹⁶
1402 2727 1489 2755 Joan.
1503 2735 1540 2761 tx,
1558 2728 1603 2754 29.
1642 2728 1664 2745 ¹⁷
1679 2727 1756 2756 Psal.

53 2770 122 2798 ων,
133 2763 160 2792 6.
192 2763 226 2798 _"
240 2763 317 2792 Psal.
335 2769 396 2796 vui,
411 2763 438 2791 3.
478 2763 501 2781 ι’
518 2763 606 2791 Zach.
630 2771 666 2797 lx,
690 2764 716 2790 9.
755 2762 779 2780 ²⁶
794 2761 817 2789 ιι
842 2762 871 2789 Ο(

934 2770 974 2796 ιιι,
1002 2764 1043 2790 l5.
1082 2763 1105 2798 ξι
1132 2763 1200 2790 Luc.
1218 2770 1247 2796 ιι,
1270 2764 1315 2790 52.
1353 2762 1377 2779 ¹²
1397 2762 1474 2791 Psal.
1491 2771 1557 2798 Lvu,
1574 2765 1600 2790 5.
1638 2763 1663 2780 ²⁸
1677 2763 1757 2792 Psal.

52 2785 160 2833 Εῖξξῗ
176 2796 203 2816 ιι
215 2785 317 2835 nihil:
332 2785 457 2835 {ﬂii
470 2797 495 2816 π
511 2785 606 2835 [EST],
620 2785 666 2826 5'1"
684 2785 871 2835 ἱέρειῇιᾶ

925 2785 974 2826 IT"
984 2785 1102 2826 ’τ’ἶὶεειι.
1117 2785 1210 2832 iiii},
1218 2785 1251 2825 ’ὀῖ
1271 2785 1315 2815 Ἷέ
1326 2785 1412 2827 ,ιοθηῖ
1420 2785 1520 2835 imi:
1526 2785 1689 2828 "’J'Joan.’
1698 2785 1758 2833 iiv';

4 2836 10 2849 ⁵
54 2836 96 2864 3t.
134 2833 261 2863 “Hebr.
278 2842 341 2870 xm,
354 2835 398 2862 t3.
436 2834 460 2852 ³¹
476 2834 631 2868 (101033.11,
649 2835 691 2861 13.
731 2834 754 2851 ³¹
773 2833 852 2861 Psal.
869 2856 871 2860 .
