4028 6308
550 313 653 375 327

549 530 740 587 rimus
764 531 908 602 justi
946 528 1245 594 homines,
1286 543 1551 597 veraces,
1613 527 1739 584 sine
1782 523 2053 592 crimine,
2094 519 2195 577 Dei

551 620 827 685 cultores,
843 618 920 675 ab
942 618 1108 673 omni
1139 634 1201 674 re
1219 616 1382 675 mala
1409 633 1522 674 nos
1548 616 1937 681 abstinentes,
1962 612 2045 668 sic
2064 609 2196 667 Jobi

552 723 716 763 more
737 706 784 741 ³⁸
813 706 1090 779 perfecta
1120 707 1526 763 exstiterimus
1571 704 1838 775 arbores,
1888 701 1994 775 qui
2019 699 2194 756 nimi-

547 811 683 853 rum
699 799 762 851 ut
779 795 1052 852 sublimis
1065 795 1475 868 frondosaque
1491 793 1696 867 palma
1708 792 1984 858 efﬂoruit;
1998 790 2196 847 aiebat

549 883 709 939 enim
757 883 882 940 fore
923 888 988 939 ut
1030 888 1369 940 senesceret
1412 888 1558 940 atas
1590 899 1719 951 sua,
1752 881 1904 938 sicut
1948 886 2194 937 truncus

547 971 803 1045 palma:
844 988 1175 1045 rursusque
1207 971 1432 1029 erimus
1470 972 1555 1028 uti
1602 971 1790 1028 David
1838 970 1997 1027 oliva
2042 968 2193 1025 fruc-

548 1060 716 1118 tifera
746 1059 814 1129 ³⁵,
844 1061 894 1118 si
915 1061 1044 1133 ejus
1078 1062 1298 1134 pariter
1321 1060 1710 1130 fortitudinis,
1744 1075 1814 1115 ac
1846 1062 2193 1115 mansuetu-

546 1150 704 1206 dinis
736 1152 1115 1207 aemulatores
1141 1151 1450 1222 fuerimus,
1476 1166 1598 1223 quo
1629 1150 1717 1206 vir
1737 1149 1902 1205 cordi
1926 1148 2190 1221 placens,

549 1254 741 1312 exque
772 1240 899 1310 ejus
931 1240 1202 1296 moribus
1252 1256 1289 1295 a
1334 1243 1452 1295 Deo
1500 1239 1899 1295 inveniamur.
1933 1236 2103 1302 Quod
2146 1236 2195 1291 si

548 1334 756 1385 nostra
776 1329 1021 1400 segnitie
1049 1345 1171 1385 non
1200 1345 1527 1401 possumus
1550 1344 1794 1384 omnem
1814 1326 2053 1383 illorum
2078 1324 2190 1379 vir-

548 1420 737 1473 tutem
795 1418 1037 1482 imitari,
1107 1419 1284 1474 ﬂores
1342 1417 1497 1487 illos,
1564 1418 1865 1474 fructuum
1932 1415 2191 1488 copiam,

546 1506 923 1579 patientiam,
941 1506 1219 1563 laborum
1244 1505 1701 1576 certamina,vel
1722 1505 1961 1563 Davidis
1985 1504 2195 1561 saltem

548 1596 1094 1667 mansuetudinem,
1126 1600 1231 1651 aut
1258 1596 1620 1652 modestiam
1649 1595 1921 1652 colamus
1951 1596 2021 1664 ³⁵,
2049 1610 2197 1667 qua-

549 1688 723 1740 tenus
755 1684 937 1740 etiam
970 1700 1034 1740 se
1063 1701 1353 1754 vermem,
1385 1701 1509 1742 non
1556 1701 1697 1741 vero
1749 1684 2058 1741 hominem
2089 1699 2193 1756 ap-

546 1771 812 1845 pellabat
834 1774 903 1807 3"
935 1790 947 1828 :

547 1877 679 1918 cem
700 1862 954 1918 oderunt
975 1863 1044 1929 ³⁷,
1062 1862 1334 1919 animum
1357 1863 1503 1918 nihil
1523 1863 1879 1934 injuriarum
1895 1869 2190 1925 tenacem,

544 1947 868 2017 lenitatem,
900 1967 1235 2024 rursusque
1273 1952 1405 2008 Jobi
1443 1953 1504 2009 in
1537 1953 1966 2010 tentationibus
2004 1953 2191 2009 invic-

545 2044 671 2097 tam
696 2040 1119 2108 constantiam,
1150 2041 1403 2099 liberare
1425 2058 1755 2115 pauperem
1786 2042 1862 2099 de
1884 2058 2071 2099 manu
2090 2058 2195 2115 po-

543 2129 739 2197 tentis,
757 2130 1053 2203 pupillum
1071 2130 1285 2203 juvare
1307 2132 1402 2188 cui
1422 2132 1574 2188 desit
1593 2133 1665 2188 ad
1670 2132 1832 2203 jutor
1853 2133 1922 2199 ³⁸,
1943 2131 2194 2187 induere

539 2216 853 2290 justitiam,
881 2234 953 2274 ac
983 2223 1275 2290 tanquam
1302 2218 1569 2291 diploide
1600 2236 1662 2275 se
1690 2220 1897 2275 vestire
1923 2219 2151 2290 judicio
2176 2236 2189 2287 ;

543 2306 790 2363 oculum
821 2322 949 2361 esse
1003 2322 1324 2376 cacorum,
1358 2307 1714 2364 claudorum
1738 2308 1979 2380 pedem,
2027 2309 2192 2364 inva-

542 2393 799 2451 lidorum
830 2400 1085 2467 patrem.
1115 2398 1339 2452 Harum
1382 2396 1671 2452 virtutum
1716 2412 1901 2469 opera
1941 2397 1992 2452 si
2030 2398 2193 2453 exhi-

543 2481 878 2551 buerimus,
910 2500 983 2539 ex
1014 2484 1339 2540 arboribus
1371 2500 1406 2540 a
1438 2488 1556 2541 Deo
1580 2486 1722 2541 satis
1747 2502 1950 2543 ramos
1979 2486 2194 2543 excidi-

544 2586 705 2640 mus,
738 2588 809 2629 ac
830 2572 1155 2628 Salvatoris
1186 2572 1379 2629 cultus
1402 2573 1800 2644 gestavimus.

614 2660 706 2717 Ad
735 2660 864 2718 hac
905 2676 1018 2717 nos
1060 2676 1096 2718 a
1152 2662 1326 2719 malis
1381 2661 1829 2720 abstineamus:
1873 2663 2194 2722 infantium

544 2747 987 2822 simplicitatem
1034 2748 1356 2821 imitemur,
1393 2752 1605 2807 talium
1646 2754 1801 2808 enim
1831 2758 1912 2809 est
1943 2768 2193 2824 regnum

544 2836 830 2896 calorum
843 2841 910 2894 39.
933 2840 1014 2895 Ex
1034 2837 1253 2895 horum
1283 2840 1463 2897 etiam
1480 2857 1580 2897 ore
1598 2856 1759 2897 nunc
1776 2843 1929 2898 Deus
1946 2842 2191 2898 laudem

541 2928 804 3001 perfecit.
840 2928 898 2985 Si
929 2928 1199 2985 Ecclesia
1220 2929 1378 2985 ﬁlius
1400 2930 1814 2995 es,humiliare
1837 2934 1986 2988 sicut
2017 2931 2181 2989 abla-

542 3021 734 3074 ctatus
765 3033 947 3090 super
972 3022 1160 3075 matre
1200 3035 1311 3075 sua
1332 3020 1398 3073 ‘0.
1419 3019 1545 3075 Noli
1593 3020 1834 3076 malitia
1866 3020 2091 3077 harere
2123 3037 2193 3077 ac

1433 307 1799 372 manuus
1835 294 2221 368 ACOMINATI
2256 290 2698 364 ATHENARUM
2734 290 3062 364 secuisti.

549 446 672 500 tem
697 440 1082 515 accipientes,
1125 439 1415 498 Salvatori
1461 437 1930 512 pratendamus.
1979 432 2037 490 Si
2075 432 2193 488 fue-
2223 433 2270 487 A
2311 430 2668 501 loquebatur
2719 433 2800 489 ad
2851 433 3050 490 eos“:

3875 288 4001 362 328

3096 444 3208 489 nec
3252 426 3410 486 velut
3455 426 3541 485 illi
3584 427 3666 485 dii
3717 444 3999 499 sumus,

2303 535 2499 592 neque
2523 520 2629 576 ﬁlii
2652 521 2883 578 Excelsi
2902 524 2985 588 ‘5;
3015 520 3119 578 sed
3152 519 3305 576 sicut
3322 518 3597 575 homines
3637 519 3997 585 morimur,

2305 614 2361 666 et
2394 611 2545 668 sicut
2601 628 2759 668 unus
2798 629 2829 668 e
2878 611 3255 685 principibus
3284 609 3577 667 cadimus.
3620 612 3781 665 Vera
3842 610 4001 666 hac

2303 700 2534 771 objicis,
2566 718 2600 759 o
2624 702 2821 773 bone;
2855 719 2926 760 ac
2957 718 3068 759 nos
3099 700 3368 775 quidem,
3402 699 3615 772 inquit,
3659 698 3819 755 tales
3879 715 3998 755 su-

2303 806 2478 859 mus;
2528 796 2594 847 tu
2638 808 2777 849 vero
2823 792 2985 849 unde
3022 790 3196 848 nobis
3234 806 3427 847 novus
3464 792 3705 861 repente
3748 786 3999 846 Daniel

2303 885 2467 936 ortus
2496 885 2585 937 est
2606 881 2688 935 ‘7?
2708 883 2845 949 Quis
2879 882 2986 939 tibi
3017 880 3460 955 presbyterium
3490 877 3675 944 dedit.
3705 883 3775 936 ut
3801 878 3995 952 judi-

2303 969 2469 1025 cibus
2495 969 2790 1042 judicium
2833 987 3048 1044 ponas,
3085 987 3155 1028 ac
3204 970 3505 1026 illumines
3548 967 3826 1040 oculum,
3869 968 3996 1040 qui

2304 1074 2430 1130 pes,
2455 1065 2558 1116 aut
2583 1075 2824 1129 manus,
2851 1060 2942 1116 vel
2980 1060 3144 1117 auris
3174 1058 3442 1129 exsistas,
3476 1061 3655 1129 atque
3693 1057 3835 1113 ovis
3873 1072 3996 1129 pa-

2304 1152 2524 1205 storem
2546 1164 2762 1222 pascas
2785 1165 2855 1206 ac
2880 1165 3076 1219 regas,
3104 1148 3452 1220 doctorique
3474 1146 3811 1219 discipulus
3834 1162 3997 1203 san-

2304 1236 2428 1293 cias
2448 1238 2475 1292 ‘?
2497 1253 2757 1310 quorum
2806 1238 3053 1295 leonum
3083 1253 3189 1294 ora
3217 1234 3521 1293 frenasti“
3543 1237 3570 1291 ?
3601 1235 3778 1306 cujus
3826 1234 3991 1291 dra-

2304 1326 2494 1392 conis,
2523 1326 2650 1381 sine
2684 1341 2831 1381 saxo
2869 1342 2941 1382 ac
2984 1326 3137 1381 fuste
3180 1325 3449 1380 medium
3498 1328 3769 1379 ventrem
3800 1322 3995 1378 diru-

2303 1414 2443 1486 pisti
2461 1416 2506 1450 ‘9
2527 1415 2553 1470 ?
2576 1416 2863 1480 Quanam
2887 1413 3341 1470 tibifuturorum
3363 1411 3621 1468 revelata
3637 1410 3993 1483 mysteria?

2304 1503 2459 1559 Proh
2487 1503 2835 1568 caecitatem,
2863 1518 2986 1575 qua
3016 1503 3307 1558 festucam
3346 1502 3407 1557 in
3434 1501 3630 1557 fratris
3660 1500 3851 1557 oculo
3900 1501 3993 1556 vi-

2304 1593 2434 1660 des,
2467 1609 2578 1649 nec
2608 1592 2670 1648 in
2701 1598 2756 1649 te
2795 1593 3128 1649 maximam
3154 1591 3383 1647 trabem
3414 1590 3673 1647 advertis
3694 1589 3778 1644 5°!
3833 1591 3992 1645 Non

2306 1698 2519 1737 sumus
2556 1680 2814 1752 Samuel,
2849 1696 3045 1753 neque
3084 1686 3309 1747 Aaron;
3362 1694 3557 1751 neque
3602 1678 3765 1734 enim
3805 1677 3990 1733 sicut

988 1772 1083 1829 vel
1109 1790 1306 1830 mores
1350 1774 1637 1846 pacificos
1664 1790 1801 1830 cum
1827 1774 1923 1841 iis,
1955 1774 2059 1846 qui
2087 1788 2189 1845 pa-
2220 1782 2262 1838 Β
2299 1769 2381 1827 illi
2399 1770 2503 1826 Dei
2528 1769 2871 1827 testimonia
2896 1769 3292 1834 custodimus,
3310 1772 3367 1824 et
3392 1766 3681 1824 mandata
3696 1766 3804 1823 Dei
3822 1782 3987 1839 qua

2303 1859 2469 1915 dedit
2481 1858 2658 1916 nobis
2675 1876 2687 1911 :
2706 1874 2829 1916 non
2852 1863 3055 1915 tamen
3081 1863 3398 1930 propterea
3414 1857 3518 1930 qui
3534 1871 3657 1913 non
3678 1870 3980 1928 spernas,

2303 1966 2409 2007 seu
2437 1949 2585 2006 alias
2609 1948 2864 2019 judices,
2886 1947 3315 2019 justiﬁcaberis
3340 1963 3353 2015 ;
3376 1950 3497 2017 aut,
3513 1945 3683 2018 quod
3709 1945 3987 2000 misera-

2300 2038 2545 2106 bilius,a
2564 2053 2748 2111 poena
2761 2037 3049 2092 immunis
3066 2036 3199 2100 eris,
3217 2035 3435 2109 partim
3456 2034 3706 2090 docente
3722 2032 3984 2089 Christo

2302 2133 2367 2184 ut
2410 2143 2546 2200 qua
2596 2127 2801 2183 dicunt
2849 2126 3193 2182 sacerdotes
3237 2122 3531 2196 sequaris,
3571 2137 3769 2194 neque
3819 2137 3985 2194 qua

2302 2215 2801 2287 aguntcuriosius
2819 2214 3089 2288 inquiras
3110 2215 3154 2249 ⁵¹
3183 2228 3196 2280 ;
3223 2212 3445 2285 partim
3465 2215 3748 2268 monente
3770 2209 3982 2267 Paulo

2306 2310 2368 2362 ut
2388 2304 2723 2377 prapositis
2744 2302 3017 2372 obedias,
3033 2319 3101 2359 ac
3120 2301 3234 2358 illis
3261 2300 3570 2371 subjectus
3588 2300 3668 2355 sis
3688 2314 3703 2365 ;
3720 2299 3976 2371 quippe

2301 2395 2407 2467 qui
2429 2394 2673 2465 vigilent
2693 2399 2987 2466 tanquam
3017 2391 3313 2449 rationem
3346 2406 3458 2463 pro
3488 2388 3815 2447 animabus
3854 2404 3982 2445 no-

2304 2484 2441 2541 stris
2467 2483 2755 2540 reddituri
2774 2485 2842 2538 ⁵³.
2862 2482 3064 2551 Vides,
3089 2482 3296 2554 jussus
3316 2481 3445 2553 ipse
3466 2497 3601 2536 sum
3625 2484 3690 2535 ut
3714 2478 3980 2550 vigilem

2302 2589 2373 2630 ac
2399 2590 2533 2646 qua
2562 2579 2614 2629 te
2645 2571 3299 2644 spectant,diligentius
3323 2575 3573 2641 scruter,
3599 2567 3757 2625 velut
3778 2568 3983 2625 ratio-

2302 2678 2443 2719 nem
2481 2678 2592 2735 pro
2640 2667 2695 2718 te
2743 2660 3086 2718 redditurus
3120 2678 3134 2729 ;
3178 2674 3301 2716 non
3333 2659 3440 2715 tibi
3481 2662 3866 2731 praceptum
3910 2661 3985 2713 ut

2302 2752 2549 2808 easdem
2567 2751 2630 2806 in
2652 2766 2749 2807 me
2771 2756 2971 2822 partes
2995 2747 3371 2821 exsequeris.
3391 2749 3541 2818 Lege
3554 2746 3699 2803 mihi
3711 2752 3982 2803 cautum

2306 2848 2368 2897 ut
2386 2840 2595 2914 populi
2622 2840 2855 2912 lepram
2876 2838 3219 2912 dispiciam,
3245 2854 3316 2894 ac
3338 2836 3574 2909 quihac
3605 2835 3981 2907 agritudine

2301 2930 2534 2986 laboret
2562 2928 2657 2986 vel
2678 2928 2998 2999 mundum,
3018 2927 3112 2984 vel
3134 2925 3518 2983 immundum
3540 2925 3979 2998 pronuntiem:

2302 3035 2483 3093 parce
2502 3018 2681 3091 igitur
2705 3018 3001 3089 dignitati,
3024 3018 3198 3091 eique
3223 3014 3620 3072 reverentiam
3637 3012 3979 3086 habe,qua

542 3106 860 3178 superbiae,
888 3107 1105 3164 nutrici
1130 3107 1189 3163 in
1209 3108 1419 3181 spiritu
1445 3108 1705 3165 adhare.
1724 3111 2026 3175 Quorsum
2050 3127 2187 3168 cum
2230 3135 2270 3190 ο
2306 3109 2600 3165 Aaronico
2627 3124 2698 3164 ac
2729 3106 3020 3163 Samuelis
3052 3105 3386 3161 sacerdotio
3419 3110 3598 3177 atque
3627 3102 3846 3159 ordine
3877 3117 3982 3158 ve-

542 3192 661 3252 Deo
690 3210 946 3268 pugnas,
965 3196 1067 3268 qui
1093 3197 1382 3253 adversus
1412 3197 1618 3253 Christi
1642 3214 1930 3270 sponsam
1960 3199 2199 3258 insania

540 3280 749 3339 feraris
768 3285 795 3338 ?
820 3285 1162 3341 Maledictio
1183 3289 1395 3342 matris
1417 3287 1571 3342 eruit
1591 3287 1996 3354 fundamenta
2020 3289 2198 3346 “.Sin

543 3376 745 3427 autem
763 3370 865 3427 illa
890 3373 1068 3428 etiam
1091 3371 1302 3429 Christi
1324 3389 1555 3446 sponsa
1576 3375 1826 3445 est,ejus
1853 3375 2195 3434 maledictio

540 3459 689 3531 quid
717 3476 840 3517 non
869 3462 1223 3533 prastabit?
1260 3462 1389 3518 Noli
1426 3463 1529 3535 qui
1579 3480 1687 3535 per
1727 3463 2035 3534 baptisma
2082 3467 2182 3523 Dei

541 3544 701 3604 ﬁlius
729 3549 921 3605 factus
939 3566 1021 3617 es,
1053 3550 1112 3605 in
1136 3551 1335 3621 vipere
1352 3551 1536 3607 fetum
1557 3552 2016 3618 demutari,eam
2037 3571 2195 3611 mor-

543 3634 788 3695 dentem
818 3654 888 3694 ac
905 3637 1258 3695 exedentem
1275 3656 1408 3711 qua
1433 3646 1485 3695 te
1512 3640 1802 3713 spirituali
1824 3647 1997 3713 partu
2018 3644 2195 3701 enixa

542 3732 661 3790 est;
690 3743 886 3800 neque
916 3727 1186 3798 ingratus
1229 3728 1718 3801 deprehendaris,
1742 3730 1846 3802 qui
1887 3731 2050 3788 velut
2079 3734 2192 3789 asi-

541 3832 657 3872 nus
686 3814 838 3872 lacte
869 3815 1160 3873 distentus
1200 3817 1263 3873 in
1307 3816 1575 3873 altricem
1630 3818 1918 3874 calcitres.
1959 3823 2195 3878 Terreat

541 3905 866 3977 ﬂagellum,
886 3922 1008 3978 quo
1033 3906 1209 3979 plexo
1238 3906 1414 3963 hodie
1433 3907 2185 3981 Christus,contemptores,

541 4011 613 4051 ac
634 3995 735 4067 qui
750 3995 1142 4067 profanarent
1158 3995 1412 4052 domum
1430 3996 1739 4065 orationis,
1755 3996 2042 4054 cadendo
2056 3999 2192 4055 abe-

541 4080 626 4153 git
644 4081 710 4140 ⁵³.
733 4085 967 4139 Terreat
993 4088 1045 4139 te
1067 4083 1385 4155 proditoris
1406 4084 1599 4152 restis,
1624 4101 1697 4140 nc
1718 4090 1775 4141 et
1805 4086 1931 4157 ipse
1957 4086 2018 4141 in
2051 4103 2186 4143 eam

538 4171 791 4237 incidas,
844 4173 949 4244 qui
994 4171 1186 4228 locelli
1230 4190 1415 4230 causa
1478 4175 1835 4244 magistrum
1896 4176 2186 4245 tradidit;

540 4273 687 4315 neve
716 4258 923 4316 nefarii
948 4277 1156 4317 eorum
1181 4262 1409 4317 consilii
1436 4264 1635 4318 socius
1648 4262 1943 4334 eﬁiciaris,
1963 4265 2190 4336 quibus

541 4362 680 4403 cum
713 4348 937 4420 Caipha
965 4354 1021 4404 et
1051 4350 1231 4407 Pilato
1256 4356 1560 4422 pastorem
1591 4359 1899 4423 percutere
1938 4369 2007 4409 ac
2040 4370 2184 4410 oves

540 4435 883 4506 dispergere
913 4438 1204 4493 convenit.
1235 4440 1527 4495 Hactenus
1562 4442 1722 4495 enim
1750 4442 1956 4497 omitto
1991 4441 2186 4498 dicere

540 4522 615 4578 de
642 4526 807 4591 Core,
840 4525 1094 4581 Datham
1116 4531 1171 4582 et
1197 4526 1441 4593 Abiron,
1466 4544 1727 4601 quorum
1768 4530 2051 4587 seditiosa
2076 4531 2184 4587 ad-

538 4627 742 4668 versus
762 4618 1062 4670 Aaronem
1083 4614 1279 4685 coitio,
1308 4616 1655 4673 dehiscente
1687 4623 1840 4674 terra
1871 4635 1941 4674 ac
1971 4619 2183 4676 absor-

537 4698 716 4760 bente
746 4702 1012 4759 viventes
1036 4719 1172 4759 cum
1200 4704 1503 4761 familiain
1532 4704 1834 4763 infernum
1852 4706 2101 4765 detrusit
2118 4709 2189 4766 ‘3.

538 4790 657 4846 Nec
681 4791 811 4863 jam
838 4790 984 4848 mihi
1038 4788 1329 4849 Samuelis
1360 4794 1468 4851 erit
1507 4796 1751 4861 mentio,
1806 4796 1978 4868 cujus
2010 4795 2193 4869 spreti

536 4876 618 4951 inj
628 4882 821 4937 uriam
846 4880 908 4936 in
922 4880 1185 4952 seipsum
1201 4883 1355 4938 Deus
1378 4884 1761 4956 recepit.Non
1783 4886 1959 4953 enim,
1975 4884 2191 4958 inquit,

539 4972 593 5025 te
621 4975 993 5041 spreverunt,
1009 4970 1113 5027 sed
1136 4986 1227 5027 me
1245 4972 1312 5026 ‘t.
1343 4976 1415 5028 At
1444 4987 1556 5029 nos
1576 4988 1774 5046 neque
1798 4974 2059 5042 Samuel,
2092 4990 2192 5031 ne-

537 5070 655 5127 que
682 5059 858 5129 Elias,
884 5073 1082 5131 neque
1100 5062 1298 5117 Aaron
1316 5076 1547 5133 sumus,
1563 5062 1667 5135 qui
1688 5062 2051 5120 invocabant
2071 5064 2185 5119 Do-

537 5145 785 5216 minum,
827 5154 883 5203 et
908 5148 1031 5217 ipse
1056 5148 1413 5207 exaudiebat
1452 5164 1569 5221 eos,
1602 5153 1668 5207 in
1708 5153 1989 5210 columna
2015 5152 2190 5209 nubis

2308 3198 2633 3255 nerab‘ilior
2663 3200 2935 3254 exsistat.
2985 3196 3333 3254 Serviebant
3388 3195 3470 3252 illi
3518 3194 3751 3251 umbra
3804 3193 3979 3248 futu-

2307 3304 2535 3355 rorum,
2566 3303 2678 3344 nos
2717 3292 2919 3343 autem
2944 3286 3156 3342 Christi
3186 3285 3502 3342 sacerdotii
3540 3284 3827 3339 unctione
3872 3281 3982 3337 de-

2306 3374 2477 3433 libuti
2526 3393 2755 3432 sumus.
2792 3375 2933 3441 Quis
2980 3374 3198 3445 majori
3243 3374 3471 3446 Caipha
3510 3373 3978 3429 abominatione

2304 3466 2649 3535 habendus,
2682 3465 2787 3538 qui
2826 3464 3129 3521 Christum
3168 3463 3702 3520 condemnavit“?
3736 3461 3840 3518 llle
3877 3460 3972 3517 ni-

2304 3555 2631 3611 hilominus
2661 3554 2797 3611 talis
2828 3570 2938 3610 ceu
2975 3553 3244 3626 pontifex
3283 3553 3426 3609 anni
3455 3552 3611 3608 illius
3639 3551 3975 3624 prophetia

2303 3644 2593 3714 fungitur,
2628 3643 2902 3715 ceditque
2945 3642 3153 3712 lingua
3188 3641 3288 3697 illa
3332 3640 3573 3713 Spiritui
3630 3655 3963 3710 organum,

2303 3749 2441 3805 qua
2473 3733 2650 3789 morti
2702 3733 3003 3790 Christum
3034 3731 3282 3787 addixit.
3329 3730 3420 3788 Sic
3476 3732 3631 3786 Deus
3670 3730 3967 3786 sacerdo-

2306 3823 2452 3878 tium
2480 3822 2783 3878 honorare
2810 3820 2995 3889 novit,
3029 3825 3093 3876 ut
3142 3820 3270 3891 ejus
3303 3834 3490 3876 causa
3520 3819 3697 3875 etiam
3734 3819 3969 3891 Spiritu

2304 3909 2466 3966 afflet
2489 3910 2593 3982 qui
2622 3909 2790 3981 impii
2832 3913 2997 3963 sunt:
3048 3913 3113 3964 tu
3140 3922 3284 3964 vero
3332 3923 3472 3964 cum
3500 3911 3555 3963 te
3585 3906 3828 3963 deceret
3860 3922 3966 3962 sa-

2305 3997 2640 4055 cerdotium
2667 3996 2965 4065 vereri,ac
2994 4002 3212 4052 nostra
3232 3994 3596 4069 propensius
3623 3994 3968 4051 inﬁrmitati

2300 4102 2589 4159 parcere;
2624 4100 2794 4140 secus
2841 4100 2984 4140 vero
3016 4082 3147 4155 ejus
3192 4084 3508 4139 occasione
3557 4099 3629 4138 ac
3667 4088 3970 4155 pratextu

2300 4177 2653 4231 inconcessa
2690 4174 3010 4246 prasumis
3048 4173 3287 4246 illisque
3324 4174 3525 4245 pueris
3556 4174 3968 4229 succenturia-

2301 4266 2399 4335 ris,
2430 4265 2533 4337 qui
2565 4264 2755 4319 Elisai
2801 4263 3040 4319 calvum
3092 4267 3278 4334 caput
3309 4262 3787 4331 subsannarunt,
3824 4278 3968 4319 cum

2300 4353 3150 4425 nescirent,quotquantisque
3164 4358 3345 4424 caput
3356 4351 3500 4408 illud
3514 4352 3690 4408 donis
3706 4352 3968 4423 Spiritus

2303 4447 2616 4500 ornaretur
2636 4443 2703 4494 5‘.
2758 4441 2907 4497 Vide
2948 4442 3150 4511 igitur,
3181 4457 3256 4497 ne
3311 4445 3375 4497 tu
3416 4456 3661 4514 quoque
3693 4441 3966 4497 ferarum

2299 4532 2509 4606 prada
2523 4531 2733 4600 factus,
2747 4530 3022 4587 docearis
3049 4530 3359 4603 propheta
3376 4546 3500 4585 non
3516 4529 3967 4602 illudere,quod

2301 4622 2507 4691 glaber
2532 4622 2606 4676 sit
2652 4636 2723 4677 ac
2771 4619 3022 4692 depilis;
3072 4619 3371 4691 juvenum
3417 4619 3638 4676 scilicet
3674 4620 3966 4692 capillitio

2302 4726 2536 4779 carens,
2567 4709 2674 4767 sed
2702 4711 2976 4766 venerari
2996 4724 3067 4765 ac
3090 4708 3303 4780 colere,
3333 4710 3501 4782 quod
3528 4714 3744 4766 unctus
3780 4710 3965 4783 Spiri-

2304 4803 2400 4856 tus
2422 4803 2528 4865 est,
2557 4797 2721 4855 velut
2746 4798 2927 4856 etiam
2950 4804 3260 4869 unguento
3290 4798 3458 4871 quod
3486 4798 3548 4855 in
3568 4798 3825 4855 Aaronis
3871 4814 3967 4855 ca-

2301 4888 2443 4960 pite,
2472 4888 2535 4944 in
2556 4887 2963 4945 venerabilem
2994 4887 3158 4944 illam
3178 4886 3435 4945 barbam
3464 4886 3869 4945 descendit”.

2304 4977 2441 5032 Hac
2461 4992 2498 5033 a
2528 4992 2623 5032 me
2646 4980 2896 5048 paterno
2938 4992 3008 5033 ac
3034 4975 3369 5049 disciplina
3400 4991 3586 5032 causa
3615 4974 3777 5030 dicta
3802 4974 3962 5039 sunt,

2300 5080 2426 5122 non
2437 5064 2917 5138 reprehendendi
2932 5070 3035 5122 aut
3048 5064 3373 5121 ulciscendi
3386 5064 3791 5120 libidine.Non
3803 5062 3966 5119 enim

2302 5156 2539 5211 tantum
2569 5153 2768 5213 valeat
2800 5154 3065 5212 fraterna
3091 5153 3336 5226 injuria,
3368 5158 3435 5210 ut
3473 5151 3687 5209 Christi
3720 5152 3967 5225 penitus

609 5303 790 5387 filob
816 5318 962 5378 xxiv,
988 5304 1081 5387 18.
1104 5383 1113 5387 _
1139 5308 1207 5387 ﬁ”
1235 5307 1506 5387 Psaltn,
1535 5312 1617 5366 10.
1696 5310 1743 5347 ³⁸
1773 5310 1934 5369 Psal.
1960 5326 2208 5387 ιιιχιινιιι

2304 5317 2336 5370 ι1
2374 5318 2538 5384 ;Act.
2563 5315 2811 5385 1111,22;
2888 5314 2932 5351 ³⁷
2972 5314 3126 5373 Psal.
3155 5331 3303 5382 cxxx,
3337 5318 3391 5371 7.
3468 5311 3515 5350 ³⁸
3540 5311 3692 5371 Psal.
3720 5328 3882 5387 cxrx,
3912 5312 3963 5368 7.

537 5374 613 5409 ⁸⁸·
641 5375 752 5449 Job
778 5374 957 5442 χχιχ.
983 5383 1062 5449 t2,
1096 5381 1182 5447 14,
1228 5384 1313 5449 1ὅ.

1391 5381 1438 5416 ³9
1465 5384 1603 5440 Luc.
1623 5397 1784 5450 xvm,
1822 5388 1905 5439 16.

535 5461 653 5521 srvi,
685 5447 776 5504 33.
853 5449 900 5483 “
926 5450 949 5502 Ι
972 5446 1113 5521 Reg.
1136 5446 1254 5521 vin,
1278 5446 1335 5507 7.

1412 5450 1460 5487 ‘5
1486 5452 1635 5510 Psal.
1662 5468 1970 5522 LXXXXV’III,
2003 5460 2059 5523 6,
2088 5462 2141 5512 7.

541 5591 633 5647 23.
698 5588 760 5667 {5
781 5588 940 5652 Psal.
966 5606 1167 5667 CXXXII,
1194 5597 1248 5653 2.

1985 5385 2033 5419 ⁴⁰
2064 5385 2220 5442 Psal.
2256 5402 2426 5455 cxxx,
2457 5390 2511 5442 2.
2590 5388 2630 5422 “
2659 5387 2835 5444 Eccli.
2873 5403 2953 5455 ιιι,
3006 5392 3089 5443 11.

2221 5457 2268 5494 ⁴⁶
2310 5456 2470 5514 Psal.
2501 5473 2693 5527 LXXXI,
2722 5462 2773 5515 6.
2852 5458 2895 5494 ‘7
2938 5461 3089 5515 Dan.
3121 5474 3240 5529 xm,
3275 5461 3330 5515 4.

538 5518 758 5600 ﬁnal};
784 5534 917 5600 31V;
933 5521 1025 5577 26-
1060 5518 1148 5556 "0
1191 5522 1393 5600 Matth.
1433 5540 1531 5599 vn,
1565 5527 1622 5584 3.
1698 5525 1744 5564 δι
1780 5518 1982 5587 Matth.
2033 5518 2167 5600 ix",
2207 5532 2263 5587 3.

3170 5389 3411 5444 “Joan.
3437 5402 3501 5456 ιι,
3540 5390 3627 5442 15.
3713 5386 3762 5419 ⁸³
3784 5388 3964 5441 Num.

3412 5458 3458 5493 ⁴⁸
3487 5461 3505 5514 t
3535 5459 3680 5528 Reg.
3709 5470 3851 5527 xvn,
3876 5458 3963 5512 34.

2339 5530 2388 5567 δι
2427 5529 2604 5589 Hebr.
2643 5545 2763 5601 xui,
2808 5534 2892 5588 17.
2969 5530 3018 5566 ⁵³
3045 5531 3215 5590 Joan.
3261 5545 3344 5602 x1,
3377 5532 3465 5588 49.
3545 5529 3594 5566 ⁵ε
3629 5530 3697 5586 ιν
3726 5529 3874 5602 Reg.
3906 5543 3963 5598 ιι,
