4028 6308
59 312 158 371 329
1571 298 1955 377 EPISTOLE.
3343 323 3451 397 336

58 437 433 511 patientiam
485 430 792 515 explodet,
823 436 1050 514 quibus
1071 430 1242 529 nulla
1268 431 1386 497 alia
1402 437 1557 498 ratio
1586 454 1687 498 ea-
1716 445 1768 501 Α
1794 457 1927 500 cem
1964 438 2228 515 egissent
2266 430 2624 519 interpellat,
2653 444 2723 504 ut
2748 446 2971 508 cuncta
2996 454 3358 529 reconciliet,
3391 463 3452 520 et

61 542 193 584 rum
231 544 411 602 quas
462 544 628 587 nunc
683 529 923 602 agimus
970 527 1386 587 celebritatum
1415 529 1686 601 exsistat,
1794 530 1858 588 in
1877 545 2070 588 unum
2099 532 2437 590 concordia:
2474 534 2788 593 vinculum
2834 543 3059 610 cogat:
3115 543 3222 617 qui
3249 550 3309 605 et
3333 527 3450 607 nos

60 631 245 688 quam
272 616 479 689 longa
502 618 607 678 illa
636 619 846 677 Christi
888 618 1203 677 tolerantia
1226 620 1409 692 atque
1437 618 1685 712 lenitas,
1793 619 1858 676 in
1882 634 2006 677 uno
2032 619 2242 694 spiritu
2270 637 2516 697 unoque
2549 623 2758 683 animo
2805 616 3269 705 coagmentans,
3295 635 3451 712 idip—

60 720 177 777 qua
205 705 462 765 nedum
509 709 757 782 patitur,
802 708 1034 783 fertque
1063 706 1454 781 impertubati
1499 705 1688 766 animi
1796 725 1933 767 sum
1961 726 2173 785 sapere
2200 716 2383 787 atque
2408 713 2609 773 dicere
2633 715 2970 775 secundum
3018 720 3316 783 Christum
3360 705 3451 788 in-

60 794 355 855 ﬁrmitate
387 798 747 871 turpissima
792 802 988 872 sputa,
1020 796 1297 866 verbera,
1327 797 1559 873 alapas,
1586 811 1687 856 ve-
1795 798 1997 859 ducat.
2024 800 2143 875 Ipsi
2161 800 2353 875 gloria
2379 802 2444 861 in
2471 803 2697 864 saecula
2717 804 3098 868 saeculorum.
3124 814 3335 873 Amen.

58 898 191 940 rum
220 886 428 944 etiam
459 889 652 946 Deum
680 903 753 946 ac
780 887 1043 957 Patrem,
1066 902 1180 962 pro
1203 886 1276 945 iis
1308 887 1416 962 qui
1450 888 1514 947 in
1554 903 1691 947 cru-

57 1071 2845 1099 Ἢ

803 1262 1683 1396 MICHAELIS
1788 1264 2728 1408 ACOMINATI

1472 1519 2055 1617 CHONIATZE

570 1724 922 1795 EPISTOLE
957 1734 1054 1792 AD
1091 1729 1536 1792 EUSTATHIUM
1573 1732 2294 1800 THESSALONICENSEM
2327 1741 2959 1807 ARCHIEPISCOPUM.

314 2018 393 2077 A'.
425 2025 515 2093 Τῷ
538 2018 950 2091 Θεσσαλονίκης,
977 2015 1122 2095 κνρῷ
1145 2016 1444 2091 Εὐσταθίῳ.

1792 2020 1833 2076 l.
1864 2018 2120 2080 Domino
2137 2021 2475 2097 Eustathio,
2510 2028 2950 2091 Thessalanic‘és
2978 2014 3443 2110 ανεΙιίεριζςοοροι

129 2126 303 2198 Ὤμοι
337 2126 445 2199 ἐγώ
475 2127 488 2184 !
537 2132 590 2181 τί
626 2132 1027 2190 neritos-miro;
1077 2125 1307 2203 ὑπερῥύη
1345 2129 1555 2199 χρόνος,
1592 2128 1675 2179 καὶ

1860 2126 1945 2182 Me
1968 2126 2255 2187 miserum
2283 2130 2296 2187 ι
2329 2136 2626 2204 quantum
2652 2137 2892 2211 tempus
2919 2136 3200 2213 elapsum
3228 2145 3339 2208 est,
3371 2157 3447 2200 ex

64 2222 295 2292 γράμμα
317 2226 415 2281 τῆς
447 2226 551 2279 σῆς
587 2218 682 2272 οὐκ
710 2216 968 2292 ἐδεξάμην
993 2218 1287 2290 ἁγιότητος,
1320 2221 1675 2291 μακαριώτατι

1787 2226 1915 2302 quo
1931 2214 2247 2302 epistolam
2272 2234 2310 2277 a
2332 2222 2647 2281 sanctitate
2677 2227 2782 2282 tua
2805 2240 2927 2283 non
2951 2228 3322 2302 accepi,quee
3345 2245 3446 2289 me

67 2303 326 2378 δέσποτα,
353 2307 419 2360 ἶν’
461 2307 692 2382 ἀκριϐῶς
717 2305 937 2378 εἰδείην,
958 2309 1094 2368 ὅπως
1121 2310 1350 2366 ἣνυσταί
1380 2325 1465 2360 σοι
1492 2308 1558 2359 τὰ
1586 2312 1675 2368 τῆς

1786 2297 1864 2354 de
1900 2299 2107 2358 itinere
2138 2307 2243 2362 tuo
2273 2309 2332 2363 et
2357 2306 2421 2364 in
2449 2309 2665 2368 urbem
2695 2297 3148 2373 Thessalonices
3179 2297 3478 2375 adventu‘

67 2393 404 2469 ὁδοιπορίας,
431 2398 571 2460 ὅπως
599 2396 652 2461 ἐς
688 2402 786 2457 την
816 2394 1239 2452 Θεσσαλονικέων
1293 2393 1481 2469 ἀφίκου
1507 2412 1521 2465 ;
1561 2399 1675 2454 M73”-

1786 2388 2099 2448 certiorem
2136 2391 2378 2452 faceret.
2433 2396 2605 2457 Nunc
2660 2399 2811 2458 forte
2869 2401 3033 2473 urbs,
3078 2418 3290 2461 recens
3336 2404 3446 2464 tibi

65 2487 176 2538 ποτ’
199 2488 235 2546 ἦ
276 2490 689 2559 νυμφευσαμένη
720 2505 778 2540 σε
806 2485 956 2548 πόλις
984 2485 1117 2545 αὕτη
1143 2487 1279 2538 κατὰ
1306 2487 1399 2547 τὰς
1432 2483 1675 2558 βαρυζή-

1782 2481 1995 2551 nupta,
2027 2495 2197 2539 more
2230 2482 2598 2545 feminarum
2636 2503 2773 2562 quae
2797 2489 3098 2566 zelotypia
3123 2498 3442 2566 vexantur,

71 2570 187 2637 λους
210 2583 319 2628 τῶν
344 2583 614 2647 γυναικῶν
643 2576 737 2629 οῦκ
777 2574 1018 2647 ἀνέχεται
1046 2572 1445 2649 ἕπεο-τρέφεσθαι
1472 2591 1530 2625 σε
1552 2574 1679 2648 πρὸς

66 2668 154 2723 τήν
185 2669 600 2719 Κωνσταντίνοα
627 2669 724 2724 τὴν
774 2659 1056 2738 βασιλίδα,
1105 2665 1224 2716 οὔτε
1251 2666 1353 2736 μὴν
1400 2660 1678 2725 ἐπιστολὰς

69 2753 168 2805 οἷον
200 2752 540 2826 geumatis,
584 2751 691 2807 ἀλλ’
724 2752 890 2815 αὐτῆς
913 2751 1027 2806 ὅλον
1060 2760 1209 2822 εἶναι,
1236 2754 1328 2805 καὶ
1351 2754 1521 2804 πάντα
1547 2747 1678 2824 τῇδε

68 2843 435 2918 χαρίζεσθαις
468 2842 540 2897 Ἤ
569 2849 725 2897 τοῦτο
762 2845 853 2916 μεν
891 2842 1022 2915 οὐχί
1045 2858 1058 2873 ·
1086 2845 1182 2896 οἴει
1208 2837 1289 2910 δὲ,
1312 2842 1484 2915 ὥσπερ
1514 2839 1677 2894 τᾶλλα

69 2939 152 2984 τοῦ
169 2937 441 3006 παρόντος
456 2933 664 2985 ἄπιστα
677 2939 884 3006 καιροῦ,
901 2932 1035 2984 οὕτω
1058 2935 1149 2984 καὶ
1169 2934 1228 2983 τό
1248 2935 1367 3004 περὶ
1390 2932 1447 2984 σε
1466 2929 1674 3003 φίλτρον

71 3018 155 3072 r52
190 3016 451 3094 ἔμπεδον,
480 3026 572 3074 καὶ
589 3025 735 3095 παρὰ
760 3028 913 3091 τοῦτο
942 3017 1056 3074 οὐδ’
1088 3019 1244 3082 αὐτὸς
1272 3018 1456 3080 ἆθέλεις
1485 3018 1674 3093 φυλάτο

66 3127 161 3161 τειν
188 3112 386 3186 θερμόν
411 3114 505 3164 τόν
534 3108 794 3186 ἀντέρωτα
817 3126 833 3177 ;
874 3108 1009 3163 Ἀλλ’
1041 3109 1136 3162 οὐκ
1162 3111 1277 3162 ἔστι
1296 3116 1466 3176 τοῦτο,
1499 3107 1559 3160 οὐ
1597 3110 1675 3181 μὰ

68 3202 153 3257 τὴν
181 3204 283 3258 σὴν
327 3201 477 3275 ἱεράν
503 3200 749 3273 κεφαλήν.
782 3198 987 3253 Μᾶλλον
1016 3201 1107 3272 μὶν
1144 3195 1233 3252 οὖν
1260 3204 1349 3251 νῦν
1371 3199 1422 3251 οἱ
1457 3199 1674 3251 ποθοῦν·

67 3306 141 3350 τις
163 3287 323 3342 πλέον
363 3297 440 3361 τῷ
492 3290 639 3360 πόθῳ
669 3290 950 3362 κάμνουσι,
997 3292 1231 3362 παρόσον
1259 3295 1322 3361 τῇ
1381 3285 1674 3349 ἆποστάτες

67 3376 199 3430 alio:
231 3386 307 3450 τῷ
334 3379 488 3448 πόθῳ
518 3381 801 3451 κάμνουσι,
854 3379 1088 3452 παρόσον
1125 3386 1189 3450 τῇ
1223 3375 1516 3430 ἀποστάσει
1544 3396 1673 3451 μαν-

66 3470 327 3537 ϐαίνουσιν,
356 3470 465 3522 οἷον
492 3471 696 3542 ἔχοντες
735 3467 933 3540 ἀγαθόν
963 3466 1233 3523 ἐλάνθανον
1281 3467 1492 3528 ἑαυτούς
1512 3487 1528 3502 ·
1563 3465 1670 3520 ἐπεὶ

64 3562 142 3610 καὶ.
163 3558 368 3629 θαῖλψις
393 3557 667 3628 ἡλίου,καί
691 3558 862 3630 ὑγεία,
892 3561 978 3612 καὶ
1009 3558 1147 3611 ἅπαν
1174 3555 1330 3610 καλὸν
1349 3560 1464 3610 τότε
1478 3555 1669 3630 μᾶλλον

70 3648 413 3720 θαυμάζεται,
437 3649 595 3707 ἡνίκα
623 3644 795 3721 βαρὺς
825 3646 1128 3719 ἐμπεσεῖται
1146 3650 1368 3720 χειμὼν,
1408 3652 1498 3700 καὶ
1517 3651 1670 3709 νόσος

69 3734 343 3811 ιὶσγθαρῇ,
385 3742 478 3789 καὶ
506 3738 575 3788 τὰ
599 3745 697 3798 τῆς
727 3734 957 3799 ἐναντίας
996 3734 1122 3799 ὅλως
1148 3740 1463 3808 συστοιχίας
1502 3734 1669 3788 abru-

71 3826 268 3899 5219;.
329 3824 486 3877 Οὕτω
541 3830 634 3878 καὶ
666 3825 936 3884 Ἀθηναῖοι
984 3826 1259 3899 Σωκράτην
1316 3827 1524 3898 ἕχοντες
1576 3827 1669 3897 μὶν

68 3910 397 3977 ἐϐάσκαινον,
428 3917 561 3987 μετὰ
586 3911 646 3968 δὲ
672 3918 769 3973 τήν
803 3913 992 3967 κύλικα
1027 3916 1093 3975 ὡς
1127 3915 1283 3986 σοφόν
1326 3912 1620 3987 ἐθαύμαζον
1650 3929 1667 3944 ⁶

70 4009 146 4056 καὶ
190 4005 323 4078 ὅπερ
350 3999 555 4077 ᾔδεσαν
594 4004 800 4076 ἔχοντες
830 4000 1044 4075 ἀγαθόν,
1087 4008 1242 4056 τοῦτο
1271 4000 1667 4076 ἀποϐαλόμενοι,

72 4089 285 4145 ἐπόθουν
317 4089 748 4164 ἀνακαλούμενοι.
776 4098 877 4144 Σοῦ
916 4087 975 4144 δὲ
1002 4094 1092 4143 καὶ
1134 4094 1382 4166 πρότερον
1409 4095 1673 4165 περιειχό-

74 4182 216 4250 pm,
259 4184 359 4232 καὶ
410 4186 502 4232 νῦν
550 4182 628 4232 ἔτι
685 4178 876 4253 μᾶλλον
922 4180 1172 4239 ποθήσειν
1211 4177 1501 4253 ὶμέλλομεν.
1527 4179 1672 4233 Ἐπεὶ

75 4272 240 4321 τοίνυν
273 4271 421 4341 ἔχεις
448 4270 630 4340 μαθὼν
669 4272 763 4327 την
804 4273 924 4342 περὶ
954 4271 1012 4321 σὲ
1037 4274 1126 4320 νῦν
1163 4266 1384 4321 ἐνταῦθα
1412 4262 1673 4333 διάθεσιν,

79 4352 356 4425 ἐπίστελλε,
389 4360 678 4429 σοφώτατε.
728 4363 911 4412 Φιῖσαι
961 4355 1134 4430 κάμοῦ
1173 4353 1674 4432 διατεθρυλλημένου

76 4447 130 4497 τὰ
148 4443 261 4505 ὦ·εὴ
292 4448 445 4520 παρὰ
471 4453 572 4499 τῶν
596 4447 988 4521 πυνθανομένων
1011 4449 1079 4501 τὰ
1103 4450 1219 4525 περὶ
1250 4452 1367 4502 σοῦ.
1391 4448 1672 4521 Διατηροίη

79 4551 127 4587 σε
149 4538 287 4599 Θεὸς
309 4534 693 4610 πολυχρόνιόν.

317 4639 391 4697 Β’.
416 4648 501 4713 Τῷ
531 4641 944 4712 Θεσσαλονίκης,
966 4650 1109 4717 κυρῷ
1131 4642 1430 4716 Εὐσταθίῳ.

1782 2579 1911 2623 non
1938 2566 2046 2625 tibi
2073 2572 2361 2642 permittit
2382 2574 2590 2633 oculos
2631 2577 2695 2634 in
2742 2579 3117 2638 Constantini
3168 2583 3445 2655 reginam

1783 2661 2146 2727 convertere,
2177 2660 2405 2720 nedum
2425 2678 2612 2737 poma
2636 2665 2856 2724 favoris
2899 2669 2953 2726 ei
2980 2669 3212 2729 mittere
3237 2671 3291 2728 ei
3327 2672 3440 2731 soli

1781 2744 1959 2836 unice
1981 2745 2294 2807 deditum?
2312 2754 2523 2810 Nonne
2551 2758 2643 2812 est
2669 2755 2752 2814 ita
2766 2757 2794 2814 ?
2823 2758 2897 2815 At
2915 2757 2990 2816 de
3010 2760 3266 2832 perﬁdia
3293 2776 3441 2836 que-

1780 2832 1969 2902 ritur;
2019 2839 2074 2893 te
2124 2837 2327 2910 ipsum
2376 2840 2795 2902 inconstantius
2835 2847 2899 2904 in
2928 2863 3136 2907 amore
3165 2832 3436 2911 accusat.

1781 2923 1846 2978 In
1895 2938 2018 2996 quo
2050 2924 2298 2999 fallitur,
2328 2943 2437 3002 per
2464 2946 2705 2990 sacrum
2734 2938 2907 2992 tuum
2936 2938 3156 3011 caput!
3207 2943 3439 2999 Interea

1779 3016 1984 3069 autem
2010 3014 2189 3071 amici
2210 3016 2294 3073 tui
2314 3017 2612 3077 desiderio
2626 3020 2938 3092 laborant;
2962 3040 3036 3082 ex
3054 3025 3247 3084 oculis
3272 3028 3437 3087 enim

1781 3100 2089 3159 sublatum
2140 3107 2196 3161 te
2246 3120 2602 3180 recuperare
2629 3111 2911 3181 gestiunt.
2947 3113 3040 3171 Sic
3069 3114 3178 3187 sol,
3218 3116 3304 3175 sic
3342 3132 3438 3176 sa-

1778 3191 1936 3248 nitas
1964 3196 2093 3249 tum
2122 3194 2376 3251 maximi
2427 3197 2731 3270 penditur,
2757 3199 2863 3258 ubi
2890 3201 3085 3260 hiems
3113 3204 3289 3276 dura,
3329 3211 3437 3268 aut

1779 3278 2030 3336 morbus
2049 3285 2154 3339 aut
2168 3282 2334 3340 aliud
2355 3285 2585 3344 malum
2605 3289 3018 3365 quodcunque
3035 3293 3435 3369 irruperit.Sio

1701 3370 1743 3429 C
1777 3368 2170 3428 Athenienses
2228 3375 2531 3433 Socratem
2570 3377 3100 3441 calumniabantur
3133 3368 3435 3459 quamdiu

1778 3473 1920 3516 cum
1947 3459 2022 3517 iis
2049 3460 2328 3534 vivebat;
2360 3479 2595 3523 veneno
2631 3466 2924 3543 absorpta
2949 3473 3169 3531 mortui
3196 3475 3434 3550 sapien-

1775 3548 1925 3639 tiam
1949 3549 2014 3639 in
2059 3551 2279 3610 coelum
2304 3552 2614 3627 tollebant,
2644 3561 2703 3615 et
2729 3559 2928 3618 virum
2958 3566 3135 3621 antea
3160 3548 3432 3639 spretum

1776 3653 1851 3697 ex
1894 3638 2106 3698 intimo
2136 3642 2341 3699 animo
2386 3643 2728 3704 desiderare
2776 3663 2902 3707 non
2944 3638 3279 3712 cessarunt.
3311 3659 3432 3715 Nos

1776 3744 2020 3802 quoque
2051 3746 2321 3789 amorem
2358 3749 2483 3807 quo
2529 3738 2585 3792 te
2625 3752 2865 3812 semper
2893 3742 3155 3815 amplexi
3193 3760 3429 3817 sumus,

1775 3816 1838 3873 in
1866 3818 2044 3875 nobis
2059 3820 2281 3892 jugiter
2309 3836 2572 3880 crescere
2599 3825 2912 3884 sentimus.
2939 3831 3108 3888 Nunc
3135 3816 3433 3907 igitur,vir

1778 3907 2239 3981 sapientissime,
2281 3926 2422 3968 cum
2451 3917 2507 3969 te
2562 3913 2718 3971 adeo
2746 3915 2914 3988 diligi
2952 3918 3144 3990 vides,
3182 3921 3430 3980 tandem

1777 3995 1955 4052 nobis
1985 3997 2273 4058 rescribe.
2305 4001 2504 4073 Parce,
2537 4016 2768 4075 quaeso,
2816 4005 3067 4064 auribus
3098 4008 3250 4066 meis
3276 4026 3433 4084 quas

1780 4083 2286 4160 circumstrepunt
2347 4087 2643 4148 clamores
2700 4108 2911 4152 eorum
2974 4096 3081 4170 qui
3119 4083 3433 4172 quomodo

1779 4173 2483 4302 valeas'perscrutantur.
2514 4181 2672 4240 Deus
2698 4185 2755 4242 te
2778 4187 3056 4260 protegat
3080 4203 3190 4263 per
3209 4190 3433 4254 multos

1783 4277 2001 4321 8.111108!

1786 4636 1857 4695 II.
1886 4639 2140 4698 Domino
2165 4639 2952 4723 Eustathiomrchieptscopo
2972 4650 3433 4720 Thessalonica.

135 4745 427 4823 Εὐδαίμων
459 4749 604 4813 οὗτος
633 4748 784 4826 ἀνὴρ,
813 4738 979 4805 καὶεί
1031 4770 1115 4813 τις
1170 4749 1340 4814 ἄλλος.
1381 4747 1552 4805 Πάλαι
1587 4750 1675 4824 μὶν

1857 4746 2216 4807 Fortunatus
2242 4749 2412 4809 hicce
2459 4752 2553 4811 vir
2607 4753 2763 4814 inter
2790 4771 3030 4821 omnes.
3067 4763 3235 4822 Prius
3276 4767 3439 4825 enim

78 4844 158 4900 τῆς
182 4842 316 4911 πρὸς
341 4842 437 4897 τὴν
467 4844 564 4898 σὴν
609 4839 867 4913 ἁγίότητα
915 4842 1188 4902 συνηθείας
1224 4842 1382 4914 ἔσχεν
1420 4841 1675 4914 εὐτυχῶς,

81 4932 343 4999 σοφώτατε
375 4922 613 4980 δέσποτα
642 4943 657 4958 ·
717 4924 832 4982 εἶτα
884 4924 936 4983 δ’
974 4928 1060 4983 ἂπὶ
1096 4934 1287 5006 χρόνον
1316 4930 1434 4982 τινὰ
1468 4936 1561 4983 τοῦ
1590 4933 1681 4983 καὶ

82 5011 318 5088 ἀγγέλοις
378 5014 557 5080 αὐτοῖς
602 5013 885 5093 αἰδεσίμου
924 5023 1211 5093 προσώπου
1260 5016 1505 5088 διαστὰς,
1533 5019 1682 5081 αὖθις

79 5108 162 5164 τήν
230 5103 490 5176 αὐτο-,θίαν
540 5102 699 5160 τοῦδε
763 5110 903 5161 κατὰ
959 5109 1092 5161 θεῖον
1131 5106 1428 5182 ηὐτύχησε,
1473 5111 1683 5185 σκιερὰν

83 5189 125 5245 δ’
169 5196 273 5248 ὑπὸ
330 5197 520 5268 φηγὸν,
564 5193 736 5250 ἀελίου
794 5199 1098 5273 φρύγοντος,
1137 5195 1418 5275 ὁδοιπόρος
1460 5195 1682 5275 ἔδραμεν

84 5284 137 5344 ὥς
174 5303 276 5347 τις.
308 5290 466 5358 Ἡμῖν
510 5280 571 5339 δέ
610 5292 717 5348 τοῖς
746 5292 867 5361 περὶ
910 5295 1003 5341 τοῦ
1061 5294 1156 5341 σοῦ
1180 5289 1346 5342 πόθου
1394 5289 1681 5362 κάμνουσιν

86 5367 351 5445 ἀμήχανον
396 5376 458 5426 τὸ
512 5369 704 5443 δεινόν,
734 5375 824 5436 ἕως
857 5376 884 5428 ό
930 5376 1050 5430 καθ’
1094 5379 1234 5451 ἡμᾶς
1284 5380 1349 5430 σὺ
1400 5380 1555 5450 μόνος
1601 5377 1682 5440 ζέ-

85 5481 228 5535 ουρος
286 5467 387 5521 τὴν
437 5465 530 5536 μὲν
591 5468 691 5523 σὴν
728 5461 1122 5540 πανευδαίμονα
1151 5466 1542 5525 Θεσσαλονίκην
1574 5469 1683 5530 εἴης

88 5560 372 5627 περιηχῶν,
405 5553 549 5626 ἡμᾶς
597 5549 649 5606 δ’
688 5552 863 5607 οὐκέτι
920 5554 1172 5629 ζωογόνον
1225 5559 1537 5632 περιπνέοις,
1590 5562 1681 5612 καὶ

86 5640 137 5695 τό
161 5641 358 5701 λυποῦν
410 5642 549 5697 ἅπαν
606 5640 911 5719 ἀναψύχοις
965 5647 1032 5712 ὡς
1072 5650 1342 5723 ποότερον.
1370 5637 1501 5708 Εἶτα
1534 5650 1678 5714 τίνας

362 5736 616 5796 Ρλτειοι.
658 5734 762 5795 Gn.
801 5736 955 5800 CXL.

1789 4835 1844 4894 ei
1894 4851 2034 4894 cum
2083 4838 2396 4898 sanctitate
2447 4845 2551 4900 tua
2596 4843 2796 4904 vivere
2825 4850 3091 4923 contigit,
3120 4868 3284 4911 nunc
3335 4871 3439 4913 au-

1788 4929 1910 4985 tem
1932 4931 2263 5001 postquam
2293 4929 2494 4988 vultus
2515 4932 2602 4990 tui
2643 4933 2795 5009 ipsis
2824 4939 3053 5011 angelis
3079 4944 3441 5003 venerabilis

1789 5020 2036 5089 aspectu
2053 5030 2163 5091 per
2180 5022 2423 5093 tempus
2444 5020 2693 5097 aliquod
2720 5026 2992 5099 privatus
3014 5028 3304 5101 fuisset,te
3323 5034 3443 5093 for-

1788 5110 1939 5165 tuna
1961 5106 2048 5164 sic
2070 5107 2329 5200 volente,
2344 5109 2546 5171 denuo
2572 5115 2904 5189 aspiciendi
2924 5118 3163 5193 copiam
3183 5122 3443 5200 adeptus

1790 5199 1897 5270 est,
1947 5200 2014 5255 ut
2038 5211 2148 5270 per
2179 5198 2407 5258 calores
2436 5203 2676 5261 aestivos
2702 5205 2899 5264 viator
2946 5207 3011 5265 in
3045 5208 3170 5284 fagi
3224 5198 3446 5279 unibra

1789 5285 2058 5383 quietem
2103 5287 2274 5383 petit.
2326 5292 2446 5348 Nos
2477 5297 2701 5362 autem,
2750 5294 2837 5353 tui
2885 5295 3180 5359 desiderio
3222 5310 3442 5383 vexati,

1790 5376 1959 5434 omni
1982 5372 2115 5448 jam
2148 5377 2446 5438 solamine
2497 5383 2721 5455 privati
2769 5400 3002 5460 sumus,
3058 5404 3132 5448 ex
3185 5408 3306 5466 quo
3359 5372 3447 5471 tu,

1789 5481 1915 5540 quo
1941 5479 2066 5523 uno
2102 5467 2372 5542 zephyro
2403 5470 2845 5544 gaudebamus,
2876 5474 3159 5538 dilectam
3211 5467 3450 5546 habitas

1789 5555 2274 5632 Thessalonicen,
2302 5558 2598 5634 nihiljam
2616 5561 2795 5621 nobis
2820 5566 3100 5641 aspirans
3117 5571 3448 5638 lenimenti.

1788 5646 1880 5710 Ad
1917 5659 2100 5725 quos,
2135 5648 2256 5754 nisi
2303 5648 2386 5717 ad
2434 5664 2571 5729 ηοξ,
2623 5654 3073 5724 calamitatibus
3101 5678 3451 5812 1cippressos
