4028 6308
587 301 695 367 331

1466 296 1839 355 MICHAELIS
1873 297 2257 355 ACOMINATI
2292 296 2722 355 ATHENARUM
2758 294 3077 356 ARCHIEP.

3892 299 4028 356 33$

586 421 780 480 verba
813 418 1020 495 aliqua
1046 419 1449 481 consolatorie
1497 421 1768 479 miseris?
1796 423 1990 488 Quam
2043 421 2229 492 regio-

2342 421 2465 496 παρ’
2514 424 2653 494 ἡμᾶς
2713 424 2780 484 ὡς
2845 423 3342 497 ὑπερεκκαιομένους
3392 427 3539 497 ἡμῶν
3594 426 3623 477 6
3669 424 4028 497 συμπαθὴς

587 528 754 580 nem,
781 510 899 568 nisi
922 515 1192 567 nostram
1222 510 1361 580 igne
1378 510 1711 579 ardentem,
1728 512 1924 581 magis
1953 516 2234 568 vexatam

586 600 832 673 ignibus
842 598 1165 672 appellaris
1178 614 1363 671 quam
1384 599 1846 657 Thessalonicen
1858 600 1887 656 ξ’
1912 599 2233 673 Liquefacti

585 705 700 747 nos
744 703 993 761 prorsus
1021 687 1210 744 nimio
1234 686 1453 758 calore,
1483 688 1546 744 in
1570 689 1831 745 cinerem
1868 688 2231 759 redigemur,

583 776 832 851 quando
862 775 1128 849 epistolis
1166 776 1286 833 tuis
1314 776 1470 834 ultra
1504 777 1719 850 privati
1756 778 1999 835 erimus.
2033 780 2078 834 Ο
2134 793 2235 834 me

579 864 903 922 miserum!
938 865 1224 931 Quamvis
1262 865 1423 922 enim
1461 867 1727 922 Euxinus
1755 866 2005 923 boream
2027 866 2233 923 laetum

579 956 758 1012 mittit
793 970 916 1027 quo
974 958 1098 1011 tota
1141 955 1309 1026 regio
1359 954 1707 1025 refrigescit.
1738 956 1980 1011 animus
2026 962 2233 1012 tamen

578 1044 729 1101 mihi
754 1044 836 1101 ob
865 1044 1195 1100 sanctitatis
1244 1049 1362 1100 tute
1413 1044 1752 1101 absentiam
1781 1046 1919 1114 igne
1947 1045 2233 1100 inexstin-

579 1133 792 1205 guibili
844 1133 1188 1189 devoratur.
1223 1132 1407 1190 Crede
1445 1133 1594 1189 mihi
1632 1151 1645 1188 :
1692 1134 1926 1206 quoties
1956 1134 2231 1189 animum

577 1238 836 1281 maerore
858 1236 1220 1295 oppressum
1246 1221 1515 1279 relaxare
1544 1222 1758 1294 cupio;
1789 1223 2024 1295 quoties
2059 1222 2135 1279 de
2159 1222 2230 1278 iis

577 1327 717 1386 quin
746 1310 900 1367 inter
926 1310 1253 1388 legendum
1310 1310 1514 1367 minus
1556 1310 1712 1368 bene
1755 1309 2226 1383 comprehendo,

577 1417 719 1458 cum
747 1400 944 1457 amico
971 1399 1173 1472 aliquo
1200 1399 1368 1472 loqui
1395 1399 1552 1470 volo,
1573 1400 1803 1456 vicinos
1827 1400 2096 1471 quidem,
2121 1400 2228 1455 sed

575 1490 800 1546 frustra
822 1504 1048 1562 quaero.
1084 1487 1238 1553 Quid
1264 1487 1490 1557 igitur?
1532 1488 1621 1543 Ad
1649 1503 1943 1558 magnum
1984 1489 2228 1547 Thessa-

573 1577 800 1634 lonices
824 1581 1133 1649 pastorem
1182 1574 1390 1632 oculos
1421 1581 1725 1641 converto,
1756 1581 1812 1632 et
1841 1578 2071 1632 Patrem
2102 1578 2223 1649 spi-

571 1664 869 1734 ritualem,
902 1662 1360 1729 consolatorem,
1389 1663 1816 1731 consiliarium,
1847 1664 1909 1719 in
1939 1664 2223 1720 omnibus

2343 509 2492 563 ἐλεεῖν
2530 512 2762 583 ἔγραφες,
2816 512 2847 571 ἦ
2888 516 3006 564 τίνα
3067 515 3209 585 παρά
3246 516 3315 565 τὰ
3357 514 3475 566 καθ’
3514 515 3650 586 ἡμᾶς
3701 517 4028 586 πυρφόρα

2343 597 2538 661 ἐκάλεις
2594 600 2840 672 κλίματα,
2901 601 2971 660 ὡς
3021 609 3113 653 τοῦ
3170 604 3308 654 κατά
3370 602 3763 664 Θεσσαλονίκης
3828 621 4028 653 καυ-

2342 685 2757 762 ματωδέστερας
2816 688 2991 760 Ἡμεῖς
3049 710 3130 742 τοι
3194 689 3289 742 κᾶν
3364 688 3687 753 διατακέντες
3762 690 4028 748 0.9617-

2342 796 2454 848 μεν,
2497 777 2593 829 κᾶν
2648 778 2719 839 εἰς
2769 776 2955 850 τέφραν
3006 778 3444 853 ἁπηθαλώθημεν,
3475 781 3519 833 εἰ
3564 786 3636 853 μὴ
3683 782 4020 855 γραμμά-

2341 884 2442 918 των
2500 870 2681 941 αὔραις
2718 865 2961 939 έζώγρεις
3015 866 3356 931 ἐκλείποντας.
3403 868 3475 921 Ὠ
3514 869 3647 942 μοιῙ
3690 875 3799 922 Καὶ
3865 870 4014 941 γὰρ

2343 954 2387 1008 εἰ
2435 954 2670 1027 λαμπρόν
2720 954 3009 1030 ἀπαρκτίαν
3062 959 3087 1008 6
3138 957 3374 1019 Εὔξεινος
3429 960 3662 1029 κατάγει,
3730 963 3847 1009 καὶ
3930 961 4011 1009 τὸ

2339 1047 2585 1115 περιέχον
2646 1043 2955 1117 περιψύχει,
3016 1053 3121 1117 πῦρ
3197 1042 3248 1098 δ’
3305 1046 3429 1099 ἄλλο
3492 1048 3808 1118 ύπονίμεται
3918 1049 4011 1097 τὰ

2340 1131 2620 1203 οπλάγχνα
2659 1134 2962 1207 θερμότερον
3014 1129 3107 1185 διὰ
3144 1138 3201 1185 τὸ
3260 1143 3357 1195 τῆς
3409 1135 3700 1206 ἁγιωσύνης
3734 1131 4009 1191 ἀπόδη-

2338 1240 2454 1292 μον.
2500 1225 2585 1279 Μή
2618 1239 2708 1292 μοι
2739 1217 3129 1294 διαπιστήσης.
3166 1226 3352 1276 Εῖποτε
3383 1221 3669 1297 βουλοίμην
3707 1232 4007 1275 κενῶσαι

2335 1317 2429 1371 τῆς
2464 1308 2649 1381 ψυχῆς
2686 1313 2745 1361 τό
2800 1310 3137 1383 λυπούμενον,
3181 1308 3287 1370 ἤδη
3337 1315 3548 1383 γεγονός
3585 1311 3999 1386 ύπεραντλών,

2336 1399 2367 1457 ἦ
2422 1407 2521 1451 τῶν
2578 1397 2991 1471 ἀνεγνωσμένων,
3049 1403 3150 1452 ὅσα
3199 1406 3556 1474 προσίσταταί
3613 1421 3722 1473 μοι,
3806 1404 4003 1474 πρὸς

2335 1489 2799 1560 ἐπιστατικῶτερον
2849 1487 3305 1541 ἀνακοινωσασθαι
3368 1498 3505 1557 νοῦν,
3569 1491 3599 1548 ἡ
3669 1492 3995 1542 πυθέσθαι

2333 1597 2403 1638 τι,
2448 1576 2478 1635 ἦ
2525 1575 3036 1648 ξυμϐουλεύσασθαι,
3076 1583 3166 1630 καὶ
3213 1575 3319 1631 ὦδε
3368 1578 3579 1632 κάκεῖσε
3624 1587 3686 1651 τῇ
3720 1575 3995 1651 διανοίᾳ

2331 1664 2762 1740 περικλεψάμενος
2791 1662 2979 1717 οὐδένα
3034 1667 3158 1740 ὁρῶ,
3208 1676 3544 1743 παραχρῆμα
3597 1666 3645 1729 ές
3693 1671 3782 1719 τὸν
3859 1672 3984 1739 μέ-

573 1752 989 1811 auxiliatorem
1035 1767 1176 1807 cum
1238 1750 1462 1807 ﬁducia
1511 1752 1753 1809 invoco.
1820 1753 1965 1808 Hinc
2018 1753 2221 1809 fumus

2330 1774 2427 1825 γαν
2488 1763 2587 1806 τῶν
2653 1753 3073 1807 Θεσσαλονικέων
3137 1760 3357 1828 ποιμένα
3422 1759 3521 1809 ύπὸ
3573 1764 3667 1818 τῆς
3703 1761 3986 1829 ποίμνης

568 1841 906 1913 gemituum
952 1856 985 1896 e
1032 1844 1271 1912 pectore
1322 1840 1656 1896 ascendens
1690 1840 1892 1910 ignem
1922 1842 2081 1896 intus
2128 1858 2219 1897 ar-

567 1932 812 1989 dentem
856 1933 1121 1996 accusat,
1149 1929 1254 2000 qui
1300 1929 1563 2001 epistolis
1612 1932 1729 1985 tuis
1783 1929 2217 2003 aliquantisper

563 2019 802 2086 lenitur,
844 2031 1164 2089 nunquam
1213 2031 1357 2073 vero
1395 2017 1574 2089 plane
1630 2018 2043 2087 exstinguitur.
2096 2019 2215 2075 Has

561 2108 847 2183 epistolas
914 2108 967 2162 si
1029 2106 1165 2180 quis
1225 2121 1299 2162 ex
1353 2106 1564 2164 ordine
1621 2111 2031 2180 componeret,
2083 2108 2215 2165 toti-

560 2198 702 2256 dem
731 2195 957 2268 gradus
985 2198 1235 2251 strueret
1281 2210 1389 2266 per
1416 2210 1572 2267 quos
1626 2200 1692 2251 tu
1737 2211 1849 2252 nos
1875 2195 2214 2252 consolatu-

557 2303 663 2345 rus
695 2283 1060 2343 descendere
1102 2283 1406 2353 dignaris;
1442 2288 1521 2355 tu,
1562 2285 1837 2357 inquam,
1872 2285 1978 2357 qui
2024 2285 2213 2342 maxi-

558 2391 694 2433 mas
721 2374 964 2430 virtutes
993 2371 1161 2428 omni
1194 2376 1463 2443 tempore
1500 2388 1777 2441 exerces;
1809 2374 2211 2446 quamobrem

560 2464 610 2520 si
655 2478 781 2519 non
836 2458 1191 2531 angelorum
1228 2460 1412 2516 choro
1440 2462 1880 2531 annumeraris,
1910 2467 1971 2518 at
1999 2462 2211 2519 saltem

559 2551 744 2626 paulo
796 2549 868 2606 iis
921 2547 1166 2605 inferior
1218 2547 1539 2604 habendus
1575 2564 1660 2617 es,
1699 2550 1927 2622 quippe
1964 2551 2066 2623 qui
2106 2567 2211 2623 per

558 2640 774 2698 eadem
813 2653 953 2694 cum
982 2636 1095 2692 illis
1140 2635 1367 2693 scalam
1416 2637 1693 2694 ascendis
1741 2654 1812 2695 ac
1863 2639 2207 2697 descendis.

557 2732 681 2801 Ego
709 2732 921 2784 contra
942 2726 1019 2782 de
1046 2724 1228 2782 rebus
1256 2727 1405 2782 meis
1448 2726 1777 2800 desperans
1804 2728 2093 2785 timebam
2134 2746 2210 2786 ne

560 2834 634 2875 ex
669 2816 859 2874 oculis
886 2814 1273 2871 Providentiae
1320 2815 1644 2888 abriperer,
1685 2817 1931 2887 ignarus
1970 2824 2024 2873 te
2062 2819 2209 2874 mihi

558 2907 840 2979 angelum
869 2905 1179 2961 custodem
1208 2904 1449 2961 fidelem
1474 2905 1748 2963 additum
1778 2923 1934 2973 esse,
1961 2909 2064 2979 qui
2085 2924 2209 2964 non

558 3002 814 3063 tantum,
874 2999 941 3051 ut
993 2994 1183 3067 prius,
1230 3009 1326 3050 res
1382 3010 1553 3050 meas
1610 2995 2090 3066 administrabat,
2147 2997 2211 3052 in

2330 1841 2608 1916 ἀνάγομαι,
2640 1847 2730 1895 καὶ
2772 1847 2957 1894 στένων
2997 1842 3356 1917 ἀνακαλοῦμαι
3401 1849 3487 1897 τὸν
3545 1848 3679 1897 κατά
3721 1854 3981 1917 πνεῦμα

2326 1937 2545 2006 πατέρα,
2588 1935 2675 1983 τὸν
2734 1934 3058 2002 καθηγητὴν,
3092 1936 3177 1985 τὸν
3227 1938 3547 2007 παρηγορον,
3602 1938 3688 1985 τὸν
3727 1932 3974 2004 ἀγαθὸν

2326 2020 2641 2093 σύμϐουλον,
2671 2023 2758 2072 τὸν
2806 2023 2852 2081 ἐς
2880 2020 3036 2087 ἅπαν,
3070 2020 3146 2093 ἔφ’
3177 2024 3278 2093 ὅτῳ
3333 2022 3395 2074 ἄν
3436 2041 3517 2084 τις
3560 2019 3749 2087 δέοιτο,
3818 2025 3975 2075 ἱκα-

2322 2115 2567 2164 νώτατον.
2627 2115 2726 2161 Καὶ
2779 2107 2862 2160 ἰπὶ
2908 2112 3111 2171 τούτοις
3173 2119 3465 2182 στεναγμοῦ
3504 2114 3696 2172 καπνὸς
3726 2108 3785 2162 ἐκ
3829 2120 3970 2162 τῶν

2325 2202 2544 2273 στέρνων
2613 2195 2961 2272 ἀναθρώσκων
3035 2203 3126 2251 καί
3189 2203 3248 2251 τὸ
3317 2200 3700 2272 ὑποτυφόμενον
3774 2197 3969 2252 ἔνδον

2322 2288 2693 2359 ὑποσημαίνων
2740 2292 2845 2359 πῦρ
2877 2299 2892 2314 ⁶
2949 2287 3071 2358 ὅπερ
3126 2289 3195 2347 ὡς
3247 2283 3343 2340 διά
3391 2307 3540 2340 τινων
3596 2289 3966 2361 σϐεστηρίων

2323 2375 2574 2449 ὀργάνων,
2639 2383 2738 2427 τῶν
2797 2381 2902 2426 σῶν
2957 2378 3300 2447 γραμμάτων,
3362 2376 3598 2449 ύπολέγει
3660 2381 3772 2449 μὲν,
3818 2376 3971 2430 ἀλλ’

2320 2463 2378 2515 ού
2435 2469 2525 2515 καὶ
2590 2465 2837 2538 παράπαν
2896 2462 3296 2522 ἀποσϐέννυται.
3348 2463 3417 2518 Ὦ.
3469 2468 3819 2539 γραμμάτων,
3920 2467 3969 2518 ἃ

2321 2549 2416 2604 διὰ
2466 2555 2525 2604 τό
2574 2560 2806 2623 συνεχῶς
2866 2551 2997 2603 ἄλλα
3063 2551 3141 2605 ἄπ’
3197 2552 3376 2617 ἄλλοις
3422 2554 3779 2629 ἁρμόττεσθαι
3843 2547 3971 2607 καὶ

2322 2642 2659 2693 συντίθεσθαι
2706 2637 2976 2712 βαθμίδας
3017 2641 3110 2693 οὐκ
3169 2641 3419 2715 ἀκόμψως
3450 2646 3562 2701 θείη
3588 2663 3670 2705 τις
3720 2641 3809 2711 ἂν,
3862 2640 3960 2697 δι’

2319 2730 2386 2780 ὧν
2451 2732 2581 2803 πρὸς
2638 2731 2883 2800 χθονίους
2936 2731 3074 2801 ἡμᾶς
3132 2732 3367 2783 καθιέναι
3416 2740 3771 2805 προνοητικῶς
3833 2733 3959 2785 οὐχ

2320 2814 2502 2885 ὀκνεῖς,
2535 2819 2561 2870 6
2599 2819 2691 2878 τὰς
2750 2816 3050 2888 ἀναγωγούς
3100 2827 3197 2869 τῶν
3239 2817 3429 2892 ἀρετῶν
3480 2819 3644 2872 πάλαι
3699 2825 3793 2874 καὶ
3837 2830 3953 2873 νῦν

2320 2906 2663 2979 ἀνερχόμενος
2694 2920 2708 2934 ·
2764 2908 2834 2967 ὡς
2872 2905 3117 2972 ἐντεῦθεν,
3152 2908 3196 2958 εἰ
3244 2913 3333 2960 καὶ
3375 2913 3447 2980 μὴ
3499 2916 3571 2978 τῷ
3623 2919 3775 2982 χορῷ
3826 2918 3953 2963 τῶν

2318 2995 2545 3067 ἀγγελῶν
2603 2994 2956 3059 ἐντάττεσθαι,
3020 2995 3142 3067 παρ’
3198 2994 3448 3068 ἀγγέλους
3505 3005 3631 3068 γοῦν
3691 2994 3857 3051 οὐδὲν
3907 3002 3945 3059 ᾖ

556 3086 765 3145 litteris
814 3084 977 3142 viam
1007 3082 1405 3152 monstrabat,
1451 3084 1661 3140 omnia
1688 3100 1827 3157 quas
1874 3085 1954 3141 ad
1982 3085 2207 3141 cultum

2321 3083 2504 3158 βραχύ
2557 3103 2609 3135 τι
2664 3082 3007 3136 έλαττοῦσθαι
3052 3089 3142 3136 καὶ
3176 3087 3250 3155 σε,
3301 3085 3391 3137 ἁτε
3436 3091 3528 3144 τὴν
3582 3086 3746 3145 αὐτὴν
3796 3087 3947 3141 ἐκεί-

557 3174 902 3235 necessaria
926 3172 1374 3245 suppeditabat,
1406 3172 1629 3245 quibus
1667 3190 1824 3246 opus
1862 3179 2007 3231 erat.
2042 3175 2212 3231 Deni-

559 3281 679 3338 que
732 3278 933 3336 neque
990 3262 1278 3333 temporis
1321 3276 1432 3317 nec
1492 3262 1668 3334 spatii
1721 3263 1950 3319 ratione
2003 3262 2214 3319 habita

562 3352 927 3411 desiderium
949 3352 1040 3407 sui
1064 3351 1127 3406 in
1146 3350 1323 3406 nobis
1354 3357 1628 3421 renovat,
1641 3351 1774 3407 libri
1794 3352 1985 3409 instar
2002 3352 2208 3409 divini.

561 3442 668 3498 ubi
695 3440 949 3497 nomina
973 3442 1181 3495 nostra
1208 3439 1562 3496 referuntur.
1591 3440 2214 3497 Thessalonicensium

558 3530 769 3587 lumen
796 3528 952 3584 bene
982 3526 1098 3583 sibi
1125 3526 1349 3583 habeat
1392 3528 1693 3600 nobisque
1737 3544 1845 3599 per
1887 3534 2216 3588 nocturnas

557 3620 743 3691 hujus
766 3617 897 3674 vitae
934 3630 1175 3688 pugnas
1199 3614 1396 3671 lucem
1428 3632 1604 3673 suam
1633 3615 1953 3689 impertiat.

2318 3194 2420 3234 νοις
2486 3171 2827 3225 ἀναϐαίνοντα
2889 3178 2979 3225 καὶ
3041 3171 3423 3227 καταϐαίνοντα
3493 3174 3749 3248 κλίμακα.
3792 3178 3950 3249 Ἐγὼ

2323 3259 2381 3315 δι
2411 3264 2436 3314 6
2474 3258 2722 3322 δύσελπις
2762 3261 2841 3314 ἀεὶ
2888 3266 3033 3334 ᾤμην
3069 3270 3168 3313 τῶν
3199 3272 3289 3324 τῆς
3328 3269 3580 3334 Προνοίας
3615 3262 3949 3339 πανδερκὼν

2322 3352 2583 3425 ϐλεφάρων
2628 3354 2728 3414 ἔξω
2791 3371 2889 3403 που
2943 3356 3166 3419 πίπτειν,
3225 3352 3319 3404 ούκ
3370 3350 3546 3422 εἰδὼς,
3603 3358 3672 3415 ὡς
3720 3354 3950 3428 ἀγγέλῳ

2322 3436 2512 3511 τοιῷδε
2553 3444 2920 3512 πεπίστευμαι,
2972 3441 3011 3510 ᾦ
3041 3442 3108 3491 τὰ
3144 3441 3260 3492 κατ’
3308 3441 3396 3515 ἐμὲ
3446 3445 3754 3514 θαυμασίως
3794 3445 3949 3498 οἰκο-

2324 3537 2621 3602 νομοῦνται.
2670 3528 2782 3581 Ούκ
2836 3528 3111 3603 ἀπέχρησε
3155 3533 3219 3582 τὰ
3270 3539 3365 3591 τῆς
3414 3536 3665 3606 προτέρας
3722 3553 3951 3607 προμη-

2330 3620 2465 3679 θείας
2485 3617 2729 3690 φιλότιμα
2751 3634 2762 3647 ⁶
2796 3622 2854 3669 τὸ
2881 3622 2999 3691 περὶ
3030 3617 3211 3690 λόγους
3241 3627 3341 3690 φῶς
3358 3634 3373 3649 ⁸
3397 3622 3427 3677 ἠ
3458 3621 3570 3672 κατ’
3593 3621 3732 3672 οἰκον
3765 3622 3948 3675 εἰσοίο

557 3728 697 3770 κισις
724 3722 738 3738 ⁸
767 3709 799 3766 ἡ
831 3706 964 3757 κατὰ
986 3712 1187 3777 πνεῦμα
1215 3703 1507 3765 εἰσποίησις
1535 3722 1549 3734 ·
1600 3706 1626 3757 6
1658 3710 1935 3778 πορισμὸς,
1967 3708 2171 3759 ὁπόσων
2199 3704 2373 3767 ἐνδεὴς
2411 3706 2509 3778 ἐγὼ
2558 3707 2848 3780 ἅνθρωπος,
2886 3712 2998 3759 Οὐκ
3050 3706 3323 3782 ἀπέχρησε
3368 3717 3557 3778 ταῦτα,
3598 3708 3705 3761 ἀλλ’
3735 3714 3815 3764 ἔτι
3856 3719 3944 3785 μὴ

557 3805 758 3868 τοπικῷ
805 3796 834 3854 ἣ
862 3801 1098 3869 χρονικῷ
1130 3790 1461 3865 διαστήματι
1501 3790 1875 3867 διειργόμενος,
1904 3799 1998 3853 τὴν
2046 3798 2190 3867 ἡμῶν
2232 3796 2413 3848 θάλπει
2464 3800 2693 3866 μνήμην,
2720 3800 2810 3847 καὶ
2838 3804 2931 3856 τῆς
2954 3801 3071 3868 περὶ
3100 3798 3238 3867 ἡμᾶς
3284 3795 3602 3869 ἐπιστροφῆς
3647 3797 3946 3873 ἐμπυρεύει

557 3885 809 3941 ἄσϐεστον
857 3886 1113 3955 ἕναυσμα.
1141 3880 1209 3935 Ὠ
1246 3889 1364 3945 νοῦς
1388 3879 1696 3954 πανδεχὴςί
1725 3884 1765 3934 ὡ
1796 3880 1969 3945 δέλτος
1992 3883 2173 3955 ψυχῆς
2199 3888 2457 3957 μνήμονος
2482 3883 2494 3936 l
2530 3882 2732 3955 βιϐλίον
2764 3882 2991 3956 ἀτεχνῶς
3022 3892 3176 3954 Θεοῦ,
3208 3883 3256 3936 ἐν
3286 3886 3325 3956 ᾧ
3349 3891 3528 3958 μυρίοι
3564 3890 3942 3961 γεγράμμεθα,

554 3974 712 4035 Ἀλλὰ
735 3971 769 4027 δ
774 3974 1081 4048 ιατηρηθείη
1109 3975 1167 4023 τό
1198 3978 1296 4023 τῶν
1329 3970 1748 4025 Θεσσαλονικέων
1780 3972 2179 4044 εὐφεγγέστατον
2208 3982 2312 4046 φῶς
2338 3972 2623 4039 ἄσϐεστον,
2645 3977 2713 4035 ὡς
2752 3975 2852 4026 ύπό
2892 3973 3054 4044 λοιπῷ
3096 3977 3261 4046 τούτῳ
3309 3984 3495 4049 πυρσῷ
3520 3978 3655 4028 κατά
3700 3982 3794 4035 την
3836 4000 3944 4048 τοῦ

555 4066 677 4141 βιου
702 4067 1066 4137 νυκτομαχίαν
1089 4060 1433 4134 λαμπώμεθα.

550 4217 894 4275 III.Domino
912 4210 1250 4279 Eustathz’o,
1266 4211 1711 4283 archiepiscopo
1741 4213 2199 4269 Thessalonices.

622 4357 875 4413 Maxime
903 4359 959 4410 te
989 4355 1172 4411 effero
1195 4354 1499 4418 laudibus,
1535 4355 1912 4410 sanctissime
1933 4354 2200 4417 domine,
2231 4394 2275 4448 Β

548 4446 713 4520 quod
734 4461 831 4501 me
851 4443 1209 4499 sustinueris
1231 4444 1607 4499 vacillantem
1632 4443 1916 4498 manibus
1933 4459 2008 4498 ne
2029 4443 2201 4498 cade-

545 4551 696 4602 rem,
716 4538 820 4590 aut
847 4532 1088 4603 lapsum
1111 4531 1375 4598 elevasti,
1396 4531 1547 4586 sicut
1568 4532 1704 4602 quis
1726 4547 1983 4602 puerum
2015 4531 2200 4586 nandi

542 4623 646 4681 vix
683 4637 754 4679 ac
784 4636 859 4677 ne
896 4621 995 4675 vix
1024 4619 1271 4691 quidem
1294 4619 1546 4690 peritum
1578 4619 1860 4675 manibus
1892 4625 2196 4690 arreptum

543 4727 724 4786 super
744 4725 937 4783 aquas
967 4707 1134 4774 tollit,
1168 4723 1241 4762 ne
1267 4707 1345 4763 ab
1385 4707 1564 4763 undis
1588 4707 2000 4764 absorbeatur.
2031 4710 2202 4782 Equi-

538 4803 680 4860 dem
702 4800 752 4856 si
772 4815 846 4855 ex
870 4796 1154 4867 voragine
1184 4811 1381 4852 rerum
1410 4796 1821 4865 emergebam,
1867 4802 1931 4853 ut
1970 4813 2197 4871 aquam

535 4891 759 4950 salsam
778 4885 1289 4961 pusillanimitatis
1315 4885 1813 4953 biberem,littora
1830 4892 2029 4943 tamen
2061 4888 2195 4944 vitae

532 4980 731 5052 legere
777 4974 1045 5050 nequivi.
1084 4976 1168 5030 Tu
1204 4989 1349 5030 vero
1387 4973 1621 5031 bonum
1668 4975 1997 5047 pretiosum
2041 4977 2194 5033 οιεΙὶ-

529 5073 627 5126 tus
680 5068 954 5134 missum,
995 5062 1207 5120 oculus
1252 5063 1464 5121 Christi
1502 5063 1874 5122 illuminator
1911 5065 2037 5135 ubi,
2068 5083 2191 5139 quo

529 5159 595 5215 in
644 5163 799 5215 statu
840 5171 1039 5213 essem
1076 5169 1473 5224 cognoveras,
1516 5154 1832 5228 epistolam
1872 5156 2190 5227 porrexisti

528 5246 887 5313 salutarem;
915 5249 973 5300 et
996 5243 1297 5316 extemplo
1324 5244 1427 5316 qui
1448 5243 1657 5317 lapsus
1676 5250 1803 5301 erat
1823 5245 2183 5313 erigebatur,

526 5339 586 5393 et
623 5336 726 5407 qui
765 5334 944 5391 undis
985 5337 1218 5390 tantum
1274 5348 1398 5389 non
1431 5333 1780 5407 'absorptus
1820 5341 1948 5389 erat
1984 5334 2185 5390 valida

522 5441 714 5483 manu
750 5422 1133 5480 retinebatur.
1178 5428 1317 5479 lnus
1346 5421 1592 5495 quidem
1633 5422 1836 5478 velum
1874 5437 1998 5477 non
2034 5422 2178 5494 vidi,

519 5511 689 5588 quod
719 5510 941 5582 Ulyssis
980 5525 1087 5580 per
1115 5525 1283 5565 mare
1322 5509 1605 5565 ﬂuctibus
1640 5508 1851 5579 jactati
1889 5509 2182 5567 membris

518 5614 853 5677 expansum
910 5596 1131 5653 mirum
1184 5597 1249 5653 in
1286 5597 1541 5656 modum
1580 5595 2004 5655 auxiliabatur.
2047 5600 2174 5672 Epi-

2544 4213 2593 4266 Γ’
2606 4260 2618 4271 ,
2652 4221 2735 4285 Τῷ
2765 4213 3123 4271 Θεσσαλονίκη
3137 4234 3176 4284 ς,
3209 4221 3351 4285 κυρῷ
3380 4214 3675 4286 Εύσταθίῳ.

2380 4357 2601 4429 ’Υψώσω
2662 4378 2739 4424 σε,
2797 4360 3027 4411 θειότατε
3076 4353 3327 4427 δέσποτα,
3388 4358 3470 4410 ὃτι
3516 4357 3769 4420 ὑπέλαϐές
3807 4381 3880 4431 με

2313 4450 2409 4498 εἴτε
2467 4452 2620 4499 τοῦτό
2681 4446 2792 4499 ἔστι
2852 4451 2911 4498 τὸ
2976 4444 3268 4505 ὑπολαϐεῖν,
3312 4452 3738 4518 περιτρεπόμενον
3800 4446 3922 4507 ἤδη

2310 4538 2427 4586 τινὰ
2462 4536 2710 4607 μεγάλαις
2763 4541 2952 4608 χερσὶν
2996 4531 3356 4597 ὑποδέξασθαι
3411 4539 3501 4586 καὶ
3548 4533 3791 4608 ἀπεῖρξαι
3819 4547 3925 4590 τοῦ

2309 4632 2609 4695 πτώματος,
2662 4628 2762 4676 εἴτε
2826 4626 3176 4695 ύποκουφίσαι
3231 4619 3617 4694 καταδυόμενον
3648 4639 3659 4650 ·
3731 4626 3804 4685 ὡς
3878 4631 3926 4678 εἴ

2309 4732 2389 4775 τις
2437 4712 2797 4767 ἀθαλάττωτον
2851 4709 3022 4764 παῖδα
3051 4716 3136 4764 καὶ
3186 4730 3277 4763 του
3321 4714 3585 4782 νήχεσθαι
3614 4711 3920 4787 ἀρτιμαθῆ,

2307 4805 2399 4863 τὰς
2446 4810 2633 4878 χεῖρας
2671 4801 2960 4867 ύπολαϐὼν,
3013 4802 3332 4874 μετεωρίζει,
3373 4805 3462 4853 καὶ
3521 4805 3616 4853 ούκ
3672 4807 3770 4872 εῲη
3814 4810 3920 4855 πί-

2305 4911 2448 4944 πτειν
2523 4891 2825 4966 ύπόϐρυχα.
2893 4889 3093 4960 Ἔγωγε
3165 4891 3263 4963 γὰρ
3340 4886 3435 4939 κᾶν
3510 4893 3920 4962 ἀνατετραμμαι

2306 4976 2712 5041 σκοτοδινιάσας
2751 4977 2806 5030 ἐκ
2858 4986 2949 5039 τῆς
3003 4976 3232 5029 ἀστάτου
3293 4996 3392 5028 των
3445 4980 3765 5051 πραγμάτων
3820 4999 3918 5033 πε-

2300 5067 2713 5141 ριστροϐήσεως,
2767 5066 2860 5119 κᾶν
2926 5063 3068 5141 ὕδωρ
3135 5065 3494 5137 ὀλιγοπιστίας
3551 5065 3747 5129 ἐξέπιον
3818 5067 3918 5121 αλ-

2299 5162 2483 5230 μυρὸν,
2524 5158 2630 5229 ούχ
2669 5156 2770 5217 οἷος
2827 5176 2880 5208 τε
2914 5156 2980 5207 ὣν
3039 5150 3163 5207 οὐδὲ
3218 5162 3333 5215 ταῖς
3391 5174 3481 5206 του
3541 5153 3665 5228 βίου
3724 5153 3917 5220 ἀκταῖς

2298 5244 2665 5318 ἐπινήχεσθαι.
2712 5243 2866 5298 Ἀλλὰ
2916 5248 3003 5311 σύ,
3056 5240 3095 5293 ὦ
3147 5244 3277 5295 θεῖον
3334 5247 3425 5293 καὶ
3465 5245 3633 5294 κοινόν
3683 5240 3914 5314 ἀγαθὸν,

2296 5331 2335 5385 ὦ
2393 5340 2663 5410 φωσφόρον
2723 5337 2867 5406 ὄμμα
2940 5339 3187 5407 Φριστου,
3246 5332 3311 5391 ὡς
3386 5327 3543 5397 εἶδες,
3621 5333 3690 5392 ὡς
3745 5333 3914 5403 ἔγνως

2292 5424 2453 5484 οὑτως
2526 5427 2737 5497 ἔχοντα,
2814 5424 2899 5475 οἷα
2961 5429 3121 5496 χεῖρα
3178 5424 3412 5493 γενναίαν
3474 5420 3627 5472 καλὸν
3679 5424 3913 5495 γράμμα

2292 5512 2578 5586 ύπώρεξας.
2638 5518 2739 5565 Καὶ
2798 5520 3138 5587 παραχρῆμα
3182 5511 3355 5586 ὄρθιος
3411 5511 3437 5561 6
3481 5514 3706 5578 πίπτων,
3748 5517 3841 5564 καὶ
3881 5516 3908 5566 6

2288 5621 2479 5676 μικρου
2539 5599 2770 5663 καταδύς
2820 5609 2920 5653 τῶν
2951 5601 3195 5673 κυμάτων
3235 5604 3650 5674 κατωχρήσατο.
3706 5603 3809 5652 Καὶ
3847 5602 3909 5656 τὸ
