4028 6308
34 342 139 396 333
1574 332 1941 397 EPISTOLR
3321 340 3429 407 334

35 466 123 533 μὲν
162 456 489 536 κρήδεμνον
526 466 623 524 τῆς
676 455 840 524 Ἰνοῦς
884 461 980 515 οὐκ
1031 452 1178 527 οἶδα,
1230 454 1258 516 ὂ
1309 460 1363 515 τί
1416 480 1542 516 ποτε
1593 482 1626 515 τη

1837 462 1931 521 ola
1958 461 2208 535 quidem
2238 460 2361 531 tua,
2384 470 2571 536 quam
2592 460 2887 540 tanquam
2904 468 3205 541 pectorale
3225 475 3428 542 gestas

35 552 267 624 τλήμονι
342 548 605 605 Ὀδυσσεῖ
695 557 1105 624 συνεισήνεγκεν,
1176 553 1262 605 ὅτε
1346 550 1626 624 θαλαττομι

1835 550 2056 608 eneﬁca
2082 550 2192 607 fuit
2218 549 2281 606 in
2320 567 2418 607 me
2447 553 2761 626 salvando,
2795 556 2981 630 idque
3007 562 3276 632 tempore
3301 575 3426 633 quo

35 642 274 711 χθοὺντι
335 648 451 703 τοῖς
516 645 753 715 στέρνοις
807 640 931 693 αὐτὸ
984 641 1296 693 ὑπετείτετο.
1337 645 1408 693 Τό
1461 659 1523 712 γε
1567 644 1626 712 μή

1836 656 1845 695 ι
1872 640 2122 696 minime
2145 640 2266 696 otio
2288 639 2667 699 abundabas.
2700 646 3015 702 Hominem
3044 662 3189 704 sane
3206 649 3427 706 Ethio-

38 734 123 781 r‘ra
151 732 431 803 γράμμα,
462 729 490 782 ὃ
536 732 588 782 ἓν
642 737 750 790 τοῖς
812 732 1043 802 στέρνοις
1085 734 1239 803 φέρω,
1292 733 1353 782 τὸ
1405 735 1507 781 πᾶν
1543 730 1629 800 ἠμ;

1829 728 1983 784 icum
2004 743 2127 784 non
2152 729 2507 800 suspicabar
2518 730 2743 790 litteras
2764 734 2873 790 abs
2892 738 2947 791 te
2967 735 3144 792 nobis
3162 742 3420 809 portare;

33 822 205 869 καὶτό
241 818 382 870 ὅλον
408 826 510 879 τῆς
539 822 806 893 σωτηρίας
835 821 1116 893 εἰργασται
1149 838 1162 851 ο
1217 822 1308 870 καὶ
1345 813 1534 883 ταῦτα,
1588 818 1624 870 ὃ·

1835 831 1962 873 nem
1987 832 2128 872 eum
2156 818 2354 888 Moyse
2371 822 2852 891 comparaverim
2873 822 2977 895 qui
3007 823 3159 881 facie
3181 824 3426 884 umbra-

34 908 123 958 οὐκ
183 904 260 966 ἦν
320 912 457 980 ἡμῖν
487 906 628 967 ίλπίς
649 903 861 959 τοιοῦδε
890 906 1074 972 καλοῦ,
1104 910 1164 959 τό
1216 905 1452 978 ἄσχολον
1498 900 1625 958 εἰδό‹

1831 903 1909 960 lie
1937 904 2198 961 tenebris
2228 906 2522 978 prorupit,
2554 912 2612 964 et
2639 909 2690 964 si
2720 910 2958 967 tabulas
2989 911 3229 969 divinas
3266 915 3422 987 Moy-

34 1003 120 1055 τῆς
152 1005 269 1056 σῆς
333 996 622 1067 ἁγιότητος
657 1012 673 1025 ο
729 998 802 1057 ὡς
852 994 1045 1067 μᾶλλον
1097 996 1160 1048 ἄν
1212 993 1530 1067 ἇπεπείσμην
1579 996 1625 1045 τε

1809 1008 1892 1059 es,
1920 997 2057 1050 tuus
2076 992 2361 1065 epistolas
2386 994 2624 1052 divinas
2648 999 2923 1069 portavit.
2938 1002 3092 1057 Num
3117 1000 3180 1056 in
3207 1003 3400 1059 monti

34 1086 378 1138 Αἰθιοπικὸν
415 1104 620 1139 τουτονι
656 1088 1204 1157 γραμματοκομιστὴν
1256 1083 1327 1146 εἰς
1374 1082 1625 1155 λευκοχρά

1832 1100 1891 1138 Lis
1919 1097 2130 1138 errans
2150 1081 2374 1138 rubum
2411 1083 2560 1141 vidit
2591 1086 2901 1144 ardentem
2932 1089 3035 1161 qui
3065 1090 3191 1161 ejus
3219 1090 3423 1164 palpe-

32 1193 93 1226 τα
121 1174 490 1247 μεταϐαλεῖν,
542 1176 575 1233 ἦ
619 1177 841 1249 γράμμα
884 1181 978 1234 τῆς
1027 1175 1312 1248 ἱερωτάτης
1349 1191 1445 1225 σου
1483 1171 1623 1245 ψυχὶ

1833 1186 1920 1226 ras
1935 1170 2314 1226 combussit?
2339 1174 2455 1227 Nos
2473 1187 2614 1228 eum
2630 1174 2968 1233 dummodo
2978 1177 3267 1249 epistolas
3286 1186 3424 1237 tuas

35 1266 167 1334 μετὰ
204 1272 420 1336 χεῖρας
462 1266 583 1337 άρτι
633 1261 807 1314 λαϐεῖν
839 1280 852 1294 ·
915 1261 970 1314 ὃν
1022 1264 1158 1314 πάνυ
1207 1260 1545 1322 καταλλήλως
1599 1280 1620 1313 ε

1831 1258 1947 1315 fert
1974 1274 2319 1331 prosperas,
2334 1259 2578 1317 luminis
2599 1264 2879 1321 nuntium
2905 1270 2964 1320 et
2981 1264 3096 1322 diei
3113 1265 3302 1324 ﬁlium
3323 1283 3422 1326 ve-

36 1359 246 1411 )ειωσῆν
288 1349 532 1417 ἐξεδέξω,
567 1348 662 1405 διὰ
705 1354 763 1404 τὸ
814 1351 920 1404 οἷον
959 1350 1017 1403 ἐκ
1062 1355 1256 1424 γνόφου
1309 1351 1627 1425 κατίρχεσθι

1830 1363 2078 1417 eramur,
2096 1346 2232 1404 licet
2246 1364 2383 1404 cum
2415 1353 2549 1407 cute
2573 1350 2855 1423 nigra.Tu
2871 1357 3070 1411 autem
3090 1370 3271 1428 perge
3288 1372 3421 1415 suc-

36 1440 147 1492 ἇλον
189 1440 501 1512 ὑπόζοφον.
539 1439 671 1511 Ἐγὼ
712 1435 773 1492 δε
818 1444 910 1492 καὶ
948 1442 1007 1490 τὸ
1056 1437 1295 1511 ἑπόμενον
1354 1424 1627 1509 συλλογίξο

1829 1451 2011 1492 irrere
2041 1441 2106 1491 ut
2133 1441 2302 1509 pater
2325 1441 2384 1492 et
2428 1445 2762 1511 praeceptor
2789 1442 3075 1498 omnibus
3090 1424 3225 1516 wqui
3262 1444 3420 1502 circa

39 1550 150 1599 μαι,
210 1531 310 1582 ὅτι
360 1534 453 1581 καὶ
507 1530 572 1589 ὡς
623 1526 678 1580 ἐκ
711 1534 845 1581 Θεοῦ
899 1527 1104 1590 πλάκας
1149 1531 1357 1601 κομίζει
1420 1528 1488 1579 τὰ
1522 1545 1627 1598 παρ

1828 1530 2052 1581 .rtutem
2080 1525 2142 1580 in
2171 1539 2370 1581 errore
2399 1526 2953 1599 deprehenduntur.
2981 1520 3154 1596 Quod
3188 1533 3419 1590 vicinus

38 1624 130 1668 σοῦ
172 1620 509 1691 γράμματα.
554 1621 770 1674 Μήποτε
810 1612 886 1686 δὲ,
941 1612 982 1666 ὦ
1044 1618 1301 1681 Δέσποτα,
1355 1620 1445 1667 καὶ
1516 1611 1629 1687 βάτα

1828 1613 1961 1669 setis
1987 1616 2195 1668 contra
2212 1628 2325 1669 nos
2348 1616 2876 1686 propugnaculum
2906 1616 3128 1676 fecerat
3150 1618 3419 1678 dirutum

40 1711 305 1780 καιομένῃ
369 1726 474 1759 που
522 1705 796 1781 ὀρειϐατῶν
840 1703 1194 1778 ἑντετύχηκεν,
1265 1700 1356 1757 εἶτ’
1386 1705 1480 1755 οὐκ
1511 1702 1624 1763 ἓνόη

1825 1708 1881 1769 it,
1921 1700 2304 1773 graculorum
2350 1704 2769 1761 crocitantium
2811 1705 3184 1764 domicilium
3208 1710 3416 1766 evasit.

38 1814 117 1846 σεν
145 1794 508 1868 ἀποστρέψαι
536 1796 631 1856 τὰς
684 1792 852 1864 ὄψεις.
887 1799 976 1845 καὶ
1023 1795 1165 1866 παρά
1211 1792 1365 1845 τοῦτο
1394 1795 1453 1843 τὸ
1483 1810 1629 1864 προσι

1829 1806 2015 1864 pusne
2059 1794 2346 1862 praeterea
2393 1791 2557 1847 aliud
2603 1794 2957 1850 conﬁciatur
3009 1795 3242 1866 ignoro.
3298 1800 3420 1869 Ego

39 1903 174 1935 ωπον
243 1880 677 1950 κατησϐόλωτος
730 1882 872 1936 Ἀλλ’
927 1883 953 1933 6
1005 1885 1094 1955 μὲν
1150 1883 1241 1943 ἕως
1301 1880 1425 1957 ἡμῖν
1491 1902 1630 1958 γραμ

1825 1880 2019 1936 uidem
2045 1894 2250 1935 senem
2280 1879 2462 1935 istum
2488 1896 2562 1936 ex
2590 1882 2795 1937 animo
2840 1882 3239 1955 deplorabam
3288 1887 3416 1959 qui,

36 1980 340 2049 ματοφορεῖ
404 1977 497 2025 καὶ
560 1976 746 2045 μηνύει
818 1972 999 2033 λευκὰς
1058 1976 1178 2047 περὶ
1238 1972 1334 2024 σοῦ’
1402 1970 1627 2043 ἀγγελίας

1823 1970 2011 2025 escius
2036 1984 2098 2023 se
2127 1973 2384 2023 mortem
2429 1968 2543 2026 sibi
2582 1975 2911 2041 maturare,
2941 1978 3152 2029 contra
3184 1973 3414 2030 vicinos

38 2068 125 2114 καὶ
181 2065 261 2124 εἰς
310 2061 541 2134 ἄγγελον
596 2065 763 2136 φωτός
812 2067 902 2114 καὶ
959 2063 1158 2137 ἡμέρας
1216 2063 1326 2114 υἱόν
1375 2060 1629 2123 τετάξεται

1829 2072 1986 2113 )mos
2014 2060 2302 2112 ventosas
2332 2061 2390 2112 et
2420 2057 2613 2114 aerias
2640 2064 2981 2116 construere
3003 2061 3245 2118 studuit.
3273 2064 3420 2119 Ora-

39 2149 129 2201 κᾶν
182 2147 515 2225 ἑπιδερμίδι
565 2144 764 2225 σαρκὸς
828 2150 1074 2223 μελαίνης
1131 2150 1424 2211 σκιάζεται.
1483 2152 1550 2202 Σὺ
1603 2145 1630 2202 δ

1828 2162 1995 2202 mem
2025 2150 2195 2202 tuam
2221 2145 2297 2202 de
2317 2146 2549 2218 jejunio
2567 2147 2844 2204 nondum
2864 2150 3122 2221 gustavi,
3146 2155 3205 2208 et
3225 2153 3419 2208 Mono-

46 2243 145 2300 sit;
207 2237 296 2292 ἆεὶ
346 2244 637 2309 πίπτοντας
689 2238 784 2302 ἔξω
828 2246 922 2291 τοῦ
966 2238 1126 2290 καλοῦ
1180 2237 1450 2309 ἕπανάγων
1497 2233 1637 2289 διδα·

1828 2236 1937 2290 iam
1967 2235 2068 2290 vix
2118 2233 2417 2307 inchoavi,
2449 2235 2501 2291 ei
2532 2236 2712 2309 plane
2750 2236 2961 2293 similis
3008 2238 3115 2310 qui
3147 2239 3419 2297 tabulam

48 2327 322 2391 σκαλικῶς
379 2328 495 2402 ἅμα
535 2328 629 2381 καί
684 2336 977 2401 πατρικῶς.
1044 2330 1115 2380 T6
1165 2326 1515 2400 ἐπιτείχισμα
1569 2346 1639 2378 τοι

1834 2323 1948 2381 utis
1974 2322 2126 2380 cibis
2171 2323 2472 2391 refertam,
2514 2324 2874 2398 priusquam
2900 2330 3150 2397 tangere
3200 2330 3420 2402 possis,

53 2413 227 2471 δεινοῦ
287 2423 384 2471 καὶ
423 2413 689 2471 δυσκόλου
741 2422 966 2489 γείτονος
1017 2420 1221 2488 τῳτίως
1258 2421 1350 2489 μὲν
1404 2415 1476 2480 εἰς
1522 2418 1644 2468 κενὸτ

1829 2415 2039 2469 εωονοῐ
2066 2417 2124 2469 et
2162 2411 2463 2485 hospitem
2500 2412 2673 2470 falsis
2704 2415 2861 2471 escis
2891 2413 3076 2486 illicit,
3114 2420 3420 2488 postremo

51 2508 259 2578 ἔσχασε
311 2511 409 2560 καὶ
483 2510 673 2581 μυρίαι
732 2513 957 2581 κορῶναι
1041 2504 1181 2575 αὐτῷ
1257 2504 1639 2579 ἐπικρώζουσιν

1336 2506 1660 2579 ικρώζουσιν.
1772 2502 2011 2574 decipit.
2043 2503 2197 2557 Deus
2227 2506 2284 2558 te
2302 2501 2649 2575 longrevum
2680 2502 2927 2559 reddat!

53 2591 186 2649 Εἱδ⁵
217 2594 622 2654 ἓπιτεκτήναιτό
676 2614 729 2648 τι
770 2599 862 2647 καὶ
911 2596 1005 2654 ἔτι,
1040 2594 1133 2645 οὐκ
1177 2590 1320 2648 οἶδα.
1368 2594 1697 2655 Ἐταλάνισα,
1850 2596 1944 2649 τὴν
1990 2594 2087 2648 σὴν
2133 2594 2337 2663 σοφίαν,
2364 2593 2421 2643 τὸ
2469 2594 2667 2644 σαπτόν
2715 2596 2998 2665 γερόντιον,
3048 2594 3126 2655 οἷς
3267 2613 3419 2669 σορο-

52 2692 234 2756 ina-pb
264 2685 437 2756 ἑαυτῷ
459 2672 758 2757 λαϐόμενον,
782 2679 1141 2756 ἐποικοδομεῖν
1167 2686 1300 2735 κατὰ
1328 2691 1428 2734 τῶν
1452 2684 1813 2754 γειτονούντων
1844 2677 2111 2733 ἐπεϐάλετο
2134 2682 2334 2753 μέγαρα
2377 2679 2655 2752 ἠνεμόεντα
2687 2678 2866 2751 ἄλλως,
2901 2680 2974 2742 οἷς
3006 2680 3248 2754 ἀνεμιαῖα
3272 2682 3422 2755 ὴλέγ.

52 2775 286 2843 χθησαν,
318 2779 414 2825 καὶ
477 2773 547 2836 ὣς
573 2769 731 2847 αὖραι
764 2771 983 2825 λυθέντα
1012 2768 1431 2843 διεφυσήθησαν.
1460 2778 1563 2824 Τοῦ
1614 2775 1733 2844 περὶ
1773 2772 2013 2829 νηστείας
2053 2767 2206 2839 λόγου
2252 2770 2394 2819 οὔπω
2443 2769 2750 2841 γεγεύμεθα,
2791 2774 2887 2831 τῆς
2933 2765 2994 2822 δὲ
3034 2767 3299 2843 μονῳδίας
3337 2790 3421 2825 το-

55 2870 253 2928 σοῦτον,
300 2864 428 2914 ὅσον
474 2862 519 2915 εἰ
547 2868 639 2914 καὶ
675 2864 936 2937 τράπεζαν
974 2864 1281 2934 παραφέρων
1312 2879 1406 2931 τις,
1439 2859 1580 2931 ὄψων
1631 2859 1828 2912 πολλῶν
1876 2862 1967 2909 καὶ
2006 2856 2175 2908 καλῶν
2214 2859 2497 2928 γέμουσαν,
2540 2861 2662 2930 πρὶν
2707 2856 2737 2914 ἢ
2784 2862 2873 2909 καὶ
2915 2866 3106 2931 χεῖρας
3134 2856 3415 2929 ἕπιϐαλεῖν,

52 2949 190 3012 τᾶθὺς
217 2955 567 3025 ipa-rasas?»
598 2948 891 3023 δαιτυμόνα
928 2947 1071 3022 ἀφεὶς
1098 2948 1456 3021 ἐπιχαίνοντα,
1502 2953 1592 3000 καὶ
1630 2954 1759 3021 μόνῃ
1786 2954 1848 3020 τῇ
1883 2946 2001 3018 ὄψει
2041 2943 2259 3019 ἀνιαρῶς
2304 2943 2751 3019 παραψαύσαντα.
2792 2950 2916 3003 Δοίη
2977 2964 3063 2998 σοι
3102 2951 3229 3008 Θεὸς
3275 2948 3415 3009 ζωὴν

51 3044 460 3113 μακροχρόνιον.

250 3146 327 3221 ῥ’.
367 3148 509 3221 Πρός
535 3148 624 3199 τόν
650 3146 806 3200 αὐτὸν
835 3145 992 3198 αὐτὸν
1023 3145 1429 3215 Θεσσαλονίκης.
1686 3143 1725 3197 C
1813 3143 1841 3199 ι·

1813 3143 1906 3199 1V.
1934 3141 2032 3197 Ad
2059 3140 2327 3197 eumdem
2366 3140 2805 3197 Thessalonice:
2826 3130 3372 3214 archiepiscopum.

108 3252 167 3306 Ὀ
243 3249 302 3309 δ’
380 3246 448 3306 αὖ
513 3252 667 3307 πάλιν
734 3254 984 3327 ἕμφορτος
1048 3252 1245 3305 πολλῶν
1324 3254 1647 3325 γραμμάτων

1831 3251 1975 3305 Ecce
2010 3248 2226 3304 iterum
2258 3246 2570 3303 hominem
2606 3262 2835 3318 vapore
2865 3248 3172 3322 epistolari
3201 3249 3411 3309 admo-

54 3351 265 3409 ιιεπνοῦ,
324 3342 458 3414 τάχ’
516 3341 579 3394 ἄν
634 3345 768 3417 πρὸς
811 3346 899 3395 τὸν
959 3345 1504 3416 γραμματοκομιστήν
1560 3344 1645 3393 τὸν

1816 3354 1904 3394 im
1920 3340 2255 3406 oneratum,
2272 3334 2456 3404 dices,
2478 3334 2860 3393 tabellarium
2880 3341 3155 3394 nostrum
3172 3339 3407 3411 videns,

56 3436 278 3506 παρόντα
307 3431 641 3505 κομψεύσαιο
675 3453 688 3464 ·
742 3436 834 3485 καὶ
882 3430 1003 3504 μάλ’
1057 3429 1279 3491 ἀληθῶς.
1330 3426 1498 3483 οῡδιν
1543 3432 1645 3503 γὰρ

1835 3426 2003 3483 omni
2027 3425 2181 3498 jure.
2216 3422 2519 3497 Quidquid
2561 3425 2722 3482 enim
2760 3426 3081 3489 scribimus
3105 3445 3299 3502 vapor
3321 3431 3408 3487 in-

55 3521 108 3568 τέι
148 3521 384 3595 ἡμέτερα
428 3526 596 3575 ταῦτα
637 3519 667 3578 ἦ
722 3523 917 3578 καπνός
949 3532 964 3548 ·
1018 3522 1298 3592 τεκμήριον
1348 3521 1500 3589 μόνον
1555 3523 1646 3571 τοῦ

1811 3517 1888 3574 iis
1908 3520 1997 3572 est
2020 3514 2321 3588 simulque
2344 3514 2569 3571 amoris
2589 3516 2779 3573 nostri
2805 3516 3073 3574 ardentis
3089 3518 3402 3577 indicium.

58 3608 160 3678 παρ’
225 3610 356 3680 ἡμῖν
430 3606 728 3668 ἁσϐἐστους
783 3608 1111 3660 ὐποκάεσθαι
1189 3609 1265 3659 ἔτι
1328 3609 1451 3669 τοὺς
1527 3610 1648 3666 σοὺς

1815 3620 1946 3662 uem
1976 3605 2027 3660 si
2067 3619 2241 3661 amas
2281 3603 2427 3677 quia
2455 3619 2529 3659 ex
2556 3603 2707 3660 urbe
2737 3605 3007 3662 ascendit
3032 3622 3170 3680 quas
3199 3608 3406 3666 litteris

60 3696 270 3769 θερμοὺς
300 3700 493 3771 ἔρωτας
514 3717 529 3729 ο
563 3699 630 3749 τὰ
673 3692 732 3749 6“:
761 3714 818 3768 γε
859 3695 989 3749 ἀλλα
1018 3701 1089 3757 εἰς
1130 3693 1257 3768 ἀέρα
1303 3691 1649 3767 σκιδνάμενος

1838 3693 2055 3750 imbuit
2072 3692 2171 3749 dic
2194 3691 2373 3748 nobis
2399 3708 2416 3759 ;
2440 3690 2659 3765 volupe
2689 3693 2850 3749 enim
2878 3694 3057 3751 nobis
3086 3700 3194 3752 est.
3210 3698 3406 3770 Vapor

58 3790 129 3836 ui
154 3786 432 3858 λυόμενος.
464 3785 526 3838 Εἰ
564 3781 626 3838 δέ
662 3803 746 3847 σοι
797 3788 887 3837 καὶ
945 3784 1202 3858 φίλτατος,
1251 3785 1333 3837 ὅτι
1384 3790 1479 3846 τῆς
1507 3782 1644 3855 λόγῳ

1810 3814 1815 3839 ι
1843 3781 2007 3855 quod
2045 3797 2174 3837 esse
2196 3796 2321 3837 non
2358 3780 2595 3847 desinit,
2626 3796 2815 3853 quare
2848 3783 3030 3840 etiam
3049 3785 3156 3855 qui
3180 3790 3401 3857 portat,

58 3891 102 3924 σε
149 3875 481 3949 θρεψαμένης
538 3872 890 3948 ἂποθρώσκει,
946 3882 1099 3926 τουτο
1156 3874 1320 3945 λέγοις
1552 3877 1644 3925 αὺ-

1811 3886 1921 3942 .ger
1941 3874 2030 3927 est
2055 3874 2119 3926 ut
2146 3869 2634 3927 atramentarius.
2660 3870 2970 3942 Utcunque
2993 3871 3055 3925 id
3087 3872 3179 3942 sit,
3210 3874 3402 3929 redux

55 3966 127 4024 τάς
160 3978 172 3990 ⁸
242 3961 498 4035 ἀκούομεν
553 3959 613 4015 δὲ
681 3964 843 4035 ἡμεῖς.
904 3961 1042 4021 Πλὴν
1108 3971 1198 4015 και
1250 3962 1381 4014 οὕτω
1427 3967 1637 4023 καπνός.

1810 3959 1926 4015 )bis
1956 3957 2252 4014 candidus
2281 3959 2417 4014 visu
2453 3972 2523 4014 ac
2564 3956 2919 4030 splendidus
2962 3965 3213 4031 apparet
3242 3966 3401 4033 post-

59 4054 311 4123 Καὶπαρά
355 4059 533 4121 τοῦτο,
580 4048 747 4123 οἶμαι,
785 4056 877 4109 καὶ
906 4053 932 4103 6
962 4052 1192 4123 κομίζων
1223 4054 1489 4123 καπνηρὸς
1525 4050 1641 4113 ὅλος

1805 4064 1935 4104 nam
1968 4050 2022 4103 te
2052 4046 2201 4102 facie
2239 4043 2680 4117 contemplatus
2709 4049 2797 4100 est
2827 4044 2938 4100 abs
2968 4050 3145 4118 teque
3175 4049 3396 4119 episto-

55 4144 126 4190 καὶ
177 4143 314 4213 γρηὶ
365 4148 580 4210 καμινοῖ
622 4142 753 4199 ἶσος.
808 4138 938 4192 Ἀλλ’
970 4141 995 4192 6
1048 4136 1260 4192 τοιοσὸε
1307 4144 1396 4191 καὶ
1444 4140 1510 4190 ὠν
1549 4145 1639 4192 καὶ

1808 4136 1855 4192 ri
1874 4135 2267 4190 zonacinctus
2289 4131 2486 4188 fuerit.
2516 4132 2603 4188 Ab
2624 4148 2693 4187 eo
2724 4133 3085 4190 sciscitando
3108 4139 3394 4193 sanctitas

60 4226 171 4281 ἥκων
233 4225 438 4281 ἐνθένδε
486 4229 728 4291 στιλπνὸς
785 4230 909 4300 ἡμῖν
954 4230 1202 4286 ἐπανήκοι
1232 4260 1298 4267 -ο
1328 4237 1436 4287 πῶς
1480 4233 1637 4287 εἴποις

1804 4243 1849 4282 .a
1878 4223 2189 4298 quomodo
2216 4238 2327 4278 nos
2358 4222 2472 4295 ipsi
2497 4221 2807 4277 valeamus
2826 4224 3172 4296 comperiet.
3201 4228 3395 4283 Domi-

58 4344 109 4354 η
132 4324 226 4371 καὶ
254 4315 389 4371 ἰδεῖν
431 4313 654 4379 ἡδιστος
696 4324 786 4370 καὶ
812 4314 1030 4391 φαιδρὸς
1067 4318 1319 4389 λάμποντι
1352 4323 1635 4389 προσώπῳ,

1746 4331 1861 4371 nus
1886 4313 2165 4386 precibus
2189 4312 2304 4367 tuis
2335 4310 2633 4367 exauditis
2660 4311 2953 4384 propitius
2985 4312 3129 4369 mihi
3164 4316 3322 4371 esto!

60 4400 207 4468 έκτῆς
237 4414 335 4467 σῆς
363 4403 625 4464 δήποῦθεν
663 4407 1053 4474 αὑτοπτήσεως,
1081 4411 1170 4458 καὶ
1199 4414 1290 4458 τοῦ
1320 4416 1506 4458 κεστον
1533 4414 1631 4458 τῶν
1662 4404 1981 4478 γραμμάτων
2016 4420 2109 4454 σου
2137 4395 2604 4472 ἐπισχεδιάζοντος
2642 4398 2782 4470 αὐτῷ
2811 4403 2869 4451 τὸ
2910 4397 3133 4474 ἐπιχαρι
3164 4419 3176 4431 '
3212 4404 3261 4463 6;
3308 4410 3400 4458 καὶ

60 4500 106 4562 τῇ
137 4504 201 4567 σῇ
238 4495 486 4566 ἁγιότητι
516 4491 670 4559 αὖθις
707 4493 970 4567 ἀναγγελεὶ
1016 4499 1083 4549 τὰ
1124 4494 1241 4549 καθ’
1286 4495 1443 4568 ἡμᾶς,
1477 4496 1611 4555 ὅπως
1642 4495 1873 4564 ἔχουσιν.
1913 4490 2079 4551 Ὶλεως
2110 4497 2185 4548 εἰη
2210 4508 2301 4562 μοι
2349 4492 2496 4561 Θεὸς,
2544 4483 2639 4540 διὰ
2662 4496 2759 4540 τῶν
2790 4496 2891 4540 σὼν
2926 4490 3211 4564 ἱερωτάτων
3235 4495 3399 4545 ἐντεύα

64 4578 177 4641 iam.

254 4708 326 4763 Κ.
367 4715 454 4778 Τῷ
498 4708 913 4771 Θεσοόιλονίκηςἐ
953 4718 1092 4781 κυρῶ
1136 4709 1424 4780 lium-0164’s).
1669 4709 1714 4762 D
1752 4708 1845 4761 v.4

1806 4707 2082 4761 .Domino
2114 4704 2435 4761 Eustathz‘o
2473 4703 2908 4760 Thessalonicae
2931 4706 3397 4776 archiepiscopo.

113 4815 398 4887 ’Ᾱγιὼτατε
478 4812 733 4885 δέσποτα,
823 4813 946 4868 οἰδα
1022 4821 1111 4873 τὴν
1180 4818 1459 4888 ἱερωτάτην
1546 4832 1640 4865 σου

1824 4812 2207 4866 Sanotissime
2224 4810 2487 4871 domine.
2504 4810 2687 4880 probe
2705 4811 2863 4881 novi,
2887 4813 3209 4867 candidam
3234 4818 3398 4867 tuam

60 4900 224 4976 {auxi}?
257 4910 358 4962 τήν
388 4904 552 4963 αὐτὴν
578 4901 761 4973 οὖσαν,
802 4905 862 4958 οὗ
893 4904 1082 4978 μᾶλλον
1123 4905 1170 4956 ἐν
1205 4913 1274 4975 τῷ
1318 4904 1642 4975 ἀναλλοιώτῳ

1807 4901 2019 4956 limam
2046 4909 2176 4956 tum
2208 4900 2369 4970 quod
2403 4898 2635 4953 bonum
2664 4905 3007 4971 rectumque
3041 4906 3131 4954 est
3163 4916 3398 4971 semper

60 5007 133 5043 των
178 4994 374 5047 λοιπῶν
426 4994 596 5046 καλῶν
639 4995 671 5054 ἦ
732 5002 796 5067 τῇ
849 4998 969 5068 περὶ
1017 4996 1158 5066 ἡμᾶς
1215 4991 1451 5047 διαθέσει
1498 5010 1592 5045 σου
1624 5009 1638 5022 '

1805 4991 1941 5062 equi,
1960 5004 2193 5061 nosque
2213 4988 2430 5043 eodem
2451 5004 2688 5059 semper
2708 5004 2914 5045 amore
2929 4990 3396 5060 amplecti.Niin-

58 5078 240 5144 οὐδενός
284 5085 391 5158 γὰρ
435 5082 598 5135 καλοῦ
648 5088 993 5156 μεταπίπτειν
1049 5084 1377 5156 μεμάθηκας,
1425 5081 1533 5133 ἀλλ’
1590 5080 1641 5143 ἐς

1806 5093 1938 5134 nam
1990 5077 2067 5133 ab
2096 5076 2362 5133 honestis
2399 5075 2633 5132 artibus
2661 5077 2976 5142 recessisti,
3017 5078 3140 5131 imo
3189 5092 3397 5134 earum

62 5170 403 5244 «κριϐίστερον
461 5170 653 5244 μᾶλλον
708 5170 1011 5244 ἔγκάεσθαι.
1061 5176 1162 5225 Καὶ
1226 5173 1509 5245 γράμμασι
1552 5172 1642 5242 μεν

1807 5166 2001 5237 astigia
2030 5181 2271 5238 semper
2299 5165 2587 5237 pressisti.
2612 5163 3051 5222 Commercium
3082 5165 3398 5237 epistolare

64 5256 188 5313 ιῦδεν
230 5261 261 5319 ἦ
306 5266 484 5333 μικρῷ
529 5264 816 5332 προσέχεις
861 5257 956 5313 διὰ
994 5259 1167 5332 φιλίαν
1206 5263 1638 5334 χαραττομὲνοις,

1816 5260 1902 5312 ter
1933 5255 2162 5311 amicos
2191 5259 2245 5309 te
2275 5270 2495 5325 parum
2527 5257 2750 5319 movet,
2787 5253 2892 5324 qui
2933 5268 3006 5307 ex
3037 5253 3167 5309 sola
3195 5256 3401 5312 anima

67 5345 116 5408 ti;
153 5349 337 5421 ψυχὴν
406 5345 469 5401 δέ
520 5348 711 5422 μᾶλλον
756 5352 1090 5423 προκύπτεις,
1146 5351 1379 5401 κάκεῖθεν
1443 5346 1645 5418 λαμϐά-

1808 5344 1977 5405 noris
2002 5343 2224 5416 pignus
2251 5347 2308 5399 et
2346 5342 2762 5398 certitudinem
2791 5341 3016 5397 hauris.
3061 5342 3127 5397 Id
3156 5359 3399 5417 quoque

66 5454 140 5497 ηις
167 5441 345 5499 τὸτῆς
405 5436 619 5509 ἀγάπης
675 5436 950 5510 ἐχέγγυον.
1000 5434 1164 5503 Οἶδα,
1196 5439 1275 5489 ὃτι
1325 5443 1413 5488 νῦν
1453 5435 1642 5507 μᾶλλον

1808 5434 1875 5490 :io
1896 5439 1951 5489 te
1976 5449 2086 5505 pro
2108 5433 2481 5489 humanitate
2501 5437 2606 5486 tua
2624 5446 2715 5485 res
2733 5436 2969 5488 nostras
2987 5432 3153 5487 cordi
3176 5433 3399 5490 habere

70 5523 91 5579 ἧ
152 5531 392 5601 πρότερον
460 5529 528 5579 τὰ
578 5526 697 5578 καθ’
751 5528 893 5599 ἡμᾶς
957 5525 1107 5588 ἐλεεῖς
1171 5527 1198 5578 6
1246 5524 1638 5598 φιλάνθρωποςο

1808 5542 1811 5576 ι
1837 5538 1949 5579 nos
1970 5537 2176 5578 amore
2202 5522 2487 5578 continuo
2516 5518 2796 5591 amplecti
2819 5536 2889 5576 ac
2914 5519 3137 5579 fovere.
3171 5523 3229 5579 Si
3259 5522 3399 5579 dein

67 5620 137 5667 καὶ
189 5615 335 5670 πλέον
402 5614 555 5669 ἐλεῶν
609 5617 986 5690 προπάσχεις
1043 5610 1355 5690 δριμύτερον
1382 5628 1398 5643 ·
1466 5616 1528 5665 τὸ
1584 5608 1646 5665 δε

1812 5614 1996 5669 natus
2014 5609 2319 5682 redamas,
2345 5622 2458 5679 ego
2484 5605 2594 5665 tibi
2621 5606 2834 5665 similis
2878 5623 3005 5667 non
3031 5625 3205 5681 sum;
3235 5612 3403 5683 quod
