4028 6308
599 324 703 382 335

602 629 790 688 animi
816 627 1036 684 affectu
1070 622 1388 681 sanitatem
1418 627 1475 680 et
1500 623 1948 695 longaevitatem
1974 627 2136 697 opto.

671 722 936 773 Praesens
963 712 1303 771 monachus
1337 711 1650 769 timidioris
1679 712 1898 770 indolis
1929 713 2111 770 frater
2157 716 2248 770 est

597 804 960 864 venerabilis
988 801 1271 860 Demetrii
1299 801 1696 874 Thessali,cui
1719 802 1941 861 auxilio
1960 807 2063 861 tuo
2089 818 2243 876 opus

596 899 705 956 est.
752 896 1003 953 Fruatur
1056 893 1238 964 igitur
1301 891 1669 964 benignitate
1706 897 1810 951 tua
1853 909 1924 950 ac
1975 892 2244 967 paterni-

592 990 738 1045 tate.
766 1015 836 1028 —-
855 987 1012 1042 Deus
1033 982 1183 1041 mihi
1209 982 1504 1056 propitius
1525 987 1652 1041 esto
1685 983 1766 1042 ob
1795 999 1998 1042 sacras
2035 997 2244 1056 preces

591 1081 751 1135 tuas.

1476 315 1846 376 MICHAELIS
1876 314 2261 376 ACOMINATI
2287 313 2718 377 ATHENARUM
2739 317 3057 379 ARCHIEP.

600 451 763 507 enim
790 445 1100 521 publicani
1139 443 1387 508 faciunt,
1415 443 1727 517 quomodo
1755 459 1852 501 res
1882 443 2091 515 magni
2115 460 2244 502 mo-

2355 445 2704 520 ἀφθονώτερον
2755 448 2925 520 τρέφει
2975 449 3036 500 τὸ
3097 454 3188 509 τῆς
3239 447 3426 520 ψυχῆς
3483 445 3862 524 διακείμενον,

601 539 783 597 menti
815 551 949 594 esse
976 534 1193 609 poterit
1213 533 1241 590 ?
1267 535 1350 590 Me
1385 534 1730 590 amantibus
1759 550 1831 592 eo
1868 549 1992 608 quo
2021 550 2133 608 par
2157 538 2250 592 est

3888 329 4026 385 336

3948 451 4026 505 Εἰ

2357 531 2416 588 δὲ
2442 537 2500 588 τὸ
2532 539 2603 600 μὴ
2636 533 2836 607 ἀγνοεῖν
2864 534 3200 609 ἀγαπώμενον
3255 533 3368 590 οἶδε
3424 542 3616 592 τίκτειν
3664 539 4017 616 ἀντέρωτα,

2353 631 2504 677 τοῦτο
2551 623 2683 676 όκνῶ
2725 627 3014 697 κομπάζειν
3067 627 3196 698 ἐγὼ,
3241 627 3319 679 ὅτι
3375 623 3516 700 μηδε
3574 631 3706 682 πάνυ
3767 633 4024 703 σεμνὸν

2353 717 2442 766 καὶ
2493 716 2552 765 τό
2596 716 2741 787 παρὰ
2790 714 3031 776 τελώναις
3078 716 3256 779 αὐτοῖς
3302 719 3747 792 κατορθούμενον·
3828 721 4025 772 ἐπεύ-

2349 821 2522 875 χομαι
2565 798 2625 856 δὲ
2671 811 2743 874 τῷ
2802 802 3140 876 ἀγαπήσαντι
3185 806 3326 877 ἡμᾶς
3381 808 3447 868 ὡς
3504 805 3653 879 αἰτὶῳ
3704 812 3817 860 καὶ
3894 817 4018 868 τῆς

2352 889 2762 964 ἀνταγαπήσεως
2836 893 3067 965 ὑγιεινὴν
3150 894 3289 955 ζωὴν
3361 898 3452 949 καὶ
3516 895 3853 972 μακρόϐιον.
3943 904 4015 950 '0

2352 979 2566 1042 εὐλαϐὴς
2609 981 2755 1043 οὗτος
2792 986 3030 1056 μοναχός
3077 979 3294 1053 ἁδελφός
3341 981 3456 1037 ἐστι
3519 993 3611 1038 τοῦ
3649 991 4015 1060 μακαρίτου

2355 1073 2617 1143 Δημτρίου
2671 1077 2764 1123 τοῦ
2815 1070 3098 1140 Θετταλοῦ,
3153 1077 3242 1125 καὶ
3288 1068 3460 1126 δεῖται
3501 1081 3597 1136 τῆς
3649 1081 3745 1137 σῆς
3819 1077 4012 1128 σεντε-

593 1164 914 1236 ληψεως’⁶”’
939 1160 1316 1216 Ἀπολαυσάτω
1352 1169 1477 1235 γοῦν
1505 1169 1595 1223 τῆς
1621 1163 1716 1224 σὴς
1745 1159 2087 1234 ἀγαθότητος,
2119 1158 2194 1216 δι’
2215 1163 2278 1220 ἣν
2295 1177 2349 1213 τε
2382 1155 2522 1230 εἶχες
2555 1161 2626 1222 εἰς
2664 1158 2853 1214 ἐκεῖνον
2880 1164 3140 1236 πατρικὴν
3163 1156 3421 1228 διάθεσιν,
3454 1167 3543 1216 καὶ
3581 1159 3676 1217 διὰ
3702 1167 3817 1224 τὴν
3852 1167 4012 1237 ἡμε-

593 1260 746 1328 τέραν
780 1251 1018 1317 ἀξίωσιν.
1042 1250 1210 1314 Ἲλεως
1233 1255 1309 1311 εἴη
1337 1271 1429 1325 μοι
1469 1255 1600 1314 Θεὸς
1629 1248 1722 1305 διὰ
1749 1259 1849 1304 τῶν
1879 1260 1980 1305 σῶν
2014 1253 2300 1328 ἱερωτάτων
2331 1249 2546 1321 εύχιῶν.

589 1377 948 1439 VLDomino
968 1374 1757 1446 Eustathio,Thessalonices
1772 1377 2237 1449 archiepiscopo.

662 1486 882 1545 Tecum
912 1501 1047 1544 esse
1075 1485 1277 1556 velim,
1299 1483 1536 1542 domine
1561 1484 1985 1555 sacratissime,
2013 1484 2239 1542 luctus-

591 1588 712 1652 que
739 1573 920 1633 vestri
952 1574 1256 1649 particeps
1291 1589 1444 1644 esse,
1476 1577 1534 1632 et
1580 1573 1894 1632 concinere
1919 1589 2059 1631 cum
2087 1574 2240 1632 Jere—

2589 1369 2655 1436 ς’.
2678 1378 2761 1446 Τῷ
2793 1372 3203 1444 Θεσσαλονίκης,
3230 1383 3374 1451 κυρῷ
3403 1375 3699 1452 Εύσταθίῳ.

2436 1477 2653 1534 Ἥθελον
2725 1479 2877 1543 αὐτὸς
2958 1481 3308 1558 συμπαρεῖναί
3389 1503 3500 1555 σοι,
3582 1490 4007 1562 μακαριώτατε

2351 1563 2603 1638 δέσποτα,
2645 1573 2741 1643 μαὶ
2783 1570 3056 1634 ξυναυλίαν
3109 1574 3331 1647 θρηνεῖν,
3370 1580 3460 1628 καὶ
3510 1582 3604 1629 τοῦ
3647 1575 4000 1650 ὀλοφυρμοῦ

590 1666 715 1724 mia
727 1668 830 1723 aut
844 1664 1025 1721 etiam
1038 1660 1334 1720 Ezechiele
1349 1662 1724 1737 nostro,quia
1733 1663 1878 1720 urbs
1889 1667 1992 1721 tua
2003 1661 2237 1734 eadem,

2348 1666 2604 1713 κοινωνεῖν
2631 1668 2703 1732 τῷ
2767 1659 2886 1714 καθ’
2932 1663 3070 1731 ἡμᾶς
3122 1661 3344 1737 Ἱερεμίᾳ
3397 1663 3487 1716 εἶτ’
3533 1664 3622 1717 οὖν
3672 1665 3994 1735 ’Ῑεζεκεὴλ,

588 1765 715 1828 qua
752 1752 896 1811 olim
917 1751 1123 1810 civitas
1154 1757 1384 1823 sancta,
1413 1751 1750 1810 calamitate
1779 1754 2089 1825 premitur.
2123 1752 2239 1808 Sed

589 1857 728 1899 cum
761 1841 877 1898 hoc
921 1839 1184 1898 maxime
1226 1845 1494 1914 tempore
1544 1842 1803 1913 separati
1846 1856 2076 1912 sumus,
2126 1840 2239 1898 has

587 1927 696 1988 tibi
723 1929 954 1988 litteras
1002 1929 1198 1986 luctus
1223 1929 1346 1986 mei
1372 1934 1551 1986 testes
1580 1930 1772 1987 mitto.
1797 1931 1939 1996 Quae
1977 1929 2122 1986 urbs
2158 1929 2237 1986 ab

584 2016 860 2078 hostibus
881 2022 1061 2092 capta
1081 2023 1168 2076 est
1193 2019 1203 2073 !
1233 2018 1431 2075 Prima
1448 2018 1728 2075 videlicet
1746 2022 1885 2092 post
1904 2019 2166 2092 primam
2181 2021 2240 2076 et

583 2107 856 2167 omnium
889 2123 1025 2165 vere
1054 2107 1327 2179 reginam
1353 2108 1366 2164 !
1389 2112 1689 2181 quantum
1725 2110 2106 2165 Romaaorum
2143 2107 2236 2163 in-

582 2197 915 2256 fortunium
947 2197 1036 2255 sol
1057 2197 1237 2255 vidit!
1263 2197 1446 2270 Eheu,
1480 2196 2090 2255 armorumltalorum
2110 2197 2237 2254 vim

578 2289 987 2362 perniciosam
1017 2288 1029 2344 ε
1061 2288 1218 2353 Quot
1240 2303 1427 2344 naves
1459 2303 1597 2344 cum
1637 2287 1785 2360 ipsis
1831 2286 2030 2344 nautis
2067 2302 2236 2344 mare

581 2377 848 2435 Siculum
878 2375 1184 2449 absorpsit
1212 2377 1224 2433 Ξ
1259 2377 1451 2442 Quam
1500 2375 1716 2433 urbem
1757 2375 2104 2433 inundavit!
2137 2378 2233 2433 Vae

577 2466 904 2523 Telchinis!
962 2465 1120 2522 Proh
1185 2464 1496 2533 invidiam,
1551 2481 1686 2538 quae
1736 2463 1903 2520 urbis
1948 2463 2233 2520 secundis

575 2556 760 2612 rebus
806 2553 1155 2613 adversaria
1194 2558 1354 2610 terra
1405 2552 1683 2626 marique
1732 2553 1906 2626 repit,
1953 2553 2234 2626 utrinque

576 2649 912 2718 protectam
952 2643 1224 2700 funditus
1270 2642 1553 2715 perdidit.
1581 2641 1770 2721 .Cujus
1813 2641 2055 2700 tandem
2087 2643 2234 2700 urbs

579 2737 793 2790 sancta
823 2732 1090 2788 criminis
1120 2747 1224 2788 rea
1247 2747 1446 2804 neque
1476 2731 1718 2804 patroni
1744 2729 1983 2802 urbani,
2010 2746 2122 2788 nec
2143 2747 2234 2788 ar-

576 2821 942 2894 chiepiscopi
971 2820 1347 2892 venerabilis,
1375 2835 1488 2876 nec
1512 2819 1789 2878 omnium
1819 2819 2059 2893 piorum
2095 2835 2233 2893 sup-

573 2910 1006 2986 plicationibus
1037 2910 1256 2967 salvari
1286 2910 1530 2983 potuit?
1558 2910 1696 2982 quis
1728 2909 1890 2966 enim
1918 2925 2028 2982 pro
2056 2910 2234 2966 Thes-

575 3000 840 3060 salonice
866 3001 968 3073 pia
995 3004 1156 3066 vota,
1181 2999 1493 3056 communi
1512 2998 1777 3072 hospitio
1802 3013 1928 3056 non
1954 2997 2232 3055 fecisset?
2267 3036 2308 3094 Ο

572 3093 787 3148 Preces
817 3093 1038 3146 nostrae
1072 3103 1248 3145 vanae
1276 3086 1551 3158 fuerunt;
1582 3089 1740 3144 Deus
1768 3087 1928 3143 enim
1958 3087 2237 3144 amaritu-

575 3180 733 3236 dinis
778 3177 1027 3235 calicem
1057 3176 1345 3234 omnibus
1388 3176 1799 3233 hauriendum
1828 3176 2044 3233 obtulit
2075 3181 2132 3232 et
2160 3176 2237 3233 ci-

570 3270 816 3325 vitatem
836 3266 1208 3322 luxuriosam
1235 3264 1515 3338 perdidit.
1546 3266 1736 3331 Quem
1763 3279 2036 3338 unquam
2055 3264 2234 3320 Thes-

574 3356 841 3412 salonice
871 3359 975 3411 aut
1006 3353 1288 3426 Byzantio
1310 3353 1733 3410 advenientem
1760 3353 1937 3409 autin
1957 3353 2235 3426 quemvis

574 3444 779 3500 locum
806 3443 1289 3515 proﬁciscentem
1333 3441 1594 3514 hospitio
1631 3458 1756 3498 non
1781 3441 2059 3514 excepit?
2097 3458 2233 3514 quae

574 3533 765 3588 instar
784 3529 983 3587 cordis
1004 3530 1064 3586 in
1088 3529 1342 3601 imperio
1376 3529 1488 3586 sita
1511 3535 1636 3587 erat
1649 3530 1753 3586 uni
1774 3529 2054 3602 Byzantio
2072 3535 2236 3602 post-

576 3617 1099 3693 ponenda,multis
1129 3618 1191 3672 in
1212 3617 1397 3674 rebus
1431 3617 2055 3690 aequiparandamunc
2075 3634 2236 3674 com-

575 3708 750 3766 muni
775 3707 955 3780 plaga
983 3705 1288 3777 ﬂagellata
1307 3705 1485 3778 jacet.
1529 3708 1646 3762 Nec
1675 3706 1923 3773 mirum,
1955 3710 2031 3775 te,
2065 3721 2236 3763 sanc-

575 3798 824 3866 tissime,
847 3796 985 3870 plus
1005 3811 1195 3869 quam
1226 3799 1476 3852 caeteros
1507 3809 1871 3867 perpessum
1903 3810 2056 3851 esse.
2081 3796 2236 3851 Deus

578 3887 739 3945 enim
765 3885 870 3960 qui
910 3885 1185 3943 omnium
1213 3884 1365 3941 vires
1400 3884 1663 3954 metitur,
1701 3884 2090 3956 adaequatan
2116 3883 2237 3940 cui-

578 3992 697 4051 que
727 3991 881 4033 onus
931 3973 1206 4048 imponit,
1259 3977 1315 4030 et
1343 3973 1491 4030 dum
1524 3973 1758 4030 homini
1782 3973 2124 4030 eﬂeminato
2152 3971 2238 4028 nil

577 4069 819 4140 portare
845 4064 1068 4121 valenti
1095 4063 1306 4136 parcit,
1339 4061 1681 4120 fortissimis
1719 4062 2060 4136 quibusque
2089 4076 2237 4134 quo-

576 4171 713 4212 rum
760 4158 826 4211 tu
875 4169 1129 4210 numero
1186 4152 1580 4209 ascribendus
1627 4152 1864 4218 videris,
1905 4152 2230 4209 durissima

577 4243 865 4318 pericula,
898 4246 1106 4314 utpote
1137 4241 1433 4298 honorem
1466 4241 1606 4297 inde
1644 4242 2053 4299 consecuturis
2085 4240 2230 4298 obe-

2347 1748 2529 1802 καθότι
2553 1749 2920 1824 παραπλήσιον
2973 1749 3184 1815 ἐκείνοις
3235 1760 3348 1815 τοῖς
3386 1753 3547 1807 πάλαι
3597 1761 3690 1816 τῆς
3741 1755 4000 1829 αἰχμα-

2345 1835 2539 1898 λωσίας
2599 1845 2694 1900 τῆς
2762 1847 2860 1901 σῆς
2920 1839 3346 1914 παραπὴλαυσας
3391 1841 3599 1904 πόλεως.
3669 1843 3827 1897 Ἐπεὶ
3923 1840 3997 1897 δὲ

2347 1923 2546 1998 ἀνάγκη
2612 1923 2905 1997 διεστάναι,
2945 1929 3218 2004 γράμματι
3266 1934 3466 2003 τῳτέως
3522 1931 3867 2005 ἀφοσιοῦριαε
3919 1937 3991 1985 τὸ

2349 2017 2658 2087 συμπενθεῖν
2710 2021 2800 2069 καὶ
2845 2012 3182 2092 δακρύουσαν
3232 2023 3323 2072 καὶ
3365 2021 3391 2071 ὃ
3439 2039 3595 2092 φασιν
3640 2019 3988 2095 ἀχνυμένην

2343 2106 2540 2162 ταύτην
2585 2108 2772 2178 πέμπω
2813 2105 3097 2164 σκυτάλην.
3149 2105 3220 2159 Ὠ
3257 2109 3344 2160 οἶα
3387 2108 3537 2172 πόλις
3578 2108 3729 2178 ἑάλω,
3761 2116 3983 2185 πρώτη

2344 2194 2478 2264 μετὰ
2517 2198 2612 2252 τὴν
2650 2200 2864 2269 πρώτην
2915 2199 3005 2248 καὶ
3033 2202 3140 2258 τοῖς
3190 2195 3405 2269 ἀγαθοῖς
3435 2198 3651 2252 ἁπασῶν
3692 2196 3988 2272 βασιλεύ-

2345 2282 2549 2338 ουσανί
2603 2284 2714 2335 οἵαν
2784 2283 3047 2356 Ῥωμαίων
3120 2288 3408 2360 συμφορὰν,
3465 2283 3599 2341 εἶδεν
3667 2289 3693 2339 ό
3753 2287 3978 2350 ἣλιοςῑ

2345 2375 2442 2424 Φεῡ
2491 2370 2668 2429 ἡλίκον
2707 2375 2933 2445 ἴσχυσεν
2984 2372 3209 2434 Ἰταλικὴ
3271 2375 3443 2449 αἰχμή
3470 2376 3482 2432 ι
3513 2375 3672 2430 Ὀσον
3713 2377 3983 2436 Σικελικὴ

2345 2457 2746 2536 ἀνερροίϐδησεν
2790 2463 3068 2535 άμπωτιςῐ
3122 2465 3234 2516 οἵαν
3294 2464 3441 2518 πόλιν
3495 2465 3788 2522 ἑπέκλυσεῑ
3867 2474 3980 2522 Φεῦ

2342 2557 2434 2604 τοῦ
2499 2553 2707 2624 φθόνου,
2777 2560 2868 2625 φεῦ
2923 2561 3022 2606 τῶν
3077 2553 3376 2627 Τελχίνωνῐ
3432 2559 3614 2618 Φθόνος
3654 2554 3717 2615 ἦν
3762 2559 3793 2609 ὁ
3853 2566 3984 2619 τοῖς

2344 2638 2561 2712 ἀγαθοῖς
2609 2639 2888 2713 βασκήνας
2937 2650 3026 2704 τῆς
3081 2642 3270 2704 πόλεως
3321 2660 3336 2674 ⁶
3393 2647 3576 2717 φθόνος
3640 2649 3783 2700 κατὰ
3861 2655 3976 2720 γῆν

2345 2731 2636 2802 στρατεύει,
2666 2734 2758 2783 καὶ
2810 2733 2945 2784 κατά
2990 2730 3246 2785 θάλατταν
3285 2733 3450 2808 ἕρπει,
3490 2739 3582 2788 καὶ
3628 2739 3724 2793 τὴν
3787 2733 3981 2811 δορυ-

2344 2822 2663 2891 φορουμένην
2747 2820 2872 2892 παρ’
2951 2819 3200 2895 ἑκατέρων
3291 2827 3568 2896 στοιχείων
3635 2823 3974 2901 ἑκατέρωθεν

2345 2909 2530 2981 πορθεῖ
2557 2911 2648 2960 καὶ
2693 2910 2960 2984 κατάκρας
3004 2914 3158 2984 αἱρεῖ.
3203 2912 3361 2983 Οἴμοι
3391 2911 3403 2968 !
3435 2917 3486 2964 τί
3513 2919 3766 2966 τοσοῦτον
3806 2914 3973 2976 πολις

2346 2996 2774 3070 πεπλημμέληκεν
2829 2999 3060 3064 εὐσεϐὴς,
3117 3000 3199 3052 ἵνα
3249 3004 3340 3052 καὶ
3405 3003 3671 3077 μάρτυρος
3736 3003 3971 3057 πολιούς

2345 3103 2452 3157 χου
2511 3085 2734 3148 ἔντευξις
2784 3085 3074 3160 αἰσχυνθῇ,
3125 3092 3214 3141 καὶ
3269 3097 3430 3162 σοφοῦ
3484 3088 3770 3164 ἀρχιερέως
3835 3095 3973 3146 ὁσία

2347 3175 2506 3248 εύχη,
2544 3175 2736 3248 μᾶλλον
2788 3173 2846 3230 δὲ
2885 3197 3089 3230 παντων
3155 3178 3374 3232 εὐσεϐῶν
3428 3175 3652 3252 δέησις;
3696 3186 3798 3246 Τίς
3861 3187 3968 3258 γὰρ

2346 3264 2440 3316 ούκ
2494 3261 2661 3318 ἐδεῖτο
2701 3267 2828 3338 ὑπὲρ
2873 3266 3267 3330 Θεσσαλονίκης
3307 3268 3610 3336 θεοκλυτῶν,
3651 3273 3724 3334 ὡς
3770 3272 3969 3332 κοινῆς

2344 3349 2598 3426 πατρίδος
2641 3358 2732 3405 καὶ
2779 3359 3114 3428 καταγωγίου
3167 3364 3379 3426 κοινοῦ;
3426 3357 3562 3410 Ἀλλ’
3610 3358 3968 3432 ἠλέγχθημεν

2346 3442 2516 3514 μάτην
2558 3440 2862 3515 εὐξάμενοιο
2899 3449 3032 3496 πᾶσι
3086 3447 3209 3518 γὰρ,
3261 3444 3427 3519 οἶμαι,
3481 3453 3700 3520 κερᾶσαι
3736 3454 3966 3523 πικρίας

2345 3535 2596 3602 ποτήριον
2625 3533 2758 3593 Θεὸς
2809 3528 3112 3602 ἓδεκαίωσε,
3144 3538 3234 3586 καὶ
3285 3538 3431 3608 παρὰ
3467 3544 3618 3590 τοῦτο
3666 3541 3726 3590 τὸ
3783 3542 3967 3592 κοινόν

2347 3617 2648 3693 ἐντρύφημα
2704 3617 2999 3694 προύδωκε.
3054 3626 3182 3675 Τίνα
3229 3631 3329 3676 τῶν
3386 3625 3626 3678 ἁπάντων
3688 3627 3789 3680 οὐκ
3845 3625 3959 3680 ἐδε-

2347 3705 2522 3770 ξιοῦτο
2577 3709 2953 3779 Θεσσαλονίκη,
3016 3711 3072 3763 ἐκ
3122 3712 3407 3774 Βυζαντίου
3472 3716 3502 3773 ἦ
3563 3713 3608 3776 ἐς
3665 3717 3961 3777 Βυζάντιον

2346 3799 2376 3855 ἣ
2444 3795 2777 3856 ὁπουδήποτε
2829 3797 3228 3873 παροδεύοντα;
3285 3803 3387 3855 Οἴα
3455 3805 3556 3879 γάρ
3614 3825 3691 3866 τις
3749 3803 3960 3880 καρδία

2346 3893 2439 3946 τῆς
2481 3885 2771 3959 Ῥωμαῖκῆς
2816 3887 2989 3961 ἀρχῆς
3044 3895 3137 3948 τὴν
3198 3895 3363 3963 μέσην
3421 3893 3585 3955 αὐτῆς
3642 3894 3808 3968 ἔλαχε
3840 3901 3955 3968 χώ-

2346 3993 2461 4047 ραν,
2493 3980 2584 4027 καὶ
2620 3996 2756 4029 πασι
2802 3981 2970 4031 κοινόν
3011 3977 3202 4051 ἀγαθόν
3245 3979 3463 4044 ἐξέκειτο
3492 4000 3506 4012 '
3551 3987 3641 4036 καὶ
3688 3992 3752 4058 τῇ
3802 3992 3957 4038 Κων-

2351 4070 2646 4135 σταντίνου,
2678 4067 2780 4120 ὅσα
2827 4068 3016 4142 κεφαλῇ
3077 4074 3167 4122 καὶ
3205 4070 3348 4124 πόλει
3398 4080 3488 4126 τοῦ
3535 4076 3782 4148 κράτους,
3831 4077 3957 4148 ὑφι-

2350 4154 2602 4222 ζάνουσα,
2663 4164 2762 4208 τῶν
2819 4156 3010 4211 λοιπῶν
3071 4158 3276 4231 ἀγαθῶν
3327 4161 3667 4234 ἡμφισϐήτει.
3725 4164 3810 4217 Ού
3849 4168 3953 4237 γὰρ

2339 4243 2488 4297 πλέον
2545 4264 2597 4298 τι
2639 4245 2803 4318 λέγειν
2859 4249 2889 4306 ἡ
2941 4252 3059 4323 περὶ
3115 4253 3209 4308 τὴν
3241 4249 3628 4322 βασιλεύουσαν
3666 4249 3842 4316 αἰδὼς
3874 4251 3958 4307 δί’

578 4332 748 4389 unda
771 4332 1076 4404 proponit.
1110 4331 1302 4391 Quare
1333 4329 1671 4386 absurdum
1699 4334 1856 4388 esset
1878 4331 2072 4387 virum
2094 4343 2232 4387 con-

2348 4329 2532 4386 δωσιν.
2567 4333 2682 4387 Ἐπὶ
2729 4344 2873 4409 κοινῇ
2925 4345 3071 4409 γοῦν,
3123 4340 3188 4400 ὡς
3226 4341 3370 4413 ἔφην,
3411 4343 3633 4415 μάστιγι
3665 4345 3722 4394 τό
3779 4347 3956 4397 κοινόν

581 4418 760 4477 solari
787 4418 1048 4476 voluisse
1086 4418 1190 4491 qui
1231 4434 1343 4474 nos
1370 4418 1540 4490 ipsos
1590 4433 1836 4474 omnem
1871 4418 2231 4491 sapientiam

580 4509 811 4576 edocet,
839 4513 896 4565 et
912 4524 1095 4581 quem
1112 4511 1270 4564 Deus
1294 4522 1402 4580 per
1421 4506 1643 4564 multos
1667 4523 1861 4564 annos
1888 4508 2224 4564 conservet!

2340 4421 2470 4474 ἑάλω
2509 4424 2860 4497 παραμύθιον.
2893 4426 2954 4480 Εἰ
3001 4423 3060 4479 δὲ
3111 4427 3259 4480 πλέον
3314 4427 3492 4500 αύτός,
3551 4431 3821 4504 ἁγιώτατε
3861 4437 3953 4486 καὶ

2339 4517 2602 4584 σοφώτατε
2641 4509 2892 4580 δέσποτα,
2923 4522 3013 4576 τῆς
3050 4522 3266 4590 πικρίας
3293 4516 3508 4590 ἐγεύσω,
3559 4524 3734 4573 καινὸν
3771 4515 3949 4576 οὐδέν.

582 4598 724 4653 Φιλεῖ
787 4600 888 4670 γὰρ
937 4599 996 4649 τό
1041 4603 1187 4648 Οεῑον
1237 4597 1330 4657 τὰς
1374 4591 1622 4668 δυνάμεις
1661 4603 1882 4669 μετρεῖν,
1921 4601 2013 4650 καὶ
2063 4604 2178 4658 ταῖς
2219 4593 2503 4672 δυνάμεσιν
2551 4601 2758 4674 ἐπάγειν
2806 4607 2864 4656 τό
2916 4601 3078 4680 βάρος
3129 4614 3229 4670 τῆς
3278 4613 3456 4682 πείρας
3523 4608 3798 4684 ἀνάλογον.
3853 4613 3952 4665 Καὶ

581 4690 755 4762 ὥσπερ
795 4690 883 4740 τὸν
939 4685 1168 4759 μαλακόν
1197 4690 1288 4738 καὶ
1320 4681 1426 4738 οἷον
1455 4681 1622 4759 μηδὲν
1671 4689 1834 4760 φέρειν
1867 4683 1993 4739 οὐδὲ
2030 4689 2125 4745 τὴν
2156 4685 2331 4761 ἀρχὴν
2365 4691 2590 4749 καθῆκεν
2622 4691 2692 4753 εἰς
2721 4688 2873 4745 οὐδὲν
2905 4689 3185 4770 δυσχερὲς,
3237 4697 3321 4750 ἵνα
3366 4681 3499 4774 πρός
3552 4707 3622 4771 τῷ
3676 4681 3851 4773 μηδὲν
3897 4719 3949 4751 τι

577 4775 831 4852 κερδᾶναι
854 4781 944 4829 καὶ
972 4783 1036 4849 τῇ
1059 4775 1193 4850 λύπη
1222 4777 1518 4848 καταποθῇ,
1551 4774 1684 4827 οὕτω
1726 4782 1796 4846 τῷ
1822 4779 2036 4848 γενναίῳ
2065 4779 2202 4829 κατὰ
2247 4780 2305 4831 σε
2332 4783 2422 4831 καὶ
2456 4783 2546 4838 τὴν
2574 4786 2756 4854 πεῖραν
2783 4789 2882 4834 τῶν
2913 4780 3213 4842 ἀϐουλήτων
3243 4789 3333 4838 καὶ
3381 4786 3507 4846 ύλην
3531 4793 3830 4854 ποιουωένῳ
3861 4788 3947 4842 εύ-

584 4865 920 4940 δοκιμήσεως
951 4867 1257 4941 θερμοτέραν
1284 4869 1379 4925 τὴν
1417 4884 1560 4942 παρα
1596 4873 1696 4918 τῶν
1717 4861 1968 4918 κινδύνων
1990 4865 2238 4939 ἐπήνεγκε
2266 4871 2524 4943 πύρωσινο
2565 4869 2931 4944 Ἀπειρόκαλον
2963 4868 3052 4925 οὖν
3090 4871 3280 4946 τοιῷδε
3318 4872 3474 4950 ἀνδρὶ
3504 4847 3946 4954 παραμυθητικόν

582 4955 925 5028 ἓπιστέλλειν,
957 4955 1012 5011 ὃν
1031 4959 1217 5031 ἔχομεν
1249 4955 1398 5012 αὐτοὶ
1418 4956 1596 5020 πάσης
1629 4953 1932 5029 φιλοσοφίας
1959 4951 2304 5030 διδάσκαλον,
2339 4956 2418 5014 ἀεὶ
2441 4957 2814 5033 φυλαττόμενον
2843 4964 2989 5035 παρὰ
3018 4970 3152 5018 Θεοῦ
3168 4963 3532 5040 πολυχρόνιον.
