4028 6308
59 324 158 383 337
1042 378 1045 379 ν
1112 325 1434 386 MONODIA
1470 325 1542 385 IN
1578 324 2022 387 EUSTATHIUM
2056 322 2396 387 THESSAL.
3339 325 3443 382 338

1413 600 2114 723 ΜΟΝΩΔΙΑ

699 845 880 936 ΕΙΣ
936 846 1179 937 TON
1235 845 1700 937 ΑΓΙΩΤΑἿ

1821 850 1897 937 Ν
1955 846 2845 939 ΘΕΣΣΑΛΟΝΙΚΗΣ

567 1060 1383 1240 ΚΥΡΟΝ
1555 1062 2963 1243 ΕΥΣΤΑΘΙΟΝ

1452 1504 2110 1617 ΜΟΝΟΒΙΑ

1729 1702 1800 1748 IN

412 1827 1338 1915 SANCTISSIMUM
1393 1831 2380 1917 THESSALONICES
2438 1831 3129 1918 EPISCOPUM

534 2051 1540 2210 DOMINUM
1633 2055 3002 2215 EUSTATHIUM

145 2518 217 2572 Ὠ
259 2521 489 2593 στυγνὸς
510 2517 658 2590 αἷὼν,
686 2521 726 2572 ὦ
749 2519 955 2595 τλήμων
1003 2522 1151 2595 ἡμεῖς
1177 2522 1324 2593 γενεά
1347 2521 1360 2577 !
1394 2520 1479 2576 οἶα
1504 2525 1695 2576 πεπόν-

1875 2523 1918 2579 O
1937 2522 2226 2581 saeculum
2240 2522 2624 2582 exsecrabile!
2645 2526 2688 2584 Ο
2708 2524 3107 2585 infortunatos
3125 2539 3240 2583 nos
3261 2524 3451 2600 ipsos!

88 2609 272 2683 θαμενῐ
317 2616 442 2672 Ιιῶς
485 2607 879 2684 ἕκτραγῳδὴσω
922 2607 1203 2670 τηλικοῦδε
1245 2619 1409 2665 κακοῦ
1438 2614 1692 2686 μέγεθος

1817 2614 2123 2681 Quomodo
2142 2615 2325 2686 hujus
2353 2614 2707 2673 calamitatis
2740 2616 3224 2688 magnitudinem
3253 2616 3459 2690 deplo-

85 2704 194 2759 Πῶς
243 2698 628 2774 ὀλοφύρωμαι;
675 2704 853 2776 Μέχρι
893 2704 995 2775 ’γὰρ
1032 2705 1171 2766 τινὸς
1202 2700 1404 2776 ἀφασίᾳ
1426 2706 1607 2755 πέσσω
1634 2705 1695 2756 τὸ

1817 2715 1933 2758 rem
1951 2702 1979 2758 ?
2004 2700 2170 2758 Unde
2197 2701 2387 2759 verba
2413 2702 2645 2760 luctum
2670 2704 2817 2761 satis
2844 2705 3127 2767 testantia.
3156 2720 3402 2762 sumam
3426 2704 3456 2760 Τ

88 2787 239 2860 ἄλγος
282 2793 380 2842 καὶ
407 2796 598 2862 κωφοῖς
636 2785 890 2866 δάκρυσι,
933 2795 1098 2865 μέχρι
1144 2794 1284 2853 τινὸς
1336 2791 1696 2865 ύπομινυρίζω

90 2874 358 2952 θρηνῶδες
414 2877 533 2931 κατ’
584 2877 807 2951 ἕμαυτὸν
834 2901 848 2914 ο
894 2883 963 2933 τὰ
1006 2883 1097 2953 μεν
1137 2884 1324 2954 αἴφνης
1347 2879 1698 2954 ἐκπεπληγμέ-

85 2984 165 3027 νος
189 2969 258 3029 ὡς
286 2970 422 3040 ἤχῳ
448 2968 799 3045 σκληροτέρας
829 2967 1051 3045 βροντῆς
1068 2978 1140 3042 τῷ
1164 2966 1411 3042 ἀδοκήτῳ
1436 2977 1532 3032 τῆς
1563 2989 1697 3023 σκυ-

93 3057 302 3130 θρωπῆς
358 3054 546 3127 ἀκοῆς,
577 3059 608 3118 ἦ
656 3063 750 3112 καὶ
787 3061 858 3122 ὡς
888 3058 1183 3133 καταιϐάτῃ
1218 3058 1528 3133 βεϐλημένος
1561 3078 1698 3119 σκη-

91 3152 219 3215 ne},
269 3150 371 3198 καὶ
413 3150 696 3221 στεναγμὸν
742 3153 895 3221 μόνον
939 3152 1138 3221 τῳτέως
1178 3151 1248 3211 ὡς
1291 3151 1485 3202 καπνὸν
1514 3146 1699 3222 ἀφιεὶς,

91 3241 180 3295 τῆς
231 3234 593 3310 ἐμπιπρὼσης
643 3233 838 3299 ὀδύνης
892 3237 1104 3314 έναργες
1155 3242 1448 3311 σήμαντρον
1480 3258 1494 3274 ο
1545 3239 1613 3291 τά
1642 3234 1703 3290 δε

1804 2791 2009 2861 Longo
2034 2806 2071 2848 a
2093 2795 2362 2864 tempore
2385 2791 2658 2849 dolorem
2687 2808 2894 2850 meum
2926 2793 3041 2850 edo
3059 2834 3076 2863 ,
3115 2793 3298 2851 mutis
3328 2797 3459 2850 tan-

1803 2884 1936 2937 tum
1957 2880 2242 2953 lacrymis
2257 2880 2486 2940 effusis.
2503 2882 2786 2939 Nuntium
2801 2882 3049 2956 quidem
3073 2882 3149 2940 de
3170 2881 3459 2939 Eustathii

1805 2974 1999 3027 morte
2034 2974 2303 3027 mentem
2341 2974 2409 3027 ut
2452 2970 2694 3039 tonitru,
2744 2975 2812 3028 ut
2846 2970 3102 3028 fulmina
3129 2969 3462 3044 improvisa

1807 3058 2119 3133 percussit,
2163 3074 2275 3115 nec
2315 3058 2483 3116 aliud
2528 3059 2644 3116 nisi
2688 3058 2949 3131 fumum,
2996 3058 3220 3117 doloris
3265 3058 3464 3115 intimi

1808 3163 1933 3222 quo
1966 3148 2201 3205 crucior
2218 3148 2481 3205 indicem
2509 3149 2736 3206 emitto.
2769 3148 2971 3206 Primo
2997 3148 3248 3222 quidem
3275 3147 3462 3204 ﬁdem

1808 3239 1896 3297 rei
1929 3253 2101 3295 novae
2135 3237 2360 3296 habere
2397 3254 2507 3296 nec
2544 3239 2714 3312 potui
2746 3254 2858 3296 nec
2893 3238 3079 3309 volui,
3111 3242 3174 3296 at
3200 3252 3310 3311 per
3335 3236 3463 3294 lon-

92 3328 156 3396 βὴ
203 3325 370 3378 θῦων
421 3327 555 3380 οὕτω
598 3323 798 3402 ῥᾳδίως
853 3326 1123 3404 βαρυτάτῃ
1174 3330 1439 3381 πιστεύειν
1488 3326 1700 3401 ἀγγελίᾳ

1817 3343 1958 3400 gum
1976 3327 2665 3400 tempuslucidissimam
2686 3327 2922 3386 stellam
2938 3326 3015 3385 de
3047 3327 3201 3385 cosio
3240 3326 3455 3399 delap-

96 3418 157 3479 ὡς
194 3415 485 3490 ἀϐουλήτῳ
534 3437 646 3491 μοι,
676 3416 890 3472 ἐπιπολὺ
923 3413 974 3472 δ’
1017 3418 1243 3472 ἀπειθεῖν
1271 3423 1362 3472 καὶ
1405 3414 1440 3471 δ
1445 3437 1700 3471 ιαπιστειν

1817 3433 1945 3474 sam
1992 3418 2367 3475 Eustathium
2411 3416 2687 3491 sepulcro
2724 3416 3036 3477 conditum
3074 3432 3211 3475 esse
3270 3416 3465 3475 incre-

94 3506 157 3571 ὡς
215 3508 281 3560 ἂν
355 3509 526 3581 μάτην
591 3509 727 3562 οὕτω
787 3508 981 3584 ῥεούσῃ
1049 3507 1263 3562 κάκεῖνα
1325 3508 1700 3582 λογοποιούσῃ,

1817 3507 1995 3564 dulus
2024 3523 2402 3583 acceperam.

98 3598 190 3650 ὅσα
210 3603 288 3671 μή
328 3599 481 3671 θέμις
502 3601 772 3674 προφέρειν
799 3601 899 3653 εἴτε
928 3600 1262 3672 προσίεσθαι·
1286 3596 1439 3661 ’Ἱσης
1458 3600 1561 3672 ’γὰρ
1594 3597 1814 3662 ἀτοπίας
1843 3601 1941 3652 εἴτε
1966 3604 2296 3672 καινοτομίας
2319 3597 2553 3672 ένὸμιζον
2582 3599 2938 3654 πυνθάνεσθαι
2956 3603 3047 3655 καὶ
3074 3600 3337 3654 πιστεύειν
3363 3596 3459 3652 ἀσ-

95 3690 212 3762 τέρα
228 3691 359 3741 τινὰ
386 3684 799 3761 διαφανέστατον
825 3688 1098 3762 οὐρανόθεν
1128 3693 1307 3761 χαμαὶ
1333 3695 1527 3756 πεσεῖν,
1562 3692 1652 3741 καὶ
1679 3691 1766 3755 τὸν
1795 3692 1957 3763 μέγαν
1989 3688 2276 3741 Εύσταθιον
2304 3684 2563 3742 ὖποδῦναι
2583 3696 2701 3761 γῆν.
2782 3753 2795 3765 .

161 3777 322 3829 Οὕτω
380 3778 469 3848 μὲν
522 3772 611 3831 οὖν
663 3781 753 3830 καὶ
796 3773 891 3831 διὰ
934 3783 1103 3830 ταῦτα
1132 3774 1256 3839 αὖος
1286 3779 1437 3835 ἔστην
1467 3775 1517 3840 ές
1544 3773 1700 3852 δεῦρο

1887 3776 1978 3834 Sic
2001 3776 2155 3833 inter
2181 3775 2485 3849 lacrymas
2510 3780 2568 3833 et
2582 3777 2840 3849 gemitus
2857 3776 3096 3833 haerens
3115 3790 3264 3834 voce
3288 3775 3469 3833 inter-

96 3871 179 3921 καὶ
226 3865 418 3934 έννεὸς,
470 3864 514 3920 εἰ
559 3870 652 3920 καὶ
700 3865 883 3937 ἄλλως,
942 3869 1011 3928 ὡς
1066 3867 1210 3941 ἔφην,
1254 3864 1527 3929 ἀλαλήτοις
1579 3885 1700 3920 στε-

1817 3865 1984 3923 clusa
2019 3865 2140 3922 mei
2176 3881 2428 3938 compos
2465 3880 2590 3921 non
2643 3865 2751 3935 fui,
2790 3864 2895 3922 ubi
2934 3865 3216 3921 nuntium
3252 3879 3467 3923 verum

95 3964 309 4030 ναγμοῖς
382 3953 699 4030 ἑκοπτόμην,
770 3960 863 4009 καὶ
928 3955 1404 4031 περιελιμναζὸμην
1472 3955 1700 4032 ύποϐρο-

1817 3970 1965 4023 esse,
1997 3953 2152 4027 proh
2184 3953 2358 4011 dolor
2390 3954 2402 4010 ι
2445 3958 2820 4027 compertum
2847 3953 3056 4011 habui.
3091 3953 3207 4010 Sed
3234 3956 3294 4010 et
3324 3969 3465 4009 cum

96 4053 235 4118 χίοις
313 4044 556 4121 δάκρυσι
623 4051 715 4101 καὶ
788 4049 889 4121 πρὸ
951 4065 1138 4122 καιρου
1215 4045 1543 4120 ϐιαζομένοις
1605 4050 1700 4106 τὴν

1817 4048 2088 4119 apertam
2141 4042 2545 4100 calamitatem
2583 4058 2706 4100 non
2755 4042 2955 4100 minus
3003 4042 3262 4116 plango;
3306 4058 3466 4101 nunc

98 4136 320 4210 ίκρηξιν.
372 4140 482 4189 Νῦν
527 4131 587 4190 δι
629 4134 758 4189 ἀ).λά
801 4140 893 4191 καὶ
916 4140 1224 4210 πέπεισμαι,
1260 4139 1325 4198 ὡς
1355 4135 1448 4189 οὐκ
1489 4135 1698 4210 ὤφελον,

1817 4148 2058 4207 quoque
2081 4131 2368 4205 lacrymte
2399 4147 2613 4189 vocem
2651 4131 3005 4189 occludunt.
3045 4134 3329 4190 Attamen
3360 4131 3467 4189 ubi

100 4224 430 4300 ἀληθευούσῃ
489 4232 551 4299 τῇ
597 4230 764 4299 πικρᾴ
810 4224 1048 4299 ἀγγελίᾳ,
1096 4230 1187 4279 καὶ
1240 4233 1351 4288 πῶς
1382 4228 1569 4299 μικρὸν
1612 4233 1700 4287 τῆς

1817 4223 1985 4280 dolor
2010 4238 2221 4280 vocem
2258 4237 2384 4279 non
2443 4221 2821 4295 impediverit
2874 4221 3183 4280 lenimenti
3233 4221 3466 4296 aliquid

101 4312 393 4380 ἐκπλήξεως
481 4312 800 4388 ἀνενεγκὼν,
907 4316 1162 4370 ἔκπυστον
1248 4313 1521 4387 ἀνοιμώζω
1612 4317 1700 4369 καὶ

1817 4310 2115 4382 invenero,
2165 4314 2224 4368 et
2277 4311 2474 4368 amico
2533 4310 2819 4369 defuncto
2859 4310 3132 4369 ofﬁcium
3189 4309 3464 4368 debitum

100 4409 298 4479 γοερὸν,
382 4408 477 4458 καὶ
551 4408 721 4477 φωνήν
786 4402 976 4479 ἀφίημι
1050 4404 1301 4478 κλαυθμῷ
1375 4406 1692 4478 σύμμικτον.

1817 4399 2185 4474 persolvero.
2226 4399 2343 4456 Sed
2378 4399 2530 4472 quid
2575 4399 2824 4457 tandem
2861 4398 3140 4456 faciendo
3184 4398 3463 4458 dolorem

100 4496 255 4568 τάχα
300 4495 435 4569 γὰρ,
484 4493 620 4547 οὕτω
668 4500 760 4547 τοῦ
812 4493 1002 4567 ἄλγους
1039 4501 1103 4567 τῇ
1162 4496 1482 4570 γεγωνοτέρᾳ
1540 4512 1700 4568 προσ-

1817 4505 2018 4546 meum
2054 4488 2269 4546 melius
2293 4488 2680 4548 manifestare
2701 4489 2987 4546 videbor?
3012 4488 3464 4548 Obmutescam-

105 4585 425 4641 αωιλαύσει
499 4588 800 4658 κενουμένου
860 4583 1053 4658 θύραζε
1099 4587 1228 4660 πρὸς
1271 4581 1479 4660 βραχύ,
1527 4602 1700 4656 κουφι-

1817 4594 1888 4637 ne
1912 4582 1978 4635 ut
1994 4577 2123 4636 heri
2141 4593 2351 4636 eorum
2373 4578 2452 4636 ad
2480 4577 2671 4637 instar
2693 4579 2801 4653 qui
2827 4577 3166 4636 secundum
3188 4576 3463 4637 fabulam

107 4680 230 4747 σμον
287 4694 412 4729 τινα
467 4679 560 4729 τοῦ
610 4672 894 4735 λυποῦντος
945 4673 1076 4747 εὕρω
1108 4690 1123 4706 ⁸
1184 4677 1275 4727 καὶ
1321 4671 1433 4745 οἶμα
1472 4680 1546 4743 τῷ
1592 4690 1700 4725 κει-

1817 4685 1932 4743 prae
1951 4669 2138 4727 nimio
2154 4669 2360 4728 dolore
2381 4669 2447 4726 in
2465 4669 2717 4727 arbores
2731 4674 2836 4728 aut
2856 4684 3008 4727 saxa
3030 4668 3246 4727 mutati
3280 4671 3421 4725 sunt
3442 4684 3458 4736 ;

104 4768 231 4839 μένῳ
287 4768 492 4837 κόσμον
543 4760 727 4817 οἰκεῖον
786 4757 1052 4816 ἀποδώσω
1098 4768 1280 4815 τοῦτον
1345 4764 1436 4814 καὶ
1503 4756 1539 4813 δ
1543 4763 1700 4814 ικαιὸ-

1817 4762 1920 4817 aut
1933 4773 2176 4830 gemam
2202 4758 2577 4832 fremamque
2586 4762 2653 4816 ut
2675 4758 2880 4825 modo,
2909 4756 3343 4831 adexemplum
3355 4771 3460 4812 eo-

104 4871 252 4908 τατον
305 4852 537 4928 ὄφλημα.
588 4856 691 4907 Καί
741 4856 825 4906 τοί
870 4871 931 4925 γε
982 4851 1149 4916 ἄλλως
1202 4850 1280 4905 ἐπ’
1332 4849 1599 4925 ἀμφοτέρα
1639 4857 1700 4923 τῇ

1817 4863 1951 4906 rum
1960 4848 2067 4922 qui
2076 4848 2409 4905 secundum
2427 4847 2786 4922 Prophetam
2798 4847 3110 4922 planctum
3128 4844 3356 4902 faciunt
3365 4858 3461 4901 ve-

103 4950 278 5018 γνώμῃ
346 4942 696 5019 ῥιπτάςομαι,
761 4937 1046 5017 διαπορῶν,
1109 4944 1339 5015 ποτέρως
1392 4938 1453 4993 ἃν
1510 4938 1700 5012 μᾶλλον

1817 4936 2238 4996 lutdraconum
2249 4979 2264 5005 ,
2277 4936 2573 4995 etluctum
2583 4937 2762 5011 quasi
2774 4935 3176 4994 struthionum
3187 4934 3215 4991 ?
3229 4934 3460 4990 Utrum-

105 5033 395 5105 τηλικούτῳ
460 5032 621 5085 πάθει
684 5029 981 5090 κατάλληλα
1046 5034 1325 5105 φαινοίμην
1387 5027 1700 5103 ἀφοσιούμε-

1817 5043 1933 5101 que
1954 5027 2104 5089 mihi
2126 5042 2160 5084 e
2182 5042 2248 5086 re
2266 5041 2405 5085 esse
2424 5026 2656 5087 videtur
2684 5025 2764 5084 ob
2786 5023 3267 5098 magnitudinem
3295 5021 3459 5081 cala-

107 5141 182 5186 νος
227 5118 334 5197 ἆρα
389 5129 454 5196 τῇ
504 5123 632 5195 χθὲς
689 5118 880 5194 βαθείᾳ
930 5127 1100 5195 σιωπῇ⁹
1154 5125 1246 5174 καὶ
1306 5126 1415 5182 τοῖς
1479 5117 1701 5192 ἀφώνοις
1811 5116 2057 5176 mitatis.

110 5215 429 5287 στινάγμασι
480 5214 540 5264 τὸ
596 5209 910 5285 ὑπερϐάλλον
961 5217 1052 5264 τοῦ
1100 5211 1298 5274 πάθους
1334 5205 1706 5283 παραδεικνύς,
1748 5210 1812 5269 ὣς
1840 5209 1891 5261 οἰ
1917 5209 2062 5283 παρά
2082 5226 2192 5274 τοὶς
2218 5209 2405 5280 μύθοις
2429 5202 2904 5283 ἀποδενδρούμενοι
2928 5206 3020 5257 καὶ
3041 5200 3337 5277 λιθούμενοι
3363 5218 3378 5235 ⁶
3422 5204 3454 5264 ἦ

110 5301 289 5373 μᾶλλον
323 5299 629 5374 ἀνοιμώζων
656 5303 748 5353 καὶ
779 5300 969 5375 θρήνου
997 5301 1281 5375 κατάρχων
1308 5304 1533 5373 σήμερον
1561 5300 1700 5352 κατά
1725 5299 1846 5360 τοὺς
1873 5299 2213 5370 ποιουμένους
2238 5299 2383 5372 ποιρά
2409 5304 2482 5371 τῷ
2504 5301 2746 5372 προφήτῃ
2778 5296 2994 5348 κοπετὸν
3027 5295 3098 5356 ὡς
3128 5289 3453 5368 δρακόντων,

110 5396 191 5445 καὶ
240 5393 425 5453 πένθος
477 5392 549 5454 ὡς
601 5390 897 5464 θυγατέρων
951 5394 1238 5466 σειρήνων;
1292 5387 1465 5443 Ἐοικε
1513 5389 1615 5463 γὰρ
1673 5387 1931 5464 ἑκάτερον,
1983 5386 2078 5440 οὐκ
2127 5386 2224 5450 ἔξω
2274 5391 2463 5441 πίπτον
2515 5392 2724 5462 καιροῦ,
2779 5378 3126 5459 παραμετρεῖν
3181 5402 3455 5461 συμφορας

115 5482 335 5552 μέγεθος.

181 5576 274 5625 ﬁeri
326 5575 423 5624 τοῦ
485 5575 666 5624 κοινοῦ
730 5567 985 5632 πάθουςι
1055 5575 1146 5644 φεῦ
1210 5575 1303 5623 τοῦ
1362 5570 1703 5642 παγκοσμίου

118 5664 416 5738 κακοπραγή
422 5678 587 5736 ματος
633 5657 650 5718 ι
721 5650 815 5722 Εἷς
864 5657 1198 5715 ὑπολέλειπτο
1261 5656 1385 5733 βίου
1439 5656 1708 5733 λαμπτὴρ,

1889 5568 1984 5624 Vas
2010 5580 2333 5625 commune
2364 5563 2761 5624 infortunium
2788 5563 2802 5621 l
2835 5579 2924 5622 τω
2957 5563 3199 5637 jactura
3233 5560 3470 5620 univer-

1818 5654 1988 5715 salis!
2024 5656 2151 5717 Una
2186 5657 2497 5728 supererat
2530 5653 2666 5715 vitae
2707 5652 2896 5722 stella,
2934 5652 3040 5715 fax
3080 5668 3208 5715 una
3237 5648 3467 5720 litteris,
