4028 6308
587 336 697 397 839

589 459 1106 519 unumluminare
1124 457 1367 524 amandi,
1389 472 1548 513 unus
1573 454 1666 511 sol
1688 453 1842 510 sacri
1871 453 2245 512 ordinis.Sed

590 566 689 607 res
702 566 779 605 ne
800 548 985 605 fando
1005 548 1251 621 quidem
1268 546 1477 604 audita
1496 562 1509 600 :
1538 545 1633 599 hic
1651 558 1893 616 quoque
1915 543 2240 599 exstinctus

593 642 701 710 est,
726 654 837 694 nos
858 637 918 692 in
944 641 1237 692 aeternum
1259 633 1541 691 deseruit.
1570 632 1953 698 Quomodo,o
1985 630 2095 700 sol,
2114 632 2244 687 sus-

589 725 820 784 tinuisti
851 725 1039 781 solem
1064 728 1406 780 terrestrem
1438 720 1699 794 amplius
1729 736 1852 776 non
1883 720 2108 790 videre,
2138 720 2244 793 qui

590 816 745 872 inter
787 813 1069 870 mortales
1104 813 1217 869 fuit
1250 811 1419 886 quod
1459 815 1527 867 tu
1561 810 1716 866 inter
1754 810 1957 887 astra?
1984 813 2054 864 At
2078 825 2243 865 nunc

591 904 720 957 atra
734 901 928 971 caligo
938 901 1217 957 universo
1231 898 1460 956 mundo
1480 894 1749 966 incubat,
1764 896 2023 954 tenebras
2045 901 2102 953 et
2123 913 2242 954 nox

590 988 792 1046 illunis
816 988 1003 1045 vitam
1020 988 1431 1061 persequitur;
1462 1002 1574 1043 nos
1595 990 1862 1042 errantes
1884 984 2037 1041 sicut
2053 1002 2243 1059 quon-

591 1075 736 1132 dam
776 1076 1032 1149 Egyptii
1069 1080 1376 1148 pastorem
1398 1079 1668 1146 ereptum
1686 1072 2105 1137 desideramus
2138 1074 2242 1146 qui

592 1164 886 1237 sapientia
907 1164 1218 1236 pastoritia
1241 1164 1394 1220 inter
1419 1176 1652 1228 omnes,
1695 1162 1847 1217 sicut
1870 1167 2075 1232 pastor
2092 1162 2246 1218 inter

591 1269 834 1326 pecora,
866 1253 1197 1325 eminebat;
1238 1268 1353 1309 nos
1402 1248 1803 1325 philosophiae
1829 1249 2008 1306 amici
2039 1266 2242 1319 regem

595 1342 1002 1413 scientiarum,
1034 1346 1346 1415 parentem
1375 1339 1732 1412 eloquentiaa
1762 1337 2078 1395 deflemus.
2108 1341 2245 1395 lure

594 1432 757 1487 enim
784 1431 1005 1502 majori
1038 1429 1378 1487 Eustathius
1406 1426 1482 1484 de
1523 1428 1771 1484 nomine
1810 1427 1975 1496 regio
2005 1427 2243 1497 gloriari

593 1523 829 1591 poterat
858 1535 1045 1592 quam
1075 1517 1343 1590 sophista
1366 1516 1463 1572 ille
1492 1516 1744 1583 Atticus;
1778 1515 2047 1587 synodus
2073 1529 2245 1571 sacra

593 1622 839 1680 quoque
866 1605 1110 1662 oculum
1146 1621 1328 1661 suum
1357 1609 1414 1661 et
1438 1620 1654 1661 vocem
1682 1604 1845 1660 illam
1877 1603 2087 1674 quierit
2105 1619 2241 1676 quae

593 1694 779 1751 verba
808 1709 946 1765 rege
971 1694 1157 1766 digna
1183 1694 1363 1763 longe
1388 1693 1627 1764 lateque
1652 1692 2167 1765 pronuntiaverat.

1452 328 1825 389 MICHAELIS
1860 329 2251 389 AGOIINATI
2285 329 2722 389 ATHENARUM
2755 328 3085 387 ARCHIEP.

3882 327 4020 383 346

2350 451 2420 514 εἷς
2479 453 2636 524 λόγου
2696 454 2919 526 πυρσὸς,
2980 451 3033 505 ἓν
3090 454 3293 524 κόσμου
3362 454 3501 523 μέγα
3565 457 3689 522 φῶς,
3726 446 3816 510 εἷς
3907 457 4020 509 τῆς

2350 542 2468 595 καθ’
2516 543 2657 614 ἡμᾶς
2711 544 2993 615 ἲερωσύνης
3045 540 3210 603 ἣλιος.
3280 544 3382 593 Καὶ
3445 546 3535 591 νῦν
3594 539 3657 608 (ὦ
3723 545 3838 599 τῆς
3902 546 4020 589 τοῦ

2349 634 2539 691 παντὸς
2587 632 2905 702 συγχύσεως
2946 630 2987 703 ι)
3033 633 3120 682 καὶ
3169 630 3318 690 οὗτος
3373 627 3530 700 (ἀλλά
3583 635 3696 688 πῶς
3746 626 4020 697 γλῶττα

2354 721 2592 795 θρασεῖα,
2642 722 2701 771 τὸ
2751 726 2998 772 τοσοῦτον
3055 718 3115 769 ἂν
3163 716 3409 790 φθέγξαιο
3433 715 3473 788 ;)
3533 714 3763 782 ἀπέσϐη,
3826 734 4019 787 παρ-

2350 813 2520 881 ῴχετο
2551 822 2564 835 ⁸
2638 811 2697 859 τό
2760 803 2983 880 φροῦδος
3046 809 3171 881 ἡμῖν
3234 812 3325 859 τοῦ
3384 805 3593 858 λοιπον.
3661 800 3790 856 Εἶτα
3877 812 4020 863 πῶς

2351 893 2574 968 ἀνέσχες
2604 895 2780 965 αὐτὸς,
2831 896 2871 948 ὣ
2913 895 3044 960 ἧλιε,
3086 894 3250 947 οὐκέτ’
3304 893 3566 966 ὀψόμενος
3620 896 3706 944 τὸν
3747 890 4019 944 ἀντανί-

2353 986 2558 1056 σχοντά
2609 1003 2690 1037 σοι
2745 986 2903 1055 γῆθεν
2952 982 3191 1042 ἀνθήλιον
3238 987 3329 1035 καὶ
3370 982 3511 1034 τοῦτ’
3561 986 3684 1033 ὄντα
3706 988 3836 1043 τοῖς
3878 982 4012 1032 ὑπὸ

2352 1076 2429 1139 σε,
2458 1074 2582 1147 ὅπερ
2635 1076 2700 1124 σὺ
2746 1080 2855 1134 τοῖς
2891 1072 3094 1133 λοιποῖς
3145 1070 3428 1147 ἀστράσις
3482 1075 3647 1143 Ζόφος
3696 1067 3790 1122 οὖν
3846 1068 4010 1121 ἁκο-

2354 1166 2515 1233 σμίας
2560 1160 2873 1233 ὶπικέχυται
2916 1166 2988 1232 τῷ
3037 1165 3194 1214 παντὶ
3247 1157 3282 1213 δ
3287 1163 3343 1213 ιὰ
3392 1166 3578 1225 ταῦτα,
3615 1163 3705 1211 καὶ
3767 1163 4013 1220 σκότος

2350 1238 2585 1322 ἀλαμπὲς
2634 1253 2721 1302 τὸν
2767 1252 3012 1322 ἡμέτερον
3067 1248 3183 1321 βίον
3238 1253 3488 1321 κατέσχε,
3538 1252 3628 1299 καὶ
3685 1267 4013 1321 συμφοραῖς

2350 1338 2609 1412 ἆναστρος
2680 1338 2791 1401 νύξ’
2873 1343 2963 1390 καὶ
3028 1340 3099 1399 ὡς
3171 1337 3453 1408 Αἰγύπτιοι
3524 1341 3775 1410 πρότερον

2349 1426 2641 1499 ψηλαφητῷ
2700 1431 2868 1498 σκότῳ
2924 1426 3259 1498 πλαζόμενοι,
3304 1426 3562 1497 ποθοῦμεν
3621 1427 3671 1477 οἱ
3733 1444 4014 1497 ποιμαι-

3880 1337 4009 1386 ὑπὸ

2348 1534 2515 1576 νοντες
2567 1515 2787 1583 λογικῶς
2858 1519 2939 1567 τὸν
3009 1513 3273 1586 ἐπιστήμῃ
3333 1522 3647 1586 ποιμαντικῇ
3714 1517 4010 1585 τοσούτῳ

2349 1605 2548 1663 πάντας
2610 1602 2979 1678 ὑπερϐαλόντα,
3040 1604 3142 1654 ὅσα
3213 1608 3301 1655 καὶ
3365 1606 3546 1674 νομεύς
3610 1600 4011 1674 βοσκήματα,

2350 1692 2399 1743 οἱ
2436 1697 2553 1766 περὶ
2591 1691 2772 1763 λόγους
2808 1695 2896 1743 τὸν
2937 1690 3162 1764 βασιλέα
3198 1700 3297 1743 τῶν
3326 1690 3488 1762 λόγων
3516 1696 3607 1742 καὶ
3635 1694 3857 1765 πατέρα
3892 1700 4008 1751 τῆς

593 1782 905 1853 λογιότητος.
939 1786 1256 1857 Δικαιότερος
1284 1784 1384 1855 γὰρ
1416 1783 1631 1853 ὀημέγας
1652 1781 1940 1842 Εύσταθιος
2066 1779 2318 1853 βασιλείῳ
2348 1779 2440 1837 κλὴ
2453 1788 2533 1832 σεῐ
2565 1782 2929 1853 σεμνύνεσθαι,
2966 1784 3098 1855 ἥπερ
3123 1787 3308 1841 εκεῐνος
3342 1781 3367 1830 ὁ
3399 1779 3636 1840 Ἀττικός
3669 1785 4001 1851 σοφιστὴς,

594 1874 781 1925 καθότι
821 1876 911 1924 καὶ
957 1876 1049 1930 τὴν
1097 1876 1281 1943 σοφίαν
1312 1871 1459 1931 οὗτος
1488 1867 1680 1923 ἐκείνου
1711 1868 1843 1923 πολὺ
1870 1868 2259 1942 βασιλεύτερος.
2288 1875 2448 1926 Ζητεῑ
2470 1873 2561 1921 καὶ
2594 1866 2809 1930 σύνοδος
2843 1870 2954 1942 ἱερὰ
2981 1872 3069 1920 τὸν
3096 1868 3284 1931 ἑαυτῆς
3315 1865 3726 1940 διαφανέστατον
3756 1867 3995 1940 ὀφθαλ-

592 1964 710 2033 μὸν,
740 1964 830 2013 καὶ
853 1964 919 2013 τὰ
944 1960 1193 2033 βασίλεια
1218 1959 1593 2033 περιλαλούσαν
1623 1965 1789 2010 ταῦτα
1825 1963 1995 2030 φωνὴν
2023 1962 2112 2010 καὶ
2141 1960 2547 2031 περιαγνυμένην
2575 1964 2681 2019 τοῖς
2712 1961 2954 2030 πέρασιν.

667 2048 881 2107 Civitas
907 2048 1325 2109 Thessalonice
1349 2048 1479 2105 heri
1506 2046 1874 2115 felicissima,
1904 2046 2084 2123 hodie
2113 2062 2243 2119 per-

2422 2045 2489 2098 Ἦ
2549 2064 2607 2121 γε
2670 2049 2773 2118 μὴν
2830 2042 3093 2117 εὐδαίμων
3138 2047 3269 2117 χθὲς
3325 2042 3403 2098 δι’
3456 2044 3639 2119 ἐκεῖνος
3682 2044 3991 2098 Θεσσαλο-

592 2152 779 2210 quam
808 2137 1196 2203 infortunata,
1227 2136 1370 2210 quia
1408 2140 1575 2193 tanto
1604 2135 1727 2211 filio
1756 2137 1988 2211 privata
2016 2141 2245 2208 quanto

592 2243 733 2283 cum
755 2226 919 2282 luctu
959 2242 1274 2297 sponsum,
1308 2216 1610 2298 pastorem
1641 2224 1894 2285 bonum,
1915 2230 2240 2297 praecepto-

591 2330 722 2371 rem
776 2315 1131 2387 sapientem,
1189 2315 1568 2380 salvatorem,
1617 2314 1863 2383 genium
1908 2314 2241 2375 tutelarem,

592 2408 1098 2476 popugnatorem,
1156 2419 1280 2459 uno
1324 2402 1509 2458 verbo
1568 2402 1935 2468 columnam,
1988 2407 2050 2456 ut
2104 2417 2241 2457 cum

596 2492 852 2564 Pindaro
882 2492 1116 2563 loquar,
1154 2491 1553 2559 immobilem,
1587 2496 1643 2547 et
1673 2491 1720 2546 si
1751 2492 1897 2564 quid
1926 2490 2089 2546 aliud
2118 2490 2243 2546 lau-

596 2558 798 2659 iiabile
825 2586 880 2638 et
902 2558 1166 2637 salutare
1185 2581 1435 2648 cogitari
1457 2586 1675 2655 potest,
1693 2558 1945 2653 qu—anto,
1968 2580 2240 2657 inquam,

596 2686 731 2747 cum
777 2671 931 2727 lcctu
974 2670 1263 2742 reposcit!
1305 2670 1395 2725 Sic
1439 2670 1618 2735 igitur
1668 2685 1924 2725 maerore
1973 2669 2245 2747 confecta

593 2738 769 2832 quasi
802 2759 1071 2815 secunda
1092 2760 1220 2815 vice
1248 2765 1424 2831 capta
1456 2764 1510 2813 et
1539 2758 1843 2814 destructa
1876 2758 2041 2813 foret.
2075 2742 2241 2813 humi

590 2851 747 2922 jacet
778 2856 831 2904 et
858 2850 1068 2904 metuit
1105 2866 1179 2905 ne
1220 2848 1427 2920 pejora
1468 2849 1829 2919 experiatur.
1879 2849 2039 2902 l‘r'ins
2072 2865 2241 2902 num-

594 2932 731 3009 que,
780 2938 937 2993 italis
987 2945 1139 2993 terra
1182 2936 1454 3008 marique
1504 2937 1867 2992 irruentibus
1919 2953 1985 2991 ac
2037 2954 2241 2991 muros

592 3027 1058 3093 destruentibus,
1092 3043 1122 3082 e
1150 3028 1433 3082 manibus
1464 3027 1727 3082 hostium
1762 3034 1963 3098 erepta
2010 3027 2117 3082 fuit
2164 3026 2241 3080 ab

591 3118 900 3171 Enstathio
931 3120 1137 3172 nostro
1170 3117 1271 3188 qui
1302 3116 1588 3172 virtutum
1624 3131 1867 3171 suarum
1909 3116 2070 3173 fama
2091 3115 2244 3170 adeo

589 3200 793 3282 hostes
836 3206 1002 3277 ipsos
1041 3206 1373 3262 commovit
1411 3211 1476 3261 ut
1525 3206 1756 3261 vultum
1807 3206 1935 3277 ejus
1978 3206 2243 3278 aspicere

589 3300 714 3346 non
746 3294 875 3348 ausi
902 3294 1041 3360 sint,
1068 3294 1191 3349 imo
1220 3295 1515 3350 exercitus
1542 3295 1706 3350 ferox
1734 3293 1809 3350 ad
1839 3294 2030 3366 ipsius
2056 3294 2243 3366 pedes

2352 2139 2491 2201 νίκη,
2559 2133 2650 2186 καί
2699 2142 2788 2186 νῦν
2834 2134 2928 2186 οὐκ
2980 2131 3227 2206 εύδαίμον
3275 2133 3468 2187 ἐκείνου
3515 2140 3680 2208 χήρα,
3732 2138 3992 2205 γεγωνὸ-

2352 2243 2495 2298 τερον
2527 2223 2850 2295 οἰμώζουσα,
2884 2228 3115 2297 παρόσον
3161 2229 3250 2276 καὶ
3277 2220 3623 2296 διαφερόντως
3652 2232 3751 2275 τῶν
3792 2223 3991 2275 οὒλων

2351 2321 2444 2372 τῆς
2524 2319 2795 2385 συμφορᾶς
2886 2314 3099 2385 ᾔσθετο,
3177 2309 3261 2364 οἶα
3351 2311 3779 2385 κατολοφύρεται,
3884 2320 3993 2363 καὶ

2351 2401 2467 2472 μεθ’
2530 2403 2665 2453 ὅσων
2753 2408 2842 2454 και
2921 2403 3039 2453 οῖων
3116 2410 3215 2454 τῶν
3296 2398 3541 2475 δακρύων
3624 2400 3992 2454 ἀνακαλεῖται

2351 2493 2439 2541 τόν
2495 2493 2681 2566 ὡραῖον
2739 2495 2980 2563 νυμφίον,
3031 2494 3120 2541 τὸν
3160 2490 3315 2543 καλὸν
3368 2495 3606 2564 ποιμένα,
3653 2494 3741 2543 τὸν
3798 2493 3991 2548 καθη-

2351 2582 2539 2655 γητὴν,
2600 2599 2685 2631 τον
2766 2583 2944 2651 σοφὸν,
3008 2582 3095 2630 τὸν
3164 2588 3418 2654 σωτῆρα·
3490 2583 3577 2630 τόν
3646 2578 3987 2651 πολιοῦχον,

2352 2672 2438 2719 τόν
2492 2668 2739 2742 πρόϐολον
2782 2672 2871 2719 καὶ
2923 2673 3089 2728 κίονα,
3140 2672 3272 2719 κατά
3317 2664 3599 2742 Πίνδαρον,
3654 2666 3915 2743 ἀστραϐῆ
3970 2691 3982 2701 ·

2351 2763 2441 2808 καὶ
2486 2760 2527 2808 εἴ
2573 2778 2623 2808 τι
2676 2757 2795 2808 ἀλλο
2850 2756 3098 2830 ἐράσμιον
3151 2762 3241 2809 καὶ
3295 2761 3552 2831 σωτήριον
3601 2763 3828 2831 πρᾶγμα
3883 2763 3987 2808 καὶ

2353 2850 2527 2917 ὄνομα.
2572 2846 2720 2897 Οὕτω
2767 2842 2824 2897 δὲ
2855 2847 2955 2917 ἄρα
2986 2847 3173 2903 πενθεῖ,
3199 2852 3285 2897 καὶ
3313 2851 3436 2919 πρὸς
3463 2853 3552 2900 τοῦ
3582 2849 3800 2907 πένθους
3833 2844 3982 2898 ἀπεὶ-

3849 2933 3875 2951 σι
3926 2939 3933 2947 .

3837 2958 3865 2985 U
3882 2956 3977 2987 ε’λ-α

2350 2956 2514 3005 τίεται,
2572 2937 2637 2997 ὡς

2350 3044 2429 3098 τερ
2441 3045 2490 3075 ον
2550 3023 2931 3096 ἐκπεπόρθηται
2979 3046 2990 3056 -

2706 2934 2761 2985 ἂν
2832 2935 2873 2986 εἰ
2928 2938 3189 3008 κατάκρας
3252 2935 3400 3001 ἐάλη),
3459 2941 3547 2986 καὶ
3615 2944 3769 2987 τοῦτο

3045 3026 3071 3082 ἢ
3144 3028 3233 3076 καὶ
3302 3024 3655 3098 σχετλιώτερα
3724 3030 3975 3096 πάσχειν

2352 3117 2533 3167 οίεται.
2606 3120 2812 3189 Πρῶτον
2869 3116 2957 3185 μὲν
3024 3114 3147 3187 γὰρ,
3220 3113 3426 3166 Ἰταλων
3487 3114 3540 3164 ἐκ
3600 3120 3699 3183 γῆς
3744 3118 3842 3166 καὶ
3881 3116 3975 3165 θα-

2351 3203 2541 3264 λάττης
2598 3201 3037 3274 ἐπικωμασάντων
3105 3200 3234 3275 αὐτῇ
3296 3206 3386 3254 καὶ
3448 3203 3814 3276 καθυπερτέρα
3876 3211 3974 3262 τῆς

2353 3290 2592 3346 ἁλώσεως
2646 3291 2829 3342 ἶστατο
2892 3298 2963 3359 τῷ
3012 3296 3324 3365 φρονήματι,
3365 3299 3456 3342 τοῦ
3491 3290 3782 3362 πολιούχου
3839 3294 3949 3342 ταύ

592 3384 804 3449 sponte
844 3381 1248 3452 procubuerit.
1292 3386 1458 3439 Nunc
1500 3399 1645 3439 vero
1674 3383 1787 3438 hoc
1818 3388 1982 3438 tanto
2022 3398 2241 3456 propu-

2352 3400 2443 3440 της
2487 3377 2677 3432 ἐκεινου
2721 3383 3005 3453 περιόντος,
3057 3384 3147 3431 καὶ
3190 3379 3439 3438 πλείστην
3492 3381 3620 3438 ὅσην
3669 3385 3763 3432 καὶ
3824 3377 3970 3433 δυσ-

592 3468 851 3536 gnaculo
900 3467 1188 3525 destituta
1243 3470 1458 3527 misere
1518 3470 1689 3526 humi
1732 3469 1909 3541 jacet,
1958 3471 2132 3544 quasi
2190 3471 2243 3526 vi

590 3560 771 3629 capta
807 3556 985 3611 nullis
1002 3557 1131 3628 jam
1164 3559 1458 3614 moenibus
1496 3559 1882 3615 defendatur.

3872 3474 3973 3527 τὴν

2351 3557 2405 3610 ἐκ
2450 3566 2540 3617 τῆς
2593 3555 2771 3628 ἀρετὴς
2813 3553 2968 3620 αίδὼ,
3001 3561 3093 3609 καὶ
3133 3562 3283 3630 μόνον
3342 3558 3447 3630 οὐχ
3501 3559 3599 3611 ύπό
3652 3554 3829 3620 πόδας
3876 3562 3971 3610 τὸν

2353 3468 2678 3522 αντίϐλεπτον
2739 3475 2853 3528 ποίς
2926 3468 3294 3543 πολιορκηταῖς
3372 3468 3795 3541 προϐαλλομένου

592 3642 861 3717 ἀγέρωχον
906 3649 1124 3719 στρατὸν
1170 3647 1536 3720 ῥιπταςοντας.
1571 3654 1677 3700 Νῦν
1709 3645 1767 3700 δὲ
1792 3644 1999 3701 τοιοῦδε
2029 3649 2284 3722 προϐόλου
2313 3651 2678 3719 γεγυμνωμέη,
2715 3645 3099 3703 καταϐέϐληται
3128 3654 3190 3719 τῇ
3224 3652 3402 3720 γνώμῃ
3436 3649 3580 3720 παρά
3604 3654 3694 3699 τοῦ
3732 3650 3968 3723 πάθους,

592 3737 656 3794 ὡς
685 3741 771 3785 νῦν
798 3738 955 3796 ὄντως
984 3733 1461 3809 ἐκπεπελιορκεκένη
1486 3742 1575 3789 καὶ
1598 3739 1767 3788 πάντα
1798 3743 2204 3813 περικεκαρμένη
2238 3733 2530 3811 κρήδεμνα.

663 3823 812 3888 Quid
830 3823 1075 3879 tandem
1101 3823 1339 3880 urbium
1365 3826 1572 3894 regina
1592 3826 1651 3881 in
1676 3827 1788 3881 hoc
1815 3843 2014 3881 rerum
2042 3828 2245 3883 discri-

591 3911 753 3967 mine
783 3911 970 3968 facit?
996 3912 1305 3969 facilinsne
1332 3929 1410 3969 an
1442 3916 1657 3983 aegrius
1684 3915 2075 3972 infortunium
2103 3933 2242 3990 por—

590 4000 761 4070 tabit,
815 4000 908 4057 cui
970 4002 1314 4058 Eustathius
1362 4002 1655 4060 beneﬁcia
1716 4005 1777 4059 in
1839 4021 1976 4060 eum
2029 4005 2243 4062 collata

592 4088 763 4158 largo
829 4089 1045 4145 frenare
1109 4094 1167 4144 et
1225 4106 1366 4146 cum
1436 4093 1585 4160 grati
1645 4093 1832 4149 animi
1888 4094 2243 4166 pignoribus

595 4175 897 4232 reddidit?
945 4179 1333 4251 Quaecunque
1376 4179 1535 4235 enim
1582 4180 1729 4236 dum
1777 4181 1835 4237 in
1877 4196 1948 4238 ea
2000 4183 2241 4249 viveret,

594 4263 897 4335 sapientiae
922 4266 1236 4321 thesauros
1254 4266 1644 4325 honestarum
1663 4271 1879 4326 artium
1898 4272 2242 4327 amantibus

591 4349 850 4422 benigne
899 4350 1147 4420 largitus
1179 4358 1295 4418 est;
1329 4355 1437 4409 fuit
1477 4357 1638 4411 enim
1687 4357 2042 4430 eloquentiae
2100 4374 2241 4431 pry-

592 4441 817 4505 tanem,
851 4438 1155 4508 sapientiae
1205 4441 1375 4496 focus
1407 4443 1784 4511 universalis,
1830 4445 2042 4501 hortus
2092 4444 2241 4501 nulli

591 4541 713 4581 non
763 4532 1025 4599 apertus,
1061 4542 1204 4598 ager
1250 4530 1454 4586 fertilis
1502 4532 1615 4587 sub
1667 4535 1950 4606 auspiciis
2002 4534 2237 4605 divinis,

591 4612 943 4685 eloquentiae
974 4614 1108 4671 fons
1138 4618 1442 4688 perennis.
1477 4619 1618 4674 Hinc
1648 4622 1842 4676 evenit
1898 4629 1963 4677 ut
1992 4622 2235 4694 dicipuli

2431 3827 2507 3877 ’Τί
2538 3821 2588 3875 δ’
2619 3826 2647 3881 ἡ
2680 3824 2870 3877 πόλεων
2905 3822 3120 3896 βασιλίς
3154 3841 3166 3890 ;
3209 3828 3429 3898 Πότερον
3473 3828 3781 3897 κουφότερον
3814 3827 3968 3876 ὑποί-

2357 3931 2435 3964 σει
2491 3918 2581 3971 τὴν
2621 3918 2796 3971 κοινὴν
2855 3910 3213 3987 δυσπραγίαν,
3263 3913 3290 3970 ἦ
3352 3912 3513 3986 πολλῇ
3571 3912 3966 3987 ἐπαχθεστερον

2354 4002 2432 4062 οἷς
2473 4000 2872 4075 ἐλευθεριώτατα
2924 4006 3013 4052 καὶ
3068 4001 3325 4052 κάλλιστα
3370 4003 3499 4077 παρ’
3540 4002 3669 4074 αὐτῇ
3736 4004 3964 4077 τεθραμ-

2352 4094 2520 4163 μένος,
2563 4092 2631 4152 ὡς
2679 4089 2727 4142 ἐν
2779 4088 3031 4143 ἀποδόσει
3086 4095 3331 4163 τροφείων
3386 4093 3559 4151 πασας
3595 4093 3833 4165 χάριτας
3882 4111 3967 4159 φι-

2351 4178 2569 4251 λοτίμως
2613 4177 2830 4241 ἐξέτισεν
2856 4197 2869 4210 ’
2920 4178 3025 4250 οὐχ
3065 4180 3200 4240 ὅπως
3237 4184 3437 4252 κόσμος
3483 4181 3641 4243 ἆξιως
3694 4178 3830 4255 αὑτῇ
3865 4184 3958 4230 καὶ

2349 4266 2707 4341 λαμπρότατον
2756 4272 3020 4340 γινόμενος
3076 4269 3256 4340 ὄνομα,
3316 4265 3443 4321 ἀλλά
3498 4274 3608 4334 καὶ,
3662 4268 3715 4320 ὃν
3769 4266 3961 4343 ἱδρῶτι

2348 4356 2517 4427 πολλῷ
2550 4356 2850 4420 συνελέξαθο
2896 4356 3019 4431 παρ’
3069 4358 3199 4431 αὐτῇ
3254 4357 3472 4411 πλοῦτον
3520 4364 3723 4432 σοφίας,
3764 4362 3955 4410 τούτου

2348 4442 2666 4518 μεταδιδοὺς
2724 4445 2954 4518 ἀφθόνως
3004 4453 3114 4508 τοῖς
3172 4446 3481 4519 φιλοπόνοις,
3533 4447 3700 4500 κοινόν
3747 4466 3953 4522 πρυτα-

2346 4543 2476 4586 νεῖον
2526 4534 2703 4606 λόγου,
2746 4539 2834 4586 καί
2882 4540 3063 4606 σοφίας
3104 4532 3376 4606 πανδεχὴς
3426 4536 3592 4605 ἑστία,
3642 4541 3731 4587 καὶ
3790 4532 3955 4595 ἄλλως

3011 4630 3024 4687 ξ
3110 4630 3286 4686 Κῆπος

2350 4622 2559 4675 Ἐλικὼν
2621 4629 2953 4696 προκείμενος
3011 4630 3024 4687 ξ
3110 4630 3286 4686 Κῆπος
3377 4628 3475 4698 γὰρ
3552 4626 3613 4683 ἦν
3676 4624 3949 4683 ἄκλειστος

588 4702 771 4773 gratis
800 4706 1022 4759 metere
1057 4705 1241 4773 gratis
1285 4706 1526 4763 haurire
1565 4715 1811 4780 possent
1837 4725 1947 4765 nec
1976 4683 2237 4781 amplius

2351 4716 2554 4783 σοφίας,
2604 4732 2693 4763 και
2734 4712 2937 4786 πλήρης
2992 4710 3168 4785 ἀγρός,
3216 4711 3267 4763 ὃν
3325 4710 3575 4783 silc-7110's
3622 4715 3811 4784 Κύριος
3858 4715 3949 4764 καὶ

587 4792 804 4849 artium
845 4807 915 4847 ac
953 4790 1278 4849 litterarum
1332 4794 1712 4866 disciplinam
1772 4798 2016 4854 sitirent.
2070 4798 2235 4854 Brevi

586 4881 745 4937 enim
775 4885 1046 4953 tempore
1091 4880 1217 4937 sine
1245 4882 1570 4955 praeludiis,
1605 4886 1733 4941 sine
1765 4886 2231 4958 prolegomenis.

585 4969 711 5026 sine
737 4969 1166 5026 certaminibus
1191 4975 1295 5027 aut
1325 4972 1536 5027 studiis
1566 4974 1800 5047 praeviis
1844 4976 2233 5049 philosophia

583 5073 646 5113 se
676 5058 976 5114 imbutum
1016 5059 1202 5116 sensit
1228 5061 1578 5133 quicunque
1606 5062 1775 5119 illum
1807 5064 2032 5131 adibat,
2055 5064 2230 5138 quasi

579 5159 650 5201 ex
678 5146 868 5218 ipsius
893 5147 1216 5204 Aristotelis
1239 5147 1445 5204 schola
1465 5150 1719 5207 exiisset.
1758 5154 2043 5218 Quamvis
2069 5153 2228 5209 enim

578 5235 820 5305 torpore
876 5234 1182 5306 profundo
1223 5235 1641 5305 languesceret
1686 5239 2065 5312 ignorantiae,
2128 5241 2225 5296 ubi

576 5320 840 5391 primum
882 5321 978 5377 ille
1016 5323 1221 5379 cibum
1269 5324 1640 5396 spiritualem
1681 5327 2015 5393 obtulisset,
2055 5330 2229 5405 disci;

573 5407 765 5480 pulusr
795 5409 973 5481 quasi
998 5426 1035 5466 a
1073 5412 1249 5469 Musis
1305 5413 1452 5485 ipsis
1495 5415 1735 5471 afflatus
1775 5416 2067 5475 discessit.
2111 5421 2225 5476 Sed

570 5512 694 5552 non
741 5497 933 5554 amari
961 5503 1026 5553 ut
1052 5498 1194 5556 folia
1220 5501 1375 5558 lauri
1435 5503 1599 5559 fuere
1651 5505 1874 5562 fructus
1910 5507 2091 5580 hujus
2135 5525 2224 5565 ar-

568 5582 733 5642 boris
756 5583 1062 5657 sapientiaa
1077 5601 1091 5653 ;
1108 5587 1231 5645 imo
1251 5589 1550 5647 dulciores
1577 5591 1726 5649 sicut
1745 5595 1998 5667 epistola
2033 5612 2221 5670 quam

2344 4804 2489 4870 πηγὴ
2554 4799 2718 4870 λόγων
2770 4800 3151 4875 ἀσφροίγιστος.
3212 4804 3313 4854 Καὶ
3360 4809 3532 4875 παρῆν
3595 4809 3705 4862 τοῖς
3758 4805 3943 4872 μαθη-

2341 4894 2493 4940 τιῶσι
2546 4884 2831 4962 δρέπεσθαι
2882 4895 3096 4964 προῖκα,
3153 4895 3241 4941 καὶ
3302 4886 3571 4963 ἀρύεσθαι,
3628 4894 3716 4942 καὶ
3746 4910 3940 4962 κατεμ-

2340 4980 2630 5051 φορεῖσθαι,
2683 4982 2773 5030 καὶ
2816 4982 2987 5049 μεκέτι
3035 4982 3212 5036 πείνῆν
3274 4978 3305 5038 ἣ
3358 4975 3521 5051 δίψῇν
3564 4986 3658 5031 τοῦ
3713 4977 3940 5032 ἀκοῦσαι

2335 5065 2485 5138 λόγον
2538 5070 2778 5138 τεχνικὸν
2825 5067 2916 5119 εἶτ’
2973 5067 3392 5140 ἐπιστημονικόν.
3462 5068 3542 5122 Ἐν
3592 5066 3794 5142 βραχεῖ
3841 5071 3937 5140 γὰρ

2334 5159 2532 5229 χρόνῳ,
2580 5159 2670 5208 καὶ
2722 5156 2843 5208 ὅσον
2892 5146 3166 5227 ἐγκυκλίου
3193 5154 3540 5231 προπαιδείας
3576 5156 3932 5229 γεύσασθαιῆ

2337 5250 2665 5315 συφιστικοῖς
2714 5242 3052 5315 παλαίσμασι
3115 5247 3646 5320 προσγυμνάσασθαι,
3706 5245 3737 5304 ἧ
3807 5264 3933 5320 προ-

2335 5333 2501 5407 θύρων
2562 5331 2802 5391 ἐπιϐῆναι
2862 5334 3187 5405 φιλοσοφίας,
3242 5336 3286 5386 εἷ
3338 5352 3416 5394 τις
3471 5336 3745 5407 πεφοίτὴκε
3812 5332 3933 5409 παρ’

2331 5420 2539 5490 ἐκεῖνον,
2606 5422 2752 5482 εὐθύς
2810 5424 2837 5473 ό
2885 5427 3030 5498 παρά
3076 5432 3148 5493 τῷ
3212 5428 3512 5497 Σταγειρίτῃ
3572 5414 3930 5498 πεπαιδευμέ-

2329 5530 2415 5571 νος
2462 5511 2675 5584 ἐωρᾶτο,
2720 5516 2809 5563 καὶ
2856 5512 2882 5563 ὁ
2947 5515 3088 5587 παρά
3153 5520 3253 5564 τῶν
3308 5519 3531 5565 Μουσῶν
3596 5511 3930 5584 ἐμπνευσθεὶς

2334 5604 2424 5656 τὴν
2485 5604 2720 5657 ποίησιν,
2797 5599 2858 5652 Εἰ
2924 5603 3026 5674 ’γὰρ
3089 5601 3176 5653 ὑπ’
3245 5599 3515 5678 ἀγροικίας
3572 5600 3733 5674 βαθεῖ
3782 5604 3924 5677 κάρῳ
