4028 6308
82 342 213 397 ξιτ-ιι

1162 338 1484 397 ΜΟΝΟΒΙΛ
1521 340 1592 397 ΙΝ
1630 340 2073 399 EUSTATHIUM
2106 338 2440 397 THESSAL.

3379 346 3485 402 342

82 461 393 529 καθεύδοι,
436 463 545 518 ἀλλ’
597 465 712 539 εἷμα
756 465 903 538 μίκρ’
941 465 1075 516 ἄττα
1110 462 1402 536 έψωμίζετο
1438 464 1564 540 παρ’
1593 464 1708 518 imi-

1834 463 2099 522 Ezeehiel
2128 478 2236 536 per
2263 463 2571 520 somnium
2600 463 2803 521 edidit.
2838 463 2944 521 Mel
2973 463 3136 521 enim
3175 467 3483 525 Eustathio

80 573 227 615 νον,
294 558 391 606 καὶ
460 562 806 628 παραχρῆμα
868 550 1190 617 διυπνίζετο,
1259 560 1518 623 μουσικοῦ
1582 572 1722 614 τινος

80 645 351 714 κάτοχος
400 643 697 715 ἄσθματος.
754 641 894 700 Πλὴν
950 641 1045 692 ούκ
1103 643 1332 714 ἔμπικρα
1379 637 1459 701 ἦν,
1532 641 1597 702 ὡς
1656 643 1723 694 τὰ

84 727 313 802 δάφνης
361 730 588 801 πέταλα,
653 734 718 783 τά
764 729 1107 803 ψωμιζόμενα
1158 728 1283 802 παρ’
1353 728 1569 799 ἐκείνου,
1625 739 1722 791 τῆς

82 827 208 870 τῶν
242 828 423 891 σοφῶν
465 816 818 892 ἐπιφυλλίδας,
860 824 950 871 καὶ
994 825 1082 870 νῦν
1126 816 1303 890 οἶμοιῙ
1333 823 1720 893 τετρυγημένης

88 910 337 961 θανάτου
393 917 550 981 τομῇ,
591 909 920 981 γλυκάζοντα
968 905 1027 960 δέ
1074 906 1289 980 μᾶλλον,
1328 909 1393 967 ὡς
1440 909 1470 966 ἠ
1517 907 1721 980 κεφαλὶς

84 997 115 1053 ἑ
223 996 540 1072 βεϐρωμένη
620 1006 693 1069 τῷ
775 997 1023 1058 Ἰεζεκιήλ
1092 1004 1425 1068 προφητικῶς
1486 996 1716 1071 ὀνειρώτ-

80 1105 269 1142 tarn.
321 1087 553 1150 Μέλιτος
595 1090 698 1160 γὰρ
745 1085 1039 1147 ἀπέσταζον
1091 1088 1146 1137 αἱ
1190 1093 1291 1137 τῶν
1341 1084 1555 1158 ὁμιλιῶν
1612 1085 1717 1138 E6-

82 1177 334 1228 πειθίου
398 1180 638 1251 χάριτες,
689 1179 758 1238 ὡς
811 1176 1044 1248 ἀτεχνῶς
1094 1172 1394 1249 ἁπορῥῶγές
1444 1194 1575 1235 τινες
1632 1179 1713 1227 νέ-

76 1283 298 1339 κταρος
333 1286 349 1298 ο
422 1266 535 1318 ὃθεν
599 1269 689 1318 καὶ
755 1264 829 1327 εἰς
887 1266 1045 1339 ἄκρον
1110 1263 1299 1335 ⁸ψυχῆς
1357 1263 1540 1335 μυελὸν
1604 1270 1717 1326 τοῖς

80 1352 403 1427 ἀκροαταῖς
455 1349 769 1425 εἰσδυόμενα
817 1357 883 1406 τὰ
935 1349 1268 1425 διδάγματα,
1326 1357 1417 1405 καὶ
1474 1353 1715 1425 ἄντικρυς

81 1440 423 1513 ἔγκαόμενα,
494 1438 826 1514 διετηροῦντο
888 1440 1182 1494 ἀνέκπλυτα
1244 1441 1406 1501 λήθης
1468 1442 1708 1515 ῥεύματι.

78 1534 158 1582 Τὸ
195 1534 308 1604 γὰρ
358 1528 526 1603 ἡδονῇ
581 1531 765 1603 ψυχῆς
806 1530 1185 1602 ἐκτυπούμενον
1241 1532 1464 1603 μάθημα
1514 1549 1711 1603 μηνμοι

74 1624 363 1694 ναωτέρᾳ
407 1616 573 1691 δέλτῳ
623 1624 798 1695 φρενὸς
850 1619 1243 1691 έγκολάπτεται,
1298 1622 1367 1680 ὡς
1416 1621 1599 1671 θᾶττον
1648 1619 1709 1672 ἆν

76 1704 397 1761 ὑπιδέσθαι
466 1714 561 1760 καὶ
626 1712 747 1784 περὶ
804 1711 990 1762 τούτου
1058 1711 1084 1761 ό
1135 1713 1227 1760 καὶ
1277 1711 1394 1779 περὶ
1454 1716 1709 1780 σοφιστοῦ

72 1815 234 1858 τινος
283 1798 452 1849 παλαι
506 1797 653 1869 λόγος
707 1794 919 1873 διέρῥει,
974 1800 1040 1858 ὡς
1093 1800 1198 1870 ἄρα
1238 1793 1569 1859 Χαλδαϊκαῐς
1594 1817 1707 1851 τισι

75 1892 448 1957 μαγγανείαις
528 1891 651 1948 τοὺς
731 1888 982 1959 ὁμιλητάς
1062 1886 1334 1962 ἐργάζοιτο
1419 1892 1704 1959 μνήμονας.

1830 553 2058 623 lingua,
2078 552 2335 609 ﬂumina
2358 558 2599 610 nectare
2612 557 2882 610 saturata
2902 552 3231 612 distillabat
3253 572 3267 623 ;
3289 570 3481 627 quare

1831 646 2132 714 praecepta
2168 640 2298 711 ejus
2333 640 2397 697 in
2433 640 2713 698 intimum
2751 641 3151 714 penetrabant
3204 643 3481 701 animum

1830 738 2026 803 netiue
2054 729 2175 787 ulla
2201 730 2259 785 vi
2286 729 2580 786 eradi'cari
2611 729 2911 787 valebant.
2978 731 3260 787 Omnium
3316 732 3479 789 enim

1827 822 2081 885 mentes,
2111 833 2265 890 quas
2294 818 2567 875 doctrina
2595 833 2666 875 ac
2686 818 3003 891 disciplina
3023 833 3134 875 sua
3154 819 3478 892 adimples-

1828 911 1934 974 set,
1986 906 2221 979 philtris
2267 906 2628 974 Chaldaicis,
2668 911 2735 963 ut
2778 907 2863 964 ita
2908 906 3131 974 dicam,
3184 906 3478 966 imbuisse

1825 994 2162 1051 videbatur.
2208 997 2291 1050 Tu
2321 995 2645 1052 Castellum
2694 995 3047 1064 Gratiarum,
3079 995 3341 1053 artiﬁciis
3373 997 3476 1067 ju-

1825 1083 2032 1141 cundis
2073 1083 2403 1155 discipulos
2445 1083 2728 1155 docebas,
2776 1088 2833 1141 et
2872 1100 3020 1142 voce
3045 1089 3150 1141 tua
3197 1084 3476 1143 Sirenum

1824 1188 2035 1230 vocem
2065 1176 2387 1244 superante
2414 1188 2487 1230 eo
2506 1172 2834 1245 perduxisti
2861 1177 2927 1230 ut
2945 1188 3084 1246 quae
3114 1173 3474 1232 anteafabu-

1822 1263 1937 1321 losa
1963 1260 2171 1318 habita
2196 1260 2452 1331 fuerant,
2481 1276 2642 1318 nunc
2667 1277 2778 1334 pro
2799 1261 2952 1319 veris
2994 1261 3301 1319 ducerent.
3326 1264 3475 1329 Quo-

1820 1355 2037 1410 factum
2054 1356 2140 1408 est
2164 1356 2229 1408 ut
2258 1350 2598 1408 felicissima
2636 1352 2788 1408 alios
2817 1352 3165 1408 instituendi
3186 1352 3479 1411 methodo

1822 1441 2017 1499 multis
2048 1439 2235 1496 multa.
2265 1440 2830 1498 communicaveris.
2873 1442 3003 1497 Non
3059 1440 3222 1496 enim
3249 1440 3474 1498 librum

1820 1530 2063 1602 aliquod
2091 1545 2232 1585 cum
2261 1528 2394 1584 aliis
2444 1528 2655 1599 legens
2693 1544 2766 1586 ea
2816 1543 2955 1601 quae
2992 1530 3336 1586 necessario
3385 1530 3476 1586 in-

1818 1618 2198 1691 terpretanda
2244 1623 2559 1685 venerunt,
2616 1618 2967 1691 explicuisti,
3016 1618 3208 1689 locos,
3263 1618 3315 1674 si
3366 1622 3474 1691 qui

1819 1712 1989 1764 erant
2038 1707 2314 1764 difﬁciles
2385 1707 2794 1775 dilucidando,
2859 1706 2967 1764 sed
3020 1706 3141 1763 alia
3212 1706 3475 1779 plurima

1818 1801 2024 1863 sponte
2093 1795 2491 1852 immiscendo
2528 1811 2667 1869 quas
2734 1796 2814 1852 ad
2876 1810 3006 1853 rem
3082 1794 3278 1852 facere
3304 1795 3471 1854 vide-

1814 1884 2058 1941 bantur.

73 1978 327 2046 Τοιούτῳ
399 1979 658 2049 φαρμάκῳ
716 1981 776 2029 τὸ
841 1984 1044 2050 μνῆμον
1107 1970 1178 2038 εἷς
1247 1976 1408 2049 βάθος
1472 1982 1582 2036 τοῖς
1644 1976 1909 2047 μαθηταῖς
1969 1974 2330 2049 ένεχάραττες,
2359 1970 2398 2025 ὦ
2465 1978 2707 2048 Χαρίτων
2763 1974 2981 2027 ἁπασῶν
3040 1974 3322 2049 ἀνάκτορον
3379 1980 3468 2044 σὺ,

76 2070 182 2115 καὶ
251 2065 478 2136 ’ἰύγγων
530 2070 622 2117 καὶ
679 2072 930 2140 Σειρήνων
982 2065 1355 2141 έπαγωγότερε,
1403 2070 1494 2119 καὶ
1540 2065 1731 2117 πείθων
1778 2066 1843 2116 τά
1899 2068 2063 2137 μέχρι
2120 2070 2217 2115 σοῦ
2274 2064 2618 2136 μυθευόμενα,
2659 2066 2728 2126 ὡς
2782 2062 2948 2122 ἀληθῆ
3009 2070 3102 2116 τοῦ
3158 2062 3342 2117 λοιποῦ
3382 2083 3471 2117 πι-

83 2156 383 2206 στεύεσθαι
417 2174 431 2187 ·
492 2157 666 2227 ὥσπερ
731 2161 821 2207 καὶ
886 2160 943 2208 τό
1007 2156 1300 2229 πολυμαθὲς
1360 2162 1450 2208 καὶ
1509 2154 1707 2207 πολλῶν
1765 2152 2053 2224 ἐπιστῆμον
2115 2151 2431 2214 ἕναπετίθεις
2496 2157 2679 2225 σφίσιν
2742 2152 2793 2204 έν
2859 2156 3037 2225 χρόνῳ
3106 2150 3309 2227 βραχεῖ
3374 2148 3471 2205 διὰ

83 2249 196 2293 τῶν
254 2245 327 2302 ὡς
372 2242 622 2295 ἑκάστοτε
678 2244 891 2315 ὁμιλιῶν
942 2264 1038 2297 σου
1089 2254 1191 2297 τῶν
1263 2245 1701 2316 ἀποϐαπτομένων
1754 2242 1825 2304 εἰς
1865 2248 2041 2293 πᾶσαν
2106 2241 2322 2311 λογικὴν
2378 2238 2624 2312 μέθοδον.
2682 2240 2759 2293 Ού
2809 2239 2908 2314 γάρ
2976 2248 3073 2302 τῆς
3132 2247 3315 2313 χεροῖν
3381 2239 3471 2313 βί-

88 2330 221 2382 ϐλον
280 2336 442 2404 μόνης
495 2336 582 2384 τὸν
637 2340 754 2385 νοῦν
810 2333 1165 2397 ἀνέπτυασσες
1205 2335 1254 2387 έν
1305 2341 1415 2395 ταῖς
1480 2336 1739 2405 ὁσημέραι
1802 2336 2267 2400 συναναγνώσεσιν,
2332 2333 2434 2382 εἴτε
2499 2331 2565 2381 τά
2629 2335 2722 2390 τῆς
2787 2328 3081 2403 έρμηνείας,
3142 2329 3187 2381 εἰ
3254 2331 3355 2382 ὑπό
3418 2347 3472 2380 τι

92 2419 416 2491 μελαίνοιτο,
498 2417 843 2483 διελεύκαινες
891 2445 905 2457 ·
982 2423 1110 2476 ἀλλὰ
1181 2443 1241 2495 γε
1314 2428 1405 2476 καὶ
1471 2432 1569 2475 τῶν
1644 2419 1808 2473 ἄλλων
1872 2418 2035 2471 πολλά
2101 2419 2390 2492 ξυνεφόρεις
2454 2420 2803 2491 παραμιγνὺς,
2870 2417 2964 2470 οὐκ
3031 2416 3242 2493 ἐξώροις
3303 2436 3472 2493 παρα·-

94 2505 329 2581 δρομαίς
395 2518 497 2562 τῶν
557 2516 904 2584 προκειμένων
971 2512 1425 2586 φιλοτιμούμενος,
1510 2512 1657 2582 παρὰ
1723 2504 1782 2561 δε
1845 2516 1937 2568 τῆς
2003 2508 2216 2559 αὐτόθεν
2279 2509 2684 2581 προκυπτούσης
2751 2505 2986 2580 ἀφορμῆς
3053 2503 3338 2580 δεχόμενος
3409 2508 3470 2558 τὸ

97 2596 405 2670 ἱνδόσιμον,
451 2603 542 2652 καὶ
586 2604 680 2656 τὴν
716 2600 1043 2673 παρέκϐασιν
1072 2604 1132 2654 ού
1158 2606 1302 2674 παρὰ
1333 2604 1494 2674 θύραν
1526 2600 1604 2671 (τὸ
1635 2605 1726 2650 τοῦ
1751 2597 1929 2669 λόγου)
1960 2599 2287 2669 ποιούμενος,
2332 2598 2402 2656 ὡς
2431 2593 2491 2646 ἂν
2517 2594 2562 2647 εἰ
2589 2600 2681 2647 καὶ
2710 2599 3097 2671 παραφανέντος
3127 2600 3323 2669 ὄνυχος
3355 2594 3473 2657 ὅλος

94 2686 221 2739 λέων
244 2690 388 2739 κοιτά
414 2692 512 2745 τὴν
542 2693 825 2761 παροιμίαν
853 2686 1171 2765 διήρθρωτο.

172 2774 309 2829 Ἀλλ’
354 2775 454 2828 ούκ
503 2774 726 2829 ἀκλαυτὶ
770 2783 924 2830 ταυτὶ
968 2775 1277 2850 διηγεῖσθαι
1321 2780 1429 2839 οἶός
1473 2781 1527 2830 τέ
1574 2776 1700 2847 εἰμι·

94 2869 284 2938 μικρὸν
326 2868 435 2939 γὰρ
487 2872 579 2917 τοῦ
619 2867 819 2928 πάθους
870 2865 1158 2938 ἀνανήψας,
1218 2869 1257 2919 ὦ
1314 2871 1580 2941 παρόντες,
1636 2865 1708 2926 εἰς

98 2954 408 3027 ὀλοφύρσεις
491 2953 757 3028 καταρῥέω
830 2957 1005 3007 πάλιν.
1092 2964 1202 3009 Τῶν
1281 2960 1383 3031 γὰρ
1447 2955 1706 3029 ὁμιλητὼν

98 3040 290 3094 ἐκεινου
346 3045 437 3093 τὸν
494 3041 680 3094 κύκλον
739 3042 1045 3119 ἀναπληρῶν
1113 3051 1203 3097 καὶ
1272 3046 1449 3117 αὐτὸς,
1517 3044 1707 3115 φιλοτιο

1888 2773 2024 2841 Sed,
2066 2788 2102 2829 o
2133 2772 2298 2829 chari
2326 2772 2525 2837 amici,
2559 2772 2730 2828 siccis
2771 2772 2887 2829 hoc
2909 2773 3098 2830 oculis
3111 2772 3328 2830 referre
3348 2789 3472 2831 non

1814 2863 2008 2932 valeo,
2048 2868 2105 2918 et
2130 2862 2190 2917 in
2219 2861 2537 2933 pristinum
2579 2876 2899 2917 mcerorem
2944 2877 3180 2934 semper
3211 2861 3469 2919 relabor.

1818 2952 2051 3010 Memini
2072 2952 2233 3007 enim
2265 2956 2493 3023 quanta
2516 2952 2797 3007 comitate
2818 2965 2931 3020 ego
2952 2950 3102 3024 ipse,
3123 2951 3231 3023 qui
3258 2952 3321 3007 in
3340 2951 3473 3022 ejus

1819 3039 2254 3113 discipulorum
2280 3054 2536 3094 numero
2584 3054 2771 3105 eram,
2794 3044 3078 3110 exceptus
3125 3038 3204 3095 ab
3246 3054 3320 3095 eo
3354 3037 3472 3108 fui,

96 3136 314 3202 μότερον
358 3130 796 3205 έφιλοφρονούμην
847 3134 970 3207 παρ’
1018 3134 1182 3204 αὐτῷ,
1222 3140 1311 3187 καὶ
1341 3136 1440 3186 ὑπὸ
1484 3142 1707 3207 κρατῆρι

1821 3134 1882 3185 ut
1941 3129 2193 3201 plenum
2250 3127 2556 3199 sapientia:
2611 3126 2859 3183 calicem
2912 3126 3314 3184 exhaurirem.
3383 3129 3471 3184 Me

100 3225 289 3292 σοφίας
336 3220 543 3292 μείζονι
577 3242 589 3253 ο
630 3224 795 3294 ταύτῃ
844 3227 935 3274 καὶ
982 3225 1013 3281 ἡ
1070 3226 1248 3296 μνήμη
1298 3227 1493 3275 τούτων
1545 3241 1707 3294 προσ-

98 3314 374 3362 πίπτουσα
423 3313 631 3383 στρέφει
678 3330 778 3382 μου
817 3316 911 3369 τὴν
959 3309 1206 3388 καρδὶαν,
1257 3317 1346 3365 καὶ
1388 3316 1447 3364 τὸ
1484 3311 1532 3364 έν
1576 3313 1703 3383 αὐτῇ

102 3398 482 3468 συμπιέζουσα
538 3394 670 3469 αἱμα
718 3398 789 3459 εἰς
838 3395 1049 3472 δάκρυα
1089 3398 1515 3474 προσαναθλίϐει,
1573 3402 1709 3451 κατά

103 3485 370 3558 θρόμϐους
445 3487 670 3557 αἳματος
744 3487 1128 3561 συλλειϐόμενα.
1218 3488 1358 3547 Πλὴν
1440 3488 1709 3563 πειρατέον

102 3582 188 3626 καὶ
255 3571 416 3634 αὖθις
473 3573 759 3646 ἀναφέρειν,
816 3582 907 3629 καὶ
959 3580 1027 3639 ὡς
1084 3576 1193 3640 ἆξον
1242 3576 1593 3649 ἀνακωχεύειν
1647 3581 1708 3629 τὸ

102 3659 356 3736 δάκρυον,
389 3665 474 3714 ἱνα
528 3669 600 3735 μὴ
646 3668 797 3735 μόνον
858 3664 1277 3738 ἀφοσιωσὼμεθα
1332 3676 1404 3737 τῷ
1455 3663 1609 3739 ἀνδρὶ
1648 3671 1706 3718 τὸ

102 3751 563 3825 ἀπολοφύρασθαι,
622 3752 750 3805 ἀλλά
815 3761 904 3806 καί
978 3775 1030 3807 τι
1109 3764 1210 3807 τῶν
1280 3754 1473 3807 ἐκείνου
1529 3755 1702 3806 καλῶν

101 3843 520 3914 θπμασὼμεθα.
579 3847 691 3917 Χρὴ
747 3846 849 3916 γὰρ
908 3844 1173 3897 κάνταῦθα
1224 3850 1432 3916 μνήμην
1488 3840 1700 3895 δικαίου

1820 3217 2139 3274 miserum!
2174 3216 2608 3272 Praeteritorum
2646 3221 2991 3288 temporum
3027 3215 3472 3274 reminiscentia

1819 3323 1918 3364 cor
1938 3311 2197 3377 occupat
2219 3314 2274 3360 et
2297 3304 2600 3376 lacrymas
2618 3321 2759 3360 cum
2777 3305 3072 3375 sanguine
3094 3304 3320 3362 miscet.
3333 3303 3467 3373 Sed,

1820 3397 1971 3451 Mitte
2010 3396 2346 3465 lacrymari,
2392 3393 2541 3447 mihi
2570 3392 2683 3466 ipsi
2721 3393 2879 3463 dico,
2920 3398 2986 3451 ut
3035 3394 3234 3450 virum
3263 3392 3470 3449 defun-

1818 3489 1977 3539 ctum
2008 3497 2129 3538 non
2162 3480 2481 3551 lugeamus
2520 3484 2776 3550 tantum,
2816 3480 2923 3537 sed
2962 3482 3380 3539 admirationis
3416 3481 3471 3538 ei

1816 3573 2086 3631 debitum
2102 3570 2369 3626 ofﬁcium
2400 3569 2479 3626 ob
2509 3568 2703 3626 claras
2734 3570 2864 3641 ejus
2896 3571 3139 3627 virtutes
3165 3570 3471 3644 persolva-

1817 3678 1974 3717 mus.
1993 3663 2297 3715 Justorum
2319 3659 2480 3714 enim
2502 3660 2794 3714 memoria
2815 3660 3056 3716 modica
3075 3659 3255 3716 laude
3275 3674 3469 3731 eaque

1816 3747 2070 3820 simplici
2083 3754 2139 3803 et
2154 3749 2259 3802 rite
2281 3747 2917 3812 limitata,honorauda
2933 3750 3268 3805 est.itusica
3280 3747 3464 3814 enim,

1813 3838 2067 3905 iuluctu,
2092 3836 2425 3891 secundum
2442 3836 3157 3907 Sapientem,importuna
3179 3834 3463 3905 narratio,

95 3932 343 3999 γενέσθαι
372 3931 484 4002 μετ’
523 3929 788 4003 ἐγκωμίου
819 3938 1031 4007 μετρίου
1057 3938 1147 3984 καὶ
1175 3929 1581 4004 διαπλεκομένου
1611 3939 1717 3993 τοῖς
1738 3930 1947 3983 πένθεσι
1979 3947 1992 3958 ·
2026 3929 2116 3977 καὶ
2143 3934 2298 3977 τοῦτο
2324 3923 2382 3976 ού
2412 3926 2543 3995 μετά
2569 3924 2773 3997 ῥυθμοῦ
2802 3922 3009 3995 κομψοῦ
3054 3941 3193 3985 τινος
3229 3923 3259 3982 ἦ
3291 3924 3466 3996 περιᾴ-

98 4016 280 4080 δοντος
300 4019 488 4093 ἔξωρα.
522 4027 770 4073 Μουσικα
792 4024 890 4094 γὰρ
924 4020 974 4072 ἐν
1005 4023 1194 4089 πένθει,
1219 4024 1354 4073 κατὰ
1375 4025 1462 4073 τόν
1496 4025 1671 4093 σοφόν,
1705 4016 1962 4088 διήγησις
1986 4015 2224 4086 ἄκαιρος-

161 4109 231 4161 ⁴Ο
282 4116 413 4180 γοῦν
457 4107 709 4180 ἐλέγομεν,
770 4113 935 4182 μικρά
991 4114 1080 4183 μὲν
1137 4112 1248 4182 ἅμα
1304 4110 1564 4163 τελεῖσθαι
1611 4114 1702 4162 καὶ

98 4198 299 4269 μεγάλα
364 4202 638 4270 μυστήρια
700 4204 820 4262 τούς
882 4200 1070 4262 αύτούς
1117 4201 1212 4252 οὐκ
1268 4197 1330 4258 ἧν
1385 4220 1510 4253 ποτε
1564 4203 1702 4273 θεμι-

96 4290 201 4350 τὸν,
234 4290 358 4340 οὔτε
406 4290 510 4359 μὴν
557 4291 795 4362 χορεύειν
840 4285 1133 4360 δᾳδουχείν
1175 4308 1230 4340 τε
1269 4292 1359 4341 καὶ
1405 4288 1701 4342 ἐποπτεύειν

97 4379 230 4428 κατὰ
279 4381 495 4428 ταυτόν.
553 4376 776 4449 Ἀμαθὲς
848 4381 949 4451 γὰρ
1016 4385 1105 4430 καὶ
1165 4377 1414 4450 σφαλερὸν
1472 4375 1609 4429 οἶδεν
1666 4380 1696 4436 ἡ

1880 4107 2011 4159 Jam
2051 4100 2193 4156 alidi
2231 4100 2494 4155 diximus
2532 4104 2744 4156 contra
2779 4115 3061 4157 normam
3090 4115 3220 4157 esse
3248 4100 3467 4159 initiari

1811 4192 1890 4249 ad
1929 4206 2152 4260 magna
2184 4188 2364 4244 simul
2393 4192 2450 4244 et
2478 4203 2667 4260 parva
2704 4189 3030 4260 mysteria;
3052 4189 3183 4260 jam
3211 4189 3371 4246 enim
3402 4191 3466 4248 in

1809 4279 2132 4354 proverbio
2170 4282 2260 4333 est
2297 4278 2457 4334 stulti
2495 4293 2626 4334 esse
2662 4278 2726 4334 in
2762 4294 2909 4335 vase
2956 4279 3219 4352 pretioso
3274 4284 3466 4337 artem

1811 4370 2125 4441 ﬁgulinam
2148 4368 2375 4423 discere
2398 4367 2567 4425 velle.
2600 4367 2724 4425 Sub
2751 4368 2943 4441 ipsius
2959 4374 3161 4424 autem
3183 4369 3465 4442 auspiciis

96 4468 362 4538 παροιμίᾳ
414 4468 476 4515 τό
522 4462 571 4515 ἐν
626 4466 767 4535 πίθῳ
824 4470 918 4523 τὴν
984 4471 1259 4537 κεραμείαν
1323 4462 1699 4519 διδάσκεσθαι.

1821 4460 1917 4532 qui
1966 4462 2031 4514 ut
2068 4456 2348 4514 sacerdos
2388 4456 2647 4514 initiator
2685 4457 2994 4529 sapientiai
3047 4458 3334 4530 mysteria
3393 4474 3465 4515 ac

102 4553 229 4625 Παρ¹
284 4551 466 4622 ἐκείνῳ
521 4548 573 4604 δ’
627 4554 750 4624 ὃμος
806 4555 1183 4626 ἰεροφαντοῦντι
1234 4557 1298 4605 τὰ
1348 4553 1569 4624 λογικῶν
1622 4573 1701 4606 τε-

100 4649 240 4711 χνῶν
301 4644 462 4712 ᾷογια
511 4640 621 4711 ἅμα
670 4644 738 4692 τὰ
794 4649 1015 4694 Μουσων
1068 4644 1335 4700 πεπάτηκέ
1386 4661 1461 4702 τις
1508 4646 1705 4715 προπύ-

100 4728 240 4797 λαια,
290 4732 388 4781 καὶ
434 4738 772 4804 παραχρῆμα
819 4735 908 4782 καὶ
964 4733 1031 4783 τὰ
1090 4740 1190 4783 τῶν
1236 4732 1532 4802 ἀνακτόρων
1579 4729 1706 4783 έπὼ-

99 4837 280 4870 πτευεν
364 4813 563 4885 ἄδυτα,
640 4824 731 4869 καὶ
796 4825 891 4879 τῆς
955 4818 1153 4878 τελετῆς
1218 4815 1368 4871 οὐδὲν
1434 4816 1517 4887 ἦν,
1583 4820 1705 4894 ὅπερ

99 4905 404 4959 ὑπελείπετο
460 4908 628 4964 πάντη
678 4914 787 4967 τοῖς
843 4907 1120 4959 νεοτελέσιν
1188 4905 1482 4981 ἀνέκφορον.
1553 4906 1707 4959 Ἀλλά

99 5014 174 5057 τις
200 5002 329 5047 τῶν
382 5000 675 5065 φοιτώντων
731 4991 965 5047 πυκτίδα
1026 5001 1306 5054 ποιητικὴν
1364 4998 1465 5048 ὑπὸ
1537 4996 1705 5068 μάλην

104 5088 288 5156 φέρων,
366 5078 536 5136 έδεὶτο
604 5089 803 5157 μέτρων
873 5086 961 5155 μὲν
1028 5090 1222 5157 νόμους
1287 5087 1555 5151 μυεῖσθαι,
1618 5090 1707 5136 καὶ

106 5172 336 5244 ῥυθμοὺς
404 5170 677 5244 ἁρμονίας,
733 5178 824 5223 καὶ
885 5180 974 5223 τοῦ
1044 5172 1235 5244 ἐτύμου
1296 5181 1396 5224 τῶν
1447 5172 1707 5244 ὀνομάτων

109 5258 413 5324 ἀνάπτυξιν,
484 5258 936 5331 ψυχαγωγεῖσθαί
1008 5280 1063 5313 τε
1129 5261 1367 5335 πράξεων
1429 5260 1708 5334 ἀρχαιολο-

107 5351 366 5420 γουμένων
442 5349 771 5420 μυθεύμασιν
822 5364 835 5377 ·
894 5345 985 5401 εἷθ’
1052 5351 1336 5423 ὑπέστρεφε
1398 5352 1591 5401 τούτων
1656 5367 1710 5400 τε

113 5437 290 5508 θεωρός
347 5435 553 5497 ἐντελὴς
603 5441 695 5489 καὶ
739 5446 840 5489 τῶν
900 5443 1302 5512 μυπικωτέρων
1353 5438 1411 5490 ού
1464 5441 1709 5511 παράπαν

111 5524 398 5587 ἁτελεστος.
455 5522 599 5579 Ούδε
649 5529 749 5601 γὰρ
809 5522 1226 5588 διεσπουδάζετο
1275 5528 1325 5580 οἰ
1375 5530 1570 5579 τούτων
1617 5532 1710 5586 τὴν

116 5617 277 5684 ἔφεσιν
336 5614 649 5675 ἀποπλῆσαι
692 5620 846 5687 μόνον
889 5623 994 5676 τοῖς
1047 5618 1291 5688 μύσταις,
1332 5615 1462 5668 ἀλλὰ
1513 5636 1573 5686 γε
1622 5621 1711 5668 καὶ

1813 4546 2144 4603 rhetoricen
2183 4545 2458 4617 docebat,
2501 4545 2778 4618 discipuli
2816 4549 3117 4604 Musarum
3155 4546 3465 4620 propylaea

1814 4634 2322 4705 ingrediebantur,
2369 4634 2573 4707 palatii
2612 4636 3061 4692 sanctissimum
3099 4636 3468 4709 contempla-

1813 4726 2053 4791 bantur;
2085 4722 2251 4779 nulla
2272 4723 2435 4778 enim
2461 4724 2769 4795 provincia
2780 4725 3206 4797 mysteriorum
3221 4725 3468 4797 occlusa

1813 4818 1940 4869 erat
1967 4812 2308 4884 neophytis.
2330 4811 2518 4878 Quid?
2532 4813 2700 4885 quod
2714 4815 2764 4870 si
2777 4811 3211 4886 discipulorum
3242 4812 3464 4884 aliquis

1815 4900 2268 4958 versiﬁcationis
2300 4902 2655 4972 rhythmum
2693 4906 2752 4958 et
2777 4902 3164 4958 harmoniam
3192 4899 3464 4957 ediscere

1816 4990 2096 5062 cupiebat
2126 4995 2230 5046 aut
2244 5006 2461 5046 vocum
2481 4991 2935 5063 etymologiam,
2965 4989 3340 5045 Eustathium
3356 4989 3465 5045 ha-

1814 5080 1998 5135 bebat
2026 5078 2244 5141 ducem
2276 5079 2530 5151 peritum
2561 5081 2623 5136 in
2652 5079 2943 5136 docendis
2956 5077 3330 5150 antiquitatis
3344 5082 3466 5135 tra-

1816 5168 2144 5225 ditionibus
2201 5172 2258 5224 et
2312 5168 2374 5224 in
2431 5169 2600 5226 brevi
2655 5170 2945 5241 temporis
3006 5170 3315 5223 momento
3372 5183 3468 5224 so-

1815 5258 2108 5314 lutionem
2147 5257 2593 5330 problematum
2657 5257 3066 5314 desideratam
3131 5256 3464 5315 obtinebat.

1820 5348 1883 5402 Id
1913 5347 2073 5403 enim
2100 5347 2237 5402 fecit
2266 5351 2332 5404 ut
2367 5346 2842 5405 adolescentium
2863 5345 3075 5401 studiis
3106 5345 3368 5403 favendo
3388 5347 3470 5404 ad

1819 5453 2021 5493 rerum
2041 5437 2408 5493 multitudini
2426 5436 2803 5493 occultarum
2821 5436 3230 5505 cognitionem
3247 5437 3471 5507 januas

1820 5530 2130 5581 reseraret.
2175 5525 2660 5597 Quotusquisque
2698 5539 2823 5581 non
2869 5523 3041 5593 lacte,
3089 5523 3196 5581 sed
3246 5525 3472 5583 fortiori

1823 5614 1957 5671 cibo
1976 5618 2051 5670 {et
2089 5614 2313 5684 ingenii
2351 5612 2694 5679 maturitate
2754 5618 3053 5695 saturatus
3089 5613 3231 5671 inde
3267 5614 3468 5672 rediit!
