4028 6308
533 324 646 385 343

1416 313 1789 376 MICHAELIS
1823 309 2206 376 ACOMINATI
2241 307 2676 370 ATHENARUM
2711 305 3028 366 ARCHIEP.

3862 310 4016 368 344

540 447 660 509 Sed
671 445 910 520 majora
931 443 1524 503 memoremus.Multi
1537 441 1787 516 quidem
1807 440 1888 499 ad
1907 439 2191 514 eloqueno

2316 440 2370 494 τὰ
2415 443 2515 490 τῶν
2561 436 2738 510 μύθων
2789 434 3249 511 παραπετάσματα
3297 433 3572 510 διασχεῖν,
3628 439 3740 491 καὶ
3831 431 4016 490 δοῦ·

537 541 636 599 tiaa
661 535 971 608 fastigium
990 550 1055 592 se
1070 537 1307 592 evectos
1324 532 1726 592 autumabant
1749 530 2189 605 atqueidoneos

539 627 623 688 ad
641 624 988 685 docendum
1010 623 1159 682 alios
1174 623 1343 698 quod
1358 622 1475 698 ipsi
1495 623 1646 680 scire
1668 637 1731 678 se
1750 620 2068 694 putabant,
2087 620 2191 678 do-

536 731 650 774 nec
691 713 805 770 sub
844 712 1131 771 Eustathii
1177 712 1464 786 auspiciis
1511 714 1810 786 quantum
1846 710 2192 783 ignorarent

536 803 950 875 intelligerent.
991 801 1150 860 Multi
1187 802 1250 860 in
1291 801 1626 861 Gratiarum
1656 817 1722 858 se
1759 799 2047 874 mysteria
2081 798 2191 856 ini-

535 894 716 953 tiatos
755 891 1101 962 credebant,
1156 891 1350 949 donec
1394 892 1528 966 ipso
1575 894 1880 959 monente,
1926 903 2192 946 errorem

537 998 718 1039 suum
741 985 1193 1052 cognoscerent.
1208 981 1416 1038 Plures
1426 980 1488 1037 in
1501 979 1736 1054 philoso
1744 978 2188 1052 phiamaximo-

533 1069 1010 1146 pereproieeisse
1023 1069 1741 1138 sibi,videbantur,donec
1769 1081 1898 1124 sese
1924 1083 2063 1124 eum
2090 1066 2191 1125 illo

535 1161 666 1218 viro
696 1159 914 1218 artium
926 1174 998 1216 ac
1011 1157 1346 1216 litterarum
1365 1157 1732 1231 peritissimo
1751 1173 1813 1214 se
1832 1156 2189 1214 conferrent.

535 1247 722 1321 Igitur
750 1252 1081 1321 postquam
1109 1246 1535 1318 cognovissent
1563 1262 1628 1303 se
1647 1245 1731 1302 nil
1749 1246 1918 1312 scire,
1949 1245 2029 1302 ad
2055 1246 2194 1318 ipsa.

534 1337 885 1396 rudimenta
911 1336 1106 1394 redire
1149 1352 1274 1394 non
1309 1335 1759 1394 erubescebant.
1785 1339 1845 1392 et
1879 1335 1942 1391 in
1982 1334 2195 1407 optimi

535 1425 814 1498 magistri
880 1425 1090 1484 schola
1122 1427 1253 1498 jam
1291 1429 1464 1483 aetate
1502 1425 1907 1499 provectiores
1945 1423 2195 1482 meliora

535 1516 756 1574 melius
787 1513 1120 1572 addiscere.
1157 1514 1451 1588 Equidem
1490 1514 1878 1572 alumnorum
1907 1513 2193 1570 omnibus

536 1605 706 1662 horis
727 1605 975 1662 domum
998 1603 1129 1676 ejus
1147 1603 1658 1677 frequentantium
1671 1603 1918 1674 agmina
1932 1609 2196 1658 contem-

536 1693 598 1768 pl
607 1692 791 1759 ando,
805 1691 1042 1750 Homeri
1055 1692 1130 1749 de
1143 1708 1330 1766 apum
1344 1692 1726 1750 examinibus
1750 1691 2050 1765 loquentis
2074 1707 2198 1748 me-

2298 547 2384 582 ναι
2437 526 2562 580 εἵσω
2611 530 2886 600 χωρῆσαι,
2939 527 3030 578 καί
3080 543 3130 579 τι
3186 533 3285 580 τῶν
3352 525 3560 588 πολλοῖς
3624 525 4016 600 ἆνεφικτων

2299 616 2618 671 ἐποπτεῦσαι
2683 616 2869 687 θέαμα.
2924 619 3092 670 Πόσοι
3154 619 3460 690 προσίοντες
3521 621 3704 676 νήπιοι
3800 614 4016 670 Eleiu-

2301 706 2450 760 θανον
2526 703 2639 758 ἀντὶ
2689 703 2948 776 γάλακτος
2999 703 3354 780 στερροτέραις
3409 708 3750 780 μαθημάτων
3829 725 4006 778 τρο-

2301 801 2421 868 φαῖς
2473 789 2871 866 ἐξανδρούμενοι
2935 794 3004 848 τὰ
3059 793 3386 872 αἰσθητήρια
3434 803 3528 850 τοῦ
3590 803 3681 850 νοῦ
3772 793 4010 848 ἔπαν-

2299 887 2512 944 ήκοντες
2543 899 2559 914 °
2604 887 2695 936 καὶ
2746 884 2877 956 χθὲς
2929 885 3020 956 μὲν
3061 890 3175 946 ταῖς
3232 883 3488 957 γλώτταις
3534 883 4010 956 ὑποψελλίζθνο

2299 992 2402 1042 τες,
2467 975 2702 1047 ἔντρανον
2761 967 2821 1025 δε
2889 975 2979 1024 καὶ
3034 973 3184 1047 τορὸν
3246 975 3582 1046 φθεγγόμενοι
3650 979 4004 1046 σήμερον.

2299 1065 2443 1116 Εἴπω
2489 1064 2549 1115 τό
2596 1064 2926 1136 καινότερον·
2983 1065 3140 1114 πόσοι
3187 1067 3352 1138 μέχρι
3411 1066 3598 1117 τούτου
3655 1083 4008 1138 γραμμα-

2299 1155 2451 1210 τικήν
2503 1149 2834 1224 ἠκριϐῶσθαι
2899 1159 3147 1204 τοσοῦτον
3217 1156 3396 1224 ᾤοντο,
3466 1154 3531 1214 ὡς
3592 1151 4004 1225 ἐπαγγέλλε-

2303 1242 2429 1294 σθαι
2479 1245 2570 1294 καὶ
2623 1240 2798 1302 ἄλλοις
2854 1242 3207 1312 καθηγεῖσθαι
3253 1251 3350 1305 τῆς
3378 1245 3586 1315 τέχνης,
3612 1243 3703 1304 ἕως
3735 1241 4002 1314 ἐκείνῳ

2299 1334 2476 1384 κανόνι
2533 1335 2622 1384 καὶ
2663 1334 2785 1383 ποτὶ
2830 1332 3059 1404 σπάρτον
3111 1335 3239 1403 φασὶ
3291 1330 3433 1384 λίθον
3483 1334 3832 1407 παραθεῖναι
3909 1333 4003 1383 τὰ

2300 1418 2417 1472 καθ’
2463 1419 2678 1481 ἑαυτούς
2728 1421 2980 1491 ἔγνωσαν.
3031 1422 3195 1472 Πόσοι
3241 1424 3407 1495 μέχρι
3463 1423 3649 1474 τούτου
3694 1421 3998 1496 ῥητοριο

2301 1515 2414 1569 καῖς
2477 1509 2674 1584 χάρισι
2745 1509 2881 1561 θύειν
2957 1506 3216 1581 ἐνόμιζον,
3291 1510 3385 1572 ἓως
3449 1517 3548 1562 τῶν
3604 1510 3992 1564 Εύσταθίσυ

2303 1603 2550 1672 Σειρήνων
2599 1599 2946 1672 ἠκροάσαντο.
3001 1603 3165 1652 Πόσοι
3216 1598 3520 1673 φιλοσοφίαν
3567 1605 3734 1674 μέχρι
3821 1603 3995 1654 τού-

2301 1707 2392 1740 του
2454 1686 2755 1762 πρεσϐεύειν
2818 1684 3052 1759 ἐδόκουν,
3115 1689 3205 1750 ἕως
3269 1691 3443 1761 ἐκεινῳ
3505 1697 3799 1762 τεχνοῦντι
3877 1695 3988 1744 τέ-

536 1781 708 1849 mini,
739 1797 1004 1854 quarum
1027 1781 1108 1839 ad
1128 1781 1319 1839 instar
1338 1781 1640 1838 innumeri
1660 1780 1932 1838 omnium
1953 1784 2196 1837 aetatum

2316 1796 2443 1848 χνας
2497 1781 2587 1830 καὶ
2652 1778 2826 1838 πάσας
2885 1776 3182 1850 ἐπιστήμας
3247 1776 3620 1852 ἐπιστημοῡντι
3682 1778 3991 1854 παρέϐα-

535 1869 814 1928 homines
835 1870 967 1942 ejus
985 1869 1274 1927 audiendi
1294 1885 1480 1926 causa
1499 1868 1768 1942 quotidie
1790 1872 2197 1925 convenerunt

546 1958 628 2019 ad
657 1974 798 2016 eum
827 1958 932 2032 qui
961 1958 1194 2015 virtutis
1222 1973 1504 2016 normam
1517 1961 1574 2015 et
1591 1957 1833 2029 regulas
1856 1972 1980 2014 non
2008 1957 2196 2015 verbo

537 2047 983 2119 tantummodo,
1017 2047 1124 2104 sed
1150 2048 1398 2122 proprio
1436 2046 1714 2122 exemplo
1770 2045 1914 2105 dare
1963 2051 2192 2118 posset.

2301 1865 2406 1921 λον·
2448 1869 2518 1920 Τό
2561 1863 2612 1919 δ’
2668 1865 2890 1920 ἐντεῦθεν
2952 1870 3153 1938 γνόντες
3202 1866 3439 1938 ἑαυτοὺς,
3503 1867 3706 1922 κάκεῖνο
3781 1877 3988 1943 πρῶ-

2300 1976 2386 2010 τον
2443 1955 2610 2018 καλῶς
2660 1956 2993 2028 σοφιζόμενοι
3043 1960 3102 2009 τό
3171 1961 3290 2029 περὶ
3348 1956 3560 2026 ἑαυτῶν,
3629 1959 3697 2018 ὡς
3763 1953 3987 2009 οὐδὲν

2304 2043 2539 2114 εἰδότων,
2599 2043 2790 2101 εἰδέναι
2849 2055 3048 2118 σαφῶς,
3111 2049 3170 2100 τὸ
3237 2043 3366 2100 εἶναι
3431 2054 3524 2100 τοῦ
3589 2048 3812 2100 οἴεσθαι
3895 2051 3980 2099 τὸ

536 2137 714 2192 λοιπόν
779 2135 1205 2219 ἁντηλλάττοντο.
1273 2139 1446 2210 Ταύτῃ
1513 2155 1596 2190 τοι
1659 2142 1749 2190 καὶ
1817 2139 2147 2210 στρεφόμενοι
2208 2139 2299 2188 καὶ
2357 2137 2426 2198 ὡς
2481 2130 2670 2196 παῖδες
2735 2133 3042 2210 ἁρτιμαθεῖς
3101 2139 3381 2208 γινόμενοι,
3434 2136 3672 2207 ἠγάπων,
3725 2137 3758 2195 ἦ
3845 2144 3976 2189 νῦν

535 2235 664 2300 γοῦν
747 2225 1033 2301 ἀρχόμενοι
1112 2225 1236 2300 παρ’

1321 2225 1497 2298 ἐκείνῳ
1573 2221 2023 2300 μεταδιδάσκοντι
2102 2226 2500 2299 μαθητεύοιντο,
2582 2228 2672 2277 καὶ
2735 2231 2934 2298 γηρῷεν
3014 2225 3377 2296 μανθάνοντες.
3448 2230 3574 2278 Ὀτε
3633 2229 3727 2278 καὶ
3791 2229 3968 2288 τοὺς

539 2315 621 2370 ἀεὶ
678 2324 1109 2391 προσφοιτῶντας
1168 2319 1260 2368 καὶ
1324 2314 1708 2387 ἁποφοιτῶντας
1775 2316 2039 2387 θεώμενος,
2099 2321 2192 2374 τῆς
2255 2312 2548 2387 Ὁμηρικῆς
2618 2311 3078 2385 ἀνεμιμνησκόμην
3141 2313 3352 2376 εἰκόνος*
3420 2313 3509 2374 Ὧς
3570 2315 3673 2386 γὰρ
3723 2318 3974 2386 πέτρης

538 2403 596 2457 ἔκ
677 2402 944 2479 γλαφυρῆς
1013 2405 1130 2462 ἐθνη
1213 2403 1475 2477 μελισσῶν
1551 2402 1759 2471 ἔξεισιν,
1829 2402 1965 2456 οὕτω
2025 2407 2116 2456 καὶ
2179 2410 2254 2474 τῷ
2317 2403 2614 2456 Εύσταθίου
2680 2400 2964 2474 μελισσῶνι
3027 2406 3386 2477 προσίπταντο
3457 2407 3548 2455 καὶ
3615 2401 3962 2475 ἀφίει-ταντο

541 2488 805 2567 βοτρυδὸν
854 2493 1112 2566 ὁσημέραι
1155 2491 1432 2565 φιλολόγων
1490 2497 1662 2565 σμήνη
1710 2496 1893 2566 μυρία,
1935 2497 2025 2546 καὶ
2073 2495 2118 2544 εἴ
2141 2510 2274 2554 τινες
2299 2491 2466 2555 ἄλλως
2497 2490 2682 2565 ἀρετῆς
2713 2510 2766 2544 τι
2795 2499 3178 2564 μετεποιοῦντο,
3209 2496 3299 2544 καὶ
3339 2492 3681 2566 ῥυθμίσοντος
3721 2512 3966 2568 προσε-

541 2577 739 2636 δέοντο.
770 2585 946 2654 Νόμος
974 2583 1075 2655 γὰρ
1107 2578 1169 2640 ἧν
1199 2581 1441 2655 ἔμψυχος
1473 2581 1672 2656 ἀρετῆς,
1706 2586 1796 2634 καὶ
1824 2586 2048 2655 μεγίστη
2079 2584 2203 2656 πρὸς
2224 2580 2410 2657 ἀρετήν
2434 2580 2788 2657 παράκλησις,
2821 2580 2880 2634 ού
2905 2585 3057 2653 μόνον
3079 2583 3442 2654 φθεγγόμενος,
3467 2579 3592 2635 ἀλλὰ
3630 2585 3721 2634 καὶ
3757 2585 3960 2654 μόνον

543 2668 879 2743 βλεπόμενος.

623 2759 666 2815 0
696 2758 953 2828 vultum,
985 2773 1022 2815 ο
1065 2761 1358 2817 staturam
1378 2760 1575 2831 magis
1621 2759 1984 2816 veerandam
2002 2775 2191 2832 quam

537 2845 798 2915 Periclis,
823 2861 1012 2919 quam
1035 2847 1606 2920 Xenocratis,utpote
1635 2863 1772 2920 quae
1793 2863 2028 2903 morum
2049 2847 2194 2904 inte-

535 2933 814 3006 gritatem
843 2934 1042 3008 primo
1069 2935 1289 2993 intuitu
1314 2936 1638 2994 revelabatl
1662 2938 1705 2994 Ο
1729 2951 2037 2993 sermones
2051 2951 2193 2992 acu-

536 3027 631 3083 tos
671 3023 854 3081 simul
891 3028 949 3081 et
1009 3030 1318 3094 venustos,
1359 3025 1586 3083 facetiis
1621 3041 1692 3084 ac
1729 3026 1908 3097 nugis
1971 3026 2196 3099 pariter

2378 2757 2448 2811 Ὣ.
2502 2764 2789 2833 προσώπου
2853 2758 3079 2831 σεμνοῦὲ
3126 2758 3165 2809 ὦ
3228 2758 3562 2832 εὐσχήμονος
3629 2765 3962 2831 σχήματος

2306 2851 2397 2900 καὶ
2483 2847 2792 2922 Περικλέους
2873 2851 2964 2900 καὶ
3054 2850 3399 2922 Ξενοκράτους
3478 2845 3956 2925 αἱδεσιμώτερον,

2305 2939 2444 3008 μόνῳ
2516 2944 2589 3008 τῷ
2661 2938 2932 3009 φαίνεσθαι
3005 2937 3415 3011 σωφρονίζοντος
3470 2941 3588 2999 τοὺς
3653 2938 3953 3012 ὁρῶντας,

2307 3028 2436 3100 πρὸς
2486 3030 2580 3085 τήν
2624 3025 2744 3098 ὄψιν
2795 3025 3268 3099 μεταϐαλλομένους
3331 3030 3492 3086 αύτήν
3558 3031 3646 3079 καὶ
3713 3047 3949 3081 τυπου-

536 3112 766 3171 alienos
791 3129 865 3172 ac
889 3129 926 3171 ιι
952 3129 1150 3185 rigore
1179 3118 1238 3172 et
1255 3115 1471 3172 duritie
1508 3115 1854 3186 verborum,
1904 3115 2029 3172 imo
2072 3115 2195 3171 sale

2316 3119 2490 3178 ιιὲνους
2537 3114 2589 3178 ἐς
2639 3117 2778 3174 ἠθῶν
2833 3113 3230 3188 ἓπικόσμησινί
3289 3114 3357 3168 Ὢ.
3413 3113 3684 3179 διαλέξεων
3717 3115 3952 3171 ἀποϐα-

534 3200 759 3270 divino,
788 3205 854 3258 ut
886 3203 1210 3274 Apostolus
1258 3205 1613 3275 praescribit,
1675 3203 1960 3260 suffusos!
2016 3207 2194 3260 Totos

538 3305 686 3346 sane
723 3290 852 3346 dies
883 3306 1024 3347 eum
1055 3292 1286 3362 audire,
1327 3293 1405 3350 ab
1446 3309 1518 3351 eo
1555 3293 1789 3350 discere
1823 3291 2096 3364 juvabat,
2139 3296 2197 3348 et

534 3377 747 3450 patriae
775 3378 986 3450 ipsius,
1015 3384 1082 3436 ut
1104 3380 1187 3436 illi
1215 3382 1381 3455 apud
1410 3382 1814 3456 Lotophagos,
1855 3381 2074 3438 oblitus
2107 3397 2199 3437 es-

540 3479 657 3521 ses.
687 3467 829 3531 Quae
857 3467 1081 3537 ingenii
1096 3469 1279 3537 acies,
1311 3486 1447 3542 qum
1472 3471 1533 3527 in
1553 3470 1839 3528 omnibus
1856 3469 2038 3526 rebus
2055 3485 2198 3542 pru-

547 3552 774 3622 dentia,
805 3571 944 3628 quae
967 3557 1307 3615 constantia
1351 3559 1538 3616 animi
1577 3559 1642 3615 in
1682 3559 1864 3615 rebus
1900 3558 2195 3631 adversis,

538 3657 677 3714 quae
703 3643 1023 3700 strenuitas
1051 3645 1112 3702 in
1145 3646 1415 3718 agendo!
1448 3647 1652 3714 Qualis
1681 3647 1818 3704 fons
1855 3647 2090 3704 virtutis
2143 3651 2201 3705 et

543 3731 854 3804 sapientiae
883 3732 944 3788 in
985 3735 1165 3791 unius
1200 3740 1391 3792 morte
1423 3737 1714 3794 exstincta
1749 3739 1838 3793 est
1866 3737 2038 3807 cujus
2070 3752 2197 3793 me-

541 3822 736 3880 moria
765 3837 834 3879 ac
860 3821 1224 3881 desiderium
1250 3826 1525 3883 omnium
1550 3826 1760 3884 oculos
1798 3825 2083 3897 lacrymis
2108 3841 2200 3882 re-

539 3912 682 3985 plet!
730 3911 870 3978 Quis
901 3911 1046 3969 mihi
1084 3913 1377 3985 linguam,
1417 3916 1553 3989 quis
1602 3917 1882 3972 virtutem
1916 3915 2203 3970 Eustathii

541 4002 712 4059 dabit
739 4005 806 4057 ut
833 4017 974 4058 eum
996 4018 1106 4075 pro
1129 4003 1418 4074 dignitate
1437 4005 1807 4062 collaudem?
1834 4005 1957 4060 sine
1979 4003 2202 4077 quibus

543 4091 813 4148 laudatio
839 4107 977 4148 mea
995 4092 1361 4166 vituperium
1388 4110 1517 4151 esse
1544 4095 1691 4151 mihi
1711 4093 1968 4151 videtur.

2305 3208 2568 3276 πτομένων
2620 3207 2710 3276 μὲν
2755 3206 2823 3265 εἰς
2873 3211 3013 3273 νοῦν,
3051 3201 3413 3267 παντοδαπαῖς
3475 3202 3533 3258 δὲ
3580 3205 3946 3278 σταζομένων

2305 3293 2568 3368 χάρισινί
2619 3292 2687 3345 Ὦ.
2732 3292 2896 3364 λόγων
2943 3292 3168 3360 ἐκεινων,
3199 3299 3332 3366 μήτε
3363 3293 3696 3367 βωμολόχοις
3727 3294 3947 3368 εὐτρα-

2305 3381 2509 3444 πελίαις
2580 3381 2953 3453 γελοιαξόντων
3017 3388 3416 3458 σκηνικώτερον,
3479 3387 3610 3456 μήτε
3661 3379 3942 3446 ἁηδιζόν-

2307 3489 2408 3522 των
2471 3474 2856 3543 στρυφνότητος
2923 3469 3320 3543 ὀμφακιζούσης
3379 3469 3665 3544 βαρύτητι,
3721 3473 3940 3526 ύποσέ-

2309 3580 2418 3632 μνῳ
2499 3555 2558 3612 δε
2632 3563 2953 3633 κεκραμένων
3035 3559 3368 3634 ἀστειοσύνη,
3456 3564 3546 3614 καὶ
3619 3563 3756 3614 κατὰ
3822 3567 3936 3620 τὴν

2311 3647 2663 3706 αποστολικήν
2745 3650 3017 3708 ὑποθήκην
3093 3651 3210 3721 θείῳ
3274 3655 3680 3724 παρηρτυμένων
3737 3648 3933 3703 ἅλατι·

2311 3740 2380 3799 ὡς
2427 3741 2514 3791 τόν
2570 3736 2890 3812 ἀκροώμενον
2935 3734 3260 3813 διημερεύειν
3318 3738 3573 3812 ἀσμένως,
3629 3747 3731 3791 τῶν
3778 3741 3935 3791 οἶκοι

2309 3827 2447 3878 κατὰ
2509 3829 2629 3888 τοὺς
2676 3825 3103 3897 λωτοφαγοῦντας
3153 3825 3477 3899 λαθόμενονε
3529 3826 3597 3879 Ὠ
3637 3831 3933 3901 σωφροσύ-

2311 3934 2404 3976 νης
2431 3915 2590 3986 ἄκρας
2616 3913 2628 3969 l
2677 3914 2716 3966 ὦ
2759 3919 3056 3990 φρονήσεως
3093 3913 3359 3987 ἐντεχνοῦς
3390 3915 3402 3970 l
3450 3915 3490 3968 ὦ
3522 3915 3703 3988 ψυχῆς
3733 3915 3783 3967 ἐν
3809 3924 3937 3978 τοῖς

2313 4000 2506 4065 δεινοις
2557 4002 2833 4078 ἀτρέπτου,
2895 4008 2984 4056 καὶ
3044 4002 3362 4076 βεϐαιούσης
3418 4009 3512 4063 τήν
3568 4005 3756 4064 κλήσιν
3810 4014 3936 4068 τοῖς

2303 4092 2641 4166 πράγμασινέ
2683 4091 2844 4155 Ὀσος
2904 4090 3091 4166 ἁρετης
3144 4093 3387 4162 πλοῦτος,
3439 4095 3558 4146 ὅσον
3612 4101 3769 4166 χῦμα
3829 4115 3937 4147 σο-

546 4185 667 4252 φίας
698 4178 769 4231 ἐνὶ
796 4179 1183 4238 τετελευτηκότι
1213 4179 1367 4255 ἀνδρὶ
1395 4183 1796 4259 συναπέρῥευσε,
1829 4189 2040 4257 μνήμην
2068 4180 2451 4237 κατελελοιπότι
2478 4187 2638 4254 μόνην
2661 4183 2806 4254 ἡμῖν,
2837 4184 2929 4233 καὶ
2957 4184 3017 4234 τὸ
3053 4180 3136 4235 ἐπι
3166 4191 3227 4256 τῇ
3263 4187 3438 4256 μνήμῃ
3466 4184 3641 4255 θαῦμα
3665 4187 3754 4235 καὶ
3785 4179 3930 4236 δάκ-

543 4287 666 4340 ρυον
691 4266 702 4320 !
744 4272 831 4328 Τίς
860 4269 921 4320 ἄν
948 4289 1037 4342 μοι
1071 4267 1190 4328 δοίη
1223 4271 1456 4342 γλῶτταν
1487 4273 1804 4334 Εύσταθίου,
1829 4279 1919 4327 καὶ
1948 4278 2042 4332 τήν
2076 4271 2259 4348 ἀρετήν
2282 4275 2372 4324 καὶ
2399 4270 2628 4344 γλῶτταν
2660 4269 2954 4324 Εύσταθίου
2985 4271 3325 4346 θαυμάσομαι
3353 4273 3474 4325 ὅσον
3498 4269 3642 4335 ἀξιον
3666 4289 3681 4339 ;
3712 4271 3796 4333 Ὠς
3824 4282 3929 4326 νῦν

543 4375 605 4428 γε
625 4357 745 4415 τοὺς
774 4354 1015 4419 ἐπαίνους
1043 4361 1260 4422 τούτους
1291 4363 1387 4412 ἴσα
1416 4366 1506 4414 καὶ
1526 4361 1726 4434 ψόγους
1757 4360 2100 4435 αἰσχύνομαι.

617 4443 960 4500 Eustathius
977 4445 1524 4519 vitmintegerrimm
1555 4450 1832 4523 exemplo
1870 4455 1927 4507 et
1965 4466 2206 4508 summa

547 4532 840 4589 sermonis
854 4532 1006 4589 inter
1021 4549 1232 4592 omnes
1247 4538 1643 4609 praefulgebat
1658 4555 1938 4609 ;magnus
1963 4540 2122 4596 enim
2143 4540 2205 4595 in

545 4624 802 4694 utroque
814 4620 1030 4690 fuit;ad
1041 4639 1222 4696 quem
1243 4630 1573 4700 comparati
1601 4645 1712 4685 nos
1742 4629 1960 4685 umbra
1973 4645 2205 4689 sumus.

548 4709 688 4777 Quis
702 4707 854 4766 alius
867 4712 1257 4783 praeterillum
1274 4715 1672 4790 philosophiae
1689 4733 1758 4774 ac
1778 4717 2088 4788 theologiae
2106 4733 2208 4775 an-

547 4799 711 4857 tistes
743 4814 921 4872 aequo
947 4799 1175 4859 lumine
1206 4803 1410 4862 fulsit?
1461 4806 1656 4864 Israeli
1667 4807 1736 4864 tis
1765 4806 1907 4864 olim
1921 4809 2076 4862 Deus
2101 4823 2208 4880 per

548 4888 708 4945 diem
739 4888 801 4945 in
822 4887 1106 4947 columna
1129 4891 1330 4959 nubis,
1367 4898 1422 4951 et
1444 4909 1552 4967 per
1570 4905 1809 4952 noctem
1840 4896 1900 4952 in
1926 4894 2208 4953 columna

547 4977 705 5048 ignis
729 4977 890 5035 viam
920 4980 1198 5037 ostendit:
1232 4983 1574 5039 Eustathius
1606 5000 1729 5041 non
1755 4984 1939 5042 altero
1962 5000 2209 5042 munere

550 5065 939 5138 fungebatur,
957 5084 1080 5142 qua
1100 5075 1302 5128 orator
1319 5071 1680 5144 ignivomus,
1707 5090 1830 5146 qua
1849 5074 1975 5130 dux
2013 5074 2072 5129 in
2121 5090 2207 5130 se-

550 5155 700 5211 mita
709 5155 964 5229 virtutis,
981 5157 1104 5216 imo
1116 5159 1255 5216 hinc
1267 5170 1468 5218 orator
1488 5161 1820 5219 altisonans
1843 5163 1984 5219 inde
2011 5178 2207 5219 sacer-

551 5242 665 5298 dos
675 5257 862 5314 purus
874 5249 932 5302 et
951 5246 1240 5320 eloquens
1251 5250 1538 5306 omnibus
1550 5251 1887 5309 errantibus
1906 5255 1968 5308 ut
1981 5251 2208 5324 pharus

551 5328 713 5386 viam
725 5337 1245 5402 praemonstrabat:
1270 5338 1502 5411 quoties
1537 5340 1698 5397 enim
1729 5355 1838 5413 pro
1855 5355 2054 5396 rerum
2078 5355 2210 5412 gra-

553 5419 731 5476 vitate
755 5421 940 5479 verba
964 5422 1240 5484 iacienda
1270 5433 1592 5503 erant,qua
1613 5429 1671 5486 vi
1691 5428 2064 5487 audientium
2085 5429 2208 5487 ani-

552 5521 689 5565 mos
724 5508 1028 5578 movebat,
1065 5513 1444 5575 adversarios
1479 5518 1644 5592 ipsos
1682 5518 2097 5588 convincebat,
2125 5519 2208 5576 ita

553 5596 880 5671 antiquitas
953 5602 1078 5662 tota
1131 5603 1232 5663 vix
1287 5608 1496 5666 similis
1546 5609 1800 5671 oratoris
1860 5608 2206 5684 exemplum

2385 4449 2542 4522 Ἀνήρ
2595 4451 2696 4522 γὰρ
2757 4447 2940 4511 ἐκεῖνος
2991 4455 3166 4522 μόνος,
3194 4452 3262 4512 ὡς
3319 4453 3497 4515 ἔοικεν,
3555 4447 3928 4525 ἁπαράμιλλον

2314 4537 2487 4600 ἄλλοις
2543 4534 2850 4602 ἀπεδείξατο
2901 4537 3039 4612 βίον,
3091 4543 3182 4592 καὶ
3235 4537 3338 4612 βίῳ
3377 4538 3608 4611 γλῶτταν
3656 4537 3927 4613 ἀνθάμιλ-

2312 4625 2418 4696 λον,
2453 4631 2542 4680 καὶ
2579 4628 2686 4688 οἷός
2731 4647 2813 4680 τοι
2855 4629 2971 4681 κατ’
3018 4627 3280 4701 ἀμφότερα
3319 4633 3564 4682 πέπνυτο’
3597 4630 3646 4681 οἱ
3677 4625 3734 4682 δε
3768 4635 3928 4683 σκιαὶ

2315 4714 2586 4788 ἆίσσομεν.
2633 4715 2833 4789 Ἀμελει
2889 4729 2979 4770 και
3047 4719 3116 4779 ὡς
3173 4719 3326 4791 ἄμφω
3383 4720 3513 4790 φάεα
3571 4716 3722 4784 καλὰ,
3791 4716 3925 4790 βίου

2315 4810 2405 4859 καὶ
2463 4804 2638 4877 λόγον,
2699 4805 3128 4880 προϐεϐλημένος,
3186 4811 3253 4869 ὡς
3313 4805 3397 4859 ἐπὶ
3446 4811 3709 4880 ⁴Ιτεριωπήν
3764 4803 3924 4860 δυοῖν

2313 4894 2595 4967 λυχνίαιν,
2678 4902 2988 4968 σοφιστικοῦ
3061 4900 3151 4948 καὶ
3234 4894 3607 4970 ἀρχιερατικοῦ
3689 4898 3874 4970 θρόνου

2315 4984 2682 5057 μετεωρίζεται
2725 5001 2738 5016 ·

2792 4993 2864 5056 τῷ
2929 4988 3018 5058 μιν
3078 4981 3366 5057 ἐνιδρυθεὶς
3421 5005 3593 5061 μικρῳ
3644 4989 3922 5060 πρότερον,

2316 5082 2388 5145 τῷ
2435 5070 2487 5127 δ’
2533 5076 2770 5147 ὕστερον.
2825 5079 2924 5128 Καὶ
2966 5082 3058 5128 τοῦ
3105 5073 3331 5127 παλαιοῦ
3386 5077 3477 5148 μὲν
3526 5073 3739 5148 Ἰσραήλ
3799 5072 3922 5146 ἐρη-

2315 5163 2568 5236 μάξοντος
2614 5164 2816 5238 ἡμέρας
2862 5165 3038 5236 ἠγεῖτο
3098 5163 3279 5224 στῦλος
3333 5163 3555 5235 νεφέλης,
3609 5165 3789 5223 νυκτὸς
3854 5160 3923 5218 δὲ

2319 5251 2498 5314 στῦλος
2540 5253 2743 5325 πυρός·
2795 5252 3087 5315 Εύστάθιος
3125 5249 3186 5305 δὲ
3233 5251 3325 5305 οὐκ
3375 5251 3470 5304 ἀνά
3517 5257 3666 5327 μέρος
3712 5253 3919 5324 ἡγεῖτο,

2313 5350 2385 5401 πή
2437 5343 2526 5414 μὲν
2585 5343 2650 5402 ὡς
2693 5341 2869 5417 ῥήτωρ
2921 5346 3220 5418 περίπνους,
3270 5348 3340 5400 πῆ
3400 5337 3525 5404 δ’ὡς
3585 5350 3919 5414 πνευματικῷ

2317 5429 2421 5504 βίῳ
2494 5427 2810 5504 προλάμπων
2865 5430 3179 5504 (πνεύματος
3215 5431 3315 5506 γὰρ
3372 5429 3549 5502 νεφέλη
3607 5428 3913 5504 σύμϐολον).

2315 5517 2456 5570 Ἀλλ’
2502 5519 2586 5572 ὅτε
2645 5519 2935 5595 ῥητορικῶς
2992 5523 3071 5586 (τὸ
3130 5526 3223 5572 τοῦ
3287 5517 3466 5592 λόγου)
3536 5515 3611 5572 δι’
3684 5519 3916 5592 ἅρματος

2315 5611 2603 5681 ἤστραπτε,
2651 5612 2742 5664 καὶ
2784 5616 3146 5682 πνενματικῶς
3199 5606 3600 5682 προσεπιλαμπε
3623 5623 3636 5640 ·
3688 5612 3778 5662 καὶ
3827 5609 3915 5663 ὅτε
