4028 6308
159 341 296 399 345

1271 336 1592 399 MONODIA
1627 338 1698 397 IN
1734 336 2174 400 EUSTATHIUM
2209 343 2540 404 THESSAL.

3469 359 3572 415 346

168 462 505 541 διηύιναζεν
549 466 956 543 ἀρχιερατικῶς,
1015 468 1102 522 καὶ
1138 465 1430 543 ῥητορικῶς
1485 461 1814 541 διεπύρσευε,

1931 464 2141 525 offerre
2171 469 2378 541 possit.
2413 469 2522 536 Qui
2550 469 2654 528 ubi
2683 484 2896 544 regum
2923 473 3208 547 praeclare
3242 475 3427 548 facta,
3471 482 3576 538 aut

163 561 286 612 καὶ
379 565 478 612 τῶν
557 558 676 612 κατ’

167 646 596 722 ἀμφοτέρωθένο
655 646 740 712 Ὠς
778 651 880 724 γὰρ
929 651 1030 724 πρό
1089 654 1182 701 τοῦ
1240 645 1629 720 ἱπαγγὲλματος
1677 645 1817 718 ἀπῃ-

166 740 345 789 τεῖτο
402 740 500 795 τὴν
553 741 956 814 πομπικωτίροιν
1003 745 1103 791 τῶν
1165 735 1326 809 λόγων
1375 731 1644 806 ἐπίδειξιν,
1707 740 1820 797 πῶς

166 823 239 877 ἄν
317 827 550 900 εἰποιμι,
630 828 770 890 ὅσοις
836 833 926 881 καὶ
982 828 1108 890 οίοις
1161 826 1433 901 ἐχειροῦτο
1487 828 1547 879 τὸ
1608 826 1818 898 θέατρον

165 917 459 985 πάθεσιν,
504 915 798 976 ἐκπλήττων
844 918 955 991 ἅμα
1000 921 1089 970 καὶ
1138 916 1323 988 θίλγῶν
1379 919 1470 968 καὶ
1521 915 1820 988 συμπείθων

166 1011 308 1068 τοῖς
362 1006 486 1059 καθ’
517 1005 714 1075 ἑαυτὸν,
760 1011 830 1069 ὡς
858 1002 981 1060 οὐδὲ
1024 1007 1088 1060 τά
1133 1014 1233 1059 τῶν
1260 1004 1496 1059 παλαιῶύ
1540 1004 1645 1078 ἄρα
1689 1005 1820 1055 θαύ-

170 1113 357 1166 ματα
426 1095 668 1161 καθάπαξ
729 1097 1020 1168 μεμύθευτο
1074 1112 1088 1163 ;
1143 1092 1297 1151 Acth
1359 1097 1449 1167 μὲν
1522 1091 1622 1166 ’γὰρ
1699 1091 1822 1146 κλέα

176 1181 482 1257 βασιλέων
567 1184 957 1259 μεγαλουργῶν,
1024 1189 1113 1239 καὶ
1201 1184 1492 1260 ὑψιθρόνων
1566 1185 1822 1258 πατριάρ-

173 1281 348 1345 χῶν·
419 1274 486 1328 τά
531 1270 582 1326 δ’
636 1274 870 1352 ἐπέρρεον
924 1277 1067 1330 ἔθνεα
1117 1283 1378 1348 σοφιστῶν
1433 1278 1523 1328 καὶ
1564 1279 1819 1331 παντοίων

177 1361 404 1437 ἐτέρων
498 1361 785 1435 ἀκροατῶν,
873 1367 942 1430 ὡς
1037 1367 1138 1418 ὑπὸ
1219 1366 1524 1439 κρουμάτων
1594 1363 1819 1437 Ὀρφέως

180 1449 486 1524 ἑλκόμενα.
534 1451 836 1518 Ἐξέπληττε
893 1449 946 1506 δ’
1018 1461 1083 1508 αὖ
1142 1455 1452 1528 ἀστράπτων
1498 1457 1588 1505 καὶ
1657 1451 1818 1526 βρον-

174 1547 298 1593 τῶν
338 1541 472 1614 ὑπὲρ
535 1545 623 1594 τὸν
681 1543 1022 1614 ξυγκυκῶντα
1061 1547 1184 1598 ποτε
1235 1547 1330 1602 τὴν
1376 1539 1600 1597 Ἐλλάδα
1646 1539 1820 1615 δημη-

174 1634 368 1703 γορίᾳ
443 1631 717 1703 Περικλῆν,
801 1632 874 1692 οἷς
969 1635 1275 1707 ὑπερεφώνει
1375 1635 1462 1691 τὴν
1545 1633 1817 1706 ύπερτονον

175 1721 573 1793 Δημοσθένους
607 1726 726 1796 ἠχὼ
783 1725 873 1777 καὶ
924 1725 1010 1774 τόν
1062 1721 1328 1796 ύψήγορον
1357 1720 1531 1795 ῥοῖζον
1581 1721 1819 1795 Πολέμω-

755 560 1022 634 άμφότερα
1097 557 1434 631 πλανωμένων
1514 557 1816 629 ἡγεμόνευεν

1925 555 2246 614 illustrium
2265 560 2746 632 patriarcharum
2768 562 3021 634 gloriam
3042 564 3408 637 celebrabat,
3441 585 3572 626 om-

1925 646 2019 702 nis
2041 647 2272 717 generis
2292 649 2544 706 studiosi
2564 651 2743 724 quasi
2764 653 3020 725 Orphica
3034 653 3165 727 lyra
3189 655 3382 714 allecti
3403 658 3574 716 undi-

1925 751 2042 810 que
2071 736 2455 796 conﬂuebant
2479 740 2557 797 ad
2586 756 2746 810 eum,
2776 742 2947 814 cujus
2967 743 3029 800 in
3058 743 3231 801 labiis
3253 748 3480 804 tonitru
3503 763 3576 805 ac

1926 822 2153 881 fulmen
2174 826 2311 899 plus
2338 843 2524 900 quam
2546 829 2609 885 in
2635 829 2827 903 ipsius
2849 831 3089 888 Periclis
3110 833 3433 904 residebat,
3469 837 3576 910 qui

1928 913 2344 974 Demosthenis
2358 918 2480 976 vim
2501 922 2558 976 et
2577 920 2914 978 Polemonis
2937 922 3380 980 vehementiam
3403 939 3575 998 asque

1929 1004 2282 1077 superabat;
2323 1008 2426 1080 qui
2454 1008 2716 1081 antiquis
2746 1009 3074 1068 novitatem
3103 1011 3248 1068 dare
3279 1012 3534 1070 callebat
3557 1031 3572 1083 ;

1927 1093 2033 1166 qui
2055 1109 2434 1168 quaecunque
2454 1096 2694 1154 dicebat
2726 1097 2911 1154 decus
2957 1101 3373 1158 conservando
3415 1118 3573 1161 novo

1928 1182 2130 1256 aliquo
2156 1184 2339 1241 modo
2369 1201 2439 1242 ac
2467 1186 2662 1244 colore
2693 1187 3047 1248 eﬂ'ormabat
3070 1189 3150 1247 ob
3163 1190 3385 1262 ingenii
3400 1192 3576 1264 parti-

1929 1271 2146 1329 cularis
2171 1273 2627 1339 abundantiam,
2644 1293 2815 1350 aeque
2832 1276 3061 1334 alienus
3079 1279 3156 1335 ab
3178 1281 3574 1338 ostentatione

1927 1377 1999 1418 ac
2022 1361 2256 1428 duritie,
2279 1363 2433 1420 vitiis
2458 1381 2595 1438 quae
2623 1365 2951 1438 peculiaria
2981 1370 3119 1424 sunt
3143 1368 3214 1424 iis
3237 1369 3344 1441 qui
3363 1385 3574 1431 veram

1927 1451 2213 1508 orationis
2251 1452 2676 1514 sublimitatem
2709 1455 2999 1526 attingere
3029 1472 3153 1513 non
3191 1455 3456 1514 valentes
3495 1458 3576 1516 ad

1928 1541 2228 1612 ampullas
2249 1541 2641 1613 descendunt,
2669 1548 2723 1601 et
2741 1543 2955 1603 laxatis
2978 1545 3253 1616 habenis,
3288 1546 3573 1603 omnibus

1928 1629 2241 1698 fastidiosi,
2273 1632 2548 1688 curribus
2585 1633 2699 1690 illis
2729 1633 3014 1690 inanibus
3057 1635 3223 1708 apud
3249 1638 3574 1693 Homerum

1929 1719 2150 1775 similes
2163 1725 2395 1778 tantum
2408 1723 2717 1795 crepitant.
2737 1726 2806 1780 Ut
2819 1724 2978 1780 enim
2993 1724 3286 1780 sermonis
3299 1728 3577 1782 venusta-

177 1825 298 1874 νος,
363 1807 453 1861 καὶ
491 1809 567 1873 οἷς
607 1805 763 1864 οὐδέν
808 1829 860 1861 τι
922 1818 1019 1864 τῶν
1074 1811 1256 1863 κοινῶν
1321 1813 1559 1882 ἠνείχετο
1621 1815 1692 1884 μὴ
1761 1813 1819 1864 οὐ

1931 1812 2047 1865 tem
2070 1814 2341 1867 amentet
2360 1811 2566 1880 magni
2590 1811 2832 1882 faciant,
2852 1813 3213 1885 peculiarem
3231 1817 3430 1870 tamen
3444 1814 3576 1886 ejus

176 1906 398 1961 καινῶς
455 1898 667 1973 φραζειν
715 1902 771 1952 εκ
815 1907 910 1961 τῆς
956 1907 1048 1952 τοῦ
1103 1899 1313 1975 φράζειν
1359 1898 1552 1960 πολλῆς
1606 1919 1822 1974 περιου-

185 1992 330 2050 σίας
385 1992 477 2039 καὶ
542 1997 922 2064 καινοπρεποῡς
977 1991 1222 2062 ἀφθονίας
1281 1993 1372 2042 καὶ
1432 1993 1819 2063 περιττότητος,

192 2079 308 2129 οὐκ
371 2075 630 2132 ἀλλόκοτα
705 2082 1108 2152 όνοματοθετῶν,
1198 2081 1228 2140 ἢ
1313 2079 1606 2156 μεταφέρων
1664 2082 1823 2134 άνασε

197 2185 469 2241 συρμενα,
528 2168 559 2226 ἣ
617 2168 966 2242 παφλάσμάσι
1024 2166 1360 2243 διθυράμϐων
1431 2169 1821 2244 ἐκτραχυνόμε-

194 2275 318 2323 νος,
375 2261 404 2316 ἧ
495 2263 891 2332 παράκρημνοις
947 2257 1446 2334 ἐκτραχηλίςόμενος
1500 2257 1813 2333 δριμυτησι.

195 2345 395 2399 Ταῦτα
451 2349 555 2420 γὰρ
606 2356 707 2400 τῶν
746 2349 1034 2406 τηνικαῦτα
1087 2354 1436 2422 παρανομίαις
1486 2357 1577 2411 τῆς
1631 2353 1824 2422 τέχνης

204 2455 507 2509 χρωμενων
563 2436 984 2510 πλημμελήματα
1041 2439 1090 2491 οἰ
1125 2446 1214 2493 τοῦ
1262 2442 1351 2512 μὲν
1401 2439 1621 2501 ἀληθοῦς
1658 2439 1824 2511 ὕψους

199 2533 314 2577 τῶν
366 2524 536 2597 λόγων
585 2529 678 2580 οὐκ
736 2527 1105 2600 ἐφικνούμενοι,
1168 2531 1252 2581 επὶ
1302 2531 1388 2580 τόν
1437 2529 1680 2582 ὑπόκενον
1731 2533 1822 2581 καὶ

202 2609 612 2684 πομφολυγώδη
703 2612 1126 2687 κενεμϐατοῦντες
1225 2620 1376 2687 ὄγκον
1485 2617 1822 2671 κατέπιπτον.

205 2703 329 2754 εἶτα
378 2707 476 2762 τὴν
524 2705 845 2775 ἠνιοχοῡσαν
893 2705 988 2757 οὐκ
1034 2703 1241 2777 ἔχοντες
1287 2704 1602 2777 ἐπιστήμην,
1653 2705 1823 2777 άλογι-

211 2809 354 2852 στως
400 2794 615 2862 ἦγοντό,
646 2811 700 2846 τε
741 2797 832 2846 καὶ
880 2793 1132 2866 ἐφέροντο,
1185 2795 1308 2846 κειν’
1357 2795 1489 2865 ὄχεα
1516 2794 1629 2848 me“
1656 2794 1796 2868 Ὀμη

204 2899 300 2955 ρον
350 2885 668 2953 κροτέοντες.
721 2888 782 2936 Εἰ
835 2880 893 2938 δὲ
949 2889 1036 2936 καὶ
1076 2883 1292 2946 κάλλους
1341 2880 1432 2938 τοῦ
1483 2890 1598 2960 περὶ
1641 2884 1826 2957 λόγους

207 2967 504 3041 ἰρασθεῖεν,
563 2977 656 3023 τοῦ
719 2974 809 3043 μὲν
867 2972 1026 3039 ὄντος,
1094 2976 1157 3034 ὡς
1214 2975 1239 3025 ό
1295 2973 1458 3037 Ἰξίῶν
1515 2981 1608 3035 τῆς
1661 2973 1827 3049 ’Ἥρας

204 3063 304 3111 καὶ
387 3066 484 3119 τῆς
567 3059 869 3123 Πηνελόπης
933 3064 982 3114 οἱ
1047 3070 1354 3136 φνηστῆρες,
1421 3063 1822 3136 άπεσφάλλοντο·

1932 1912 2199 1954 amorem
2216 1913 2339 1953 non
2362 1899 2556 1968 magis
2577 1916 2762 1971 quam
2784 1899 2952 1959 Ixion
2973 1902 3271 1960 Iunonem
3297 1906 3402 1958 aut
3423 1904 3576 1960 Pene

1927 1985 2128 2057 lopem
2158 1986 2323 2059 proci
2355 1988 2654 2058 attingunt
2684 2005 2832 2056 ;nec
2864 1989 3068 2047 vident
3095 2007 3156 2047 se
3187 2007 3223 2048 a
3253 1991 3575 2048 simulacro

1931 2074 2134 2149 aliquo
2163 2075 2258 2133 vel
2302 2075 2581 2133 lenocinii
2627 2078 2858 2134 artibus
2906 2077 3192 2151 deceptos
3220 2095 3368 2136 esse.
3394 2083 3577 2139 Fuere

1929 2165 2110 2222 etiam
2138 2165 2242 2238 qui
2261 2165 2524 2223 tironum
2544 2183 2712 2226 more
2731 2167 3027 2225 inusitatis
3047 2167 3243 2224 verbis
3283 2185 3352 2226 ac
3387 2169 3576 2241 tropis

1930 2257 2255 2322 uterentur,
2283 2270 2392 2312 nec
2414 2259 2614 2311 tamen
2641 2256 2812 2328 quod
2835 2256 3146 2314 tentabant
3171 2271 3282 2312 nec
3315 2257 3379 2312 in
3408 2257 3576 2328 poesi

1931 2357 2043 2398 nec
2087 2358 2269 2415 prosa
2304 2344 2572 2400 oratione
2611 2343 2689 2400 ab
2727 2344 2798 2400 iis
2844 2349 3118 2414 tractata,
3163 2344 3268 2400 ubi
3303 2359 3577 2417 pannum

1929 2432 2148 2489 vilibus
2195 2433 2546 2506 corporibus
2593 2449 2966 2507 purpureum
3012 2433 3357 2500 assuebant,
3390 2449 3496 2489 nec
3514 2433 3578 2491 in

1931 2523 2226 2580 rhetorica
2261 2523 2666 2579 obtinuerunt.
2720 2526 2784 2580 In
2811 2524 2925 2580 hac
2968 2523 3129 2580 enim
3172 2522 3432 2596 propriae
3475 2522 3577 2580 vili

1932 2613 2140 2669 formae
2187 2618 2418 2670 vestem
2471 2629 2595 2670 non
2643 2613 3030 2670 vernaculam
3064 2612 3578 2686 circumimpone-

1935 2701 2087 2759 bant
2123 2702 2296 2772 (sicut
2342 2703 2675 2759 Alexander
2720 2703 3153 2775 paludamento
3197 2701 3579 2759 Macedonico

1934 2792 2161 2848 vestem
2199 2793 2496 2848 Persicam
2539 2793 3081 2864 superimposuisse
3118 2791 3344 2863 fertur),
3387 2791 3578 2847 donec

1935 2881 2277 2939 Eustathius
2309 2880 2534 2937 fortiter
2566 2880 2798 2937 orando
2846 2882 2985 2937 artis
3023 2881 3298 2938 oratorias
3328 2881 3577 2952 sospitao

1936 2975 2027 3028 tor
2069 2971 2304 3038 exstitit,
2344 2987 2480 3043 quae
2530 2975 2657 3028 tum
2705 2970 2970 3026 maxime
3007 2969 3069 3025 in
3109 2985 3180 3026 eo
3227 2973 3370 3034 erat,
3408 2973 3472 3026 ut
3506 2983 3580 3023 ex

1936 3059 2151 3116 artium
2179 3059 2361 3115 choro
2390 3059 2703 3127 deleretur,
2735 3073 2870 3130 qum
2899 3057 3214 3130 hucusque
3238 3057 3380 3113 artis
3411 3055 3577 3128 prin-

207 3143 429 3199 εἴδωλον
499 3143 560 3201 δέ
613 3167 666 3201 τι
733 3149 1009 3222 ἀνεμώλιον
1074 3151 1102 3210 ἦ
1174 3148 1562 3223 θεραπαινίδιον
1605 3158 1821 3226 πορνικῇ

1936 3149 2091 3221 cipia
2116 3147 2390 3204 docendo
2412 3151 2469 3203 et
2487 3147 2565 3204 ad
2585 3146 3018 3218 exemplarium
3037 3147 3422 3219 antiquorum
3443 3144 3578 3202 imi-

206 3244 526 3309 κομμωτικῇ
632 3234 1066 3312 διεσκευασμένον
1165 3249 1437 3314 πειρῶντες
1559 3240 1827 3294 ἐλάνθανον

209 3323 452 3386 ἑαυτοῦς.
502 3326 702 3401 Ὠσπερ
751 3332 861 3396 καὶ,
936 3331 1018 3382 ὅτε
1075 3328 1376 3403 βουληθεῖεν
1442 3330 1825 3395 ἐξαλλάττοντες

212 3415 418 3469 ἀλλοῖοί
467 3435 600 3477 τινες
648 3420 940 3490 φαίνεσθαι,
990 3420 1082 3472 τοῦ
1129 3425 1219 3494 μὲν
1266 3425 1564 3496 καινοτέρου
1607 3423 1823 3496 τρόπου,

212 3508 307 3558 καὶ
353 3508 478 3557 ὅσον
529 3507 560 3564 ἡ
610 3515 803 3580 σχῆμα
847 3505 970 3580 γοῦν
1009 3510 1038 3569 ἦ
1090 3511 1252 3581 ὄνομα
1299 3509 1352 3562 ἰκ
1389 3518 1480 3563 τοῦ
1520 3511 1827 3584 καθωμιληο

213 3597 373 3666 μένου
424 3593 498 3656 εἰς
552 3598 611 3648 τό
669 3594 997 3672 ἀθικτότερον
1066 3601 1526 3674 μεθαρμόσασθαι,
1582 3596 1718 3661 εἶδες
1765 3599 1825 3652 ἂν

214 3688 342 3744 τοὺς
397 3681 600 3760 ἄνδρας
655 3683 770 3740 οὐδ’
827 3687 981 3760 ἐγγὺς
1028 3692 1268 3756 ἣκοντας,
1317 3698 1409 3753 τῆς
1461 3699 1719 3751 ποητικῆς
1767 3687 1826 3744 δὲ

215 3776 375 3846 μόνον
431 3779 524 3834 τὴν
579 3781 907 3850 τραχυτέραν
967 3782 1354 3852 συμφοροὺντας
1412 3780 1657 3852 άμαξαις,
1753 3788 1824 3832 τῶ

215 3860 590 3934 καταλογάδην
685 3869 775 3917 καὶ
848 3867 1155 3940 πεζαιτέρῳ,
1225 3888 1314 3920 και
1387 3867 1490 3922 οἷον
1566 3868 1827 3942 ἐπίϐλημα

215 3951 493 4026 πορφύρας
576 3958 794 4026 potus/ou;
877 3955 1276 4030 ἐπιρρίπτοντας
1350 3959 1558 4031 ῥάκεσί,
1634 3959 1823 4032 μᾶλλον

218 4036 277 4092 δὲ
344 4048 438 4101 τῆς
507 4038 696 4104 ἑθάὸος
761 4048 850 4097 καὶ
905 4043 1147 4106 Ἕλληνος
1224 4047 1526 4120 ῥητορικῆς,
1607 4048 1820 4120 ἔκφυλον

215 4147 337 4180 τινα
397 4135 589 4188 σκευὴν
635 4138 1186 4206 μεταμπισχόμενους,
1231 4133 1312 4187 ἐπὶ
1350 4144 1422 4206 τῷ
1476 4145 1616 4209 σφῶν
1655 4140 1822 4190 αὐτῶν

215 4219 312 4269 οὐκ
365 4219 684 4291 εὐσχήμονι,
740 4224 809 4284 ὡς
869 4227 960 4274 καὶ
1015 4227 1104 4280 την
1161 4228 1421 4299 Περσικὴν
1471 4230 1674 4298 στοχὴν
1732 4233 1823 4288 τῆς

217 4305 590 4371 Μακεδονικῆς
642 4330 772 4384 φασι
830 4308 1252 4384 μετενὸύσασθαι
1313 4317 1399 4366 τόν
1460 4312 1819 4388 Ἀγέξανδρον·

218 4401 315 4462 ἕως
362 4401 388 4452 ό
429 4399 584 4462 πολὺς
630 4406 724 4460 τὴν
770 4401 1004 4473 γλῶτταν
1051 4403 1344 4469 Εὐστάθιος
1395 4407 1699 4478 προστάτης
1737 4409 1822 4458 καὶ

221 4493 404 4565 σωτήρ
468 4487 686 4562 ἆνεφίωη
752 4499 843 4552 τῆς
917 4497 1103 4564 τέχνης
1175 4490 1604 4563 κινδυνευούσης,
1683 4497 1820 4567 εἰπερ

220 4582 354 4633 ποτε
381 4581 689 4652 τηνικαῦτα,
723 4584 860 4634 κατά
923 4585 1016 4641 τὴν
1069 4582 1396 4643 Πλατωνικὴν
1457 4581 1706 4644 διαϐολὴν
1732 4593 1821 4638 τοῦ

220 4675 396 4742 χοροῦ
421 4678 523 4724 τῶν
561 4680 759 4744 τεχνῶν
791 4667 1198 4747 διηράςοεσθαι,
1252 4678 1341 4726 καὶ
1380 4670 1519 4746 μηδὲ
1556 4673 1823 4727 πολιτικοῦ

221 4779 361 4824 τινος
415 4759 691 4816 καλεῖσθαι
749 4767 936 4838 μορίου
993 4759 1227 4818 εἰδωλον.
1287 4763 1361 4816 Οὗ
1416 4763 1517 4837 γὰρ
1574 4769 1822 4840 πρότερον

223 4849 411 4912 ἄνῆκεν
467 4850 786 4927 ἔπιστρέφων
842 4857 932 4905 καὶ
988 4851 1418 4928 μεταεόρυθμίζων
1490 4857 1662 4925 (τοῦτο
1729 4856 1820 4928 μὲν

223 4937 302 5005 οἷς
343 4943 668 5016 ἓθεμίστευεν
718 4944 820 4994 ἀπὸ
855 4950 1108 5013 τεχνικῶν
1153 4941 1361 5005 ἀξόνων·
1428 4951 1578 4996 τοῦτο
1625 4941 1702 5010 δὲ,
1746 4941 1824 5008 οἷς

219 5031 636 5106 ἔπιστημονικῶς
709 5030 991 5096 ἐξεπονεῖτο
1083 5036 1213 5106 πρὸς
1285 5035 1350 5085 τά
1432 5041 1527 5095 τῆς
1610 5034 1796 5106 τέχνης
1870 5034 2186 5113 ἀρχέτυπα),
2257 5030 2349 5092 ἓως
2412 5037 2531 5092 τοῦς
2589 5029 2749 5090 οὕτως

1935 3239 2224 3296 tationem
2263 3238 2638 3294 exhortando
2682 3252 2784 3293 eos
2821 3236 2926 3309 qui
2975 3235 3298 3293 rhetorices
3340 3236 3577 3306 regulas

1933 3328 2344 3401 imprudenter
2362 3327 2762 3398 neglexerant,
2783 3326 2861 3384 ad
2882 3342 3110 3383 novum
3129 3326 3295 3383 brevi
3312 3329 3578 3397 tempore

1936 3418 2162 3474 cultum
2200 3416 2434 3473 reduxit
2475 3416 2605 3487 ejus
2647 3416 2788 3472 artis
2825 3432 2950 3489 qua
2987 3415 3322 3486 majoribus
3359 3413 3579 3471 nostris

1933 3508 2074 3566 nihil
2113 3507 2415 3580 antiquius
2453 3510 2596 3564 erat.
2641 3506 2950 3578 Ejusmodi
2986 3506 3167 3576 igitur
3204 3503 3484 3577 discipuli
3531 3502 3580 3558 si

1933 3598 2209 3671 proprias
2274 3595 2741 3653 declamationes
2791 3612 2930 3652 cum
2996 3595 3284 3652 Eustathii
3342 3593 3581 3666 scriptis

1935 3691 2374 3760 compararent,
2405 3700 2528 3741 non
2557 3683 2759 3741 videre
2782 3685 3116 3758 nequibant
3142 3685 3447 3755 ingentem
3487 3683 3580 3738 di-

1935 3779 2217 3834 stantiam
2237 3775 2433 3848 qualis
2458 3779 2548 3831 est
2577 3791 2751 3847 aquae
2784 3774 3118 3844 stagnantis
3151 3789 3188 3828 a
3211 3771 3448 3828 Pactolo
3476 3771 3581 3843 qui

1927 3865 2198 3936 jucundo
2225 3881 2363 3920 cum
2393 3865 2640 3936 strepitu
2678 3879 2708 3918 e
2739 3878 2977 3918 summo
3009 3863 3232 3918 Libano
3264 3859 3579 3927 delabitur,

1934 3960 1998 4012 ut
2022 3972 2160 4011 cum
2188 3954 2504 4012 Salomone
2527 3953 2850 4024 loquamur
2880 3953 2894 3986 ί
2932 3969 2944 4019 ;
2979 3950 3062 4007 ita
3110 3949 3455 4021 quicunque
3485 3947 3576 4004 elo

1931 4045 2241 4117 quentiam
2298 4042 2557 4098 auctoris
2606 4041 2794 4098 nostri
2855 4039 3244 4112 sophisticam
3306 4040 3578 4106 censent,

1931 4135 2122 4206 iniqui
2152 4133 2543 4189 aestimatores
2575 4131 2722 4186 mihi
2753 4129 2999 4203 quidem
3029 4134 3220 4185 erunt.
3254 4130 3382 4184 Non
3411 4127 3574 4183 enim

1933 4223 2085 4280 sicut
2104 4221 2450 4280 Macedones
2470 4221 2531 4277 in
2549 4219 2772 4295 Pyrrho
2788 4219 3026 4292 Epirota
3042 4217 3448 4275 Alexandrum
3465 4215 3581 4273 sibi

1931 4314 2234 4371 redditum
2277 4311 2601 4368 credebant
2642 4315 2884 4384 propter
2929 4309 3287 4366 celeritatem
3345 4310 3404 4364 in
3455 4323 3574 4380 pu-

1936 4404 2182 4474 gnando
2221 4408 2276 4458 et
2304 4402 2690 4458 stremitatem
2720 4415 3000 4467 morum;
3034 4399 3117 4456 sic
3147 4398 3225 4455 ab
3275 4396 3579 4455 Eustathio

1853 4528 1897 4581 D
1934 4494 2136 4565 imago
2166 4491 2412 4549 illustris
2452 4491 2705 4560 alicujus
2749 4489 3000 4546 oratoris
3051 4488 3362 4581 oboculos
3395 4502 3580 4581 pone-

1933 4583 2110 4641 batur
2135 4581 2506 4640 audientium
2535 4601 2548 4647 ;
2575 4581 2696 4636 inio
2725 4595 2845 4637 una.
2872 4579 3160 4637 Eustathii
3180 4579 3379 4650 ﬁgura
3408 4577 3581 4650 quid-

1935 4674 2080 4748 quid
2105 4671 2631 4747 praaclarissimum
2649 4673 2736 4726 est
2759 4685 2830 4725 ac
2851 4675 3065 4742 typum
3095 4668 3420 4725 venustatis
3452 4682 3583 4723 ora-

1934 4765 2098 4822 toriae
2146 4761 2518 4836 praeferebat,
2573 4765 2639 4816 ut
2693 4759 2903 4816 artifex
2945 4757 3162 4831 aliquis
3215 4773 3252 4814 a
3305 4755 3581 4828 pluribus

1933 4853 2173 4911 feminis
2204 4851 2370 4926 quod
2393 4866 2648 4924 quaeque
2677 4848 2878 4905 eximii
2925 4847 3238 4912 offerebat,
3277 4842 3576 4900 sumendo

1932 4945 2226 5017 picturam
2274 4940 2527 4998 confecit
2568 4940 2850 4997 omnibus
2896 4937 3163 4994 numeris
3212 4933 3580 4991 absolutam.

2837 5026 3042 5086 ἀτόπως
3112 5021 3571 5096 ἑκτετοπίσμένους

221 5119 502 5196 “Malm
564 5125 732 5196 νόμων
795 5122 1081 5198 ῥητορικῆς
1155 5123 1422 5193 ἐπανάγων
1497 5126 1630 5176 κατά
1694 5125 1902 5199 βραχὺ,
1969 5127 2098 5200 πρὸς
2162 5123 2226 5174 τά
2285 5128 2382 5182 τῆς
2454 5123 2646 5191 τέχνης
2714 5117 2954 5170 τελευτῶν
3021 5117 3286 5186 κατήγαγε
3349 5115 3573 5190 πάτρια.

215 5209 344 5284 "Afr;
397 5216 490 5264 καί
537 5207 678 5265 οὗτοι
723 5219 984 5274 ποιοῦντες
1044 5219 1098 5265 εὑ
1160 5210 1574 5282 ἐνεκαλύπτοντό,
1633 5220 1864 5288 παρόσον
1920 5217 1986 5267 τά
2044 5216 2132 5285 μὲν
2189 5209 2302 5262 κατ’
2357 5208 2543 5268 αὐτοὺς
2597 5206 2652 5258 ἐκ
2690 5206 3027 5280 παραθέσεως
3093 5199 3456 5266 έξουδενοῦντο
3494 5205 3582 5263 ’ὡς

216 5296 363 5374 ὕδωρ
389 5293 504 5361 ἐἰκῆ
540 5295 990 5376 διαπορευόμενον,
1037 5305 1104 5354 τά
1134 5297 1185 5354 δ’
1228 5301 1518 5355 Εὐσταθίου
1560 5304 2067 5379 ὑπερεθαυμάζοντο,
2119 5302 2190 5361 ὡς
2227 5297 2456 5371 ἀτεχνῶς
2487 5296 2694 5348 ἐοικότα
2737 5297 2964 5368 χρυσίου
3009 5301 3229 5365 ποταμῷ
3275 5293 3445 5367 ῥέοντι
3493 5297 3584 5345 καὶ

215 5385 485 5469 ῥοιζοῦντι
527 5387 580 5444 δ’
606 5420 681 5435 -
711 5390 773 5444 οἷν
798 5393 982 5444 εἴποιεν
1027 5422 1095 5432 -
1131 5389 1222 5444 ἀτό
1261 5398 1352 5444 τοῦ
1405 5378 1818 5447 Λιϐάνοννκατά
1847 5397 1904 5446 τό
1951 5391 2317 5463 Σολομῶντειον
2362 5382 2529 5460 ᾆσμα,
2587 5383 2701 5437 ὅσοι
2748 5386 2806 5434 τό
2856 5383 3059 5458 ῥεῖθρον
3106 5390 3202 5434 τῶν
3250 5388 3342 5434 τοῦ
3394 5378 3582 5453 ἀνδρὸς

220 5483 386 5557 λόγων
433 5481 518 5544 ὡς
598 5479 670 5544 εἰς
739 5485 913 5554 πηγὴν
978 5478 1262 5558 ἀρχέγονον
1341 5484 1428 5534 τὸν
1504 5481 1690 5538 ἐκεῖθεν
1771 5482 2136 5556 ἐπωνυμοῡντα
2221 5482 2310 5532 καὶ
2394 5477 2574 5549 ῥέοντα
2657 5474 2931 5546 σοφιστὴν,
3018 5475 3382 5546 ἡναφέρουσιν,
3487 5470 3581 5524 οὐκ

291 5627 312 5664 ³
343 5627 519 5687 Cant.
547 5641 626 5700 iv,
668 5627 758 5686 t5.
