4028 6308
444 348 555 407 347
1302 336 1669 398 MICHAELIS
1704 336 2084 393 ACOIINATI
2117 331 2563 392 ATHENARUI
2598 335 2927 394 ARCHIEP.
3700 337 3855 393 348

452 469 676 546 ἀκριϐῶς
713 477 861 544 οἶμαι
889 469 1303 544 φυλοκρινούντες
1347 468 1436 519 τὸν
1478 459 1650 536 ἄνδρα
1676 466 1766 514 καὶ
1805 456 2307 546 διακωδωνίξοντες.
2362 462 2440 512 Oi)
2467 462 2593 535 γὰρ,
2642 463 2816 534 ὥσπερ
2867 462 2920 513 οἱ
2968 457 3265 524 Μακεδόνες
3308 464 3359 515 εν
3398 462 3474 532 τῷ
3501 460 3857 536 Ἠπειρώτῃ

669 563 950 634 μαχομένῳ
1002 557 1207 631 βλέπειν
1254 556 1411 627 ᾡοντο
1449 552 1569 624 ὄψιν
1615 556 1707 604 καὶ
1747 552 1917 622 τάχος
1967 545 2309 621 Ἀλεξάνδρου
2374 553 2465 601 καὶ
2516 553 2712 622 κίνημα
2758 555 2848 602 καὶ
2892 559 2989 611 τῆς
3046 552 3188 622 παρὰ
3232 554 3356 613 τούς
3398 552 3598 623 άγῶνας
3640 566 3864 622 φορας

451 634 644 704 ἐκείνου
672 651 825 711 σκιὰς
841 653 930 701 καὶ
958 652 1258 720 μιμήματα,
1298 648 1434 697 οὕτω
1462 647 1553 695 καὶ
1582 644 1631 695 εν
1660 638 1733 712 τῷ
1762 638 2038 709 Εύσταθίῳ
2064 637 2474 711 λογογραφοῦντι
2497 646 2596 691 τῶν
2621 636 2705 691 ἐπὶ
2731 638 2901 709 λόγοις
2930 641 3319 712 ὀνομασθέντων
3349 643 3454 700 ενός
3492 641 3859 692 οὑτινοσοῦν

450 745 769 813 χαρακτῆρα
791 744 900 799 τοῖς
935 735 1220 810 ἀκροαταῖς
1247 733 1407 787 ἐποίει
1436 730 1813 804 φανταζεσθαι.
1860 726 1991 779 ἀλλὰ
2034 732 2160 798 μίαν
2191 730 2280 798 μὲν
2321 723 2466 780 ἰδέαν
2492 729 2637 801 όρᾴν,
2668 727 2907 780 ἁπάντων
2955 725 3016 782 δὲ
3062 747 3357 803 κρατιστων
3404 727 3858 801 ἐκμεμαγμένην

449 829 517 879 τὰ
600 829 862 902 κράτιστα
950 830 1037 878 καὶ
1127 819 1599 894 διαπεπονημένην
1674 819 1742 879 εἰς
1823 816 1874 870 ἐν
1945 835 1997 868 τι
2066 814 2220 887 λόγου
2293 814 2479 876 κάλλος
2566 814 2860 889 ἀμήχανον.
2951 819 3019 879 ὡς
3101 836 3193 870 και
3276 836 3359 881 τις
3441 825 3539 869 τῶν
3625 822 3857 889 σοφῶν

450 918 597 989 χειρὶ
668 923 767 968 τῶν
827 915 944 968 καθ’
1007 915 1187 968 ἑαυτὸν
1251 912 1481 985 ἀρίστων
1542 916 1798 981 γυναικῶν
1863 906 2091 966 ἑκάστης
2164 902 2337 975 μέλος,
2411 905 2596 957 καθότι
2662 913 2761 957 τῶν
2824 904 3015 959 λοιπῶν
3081 913 3286 980 περιῆν,
3352 904 3855 980 ἀπομιμούμενος,

450 1004 623 1057 εἰκόνα
657 1003 945 1062 καλλίστην
974 1002 1219 1077 ἔγραψεν.

522 1126 1051 1193 Quemadmodum
1104 1126 1285 1197 igitur
1334 1124 1385 1181 is
1413 1122 1520 1197 qui
1545 1121 1791 1196 pictura
1823 1115 2091 1192 pulchri-
2119 1119 2169 1172 Α

450 1216 721 1272 tudinem
746 1217 806 1272 in
832 1231 955 1272 una
983 1216 1112 1286 ejus
1140 1219 1308 1288 parte
1338 1214 1596 1288 positam
1617 1212 1857 1275 diceret,
1889 1220 2095 1280 perpe-

449 1320 584 1361 ram
608 1304 905 1376 judicaret
928 1306 988 1361 in
1035 1304 1323 1377 pingendi
1366 1308 1528 1372 arte;
1577 1301 1660 1358 ita
1697 1299 1810 1356 hoc
1850 1310 2094 1371 quoque

448 1393 585 1449 loco
606 1393 711 1466 qui
737 1394 1041 1463 egregium
1070 1396 1370 1449 oratorem
1400 1393 1581 1448 unius
1602 1392 1835 1446 tantum
1866 1386 2093 1442 virtutis

451 1482 643 1553 gratia
697 1498 836 1538 eum
889 1482 1156 1538 maximo
1206 1481 1409 1553 aliquo
1469 1483 1734 1535 veterum
1784 1481 2094 1533 oratorum

448 1576 768 1643 comparat
787 1569 942 1626 male
963 1569 1296 1626 admodum
1318 1568 1392 1624 de
1412 1568 1544 1641 ipso
1563 1568 1693 1623 viro
1719 1562 2094 1637 judicaverit,

449 1663 646 1714 utnec
674 1658 863 1714 solem
879 1659 1174 1727 integrum
1193 1655 1656 1729 contemplando
1675 1655 1817 1711 satis
1837 1653 2096 1709 admira-

450 1750 613 1802 retur
644 1746 750 1819 qui
778 1762 916 1802 cum
936 1762 1009 1802 ex
1043 1762 1164 1802 uno
1197 1746 1370 1802 radio
1408 1743 1862 1801 mensuraverit.
1896 1740 2098 1798 Melius

452 1838 655 1891 autem
698 1835 913 1908 aliquis
979 1839 1283 1892 auctorem
1330 1839 1601 1891 nostrum
1655 1831 1949 1904 judicaret
1992 1828 2099 1903 qui

450 1927 694 1995 poetam
723 1923 1015 1980 imitando
1039 1924 1143 1998 qui
1186 1922 1628 1994 Agamemnoni
1677 1921 1883 1977 oculos
1912 1919 2096 1985 iovis,

451 2012 645 2069 Martis
674 2017 983 2079 staturam,
1023 2016 1232 2086 pectus
1259 2011 1512 2085 Neptuni
1537 2010 1821 2077 attribuit,
1853 2009 1978 2082 qui,
2012 2008 2099 2062 in-

450 2116 655 2173 quam,
670 2117 809 2158 eum
823 2117 1005 2175 quem
1021 2118 1183 2159 nunc
1194 2102 1533 2165 laudamus,
1548 2100 1686 2156 huic
1700 2100 2096 2170 compararet,

448 2189 670 2248 deinde
699 2189 797 2247 alii
837 2191 917 2247 ob
943 2190 1125 2247 aliam
1162 2191 1605 2256 virtutem,cum
1636 2188 1805 2245 tertio
1836 2187 2099 2259 denique

451 2279 532 2334 ob
553 2279 785 2335 tertiam
815 2280 1115 2342 virtutem,
1143 2285 1201 2335 et
1237 2279 1317 2335 ob
1347 2295 1481 2334 eam
1526 2293 1653 2333 rem
1697 2277 1871 2348 cujus
1914 2289 2101 2331 causa

452 2367 751 2438 perfectus
777 2383 907 2425 esse
930 2366 1305 2431 credebatur,
1337 2367 1415 2422 ad
1445 2365 1723 2421 ultimum
1756 2380 1893 2436 qua
1924 2363 2101 2419 fuerit

2273 1114 2362 1177 Ὦς
2415 1124 2541 1187 γοῦν
2579 1120 2625 1170 si
2670 1137 2747 1179 τις
2789 1116 2889 1171 ἐκεῖ
2934 1120 3067 1193 πρὸς
3119 1122 3244 1192 μίαν
3293 1121 3528 1176 ἡντινοῦν
3585 1118 3715 1171 ὅλον
3768 1121 3851 1170 τὸ

2202 1203 2387 1265 κὶλλος
2434 1213 2527 1263 τῆν
2585 1205 2779 1269 εἰκόνος
2834 1205 3038 1281 ἀνέφερε
3064 1204 3157 1259 διὰ
3195 1211 3288 1266 τήν
3336 1210 3466 1280 πρὸς
3508 1210 3557 1260 ἓν
3598 1227 3649 1260 τι
3708 1215 3847 1259 τῶν

2203 1290 2401 1356 ἐκείνης
2458 1296 2725 1366 ὁμοίωσιν,
2789 1294 2986 1367 γελοίος
3033 1296 3095 1347 οἶν
3170 1293 3341 1350 ἐδόκει
3395 1305 3491 1360 τῆς
3542 1301 3852 1371 γραφικῆς

2202 1385 2403 1455 κριτὴς,
2455 1386 2589 1435 οὕτω
2625 1382 2911 1455 κάνταῦθα,
2964 1385 3007 1436 εἰ
3059 1387 3131 1437 ἐνι
3168 1405 3227 1457 γε
3282 1394 3354 1457 τῷ
3409 1393 3510 1437 τῶν
3565 1386 3845 1439 παλαιῶν

2201 1473 2543 1543 προσεικάζω
2567 1473 2687 1524 καθ’
2716 1474 2764 1525 ἓν
2802 1493 2855 1525 τι
2905 1482 3004 1526 τῶν
3052 1482 3144 1526 τοῦ
3191 1473 3379 1546 λόγου,
3392 1483 3558 1549 μερῶν
3604 1479 3695 1528 τόν
3761 1475 3844 1537 ἐζ

2205 1560 2439 1613 ἁπάντων
2480 1563 2676 1635 ἄριστα
2728 1566 3076 1638 ἡρμοσμένον,
3134 1567 3238 1637 ούχ
3278 1564 3434 1637 ἑώρκε
3473 1570 3562 1618 τόν
3610 1563 3842 1642 ἄνδρα,

2205 1657 2275 1712 ῶς
2321 1651 2473 1723 θέμις
2494 1653 2641 1725 όρᾷν,
2695 1654 2810 1705 οὔτε
2839 1656 2925 1705 τόν
2976 1653 3120 1711 ἥλιον
3168 1653 3282 1706 ὁλον
3330 1652 3532 1727 meum;
3578 1656 3848 1728 ἐθούρια-

2208 1757 2292 1791 σεν
2341 1738 2511 1792 ἀκτῖνι
2553 1760 2919 1815 παραμετρῶν.
2974 1746 3175 1796 Γένοιτο
3226 1740 3363 1795 δ’ἇν
3412 1748 3664 1807 εὶκαστὴς
3720 1752 3848 1797 τοῦ

2208 1826 2394 1903 ἀνδρὸς
2449 1830 2544 1882 ούκ
2596 1830 2820 1896 ἀνάξιος,
2870 1836 2913 1885 εἱ
2972 1832 3153 1896 ζηλοίη
3207 1836 3294 1885 τόν
3351 1837 3507 1906 σοφόν
3560 1839 3843 1893 ποιητήν

2207 1923 2297 1971 καὶ
2372 1922 2443 1981 ὡς
2499 1918 2690 1982 ἐκεῖνος
2762 1924 2850 1973 τόν
2918 1922 3276 1995 Ἀγαμέμνονα
3348 1923 3665 1996 ὑπογράφων
3720 1927 3843 1996 ὅμ-

2207 2026 2349 2079 ματα
2394 2009 2505 2080 μεν,
2556 2013 2707 2081 φησὶ,
2757 2014 2847 2062 καὶ
2877 2010 3102 2083 κεφαλὴν
3156 2010 3319 2064 ῖκελον
3368 2016 3471 2078 Διὶ,
3544 2010 3699 2085 Ἀρεῖ
3762 2008 3844 2065 δὲ

2210 2096 2396 2165 ζώνην,
2439 2102 2624 2173 στέρνα
2650 2094 2710 2151 δε
2758 2096 3105 2165 Ποσειδάωνι,
3161 2103 3295 2153 οὕτω
3333 2104 3423 2153 καὶ
3492 2097 3646 2164 οὖτος
3688 2105 3845 2177 πρὸς

2208 2182 2361 2237 τόνδε
2420 2189 2510 2257 μὲν
2577 2185 2909 2250 ἁντεξεταζος
2973 2192 3060 2241 τόν
3125 2195 3212 2241 νύν
3270 2191 3629 2263 ἐπαινούμενον
3681 2211 3839 2243 κατα

2208 2271 2351 2342 τόδε,
2397 2278 2528 2349 πρὸς
2574 2274 2761 2328 ἐκεῖνον
2794 2273 2853 2329 δὲ
2894 2277 3007 2329 κατ’
3054 2277 3199 2348 ἄλλο,
3249 2282 3338 2330 καὶ
3385 2278 3505 2331 καθ’
3557 2281 3735 2353 ἔτερόν
3767 2299 3835 2333 τι

3805 2368 3829 2384 η

2207 2367 2335 2436 πρὸς
2376 2366 2558 2439 ἕτερον,
2619 2370 2709 2417 καὶ
2761 2366 2879 2418 καθ’
2933 2365 3150 2418 ἕκαστον
3214 2376 3313 2419 τῶν
3357 2368 3550 2442 ἄκρων,
3609 2368 3733 2421 καθ’
3798 2368 3832 2420 ὃ

455 2455 747 2510 Eustathii
765 2455 1049 2527 perfectio
1067 2456 1348 2525 oratoria,
1383 2458 1758 2527 compertum
1789 2451 2097 2509 habueris.

2215 2461 2308 2505 τῶν
2357 2452 2547 2505 λοιπῶν
2594 2455 2754 2529 οἶκρος
2792 2451 3057 2508 ἐδέδοκτο·
3104 2461 3194 2509 καὶ
3240 2457 3369 2528 τάχ’
3425 2456 3486 2509 ἄν
3535 2460 3672 2509 οὕτω
3720 2462 3832 2516 τὴν

524 2724 655 2778 Jam
676 2723 886 2795 paucis
903 2723 1308 2796 eloquentiam
1326 2724 1454 2792 ejus
1473 2722 1671 2781 verbis
1692 2721 2096 2792 designemus.

455 2812 587 2877 Qua
615 2810 890 2869 idearum
938 2812 1334 2883 abundantia,
1380 2829 1500 2886 qua
1536 2811 1781 2869 creandi
1820 2809 2100 2867 facultate

454 2898 803 2957 latabaturl
857 2904 979 2958 Vox
1026 2903 1155 2975 ejus
1198 2919 1385 2976 quam
1429 2918 1668 2967 sonora,
1716 2901 1872 2956 actio
1913 2914 2101 2972 quam

459 2989 678 3045 virilis!
729 3005 863 3062 quae
927 2990 1429 3048 lineamentorum
1480 2989 1851 3047 concinnitas
1891 2990 1903 3043 l
1962 3003 2102 3060 qua

455 3095 676 3136 vocum
705 3080 767 3136 in
810 3079 946 3136 loco
1003 3082 1222 3137 idoneo
1274 3081 1729 3155 opportunitas!
1791 3094 1928 3152 qua
1980 3078 2101 3133 oris

456 3168 828 3226 rotunditas!
866 3171 1160 3243 Equidem
1205 3186 1439 3241 censeo,
1473 3169 1522 3226 si
1552 3169 1696 3242 quid
1739 3169 1799 3224 in
1832 3168 2102 3235 scientia,

457 3257 506 3311 si
542 3257 604 3313 in
642 3257 983 3330 eloquentia
1013 3259 1224 3316 deesse
1272 3259 1560 3328 videatur,
1614 3257 1951 3314 auditorem
2000 3260 2106 3311 aut

457 3346 871 3401 amulatorem
938 3348 1249 3419 sapientia
1299 3354 1356 3405 et
1394 3347 1688 3404 sermonis
1738 3344 2104 3401 Eustathiani

457 3430 737 3487 deﬁcere.
780 3433 930 3488 Satis
955 3436 1172 3507 cuique
1194 3435 1301 3490 erit
1326 3434 1578 3504 decoris,
1614 3434 1759 3489 satis
1799 3432 2105 3502 dignitatis

457 3519 564 3575 ubi
623 3521 886 3576 sermoni
927 3538 1039 3577 suo
1081 3523 1448 3579 Eustathiani
1492 3522 1721 3594 aliquid
1765 3521 2104 3576 immiscere

458 3613 758 3680 poterunt,
802 3612 1081 3681 quamvis
1119 3611 1420 3666 levidense
1460 3611 1652 3665 fuerit.
1695 3610 1790 3663 Sic
1831 3608 2103 3663 omnium

460 3697 657 3752 studia
675 3713 743 3752 ex
770 3714 841 3753 eo
856 3705 1144 3770 tanquam
1157 3699 1512 3771 eloquentia
1526 3700 1639 3754 deo
1657 3696 2101 3769 dependebant.

2207 2547 2557 2615 παναρμόνιον
2617 2543 2941 2617 πολυφωνίαν
3013 2545 3307 2598 Εύσταθίου
3382 2547 3607 2598 ὀποσοῦν
3682 2549 3834 2599 ύπο-

2207 2630 2525 2704 γράψαιμεν.

2278 2722 2408 2792 Ἐγὼ
2450 2717 2498 2774 δ’
2535 2724 2618 2773 ῖνα
2665 2725 2750 2774 τόν
2792 2727 2910 2798 περὶ
2956 2732 3056 2775 τῶν
3099 2723 3262 2795 λόγων
3312 2722 3464 2797 λόγον
3505 2723 3696 2778 συνέλω
3728 2726 3831 2795 (οὔ

2207 2812 2309 2882 γὰρ
2388 2809 2592 2882 ἑφὶησιν
2638 2812 2664 2862 ό
2723 2816 2904 2887 καιρός
2960 2810 3252 2881 inﬁdum)-
3285 2817 3404 2865 ὅσον
3435 2816 3524 2886 μὲν
3566 2816 3623 2865 τό
3653 2815 3827 2866 ἐνθυ-

2210 2902 2506 2970 μηματικὸν
2546 2899 2738 2952 ἐκείνου
2769 2907 2858 2953 καὶ
2899 2906 3110 2973 γόνιμον
3141 2900 3153 2954 l
3198 2905 3317 2963 ὅσος
3349 2899 3407 2955 δὲ
3446 2906 3471 2954 ό
3500 2906 3644 2963 τόνος
3677 2902 3690 2954 l
3724 2904 3831 2954 οἶα

2211 2983 2272 3040 δὲ
2318 2992 2347 3045 ὴ
2401 2991 2552 3062 φορὰ,
2604 2993 2687 3041 ὅτε
2737 2989 3043 3044 πνεύσειενξ
3093 2990 3248 3048 ἡλίκη
3300 2988 3412 3049 deri
3450 2988 3681 3051 δεινότης
3718 2998 3826 3045 καὶ

2210 3077 2240 3135 ἣ
2312 3079 2591 3149 ἀμήχανος
2647 3083 2756 3153 ὥρα
2826 3088 2897 3131 τῶ
2958 3079 3258 3153 στρογγύλῳ
3323 3085 3413 3133 καὶ
3478 3081 3664 3153 κομψῷ
3709 3090 3824 3132 τῶν

2210 3171 2328 3240 περὶ
2380 3170 2474 3224 τὴν
2524 3166 2793 3241 ἐρμηνειαν
2843 3166 3195 3241 ἐπιμειδιῶσα
3242 3172 3374 3241 μετὰ
3416 3177 3509 3231 τῆς
3543 3170 3823 3243 γλαφυρᾶς

2209 3262 2310 3306 τῶν
2364 3258 2636 3326 νοημάτων
2686 3258 2911 3332 χάριτος
2962 3256 3193 3310 ἵἘκεῖνο
3246 3262 3399 3330 φημί·
3458 3261 3544 3328 ὡς,
3593 3261 3639 3310 εἴ
3682 3278 3740 3310 τι
3782 3262 3815 3318 ἣ

2210 3347 2328 3414 περὶ
2356 3342 2509 3414 λόγου
2558 3348 2747 3415 τέχνην
2784 3351 3015 3404 ἡντινοῦν
3045 3349 3075 3404 ἤ
3126 3348 3421 3419 ἓπιστήμην
3470 3346 3642 3419 ὄφελός
3694 3345 3820 3399 ἐστι

2210 3440 2298 3483 νύν
2345 3441 2415 3502 τῷ
2462 3432 2580 3485 καθ’
2632 3436 2767 3505 ἡμᾶς
2815 3433 2936 3508 βίῳ,
2985 3443 3086 3497 τῶς
3137 3437 3431 3488 Εύσταθίου
3489 3441 3673 3507 σοφίας
3719 3442 3818 3489 καὶ

2210 3529 2457 3593 περιττῆς
2497 3521 2738 3592 γλώττης
2789 3524 3041 3595 ὁμιλητὴς
3099 3528 3236 3576 ἐστιν
3289 3525 3320 3582 ἦ
3386 3529 3477 3576 καὶ
3548 3523 3815 3585 ζηλωτὴς.

2216 3610 2456 3681 Ἀπόχρη
2505 3614 2604 3683 γὰρ
2658 3619 2817 3663 πᾶσιν
2858 3618 2923 3672 si;
2969 3612 3118 3683 λόγον
3170 3612 3691 3685 ἁπολαμπρῦσματος
3719 3620 3819 3666 καὶ

2215 3703 2546 3770 σεμνώματος
2594 3697 2706 3751 ἀντὶ
2755 3710 2929 3753 ποσῶν
2981 3698 3152 3763 ἰδεῶν,
3200 3708 3243 3754 εὶ
3277 3706 3405 3774 πρός
3454 3703 3503 3754 ἓν
3531 3708 3591 3773 γέ
3628 3722 3679 3753 τι
3708 3711 3817 3753 τῶν

459 3783 614 3840 adeo
630 3793 694 3841 ut
706 3787 999 3859 quidquid
1022 3787 1374 3859 profabatur
1385 3788 1547 3844 vocis
1564 3787 1777 3843 divina
1791 3802 1861 3841 ac
1873 3800 2102 3840 norma

2215 3782 2363 3838 ἰδίων
2408 3786 2598 3839 ἐκείνου
2630 3793 2719 3841 καὶ
2780 3786 3030 3862 ἀμυδρῶς
3073 3797 3197 3861 γοῦν
3252 3789 3570 3864 ἀναφέροιτο,
3631 3792 3820 3852 Οὕτως

454 3873 590 3930 loco
612 3882 787 3939 esset,
812 3892 920 3932 nec
942 3877 1203 3933 absurde
1222 3878 1298 3934 de
1318 3878 1418 3934 illo
1441 3877 1951 3950 Pythagoreorum
1969 3873 2105 3946 Idic-

457 3966 517 4018 to
541 3980 555 4018 :
587 3967 715 4037 Ipse
741 3964 1163 4037 dixit,cogites.

2214 3876 2349 3926 εἶπαν
2374 3879 2433 3927 τό
2463 3875 2761 3947 φιλολογουν
2784 3881 2847 3938 ως
2871 3879 2941 3940 εἰς
2977 3882 3087 3931 θεόν
3115 3898 3231 3930 τινα
3260 3879 3433 3949 λόγιον
3458 3878 3823 3954 ἐπέστραπται

2217 3967 2417 4015 τουτονί
2480 3970 2569 4017 καὶ
2618 3967 2644 4018 ὅ
2692 3987 2743 4019 τι
2794 3966 2856 4018 ἂν
2911 3967 3204 4040 φθέγξοιτο,
3245 3973 3382 4040 φωνή
3435 3972 3514 4030 τίς
3542 3966 3653 4020 ἐστι
3702 3970 3824 4020 θεία

456 4057 546 4105 καὶ
573 4055 763 4126 θεσμός
794 4062 1072 4126 τεχνογὶας
1125 4056 1338 4119 ἁπάσης
1366 4058 1812 4131 ὑπερανεστηκὼς,
1843 4057 1933 4105 καὶ
1962 4055 2190 4106 κανόνων
2237 4058 2405 4105 κανὼν
2434 4058 2504 4126 μὴ
2548 4059 2869 4128 κινούμενος,
2914 4062 3004 4110 καὶ
3043 4060 3111 4119 ὡς
3160 4065 3267 4119 τοῖς
3322 4058 3705 4133 Πυθαγορικοῖς
3758 4062 3823 4111 τό

456 4141 623 4202 Αὐτός
646 4146 798 4215 ἔφατο
827 4144 1256 4219 προϐαλλόμενος.

528 4264 617 4320 Nil
660 4266 880 4322 mirum
911 4267 1089 4338 igitur
1110 4270 1158 4324 si
1184 4269 1319 4325 dua
1350 4274 1518 4325 terra
1543 4272 1742 4341 partes
1768 4267 1950 4323 talem
1991 4264 2107 4322 vir-

458 4353 596 4409 tutis
619 4357 1040 4430 sapientiaque
1076 4374 1276 4414 arcem
1303 4359 1416 4414 sibi
1438 4358 1762 4414 vindicant.
1788 4359 1923 4412 Jam
1945 4356 2104 4412 enim

457 4441 588 4498 hac
630 4447 834 4499 nostra
861 4445 1001 4499 urbs
1040 4463 1075 4502 a
1101 4446 1373 4518 pluribus
1398 4447 1511 4502 diis
1547 4447 1762 4503 dilecta
1791 4447 1901 4502 fuit
1927 4469 1942 4514 ;
1978 4446 2107 4516 jam

460 4530 539 4586 ob
568 4529 630 4585 id
655 4536 958 4588 certamen
981 4533 1263 4590 olivetum
1291 4540 1346 4590 et
1370 4536 1567 4590 Piraei
1596 4536 2104 4609 amphitheatrum

458 4626 902 4691 nuncupantur.
952 4623 1121 4688 Quod
1158 4622 1319 4678 idem
1351 4623 1470 4679 fere
1514 4624 1674 4696 apud
1704 4640 1816 4679 nos
1860 4638 2104 4697 quoque

460 4707 729 4777 contigit.
766 4708 954 4780 Lycia
985 4717 1362 4781 caputsuum
1417 4715 1472 4767 te
1524 4711 1869 4780 vindicavit,
1930 4727 1966 4766 o
2014 4711 2106 4765 vir

459 4797 717 4869 egregie,
733 4796 1065 4871 quianima
1082 4798 1339 4855 candore
1352 4816 1563 4856 omnes
1577 4816 1811 4856 coavos
1827 4815 2097 4872 superas;

461 4888 517 4942 te
543 4887 702 4943 enim
735 4887 1011 4944 Ecclesia
1044 4887 1120 4943 ad
1158 4887 1367 4943 Christi
1396 4888 1584 4943 instar
1610 4889 1934 4946 antistitem
1955 4904 2103 4960 pra-

459 4972 656 5032 lucere
699 4977 968 5047 decebat,
1023 4976 1125 5050 qui
1168 4976 1295 5048 jam
1340 4982 1518 5033 antea
1562 4977 1789 5047 justitia
1832 4984 1896 5033 ut
1944 4983 2105 5033 veste

462 5064 818 5124 sacerdotali
840 5068 1091 5123 indutus
1118 5082 1274 5123 eras.
1332 5066 1446 5122 Sed
1476 5072 1799 5139 antequam
1822 5065 2106 5139 epithala-

460 5155 650 5211 mium
674 5158 1039 5215 sacerdotale
1055 5157 1427 5227 inchoasses,
1445 5156 1858 5213 Thessalonice
1870 5157 2104 5224 dilecta,

461 5245 768 5313 recognita
797 5252 851 5301 et
873 5246 1105 5303 amula
1130 5246 1306 5302 talem
1331 5261 1623 5318 sponsum
1644 5245 1918 5301 invidens
1940 5245 2107 5301 vidu-

2293 4266 2403 4319 Οὐκ
2455 4267 2515 4319 άν
2546 4269 2635 4320 οὖν
2692 4270 3018 4342 θαυμάζοιμι
3065 4270 3261 4340 λοιπὸν,
3295 4275 3338 4323 εὶ
3384 4266 3567 4325 τοιάδε
3599 4276 3689 4324 καὶ
3732 4272 3826 4324 οὗ·

2217 4376 2315 4418 τως
2376 4359 2562 4432 ἀρετῆς
2632 4363 2721 4410 καὶ
2785 4364 2968 4431 σοφίας
3022 4357 3300 4435 ἀκρόπολις
3368 4356 3515 4412 δυοῖν
3580 4365 3823 4433 ἠπείροιν

2219 4444 2545 4520 ἀμφήρευτος
2587 4452 2809 4519 γέγονεν·
2861 4451 2930 4508 ὡς
2976 4454 3065 4500 καὶ
3124 4450 3153 4507 ἡ
3210 4450 3328 4501 καθ’
3374 4451 3509 4522 ἡμᾶς
3540 4448 3669 4507 αὓτη
3712 4448 3820 4500 πὸ-

2215 4534 2293 4597 λις
2357 4539 2483 4598 θεοῖς
2541 4556 2651 4589 τισι
2709 4535 2938 4590 παιδικά
3003 4558 3126 4591 ποτε
3181 4541 3421 4610 γενέσθαι
3469 4540 3818 4611 μεμύθευται,

2216 4629 2304 4677 καὶ
2359 4625 2595 4698 σύμϐολα
2647 4635 2740 4689 τῆς
2767 4630 2883 4679 κατ’
2922 4629 3087 4703 ἔρωτα
3140 4633 3296 4699 φασιν
3353 4624 3525 4701 ἔριδος
3577 4630 3664 4679 τὸν
3718 4635 3814 4688 τῆς

2215 4713 2384 4775 ἐλαίας
2443 4714 2621 4767 θαλλόν
2674 4720 2762 4768 καὶ
2817 4724 2908 4768 τοῦ
2964 4723 3217 4789 Πειραιῶς
3268 4719 3326 4768 τό
3398 4712 3672 4790 μηνοειδὲς
3723 4721 3819 4769 καὶ

2213 4806 2426 4875 νήνεμον
2468 4805 2663 4878 ῥόθιον·
2708 4808 2809 4857 Οἴα
2863 4807 2963 4880 γὰρ
3019 4806 3165 4863 καὶή
3223 4825 3341 4880 περι
3392 4812 3546 4857 τοῦτο
3583 4824 3821 4857 καινοτο-

2214 4897 2330 4965 μία.
2386 4892 2759 4965 Ἐμνηστεύετο
2806 4898 2897 4967 μέν
2953 4914 3057 4961 σοι,
3113 4891 3151 4945 ὦ
3204 4893 3325 4947 κὰλὶ
3383 4897 3450 4946 τὰ
3504 4895 3675 4946 πάντα
3728 4896 3821 4945 καὶ

2213 4981 2387 5035 κάλλει
2415 4982 2598 5054 ψυχῆς
2650 4984 2806 5055 ὠραῖε
2852 4988 2917 5035 σύ
2949 4985 3095 5054 παρὰ
3148 4985 3345 5045 πάντας
3385 4987 3507 5046 τούς
3548 4991 3635 5035 νῦν
3664 4983 3809 5043 υἱούς

2213 5080 2313 5123 τῶν
2375 5070 2678 5146 ἀνθρώπων,
2741 5072 2771 5129 ἠ
2820 5078 2911 5131 τῆς
2968 5075 3168 5132 Λυκίας
3227 5070 3562 5145 μητρόπολις·
3608 5069 3689 5123 ὅτε
3727 5074 3825 5122 καὶ

2213 5167 2306 5220 τῆς
2373 5162 2681 5231 ἱερωσύνης,
2752 5161 2820 5220 ὡς
2886 5158 3039 5212 ἄλλον
3080 5159 3239 5210 καλοῦ
3282 5162 3493 5226 παντὸς,
3543 5156 3695 5233 ἐκρῆν
3765 5178 3831 5212 σε

2216 5256 2278 5320 τῇ
2348 5248 2634 5321 Ἐκκλησία
2701 5251 3010 5322 προκεῖσθαι
3091 5251 3222 5323 μετᾶ
3300 5244 3531 5324 Χριστόν
3617 5246 3830 5301 ἐκτυπὶν

461 5324 560 5387 am
584 5333 887 5389 simulavit
906 5340 967 5389 ut
988 5352 1212 5407 sponso
1233 5336 1537 5407 potiretur.
1559 5334 2102 5406 Acreitaquecerta-

2220 5335 2537 5412 ἀρχέτυπον,
2576 5339 2661 5390 τόν
2708 5342 2797 5389 καὶ
2849 5341 2949 5411 πρό
3001 5345 3092 5389 τού
3149 5346 3337 5411 σεμνοῦ
3394 5333 3663 5410 ποδήρους
3712 5340 3809 5393 τὴν

460 5436 600 5491 men
617 5420 768 5476 inter
793 5428 1106 5495 utramque
1130 5423 1451 5481 Ecclesium
1475 5421 1711 5488 exarsit,
1730 5438 1983 5494 vereque
2002 5422 2107 5479 ali-

461 5498 601 5584 quis
621 5509 833 5566 dixerit
854 5510 1151 5583 Europam
1170 5515 1349 5586 atque
1371 5513 1573 5569 Asiam
1617 5517 1876 5568 certasse
1899 5518 2032 5569 utra
2053 5517 2109 5569 te
2148 5500 2152 5505 ’

2218 5426 2447 5479 καπόλου
2531 5423 2873 5484 δικαιοσύνην
2958 5422 3294 5498 ἐνδεδυμένον

3387 5429 3823 5500 ἱεροθρεπέστατα

2220 5519 2383 5590 Πρινὴ
2444 5510 2503 5569 δέ
2565 5508 2693 5567 ἆσαι
2757 5517 2843 5567 τόν
2896 5519 3244 5587 πνευματικόν
3297 5517 3557 5588 ὑμέναιον,
3600 5516 3628 5566 ύ
3668 5512 3828 5565 πολυ-

461 5608 818 5677 possessura
845 5599 1014 5656 foret.
1047 5602 1174 5656 Una
1207 5602 1366 5658 enim
1393 5601 1497 5657 tibi
1539 5600 1738 5658 studet
1771 5605 1973 5674 utpote
2002 5604 2102 5674 qui

2220 5609 2435 5678 ἐραστος
2518 5608 2607 5655 καὶ
2678 5602 3024 5676 πολυμνήστη
3107 5603 3468 5663 Θεσσαλονίκη
3539 5602 3825 5673 αἰσθομένη
