4028 6308
188 306 313 362 349

1284 306 1625 366 ἸΟΝΟῙΗἉ
1658 308 1729 364 ΙΝ
1756 307 2198 367 ΕΞΙΒΤΔΤΗῙΗΙ
2233 306 2568 367 THESSAL.

3506 319 3615 374 850

194 435 297 480 τοῦ
364 434 694 503 γενομένου,
736 434 828 485 καὶ
865 433 934 496 ὡς
974 430 1163 505 βαρεῖά
1217 449 1298 494 τις
1352 429 1627 494 ἀντίζηλος
1684 427 1851 484 δεινὸν

1963 430 2110 488 olim
2137 430 2252 505 ipsi
2283 447 2544 505 sponsus
2571 448 2728 505 eras,
2758 439 2817 494 et
2848 450 3005 510 aegre
3030 452 3281 513 prorsus
3311 440 3542 498 ferebat
3561 441 3609 498 si

190 517 603 592 ἡγησαμένη,
659 520 706 574 εἰ
759 516 971 573 τοιοῦδε
1041 524 1265 594 νυμφίου
1319 520 1470 596 ἑτέρᾳ
1530 524 1860 595 παραχωρή-

199 625 344 673 σειε,
417 612 662 685 χηρεύει
725 629 781 663 τε
833 619 1173 685 παραχρῆμα
1221 612 1395 685 ὥσπερ
1443 606 1708 674 ἐπίτηδες,
1769 614 1860 663 καὶ

194 696 515 767 μεθέλκειν
562 705 809 773 πειρᾶται
858 703 991 774 πρός
1046 698 1255 758 ἑαυτήν.
1329 703 1476 758 Δεινὴ
1537 695 1598 752 δέ
1635 717 1718 761 τις
1754 699 1860 771 οἰρα

194 787 325 859 ἔρις
359 790 527 853 αὕτη
566 796 702 868 ,ταῖν
743 786 1077 847 Ἐκκλησίαιν
1125 786 1438 863 ἀμφοτέραιν
1471 809 1485 822 ·
1552 786 1742 839 ταύτόν
1799 774 1859 840 δῖ

199 874 422 939 εἰπεῖν,
498 877 656 931 Ἀσία
705 881 797 931 καὶ
858 876 1083 948 Εὐρώπη
1144 870 1446 953 ἀνίρῥωγεν.
1503 875 1563 930 Ἦ
1618 878 1709 948 μιν
1756 878 1855 949 γὰρ

201 964 283 1027 ὡς
345 961 489 1024 ἤδη
542 975 843 1041 μνηστῆρος
882 964 1047 1040 ἀπρὶξ
1073 971 1372 1040 περιείχιτό
1416 984 1533 1045 σου,
1580 969 1674 1017 καὶ
1713 960 1860 1017 δεινά

200 1055 489 1125 πάσχειν
521 1059 668 1126 ᾤετο,
727 1058 867 1128 ε’ίπερ
917 1054 1240 1127 ἑγγυηθεῖσά
1280 1073 1387 1122 σοι,
1435 1052 1602 1115 ἄλλως
1653 1049 1713 1105 δε
1768 1056 1858 1105 καὶ

200 1142 622 1216 ὑπερκειμένη,
698 1148 788 1197 καὶ
842 1146 1021 1206 πάσας
1078 1147 1169 1205 τὰς
1233 1141 1320 1216 ἀφ’
1385 1142 1534 1201 ἡλίου
1598 1138 1857 1201 ἀνατολῶν

201 1225 266 1281 εὖ
317 1235 626 1303 γεγονυίας
670 1233 1027 1307 ὑπεραίρουσα
1071 1236 1288 1307 προσέτι
1341 1228 1401 1284 δὲ
1446 1234 1536 1283 καὶ
1588 1220 1856 1303 πατρικῶν

201 1321 418 1393 μύρων
487 1318 769 1382 ἀπόζουσα
812 1317 988 1389 ἣδιον,
1041 1320 1154 1374 εἶτα
1209 1320 1706 1395 παραγκωνισθεῖσα
1753 1337 1855 1369 κα-

204 1407 312 1461 λοῦ
374 1418 695 1484 μνηστῆρος
752 1405 1137 1483 διαζυγήσεται
1169 1428 1182 1440 ·
1228 1411 1258 1469 ἡ
1330 1404 1382 1462 δ’
1431 1404 1495 1460 αὖ
1532 1405 1708 1474 πάλιν,
1766 1405 1856 1458 ἅτε

396 1503 507 1555 τὴν
537 1496 802 1571 βασιλίδα
827 1500 974 1553 πόλιν
1012 1506 1191 1574 πρώτη
1244 1496 1507 1571 δυσμόθεν
1551 1494 1856 1567 ἀνίσχουσα

208 1583 657 1660 πανευδαίμων,
740 1594 830 1642 καὶ
916 1586 1227 1663 ὀσφραδίοις
1305 1593 1647 1663 μαρωρικοίς
1708 1583 1854 1636 ἀντι-

1966 536 2193 595 sponsa
2231 527 2296 578 ut
2331 522 2543 591 fuerat,
2595 540 2666 581 ac
2704 533 2994 600 prmterea
3033 529 3185 586 caelo
3223 530 3497 588 orientali
3541 546 3613 587 ac

1965 610 2566 693 myrrha'vernacula
2596 614 2869 683 gaudens
2913 617 3084 674 alteri
3126 622 3611 690 postponeretur.

1963 697 2179 763 Altera,
2202 701 2537 757 secundum
2569 703 2780 761 urbem
2819 705 3195 778 imperialem
3227 707 3424 779 prima
3460 707 3614 764 inter

1966 787 2233 844 civitates
2276 788 2610 846 Occidentis
2638 796 2697 849 et
2726 796 2994 866 pretioso
3033 800 3369 867 martyrum
3401 811 3612 853 cruore

1964 875 2305 941 madefacta
2352 882 2406 933 te
2444 878 2687 950 privari,
2733 881 2835 939 tali
2873 886 3161 956 tantoque
3194 885 3325 941 viro
3358 882 3611 940 moleste

1961 963 2211 1020 ferebat.
2257 965 2450 1030 Quare
2500 967 2647 1024 nihil
2689 968 2980 1028 intactum
3026 986 3138 1028 nec
3187 971 3443 1029 dicendo
3498 984 3612 1028 nec

1961 1051 2200 1122 agendo
2236 1052 2473 1125 reliquit
2496 1053 2690 1113 donec
2719 1063 2822 1115 tua
2847 1057 3014 1116 ﬁeret
3050 1074 3296 1133 sponsa.
3320 1059 3611 1132 Equidem

1962 1145 2339 1212 compertum
2383 1143 2580 1201 habeo
2634 1162 2951 1220 nunquam
2990 1148 3117 1205 fore
3156 1153 3221 1205 ut
3248 1149 3479 1205 meliori
3506 1148 3609 1205 ad-

1958 1228 2276 1300 jungatur;
2327 1246 2646 1305 nunquam
2677 1236 2835 1292 enim
2881 1244 3027 1293 tetas
3050 1237 3251 1294 futura
3278 1238 3475 1294 virum
3502 1237 3609 1293 tibi

1965 1318 2218 1374 similem
2250 1318 2414 1377 feret.
2452 1323 2518 1378 Ut
2557 1323 2717 1380 enim
2747 1325 2891 1380 olim
2928 1325 3336 1399 Philopcemen
3364 1326 3611 1382 ultimus

1962 1407 2188 1475 ducum
2220 1411 2560 1466 Graecorum
2589 1412 2843 1484 insignis
2884 1414 3013 1481 fuit,
3037 1415 3121 1472 sic
3152 1420 3207 1472 te
3248 1415 3523 1472 ultimum
3545 1416 3609 1471 in

1962 1495 2188 1569 tjhristo
2213 1497 2536 1555 antistitem
2559 1504 2795 1574 tempus
2824 1501 2991 1559 ferax
3019 1518 3221 1560 rerum
3251 1505 3529 1577 edaxque
3549 1502 3611 1559 in

1962 1583 2157 1639 lucem
2190 1586 2395 1644 edidit.

212 1679 484 1728 πνέουσα
537 1677 631 1729 οὐκ
688 1677 980 1750 ἀνασχετόν
1042 1680 1219 1750 ἠγεῖτο
1269 1675 1767 1752 παρευημερηθῆναι
1840 1676 1931 1724 καὶ
2009 1671 2372 1747 ἀποσφαλῆναι
2425 1674 2634 1730 τοιοῦδε
2713 1684 2803 1732 καὶ
2868 1682 3032 1743 οὕτως
3102 1681 3359 1756 ἕρασμίου
3428 1680 3609 1735 καλοῦ.

217 1768 460 1817 οὔκουν
492 1766 649 1826 ἀνῆκε
669 1766 895 1838 λέγουσα
924 1771 1096 1820 πάντα
1133 1773 1224 1819 καὶ
1247 1768 1574 1842 πράττουσα,
1598 1764 1693 1823 ἕως
1720 1770 1790 1832 τῷ
1820 1760 1959 1831 καλῷ
1986 1781 2069 1814 σοι
2088 1769 2310 1836 νυμφίῳ,
2343 1770 2432 1817 καὶ
2453 1767 2543 1838 οἵῳ
2564 1764 2770 1821 οὐδέπω
2794 1773 3062 1844 πρότερον,
3113 1771 3371 1843 ἦρμοστο,
3400 1771 3550 1841 οἶμαι
3590 1809 3604 1822 .

216 1853 445 1925 μᾶλλον
506 1851 566 1911 δὲ
617 1853 743 1909 οῖδα
791 1866 987 1929 σαφῶς,
1037 1859 1104 1917 ὡς
1142 1852 1257 1909 οὐδ’
1306 1856 1523 1916 ἐσαῦθις
1571 1851 1969 1925 ἀρμοσθήσεται
2027 1870 2172 1923 ποτε,
2230 1853 2310 1905 ὄτι
2364 1852 2496 1927 μηδ’
2546 1858 2572 1908 ό
2624 1856 2862 1928 ἐσόμενος
2913 1862 3126 1932 χρόνος,
3182 1860 3289 1920 οἷός
3329 1877 3382 1911 τε
3437 1861 3612 1910 ἔσεται

221 1949 418 2015 fis-at
442 1942 717 2019 ἀνθρώπου
746 1943 950 1999 τοιόνδε
976 1955 1187 2022 χρῆμα,
1219 1946 1395 1997 ὁποῖον
1435 1945 1492 1996 σε
1511 1940 1799 1997 τελευταῖον
1823 1945 1921 1989 τῶν
1944 1942 2076 1990 κατά
2106 1946 2335 2005 Χριστόν
2362 1941 2646 2018 ἀρχιερέων
2679 1953 2847 2017 σοφῶν
2901 1949 2966 2007 ὡς
2995 1945 3045 1999 ἓν
3068 1952 3209 2021 γήρᾳ
3240 1952 3331 2000 καὶ
3363 1946 3608 2017 ὀψίγονον

226 2032 419 2084 ἔτεκεν
476 2034 504 2084 ό
569 2036 742 2087 πάντα
787 2044 972 2107 γεννῶν
1020 2040 1110 2088 καὶ
1180 2035 1397 2107 φθείρων
1431 2048 1444 2062 ⁸

227 2119 619 2193 Φιλοποίμενα.

1499 2033 1565 2091 ὡς
1627 2032 1717 2081 καὶ
1774 2025 1875 2079 τῶν
1930 2025 2233 2087 Ἑλληνικῶν
2293 2041 2595 2106 στρατηγῶν
2637 2035 2859 2087 ὕστατον
2906 2038 3081 2110 εἴρηκέ
3126 2055 3206 2097 τις
3241 2038 3331 2088 τόν
3384 2034 3609 2108 ἀρχαῖον

306 2211 417 2271 Τίς
471 2212 595 2284 γὰρ,
663 2215 772 2275 οἷος
813 2217 901 2281 σὺ,
959 2221 1051 2267 τοῦ
1095 2211 1278 2266 λοιποῦ
1330 2211 1532 2283 ὑψηλός
1576 2212 1663 2262 τὸν
1712 2207 1850 2281 βίον,

2045 2207 2188 2273 Quis
2216 2210 2378 2266 enim
2428 2210 2579 2267 alius
2621 2217 2835 2284 praeter
2874 2218 2930 2269 te
2979 2218 3255 2270 nascetur
3293 2227 3433 2271 cum
3480 2210 3612 2284 pari

225 2299 326 2348 τὸν
403 2298 566 2369 λόγου
631 2306 906 2375 μετέωρος,
970 2309 1063 2363 τὴν
1120 2303 1402 2377 ἱερωσύνην
1463 2301 1713 2373 αἰθέριος,
1767 2304 1858 2351 καὶ

231 2386 309 2448 ὧς
364 2386 462 2440 ἀπ’
496 2389 658 2442 αὐτοῦ
688 2399 778 2459 τοῦ
812 2394 994 2467 θρόνου
1051 2400 1288 2466 Χριστοῦ
1338 2394 1650 2464 θεμιστεύων
1705 2390 1855 2442 ἄντι-

228 2494 395 2549 κρυς,
450 2479 582 2531 είπω
631 2475 787 2547 δ’ἆν,
832 2486 926 2534 καὶ
978 2483 1050 2544 ὡς
1092 2481 1172 2535 ἐπ’
1222 2481 1387 2541 αὐτῆς
1433 2489 1527 2542 τῆς
1578 2478 1858 2551 ἀκρωρείας

234 2573 335 2616 τού
389 2573 516 2618 Σινᾶ
580 2570 933 2641 χρηματίζων
988 2570 1340 2643 λογιζόμενος,
1401 2571 1540 2631 ὅπως
1600 2566 1724 2641 βίου
1766 2570 1856 2639 μὲν

233 2661 333 2705 τοῦ
382 2658 523 2707 κατά
578 2660 636 2709 σὲ
673 2658 933 2729 προϐῆναι
968 2668 1219 2735 περιωτῇ,
1262 2660 1292 2718 ἢ
1343 2658 1419 2713 ἐπ’
1463 2659 1618 2712 αὐτόν
1675 2656 1857 2710 ἐλάσαι

238 2748 332 2793 τὸν
397 2744 620 2820 βατῆρα
683 2757 774 2801 τοῦ
818 2748 991 2819 λόγου,
1033 2746 1150 2802 οὐδ’
1208 2748 1269 2800 ἂν
1335 2749 1406 2802 ἑνὶ
1449 2757 1548 2801 τῶν
1616 2747 1855 2799 ἁπάντων

239 2828 559 2900 έγογέιοιτπ
625 2838 771 2893 Εἲσω
821 2834 880 2890 δὲ
930 2835 1085 2891 δῦναι
1145 2838 1355 2910 νεφέλης
1414 2846 1511 2891 τῶν
1567 2839 1711 2907 παρά
1772 2840 1856 2886 σοὶ

245 2924 551 2993 νοημάτων,
608 2930 697 2977 καὶ
728 2927 946 2998 λογικῶν
977 2926 1202 2980 ἀκούσαι
1233 2924 1488 3000 μεθόδων,
1537 2922 1660 2979 οὐδὲ
1704 2932 1856 2976 τουτο

246 3018 678 3083 προστυχόντος,
719 3017 799 3066 ὅτι
829 3021 899 3088 μη
951 3024 1238 3071 Μωσαῑκού
1275 3036 1411 3077 τινος
1461 3012 1522 3075 ἦν
1559 3011 1751 3089 ἀνδρὸς
1776 3036 1787 3046 ·
1830 3015 1856 3066 ὁ

250 3093 313 3151 δέ
334 3120 399 3171 γε
432 3105 728 3175 σύμμικτος
764 3110 855 3158 καὶ
902 3106 1061 3167 πολύς
1098 3108 1239 3158 κάτω
1291 3125 1391 3158 που
1430 3111 1549 3177 περὶ
1595 3108 1657 3156 τὰ
1695 3106 1861 3177 κρασ-

245 3184 395 3240 πεὸα
455 3198 549 3242 τοῦ
609 3196 762 3265 ὅρους
822 3195 1080 3263 εἱστήκει,
1168 3198 1331 3267 μόνης
1406 3201 1501 3254 τῆς
1582 3194 1859 3251 θεσπεσίας

246 3276 432 3349 ἠχοῦς
486 3277 772 3351 ἀγαπητῶς
819 3280 1159 3356 ἀκροώμενος.
1220 3282 1415 3336 Πολλοῦ
1458 3301 1515 3353 γε
1561 3280 1750 3353 μᾶλλον
1799 3276 1858 3333 δε

248 3374 345 3416 τοῦ
384 3372 577 3428 παντὸς
623 3367 731 3423 ἔδει
794 3376 891 3429 τὴν
942 3377 1039 3430 σὴν
1085 3374 1437 3446 καταθαρσεῑν
1497 3369 1719 3432 ἔντευξιν
1760 3370 1855 3425 θη-

245 3458 363 3527 ρίον
423 3457 722 3529 ότιποτοῦν,
782 3461 849 3521 ὡς
899 3458 1051 3535 ἐγγύς
1115 3462 1357 3531 γενέσθαι
1408 3464 1479 3532 μή
1539 3462 1669 3531 μετὰ
1734 3477 1856 3531 φΡι’

1966 2310 2205 2353 morum
2222 2298 2529 2370 dignitate,
2545 2300 2772 2358 fulmen
2798 2301 3170 2374 eloquentiae,
3193 2307 3412 2373 orator,
3424 2300 3614 2372 judex

1967 2390 2230 2453 sanctus,
2262 2393 2327 2443 ut
2346 2390 2429 2445 ita
2455 2388 2679 2460 dicam,
2712 2392 2889 2462 quasi
2917 2406 2949 2447 e
2970 2390 3183 2448 Christi
3219 2389 3455 2461 throno,
3491 2393 3554 2444 ut
3579 2403 3614 2443 e

1966 2489 2207 2539 summo
2236 2475 2397 2533 Sinai
2422 2477 2668 2534 oracula
2692 2478 2953 2536 reddens
2971 2481 2999 2536 ?
3019 2479 3160 2545 Quis
3188 2484 3241 2535 te
3271 2478 3407 2534 vitae
3438 2491 3611 2533 sanc-

1965 2561 2149 2631 titate,
2174 2565 2311 2637 quis
2334 2565 2688 2641 eloquentiae
2729 2568 2787 2623 vi
2836 2583 3109 2641 unquam
3140 2568 3408 2641 aaquabit
3433 2567 3461 2622 τ
3500 2566 3610 2622 Co-

1965 2651 2323 2720 gitationum
2353 2671 2533 2726 porro
2583 2661 2829 2713 tuarum
2893 2673 3140 2714 cursum
3188 2657 3381 2730 sequi,
3418 2659 3473 2712 te
3509 2654 3615 2710 do.

1968 2746 2199 2798 centem
2254 2744 2461 2800 audire
2498 2745 2709 2816 paucis
2760 2745 3096 2802 admodum
3137 2745 3415 2812 dabatur,
3459 2758 3615 2816 quos

1966 2829 2057 2884 vel
2085 2831 2158 2887 ad
2191 2832 2408 2889 montis
2449 2833 2683 2889 radices
2709 2834 2871 2889 vocis
2892 2834 3107 2890 divina:
3138 2850 3356 2890 sonum
3405 2832 3614 2889 audire

1963 2917 2233 2989 jnvabat.
2274 2921 2403 2984 Quo
2442 2923 2636 2989 magis
2680 2921 2857 2989 igitur
2886 2927 2939 2975 te
2966 2926 3256 2993 praesente
3288 2938 3464 2977 nemo
3492 2935 3613 2975 non

1965 3006 2392 3071 delectabatur,
2422 3009 2469 3064 si
2500 3009 2648 3065 forte
2669 3010 2897 3066 animal
2927 3026 3116 3082 rapax
3134 3008 3616 3082 apparebat,sive

1965 3093 2059 3149 leo
2090 3096 2447 3152 tributorum
2480 3103 2720 3153 exactor
2743 3098 3028 3154 intestina
3057 3102 3264 3153 nostra
3302 3097 3615 3152 devoratu-

1964 3198 2086 3252 rus,
2130 3183 2251 3239 sive
2295 3185 2591 3256 panthera
2618 3186 2941 3255 maculata,
2982 3186 3044 3243 id
3074 3190 3164 3240 est
3205 3184 3468 3257 dynasta
3509 3184 3591 3239 do

1967 3273 2274 3341 mesticus,
2309 3274 2433 3329 sive
2469 3273 2651 3345 lupus
2678 3275 2883 3344 gregis.
2903 3275 3185 3331 inimicus
3216 3280 3273 3331 et
3302 3274 3617 3330 insidiator

1965 3363 2340 3433 processerit.
2359 3363 2421 3417 Hi
2443 3379 2656 3418 omnes
2681 3365 2842 3419 enim
2872 3369 2925 3420 te
2946 3371 3238 3437 prasente
3263 3362 3615 3420 abscondito

1967 3451 2377 3508 consistebant
2401 3452 2552 3515 loco.
2587 3468 2661 3507 ne
2694 3451 2892 3508 verbis
2915 3452 3033 3508 tuis
3062 3453 3237 3525 quasi
3267 3452 3510 3508 totidem
3527 3448 3616 3506 la-

247 3561 350 3606 κης
377 3550 474 3597 καὶ
523 3541 789 3618 δείματος,
856 3552 955 3602 εἴτε
1002 3569 1081 3612 τις
1126 3548 1461 3621 φορολογικός
1508 3545 1569 3606 ἦν
1614 3547 1736 3601 λέων
1765 3551 1854 3599 καὶ

1965 3538 2205 3611 pidibus
2244 3546 2648 3610 tangerentur.
2685 3541 2837 3607 Quid
2877 3540 3145 3597 mirum?
3192 3541 3487 3613 siquidem
3542 3554 3616 3594 ne

247 3632 452 3701 ἔγκατα
515 3638 686 3688 πάντα
760 3637 1061 3709 λαφύσσων,
1120 3643 1220 3691 εἴτε
1304 3635 1567 3698 δυνάστης
1635 3632 1855 3697 ἐνδαπός

252 3722 468 3793 ποικίλη
508 3731 735 3798 πονηρία
794 3730 997 3795 στικτός
1050 3730 1172 3779 ὡσεὶ
1218 3724 1504 3800 πάρδαλις,
1566 3729 1660 3778 εἶτε
1703 3725 1857 3785 λύκος

252 3808 433 3881 ἅρπαξ
504 3820 575 3881 τῷ
649 3819 876 3885 ποιμνίῶ
958 3813 1223 3888 ἇμπίπτων
1301 3820 1390 3867 καὶ
1464 3814 1853 3886 λυμαινόμενος.

256 3900 534 3971 Πεφόϐητο
564 3905 665 3977 γὰρ
724 3903 860 3956 ἅπαν
899 3912 1105 3957 τοιοῦτο
1163 3909 1252 3957 καὶ
1310 3908 1617 3977 περιίστατο
1665 3901 1856 3973 φυλατ-

254 3992 493 4061 τόμενον,
533 3997 607 4063 μὴ
660 4000 765 4053 τοῖς
812 4000 922 4054 σοῖς
971 3992 1142 4065 λόγοις
1194 3995 1258 4053 ὡς
1307 3992 1468 4051 λίθοις
1525 3989 1855 4063 βεϐλήσεται.

261 4081 451 4131 Καίτοι
478 4099 532 4132 τι
585 4087 738 4134 τοῦτο
776 4083 840 4142 ὥς
895 4100 949 4133 τι
1004 4082 1303 4153 θαυμαστὸν
1354 4083 1580 4154 εἴρηται,
1638 4080 1719 4132 ὅτε
1769 4083 1860 4131 καὶ

258 4163 578 4237 βασιλεῦσιν
623 4172 803 4233 αὐτοῖς
853 4169 948 4223 ούκ
987 4166 1245 4224 ἀσπουδεὶ
1301 4176 1470 4242 παρῆν
1524 4166 1858 4238 ἔντυγχάνειν

260 4273 366 4321 σοι,
400 4260 489 4308 καὶ
536 4259 604 4319 ὡς
652 4265 763 4320 τοῖς
814 4258 1007 4327 ἄλλοις,
1050 4256 1104 4310 ἐκ
1142 4265 1233 4310 τού
1272 4258 1608 4333 ὑπέρφρονος,
1653 4260 1745 4307 σύν
1775 4259 1857 4307 αί-

257 4338 348 4395 δοῖ
385 4339 447 4396 δὲ
482 4344 676 4421 μᾶλλον
726 4351 816 4400 καὶ
862 4346 1147 4419 ύποστολῇ,
1215 4346 1397 4398 ὁποίαν
1450 4352 1602 4418 σχῖεν
1653 4345 1715 4395 οἶν
1770 4348 1859 4396 καὶ

255 4434 495 4502 μαθηταὶ
536 4438 664 4506 πρὸς
702 4430 1065 4502 διδάσκαλονς
1119 4433 1300 4508 Ἀγιον
1353 4437 1442 4507 μὲν
1486 4432 1576 4485 οὖν
1627 4437 1715 4484 καὶ
1762 4451 1858 4504 φο-

255 4518 403 4593 ϐερὸν
437 4519 725 4594 ἀνυμνούσι
765 4528 824 4575 τό
864 4528 1025 4595 ὄνομα
1071 4531 1205 4576 Θεοῦ
1257 4525 1306 4576 οἱ
1357 4522 1577 4594 ψαλμοὶ,
1609 4524 1698 4573 καὶ
1729 4524 1858 4573 Θεὸν

253 4609 413 4660 αὐτὸν
471 4610 531 4661 ού
586 4615 742 4684 μόνον
799 4633 949 4685 φως,
988 4611 1117 4665 ἀλλά
1174 4616 1265 4663 καὶ
1326 4619 1431 4685 πύρ
1478 4609 1856 4663 καταναλίσκον

252 4694 454 4769 ᾅδουσι
485 4713 500 4727 ’
557 4704 648 4752 καὶ
698 4700 1088 4775 πολυόρθαλμοι
1139 4704 1390 4776 Σεραφειμ
1443 4698 1700 4771 βλέπουσι
1765 4701 1856 4770 μεν

253 4780 541 4849 διαπαντός
586 4791 773 4842 τούτου
835 4793 893 4842 τό
970 4794 1259 4863 ,πρόσωπον
1315 4810 1328 4822 ο
1389 4788 1482 4842 ούκ
1535 4787 1855 4859 ἀτενέστιρον

1965 3645 2133 3699 reges
2165 3630 2412 3701 quidem
2442 3630 2552 3702 ipsi
2582 3637 2635 3686 te
2676 3647 2880 3686 coram
2912 3631 3165 3687 immoto
3188 3631 3353 3686 vultu
3373 3643 3617 3702 aequave

1965 3724 2165 3774 mente
2183 3719 2446 3790 aspicere
2476 3720 2906 3782 sustinuerunt,
2933 3720 3072 3788 imo,
3093 3725 3156 3774 ut
3178 3719 3429 3781 alumni,
3459 3718 3617 3773 dicto

1966 3807 2277 3867 audientes
2303 3814 2359 3864 et
2382 3809 2691 3865 modestos
2715 3825 2780 3863 se
2810 3807 3116 3878 gerebant.
3162 3806 3373 3861 Psalmi
3395 3819 3616 3860 nomen

1966 3896 2068 3951 Dei
2101 3902 2164 3951 ut
2207 3902 2509 3961 sanctum,
2559 3901 2622 3953 ut
2649 3898 2877 3962 lumen,
2925 3896 3049 3952 imo
3109 3900 3171 3949 ut
3206 3895 3409 3962 ignem
3439 3893 3618 3948 devo-

1965 3991 2197 4040 rantem
2211 3984 2560 4056 praedicant.
2592 3984 2903 4056 Seraphim
2916 3982 3226 4041 multoculi
3243 3981 3471 4038 vultum
3488 3981 3619 4053 ejus

1966 4089 2088 4131 non
2127 4072 2368 4138 directe,
2408 4072 2514 4128 sed
2542 4089 2609 4127 ex
2648 4072 2898 4144 obliquo
2924 4078 2983 4129 et
3018 4073 3209 4128 oculis
3245 4069 3619 4142 semiapertis

1967 4167 2346 4231 contuentur,
2379 4167 2437 4218 et
2473 4177 2690 4233 parum
2751 4162 2879 4218 alas
2926 4177 3071 4217 suas
3122 4160 3445 4233 explicant.
3484 4158 3621 4217 Pari

1967 4249 2152 4309 modo
2182 4250 2272 4307 sol
2292 4250 2386 4306 hic
2416 4250 2670 4307 visibilis
2690 4250 2762 4307 iis
2796 4255 3028 4307 tantum
3059 4255 3289 4306 astrum
3309 4247 3619 4320 jucundis-

1967 4342 2187 4395 simum
2221 4340 2452 4411 eritqui
2483 4339 2671 4394 radiis
2703 4340 2836 4410 ejus
2859 4339 3122 4394 fruentes
3148 4337 3414 4394 contenti
3458 4340 3615 4391 sunt.

1968 4430 2073 4496 Qui
2107 4434 2310 4484 autem
2332 4427 2507 4485 rectis
2535 4427 2682 4484 illud
2733 4427 2923 4484 oculis
2950 4427 3168 4484 intueri
3197 4443 3387 4483 ausus
3424 4424 3618 4493 fuerit,

1965 4517 2129 4574 haud
2160 4515 2407 4588 impune
2437 4522 2494 4572 et
2522 4533 2656 4571 cum
2682 4517 2949 4572 maximo
2972 4516 3134 4570 visus
3159 4515 3518 4571 detrimento
3537 4512 3619 4568 fe-

1966 4606 2126 4664 cerit.
2159 4607 2249 4663 Sic
2283 4606 2383 4662 tibi
2415 4621 2658 4679 quoque
2700 4620 2881 4662 nemo
2910 4605 3023 4662 nisi
3056 4604 3236 4678 plane
3264 4601 3620 4676 imprudens

1965 4704 2022 4753 et
2043 4697 2413 4760 temerarius,
2442 4694 2549 4752 tibi
2563 4696 2665 4767 qui
2685 4695 2871 4751 solem
2889 4695 3165 4752 divinum
3178 4693 3403 4759 reddis,
3417 4689 3619 4757 inania

1962 4773 2220 4859 loquens
2247 4790 2353 4841 aut
2376 4785 2712 4856 incongrua
2743 4783 2970 4840 faciens
3003 4779 3617 4855 appropinquaverit;

253 4864 313 4928 δε
369 4876 834 4950 κατεμϐλέπουσιν,
883 4882 1000 4933 οὔτε
1064 4878 1178 4931 ὅλον
1221 4881 1310 4931 καὶ
1366 4877 1499 4938 ὅλοις
1557 4875 1854 4931 ἀναπεπτα-

1968 4875 2203 4948 ᾳυὶουῐιι
2220 4889 2314 4945 lue
2340 4873 2500 4929 enim
2529 4872 2638 4929 abs
2664 4878 2719 4929 te
2745 4867 3476 4945 reprehendebaturidem
3496 4866 3619 4939 pati

248 4969 422 5037 μένοις
466 4971 555 5019 καὶ
609 4971 859 5043 ιῇαμάσιν,
908 4969 993 5041 ὑφ’
1046 4968 1167 5033 ὅσον
1219 4970 1274 5020 αἱ
1327 4971 1593 5039 πτέρυγες,
1654 4967 1845 5026 αἵτινές

247 5059 373 5108 ποτέ
402 5054 533 5109 εἰσιν
563 5059 618 5109 αἱ
654 5061 909 5132 πτέρυγες
945 5054 1120 5125 αὗται,
1176 5056 1610 5130 παρεσταλμένοις
1663 5052 1722 5108 δὲ
1748 5074 1845 5107 πα-

245 5153 466 5217 ρορῶσι,
517 5150 608 5199 καὶ
662 5151 1069 5221 παρανοίγουσι.
1134 5150 1234 5199 Καὶ
1290 5140 1433 5208 ἣλιος
1505 5141 1564 5217 δὲ
1616 5143 1762 5203 οὗτος
1814 5143 1839 5194 ό

244 5233 520 5297 αἰσθητός,
571 5232 645 5296 οἷς
681 5253 772 5308 μεν
815 5233 1029 5311 ἀπόχρη
1070 5239 1235 5307 μόνων
1284 5232 1558 5286 ἀπολαύειν
1599 5231 1839 5296 ἀκτίνων,

244 5318 467 5386 ἣδιστός
524 5325 753 5401 ἀστέρων
807 5331 897 5378 καὶ
936 5322 1040 5378 οἷον
1095 5324 1371 5398 ὀφθαλμοῖς
1423 5323 1564 5377 ἐστιν
1626 5322 1792 5392 ὄψεως
1824 5342 1838 5354 ο

244 5416 286 5463 εἰ
320 5431 401 5474 τις
455 5410 513 5466 δὲ
573 5410 937 5490 ἀναιδέστερον
987 5412 1303 5487 ἀντιϐλέπειν
1334 5412 1464 5485 αὐτῇ
1634 5415 1842 5483 πηγαίᾳ

240 5508 335 5552 τῶν
394 5498 614 5554 ἀκτίνων
673 5506 871 5576 σφαίρᾳ
926 5502 1318 5575 φιλονεικήσειε,
1388 5500 1570 5552 θᾶττον
1628 5497 1688 5550 ἂν
1744 5499 1839 5569 ὐφ-

242 5590 338 5652 ίξει
396 5585 558 5657 δίκην
610 5599 710 5654 τῆς
765 5589 1100 5665 ἀσυμμέτρου
1164 5596 1278 5652 ταῖς
1321 5592 1503 5663 κόραις
1557 5586 1838 5660 ἀντοφθαλ-

1953 4963 2402 5039 putabatquam
2417 4961 2465 5017 si
2483 4966 2643 5017 terra
2657 4967 2794 5019 ante
2813 4958 3447 5031 pedesdehisceretftu
3458 4954 3620 5013 enim
3672 4958 3675 4961 ’

1952 5050 2015 5115 in
2052 5051 2360 5110 tradendis
2398 5053 2701 5108 Musarum
2728 5049 2959 5107 artibus
2996 5063 3137 5103 vera
3175 5049 3231 5103 et
3270 5044 3543 5101 doctrina
3563 5047 3620 5099 et

1952 5141 2273 5215 disciplina
2299 5138 2588 5208 utebaris,
2636 5139 2809 5207 aliter
2830 5153 2900 5203 ac
2925 5137 3031 5193 ille
3060 5136 3157 5192 vir
3184 5138 3462 5210 strenuus
3491 5132 3614 5204 qui,

1952 5239 2099 5293 teste
2117 5231 2397 5303 Homero,
2416 5230 2712 5297 insontem
2730 5240 2964 5298 quoque
2978 5225 3172 5295 culpa
3184 5221 3619 5285 accusaritjtao

1950 5319 2415 5385 tioneitem,non
2440 5314 2814 5372 vehementia
2827 5314 3004 5384 duce,
3018 5312 3283 5369 sontium
3295 5328 3365 5368 ac
3376 5326 3617 5368 reorum

1951 5409 2187 5485 animos
2230 5408 2473 5481 culpam
2519 5405 2933 5469 confitentium
2983 5409 3042 5461 et
3085 5402 3617 5476 reprehensionem

1947 5482 2084 5554 vitae
2115 5482 2561 5553 admittentium
2592 5493 2669 5548 ad
2711 5493 3131 5564 paenitentiam
3176 5488 3606 5563 compellebas.

1953 5588 2050 5645 Sic
2080 5585 2306 5658 tibi,vir
2326 5582 2590 5640 maxime
2609 5581 3149 5650 venerande,casta
3175 5584 3461 5664 venustas
3473 5576 3618 5664 ade-
