4028 6308
432 363 530 419 351

434 575 509 633 tis
528 571 1052 648 propugnaculum
1071 569 1294 644 ubique
1316 570 1790 645 sequebatur.Tu
1800 569 2079 627 homines

435 663 542 739 qui
571 679 608 720 a
625 661 918 734 principio
948 660 1149 717 minus
1170 663 1226 717 te
1245 659 1412 732 digni
1439 659 1822 730 videbantur,
1834 657 2081 716 rationis

436 755 496 809 et
521 750 808 808 orationis
838 748 1083 818 auxilio,
1117 763 1188 806 ac
1213 763 1658 821 nonnunquam
1679 761 1853 820 aquae
1868 742 2081 818 puriﬁ-

435 839 672 898 catorice
689 853 802 912 ope
819 838 899 896 ad
920 838 1399 912 resipiscendum
1416 834 1872 911 perduxistidlle
1894 834 2082 892 Clear-

435 930 608 996 chus,
640 930 792 985 Laco
821 928 1084 1001 natione,
1105 929 1509 1002 Xenophonte
1539 931 1708 993 teste,
1728 925 2077 994 vultutetro,

433 1032 618 1076 rauca
637 1015 973 1074 admodum
989 1032 1134 1074 voce
1151 1015 1466 1090 erat,quod
1478 1019 1681 1072 tamen
1692 1028 2084 1087 nequaquam

434 1105 748 1164 obstaculo
772 1105 882 1162 fuit
909 1106 1057 1178 quin
1079 1104 1366 1162 militibus
1411 1104 1533 1160 suis
1555 1103 1614 1160 in
1643 1117 1851 1177 pugna
1881 1101 2082 1175 splen-

435 1194 614 1252 didus
643 1193 968 1267 hilarisque
996 1195 1432 1265 antesignanus
1469 1192 1662 1248 fuerit.
1693 1194 1816 1248 Tua
1843 1205 2084 1248 morum

433 1283 646 1342 lenitas
670 1283 945 1354 jucundo
975 1299 1213 1358 semper
1239 1289 1444 1340 tenore
1464 1281 1915 1340 occurrentibus
1943 1280 2084 1338 arri-

437 1374 530 1441 sit,
549 1373 733 1446 idque
764 1379 892 1430 tum
918 1390 1184 1447 quoque,
1200 1373 1306 1431 ubi
1331 1374 1496 1446 justa
1517 1372 1605 1430 ira
1620 1372 1683 1428 in
1707 1371 1902 1429 malos
1917 1386 2084 1428 exar-

435 1463 898 1530 descebas.Quis
917 1467 1118 1522 autem
1139 1463 1250 1520 abs
1266 1468 1322 1520 te
1337 1464 1728 1535 vituperatus,
1749 1460 2084 1518 dummodo

434 1568 560 1610 non
589 1569 728 1609 cum
783 1553 988 1610 anima
1027 1552 1131 1609 vili
1162 1556 1339 1622 esset,
1372 1567 1495 1609 non
1549 1554 1862 1608 contentus
1889 1550 2083 1617 fuerit,

435 1641 623 1700 verba
643 1641 898 1698 audiens
925 1641 1334 1699 consolatoria
1356 1642 1552 1713 magis
1585 1657 1770 1714 quam
1790 1640 2084 1714 vitupera-

436 1731 609 1798 toria,
639 1746 811 1786 rosas
836 1731 972 1804 plus
1001 1747 1189 1804 quam
1215 1732 1418 1805 spinas
1449 1748 1522 1788 ea
1563 1730 1962 1788 aestimando?
1993 1729 2087 1787 Sic

1296 352 1668 413 MICHAELIS
1703 351 2084 412 ACOMINATI
2121 348 2560 412 ATHENARUM
2594 348 2927 409 ARCHIEP.

431 488 543 554 rat,
575 484 632 542 et
652 482 1166 541 incantamentum
1193 478 1592 539 honoriﬁcum
1619 481 1676 537 te
1701 481 1767 537 ut
1795 479 2077 538 sanctita-

2198 481 2417 542 utriatwg.
2471 477 2616 532 Κατά
2649 477 2821 531 ταυτὰ
2873 478 2964 531 καὶ
3018 480 3117 531 τῶν
3167 477 3489 552 προσιόντων
3538 494 3653 543 σοι,

3706 348 3859 406 352

3750 495 3852 527 τω

2187 568 2308 622 καθ’
2350 569 2489 641 ἡμᾶς
2528 563 2899 640 θεοειδεστάτῳ
2937 565 3084 640 ἡλίῳ,
3132 565 3228 620 ούκ
3264 563 3500 640 ἀνδρεῖος
3549 562 3630 637 ἦν,
3702 561 3860 616 ἀλλ’

2189 659 2345 719 ἄνους
2376 661 2467 710 καὶ
2528 657 2727 730 ἰταμός,
2791 654 3005 730 ἀγνοῶν,
3053 656 3172 710 ὅποι
3225 658 3348 709 ποτε
3404 651 3654 709 κινδύνου
3717 656 3852 720 φὶ·-

2188 767 2356 825 ρεται,
2387 748 2413 800 6
2443 749 2514 820 μὴ
2568 748 2704 800 πάνυ
2751 766 2804 800 τι
2834 746 3057 809 εὐλαϐῶς
3102 750 3334 820 προσιὼν
3376 750 3472 799 παὶ
3513 743 3852 818 πεφυλαγ-

2190 841 2359 910 μένος,
2435 841 2613 910 μήπου
2673 855 2727 890 τι
2802 835 3002 910 ἐκμελὲς
3058 835 3468 910 παραφέγξαιτο,
3525 835 3555 901 ᾖ
3617 832 3851 895 ἄλλως

2190 925 2650 1002 ύπαγροικίσαιτο.
2719 927 2788 980 Τὸ
2858 927 2958 1001 γὰρ
3026 923 3398 998 ἐπιτιμηθῆναι
3470 925 3617 996 παρά
3708 928 3847 976 σοῦ

2189 1016 2306 1070 ἴσον
2363 1011 2393 1072 ὖ
2443 1021 2517 1086 τῷ
2573 1033 2632 1087 γε
2695 1017 3005 1087 μαινομένῳ,
3063 1018 3152 1067 καὶ
3215 1018 3304 1072 τὴν
3350 1017 3449 1085 γὴν
3499 1009 3850 1073 diua-rivali

2191 1106 2241 1158 οἱ
2310 1105 2493 1162 αὐτόν.
2550 1103 2626 1156 Ού
2677 1105 2779 1178 γὰρ
2831 1103 3237 1177 ψυχαγωγῆσαι
3289 1106 3443 1176 μόνον
3508 1101 3846 1174 έμμούσως

2192 1191 2590 1266 έπαγωγότατος
2635 1189 2778 1251 ἦσθα
2814 1198 2904 1246 καὶ
2946 1197 3318 1266 χαριέστατος,
3359 1191 3489 1244 ἀλλά
3537 1195 3627 1244 καὶ
3679 1191 3843 1245 ἐπι-

2189 1281 2385 1346 πλῆξαι
2439 1278 2786 1344 παιδευτικῶς
2851 1281 3255 1357 έμϐριθέστατος
3297 1298 3312 1315 ⁶
3379 1281 3439 1334 ού
3507 1281 3643 1333 κατά
3711 1281 3838 1332 τὸν

2190 1371 2314 1446 παρ’
2351 1369 2557 1445 Ὁμήρῳ
2606 1367 2773 1424 δεινὸν
2820 1367 3011 1444 ἄνδρα,
3060 1370 3112 1432 ὃς
3161 1373 3306 1446 τάχα
3352 1389 3457 1436 κεν,
3503 1373 3654 1442 φησὶ,
3705 1370 3839 1420 καὶ

2192 1459 2420 1514 ἀναίτιον
2451 1459 2712 1531 αἰτιόῳτο.
2744 1462 2814 1513 T6
2868 1463 2970 1534 γὰρ
3015 1459 3208 1532 εύλόγῳ
3265 1463 3356 1512 καὶ
3402 1463 3594 1533 καιρίῳ
3633 1456 3834 1510 πλέον

2191 1549 2222 1608 ἣ
2256 1556 2328 1620 τῷ
2374 1545 2589 1622 σφοδρῷ
2643 1547 2870 1622 βάλλων,
2903 1547 3203 1622 έπέστρεφες
3261 1551 3350 1601 τὸν
3404 1550 3668 1613 ὑπαίτιον,
3733 1548 3838 1606 ὡς

2193 1634 2323 1712 μηδ’
2390 1637 2450 1690 ἂν
2529 1637 2685 1691 αὐτὸν
2740 1640 2826 1691 τὸν
2891 1636 3260 1712 ἐπιτιμώμενον
3323 1635 3670 1712 ἀπαρνεῖσθαι
3749 1637 3834 1687 τὸ

2193 1732 2265 1800 μὴ
2299 1727 2358 1780 ού
2400 1723 2620 1789 δικαίως
2678 1727 3000 1781 εὐθύνεσθαι.
3066 1717 3251 1788 Ούτως
3293 1728 3323 1785 ἦ
3365 1729 3416 1778 τε
3468 1725 3836 1798 ἀγιοπρεπής

436 1835 549 1877 nec
577 1820 984 1877 mansuetudo
1013 1825 1117 1878 tua
1147 1821 1274 1878 sine
1313 1821 1522 1878 aculeo
1567 1824 1711 1888 erat,
1767 1836 1890 1893 quo
1932 1835 2087 1893 opus

2198 1817 2359 1889 χάρις
2390 1813 2660 1889 ἐπεμειδία
2726 1835 2832 1886 σοι,
2889 1820 3256 1891 μακαριώτατε
3308 1811 3532 1886 ἀνδρῶν,
3590 1818 3680 1866 καὶ
3751 1818 3834 1866 τὸ

435 1907 702 1966 habebat
763 1909 843 1966 ad
889 1910 1013 1966 vim
1064 1910 1576 1968 admonitionibus
1623 1909 1924 1976 dandam;
1975 1924 2087 1966 nec

438 1997 766 2055 acrimonia
781 1999 1156 2070 jucunditate
1178 2000 1421 2056 carebat
1444 2017 1456 2056 :
1484 2004 1806 2072 utrumque
1828 1998 1987 2054 enim
2008 1997 2092 2054 fe-

436 2086 720 2143 licissima
749 2087 1000 2146 mistura
1028 2090 1445 2147 consociatum
1476 2093 1624 2147 erat.
1643 2091 1727 2145 Tu
1756 2086 1884 2160 ipse
1901 2087 2091 2160 probe

434 2176 594 2233 nosti
611 2175 759 2232 nihil
783 2192 993 2234 eorum
1022 2194 1160 2251 quae
1191 2182 1296 2236 aut
1324 2194 1464 2235 cum
1495 2177 1714 2234 sudore
1745 2175 2085 2248 elaborasti,

439 2267 544 2320 aut
577 2279 685 2337 per
721 2264 937 2322 ludum
966 2266 1382 2340 composuisti,
1427 2265 1760 2322 litterarum
1791 2263 2091 2321 studiosos

436 2350 665 2421 fugere,
706 2352 1007 2426 siquidem
1035 2370 1130 2411 res
1173 2358 1289 2411 tuas
1327 2354 1388 2410 in
1436 2353 1567 2410 foro
1596 2358 1654 2410 et
1681 2353 1793 2410 viis
1831 2351 2090 2427 publicis

437 2438 624 2495 fando
645 2441 907 2511 repetitae
933 2441 995 2497 in
1023 2441 1414 2514 proverbium
1441 2441 1736 2498 abierunt.

443 2524 504 2586 ἧν
531 2529 652 2604 όρᾲν
679 2533 768 2581 καὶ
797 2534 1002 2602 τραχύς
1039 2539 1101 2604 τῇ
1159 2539 1296 2604 φωνῇ
1336 2553 1348 2565 ·

2196 1904 2406 1978 φοϐερόν
2469 1907 2639 1980 ὥσπερ
2693 1925 2746 1958 τι
2792 1908 2924 1958 θεῖον
2975 1906 3254 1976 ἁγιότητος
3303 1909 3581 1980 παρείπετο
3637 1900 3832 1978 δορυ-

2200 1999 2412 2069 φόρημα
2443 2011 2456 2026 ·
2518 1997 2586 2056 ὡς
2645 1998 2768 2056 τοὺς
2838 1994 3240 2068 ἐντευξομένους,
3302 1996 3658 2068 ὑφορωμένους
3724 1997 3827 2064 μὴ

2197 2091 2298 2136 τῶν
2361 2091 2464 2136 σῶν
2523 2088 2761 2160 χαρίτων
2807 2083 3086 2151 ἐκπέσοιεν,
3142 2085 3171 2144 ἡ
3226 2090 3338 2145 ταῖς
3379 2089 3496 2145 σαῖς
3545 2082 3832 2154 ἐπιτιμή-

2202 2191 2319 2226 σεσι
2375 2177 2722 2249 περιπέσοιεν,
2795 2175 3037 2246 συνάγειν
3105 2173 3292 2246 εύλόγῳ
3351 2168 3456 2226 δέει
3511 2175 3597 2224 τόν
3659 2177 3824 2237 νοῦν,

2197 2266 2288 2314 καὶ
2325 2265 2460 2315 κατὰ
2510 2265 2627 2324 τούς
2680 2261 3150 2335 τελεσθησομένους
3195 2266 3346 2335 μόνον
3414 2261 3472 2314 ού
3519 2258 3823 2334 περιρραν-

2197 2356 2390 2427 τηρίων
2459 2349 2669 2406 δεῖσθαι
2720 2354 3052 2428 καθάρσεων.
3119 2356 3221 2405 Καὶ
3281 2350 3545 2426 Κλέαρχος
3602 2351 3694 2422 μὲν
3783 2349 3819 2400 ὁ

2201 2445 2524 2509 Λακωνικὸς,
2588 2444 2656 2503 ὣς
2713 2461 2814 2495 που
2843 2445 3070 2515 Ξενοφῶν
3113 2445 3377 2517 ἱστόρηκε,
3427 2445 3515 2492 καὶ
3572 2441 3816 2511 στυγνὸς

1404 2531 1532 2584 ἀλλά
1577 2535 1636 2584 τό
1692 2538 1924 2584 τοιοῦτον
1982 2532 2195 2600 στυγνὸν
2247 2529 2295 2582 ἐν
2346 2538 2457 2594 τοῖς
2518 2527 2727 2597 δεινοῖς,
2784 2537 2936 2604 φησὶ,
2997 2528 3218 2604 φαιδρὸν
3275 2537 3383 2592 τοῖς
3444 2532 3815 2602 στρατιώταις

441 2614 686 2688 ἐφαίνετο.
765 2625 862 2670 Σοῦ
919 2615 976 2672 δε
1026 2623 1117 2672 καὶ
1169 2624 1256 2672 τόν
1313 2618 1390 2673 ἀεὶ
1437 2623 1525 2693 μὲν
1577 2623 1767 2694 χρόνον
1823 2621 2081 2694 ὁρωμένου
2143 2624 2233 2672 καὶ
2290 2621 2658 2693 φθεγγομένου,
2713 2617 2934 2694 φαιδραὶ
2999 2628 3110 2682 τοῖς
3178 2618 3568 2695 προσομιλοῦσι
3622 2635 3813 2690 προσ-

443 2705 621 2776 ιγίλων
671 2708 726 2758 αἱ
773 2709 1025 2780 χάριτες·
1079 2705 1399 2782 διεφαίνοντο
1453 2706 1512 2762 δὲ
1583 2705 1732 2762 οὐδὲν
1797 2710 1972 2776 ἧττον,
2030 2713 2120 2761 καὶ
2175 2710 2257 2762 ὅτε
2311 2709 2453 2782 ζήλῳ
2519 2706 2710 2782 δικαίῳ
2766 2711 3173 2785 παρεθερμαίνου
3231 2711 3364 2762 κατά
3416 2716 3514 2762 τῶν
3569 2707 3808 2780 μοχθη-

441 2798 660 2866 ροτέρων
721 2801 810 2848 καὶ
873 2793 1123 2870 δεομένων
1174 2803 1501 2873 τραχυτέρας
1562 2806 1658 2859 τῆς
1713 2796 2096 2872 ἐμϐριμήσεως.
2150 2803 2250 2851 Καί
2314 2801 2411 2851 πού
2483 2818 2559 2859 τις
2613 2797 3060 2872 ἐπιπληττόμενος,
3129 2804 3201 2871 μὴ
3265 2803 3400 2858 πήνυ
3457 2816 3507 2849 τι
3577 2791 3812 2857 συώδης

438 2886 506 2933 ὧν
587 2889 681 2942 τὴν
762 2884 968 2958 ψυχὴν,
1037 2888 1188 2946 ἧττον
1255 2884 1425 2940 ἐδόκει
1485 2884 1769 2940 δάκνεσθαι
1841 2888 1870 2946 ἣ
1927 2883 2174 2954 ἣδεσθαι,
2254 2887 2496 2958 μέμψεων
2553 2886 2816 2940 ἐπακούων
2903 2887 3245 2958 γλυκυθύμων
3301 2887 3451 2940 πλέον
3549 2881 3647 2938 διὰ
3741 2887 3808 2937 τὸ

442 2974 651 3044 εὔχαρι,
711 2972 740 3031 ἣ
797 2971 1100 3048 δακεθύμων
1151 2973 1244 3029 διὰ
1291 2980 1350 3029 1'6
1404 2975 1649 3049 έπίχολον
1691 2994 1704 3006 ·
1759 2981 1848 3028 καὶ
1907 2973 2088 3051 ῥόδοις
2145 2982 2382 3052 χαρίτων
2439 2981 2653 3030 πνέουσι
2699 2979 3009 3048 πάττεσθαι,
3068 2976 3098 3036 ἢ
3151 2981 3376 3052 κέντροις
3425 2974 3810 3047 ἐπιστρέφουσι

443 3059 746 3132 βάλλεσθαι.
776 3065 951 3126 Ούτως
981 3069 1096 3117 οὔτε
1143 3069 1201 3118 τὸ
1231 3069 1417 3140 χάριέν
1461 3085 1556 3119 σου
1586 3066 1829 3141 ἄκεντρον
1869 3063 1930 3124 ἦν
1962 3065 2240 3138 (ἀνειμένον
2284 3068 2384 3141 γὰρ
2430 3065 2490 3117 ἂν
2523 3063 2603 3134 ἦν,
2653 3071 2742 3119 καὶ
2785 3071 2913 3140 πρὸς
2954 3069 3224 3120 νουθεσίαν
3275 3065 3637 3139 ἀμϐλύτερον),
3679 3067 3810 3116 οὔτε

2254 2887 2496 2960 μέμψεων
2553 2886 2816 2940 ἐπακούων
2903 2887 3245 2960 γλυκυθύμων
3301 2887 3451 2940 πλέον

442 3152 500 3202 τό
565 3152 970 3226 παροξυνόμενον
1026 3156 1196 3229 οἶχαρι
1250 3164 1322 3226 τῷ
1377 3175 1550 3208 παντι·
1604 3155 1876 3230 Ἐκάτερον
1943 3151 2002 3208 δε
2083 3151 2156 3206 δι’
2215 3153 2457 3230 ἑκατέρου
2532 3163 2862 3230 περιχωροῦν
2934 3158 3126 3230 ἄριστα
3205 3158 3516 3231 κεκραμένον
3595 3152 3808 3224 ἐγκατε-

441 3243 676 3311 μέμικτο.
719 3244 920 3295 Ούκοῦν
949 3249 1065 3297 τίνα
1093 3253 1191 3296 τῶν
1233 3252 1357 3312 σῶν,
1391 3245 1481 3297 εἶθ’
1520 3247 1620 3297 ὅσα
1648 3241 2004 3305 σπουδάζοντί
2035 3263 2119 3296 σοι
2156 3248 2465 3312 πεπόνηται,
2501 3247 2600 3298 εἶτε
2632 3243 2952 3317 σχολάζοντι
3007 3251 3294 3298 πέπαικται
3339 3247 3653 3318 χαριέντως,
3705 3241 3807 3295 ούκ

443 3327 540 3380 ἀνὰ
561 3333 726 3402 στόμα
753 3340 858 3393 τοῖς
884 3332 1171 3404 φιλολόγοις
1198 3338 1447 3408 φερόμενα
1476 3331 1814 3407 περιάδονται
1837 3351 1852 3402 ;
1885 3340 1981 3386 Ὧν
2003 3332 2096 3385 ούκ
2128 3332 2278 3406 ὀλίγα
2297 3335 2426 3386 κάπὶ
2447 3340 2560 3395 ταῖς
2591 3333 2806 3408 ἀγοραῖς
2832 3338 2922 3387 καί
2947 3331 3180 3408 τριόδοις
3211 3333 3438 3387 ἀκούσαι
3493 3353 3573 3396 τις
3616 3333 3686 3392 ὡς
3735 3333 3808 3383 τὰ

445 3417 781 3490 παροιμιώδη
807 3421 1228 3495 περιλαλούμενα.

517 3506 684 3562 Tanti
730 3512 786 3564 et
815 3512 937 3565 tam
985 3509 1133 3566 boni
1162 3510 1274 3566 viri
1316 3515 1572 3566 mortem
1593 3510 1790 3566 luctus
1818 3510 2094 3567 omnium
2125 3511 2165 3565 C

447 3591 664 3650 civium
698 3601 905 3653 secuta
953 3601 1060 3664 est,
1097 3598 1430 3670 praesertim
1459 3599 1589 3670 ejus
1639 3597 1803 3654 urbis
1839 3614 1996 3670 quas,
2028 3601 2093 3655 ut

445 3696 599 3738 uxor
617 3685 831 3741 marito
847 3685 1266 3758 privata,luctu
1282 3702 1572 3759 oppressa
1591 3687 1761 3743 humi
1774 3686 1959 3754 sedet,
1973 3685 2097 3743 imo

445 3787 625 3830 omne
654 3774 925 3832 solamen
954 3791 1240 3832 recusans
1267 3776 1327 3831 in
1349 3775 1614 3832 defuncti
1642 3775 1940 3832 tumulum
1959 3792 2098 3849 pro-

441 3861 603 3932 jecta
624 3863 776 3921 adeo
806 3865 1050 3921 maerori
1079 3864 1350 3938 indulget
1373 3870 1438 3924 ut
1463 3865 1748 3938 lacrymaa
1787 3865 1974 3938 ipsius
2002 3880 2098 3935 ge-

444 3966 556 4007 nas
601 3957 928 4024 permeent,
982 3959 1048 4011 ut
1107 3971 1245 4011 cum
1294 3955 1548 4011 Jeremia
1602 3955 1818 4027 loquar
1851 3956 1892 4011 ².
1960 3954 2097 4010 Jam

447 4041 607 4097 enim
648 4059 874 4100 corona
895 4044 974 4100 ab
1007 4045 1136 4116 ejus
1168 4046 1360 4117 capite
1391 4044 1642 4117 delapsa
1669 4048 1814 4113 erat,
1862 4047 1918 4100 et
1944 4059 2097 4100 uxor

445 4128 750 4188 iuhumari
786 4149 970 4205 quam
1004 4135 1260 4204 conjuge
1289 4133 1512 4206 privari
1543 4133 1846 4202 malebat;
1879 4134 2002 4190 imo
2044 4132 2097 4190 si

442 4217 704 4286 daretur,
740 4237 802 4277 se
836 4222 1034 4294 ipsam
1072 4223 1287 4278 marito
1339 4222 1675 4278 sacriﬁcare
1702 4226 1914 4295 parata
1946 4226 2090 4288 erat,

442 4310 508 4363 ut
527 4308 691 4379 apud
714 4310 1164 4383 Xenophontem
1192 4310 1456 4368 Penthea
1484 4327 1636 4368 uxor
1667 4312 1866 4369 mariti
1886 4327 2097 4370 aman-

2201 4313 2382 4377 αὐτῆς.
2430 4313 2619 4368 Ἔτεσε
2665 4317 2764 4388 γὰρ
2818 4317 2844 4368 6
2897 4321 3142 4389 στέφανος
3192 4325 3288 4377 τῆς
3326 4313 3549 4388 κέφαλῆς
3608 4311 3796 4379 αὐτῆς,

441 4393 694 4452 tissima.
2199 4405 2289 4455 xui
2349 4407 2444 4462 τὴν
2514 4403 2676 4463 αὐτὴν
2737 4400 2994 4458 ὑποδῦναι
3054 4413 3152 4477 γῆν
3210 4407 3310 4480 πρὸ
3367 4410 3457 4458 τοῦ
3521 4409 3796 4477 περιεῖναι,

442 4490 755 4557 μονουμένης
793 4485 1004 4554 ἑκείνου,
1028 4490 1244 4542 τίθεται.
1275 4488 1337 4542 Εἰ
1365 4485 1415 4542 δ’
1446 4488 1582 4556 ἐξῆν,
1615 4489 1708 4541 κᾶν
1740 4489 2016 4563 ἐπέσφαξεν
2048 4490 2234 4552 ἑαυτὴν
2259 4500 2330 4564 τῷ
2355 4489 2527 4568 ἀνδρὶ,
2557 4496 2626 4556 ὡς
2663 4495 2693 4553 ἠ
2727 4497 2869 4568 παρά
2906 4503 2978 4567 τῷ
3007 4496 3287 4568 Ξενοφῶντι
3315 4493 3451 4552 καλή
3486 4498 3576 4545 καὶ
3614 4490 3799 4567 φίλαν-

444 4569 566 4647 δρος
597 4576 842 4632 Πάνθεια.

515 4664 646 4718 Haec
680 4663 800 4720 fere
821 4666 1020 4720 autem
1037 4664 1250 4736 lugens
1265 4681 1634 4739 gemensque
1655 4665 1886 4723 dixerit:
1907 4689 1935 4717 «
1955 4668 2096 4732 Quis

2277 4669 2400 4744 ’Λγε
2427 4675 2530 4744 μὴν
2564 4670 2867 4748 ἐξάρχουσα
2916 4682 3008 4726 τοῦ
3059 4675 3246 4747 θρήνου
3297 4677 3430 4728 εἴποι
3461 4675 3522 4727 ἄν
3564 4711 3577 4726 .
3637 4693 3658 4723 ε
3703 4676 3795 4734 Τίς

443 4751 570 4808 sine
592 4753 816 4822 gemitu
847 4753 1170 4827 profundo,
1189 4755 1326 4827 quis
1348 4755 1475 4811 sine
1499 4756 1782 4829 lacrymis
1813 4758 2090 4815 nuntium

2203 4759 2404 4814 ἁκούων
2461 4760 2556 4814 ούκ
2599 4759 2658 4813 ἀν
2707 4760 3031 4826 έπιστενάξοι
3078 4762 3247 4839 βαρύ,
3309 4768 3397 4817 καί
3443 4763 3793 4836 πολύκρουνον

443 4840 692 4900 allatum
714 4842 1010 4900 audiverit
1025 4843 1149 4901 ?Me
1174 4843 1492 4901 miseram!
1519 4845 1674 4902 Obiit
1695 4849 1900 4918 pastor
1929 4861 2090 4916 egre-

2202 4845 2506 4902 ἓπισπένδοι
2560 4846 2820 4925 δάκρυον;
2875 4851 3105 4906 Τάλαινα
3169 4850 3266 4925 ἐγώ
3298 4869 3312 4882 ·

444 4931 576 5001 gius
601 4932 706 5006 qui
738 4934 924 4990 vitam
963 4949 1072 5006 pro
1115 4949 1214 4990 me
1237 4932 1430 5002 dedit;
1459 4933 1714 4992 decessit
1737 4935 1823 4991 vir
1852 4935 2091 5008 sapiens

443 5019 548 5091 qui
579 5020 939 5078 multimoda
964 5020 1176 5078 virtute
1196 5020 1454 5089 valebat,
1472 5022 1714 5078 antistes
1744 5039 1934 5094 meus,
1962 5040 2090 5082 ma-

445 5123 598 5178 gnus
646 5111 1007 5179 Eustathius,
1036 5125 1262 5168 nomen
1302 5110 1740 5182 venerandum,
1786 5113 2093 5170 celeberri-

443 5199 647 5253 mum!
684 5201 766 5254 Me
815 5200 1102 5256 miseram
1158 5216 1294 5272 quae
1352 5215 1650 5272 sponsum
1695 5201 1951 5274 perdidi,
1996 5202 2094 5260 cui

443 5285 756 5357 quondam
807 5287 1053 5345 feliciter
1095 5293 1287 5362 nupta
1328 5289 1432 5361 fui,
1487 5293 1543 5345 et
1589 5289 1694 5362 qui
1742 5289 1887 5346 mihi
1931 5307 2092 5348 nunc

445 5379 637 5430 morte
666 5379 904 5447 ereptus
935 5380 1023 5432 est
1048 5394 1061 5444 ;
1089 5376 1193 5450 qui
1223 5393 1437 5451 nuper,
1483 5382 1548 5434 ut
1585 5393 1726 5435 cum
1755 5379 1977 5436 Davide
2008 5380 2091 5437 lo-

445 5477 600 5536 quar
621 5464 664 5529 ³,
715 5463 1004 5522 vestiebat
1044 5481 1141 5523 me
1172 5469 1417 5525 coccino
1445 5466 1508 5524 in
1533 5466 1759 5525 deliciis
1788 5472 1845 5527 et
1866 5469 2094 5544 praebe--

2273 3509 2499 3573 Εἰκότως
2545 3507 2633 3563 οὖν
2673 3510 2754 3564 ἐπὶ
2804 3513 3037 3583 τοσούτῳ
3073 3515 3164 3565 καὶ
3209 3512 3372 3573 ούτως
3403 3509 3583 3582 ἀγαθῷ
3640 3503 3805 3579 ἀνδρὶ

2199 3604 2289 3652 καὶ

2203 3690 2440 3741 ἁπάντων
2485 3692 2761 3743 καθίκετοο
2816 3689 3048 3762 μάλιστα
3112 3687 3172 3743 δε
3227 3698 3322 3751 τῆς
3389 3685 3528 3742 ἴδιον
3600 3686 3802 3759 ἀγαθὸν

2386 3599 2678 3672 κοινωφελεί
2756 3601 3141 3659 τετελευτηκότι
3215 3603 3382 3653 κοινὸν
3461 3603 3551 3652 καὶ
3617 3597 3804 3657 πένθος

2200 3777 2470 3851 λαχούσης
2525 3779 2710 3833 ἐκεῖνον
2767 3779 2977 3847 πόλεως,
3048 3781 3077 3840 ἦ
3146 3784 3236 3832 καὶ
3304 3787 3414 3849 νῦν,
3473 3780 3646 3852 ὥσπερ
3715 3795 3802 3839 τις

2200 3873 2406 3939 γενναία
2482 3874 2611 3942 γυνὴ
2671 3872 2981 3942 παρθενικόν
3059 3869 3223 3931 αὐτῆς
3283 3865 3454 3941 ἄνδρα
3507 3868 3797 3937 πενθοῦσα,

2201 3958 2428 4016 κάθηται
2485 3963 2684 4031 χαμαὶ,
2737 3957 2926 4032 μᾶλλον
2981 3955 3041 4012 δὲ
3084 3963 3203 4035 περὶ
3259 3961 3347 4010 τὸν
3400 3953 3802 4031 πολυδάκρυτον

2199 4049 2358 4119 τάφον
2406 4045 2748 4121 κυλινδομένη
2803 4048 3209 4123 κατολοφύρεται
3271 4046 3644 4122 ἀραράκλητα·
3704 4049 3802 4096 καὶ

2199 4138 2266 4188 τὰ
2340 4132 2548 4209 δάκρυα
2642 4137 2820 4205 αὐτῆς,
2918 4141 3054 4192 εἰποι
3145 4137 3205 4190 ἂν
3287 4136 3533 4210 Ἱερεμίας
3611 4152 3803 4186 κατοι-

2200 4230 2410 4299 κτείρων
2467 4225 2626 4285 αύτῆν
2695 4229 2758 4288 ὡς
2811 4231 2904 4287 τὴν
2968 4227 3130 4281 πάλαι
3182 4231 3329 4294 Σιὼν,
3389 4225 3474 4278 ἐπὶ
3541 4227 3800 4295 σιαγόνων

3371 4855 3580 4925 οἴχεταί
3626 4870 3716 4925 μοι
3766 4851 3792 4904 6

2200 4937 2356 5001 καλός
2415 4943 2640 5012 ποιμὴν,
2709 4941 2735 4992 6
2802 4945 2896 5001 τὴν
2966 4941 3152 5014 ψυχὴν
3224 4943 3349 5016 ὑπὲρ
3418 4940 3542 5015 ἐμοῦ
3606 4942 3793 5004 τιθείς.

2199 5031 2424 5099 Οῖχιταί
2450 5047 2541 5101 μοι
2571 5030 2596 5081 6
2648 5033 2826 5103 σοφὸς,
2857 5031 2884 5084 6
2941 5031 3102 5093 πολύς
3150 5036 3398 5085 παντοίαν
3430 5029 3636 5106 ἀρετὴν,
3677 5029 3797 5103 ἐμὸς

2198 5114 2514 5193 ἀρχιερεύς,
2581 5119 2608 5170 6
2674 5122 2838 5192 μέγας
2891 5120 3199 5190 Εύστάθιος,
3255 5121 3441 5194 οἴμοιέ
3493 5123 3552 5174 τό
3613 5123 3797 5192 σεμνὸν

2196 5210 2284 5258 καὶ
2328 5206 2683 5280 πολυύμνητον
2746 5212 2926 5282 ὄνομα.
2983 5208 3146 5284 Ὠμοι
3184 5218 3246 5283 τῇ
3299 5207 3586 5282 δυστήνῳῑ
3639 5216 3800 5284 φροῦ-

2201 5289 2288 5356 δος
2318 5296 2343 5347 6
2390 5295 2541 5356 καλός
2583 5301 2797 5370 νυμφίος
2855 5297 3000 5372 ἐμοῦ,
3139 5297 3304 5352 πάλαι
3343 5303 3432 5373 μεν
3474 5301 3576 5352 ύπό
3619 5319 3799 5372 νυμφα

2197 5391 2354 5456 γωγῷ
2402 5394 2474 5457 τῷ
2539 5388 2794 5459 πνεύματι
2837 5387 3076 5460 εὐτυχῶς
3123 5391 3416 5463 ἦρμοσμαι,
3450 5395 3539 5441 νῦν
3589 5383 3648 5441 δὲ
3696 5390 3798 5441 θα-

2197 5475 2334 5548 νάτῳ
2409 5470 2717 5549 διέζευγμαι
2780 5473 3195 5552 δυστυχέστατα
3247 5497 3265 5515 ο
3322 5479 3375 5543 ὃς
3429 5481 3651 5552 ἔναγχος
3706 5479 3801 5550 μὲν

517 5643 539 5678 ²
567 5643 885 5713 Jerem.1x,
923 5647 1008 5703 l8.
1125 5646 1148 5682 ⁸
1177 5644 1334 5706 Psal.
1365 5662 1520 5718 κείν,
1551 5650 1638 5706 t0.
