4028 6308
170 301 289 357 3'53

1240 293 1562 359 MONODIA
1598 298 1673 359 IN
1716 294 2155 361 EUSTATHIUH
2199 298 2529 363 THESSAL.

3458 307 3567 367 354

172 423 487 497 (χρησοίτω
549 423 657 500 γάρ
712 442 805 499 μοι
833 425 926 478 καὶ
973 420 1143 478 Δαυῖδ
1182 422 1239 479 ἐκ
1293 432 1394 479 τῶν
1446 424 1632 481 ἑαυτοῦ
1680 427 1808 501 θρὴ.

1916 427 2024 486 bat
2042 431 2400 487 ornamenta
2425 442 2611 486 aurea
2629 426 2810 485 cultui
2824 441 2985 495 meo,
3003 426 3068 486 id
3086 428 3179 487 est
3195 428 3568 488 orationibus

168 513 314 584 νων)
376 510 690 569 ἑνεδίδυσκί
733 534 799 590 με
847 518 1084 569 κόκκινον
1141 520 1233 569 καὶ
1291 523 1531 592 χρυσοῦν
1585 520 1806 591 κόσμον,

167 604 302 663 τοὺς
330 602 746 679 πολυτιμήτους
802 607 1026 667 ἐκείνους
1094 608 1185 658 καὶ
1258 604 1528 682 λαμπρούς
1599 605 1806 679 λόγους

170 696 271 741 νῦν
364 688 429 746 δε
498 701 798 756 σιωπῶντος
868 692 1329 768 ἀποκεκόσμημαι,
1418 700 1508 749 καὶ
1600 698 1811 770 ὄρφνινα

167 778 606 854 περιϐέϐλημαι,
675 786 766 836 καὶ
829 783 917 836 οἷα
997 782 1384 857 καταμελαίνειν
1467 781 1605 839 οἶδεν
1677 786 1806 859 ύπὶρ

169 874 378 922 πᾶσαν
405 868 639 930 ἂσϐόλην
666 873 699 931 ἡ
727 868 1024 945 λιγνυώδης
1059 877 1151 927 καὶ
1173 876 1418 949 καπνηρὰ
1452 882 1549 937 τῆς
1586 878 1808 950 χηρείας

166 958 436 1030 κάμινος.
521 964 610 1019 Μή
695 960 1123 1034 εύαγγελισάσθω
1184 980 1268 1025 τις
1341 969 1405 1035 τῇ
1472 961 1801 1037 πρεσϐυτάτῃ

166 1044 369 1119 Ῥώμη
437 1051 530 1102 τὸν
585 1048 881 1103 Εύσταθίου
943 1054 1123 1125 μόρον,
1180 1046 1314 1124 μηδ’
1369 1049 1660 1124 ἆγγειλάτω
1694 1058 1807 1114 ταῖς

168 1135 269 1188 ὑπ’
329 1136 505 1199 αὐτὴν
556 1138 840 1203 Ἰταλικαῖς
898 1138 1103 1210 πόλεσι,
1148 1144 1349 1214 μήποτε
1403 1139 1703 1213 ἕφησθὼσιν
1756 1143 1806 1196 οἱ

171 1223 451 1292 ἀλαζόνες
514 1233 607 1283 καὶ
678 1230 1020 1305 ὑπερήφανοι,
1063 1234 1154 1284 καὶ
1191 1232 1287 1294 τὰς
1331 1228 1415 1284 ἐπὶ
1463 1227 1807 1305 δογματικοῖς

171 1314 545 1391 προϐλήμασι
630 1314 965 1382 διαλεκτικὰς
1060 1318 1352 1396 προσϐολὰς
1441 1321 1803 1398 θαρσήσωσιν,

174 1403 238 1466 ἃς
281 1411 506 1478 τῳτίως
554 1406 1029 1484 ἀντιπεριίσταντο,
1059 1412 1119 1462 τὸ
1173 1416 1267 1472 τῆς
1324 1407 1518 1463 ἐκείνου
1573 1410 1805 1483 γλώττης

174 1495 419 1568 ἄμαχον
484 1497 822 1573 ὑφορώμενοι.
906 1501 1178 1552 Πίπτωκεν
1245 1496 1398 1575 ἀνὴρ,
1472 1499 1534 1553 οὗ
1601 1506 1704 1563 πᾶς
1778 1501 1805 1556 ό

173 1586 397 1658 κόσμος
436 1584 534 1638 ούκ
570 1582 635 1646 ἦν
689 1585 856 1651 ἄξιος·
895 1589 1150 1660 πέπτωκε,
1193 1586 1312 1660 qm}!
1345 1589 1372 1640 ό
1413 1588 1687 1662 ύπανέχων
1717 1608 1800 1664 με,

176 1673 206 1724 ό
238 1676 423 1748 φέρων
472 1674 631 1748 ὑψοῦ.
674 1680 773 1729 Καὶ
822 1683 928 1737 πῶς
982 1676 1078 1729 οὐκ
1126 1672 1235 1736 ἤδη
1284 1684 1547 1751 πεσοῦμαι
1598 1675 1805 1734 δειλαία

1916 516 2438 591 splendidissimis.
2467 520 2635 575 Nunc
2663 520 2868 575 autem
2896 517 3002 576 ubi
3030 517 3177 586 silet,
3212 523 3567 578 ornamento

1916 610 2116 676 exuta,
2179 606 2365 680 nigris
2428 606 2643 665 induta
2676 605 2946 665 vestibus
2993 606 3210 664 incedo
3230 611 3288 665 et
3314 608 3569 683 caligine

1915 693 2218 753 viduitatis
2242 695 2410 753 omni
2447 695 2760 767 nigredine
2788 695 3012 769 atriori.
3040 694 3209 753 Absit
3231 696 3448 769 utquis
3470 712 3569 754 ve-

1912 785 2021 841 teri
2072 788 2272 843 Romae
2328 791 2433 843 aut
2489 786 2717 843 cateris
2774 786 2954 844 Italia
2999 786 3252 844 urbibus
3281 786 3569 844 Eustathii

1912 880 2170 932 mortem
2196 880 2265 933 ut
2300 875 2510 933 latum
2540 875 2750 934 afferat
2772 877 3076 948 nuntium,
3115 891 3192 933 ne
3231 876 3475 949 superbi
3512 880 3571 934 et

1911 962 2101 1021 invidi
2128 963 2205 1021 de
2230 963 2579 1022 calamitate
2620 968 2829 1023 nostra
2856 964 3161 1036 gaudeant
3189 969 3247 1022 et
3286 980 3446 1022 novo
3476 980 3570 1021 ar-

1911 1050 2058 1110 dore
2084 1051 2227 1110 ﬁdei
2272 1052 2576 1126 quosdam
2611 1053 3041 1124 aggrediantur
3070 1052 3371 1121 articulos,
3401 1052 3568 1126 quod

1910 1141 2227 1215 hucusque
2254 1141 2452 1200 facere
2476 1141 2608 1200 ausi
2633 1157 2760 1199 non
2790 1145 2950 1214 sunt,
2967 1141 3259 1200 Eustathii
3287 1141 3571 1217 eloquen-

1913 1229 2057 1288 tiam
2080 1229 2381 1289 victricem
2407 1230 2703 1288 timentes.
2754 1230 2848 1288 Sic
2894 1229 2988 1288 vir
3015 1246 3049 1287 e
3099 1229 3249 1287 vivis
3297 1230 3565 1302 secessit,

1912 1337 2037 1393 quo
2058 1325 2218 1380 totus
2254 1337 2381 1381 non
2403 1323 2622 1395 dignus
2646 1326 2776 1380 erat
2794 1321 3081 1380 mundus.
3114 1321 3277 1379 Eheu
3300 1322 3313 1379 ι
3352 1319 3589 1379 occidit’

1911 1411 2259 1486 prasidium
2288 1428 2515 1471 meum.
2545 1415 2612 1469 Et
2637 1411 2949 1486 quomodo
2977 1415 3217 1482 egomet
3238 1409 3421 1469 rebus
3466 1411 3569 1468 de-

1912 1501 2165 1575 speratis
2195 1501 2330 1576 ipsa
2362 1517 2487 1561 non
2517 1500 2739 1559 cadam
2756 1501 2785 1557 ?
2816 1501 2933 1558 Diri
2959 1500 3212 1574 posthac
3232 1500 3449 1557 ﬂuctus
3468 1515 3567 1557 me

1910 1591 2371 1665 propugnaculo
2414 1591 2713 1665 privatam
2743 1589 3198 1664 vexabunt,qui
3228 1593 3404 1647 antea
3442 1604 3570 1647 sco.

1909 1679 2068 1753 pulis
2086 1680 2239 1737 allisi
2257 1681 2318 1737 in
2335 1696 2586 1755 spumas
2609 1679 2912 1737 abierant!
2939 1677 3111 1746 Quod
3128 1681 3368 1752 pratum
3385 1693 3570 1735 ama-

174 1766 277 1814 καὶ
345 1762 510 1832 αὐτή,
573 1764 1003 1828 ὑποσπασθέντος
1066 1772 1159 1820 τοῦ
1233 1763 1640 1843 ύπερείδοντος;
1714 1772 1803 1831 Τίς

1916 1783 2056 1826 num
2110 1785 2275 1827 mors
2326 1769 2598 1842 vastavit,
2631 1768 2799 1842 quod
2822 1766 3050 1825 bellum
3078 1766 3365 1836 Siculum,
3401 1764 3571 1840 quod

178 1850 283 1903 οὐκ
349 1850 621 1906 ἐπικλύσει
680 1870 745 1927 με
806 1853 1053 1927 φλοῖσϐος
1124 1853 1396 1929 ὑϐριστής,
1479 1860 1567 1910 τὸν
1640 1862 1802 1932 μέγαν

180 1937 624 2014 ἇποϐεϐλημίνην
700 1942 991 2017 προϐλῆτα,
1073 1948 1192 2018 περὶ
1266 1944 1320 1997 ὃν
1393 1944 1535 2007 ἅπας
1598 1944 1803 2001 κλύδων

184 2033 594 2105 προσαρασσων
660 2031 734 2096 είς
798 2031 959 2107 ἀφρόν
1024 2029 1253 2088 διελύετο
1277 2028 1302 2103 ;’
1332 2034 1404 2088 ’Ὠ
1439 2036 1544 2090 οἷον
1581 2036 1805 2111 λειμῶνα

181 2124 438 2194 χαρίτων
506 2123 725 2184 θάνατος
794 2120 1207 2198 ίπιστρατεύσας
1274 2121 1508 2198 ἐδῄωσεν
1581 2126 1643 2179 οὗ
1713 2131 1803 2181 καὶ

186 2207 460 2272 Σικελικός
514 2209 756 2283 πόλεμος,
806 2214 996 2288 καίπερ
1072 2208 1387 2286 διαφθείρων
1466 2215 1637 2269 πάντα
1693 2217 1805 2271 θεῖά

185 2315 243 2349 τε
311 2303 408 2352 καὶ
476 2297 776 2374 ἆνθρὼπίνα
858 2301 1169 2376 πράγματα,
1228 2304 1292 2363 ὡς
1374 2300 1650 2374 ἆψαύστου
1713 2310 1804 2360 καὶ

193 2388 342 2462 ἱεροῦ
381 2407 522 2452 τινος
578 2388 770 2451 ἀλσους
817 2387 1094 2462 ἐφείσατοῐ
1147 2390 1216 2445 Ὠ
1255 2393 1360 2445 οἷον
1405 2396 1569 2468 μύρον
1623 2400 1805 2468 σοφίας

188 2475 265 2538 εἰς
332 2473 512 2551 ἄρδην
571 2477 928 2554 κατέρρευσεν,
986 2479 1142 2556 οὗπερ
1207 2489 1281 2553 τῷ
1348 2491 1652 2560 μαρτυρικῷ
1701 2503 1802 2560 μου

190 2566 365 2639 τούτῳ
432 2570 903 2642 προσεπιπνίοντος
946 2564 1171 2628 ἣδιστον
1227 2570 1300 2633 εἰς
1353 2566 1524 2645 ὀδμὴν
1587 2578 1688 2637 πᾶς
1723 2593 1804 2638 τις

190 2653 477 2726 φιλόκαλος
533 2655 703 2711 iam!
744 2657 880 2729 Ἐγώ
932 2653 993 2710 δε
1042 2661 1177 2711 κατὰ
1205 2661 1300 2719 τήν
1337 2658 1387 2712 ἕν
1424 2661 1634 2734 ἄσμασι
1669 2665 1805 2736 νύμ-

193 2762 297 2815 φην
339 2742 391 2797 ἰν
444 2746 629 2818 μύροις
675 2743 1047 2820 ίστηριζόμην,
1085 2751 1174 2799 καὶ
1210 2750 1397 2824 μύροις
1448 2746 1673 2823 διπλοῖς,
1732 2759 1806 2823 τῷ

190 2850 246 2886 τε
305 2831 397 2906 ὄψ’
466 2835 703 2907 αἱμάτων
752 2840 1101 2910 μαρτυρικῶν
1164 2841 1251 2890 καὶ
1314 2845 1387 2909 τῷ
1458 2837 1513 2902 ἕξ
1574 2836 1806 2913 ἱδρώτων

194 2918 596 2995 ἀρχιερατικῶν
662 2919 1013 2996 ἆπατμίζοντι
1044 2944 1059 2958 ·
1133 2929 1225 2977 καὶ
1298 2933 1390 2988 τῆς
1455 2925 1543 2979 ἀπ’
1618 2925 1806 3001 ἀμφοῖν

198 3005 432 3072 εὐωδίας
480 3017 738 3086 Χριστοῦ,
768 3014 908 3065 κατὰ
956 3012 1182 3083 Παῦλον,
1230 3015 1359 3087 χθὲς
1412 3017 1481 3077 εἱς
1507 3019 1599 3089 μὲν
1642 3016 1806 3090 ὀσμὴν

197 3097 796 3194 Ψηόμηνςωῆς,
834 3108 925 3154 νῦν
989 3098 1050 3155 δέ
1094 3102 1308 3177 ῥιγίστη
1383 3106 1605 3159 θανάτου
1664 3102 1803 3181 ὀδμῇ
1845 3136 1887 3194 C

199 3188 274 3253 εἰς
324 3192 551 3245 θάνατον
597 3189 974 3266 ἀποπνίγομαι.
1027 3194 1151 3246 Οἷον
1200 3198 1371 3267 στόμα
1396 3198 1593 3272 χάρισι
1622 3195 1805 3271 βρύον,

197 3283 321 3332 xui.“
352 3278 657 3356 παρῥησίας
710 3280 925 3354 εύλόγου
982 3281 1210 3354 πέλεκυς,
1270 3284 1477 3339 ὕστατα
1527 3290 1749 3360 μέμυκεν
1790 3288 1804 3342 l

202 3368 309 3421 Οἴα
370 3371 540 3443 χάρις
592 3369 809 3443 χειλέων
871 3375 1155 3444 μυρίπνους
1200 3375 1426 3445 κέχυται
1470 3377 1607 3429 κατὰ
1658 3375 1804 3449 γῆςί

201 3457 311 3527 Οἴα
356 3457 573 3532 γλῶττα
627 3464 935 3534 πυρίπνουςγ
971 3459 1308 3519 ἀπέσϐηκενί
1374 3463 1553 3523 Ἠλίκη
1618 3460 1804 3526 διέπτη

204 3548 393 3619 φωνήὲ
461 3546 534 3600 Ὢ
594 3556 793 3623 σχῆμα
852 3553 945 3602 καὶ
1003 3554 1304 3625 πρόσωπον,
1368 3552 1807 3626 αύτοσεμνότητος

204 3635 443 3710 ἄγαλμα,
511 3636 781 3701 εὐλαϐείας
872 3637 1192 3713 ἀκρόπολιςῖ
1268 3639 1337 3693 Ὦ.
1408 3646 1636 3716 ὄμματα,
1712 3651 1806 3706 τῆς

208 3723 354 3780 ἔνδον
413 3727 684 3801 σταθηρᾶς
718 3726 947 3799 γαλήνης
998 3728 1229 3801 ἄγγελοι,
1271 3730 1310 3782 ὢ
1352 3727 1534 3794 αἰδοῦς
1597 3732 1805 3805 λύχνοι,

208 3812 248 3864 ὦ
300 3815 638 3889 σοφροσύνης
696 3813 939 3888 θάλαμοι,
997 3823 1100 3870 ποῦ
1171 3834 1295 3870 ποτε
1367 3820 1622 3891 οἷχεσθε;
1664 3819 1808 3893 Δεῦρ’

204 3899 302 3973 ἴθι,
337 3896 622 3976 φιλοσοφία
647 3908 832 3976 σεμνή.
874 3902 1015 3978 Δεῦρ’
1054 3906 1152 3974 ἴθι,
1205 3902 1458 3978 χλιδῶσα
1505 3905 1580 3961 δι’
1622 3908 1811 3961 ἐκεῖνον

208 3989 489 4068 ῥητορική.
566 3994 902 4068 Παρομάρτει
966 3998 1055 4046 καὶ
1125 3997 1211 4063 σὺ,
1277 4002 1615 4070 γραμματική
1682 4000 1813 4070 μετὰ

210 4087 404 4155 χοροῦ,
466 4081 590 4144 ὅσος
626 4079 917 4154 ίγκύκλιος.
979 4082 1130 4136 Καλῶ
1190 4086 1291 4157 γὰρ
1344 4087 1479 4158 ὑμᾶς
1509 4089 1573 4148 ὡς
1627 4088 1810 4160 σοφὰς,

211 4172 345 4223 κατὰ
392 4172 484 4223 τόν
534 4176 824 4247 προφήτην,
858 4175 948 4224 καὶ
979 4172 1266 4249 θρηνούσας
1315 4175 1343 4234 ἣ
1398 4177 1808 4250 συνθρηνούσας,

210 4259 273 4319 ὡς
328 4263 780 4335 συγχηρευούσας
842 4259 958 4333 ἐμοὶ
1008 4267 1230 4335 νυμφίου
1305 4273 1478 4319 κοινοῦ
1512 4286 1526 4300 ο
1603 4268 1683 4320 ὅτι
1737 4270 1809 4340 μή

214 4342 361 4402 δυοῖν
413 4344 660 4423 ἀδελφαῖν
717 4348 1035 4424 ἐπιστήμαιν
1086 4354 1222 4404 κατά
1276 4356 1364 4406 τόν
1417 4356 1547 4409 θεῖον
1604 4354 1812 4426 Ἰακὼϐ,

213 4434 317 4490 ἀλλ’
382 4436 602 4491 ἁπασῶν
661 4438 980 4503 ἁπαξαπλῶς
1039 4438 1101 4500 ἦν
1168 4439 1296 4518 ἀνὴρ
1345 4444 1371 4496 ό
1446 4442 1620 4519 ἁνήρ·
1697 4442 1812 4497 οὐδ’

216 4526 401 4588 ἔθνους·
440 4525 550 4590 ἑνός
609 4525 908 4603 φυλάρχους
965 4525 1196 4600 δώδεκα,
1236 4539 1336 4584 τῶν
1398 4527 1449 4585 δ’
1510 4535 1814 4607 ἔκασταχοῡ

214 4622 303 4678 τῆς
378 4615 674 4689 Ῥωμαῖκῆς
740 4616 915 4692 ἀρχῆς
991 4616 1189 4691 σχεδόν
1244 4619 1459 4674 ἁπασῶν
1529 4620 1814 4681 ἐκκλησιῶν

218 4703 476 4779 ἡγεμόνας
527 4701 605 4759 δι’
663 4706 822 4760 αὐτὸν
878 4705 1220 4765 frenato-mo.
1290 4709 1451 4764 Ὥστε
1513 4717 1604 4766 καὶ
1640 4713 1817 4776 πάσας

218 4788 500 4858 ἔκκλησίας
545 4796 617 4858 ὡς
644 4794 913 4869 μόρφανίας
970 4803 1225 4872 προγόνου
1276 4806 1452 4852 κοινοῦ
1494 4804 1631 4854 κατὰ
1666 4800 1816 4875 λόγον

223 4882 527 4957 συγκαλέσαι
580 4891 676 4937 τοῦ
725 4886 915 4958 θρήνου
976 4890 1435 4962 συναπάρχεσθαι,
1474 4894 1565 4943 καὶ
1602 4895 1701 4967 πρό
1761 4908 1818 4964 γε

220 4979 401 5026 πασῶν
458 4974 558 5032 τήν
611 4971 981 5048 πρεσϐυτάτην
1030 4975 1246 5030 ἁπασῶν
1302 4983 1524 5054 μητέρα,
1554 4983 1649 5039 τήν
1703 4984 1818 5033 νέαν

220 5065 363 5133 Σιὼν,
401 5062 473 5125 ὣς
535 5066 629 5115 τοῦ
683 5062 988 5135 καλλίστου,
1019 5066 1073 5118 ὅν
1134 5066 1336 5138 ἠγάπα,
1371 5073 1620 5132 πεσόντος
1685 5071 1820 5123 κατὰ

220 5153 309 5209 τήν
366 5155 701 5226 προφητικην
757 5151 993 5213 ἀπειλήν,
1071 5155 1223 5208 Οὕτω
1277 5158 1380 5230 γὰρ
1443 5162 1819 5234 τραγικώτερον

220 5243 613 5315 περιστήσομαι
673 5241 862 5296 κύκλον
919 5243 991 5307 εἰς
1037 5243 1312 5309 ξυναυλίαν
1380 5249 1591 5308 πένθους
1645 5253 1819 5301 κοινοῦ

221 5334 304 5385 καὶ
378 5335 630 5405 συμφορᾷ
705 5338 850 5406 κοινῇ
919 5337 1219 5409 πρέποντος.
1283 5333 1355 5389 ’Ἦ
1428 5354 1529 5390 που
1592 5340 1683 5390 καὶ
1756 5338 1821 5398 ὡς

221 5418 485 5494 Αἴγυπτος
521 5417 608 5475 ἐπὶ
644 5417 776 5477 πολὺ
819 5425 907 5477 τὸν
955 5420 1145 5480 Ἰακὼϐ
1187 5432 1297 5489 τοῖς
1324 5429 1443 5500 περὶ
1479 5428 1567 5480 τόν
1627 5427 1819 5498 Ἰωσὴφ

284 5598 311 5679 ξ
348 5599 570 5661 Jerem.
599 5615 677 5675 rx,
712 5604 801 5664 l7.

1911 1857 2116 1916 omnia
2141 1858 2344 1916 divina
2385 1862 2441 1915 et
2467 1858 2742 1914 humana
2773 1856 3029 1914 adiﬁcia
3071 1855 3388 1927 destruxit,
3442 1860 3569 1912 tan-

1910 1961 2100 2021 quam
2135 1946 2340 2005 lucum
2371 1946 2485 2004 diis
2532 1961 2773 2003 sacrum
2809 1946 3102 2003 intactum
3141 1943 3399 2017 reliquit.
3433 1945 3569 2000 Jam

1909 2037 2239 2110 pretiosum
2261 2034 2568 2109 sepientia
2583 2034 2931 2093 balsamum
2947 2034 3264 2108 profusum
3279 2037 3387 2104 est,
3402 2031 3568 2106 quod

1911 2126 2114 2184 odoris
2145 2125 2442 2183 suavitate
2472 2139 2685 2182 omnes
2710 2123 2816 2198 qui
2842 2139 2938 2181 res
2961 2124 3319 2197 prastantes
3360 2122 3571 2177 amant

1912 2214 2137 2287 auexit;
2191 2218 2250 2272 et
2300 2230 2373 2272 ex
2401 2218 2658 2286 utroque
2716 2226 2828 2283 ego
2856 2212 2985 2270 heri
3036 2210 3371 2268 secundum
3399 2207 3571 2265 Pauli

1909 2303 2095 2361 verba
2123 2303 2338 2362 Christi
2362 2302 2605 2360 dulcem
2639 2301 2889 2359 odorem
2920 2299 3060 2358 vita
3101 2297 3374 2370 gustavi;
3405 2311 3570 2353 nunc

1913 2397 2111 2451 autem
2159 2392 2369 2449 mortis
2426 2389 2701 2448 horribili
2743 2388 2929 2446 odore
2983 2385 3266 2444 suﬁ‘ocor.
3308 2385 3460 2442 Cum
3498 2399 3570 2442 eo

1911 2481 2035 2540 vita
2057 2482 2342 2539 defuncto
2364 2495 2434 2537 os
2457 2480 2810 2552 gratiosum,
2838 2478 3306 2535 instrumentum
3330 2489 3571 2548 magna

1910 2570 2220 2641 libertatis,
2248 2569 2422 2643 periit
2445 2569 2458 2625 ι
2513 2567 2699 2626 Labia
2729 2565 3072 2625 balsamica
3098 2564 3570 2633 obmutuerunt;

1911 2660 2122 2731 lingua
2148 2660 2459 2732 ignivoma
2503 2658 2790 2715 exstincta
2829 2660 2940 2714 est.
2973 2656 3016 2713 Ο
3041 2654 3277 2711 vultum
3297 2652 3571 2724 archety-

1914 2762 2063 2821 pum
2093 2762 2329 2804 summe
2361 2745 2800 2817 venerandum,
2830 2757 3155 2815 arcemque
3194 2739 3568 2815 prudentia!

1916 2839 1961 2895 0
1986 2836 2192 2896 oculos
2215 2840 2538 2910 perpetuos
2565 2850 2723 2892 vera
2751 2831 2967 2890 latitia
2992 2830 3245 2902 indices,
3267 2830 3372 2903 qui
3400 2844 3570 2885 vere-

1916 2925 2222 2993 cundiam,
2245 2923 2349 2997 qui
2370 2923 2704 2980 castitatem
2721 2918 3251 2989 demonstrabatis,
3273 2917 3421 2990 quid
3443 2931 3575 2973 eva-

1917 3013 2073 3071 sistis
2092 3014 2121 3071 Τ
2151 3013 2392 3079 Adesto,
2425 3010 2825 3083 Philosophia,
2864 3009 3093 3073 adesto,
3125 3006 3455 3071 Rhetorica,
3490 3003 3570 3062 ab

1915 3102 2220 3161 Eustathio
2236 3105 2547 3175 tantopere
2568 3098 2871 3174 promota!
2895 3095 3201 3154 Adesdum
3221 3099 3286 3152 tu
3303 3108 3569 3168 quoque,

1918 3191 2339 3262 Grammatica,
2369 3206 2508 3248 cum
2542 3187 2896 3246 satellitibus
2939 3186 3076 3243 tuis.
3110 3183 3573 3241 Lamentatrices

1914 3299 2025 3340 vos
2051 3287 2251 3340 statuo
2273 3280 2596 3353 sapientes,
2617 3276 2952 3335 secundum
2980 3274 3170 3332 verba
3194 3272 3507 3347 propheta
3526 3273 3571 3341 ‘,

1916 3376 2000 3443 ut,
2039 3369 2240 3428 vidua
2279 3384 2420 3426 cum
2473 3367 2598 3425 sitis
2628 3371 2687 3424 et
2722 3366 2891 3439 ipsa,
2921 3378 3218 3436 magnum
3275 3373 3573 3435 sponsum

1916 3475 2157 3518 mecum
2180 3457 2501 3532 plangatis.
2535 3459 2664 3514 Non
2693 3454 2854 3511 enim
2880 3456 3119 3510 tantum
3155 3450 3236 3509 ad
3260 3450 3448 3508 instar
3483 3451 3575 3506 Ja-

1919 3549 2054 3608 cobi
2082 3547 2460 3622 patriarcha,
2494 3545 2774 3602 scientias
2812 3542 3086 3613 geminas
3132 3555 3351 3597 uxores
3398 3538 3576 3595 duce-

1917 3640 2043 3707 bat,
2066 3637 2172 3694 sed
2201 3637 2476 3693 omnium
2500 3651 2622 3691 una
2645 3632 2898 3691 maritus
2930 3635 3087 3699 erat;
3118 3644 3231 3686 nec
3263 3628 3444 3685 unius
3465 3642 3573 3700 po-

1919 3727 2046 3801 puli
2074 3726 2257 3783 duces
2276 3739 2532 3782 numero
2551 3723 2783 3789 decem,
2815 3721 2921 3777 sed
2943 3719 3218 3776 omnium
3243 3715 3575 3789 provincia-

1918 3833 2053 3875 rum
2086 3818 2497 3872 Romanarum
2525 3811 2710 3869 duces
2740 3809 3092 3883 procreavit.
3126 3808 3290 3862 Hanc
3320 3804 3400 3861 ob
3439 3819 3576 3860 cau-

1920 3921 2052 3962 sam
2066 3919 2274 3962 omnes
2286 3902 2553 3959 civitates
2574 3915 2687 3957 avo
2700 3896 3008 3955 communi
3019 3895 3265 3951 orbatas
3282 3893 3344 3948 in
3363 3891 3576 3965 spiritu

1919 4009 2187 4052 convoco
2229 3996 2296 4049 ut
2342 3990 2654 4064 planctum
2704 4000 2945 4043 mecum
2991 3984 3230 4052 ineant;
3290 3979 3396 4037 sed
3434 3984 3572 4037 ante

1920 4098 2130 4141 omnes
2149 4080 2423 4137 omnium
2447 4078 2686 4143 avitam,
2700 4088 2925 4131 novam
2947 4072 3207 4137 Sionem,
3231 4068 3405 4141 cujus
3424 4083 3576 4142 pra-

1922 4169 2326 4229 stautissimus
2386 4165 2549 4222 ﬁlius
2603 4162 2965 4236 (secundum
3009 4158 3323 4234 propheta
3368 4156 3571 4228 verba)

1920 4274 2104 4334 quem
2132 4257 2308 4314 unice
2359 4253 2666 4325 diligebat,
2691 4250 2965 4308 decessit.
3011 4252 3099 4305 Ita
3146 4246 3310 4305 enim
3356 4243 3576 4317 majori

1920 4347 2253 4420 lugentium
2280 4348 2520 4402 caterva
2551 4342 2803 4415 stipatus
2829 4355 2954 4412 ero,
2974 4338 3125 4395 utin
3151 4335 3460 4395 communi
3482 4350 3576 4392 ca-

1921 4438 2186 4496 lamitate
2216 4433 2515 4493 convenit.
2545 4428 3070 4497 Quemadmodum
3110 4427 3273 4483 enim
3311 4422 3579 4498 JEgyptii

1924 4543 2063 4585 cum
2090 4524 2348 4598 Josepho
2391 4522 2645 4594 ejusque
2676 4516 2908 4577 familia
2937 4515 3230 4575 Iacobum
3259 4514 3366 4571 diu
3410 4513 3578 4583 luge-

1922 4618 2089 4690 bant,
2115 4615 2199 4673 ita
2221 4612 2393 4671 multi
2421 4610 2602 4668 exteri
2631 4624 2771 4669 cum
2810 4607 3069 4665 Romais
3100 4604 3289 4662 salem
3338 4606 3578 4676 aposto-

1922 4709 2103 4766 licum
2133 4710 2327 4773 terra,
2351 4701 2539 4759 solem
2579 4696 2844 4757 universi
2874 4694 3286 4767 evangelicum
3314 4693 3578 4766 quihinc

1923 4797 2064 4855 inde
2087 4792 2324 4852 virtutis
2348 4806 2419 4849 ac
2451 4787 2759 4862 sapientia
2780 4784 3165 4859 splendorem
3187 4780 3459 4847 effundit,
3480 4779 3581 4837 de-

1927 4884 2147 4943 siderio
2178 4897 2288 4939 suo
2339 4880 2807 4954 prosequuntur.
2859 4873 2961 4930 Hic
3004 4872 3164 4929 enim
3205 4868 3297 4925 sol
3339 4882 3462 4925 non
3500 4866 3581 4925 ad

1926 4991 2024 5034 me
2045 4973 2262 5039 solum,
2283 4970 2390 5028 sed
2411 4982 2518 5042 per
2537 4965 2883 5022 universam
2894 4961 3119 5018 almam
3135 4962 3355 5015 terram
3376 4955 3581 5013 radios

1929 5079 2075 5123 suos
2102 5059 2319 5120 emisit.
2350 5061 2518 5115 Nunc
2540 5058 2766 5124 autem,
2792 5049 2901 5108 ubi
2926 5045 3266 5106 communis
3305 5044 3581 5101 omnium

1926 5155 2156 5228 pharus
2214 5146 2504 5208 exstincta
2545 5144 2723 5216 jacet,
2777 5138 2975 5209 caligo
3022 5149 3148 5192 non
3197 5134 3421 5201 brevis,
3471 5133 3582 5191 sed

1928 5244 2233 5313 diuturna,
2259 5239 2384 5296 imo
2405 5238 2628 5292 aterna
2654 5229 2927 5288 tellurem
2948 5228 3227 5297 occupat,
3247 5229 3579 5297 postquam

1929 5331 2273 5407 sepulcrum
2320 5324 2485 5384 sidus
2552 5332 2901 5407 coruscans
2930 5313 3279 5407 devoravit:
3312 5317 3438 5407 Per
3467 5313 3581 5370 has

1929 5402 2232 5493 tenebras,
2279 5410 2643 5478 animalibus
2678 5404 3003 5481 rapacibus
3046 5419 3117 5464 ac
3143 5403 3379 5463 furibus
3418 5402 3582 5475 justo
