  <div class='ocr_page' id='page_1' title='image "/cluster/home/n/w/nwhite01/storage/ocr_20150623/140/pst.000005714568/219.png"; bbox 0 0 4028 6308; ppageno 0'>
   <div class='ocr_carea' id='block_1_1' title="bbox 431 293 534 355">
    <p class='ocr_par' dir='ltr' id='par_1_1' title="bbox 431 293 534 355">
     <span class='ocr_line' id='line_1_1' title="bbox 431 293 534 355; baseline -0.029 0"><span class='ocrx_word' id='word_1_1' title='bbox 431 293 534 355; x_wconf 70' lang='lat'>385</span> 
     </span>
    </p>
   </div>
   <div class='ocr_carea' id='block_1_2' title="bbox 424 501 2074 580">
    <p class='ocr_par' dir='ltr' id='par_1_2' title="bbox 424 501 2074 580">
     <span class='ocr_line' id='line_1_2' title="bbox 424 501 2074 580; baseline -0.006 -13"><span class='ocrx_word' id='word_1_2' title='bbox 424 511 678 569; x_wconf 89' lang='lat' dir='ltr'>blicanis</span> <span class='ocrx_word' id='word_1_3' title='bbox 726 515 784 566; x_wconf 91' lang='lat' dir='ltr'>et</span> <span class='ocrx_word' id='word_1_4' title='bbox 827 510 1206 580; x_wconf 82' lang='lat' dir='ltr'>vectigalium</span> <span class='ocrx_word' id='word_1_5' title='bbox 1239 503 1615 563; x_wconf 82' lang='lat' dir='ltr'>exactoribus</span> <span class='ocrx_word' id='word_1_6' title='bbox 1651 501 1857 574; x_wconf 63' lang='lat' dir='ltr'>praeda</span> <span class='ocrx_word' id='word_1_7' title='bbox 1884 501 2074 557; x_wconf 77' lang='lat' dir='ltr'>facilis</span> 
     </span>
    </p>
   </div>
   <div class='ocr_carea' id='block_1_3' title="bbox 425 590 2073 672">
    <p class='ocr_par' dir='ltr' id='par_1_3' title="bbox 425 590 2073 672">
     <span class='ocr_line' id='line_1_3' title="bbox 425 590 2073 672; baseline -0.008 -15"><span class='ocrx_word' id='word_1_8' title='bbox 425 607 482 657; x_wconf 89' lang='lat' dir='ltr'>et</span> <span class='ocrx_word' id='word_1_9' title='bbox 503 605 673 671; x_wconf 86' lang='lat' dir='ltr'>grata</span> <span class='ocrx_word' id='word_1_10' title='bbox 705 615 827 665; x_wconf 92' lang='lat' dir='ltr'>ero,</span> <span class='ocrx_word' id='word_1_11' title='bbox 858 614 1043 672; x_wconf 90' lang='lat' dir='ltr'>quam</span> <span class='ocrx_word' id='word_1_12' title='bbox 1099 602 1304 670; x_wconf 82' lang='lat' dir='ltr'>pastor</span> <span class='ocrx_word' id='word_1_13' title='bbox 1349 592 1624 664; x_wconf 85' lang='lat' dir='ltr'>egregius</span> <span class='ocrx_word' id='word_1_14' title='bbox 1661 605 1783 646; x_wconf 90' lang='lat' dir='ltr'>non</span> <span class='ocrx_word' id='word_1_15' title='bbox 1811 590 2073 661; x_wconf 86' lang='lat' dir='ltr'>amplius</span> 
     </span>
    </p>
   </div>
   <div class='ocr_carea' id='block_1_4' title="bbox 426 679 2073 760">
    <p class='ocr_par' dir='ltr' id='par_1_4' title="bbox 426 679 2073 760">
     <span class='ocr_line' id='line_1_4' title="bbox 426 679 2073 760; baseline -0.007 -15"><span class='ocrx_word' id='word_1_16' title='bbox 426 687 702 754; x_wconf 85' lang='lat' dir='ltr'>custodit,</span> <span class='ocrx_word' id='word_1_17' title='bbox 736 703 1001 760; x_wconf 90' lang='lat' dir='ltr'>curaque</span> <span class='ocrx_word' id='word_1_18' title='bbox 1027 684 1365 757; x_wconf 90' lang='lat' dir='ltr'>particulari</span> <span class='ocrx_word' id='word_1_19' title='bbox 1397 698 1468 738; x_wconf 91' lang='lat' dir='ltr'>ac</span> <span class='ocrx_word' id='word_1_20' title='bbox 1498 679 1892 737; x_wconf 74' lang='lat' dir='ltr'>sollicitudine</span> <span class='ocrx_word' id='word_1_21' title='bbox 1929 694 2073 751; x_wconf 91' lang='lat' dir='ltr'>pro-</span> 
     </span>
    </p>
   </div>
   <div class='ocr_carea' id='block_1_5' title="bbox 427 769 2074 850">
    <p class='ocr_par' dir='ltr' id='par_1_5' title="bbox 427 769 2074 850">
     <span class='ocr_line' id='line_1_5' title="bbox 427 769 2074 850; baseline -0.006 -17"><span class='ocrx_word' id='word_1_22' title='bbox 427 778 716 850; x_wconf 83' lang='lat' dir='ltr'>sequitur.</span> <span class='ocrx_word' id='word_1_23' title='bbox 755 779 1046 834; x_wconf 88' lang='lat' dir='ltr'>Somnum</span> <span class='ocrx_word' id='word_1_24' title='bbox 1089 777 1252 832; x_wconf 89' lang='lat' dir='ltr'>enim</span> <span class='ocrx_word' id='word_1_25' title='bbox 1280 779 1567 830; x_wconf 61' lang='lat' dir='ltr'>aeternum</span> <span class='ocrx_word' id='word_1_26' title='bbox 1599 769 1822 826; x_wconf 85' lang='lat' dir='ltr'>dormit</span> <span class='ocrx_word' id='word_1_27' title='bbox 1871 772 2074 824; x_wconf 89' lang='lat' dir='ltr'>Eusta-</span> 
     </span>
    </p>
   </div>
   <div class='ocr_carea' id='block_1_6' title="bbox 423 857 2074 938">
    <p class='ocr_par' dir='ltr' id='par_1_6' title="bbox 423 857 2074 938">
     <span class='ocr_line' id='line_1_6' title="bbox 423 857 2074 938; baseline -0.005 -15"><span class='ocrx_word' id='word_1_28' title='bbox 423 867 582 922; x_wconf 92' lang='lat' dir='ltr'>thius</span> <span class='ocrx_word' id='word_1_29' title='bbox 612 866 740 922; x_wconf 87' lang='lat' dir='ltr'>telis</span> <span class='ocrx_word' id='word_1_30' title='bbox 765 871 1000 931; x_wconf 82' lang='lat' dir='ltr'>exutus,</span> <span class='ocrx_word' id='word_1_31' title='bbox 1033 865 1256 938; x_wconf 88' lang='lat' dir='ltr'>quibus</span> <span class='ocrx_word' id='word_1_32' title='bbox 1281 879 1393 919; x_wconf 90' lang='lat' dir='ltr'>nos</span> <span class='ocrx_word' id='word_1_33' title='bbox 1418 864 1625 918; x_wconf 89' lang='lat' dir='ltr'>contra</span> <span class='ocrx_word' id='word_1_34' title='bbox 1654 859 1846 916; x_wconf 88' lang='lat' dir='ltr'>malos</span> <span class='ocrx_word' id='word_1_35' title='bbox 1870 857 2074 914; x_wconf 88' lang='lat' dir='ltr'>defen-</span> 
     </span>
    </p>
   </div>
   <div class='ocr_carea' id='block_1_7' title="bbox 421 947 2073 1026">
    <p class='ocr_par' dir='ltr' id='par_1_7' title="bbox 421 947 2073 1026">
     <span class='ocr_line' id='line_1_7' title="bbox 421 947 2073 1026; baseline -0.006 -15"><span class='ocrx_word' id='word_1_36' title='bbox 421 953 638 1022; x_wconf 89' lang='lat' dir='ltr'>debat;</span> <span class='ocrx_word' id='word_1_37' title='bbox 671 971 793 1026; x_wconf 91' lang='lat' dir='ltr'>qua</span> <span class='ocrx_word' id='word_1_38' title='bbox 820 961 1024 1026; x_wconf 83' lang='lat' dir='ltr'>pastor</span> <span class='ocrx_word' id='word_1_39' title='bbox 1044 953 1190 1008; x_wconf 83' lang='lat' dir='ltr'>alter</span> <span class='ocrx_word' id='word_1_40' title='bbox 1217 950 1469 1008; x_wconf 90' lang='lat' dir='ltr'>Davides</span> <span class='ocrx_word' id='word_1_41' title='bbox 1495 951 1516 985; x_wconf 77' lang='grc'><strong>⁵</strong></span> <span class='ocrx_word' id='word_1_42' title='bbox 1551 953 1678 1004; x_wconf 89' lang='lat' dir='ltr'>erat</span> <span class='ocrx_word' id='word_1_43' title='bbox 1717 947 1822 1018; x_wconf 88' lang='lat' dir='ltr'>qui</span> <span class='ocrx_word' id='word_1_44' title='bbox 1866 962 2073 1002; x_wconf 86' lang='lat' dir='ltr'>ursum</span> 
     </span>
    </p>
   </div>
   <div class='ocr_carea' id='block_1_8' title="bbox 422 1035 2074 1114">
    <p class='ocr_par' dir='ltr' id='par_1_8' title="bbox 422 1035 2074 1114">
     <span class='ocr_line' id='line_1_8' title="bbox 422 1035 2074 1114; baseline -0.005 -15"><span class='ocrx_word' id='word_1_45' title='bbox 422 1059 494 1099; x_wconf 91' lang='lat' dir='ltr'>ac</span> <span class='ocrx_word' id='word_1_46' title='bbox 539 1043 778 1099; x_wconf 89' lang='lat' dir='ltr'>leonem</span> <span class='ocrx_word' id='word_1_47' title='bbox 809 1049 1135 1114; x_wconf 84' lang='lat' dir='ltr'>raptorem,</span> <span class='ocrx_word' id='word_1_48' title='bbox 1169 1056 1282 1097; x_wconf 86' lang='lat' dir='ltr'>ove</span> <span class='ocrx_word' id='word_1_49' title='bbox 1324 1056 1356 1096; x_wconf 90' lang='lat' dir='ltr'>e</span> <span class='ocrx_word' id='word_1_50' title='bbox 1395 1038 1536 1108; x_wconf 92' lang='lat' dir='ltr'>gula</span> <span class='ocrx_word' id='word_1_51' title='bbox 1584 1042 1807 1108; x_wconf 83' lang='lat' dir='ltr'>erepta,</span> <span class='ocrx_word' id='word_1_52' title='bbox 1837 1035 2074 1103; x_wconf 90' lang='lat' dir='ltr'>occidit,</span> 
     </span>
    </p>
   </div>
   <div class='ocr_carea' id='block_1_9' title="bbox 427 1124 2074 1204">
    <p class='ocr_par' dir='ltr' id='par_1_9' title="bbox 427 1124 2074 1204">
     <span class='ocr_line' id='line_1_9' title="bbox 427 1124 2074 1204; baseline -0.005 -18"><span class='ocrx_word' id='word_1_53' title='bbox 427 1153 450 1181; x_wconf 84' lang='grc'><strong>‹</strong></span> <span class='ocrx_word' id='word_1_54' title='bbox 487 1131 638 1188; x_wconf 89' lang='lat' dir='ltr'>sicut</span> <span class='ocrx_word' id='word_1_55' title='bbox 657 1136 884 1204; x_wconf 89' lang='lat' dir='ltr'>pastor,</span> <span class='ocrx_word' id='word_1_56' title='bbox 910 1137 1060 1186; x_wconf 86' lang='lat' dir='ltr'>teste</span> <span class='ocrx_word' id='word_1_57' title='bbox 1091 1131 1395 1201; x_wconf 85' lang='lat' dir='ltr'>Scriptura</span> <span class='ocrx_word' id='word_1_58' title='bbox 1423 1129 1465 1198; x_wconf 77' lang='grc' dir='ltr'>θ,</span> <span class='ocrx_word' id='word_1_59' title='bbox 1499 1127 1573 1181; x_wconf 91' lang='lat' dir='ltr'>de</span> <span class='ocrx_word' id='word_1_60' title='bbox 1603 1140 1705 1181; x_wconf 91' lang='lat' dir='ltr'>ore</span> <span class='ocrx_word' id='word_1_61' title='bbox 1732 1124 1922 1180; x_wconf 90' lang='lat' dir='ltr'>leonis</span> <span class='ocrx_word' id='word_1_62' title='bbox 1951 1125 2074 1179; x_wconf 92' lang='lat' dir='ltr'>duo</span> 
     </span>
    </p>
   </div>
   <div class='ocr_carea' id='block_1_10' title="bbox 421 1212 2074 1276">
    <p class='ocr_par' dir='ltr' id='par_1_10' title="bbox 421 1212 2074 1276">
     <span class='ocr_line' id='line_1_10' title="bbox 421 1212 2074 1276; baseline -0.005 -1"><span class='ocrx_word' id='word_1_63' title='bbox 421 1235 598 1275; x_wconf 88' lang='lat' dir='ltr'>crura</span> <span class='ocrx_word' id='word_1_64' title='bbox 621 1224 724 1276; x_wconf 91' lang='lat' dir='ltr'>aut</span> <span class='ocrx_word' id='word_1_65' title='bbox 753 1225 1090 1275; x_wconf 80' lang='lat' dir='ltr'>extremum</span> <span class='ocrx_word' id='word_1_66' title='bbox 1145 1215 1427 1274; x_wconf 70' lang='lat' dir='ltr'>auriculas</span> <span class='ocrx_word' id='word_1_67' title='bbox 1455 1215 1625 1271; x_wconf 87' lang='lat' dir='ltr'>eruit.</span> <span class='ocrx_word' id='word_1_68' title='bbox 1666 1234 1693 1262; x_wconf 72' lang='grc' dir='ltr'>η</span> <span class='ocrx_word' id='word_1_69' title='bbox 1747 1217 1860 1268; x_wconf 81' lang='lat' dir='ltr'>Aut</span> <span class='ocrx_word' id='word_1_70' title='bbox 1913 1212 2074 1268; x_wconf 91' lang='lat' dir='ltr'>enim</span> 
     </span>
    </p>
   </div>
   <div class='ocr_carea' id='block_1_11' title="bbox 422 1300 2074 1379">
    <p class='ocr_par' dir='ltr' id='par_1_11' title="bbox 422 1300 2074 1379">
     <span class='ocr_line' id='line_1_11' title="bbox 422 1300 2074 1379; baseline -0.005 -15"><span class='ocrx_word' id='word_1_71' title='bbox 422 1308 502 1364; x_wconf 90' lang='lat' dir='ltr'>ad</span> <span class='ocrx_word' id='word_1_72' title='bbox 549 1308 872 1364; x_wconf 88' lang='lat' dir='ltr'>Dominum</span> <span class='ocrx_word' id='word_1_73' title='bbox 921 1323 1130 1379; x_wconf 90' lang='lat' dir='ltr'>preces</span> <span class='ocrx_word' id='word_1_74' title='bbox 1161 1305 1387 1371; x_wconf 72' lang='lat' dir='ltr'>effudit,</span> <span class='ocrx_word' id='word_1_75' title='bbox 1421 1309 1525 1360; x_wconf 92' lang='lat' dir='ltr'>aut</span> <span class='ocrx_word' id='word_1_76' title='bbox 1568 1317 1779 1372; x_wconf 74' lang='lat' dir='ltr'>regum</span> <span class='ocrx_word' id='word_1_77' title='bbox 1835 1300 2074 1356; x_wconf 87' lang='lat' dir='ltr'>animos</span> 
     </span>
    </p>
   </div>
   <div class='ocr_carea' id='block_1_12' title="bbox 421 1391 2070 1470">
    <p class='ocr_par' dir='ltr' id='par_1_12' title="bbox 421 1391 2070 1470">
     <span class='ocr_line' id='line_1_12' title="bbox 421 1391 2070 1470; baseline -0.006 -17"><span class='ocrx_word' id='word_1_78' title='bbox 421 1397 741 1470; x_wconf 85' lang='lat' dir='ltr'>permovit,</span> <span class='ocrx_word' id='word_1_79' title='bbox 800 1401 858 1453; x_wconf 93' lang='lat' dir='ltr'>et</span> <span class='ocrx_word' id='word_1_80' title='bbox 909 1396 1072 1451; x_wconf 91' lang='lat' dir='ltr'>mala</span> <span class='ocrx_word' id='word_1_81' title='bbox 1101 1395 1341 1451; x_wconf 89' lang='lat' dir='ltr'>fortuna</span> <span class='ocrx_word' id='word_1_82' title='bbox 1387 1391 1646 1448; x_wconf 84' lang='lat' dir='ltr'>evanuit.</span> <span class='ocrx_word' id='word_1_83' title='bbox 1705 1393 1871 1446; x_wconf 87' lang='lat' dir='ltr'>Nunc</span> <span class='ocrx_word' id='word_1_84' title='bbox 1907 1403 2070 1455; x_wconf 89' lang='lat' dir='ltr'>vero,</span> 
     </span>
    </p>
   </div>
   <div class='ocr_carea' id='block_1_13' title="bbox 421 1477 2074 1557">
    <p class='ocr_par' dir='ltr' id='par_1_13' title="bbox 421 1477 2074 1557">
     <span class='ocr_line' id='line_1_13' title="bbox 421 1477 2074 1557; baseline -0.005 -16"><span class='ocrx_word' id='word_1_85' title='bbox 421 1485 575 1557; x_wconf 88' lang='lat' dir='ltr'>proh</span> <span class='ocrx_word' id='word_1_86' title='bbox 605 1485 808 1540; x_wconf 85' lang='lat' dir='ltr'>dolor!</span> <span class='ocrx_word' id='word_1_87' title='bbox 844 1489 1167 1556; x_wconf 88' lang='lat' dir='ltr'>postquam</span> <span class='ocrx_word' id='word_1_88' title='bbox 1195 1481 1380 1555; x_wconf 87' lang='lat' dir='ltr'>quieti</span> <span class='ocrx_word' id='word_1_89' title='bbox 1401 1496 1462 1535; x_wconf 84' lang='lat' dir='ltr'>se</span> <span class='ocrx_word' id='word_1_90' title='bbox 1489 1479 1740 1536; x_wconf 89' lang='lat' dir='ltr'>daturus</span> <span class='ocrx_word' id='word_1_91' title='bbox 1772 1478 1833 1532; x_wconf 89' lang='lat' dir='ltr'>in</span> <span class='ocrx_word' id='word_1_92' title='bbox 1859 1477 2074 1533; x_wconf 81' lang='lat' dir='ltr'>lectulo</span> 
     </span>
    </p>
   </div>
   <div class='ocr_carea' id='block_1_14' title="bbox 420 1567 2068 1638">
    <p class='ocr_par' dir='ltr' id='par_1_14' title="bbox 420 1567 2068 1638">
     <span class='ocr_line' id='line_1_14' title="bbox 420 1567 2068 1638; baseline -0.006 -9"><span class='ocrx_word' id='word_1_93' title='bbox 420 1572 814 1635; x_wconf 90' lang='lat' dir='ltr'>recubuisset,</span> <span class='ocrx_word' id='word_1_94' title='bbox 839 1588 936 1627; x_wconf 93' lang='lat' dir='ltr'>me</span> <span class='ocrx_word' id='word_1_95' title='bbox 962 1571 1307 1638; x_wconf 89' lang='lat' dir='ltr'>insalutato,</span> <span class='ocrx_word' id='word_1_96' title='bbox 1328 1569 1490 1624; x_wconf 90' lang='lat' dir='ltr'>diem</span> <span class='ocrx_word' id='word_1_97' title='bbox 1519 1567 1664 1623; x_wconf 89' lang='lat' dir='ltr'>obiit</span> <span class='ocrx_word' id='word_1_98' title='bbox 1696 1581 2068 1638; x_wconf 90' lang='lat' dir='ltr'>supremum.</span> 
     </span>
    </p>
   </div>
   <div class='ocr_carea' id='block_1_15' title="bbox 421 1655 2066 1732">
    <p class='ocr_par' dir='ltr' id='par_1_15' title="bbox 421 1655 2066 1732">
     <span class='ocr_line' id='line_1_15' title="bbox 421 1655 2066 1732; baseline -0.007 -16"><span class='ocrx_word' id='word_1_99' title='bbox 421 1663 607 1716; x_wconf 87' lang='lat' dir='ltr'>Tanto</span> <span class='ocrx_word' id='word_1_100' title='bbox 634 1662 759 1716; x_wconf 81' lang='lat' dir='ltr'>viro</span> <span class='ocrx_word' id='word_1_101' title='bbox 789 1661 1102 1732; x_wconf 90' lang='lat' dir='ltr'>quomodo</span> <span class='ocrx_word' id='word_1_102' title='bbox 1137 1660 1353 1714; x_wconf 90' lang='lat' dir='ltr'>misera</span> <span class='ocrx_word' id='word_1_103' title='bbox 1385 1672 1496 1726; x_wconf 94' lang='lat' dir='ltr'>ego</span> <span class='ocrx_word' id='word_1_104' title='bbox 1534 1662 1836 1728; x_wconf 88' lang='lat' dir='ltr'>superstes</span> <span class='ocrx_word' id='word_1_105' title='bbox 1870 1670 1971 1711; x_wconf 89' lang='lat' dir='ltr'>ero</span> <span class='ocrx_word' id='word_1_106' title='bbox 1991 1655 2019 1710; x_wconf 89' lang='lat'><strong><em>?</em></strong></span> <span class='ocrx_word' id='word_1_107' title='bbox 2045 1677 2066 1704; x_wconf 72' lang='grc' dir='ltr'>ν</span> 
     </span>
    </p>
   </div>
   <div class='ocr_carea' id='block_1_16' title="bbox 730 1746 1082 1820">
    <p class='ocr_par' dir='ltr' id='par_1_16' title="bbox 730 1746 1082 1820">
     <span class='ocr_line' id='line_1_16' title="bbox 730 1746 1082 1820; baseline 0 -20"><span class='ocrx_word' id='word_1_108' title='bbox 730 1746 765 1800; x_wconf 86' lang='grc' dir='ltr'>δ</span> <span class='ocrx_word' id='word_1_109' title='bbox 769 1748 1032 1820; x_wconf 73' lang='grc' dir='ltr'>ασμολόγο</span> <span class='ocrx_word' id='word_1_110' title='bbox 1041 1769 1082 1808; x_wconf 90' lang='grc' dir='ltr'>ις</span> 
     </span>
    </p>
   </div>
   <div class='ocr_carea' id='block_1_17' title="bbox 418 1750 626 1809">
    <p class='ocr_par' dir='ltr' id='par_1_17' title="bbox 418 1750 626 1809">
     <span class='ocr_line' id='line_1_17' title="bbox 418 1750 626 1809; baseline 0 -9"><span class='ocrx_word' id='word_1_111' title='bbox 418 1750 626 1809; x_wconf 85' lang='grc' dir='ltr'>πάντως</span> 
     </span>
    </p>
   </div>
   <div class='ocr_carea' id='block_1_18' title="bbox 1282 283 2908 349">
    <p class='ocr_par' dir='ltr' id='par_1_18' title="bbox 1282 283 2908 349">
     <span class='ocr_line' id='line_1_18' title="bbox 1282 283 2908 349; baseline -0.004 0"><span class='ocrx_word' id='word_1_112' title='bbox 1282 283 1656 349; x_wconf 80' lang='lat' dir='ltr'>MICHAELIS</span> <span class='ocrx_word' id='word_1_113' title='bbox 1694 283 2078 343; x_wconf 70' lang='grc' dir='ltr'>ΑΟΟΜΙΝᾹΤΙ</span> <span class='ocrx_word' id='word_1_114' title='bbox 2117 284 2548 342; x_wconf 74' lang='lat' dir='ltr'><strong>ATHENARUM</strong></span> <span class='ocrx_word' id='word_1_115' title='bbox 2583 283 2908 342; x_wconf 77' lang='lat' dir='ltr'>ARCHIEP.</span> 
     </span>
    </p>
   </div>
   <div class='ocr_carea' id='block_1_19' title="bbox 426 409 2089 493">
    <p class='ocr_par' dir='ltr' id='par_1_19' title="bbox 426 409 2076 493">
     <span class='ocr_line' id='line_1_19' title="bbox 426 409 2076 493; baseline -0.005 -17"><span class='ocrx_word' id='word_1_116' title='bbox 426 420 762 486; x_wconf 85' lang='lat' dir='ltr'>amiciores,</span> <span class='ocrx_word' id='word_1_117' title='bbox 787 435 908 493; x_wconf 87' lang='lat' dir='ltr'>que</span> <span class='ocrx_word' id='word_1_118' title='bbox 936 436 1033 476; x_wconf 89' lang='lat' dir='ltr'>me</span> <span class='ocrx_word' id='word_1_119' title='bbox 1063 419 1347 476; x_wconf 87' lang='lat' dir='ltr'>miseram</span> <span class='ocrx_word' id='word_1_120' title='bbox 1375 413 1688 470; x_wconf 79' lang='lat' dir='ltr'>calamitas</span> <span class='ocrx_word' id='word_1_121' title='bbox 1707 410 1938 467; x_wconf 84' lang='lat' dir='ltr'>manet!</span> <span class='ocrx_word' id='word_1_122' title='bbox 1963 409 2076 468; x_wconf 89' lang='lat' dir='ltr'>Pu-</span> 
     </span>
    </p>
   </div>
   <div class='ocr_carea' id='block_1_20' title="bbox 2167 409 3116 493">
    <p class='ocr_par' dir='ltr' id='par_1_20' title="bbox 2191 411 3116 476">
     <span class='ocr_line' id='line_1_20' title="bbox 2191 411 3116 476; baseline -0.001 -15"><span class='ocrx_word' id='word_1_123' title='bbox 2191 411 2578 476; x_wconf 81' lang='grc' dir='ltr'>συνεπένθησεν,</span> <span class='ocrx_word' id='word_1_124' title='bbox 2646 411 2781 462; x_wconf 75' lang='grc' dir='ltr'>οὕτω</span> <span class='ocrx_word' id='word_1_125' title='bbox 2845 413 2936 462; x_wconf 76' lang='grc' dir='ltr'>καὶ</span> <span class='ocrx_word' id='word_1_126' title='bbox 3017 417 3116 462; x_wconf 87' lang='grc' dir='ltr'>τῶν</span> 
     </span>
    </p>
   </div>
   <div class='ocr_carea' id='block_1_21' title="bbox 1175 1741 2764 1819">
    <p class='ocr_par' dir='ltr' id='par_1_21' title="bbox 1175 1741 2764 1819">
     <span class='ocr_line' id='line_1_21' title="bbox 1175 1741 2764 1819; baseline -0.004 -19"><span class='ocrx_word' id='word_1_127' title='bbox 1175 1747 1541 1819; x_wconf 77' lang='grc' dir='ltr'>βρωθήσομαι,</span> <span class='ocrx_word' id='word_1_128' title='bbox 1610 1747 1679 1805; x_wconf 83' lang='grc' dir='ltr'>ὡς</span> <span class='ocrx_word' id='word_1_129' title='bbox 1767 1743 1946 1815; x_wconf 80' lang='grc' dir='ltr'>ἑτοίμη</span> <span class='ocrx_word' id='word_1_130' title='bbox 2023 1748 2114 1795; x_wconf 83' lang='grc' dir='ltr'>καὶ</span> <span class='ocrx_word' id='word_1_131' title='bbox 2183 1741 2353 1813; x_wconf 70' lang='grc' dir='ltr'>ἀγαθὴ</span> <span class='ocrx_word' id='word_1_132' title='bbox 2439 1742 2587 1814; x_wconf 78' lang='grc' dir='ltr'>θήρα,</span> <span class='ocrx_word' id='word_1_133' title='bbox 2674 1746 2764 1794; x_wconf 81' lang='grc' dir='ltr'>καὶ</span> 
     </span>
    </p>
   </div>
   <div class='ocr_carea' id='block_1_22' title="bbox 3678 287 3864 344">
    <p class='ocr_par' dir='ltr' id='par_1_22' title="bbox 3678 287 3864 344">
     <span class='ocr_line' id='line_1_22' title="bbox 3678 287 3864 344; baseline -0.016 0"><span class='ocrx_word' id='word_1_134' title='bbox 3678 287 3864 344; x_wconf 75' lang='lat'>355</span> 
     </span>
    </p>
   </div>
   <div class='ocr_carea' id='block_1_23' title="bbox 3208 407 3858 483">
    <p class='ocr_par' dir='ltr' id='par_1_23' title="bbox 3208 407 3858 483">
     <span class='ocr_line' id='line_1_23' title="bbox 3208 407 3858 483; baseline 0.002 -21"><span class='ocrx_word' id='word_1_135' title='bbox 3208 407 3536 483; x_wconf 80' lang='grc' dir='ltr'>ἐτεροφύλων,</span> <span class='ocrx_word' id='word_1_136' title='bbox 3598 411 3858 464; x_wconf 72' lang='grc' dir='ltr'>πολλοὶ</span> 
     </span>
    </p>
   </div>
   <div class='ocr_carea' id='block_1_24' title="bbox 2180 498 3856 572">
    <p class='ocr_par' dir='ltr' id='par_1_24' title="bbox 2180 498 3856 572">
     <span class='ocr_line' id='line_1_24' title="bbox 2180 498 3856 572; baseline 0.001 -23"><span class='ocrx_word' id='word_1_137' title='bbox 2180 498 2449 570; x_wconf 78' lang='grc' dir='ltr'>Ῥωμαίοις</span> <span class='ocrx_word' id='word_1_138' title='bbox 2524 498 2958 572; x_wconf 75' lang='grc' dir='ltr'>συνολοφύρονται</span> <span class='ocrx_word' id='word_1_139' title='bbox 3024 503 3250 566; x_wconf 77' lang='grc' dir='ltr'>τουτονὶ,</span> <span class='ocrx_word' id='word_1_140' title='bbox 3311 503 3370 551; x_wconf 90' lang='grc' dir='ltr'>τό</span> <span class='ocrx_word' id='word_1_141' title='bbox 3437 498 3856 554; x_wconf 80' lang='grc' dir='ltr'>ἀποοτολικὸν</span> 
     </span>
    </p>
   </div>
   <div class='ocr_carea' id='block_1_25' title="bbox 2181 587 3854 660">
    <p class='ocr_par' dir='ltr' id='par_1_25' title="bbox 2181 587 3854 660">
     <span class='ocr_line' id='line_1_25' title="bbox 2181 587 3854 660; baseline 0.001 -22"><span class='ocrx_word' id='word_1_142' title='bbox 2181 587 2308 647; x_wconf 79' lang='grc' dir='ltr'>ἅλας</span> <span class='ocrx_word' id='word_1_143' title='bbox 2375 595 2465 647; x_wconf 82' lang='grc' dir='ltr'>τῆς</span> <span class='ocrx_word' id='word_1_144' title='bbox 2539 595 2659 658; x_wconf 71' lang='grc' dir='ltr'>γῆς,</span> <span class='ocrx_word' id='word_1_145' title='bbox 2735 592 2825 639; x_wconf 85' lang='grc' dir='ltr'>καὶ</span> <span class='ocrx_word' id='word_1_146' title='bbox 2900 592 3102 660; x_wconf 82' lang='grc' dir='ltr'>κόσμου</span> <span class='ocrx_word' id='word_1_147' title='bbox 3183 591 3379 649; x_wconf 88' lang='grc' dir='ltr'>παντὸς</span> <span class='ocrx_word' id='word_1_148' title='bbox 3448 589 3854 660; x_wconf 68' lang='grc' dir='ltr'>εῦαγγελικὸν</span> 
     </span>
    </p>
   </div>
   <div class='ocr_carea' id='block_1_26' title="bbox 2183 675 3851 752">
    <p class='ocr_par' dir='ltr' id='par_1_26' title="bbox 2183 675 3851 752">
     <span class='ocr_line' id='line_1_26' title="bbox 2183 675 3851 752; baseline 0.003 -25"><span class='ocrx_word' id='word_1_149' title='bbox 2183 676 2346 744; x_wconf 83' lang='grc' dir='ltr'>ἣλιον,</span> <span class='ocrx_word' id='word_1_150' title='bbox 2411 682 2499 729; x_wconf 84' lang='grc' dir='ltr'>καὶ</span> <span class='ocrx_word' id='word_1_151' title='bbox 2538 680 2605 738; x_wconf 83' lang='grc' dir='ltr'>ὡς</span> <span class='ocrx_word' id='word_1_152' title='bbox 2655 675 2740 729; x_wconf 86' lang='grc' dir='ltr'>ἀπ’</span> <span class='ocrx_word' id='word_1_153' title='bbox 2785 679 2950 750; x_wconf 79' lang='grc' dir='ltr'>ἄκρου</span> <span class='ocrx_word' id='word_1_154' title='bbox 3006 685 3097 730; x_wconf 92' lang='grc' dir='ltr'>τοῦ</span> <span class='ocrx_word' id='word_1_155' title='bbox 3152 677 3373 750; x_wconf 72' lang='grc' dir='ltr'>οὐρανοῦ</span> <span class='ocrx_word' id='word_1_156' title='bbox 3425 675 3851 752; x_wconf 71' lang='grc' dir='ltr'>διικνούμενον</span> 
     </span>
    </p>
   </div>
   <div class='ocr_carea' id='block_1_27' title="bbox 2181 765 3852 840">
    <p class='ocr_par' dir='ltr' id='par_1_27' title="bbox 2181 765 3852 840">
     <span class='ocr_line' id='line_1_27' title="bbox 2181 765 3852 840; baseline 0.001 -21"><span class='ocrx_word' id='word_1_157' title='bbox 2181 767 2270 826; x_wconf 78' lang='grc' dir='ltr'>ἕως</span> <span class='ocrx_word' id='word_1_158' title='bbox 2311 767 2474 840; x_wconf 75' lang='grc' dir='ltr'>ἄκρου</span> <span class='ocrx_word' id='word_1_159' title='bbox 2517 774 2610 818; x_wconf 89' lang='grc' dir='ltr'>τοῦ</span> <span class='ocrx_word' id='word_1_160' title='bbox 2661 765 2882 838; x_wconf 70' lang='grc' dir='ltr'>οὐρανοῦ</span> <span class='ocrx_word' id='word_1_161' title='bbox 2932 771 3117 838; x_wconf 89' lang='grc' dir='ltr'>σοφίας</span> <span class='ocrx_word' id='word_1_162' title='bbox 3167 771 3254 819; x_wconf 77' lang='grc' dir='ltr'>καὶ</span> <span class='ocrx_word' id='word_1_163' title='bbox 3305 765 3491 839; x_wconf 79' lang='grc' dir='ltr'>ἀρετῆς</span> <span class='ocrx_word' id='word_1_164' title='bbox 3528 768 3852 840; x_wconf 64' lang='grc' dir='ltr'>περιλάμ-</span> 
     </span>
    </p>
   </div>
   <div class='ocr_carea' id='block_1_28' title="bbox 2179 851 3845 931">
    <p class='ocr_par' dir='ltr' id='par_1_28' title="bbox 2179 851 3845 931">
     <span class='ocr_line' id='line_1_28' title="bbox 2179 851 3845 931; baseline 0.002 -24"><span class='ocrx_word' id='word_1_165' title='bbox 2179 853 2355 925; x_wconf 71' lang='grc' dir='ltr'>ψεσιν.</span> <span class='ocrx_word' id='word_1_166' title='bbox 2409 854 2467 905; x_wconf 87' lang='grc' dir='ltr'>Εἰ</span> <span class='ocrx_word' id='word_1_167' title='bbox 2513 857 2615 929; x_wconf 66' lang='grc' dir='ltr'>’γὰρ</span> <span class='ocrx_word' id='word_1_168' title='bbox 2655 859 2745 907; x_wconf 80' lang='grc' dir='ltr'>καὶ</span> <span class='ocrx_word' id='word_1_169' title='bbox 2793 857 2861 916; x_wconf 82' lang='grc' dir='ltr'>ὡς</span> <span class='ocrx_word' id='word_1_170' title='bbox 2900 853 2948 906; x_wconf 77' lang='grc' dir='ltr'>ἓν</span> <span class='ocrx_word' id='word_1_171' title='bbox 2994 851 3165 926; x_wconf 80' lang='grc' dir='ltr'>δίσκῳ</span> <span class='ocrx_word' id='word_1_172' title='bbox 3202 863 3274 926; x_wconf 84' lang='grc' dir='ltr'>τῷ</span> <span class='ocrx_word' id='word_1_173' title='bbox 3337 858 3455 909; x_wconf 87' lang='grc' dir='ltr'>κατ’</span> <span class='ocrx_word' id='word_1_174' title='bbox 3506 855 3592 929; x_wconf 71' lang='grc' dir='ltr'>ἐμὲ</span> <span class='ocrx_word' id='word_1_175' title='bbox 3629 877 3845 931; x_wconf 79' lang='grc' dir='ltr'>περε-</span> 
     </span>
    </p>
   </div>
   <div class='ocr_carea' id='block_1_29' title="bbox 2181 942 3848 1016">
    <p class='ocr_par' dir='ltr' id='par_1_29' title="bbox 2181 942 3848 1016">
     <span class='ocr_line' id='line_1_29' title="bbox 2181 942 3848 1016; baseline 0.003 -22"><span class='ocrx_word' id='word_1_176' title='bbox 2181 942 2313 996; x_wconf 86' lang='grc' dir='ltr'>ϐόλω</span> <span class='ocrx_word' id='word_1_177' title='bbox 2378 945 2768 1016; x_wconf 71' lang='grc' dir='ltr'>περιεγράφετο,</span> <span class='ocrx_word' id='word_1_178' title='bbox 2838 943 2964 996; x_wconf 88' lang='grc' dir='ltr'>ἀλλά</span> <span class='ocrx_word' id='word_1_179' title='bbox 3027 945 3116 1004; x_wconf 89' lang='grc' dir='ltr'>τάς</span> <span class='ocrx_word' id='word_1_180' title='bbox 3199 942 3410 1006; x_wconf 84' lang='grc' dir='ltr'>ἀκτῖνας</span> <span class='ocrx_word' id='word_1_181' title='bbox 3481 945 3533 1006; x_wconf 80' lang='grc' dir='ltr'>ές</span> <span class='ocrx_word' id='word_1_182' title='bbox 3609 949 3848 999; x_wconf 75' lang='grc' dir='ltr'>πάντα</span> 
     </span>
    </p>
   </div>
   <div class='ocr_carea' id='block_1_30' title="bbox 2179 1030 3842 1105">
    <p class='ocr_par' dir='ltr' id='par_1_30' title="bbox 2179 1030 3842 1105">
     <span class='ocr_line' id='line_1_30' title="bbox 2179 1030 3842 1105; baseline 0.001 -21"><span class='ocrx_word' id='word_1_183' title='bbox 2179 1030 2509 1105; x_wconf 92' lang='grc' dir='ltr'>πολυφόρϐου</span> <span class='ocrx_word' id='word_1_184' title='bbox 2548 1036 2770 1104; x_wconf 78' lang='grc' dir='ltr'>πείρατα</span> <span class='ocrx_word' id='word_1_185' title='bbox 2815 1037 2973 1102; x_wconf 71' lang='grc' dir='ltr'>γαίης</span> <span class='ocrx_word' id='word_1_186' title='bbox 3018 1031 3250 1092; x_wconf 75' lang='grc' dir='ltr'>ἐξέτεινε.</span> <span class='ocrx_word' id='word_1_187' title='bbox 3304 1037 3406 1085; x_wconf 81' lang='grc' dir='ltr'>Καὶ</span> <span class='ocrx_word' id='word_1_188' title='bbox 3449 1041 3537 1085; x_wconf 89' lang='grc' dir='ltr'>νῦν</span> <span class='ocrx_word' id='word_1_189' title='bbox 3581 1037 3842 1102; x_wconf 77' lang='grc' dir='ltr'>τούμοῦ</span> 
     </span>
    </p>
   </div>
   <div class='ocr_carea' id='block_1_31' title="bbox 2181 1118 3838 1194">
    <p class='ocr_par' dir='ltr' id='par_1_31' title="bbox 2181 1118 3838 1194">
     <span class='ocr_line' id='line_1_31' title="bbox 2181 1118 3838 1194; baseline 0.002 -22"><span class='ocrx_word' id='word_1_190' title='bbox 2181 1125 2270 1172; x_wconf 83' lang='grc' dir='ltr'>καὶ</span> <span class='ocrx_word' id='word_1_191' title='bbox 2351 1126 2526 1171; x_wconf 88' lang='grc' dir='ltr'>κοινοῦ</span> <span class='ocrx_word' id='word_1_192' title='bbox 2613 1118 2915 1194; x_wconf 77' lang='grc' dir='ltr'>λαμπτῆρος</span> <span class='ocrx_word' id='word_1_193' title='bbox 3005 1118 3374 1186; x_wconf 76' lang='grc' dir='ltr'>ἐκλελοιπότος,</span> <span class='ocrx_word' id='word_1_194' title='bbox 3454 1126 3636 1182; x_wconf 80' lang='grc' dir='ltr'>σκότος</span> <span class='ocrx_word' id='word_1_195' title='bbox 3717 1131 3838 1193; x_wconf 79' lang='grc' dir='ltr'>τῷ</span> 
     </span>
    </p>
   </div>
   <div class='ocr_carea' id='block_1_32' title="bbox 2179 1204 3836 1284">
    <p class='ocr_par' dir='ltr' id='par_1_32' title="bbox 2179 1204 3836 1284">
     <span class='ocr_line' id='line_1_32' title="bbox 2179 1204 3836 1284; baseline 0.002 -24"><span class='ocrx_word' id='word_1_196' title='bbox 2179 1213 2336 1261; x_wconf 87' lang='grc' dir='ltr'>παντὶ</span> <span class='ocrx_word' id='word_1_197' title='bbox 2403 1204 2772 1278; x_wconf 79' lang='grc' dir='ltr'>σχεδιάζεται,</span> <span class='ocrx_word' id='word_1_198' title='bbox 2833 1209 2927 1260; x_wconf 78' lang='grc' dir='ltr'>οὐκ</span> <span class='ocrx_word' id='word_1_199' title='bbox 2992 1208 3042 1260; x_wconf 85' lang='grc' dir='ltr'>ἐν</span> <span class='ocrx_word' id='word_1_200' title='bbox 3079 1213 3244 1280; x_wconf 80' lang='grc' dir='ltr'>μορίῳ</span> <span class='ocrx_word' id='word_1_201' title='bbox 3292 1214 3488 1280; x_wconf 87' lang='grc' dir='ltr'>χρόνου</span> <span class='ocrx_word' id='word_1_202' title='bbox 3554 1209 3836 1284; x_wconf 80' lang='grc' dir='ltr'>βραχεῖ,</span> 
     </span>
    </p>
   </div>
   <div class='ocr_carea' id='block_1_33' title="bbox 2182 1294 3832 1368">
    <p class='ocr_par' dir='ltr' id='par_1_33' title="bbox 2182 1294 3832 1368">
     <span class='ocr_line' id='line_1_33' title="bbox 2182 1294 3832 1368; baseline 0.001 -19"><span class='ocrx_word' id='word_1_203' title='bbox 2182 1296 2290 1349; x_wconf 86' lang='grc' dir='ltr'>ἀλλ’</span> <span class='ocrx_word' id='word_1_204' title='bbox 2337 1294 2383 1358; x_wconf 75' lang='grc' dir='ltr'>ἐς</span> <span class='ocrx_word' id='word_1_205' title='bbox 2439 1300 2524 1348; x_wconf 84' lang='grc' dir='ltr'>τὸν</span> <span class='ocrx_word' id='word_1_206' title='bbox 2565 1294 2643 1348; x_wconf 84' lang='grc' dir='ltr'>ἀεὶ</span> <span class='ocrx_word' id='word_1_207' title='bbox 2696 1302 2784 1349; x_wconf 81' lang='grc' dir='ltr'>καὶ</span> <span class='ocrx_word' id='word_1_208' title='bbox 2824 1297 2895 1357; x_wconf 87' lang='grc' dir='ltr'>εἰς</span> <span class='ocrx_word' id='word_1_209' title='bbox 2947 1300 3068 1349; x_wconf 86' lang='grc' dir='ltr'>ὅσον</span> <span class='ocrx_word' id='word_1_210' title='bbox 3119 1299 3146 1348; x_wconf 92' lang='grc' dir='ltr'>ό</span> <span class='ocrx_word' id='word_1_211' title='bbox 3205 1301 3451 1368; x_wconf 69' lang='grc' dir='ltr'>στυγερὸς</span> <span class='ocrx_word' id='word_1_212' title='bbox 3501 1299 3648 1360; x_wconf 80' lang='grc' dir='ltr'>οὗτος</span> <span class='ocrx_word' id='word_1_213' title='bbox 3688 1308 3832 1354; x_wconf 79' lang='grc' dir='ltr'>τοῦ</span> 
     </span>
    </p>
   </div>
   <div class='ocr_carea' id='block_1_34' title="bbox 2179 1382 3818 1460">
    <p class='ocr_par' dir='ltr' id='par_1_34' title="bbox 2179 1382 3818 1460">
     <span class='ocr_line' id='line_1_34' title="bbox 2179 1382 3818 1460; baseline 0.001 -22"><span class='ocrx_word' id='word_1_214' title='bbox 2179 1388 2344 1457; x_wconf 88' lang='grc' dir='ltr'>τάφου</span> <span class='ocrx_word' id='word_1_215' title='bbox 2417 1385 2634 1456; x_wconf 78' lang='grc' dir='ltr'>λύχνος,</span> <span class='ocrx_word' id='word_1_216' title='bbox 2699 1389 2765 1446; x_wconf 84' lang='grc' dir='ltr'>ὡς</span> <span class='ocrx_word' id='word_1_217' title='bbox 2834 1385 3014 1458; x_wconf 81' lang='grc' dir='ltr'>λύχνῳ</span> <span class='ocrx_word' id='word_1_218' title='bbox 3085 1382 3334 1458; x_wconf 82' lang='grc' dir='ltr'>μέδιμνος</span> <span class='ocrx_word' id='word_1_219' title='bbox 3398 1385 3818 1460; x_wconf 77' lang='grc' dir='ltr'>ἀντιφράττων,</span> 
     </span>
    </p>
   </div>
   <div class='ocr_carea' id='block_1_35' title="bbox 2181 1472 3826 1548">
    <p class='ocr_par' dir='ltr' id='par_1_35' title="bbox 2181 1472 3826 1548">
     <span class='ocr_line' id='line_1_35' title="bbox 2181 1472 3826 1548; baseline 0.002 -20"><span class='ocrx_word' id='word_1_220' title='bbox 2181 1475 2603 1548; x_wconf 82' lang='grc' dir='ltr'>ἐπιπρόσθησειν.</span> <span class='ocrx_word' id='word_1_221' title='bbox 2673 1473 2796 1528; x_wconf 73' lang='grc' dir='ltr'>’Υπό</span> <span class='ocrx_word' id='word_1_222' title='bbox 2888 1472 2948 1528; x_wconf 76' lang='grc' dir='ltr'>δε</span> <span class='ocrx_word' id='word_1_223' title='bbox 3031 1477 3170 1547; x_wconf 76' lang='grc' dir='ltr'>ζόφῳ</span> <span class='ocrx_word' id='word_1_224' title='bbox 3257 1473 3466 1548; x_wconf 75' lang='grc' dir='ltr'>τοιῷδε,</span> <span class='ocrx_word' id='word_1_225' title='bbox 3533 1478 3826 1542; x_wconf 70' lang='grc' dir='ltr'>κλέπταις</span> 
     </span>
    </p>
   </div>
   <div class='ocr_carea' id='block_1_36' title="bbox 2180 1561 3827 1638">
    <p class='ocr_par' dir='ltr' id='par_1_36' title="bbox 2180 1561 3827 1638">
     <span class='ocr_line' id='line_1_36' title="bbox 2180 1561 3827 1638; baseline 0.004 -23"><span class='ocrx_word' id='word_1_226' title='bbox 2180 1569 2270 1616; x_wconf 84' lang='grc' dir='ltr'>καὶ</span> <span class='ocrx_word' id='word_1_227' title='bbox 2321 1565 2480 1636; x_wconf 80' lang='grc' dir='ltr'>θηρσὶ</span> <span class='ocrx_word' id='word_1_228' title='bbox 2521 1567 2708 1626; x_wconf 90' lang='grc' dir='ltr'>νυκτός</span> <span class='ocrx_word' id='word_1_229' title='bbox 2754 1567 3000 1636; x_wconf 77' lang='grc' dir='ltr'>ἀμείνονι,</span> <span class='ocrx_word' id='word_1_230' title='bbox 3032 1569 3085 1616; x_wconf 88' lang='grc' dir='ltr'>τί</span> <span class='ocrx_word' id='word_1_231' title='bbox 3127 1573 3227 1616; x_wconf 81' lang='grc' dir='ltr'>τῶν</span> <span class='ocrx_word' id='word_1_232' title='bbox 3259 1561 3440 1618; x_wconf 83' lang='grc' dir='ltr'>δεινῶν</span> <span class='ocrx_word' id='word_1_233' title='bbox 3482 1567 3512 1624; x_wconf 76' lang='grc' dir='ltr'><strong>ἠ</strong></span> <span class='ocrx_word' id='word_1_234' title='bbox 3558 1569 3827 1638; x_wconf 80' lang='grc' dir='ltr'>σχετλία</span> 
     </span>
    </p>
   </div>
   <div class='ocr_carea' id='block_1_37' title="bbox 2746 1653 3818 1728">
    <p class='ocr_par' dir='ltr' id='par_1_37' title="bbox 2746 1653 3818 1728">
     <span class='ocr_line' id='line_1_37' title="bbox 2746 1653 3818 1728; baseline 0.005 -24"><span class='ocrx_word' id='word_1_235' title='bbox 2746 1657 2957 1714; x_wconf 84' lang='grc' dir='ltr'>Πάντως</span> <span class='ocrx_word' id='word_1_236' title='bbox 3046 1653 3345 1726; x_wconf 73' lang='grc' dir='ltr'>φορολόγοις</span> <span class='ocrx_word' id='word_1_237' title='bbox 3419 1661 3727 1728; x_wconf 88' lang='grc' dir='ltr'>εκκείσομαι</span> <span class='ocrx_word' id='word_1_238' title='bbox 3795 1680 3818 1691; x_wconf 85' lang='lat'><strong>-</strong></span> 
     </span>
    </p>
   </div>
   <div class='ocr_carea' id='block_1_38' title="bbox 2858 1750 2964 1803">
    <p class='ocr_par' dir='ltr' id='par_1_38' title="bbox 2858 1750 2964 1803">
     <span class='ocr_line' id='line_1_38' title="bbox 2858 1750 2964 1803; baseline 0 -9"><span class='ocrx_word' id='word_1_239' title='bbox 2858 1750 2964 1803; x_wconf 90' lang='grc' dir='ltr'>τοῖς</span> 
     </span>
    </p>
   </div>
   <div class='ocr_carea' id='block_1_39' title="bbox 2182 1653 2644 1724">
    <p class='ocr_par' dir='ltr' id='par_1_39' title="bbox 2182 1653 2644 1724">
     <span class='ocr_line' id='line_1_39' title="bbox 2182 1653 2644 1724; baseline -0.002 -19"><span class='ocrx_word' id='word_1_240' title='bbox 2182 1653 2240 1705; x_wconf 77' lang='grc' dir='ltr'>οῦ</span> <span class='ocrx_word' id='word_1_241' title='bbox 2333 1657 2584 1724; x_wconf 89' lang='grc' dir='ltr'>πείσομαι</span> <span class='ocrx_word' id='word_1_242' title='bbox 2630 1669 2644 1718; x_wconf 88' lang='grc'><strong>;</strong></span> 
     </span>
    </p>
   </div>
   <div class='ocr_carea' id='block_1_40' title="bbox 3065 1741 3824 1815">
    <p class='ocr_par' dir='ltr' id='par_1_40' title="bbox 3065 1741 3824 1815">
     <span class='ocr_line' id='line_1_40' title="bbox 3065 1741 3824 1815; baseline 0.007 -21"><span class='ocrx_word' id='word_1_243' title='bbox 3065 1741 3441 1815; x_wconf 73' lang='grc' dir='ltr'>ἀνθρωποφάγο</span> <span class='ocrx_word' id='word_1_244' title='bbox 3449 1764 3488 1804; x_wconf 88' lang='grc' dir='ltr'>ις</span> <span class='ocrx_word' id='word_1_245' title='bbox 3580 1749 3744 1799; x_wconf 82' lang='grc' dir='ltr'>τοῦτο</span> <span class='ocrx_word' id='word_1_246' title='bbox 3755 1767 3824 1806; x_wconf 83' lang='grc' dir='ltr'>ις</span> 
     </span>
    </p>
   </div>
   <div class='ocr_carea' id='block_1_41' title="bbox 425 1829 3819 1910">
    <p class='ocr_par' dir='ltr' id='par_1_41' title="bbox 425 1829 3819 1910">
     <span class='ocr_line' id='line_1_41' title="bbox 425 1829 3819 1910; baseline 0 -23"><span class='ocrx_word' id='word_1_247' title='bbox 425 1838 612 1910; x_wconf 84' lang='grc' dir='ltr'>θηρσὶν</span> <span class='ocrx_word' id='word_1_248' title='bbox 688 1834 922 1898; x_wconf 78' lang='grc' dir='ltr'>ἔκδοτοςο</span> <span class='ocrx_word' id='word_1_249' title='bbox 1001 1838 1190 1889; x_wconf 79' lang='grc' dir='ltr'>Οὐκέτι</span> <span class='ocrx_word' id='word_1_250' title='bbox 1263 1838 1365 1908; x_wconf 75' lang='grc' dir='ltr'>γὰρ</span> <span class='ocrx_word' id='word_1_251' title='bbox 1439 1833 1829 1908; x_wconf 73' lang='grc' dir='ltr'>ἐπαγρυπνησει</span> <span class='ocrx_word' id='word_1_252' title='bbox 1895 1851 1986 1904; x_wconf 89' lang='grc' dir='ltr'>μοι</span> <span class='ocrx_word' id='word_1_253' title='bbox 2051 1830 2240 1891; x_wconf 73' lang='grc' dir='ltr'>ἐκεῖνος</span> <span class='ocrx_word' id='word_1_254' title='bbox 2304 1832 2330 1882; x_wconf 90' lang='grc' dir='ltr'>ό</span> <span class='ocrx_word' id='word_1_255' title='bbox 2397 1835 2559 1902; x_wconf 72' lang='grc' dir='ltr'>μέγας</span> <span class='ocrx_word' id='word_1_256' title='bbox 2622 1829 2743 1902; x_wconf 81' lang='grc' dir='ltr'>ἐμός</span> <span class='ocrx_word' id='word_1_257' title='bbox 2807 1836 3022 1903; x_wconf 77' lang='grc' dir='ltr'>ποιμήν,</span> <span class='ocrx_word' id='word_1_258' title='bbox 3067 1837 3157 1884; x_wconf 79' lang='grc' dir='ltr'>καὶ</span> <span class='ocrx_word' id='word_1_259' title='bbox 3217 1838 3428 1904; x_wconf 89' lang='grc' dir='ltr'>μυρίοις</span> <span class='ocrx_word' id='word_1_260' title='bbox 3495 1830 3819 1910; x_wconf 62' lang='grc' dir='ltr'>διεγρηγο-</span> 
     </span>
    </p>
   </div>
   <div class='ocr_carea' id='block_1_42' title="bbox 422 1929 881 1997">
    <p class='ocr_par' dir='ltr' id='par_1_42' title="bbox 422 1929 881 1997">
     <span class='ocr_line' id='line_1_42' title="bbox 422 1929 881 1997; baseline 0.004 -23"><span class='ocrx_word' id='word_1_261' title='bbox 422 1930 495 1997; x_wconf 85' lang='grc' dir='ltr'>ρὼ</span> <span class='ocrx_word' id='word_1_262' title='bbox 507 1945 528 1986; x_wconf 89' lang='grc' dir='ltr'><strong>ς</strong></span> <span class='ocrx_word' id='word_1_263' title='bbox 602 1929 834 1997; x_wconf 79' lang='grc' dir='ltr'>ὄμμασιν</span> <span class='ocrx_word' id='word_1_264' title='bbox 867 1945 881 1957; x_wconf 76' lang='grc' dir='ltr'><strong><em>ο</em></strong></span> 
     </span>
    </p>
   </div>
   <div class='ocr_carea' id='block_1_43' title="bbox 941 1917 3819 1997">
    <p class='ocr_par' dir='ltr' id='par_1_43' title="bbox 941 1917 3819 1997">
     <span class='ocr_line' id='line_1_43' title="bbox 941 1917 3819 1997; baseline 0 -22"><span class='ocrx_word' id='word_1_265' title='bbox 941 1925 1000 1977; x_wconf 75' lang='grc' dir='ltr'>οὐ</span> <span class='ocrx_word' id='word_1_266' title='bbox 1050 1925 1260 1997; x_wconf 86' lang='grc' dir='ltr'>φυλάξει</span> <span class='ocrx_word' id='word_1_267' title='bbox 1323 1927 1500 1983; x_wconf 88' lang='grc' dir='ltr'>νυκτὸς</span> <span class='ocrx_word' id='word_1_268' title='bbox 1557 1927 1646 1974; x_wconf 87' lang='grc' dir='ltr'>καὶ</span> <span class='ocrx_word' id='word_1_269' title='bbox 1709 1921 1820 1994; x_wconf 80' lang='grc' dir='ltr'>μεθ’</span> <span class='ocrx_word' id='word_1_270' title='bbox 1887 1923 2082 1993; x_wconf 77' lang='grc' dir='ltr'>ἡμέραν</span> <span class='ocrx_word' id='word_1_271' title='bbox 2120 1919 2197 1971; x_wconf 81' lang='grc' dir='ltr'>ἐπ’</span> <span class='ocrx_word' id='word_1_272' title='bbox 2256 1917 2341 1990; x_wconf 71' lang='grc' dir='ltr'>ἐμὲ</span> <span class='ocrx_word' id='word_1_273' title='bbox 2405 1917 2634 1990; x_wconf 84' lang='grc' dir='ltr'>φυλακὰς</span> <span class='ocrx_word' id='word_1_274' title='bbox 2665 1940 2676 1951; x_wconf 90' lang='grc'>·</span> <span class='ocrx_word' id='word_1_275' title='bbox 2746 1917 2989 1972; x_wconf 76' lang='grc' dir='ltr'>καθεύδει</span> <span class='ocrx_word' id='word_1_276' title='bbox 3045 1924 3147 1993; x_wconf 69' lang='grc' dir='ltr'>γὰρ</span> <span class='ocrx_word' id='word_1_277' title='bbox 3205 1922 3362 1973; x_wconf 76' lang='grc' dir='ltr'>ὕπνον</span> <span class='ocrx_word' id='word_1_278' title='bbox 3437 1926 3591 1983; x_wconf 77' lang='grc' dir='ltr'>ὄντως</span> <span class='ocrx_word' id='word_1_279' title='bbox 3648 1944 3819 1996; x_wconf 71' lang='grc' dir='ltr'>παγ-</span> 
     </span>
    </p>
   </div>
   <div class='ocr_carea' id='block_1_44' title="bbox 420 2004 3814 2088">
    <p class='ocr_par' dir='ltr' id='par_1_44' title="bbox 420 2004 3814 2088">
     <span class='ocr_line' id='line_1_44' title="bbox 420 2004 3814 2088; baseline 0.001 -24"><span class='ocrx_word' id='word_1_280' title='bbox 420 2022 584 2088; x_wconf 83' lang='grc' dir='ltr'>κρατῆ</span> <span class='ocrx_word' id='word_1_281' title='bbox 664 2020 753 2065; x_wconf 79' lang='grc' dir='ltr'>καὶ</span> <span class='ocrx_word' id='word_1_282' title='bbox 828 2022 921 2066; x_wconf 90' lang='grc' dir='ltr'>τοῦ</span> <span class='ocrx_word' id='word_1_283' title='bbox 998 2016 1250 2074; x_wconf 76' lang='grc' dir='ltr'>συνήθους</span> <span class='ocrx_word' id='word_1_284' title='bbox 1306 2017 1642 2086; x_wconf 89' lang='grc' dir='ltr'>μακρότερον·</span> <span class='ocrx_word' id='word_1_285' title='bbox 1719 2009 1947 2084; x_wconf 81' lang='grc' dir='ltr'>ἀτρεμής</span> <span class='ocrx_word' id='word_1_286' title='bbox 2021 2005 2080 2062; x_wconf 74' lang='grc' dir='ltr'>δὲ</span> <span class='ocrx_word' id='word_1_287' title='bbox 2155 2004 2406 2080; x_wconf 74' lang='grc' dir='ltr'>σφενδόνη</span> <span class='ocrx_word' id='word_1_288' title='bbox 2483 2006 2645 2078; x_wconf 75' lang='grc' dir='ltr'>λόγων</span> <span class='ocrx_word' id='word_1_289' title='bbox 2720 2006 2934 2073; x_wconf 71' lang='grc' dir='ltr'>ἐκείνου,</span> <span class='ocrx_word' id='word_1_290' title='bbox 3008 2015 3099 2060; x_wconf 81' lang='grc' dir='ltr'>καὶ</span> <span class='ocrx_word' id='word_1_291' title='bbox 3173 2010 3343 2062; x_wconf 77' lang='grc' dir='ltr'>οὐκέτι</span> <span class='ocrx_word' id='word_1_292' title='bbox 3417 2010 3565 2082; x_wconf 81' lang='grc' dir='ltr'>φοϐεῖ</span> <span class='ocrx_word' id='word_1_293' title='bbox 3621 2015 3814 2085; x_wconf 77' lang='grc' dir='ltr'>θηρία</span> 
     </span>
    </p>
   </div>
   <div class='ocr_carea' id='block_1_45' title="bbox 421 2097 1958 2176">
    <p class='ocr_par' dir='ltr' id='par_1_45' title="bbox 421 2097 1958 2176">
     <span class='ocr_line' id='line_1_45' title="bbox 421 2097 1958 2176; baseline 0.005 -22"><span class='ocrx_word' id='word_1_294' title='bbox 421 2104 622 2176; x_wconf 87' lang='grc' dir='ltr'>πονηρά</span> <span class='ocrx_word' id='word_1_295' title='bbox 698 2099 988 2174; x_wconf 82' lang='grc' dir='ltr'>βάλλουσα.</span> <span class='ocrx_word' id='word_1_296' title='bbox 1066 2102 1245 2163; x_wconf 75' lang='grc' dir='ltr'>Ἀλλος</span> <span class='ocrx_word' id='word_1_297' title='bbox 1319 2103 1422 2173; x_wconf 75' lang='grc' dir='ltr'>γὰρ</span> <span class='ocrx_word' id='word_1_298' title='bbox 1514 2097 1574 2158; x_wconf 70' lang='grc' dir='ltr'>ἦν</span> <span class='ocrx_word' id='word_1_299' title='bbox 1649 2099 1797 2160; x_wconf 80' lang='grc' dir='ltr'>οὗτος</span> <span class='ocrx_word' id='word_1_300' title='bbox 1871 2103 1958 2155; x_wconf 69' lang='grc' dir='ltr'>τὴν</span> 
     </span>
    </p>
   </div>
   <div class='ocr_carea' id='block_1_46' title="bbox 425 2189 1555 2257">
    <p class='ocr_par' dir='ltr' id='par_1_46' title="bbox 425 2189 1555 2257">
     <span class='ocr_line' id='line_1_46' title="bbox 425 2189 1555 2257; baseline 0 -17"><span class='ocrx_word' id='word_1_301' title='bbox 425 2189 621 2257; x_wconf 88' lang='grc' dir='ltr'>λέοντα,</span> <span class='ocrx_word' id='word_1_302' title='bbox 689 2194 859 2245; x_wconf 79' lang='grc' dir='ltr'>εἴποτε</span> <span class='ocrx_word' id='word_1_303' title='bbox 921 2191 1072 2244; x_wconf 87' lang='grc' dir='ltr'>λάϐοι</span> <span class='ocrx_word' id='word_1_304' title='bbox 1145 2211 1198 2244; x_wconf 92' lang='grc' dir='ltr'>τι</span> <span class='ocrx_word' id='word_1_305' title='bbox 1271 2199 1368 2252; x_wconf 88' lang='grc' dir='ltr'>τῆς</span> <span class='ocrx_word' id='word_1_306' title='bbox 1440 2189 1555 2241; x_wconf 88' lang='grc' dir='ltr'>κατ’</span> 
     </span>
    </p>
   </div>
   <div class='ocr_carea' id='block_1_47' title="bbox 2057 2100 2402 2168">
    <p class='ocr_par' dir='ltr' id='par_1_47' title="bbox 2057 2100 2402 2168">
     <span class='ocr_line' id='line_1_47' title="bbox 2057 2100 2402 2168; baseline -0.009 -19"><span class='ocrx_word' id='word_1_307' title='bbox 2057 2100 2402 2168; x_wconf 79' lang='grc' dir='ltr'>ποιμαντικήν</span> 
     </span>
    </p>
   </div>
   <div class='ocr_carea' id='block_1_48' title="bbox 1631 2183 3803 2258">
    <p class='ocr_par' dir='ltr' id='par_1_48' title="bbox 1631 2183 3803 2258">
     <span class='ocr_line' id='line_1_48' title="bbox 1631 2183 3803 2258; baseline -0.003 -19"><span class='ocrx_word' id='word_1_308' title='bbox 1631 2188 1786 2240; x_wconf 70' lang='grc' dir='ltr'>αὐτὸν</span> <span class='ocrx_word' id='word_1_309' title='bbox 1861 2185 2050 2258; x_wconf 71' lang='grc' dir='ltr'>ἀγέλης</span> <span class='ocrx_word' id='word_1_310' title='bbox 2087 2185 2266 2252; x_wconf 81' lang='grc' dir='ltr'>ἐπιὼν,</span> <span class='ocrx_word' id='word_1_311' title='bbox 2334 2186 2454 2258; x_wconf 84' lang='grc' dir='ltr'>ὅπερ</span> <span class='ocrx_word' id='word_1_312' title='bbox 2516 2189 2606 2236; x_wconf 81' lang='grc' dir='ltr'>καὶ</span> <span class='ocrx_word' id='word_1_313' title='bbox 2667 2183 2858 2246; x_wconf 72' lang='grc' dir='ltr'>ἐξέσπα</span> <span class='ocrx_word' id='word_1_314' title='bbox 2929 2193 3023 2237; x_wconf 89' lang='grc' dir='ltr'>τοῦ</span> <span class='ocrx_word' id='word_1_315' title='bbox 3086 2191 3342 2258; x_wconf 85' lang='grc' dir='ltr'>στόματος</span> <span class='ocrx_word' id='word_1_316' title='bbox 3373 2209 3384 2221; x_wconf 75' lang='grc' dir='ltr'><strong>ο</strong></span> <span class='ocrx_word' id='word_1_317' title='bbox 3443 2210 3471 2238; x_wconf 80' lang='grc' dir='ltr'>ε(</span> <span class='ocrx_word' id='word_1_318' title='bbox 3539 2191 3605 2249; x_wconf 83' lang='grc' dir='ltr'>ὡς</span> <span class='ocrx_word' id='word_1_319' title='bbox 3663 2193 3803 2243; x_wconf 72' lang='grc' dir='ltr'>ὅταν</span> 
     </span>
    </p>
   </div>
   <div class='ocr_carea' id='block_1_49' title="bbox 2501 2091 3808 2168">
    <p class='ocr_par' dir='ltr' id='par_1_49' title="bbox 2501 2091 3808 2168">
     <span class='ocr_line' id='line_1_49' title="bbox 2501 2091 3808 2168; baseline 0.006 -22"><span class='ocrx_word' id='word_1_320' title='bbox 2501 2091 2668 2147; x_wconf 82' lang='grc' dir='ltr'>Δαυίδ</span> <span class='ocrx_word' id='word_1_321' title='bbox 2750 2097 2940 2168; x_wconf 78' lang='grc' dir='ltr'>ἄρκτον</span> <span class='ocrx_word' id='word_1_322' title='bbox 3039 2100 3244 2150; x_wconf 81' lang='grc' dir='ltr'>τύπτων</span> <span class='ocrx_word' id='word_1_323' title='bbox 3327 2103 3417 2151; x_wconf 80' lang='grc' dir='ltr'>καὶ</span> <span class='ocrx_word' id='word_1_324' title='bbox 3489 2103 3808 2154; x_wconf 75' lang='grc' dir='ltr'>πατάσσων</span> 
     </span>
    </p>
   </div>
   <div class='ocr_carea' id='block_1_50' title="bbox 425 2272 3801 2354">
    <p class='ocr_par' dir='ltr' id='par_1_50' title="bbox 425 2272 3801 2354">
     <span class='ocr_line' id='line_1_50' title="bbox 425 2272 3801 2354; baseline 0.001 -25"><span class='ocrx_word' id='word_1_325' title='bbox 425 2276 688 2351; x_wconf 73' lang='grc' dir='ltr'>ἓκσπάση,</span> <span class='ocrx_word' id='word_1_326' title='bbox 731 2282 962 2350; x_wconf 83' lang='grc' dir='ltr'>φησὶν,ό</span> <span class='ocrx_word' id='word_1_327' title='bbox 1023 2284 1216 2351; x_wconf 75' lang='grc' dir='ltr'>ποιμὴν</span> <span class='ocrx_word' id='word_1_328' title='bbox 1257 2276 1355 2331; x_wconf 79' lang='grc' dir='ltr'>δύο</span> <span class='ocrx_word' id='word_1_329' title='bbox 1413 2277 1592 2339; x_wconf 81' lang='grc' dir='ltr'>σκέλη,</span> <span class='ocrx_word' id='word_1_330' title='bbox 1641 2277 1671 2334; x_wconf 72' lang='grc' dir='ltr'>ᾖ</span> <span class='ocrx_word' id='word_1_331' title='bbox 1731 2274 1880 2327; x_wconf 85' lang='grc' dir='ltr'>λοϐόν</span> <span class='ocrx_word' id='word_1_332' title='bbox 1928 2276 2086 2326; x_wconf 81' lang='grc' dir='ltr'>ὠτίου</span> <span class='ocrx_word' id='word_1_333' title='bbox 2125 2273 2180 2326; x_wconf 74' lang='grc' dir='ltr'>ἐκ</span> <span class='ocrx_word' id='word_1_334' title='bbox 2220 2277 2481 2344; x_wconf 86' lang='grc' dir='ltr'>στόματος</span> <span class='ocrx_word' id='word_1_335' title='bbox 2534 2272 2745 2334; x_wconf 79' lang='grc' dir='ltr'>λέοντος.</span> <span class='ocrx_word' id='word_1_336' title='bbox 2781 2297 2809 2323; x_wconf 88' lang='grc'>››</span> <span class='ocrx_word' id='word_1_337' title='bbox 2875 2273 2938 2326; x_wconf 84' lang='grc' dir='ltr'>Ἢ</span> <span class='ocrx_word' id='word_1_338' title='bbox 2979 2278 3080 2348; x_wconf 68' lang='grc' dir='ltr'>γὰρ</span> <span class='ocrx_word' id='word_1_339' title='bbox 3139 2274 3402 2337; x_wconf 82' lang='grc' dir='ltr'>ἀλαλὴτως</span> <span class='ocrx_word' id='word_1_340' title='bbox 3465 2276 3587 2330; x_wconf 73' lang='grc' dir='ltr'>έϐόα</span> <span class='ocrx_word' id='word_1_341' title='bbox 3645 2284 3801 2354; x_wconf 80' lang='grc' dir='ltr'>πρὸς</span> 
     </span>
    </p>
   </div>
   <div class='ocr_carea' id='block_1_51' title="bbox 427 2361 3796 2440">
    <p class='ocr_par' dir='ltr' id='par_1_51' title="bbox 427 2361 3796 2440">
     <span class='ocr_line' id='line_1_51' title="bbox 427 2361 3796 2440; baseline 0.001 -21"><span class='ocrx_word' id='word_1_342' title='bbox 427 2370 637 2440; x_wconf 79' lang='grc' dir='ltr'>Κύριον,</span> <span class='ocrx_word' id='word_1_343' title='bbox 706 2367 734 2424; x_wconf 75' lang='grc' dir='ltr'><strong>ἦ</strong></span> <span class='ocrx_word' id='word_1_344' title='bbox 780 2366 1089 2438; x_wconf 86' lang='grc' dir='ltr'>βασιλεῦσιν</span> <span class='ocrx_word' id='word_1_345' title='bbox 1164 2366 1448 2427; x_wconf 78' lang='grc' dir='ltr'>ἐπέστελλε,</span> <span class='ocrx_word' id='word_1_346' title='bbox 1489 2370 1580 2417; x_wconf 86' lang='grc' dir='ltr'>καὶ</span> <span class='ocrx_word' id='word_1_347' title='bbox 1651 2366 1897 2437; x_wconf 87' lang='grc' dir='ltr'>παραυτά</span> <span class='ocrx_word' id='word_1_348' title='bbox 1938 2367 1996 2414; x_wconf 88' lang='grc' dir='ltr'>τό</span> <span class='ocrx_word' id='word_1_349' title='bbox 2034 2363 2226 2415; x_wconf 81' lang='grc' dir='ltr'>λυποῦν</span> <span class='ocrx_word' id='word_1_350' title='bbox 2266 2364 2439 2433; x_wconf 78' lang='grc' dir='ltr'>ὥσπερ</span> <span class='ocrx_word' id='word_1_351' title='bbox 2495 2381 2546 2414; x_wconf 92' lang='grc' dir='ltr'>τι</span> <span class='ocrx_word' id='word_1_352' title='bbox 2618 2366 2759 2434; x_wconf 88' lang='grc' dir='ltr'>νέφος</span> <span class='ocrx_word' id='word_1_353' title='bbox 2833 2369 3151 2434; x_wconf 88' lang='grc' dir='ltr'>παρίπτατο.</span> <span class='ocrx_word' id='word_1_354' title='bbox 3199 2371 3304 2416; x_wconf 85' lang='grc' dir='ltr'>Νῦν</span> <span class='ocrx_word' id='word_1_355' title='bbox 3372 2361 3432 2418; x_wconf 74' lang='grc' dir='ltr'>δε</span> <span class='ocrx_word' id='word_1_356' title='bbox 3493 2364 3621 2418; x_wconf 84' lang='grc' dir='ltr'>ἀλλά</span> <span class='ocrx_word' id='word_1_357' title='bbox 3685 2373 3796 2422; x_wconf 78' lang='grc' dir='ltr'>καὶ</span> 
     </span>
    </p>
   </div>
   <div class='ocr_carea' id='block_1_52' title="bbox 415 2449 3795 2528">
    <p class='ocr_par' dir='ltr' id='par_1_52' title="bbox 415 2449 3795 2528">
     <span class='ocr_line' id='line_1_52' title="bbox 415 2449 3795 2528; baseline 0.001 -23"><span class='ocrx_word' id='word_1_358' title='bbox 415 2455 442 2505; x_wconf 91' lang='grc' dir='ltr'>ό</span> <span class='ocrx_word' id='word_1_359' title='bbox 506 2450 717 2506; x_wconf 88' lang='grc' dir='ltr'>τοιόσδε</span> <span class='ocrx_word' id='word_1_360' title='bbox 782 2455 921 2525; x_wconf 76' lang='grc' dir='ltr'>φςῦῙ</span> <span class='ocrx_word' id='word_1_361' title='bbox 1000 2457 1214 2527; x_wconf 71' lang='grc' dir='ltr'>ἡρπάγη</span> <span class='ocrx_word' id='word_1_362' title='bbox 1277 2457 1476 2525; x_wconf 85' lang='grc' dir='ltr'>θανάτῳ</span> <span class='ocrx_word' id='word_1_363' title='bbox 1535 2457 1718 2514; x_wconf 75' lang='grc' dir='ltr'>νυκτὸς</span> <span class='ocrx_word' id='word_1_364' title='bbox 1780 2451 2100 2521; x_wconf 80' lang='grc' dir='ltr'>ἐπιπεσόντι,</span> <span class='ocrx_word' id='word_1_365' title='bbox 2143 2453 2226 2503; x_wconf 72' lang='grc' dir='ltr'>ὅτε</span> <span class='ocrx_word' id='word_1_366' title='bbox 2279 2453 2412 2525; x_wconf 88' lang='grc' dir='ltr'>πρὸς</span> <span class='ocrx_word' id='word_1_367' title='bbox 2474 2449 2659 2522; x_wconf 85' lang='grc' dir='ltr'>βραχὺ</span> <span class='ocrx_word' id='word_1_368' title='bbox 2726 2459 2834 2512; x_wconf 92' lang='grc' dir='ltr'>τοῖς</span> <span class='ocrx_word' id='word_1_369' title='bbox 2899 2453 3258 2528; x_wconf 77' lang='grc' dir='ltr'>μεθημερινοῖς</span> <span class='ocrx_word' id='word_1_370' title='bbox 3319 2456 3545 2525; x_wconf 86' lang='grc' dir='ltr'>μόχθοις</span> <span class='ocrx_word' id='word_1_371' title='bbox 3604 2454 3795 2508; x_wconf 68' lang='grc' dir='ltr'>ἐπινυ-</span> 
     </span>
    </p>
   </div>
   <div class='ocr_carea' id='block_1_53' title="bbox 418 2535 2362 2615">
    <p class='ocr_par' dir='ltr' id='par_1_53' title="bbox 418 2535 2362 2615">
     <span class='ocr_line' id='line_1_53' title="bbox 418 2535 2362 2615; baseline -0.001 -23"><span class='ocrx_word' id='word_1_372' title='bbox 418 2541 615 2604; x_wconf 86' lang='grc' dir='ltr'>στάξας</span> <span class='ocrx_word' id='word_1_373' title='bbox 687 2543 1023 2601; x_wconf 81' lang='grc' dir='ltr'>κατακλιθείη</span> <span class='ocrx_word' id='word_1_374' title='bbox 1092 2542 1176 2595; x_wconf 74' lang='grc' dir='ltr'>ἐπὶ</span> <span class='ocrx_word' id='word_1_375' title='bbox 1245 2550 1540 2615; x_wconf 81' lang='grc' dir='ltr'>στρωμνῆς,</span> <span class='ocrx_word' id='word_1_376' title='bbox 1607 2538 1731 2593; x_wconf 73' lang='grc' dir='ltr'>οὐδὲ</span> <span class='ocrx_word' id='word_1_377' title='bbox 1793 2539 2031 2592; x_wconf 86' lang='grc' dir='ltr'>λοισθίου</span> <span class='ocrx_word' id='word_1_378' title='bbox 2103 2535 2362 2611; x_wconf 81' lang='grc' dir='ltr'>μεταδούς</span> 
     </span>
    </p>
   </div>
   <div class='ocr_carea' id='block_1_54' title="bbox 1835 2623 3788 2704">
    <p class='ocr_par' dir='ltr' id='par_1_54' title="bbox 1835 2623 3788 2704">
     <span class='ocr_line' id='line_1_54' title="bbox 1835 2623 3788 2704; baseline 0.003 -24"><span class='ocrx_word' id='word_1_379' title='bbox 1835 2627 1964 2681; x_wconf 85' lang='grc' dir='ltr'>Εἶτα</span> <span class='ocrx_word' id='word_1_380' title='bbox 2048 2624 2254 2682; x_wconf 83' lang='grc' dir='ltr'>τοιοῦδε</span> <span class='ocrx_word' id='word_1_381' title='bbox 2341 2623 2528 2702; x_wconf 88' lang='grc' dir='ltr'>ἀνδρὸς</span> <span class='ocrx_word' id='word_1_382' title='bbox 2619 2627 2934 2695; x_wconf 78' lang='grc' dir='ltr'>ἐκπεσοῦσα,</span> <span class='ocrx_word' id='word_1_383' title='bbox 3006 2628 3278 2682; x_wconf 83' lang='grc' dir='ltr'>ἐπιϐιῶναι</span> <span class='ocrx_word' id='word_1_384' title='bbox 3350 2633 3382 2689; x_wconf 83' lang='grc' dir='ltr'><strong>ἠ</strong></span> <span class='ocrx_word' id='word_1_385' title='bbox 3461 2628 3788 2704; x_wconf 81' lang='grc' dir='ltr'>δυσδαίμων</span> 
     </span>
    </p>
   </div>
   <div class='ocr_carea' id='block_1_55' title="bbox 415 2630 1734 2705">
    <p class='ocr_par' dir='ltr' id='par_1_55' title="bbox 415 2630 1734 2705">
     <span class='ocr_line' id='line_1_55' title="bbox 415 2630 1734 2705; baseline 0.004 -24"><span class='ocrx_word' id='word_1_386' title='bbox 415 2637 641 2696; x_wconf 83' lang='grc' dir='ltr'>ῦστατα,</span> <span class='ocrx_word' id='word_1_387' title='bbox 731 2631 789 2683; x_wconf 77' lang='grc' dir='ltr'>οὐ</span> <span class='ocrx_word' id='word_1_388' title='bbox 862 2634 930 2683; x_wconf 83' lang='grc' dir='ltr'>τὰ</span> <span class='ocrx_word' id='word_1_389' title='bbox 1001 2631 1242 2705; x_wconf 81' lang='grc' dir='ltr'>ἑξιτήρια</span> <span class='ocrx_word' id='word_1_390' title='bbox 1330 2630 1734 2702; x_wconf 84' lang='grc' dir='ltr'>συνταξάμενος.</span> 
     </span>
    </p>
   </div>
   <div class='ocr_carea' id='block_1_56' title="bbox 413 2717 696 2789">
    <p class='ocr_par' dir='ltr' id='par_1_56' title="bbox 413 2717 696 2789">
     <span class='ocr_line' id='line_1_56' title="bbox 413 2717 696 2789; baseline 0.007 -21"><span class='ocrx_word' id='word_1_391' title='bbox 413 2717 658 2788; x_wconf 80' lang='grc' dir='ltr'>ἀνέξομαι</span> <span class='ocrx_word' id='word_1_392' title='bbox 677 2737 696 2789; x_wconf 57' lang='grc' dir='ltr'>ς</span> 
     </span>
    </p>
   </div>
   <div class='ocr_carea' id='block_1_57' title="bbox 2454 2540 3795 2614">
    <p class='ocr_par' dir='ltr' id='par_1_57' title="bbox 2454 2540 3795 2614">
     <span class='ocr_line' id='line_1_57' title="bbox 2454 2540 3795 2614; baseline 0.005 -24"><span class='ocrx_word' id='word_1_393' title='bbox 2454 2558 2545 2611; x_wconf 91' lang='grc' dir='ltr'>μοι</span> <span class='ocrx_word' id='word_1_394' title='bbox 2625 2542 3079 2613; x_wconf 69' lang='grc' dir='ltr'>προσφθέγματος,</span> <span class='ocrx_word' id='word_1_395' title='bbox 3169 2541 3264 2594; x_wconf 70' lang='grc' dir='ltr'>οὐκ</span> <span class='ocrx_word' id='word_1_396' title='bbox 3322 2540 3624 2614; x_wconf 72' lang='grc' dir='ltr'>ἐπισκήψας</span> <span class='ocrx_word' id='word_1_397' title='bbox 3709 2547 3795 2598; x_wconf 77' lang='grc' dir='ltr'>τὰ</span> 
     </span>
    </p>
   </div>
   <div class='ocr_carea' id='block_1_58' title="bbox 487 2802 2089 2881">
    <p class='ocr_par' dir='ltr' id='par_1_58' title="bbox 487 2806 2064 2879">
     <span class='ocr_line' id='line_1_58' title="bbox 487 2806 2064 2879; baseline 0.001 -18"><span class='ocrx_word' id='word_1_398' title='bbox 487 2809 620 2861; x_wconf 70' lang='lat' dir='ltr'>Haec</span> <span class='ocrx_word' id='word_1_399' title='bbox 668 2811 724 2862; x_wconf 90' lang='lat' dir='ltr'>et</span> <span class='ocrx_word' id='word_1_400' title='bbox 777 2806 894 2863; x_wconf 82' lang='lat' dir='ltr'>alia</span> <span class='ocrx_word' id='word_1_401' title='bbox 935 2808 1286 2879; x_wconf 89' lang='lat' dir='ltr'>hujusmodi</span> <span class='ocrx_word' id='word_1_402' title='bbox 1329 2824 1468 2864; x_wconf 91' lang='lat' dir='ltr'>cum</span> <span class='ocrx_word' id='word_1_403' title='bbox 1517 2808 1743 2879; x_wconf 80' lang='lat' dir='ltr'>gemitu</span> <span class='ocrx_word' id='word_1_404' title='bbox 1792 2807 2064 2863; x_wconf 89' lang='lat' dir='ltr'>clamans</span> 
     </span>
    </p>
   </div>
   <div class='ocr_carea' id='block_1_59' title="bbox 2167 2802 3788 2881">
    <p class='ocr_par' dir='ltr' id='par_1_59' title="bbox 2247 2802 3788 2881">
     <span class='ocr_line' id='line_1_59' title="bbox 2247 2802 3788 2881; baseline 0.005 -24"><span class='ocrx_word' id='word_1_405' title='bbox 2247 2804 2418 2858; x_wconf 89' lang='grc' dir='ltr'>Πολλά</span> <span class='ocrx_word' id='word_1_406' title='bbox 2453 2802 2636 2858; x_wconf 88' lang='grc' dir='ltr'>τοιάδε</span> <span class='ocrx_word' id='word_1_407' title='bbox 2688 2805 3048 2864; x_wconf 86' lang='grc' dir='ltr'>Θεσσαλονίκη</span> <span class='ocrx_word' id='word_1_408' title='bbox 3105 2807 3353 2870; x_wconf 88' lang='grc' dir='ltr'>πολλάκις</span> <span class='ocrx_word' id='word_1_409' title='bbox 3405 2807 3788 2881; x_wconf 83' lang='grc' dir='ltr'>ἀνοιμώζουσα</span> 
     </span>
    </p>
   </div>
   <div class='ocr_carea' id='block_1_60' title="bbox 411 2893 2040 2969">
    <p class='ocr_par' dir='ltr' id='par_1_60' title="bbox 411 2893 2040 2969">
     <span class='ocr_line' id='line_1_60' title="bbox 411 2893 2040 2969; baseline 0.002 -21"><span class='ocrx_word' id='word_1_410' title='bbox 411 2893 825 2951; x_wconf 89' lang='lat' dir='ltr'>Thessalonice</span> <span class='ocrx_word' id='word_1_411' title='bbox 847 2901 1155 2953; x_wconf 90' lang='lat' dir='ltr'>mortuum</span> <span class='ocrx_word' id='word_1_412' title='bbox 1176 2897 1514 2969; x_wconf 91' lang='lat' dir='ltr'>deplorabit</span> <span class='ocrx_word' id='word_1_413' title='bbox 1529 2903 1586 2953; x_wconf 89' lang='lat' dir='ltr'>et</span> <span class='ocrx_word' id='word_1_414' title='bbox 1603 2899 1664 2953; x_wconf 92' lang='lat' dir='ltr'>in</span> <span class='ocrx_word' id='word_1_415' title='bbox 1685 2912 1910 2953; x_wconf 90' lang='lat' dir='ltr'>vanum</span> <span class='ocrx_word' id='word_1_416' title='bbox 1930 2911 2040 2952; x_wconf 88' lang='lat' dir='ltr'>evo</span> 
     </span>
    </p>
   </div>
   <div class='ocr_carea' id='block_1_61' title="bbox 409 2983 2061 3058">
    <p class='ocr_par' dir='ltr' id='par_1_61' title="bbox 409 2983 2061 3058">
     <span class='ocr_line' id='line_1_61' title="bbox 409 2983 2061 3058; baseline 0.002 -20"><span class='ocrx_word' id='word_1_417' title='bbox 409 2983 571 3039; x_wconf 91' lang='lat' dir='ltr'>cabit</span> <span class='ocrx_word' id='word_1_418' title='bbox 599 3001 612 3038; x_wconf 92' lang='lat'>:</span> <span class='ocrx_word' id='word_1_419' title='bbox 648 3001 888 3056; x_wconf 89' lang='lat' dir='ltr'>semper</span> <span class='ocrx_word' id='word_1_420' title='bbox 917 2986 1076 3042; x_wconf 92' lang='lat' dir='ltr'>enim</span> <span class='ocrx_word' id='word_1_421' title='bbox 1109 2993 1233 3042; x_wconf 89' lang='lat' dir='ltr'>tam</span> <span class='ocrx_word' id='word_1_422' title='bbox 1262 2987 1428 3043; x_wconf 87' lang='lat' dir='ltr'>chari</span> <span class='ocrx_word' id='word_1_423' title='bbox 1466 2987 1699 3058; x_wconf 90' lang='lat' dir='ltr'>capitis,</span> <span class='ocrx_word' id='word_1_424' title='bbox 1732 2985 2061 3058; x_wconf 73' lang='lat' dir='ltr'>praesertim</span> 
     </span>
    </p>
   </div>
   <div class='ocr_carea' id='block_1_62' title="bbox 408 3070 2060 3148">
    <p class='ocr_par' dir='ltr' id='par_1_62' title="bbox 408 3070 2060 3148">
     <span class='ocr_line' id='line_1_62' title="bbox 408 3070 2060 3148; baseline 0.003 -22"><span class='ocrx_word' id='word_1_425' title='bbox 408 3070 559 3127; x_wconf 91' lang='lat' dir='ltr'>inter</span> <span class='ocrx_word' id='word_1_426' title='bbox 586 3087 682 3128; x_wconf 92' lang='lat' dir='ltr'>res</span> <span class='ocrx_word' id='word_1_427' title='bbox 725 3073 1035 3140; x_wconf 89' lang='lat' dir='ltr'>adversas,</span> <span class='ocrx_word' id='word_1_428' title='bbox 1070 3091 1306 3132; x_wconf 89' lang='lat' dir='ltr'>memor</span> <span class='ocrx_word' id='word_1_429' title='bbox 1334 3075 1459 3132; x_wconf 90' lang='lat' dir='ltr'>erit.</span> <span class='ocrx_word' id='word_1_430' title='bbox 1500 3077 1583 3132; x_wconf 87' lang='lat' dir='ltr'>Tu</span> <span class='ocrx_word' id='word_1_431' title='bbox 1621 3075 1891 3148; x_wconf 90' lang='lat' dir='ltr'>quidem,</span> <span class='ocrx_word' id='word_1_432' title='bbox 1915 3074 2060 3131; x_wconf 87' lang='lat' dir='ltr'>bea-</span> 
     </span>
    </p>
   </div>
   <div class='ocr_carea' id='block_1_63' title="bbox 408 3162 2060 3235">
    <p class='ocr_par' dir='ltr' id='par_1_63' title="bbox 408 3162 2060 3235">
     <span class='ocr_line' id='line_1_63' title="bbox 408 3162 2060 3235; baseline 0.004 -19"><span class='ocrx_word' id='word_1_433' title='bbox 408 3162 635 3218; x_wconf 88' lang='lat' dir='ltr'>tissime</span> <span class='ocrx_word' id='word_1_434' title='bbox 654 3179 724 3218; x_wconf 88' lang='lat' dir='ltr'>ac</span> <span class='ocrx_word' id='word_1_435' title='bbox 743 3164 1184 3235; x_wconf 89' lang='lat' dir='ltr'>sapientissime</span> <span class='ocrx_word' id='word_1_436' title='bbox 1201 3167 1467 3234; x_wconf 88' lang='lat' dir='ltr'>antistes,</span> <span class='ocrx_word' id='word_1_437' title='bbox 1481 3181 1619 3221; x_wconf 91' lang='lat' dir='ltr'>cum</span> <span class='ocrx_word' id='word_1_438' title='bbox 1643 3182 1884 3221; x_wconf 90' lang='lat' dir='ltr'>summa</span> <span class='ocrx_word' id='word_1_439' title='bbox 1902 3170 2060 3222; x_wconf 91' lang='lat' dir='ltr'>tran-</span> 
     </span>
    </p>
   </div>
   <div class='ocr_carea' id='block_1_64' title="bbox 407 3250 2061 3324">
    <p class='ocr_par' dir='ltr' id='par_1_64' title="bbox 407 3250 2061 3324">
     <span class='ocr_line' id='line_1_64' title="bbox 407 3250 2061 3324; baseline 0.003 -20"><span class='ocrx_word' id='word_1_440' title='bbox 407 3250 696 3322; x_wconf 88' lang='lat' dir='ltr'>quillitate</span> <span class='ocrx_word' id='word_1_441' title='bbox 725 3267 755 3306; x_wconf 92' lang='lat' dir='ltr'>e</span> <span class='ocrx_word' id='word_1_442' title='bbox 780 3252 902 3308; x_wconf 89' lang='lat' dir='ltr'>vita</span> <span class='ocrx_word' id='word_1_443' title='bbox 931 3255 1252 3323; x_wconf 82' lang='lat' dir='ltr'>excessisti,</span> <span class='ocrx_word' id='word_1_444' title='bbox 1275 3254 1440 3310; x_wconf 90' lang='lat' dir='ltr'>nullo</span> <span class='ocrx_word' id='word_1_445' title='bbox 1460 3254 1696 3324; x_wconf 89' lang='lat' dir='ltr'>morbo,</span> <span class='ocrx_word' id='word_1_446' title='bbox 1727 3254 1875 3310; x_wconf 90' lang='lat' dir='ltr'>nulli</span> <span class='ocrx_word' id='word_1_447' title='bbox 1903 3255 2061 3310; x_wconf 90' lang='lat' dir='ltr'>curis</span> 
     </span>
    </p>
   </div>
   <div class='ocr_carea' id='block_1_65' title="bbox 409 3339 2062 3414">
    <p class='ocr_par' dir='ltr' id='par_1_65' title="bbox 409 3339 2062 3414">
     <span class='ocr_line' id='line_1_65' title="bbox 409 3339 2062 3414; baseline 0.004 -22"><span class='ocrx_word' id='word_1_448' title='bbox 409 3339 782 3394; x_wconf 87' lang='lat' dir='ltr'>terrestribus</span> <span class='ocrx_word' id='word_1_449' title='bbox 812 3347 1062 3398; x_wconf 86' lang='lat' dir='ltr'>vexatus</span> <span class='ocrx_word' id='word_1_450' title='bbox 1094 3360 1106 3407; x_wconf 96' lang='lat'>;</span> <span class='ocrx_word' id='word_1_451' title='bbox 1137 3358 1357 3414; x_wconf 89' lang='lat' dir='ltr'>corpus</span> <span class='ocrx_word' id='word_1_452' title='bbox 1382 3343 1539 3400; x_wconf 92' lang='lat' dir='ltr'>enim</span> <span class='ocrx_word' id='word_1_453' title='bbox 1573 3348 1863 3414; x_wconf 88' lang='lat' dir='ltr'>tanquam</span> <span class='ocrx_word' id='word_1_454' title='bbox 1889 3343 2062 3399; x_wconf 91' lang='lat' dir='ltr'>indu-</span> 
     </span>
    </p>
   </div>
   <div class='ocr_carea' id='block_1_66' title="bbox 407 3425 2061 3502">
    <p class='ocr_par' dir='ltr' id='par_1_66' title="bbox 407 3425 2061 3502">
     <span class='ocr_line' id='line_1_66' title="bbox 407 3425 2061 3502; baseline 0.005 -23"><span class='ocrx_word' id='word_1_455' title='bbox 407 3425 565 3480; x_wconf 89' lang='lat' dir='ltr'>sium</span> <span class='ocrx_word' id='word_1_456' title='bbox 599 3426 726 3482; x_wconf 88' lang='lat' dir='ltr'>sine</span> <span class='ocrx_word' id='word_1_457' title='bbox 779 3427 966 3484; x_wconf 90' lang='lat' dir='ltr'>animi</span> <span class='ocrx_word' id='word_1_458' title='bbox 1023 3429 1228 3485; x_wconf 89' lang='lat' dir='ltr'>dolore</span> <span class='ocrx_word' id='word_1_459' title='bbox 1286 3431 1516 3486; x_wconf 80' lang='lat' dir='ltr'>exuisti.</span> <span class='ocrx_word' id='word_1_460' title='bbox 1578 3432 1854 3502; x_wconf 87' lang='lat' dir='ltr'>Corporis</span> <span class='ocrx_word' id='word_1_461' title='bbox 1899 3433 2061 3488; x_wconf 89' lang='lat' dir='ltr'>enim</span> 
     </span>
    </p>
   </div>
   <div class='ocr_carea' id='block_1_67' title="bbox 403 3515 2058 3588">
    <p class='ocr_par' dir='ltr' id='par_1_67' title="bbox 403 3515 2058 3588">
     <span class='ocr_line' id='line_1_67' title="bbox 403 3515 2058 3588; baseline 0.005 -19"><span class='ocrx_word' id='word_1_462' title='bbox 403 3515 820 3571; x_wconf 86' lang='lat' dir='ltr'>membrorum</span> <span class='ocrx_word' id='word_1_463' title='bbox 848 3517 1060 3572; x_wconf 90' lang='lat' dir='ltr'>rationi</span> <span class='ocrx_word' id='word_1_464' title='bbox 1082 3525 1553 3574; x_wconf 87' lang='lat' dir='ltr'>consentaneum</span> <span class='ocrx_word' id='word_1_465' title='bbox 1577 3520 1808 3588; x_wconf 81' lang='lat' dir='ltr'>gessisti</span> <span class='ocrx_word' id='word_1_466' title='bbox 1827 3536 2058 3583; x_wconf 88' lang='lat' dir='ltr'>curam,</span> 
     </span>
    </p>
   </div>
   <div class='ocr_carea' id='block_1_68' title="bbox 403 3606 2060 3680">
    <p class='ocr_par' dir='ltr' id='par_1_68' title="bbox 403 3606 2060 3680">
     <span class='ocr_line' id='line_1_68' title="bbox 403 3606 2060 3680; baseline 0.005 -24"><span class='ocrx_word' id='word_1_467' title='bbox 403 3607 468 3656; x_wconf 95' lang='lat' dir='ltr'>ut</span> <span class='ocrx_word' id='word_1_468' title='bbox 497 3608 750 3660; x_wconf 87' lang='lat' dir='ltr'>mortem</span> <span class='ocrx_word' id='word_1_469' title='bbox 803 3621 990 3677; x_wconf 91' lang='lat' dir='ltr'>quam</span> <span class='ocrx_word' id='word_1_470' title='bbox 1042 3606 1390 3678; x_wconf 89' lang='lat' dir='ltr'>longissime</span> <span class='ocrx_word' id='word_1_471' title='bbox 1442 3608 1934 3680; x_wconf 87' lang='lat' dir='ltr'>procrastinares.</span> <span class='ocrx_word' id='word_1_472' title='bbox 1991 3610 2060 3664; x_wconf 94' lang='lat' dir='ltr'>Ut</span> 
     </span>
    </p>
   </div>
   <div class='ocr_carea' id='block_1_69' title="bbox 403 3690 2058 3768">
    <p class='ocr_par' dir='ltr' id='par_1_69' title="bbox 403 3690 2058 3768">
     <span class='ocr_line' id='line_1_69' title="bbox 403 3690 2058 3768; baseline 0.004 -23"><span class='ocrx_word' id='word_1_473' title='bbox 403 3690 564 3746; x_wconf 93' lang='lat' dir='ltr'>enim</span> <span class='ocrx_word' id='word_1_474' title='bbox 595 3691 813 3761; x_wconf 90' lang='lat' dir='ltr'>globus</span> <span class='ocrx_word' id='word_1_475' title='bbox 839 3709 962 3750; x_wconf 90' lang='lat' dir='ltr'>uno</span> <span class='ocrx_word' id='word_1_476' title='bbox 986 3699 1221 3751; x_wconf 89' lang='lat' dir='ltr'>tantum</span> <span class='ocrx_word' id='word_1_477' title='bbox 1243 3703 1468 3767; x_wconf 91' lang='lat' dir='ltr'>puncto</span> <span class='ocrx_word' id='word_1_478' title='bbox 1487 3701 1654 3752; x_wconf 60' lang='lat' dir='ltr'>terra;</span> <span class='ocrx_word' id='word_1_479' title='bbox 1681 3695 2058 3768; x_wconf 87' lang='lat' dir='ltr'>superﬁciem</span> 
     </span>
    </p>
   </div>
   <div class='ocr_carea' id='block_1_70' title="bbox 402 3781 2058 3858">
    <p class='ocr_par' dir='ltr' id='par_1_70' title="bbox 402 3781 2058 3858">
     <span class='ocr_line' id='line_1_70' title="bbox 402 3781 2058 3858; baseline 0.004 -24"><span class='ocrx_word' id='word_1_480' title='bbox 402 3781 611 3850; x_wconf 85' lang='lat' dir='ltr'>tangit,</span> <span class='ocrx_word' id='word_1_481' title='bbox 635 3781 719 3836; x_wconf 92' lang='lat' dir='ltr'>sic</span> <span class='ocrx_word' id='word_1_482' title='bbox 745 3796 991 3855; x_wconf 89' lang='lat' dir='ltr'>quoque</span> <span class='ocrx_word' id='word_1_483' title='bbox 1013 3799 1232 3856; x_wconf 89' lang='lat' dir='ltr'>corpus</span> <span class='ocrx_word' id='word_1_484' title='bbox 1257 3790 1424 3840; x_wconf 92' lang='lat' dir='ltr'>tuum</span> <span class='ocrx_word' id='word_1_485' title='bbox 1453 3801 1638 3858; x_wconf 85' lang='lat' dir='ltr'>quam</span> <span class='ocrx_word' id='word_1_486' title='bbox 1665 3785 1913 3840; x_wconf 89' lang='lat' dir='ltr'>minime</span> <span class='ocrx_word' id='word_1_487' title='bbox 1934 3787 2058 3841; x_wconf 86' lang='lat' dir='ltr'>ani-</span> 
     </span>
    </p>
   </div>
   <div class='ocr_carea' id='block_1_71' title="bbox 401 3872 2058 3945">
    <p class='ocr_par' dir='ltr' id='par_1_71' title="bbox 401 3872 2058 3945">
     <span class='ocr_line' id='line_1_71' title="bbox 401 3872 2058 3945; baseline 0.004 -23"><span class='ocrx_word' id='word_1_488' title='bbox 401 3883 569 3924; x_wconf 91' lang='lat' dir='ltr'>mam</span> <span class='ocrx_word' id='word_1_489' title='bbox 627 3872 1056 3940; x_wconf 89' lang='lat' dir='ltr'>contrectabat,</span> <span class='ocrx_word' id='word_1_490' title='bbox 1106 3889 1182 3929; x_wconf 87' lang='lat' dir='ltr'>ne</span> <span class='ocrx_word' id='word_1_491' title='bbox 1239 3888 1348 3945; x_wconf 85' lang='lat' dir='ltr'>per</span> <span class='ocrx_word' id='word_1_492' title='bbox 1386 3889 1672 3932; x_wconf 91' lang='lat' dir='ltr'>sensuum</span> <span class='ocrx_word' id='word_1_493' title='bbox 1725 3874 2058 3944; x_wconf 87' lang='lat' dir='ltr'>voluptates</span> 
     </span>
    </p>
   </div>
   <div class='ocr_carea' id='block_1_72' title="bbox 399 3955 2057 4034">
    <p class='ocr_par' dir='ltr' id='par_1_72' title="bbox 399 3955 2057 4034">
     <span class='ocr_line' id='line_1_72' title="bbox 399 3955 2057 4034; baseline 0.003 -23"><span class='ocrx_word' id='word_1_494' title='bbox 399 3955 692 4014; x_wconf 89' lang='lat' dir='ltr'>damnum</span> <span class='ocrx_word' id='word_1_495' title='bbox 725 3959 1056 4017; x_wconf 88' lang='lat' dir='ltr'>inferretur.</span> <span class='ocrx_word' id='word_1_496' title='bbox 1090 3965 1238 4019; x_wconf 89' lang='lat' dir='ltr'>Cum</span> <span class='ocrx_word' id='word_1_497' title='bbox 1273 3964 1410 4018; x_wconf 90' lang='lat' dir='ltr'>dein</span> <span class='ocrx_word' id='word_1_498' title='bbox 1445 3964 1504 4018; x_wconf 90' lang='lat' dir='ltr'>in</span> <span class='ocrx_word' id='word_1_499' title='bbox 1524 3979 1808 4018; x_wconf 90' lang='lat' dir='ltr'>somnum</span> <span class='ocrx_word' id='word_1_500' title='bbox 1838 3964 1940 4034; x_wconf 90' lang='lat' dir='ltr'>qui</span> <span class='ocrx_word' id='word_1_501' title='bbox 1962 3979 2057 4016; x_wconf 89' lang='lat' dir='ltr'>cu-</span> 
     </span>
    </p>
   </div>
   <div class='ocr_carea' id='block_1_73' title="bbox 399 4047 2054 4123">
    <p class='ocr_par' dir='ltr' id='par_1_73' title="bbox 399 4047 2054 4123">
     <span class='ocr_line' id='line_1_73' title="bbox 399 4047 2054 4123; baseline 0.006 -27"><span class='ocrx_word' id='word_1_502' title='bbox 399 4059 496 4099; x_wconf 87' lang='lat' dir='ltr'>ras</span> <span class='ocrx_word' id='word_1_503' title='bbox 529 4047 699 4101; x_wconf 72' lang='lat' dir='ltr'>solvit</span> <span class='ocrx_word' id='word_1_504' title='bbox 722 4048 1024 4115; x_wconf 82' lang='lat' dir='ltr'>labereris,</span> <span class='ocrx_word' id='word_1_505' title='bbox 1057 4051 1250 4106; x_wconf 91' lang='lat' dir='ltr'>oculis</span> <span class='ocrx_word' id='word_1_506' title='bbox 1273 4053 1762 4123; x_wconf 84' lang='lat' dir='ltr'>temporibusque</span> <span class='ocrx_word' id='word_1_507' title='bbox 1792 4052 2054 4123; x_wconf 90' lang='lat' dir='ltr'>quietem</span> 
     </span>
    </p>
   </div>
   <div class='ocr_carea' id='block_1_74' title="bbox 399 4132 2089 4212">
    <p class='ocr_par' dir='ltr' id='par_1_74' title="bbox 399 4132 2052 4208">
     <span class='ocr_line' id='line_1_74' title="bbox 399 4132 2052 4208; baseline 0.006 -24"><span class='ocrx_word' id='word_1_508' title='bbox 399 4132 592 4186; x_wconf 79' lang='lat' dir='ltr'>dabas</span> <span class='ocrx_word' id='word_1_509' title='bbox 621 4153 632 4192; x_wconf 82' lang='lat'>;</span> <span class='ocrx_word' id='word_1_510' title='bbox 669 4135 805 4189; x_wconf 84' lang='lat' dir='ltr'>dein</span> <span class='ocrx_word' id='word_1_511' title='bbox 835 4138 1032 4208; x_wconf 89' lang='lat' dir='ltr'>primo</span> <span class='ocrx_word' id='word_1_512' title='bbox 1065 4155 1281 4194; x_wconf 87' lang='lat' dir='ltr'>somno</span> <span class='ocrx_word' id='word_1_513' title='bbox 1314 4141 1586 4204; x_wconf 86' lang='lat' dir='ltr'>alterum,</span> <span class='ocrx_word' id='word_1_514' title='bbox 1620 4157 1835 4195; x_wconf 87' lang='lat' dir='ltr'>somno</span> <span class='ocrx_word' id='word_1_515' title='bbox 1876 4140 2052 4196; x_wconf 89' lang='lat' dir='ltr'>inter-</span> 
     </span>
    </p>
   </div>
   <div class='ocr_carea' id='block_1_75' title="bbox 2167 4132 2592 4212">
    <p class='ocr_par' dir='ltr' id='par_1_75' title="bbox 2167 4142 2592 4212">
     <span class='ocr_line' id='line_1_75' title="bbox 2167 4142 2592 4212; baseline -0.009 -22"><span class='ocrx_word' id='word_1_516' title='bbox 2167 4142 2550 4212; x_wconf 70' lang='grc' dir='ltr'>ὑπουργήματα</span> <span class='ocrx_word' id='word_1_517' title='bbox 2581 4157 2592 4168; x_wconf 88' lang='grc'><strong>·</strong></span> 
     </span>
    </p>
   </div>
   <div class='ocr_carea' id='block_1_76' title="bbox 397 4224 2052 4296">
    <p class='ocr_par' dir='ltr' id='par_1_76' title="bbox 397 4224 2052 4296">
     <span class='ocr_line' id='line_1_76' title="bbox 397 4224 2052 4296; baseline 0.007 -25"><span class='ocrx_word' id='word_1_518' title='bbox 397 4224 574 4288; x_wconf 86' lang='lat' dir='ltr'>rupto</span> <span class='ocrx_word' id='word_1_519' title='bbox 640 4236 918 4278; x_wconf 77' lang='lat' dir='ltr'>somnum</span> <span class='ocrx_word' id='word_1_520' title='bbox 977 4225 1351 4293; x_wconf 86' lang='lat' dir='ltr'>diuturnum,</span> <span class='ocrx_word' id='word_1_521' title='bbox 1411 4227 1577 4281; x_wconf 82' lang='lat' dir='ltr'>brevi</span> <span class='ocrx_word' id='word_1_522' title='bbox 1624 4228 1893 4296; x_wconf 88' lang='lat' dir='ltr'>longum,</span> <span class='ocrx_word' id='word_1_523' title='bbox 1934 4228 2052 4284; x_wconf 88' lang='lat' dir='ltr'>leni</span> 
     </span>
    </p>
   </div>
   <div class='ocr_carea' id='block_1_77' title="bbox 398 4305 2052 4379">
    <p class='ocr_par' dir='ltr' id='par_1_77' title="bbox 398 4305 2052 4379">
     <span class='ocr_line' id='line_1_77' title="bbox 398 4305 2052 4379; baseline 0.007 -19"><span class='ocrx_word' id='word_1_524' title='bbox 398 4305 608 4360; x_wconf 82' lang='lat' dir='ltr'>durum</span> <span class='ocrx_word' id='word_1_525' title='bbox 638 4308 1013 4379; x_wconf 86' lang='lat' dir='ltr'>substituisti,</span> <span class='ocrx_word' id='word_1_526' title='bbox 1047 4318 1102 4366; x_wconf 89' lang='lat' dir='ltr'>et</span> <span class='ocrx_word' id='word_1_527' title='bbox 1133 4314 1216 4368; x_wconf 91' lang='lat' dir='ltr'>sic</span> <span class='ocrx_word' id='word_1_528' title='bbox 1244 4330 1529 4370; x_wconf 89' lang='lat' dir='ltr'>somnum</span> <span class='ocrx_word' id='word_1_529' title='bbox 1565 4323 1908 4370; x_wconf 87' lang='lat' dir='ltr'>sanctorum</span> <span class='ocrx_word' id='word_1_530' title='bbox 1951 4316 2052 4371; x_wconf 90' lang='lat' dir='ltr'>Dei</span> 
     </span>
    </p>
   </div>
   <div class='ocr_carea' id='block_1_78' title="bbox 397 4393 2050 4472">
    <p class='ocr_par' dir='ltr' id='par_1_78' title="bbox 397 4393 2050 4472">
     <span class='ocr_line' id='line_1_78' title="bbox 397 4393 2050 4472; baseline 0.01 -28"><span class='ocrx_word' id='word_1_531' title='bbox 397 4393 727 4449; x_wconf 70' lang='lat' dir='ltr'>dormivisti</span> <span class='ocrx_word' id='word_1_532' title='bbox 749 4398 850 4467; x_wconf 88' lang='lat' dir='ltr'>qui</span> <span class='ocrx_word' id='word_1_533' title='bbox 886 4400 1137 4454; x_wconf 91' lang='lat' dir='ltr'>Domino</span> <span class='ocrx_word' id='word_1_534' title='bbox 1170 4401 1384 4472; x_wconf 85' lang='lat' dir='ltr'>placet.</span> <span class='ocrx_word' id='word_1_535' title='bbox 1418 4404 1624 4457; x_wconf 83' lang='lat' dir='ltr'>Manus</span> <span class='ocrx_word' id='word_1_536' title='bbox 1667 4419 1790 4458; x_wconf 91' lang='lat' dir='ltr'>non</span> <span class='ocrx_word' id='word_1_537' title='bbox 1833 4409 2050 4460; x_wconf 85' lang='lat' dir='ltr'>morta-</span> 
     </span>
    </p>
   </div>
   <div class='ocr_carea' id='block_1_79' title="bbox 396 4483 2048 4554">
    <p class='ocr_par' dir='ltr' id='par_1_79' title="bbox 396 4483 2048 4554">
     <span class='ocr_line' id='line_1_79' title="bbox 396 4483 2048 4554; baseline 0.007 -18"><span class='ocrx_word' id='word_1_538' title='bbox 396 4483 481 4537; x_wconf 91' lang='lat' dir='ltr'>les</span> <span class='ocrx_word' id='word_1_539' title='bbox 512 4483 720 4537; x_wconf 78' lang='lat' dir='ltr'>oculos</span> <span class='ocrx_word' id='word_1_540' title='bbox 755 4489 887 4540; x_wconf 83' lang='lat' dir='ltr'>tuos</span> <span class='ocrx_word' id='word_1_541' title='bbox 940 4487 1304 4554; x_wconf 84' lang='lat' dir='ltr'>clauserunt,</span> <span class='ocrx_word' id='word_1_542' title='bbox 1357 4495 1460 4546; x_wconf 89' lang='lat' dir='ltr'>aut</span> <span class='ocrx_word' id='word_1_543' title='bbox 1501 4491 1778 4548; x_wconf 88' lang='lat' dir='ltr'>membra</span> <span class='ocrx_word' id='word_1_544' title='bbox 1825 4498 1924 4548; x_wconf 88' lang='lat' dir='ltr'>tua</span> <span class='ocrx_word' id='word_1_545' title='bbox 1954 4493 2048 4548; x_wconf 88' lang='lat' dir='ltr'>fri—</span> 
     </span>
    </p>
   </div>
   <div class='ocr_carea' id='block_1_80' title="bbox 395 4575 2048 4647">
    <p class='ocr_par' dir='ltr' id='par_1_80' title="bbox 395 4575 2048 4647">
     <span class='ocr_line' id='line_1_80' title="bbox 395 4575 2048 4647; baseline 0.007 -23"><span class='ocrx_word' id='word_1_546' title='bbox 395 4586 538 4639; x_wconf 83' lang='lat' dir='ltr'>gore</span> <span class='ocrx_word' id='word_1_547' title='bbox 571 4577 877 4629; x_wconf 81' lang='lat' dir='ltr'>contracta</span> <span class='ocrx_word' id='word_1_548' title='bbox 902 4576 960 4628; x_wconf 92' lang='lat' dir='ltr'>in</span> <span class='ocrx_word' id='word_1_549' title='bbox 1014 4575 1163 4631; x_wconf 83' lang='lat' dir='ltr'>lecto</span> <span class='ocrx_word' id='word_1_550' title='bbox 1192 4583 1612 4647; x_wconf 87' lang='lat' dir='ltr'>reposuerunt:</span> <span class='ocrx_word' id='word_1_551' title='bbox 1648 4580 1753 4634; x_wconf 89' lang='lat' dir='ltr'>sed</span> <span class='ocrx_word' id='word_1_552' title='bbox 1799 4597 2048 4636; x_wconf 92' lang='lat' dir='ltr'>somnus</span> 
     </span>
    </p>
   </div>
   <div class='ocr_carea' id='block_1_81' title="bbox 395 4657 2046 4737">
    <p class='ocr_par' dir='ltr' id='par_1_81' title="bbox 395 4657 2046 4737">
     <span class='ocr_line' id='line_1_81' title="bbox 395 4657 2046 4737; baseline 0.008 -25"><span class='ocrx_word' id='word_1_553' title='bbox 395 4657 586 4713; x_wconf 77' lang='lat' dir='ltr'>dulcis</span> <span class='ocrx_word' id='word_1_554' title='bbox 612 4666 788 4730; x_wconf 87' lang='lat' dir='ltr'>atque</span> <span class='ocrx_word' id='word_1_555' title='bbox 818 4664 1153 4718; x_wconf 86' lang='lat' dir='ltr'>incautator</span> <span class='ocrx_word' id='word_1_556' title='bbox 1178 4671 1230 4718; x_wconf 90' lang='lat' dir='ltr'>te</span> <span class='ocrx_word' id='word_1_557' title='bbox 1254 4667 1510 4737; x_wconf 87' lang='lat' dir='ltr'>sopitum</span> <span class='ocrx_word' id='word_1_558' title='bbox 1541 4675 1597 4722; x_wconf 90' lang='lat' dir='ltr'>et</span> <span class='ocrx_word' id='word_1_559' title='bbox 1622 4669 1825 4725; x_wconf 84' lang='lat' dir='ltr'>animo</span> <span class='ocrx_word' id='word_1_560' title='bbox 1845 4670 2046 4726; x_wconf 80' lang='lat' dir='ltr'>laetum</span> 
     </span>
    </p>
   </div>
   <div class='ocr_carea' id='block_1_82' title="bbox 394 4750 2048 4823">
    <p class='ocr_par' dir='ltr' id='par_1_82' title="bbox 394 4750 2048 4823">
     <span class='ocr_line' id='line_1_82' title="bbox 394 4750 2048 4823; baseline 0.007 -20"><span class='ocrx_word' id='word_1_561' title='bbox 394 4762 501 4818; x_wconf 86' lang='lat' dir='ltr'>per</span> <span class='ocrx_word' id='word_1_562' title='bbox 528 4750 903 4806; x_wconf 84' lang='lat' dir='ltr'>somniorum</span> <span class='ocrx_word' id='word_1_563' title='bbox 937 4759 1139 4823; x_wconf 88' lang='lat' dir='ltr'>portas</span> <span class='ocrx_word' id='word_1_564' title='bbox 1177 4754 1256 4808; x_wconf 90' lang='lat' dir='ltr'>ad</span> <span class='ocrx_word' id='word_1_565' title='bbox 1288 4762 1564 4823; x_wconf 87' lang='lat' dir='ltr'>mortem,</span> <span class='ocrx_word' id='word_1_566' title='bbox 1597 4763 1720 4822; x_wconf 90' lang='lat' dir='ltr'>aut,</span> <span class='ocrx_word' id='word_1_567' title='bbox 1758 4763 1822 4812; x_wconf 88' lang='lat' dir='ltr'>ut</span> <span class='ocrx_word' id='word_1_568' title='bbox 1849 4760 2048 4814; x_wconf 87' lang='lat' dir='ltr'>verius</span> 
     </span>
    </p>
   </div>
   <div class='ocr_carea' id='block_1_83' title="bbox 393 4836 2045 4907">
    <p class='ocr_par' dir='ltr' id='par_1_83' title="bbox 393 4836 2045 4907">
     <span class='ocr_line' id='line_1_83' title="bbox 393 4836 2045 4907; baseline 0.008 -17"><span class='ocrx_word' id='word_1_569' title='bbox 393 4836 692 4907; x_wconf 82' lang='lat' dir='ltr'>dicamus,</span> <span class='ocrx_word' id='word_1_570' title='bbox 726 4855 796 4893; x_wconf 81' lang='lat' dir='ltr'>ex</span> <span class='ocrx_word' id='word_1_571' title='bbox 839 4840 954 4895; x_wconf 91' lang='lat' dir='ltr'>hoc</span> <span class='ocrx_word' id='word_1_572' title='bbox 983 4840 1286 4898; x_wconf 85' lang='lat' dir='ltr'>domicilio</span> <span class='ocrx_word' id='word_1_573' title='bbox 1331 4845 1588 4900; x_wconf 89' lang='lat' dir='ltr'>terrestri</span> <span class='ocrx_word' id='word_1_574' title='bbox 1635 4846 1694 4900; x_wconf 91' lang='lat' dir='ltr'>in</span> <span class='ocrx_word' id='word_1_575' title='bbox 1741 4847 2045 4903; x_wconf 59' lang='lat' dir='ltr'>ct&#39;elestem</span> 
     </span>
    </p>
   </div>
   <div class='ocr_carea' id='block_1_84' title="bbox 391 4923 2046 5006">
    <p class='ocr_par' dir='ltr' id='par_1_84' title="bbox 391 4923 2046 5006">
     <span class='ocr_line' id='line_1_84' title="bbox 391 4923 2046 5006; baseline 0.008 -29"><span class='ocrx_word' id='word_1_576' title='bbox 391 4923 556 4979; x_wconf 88' lang='lat' dir='ltr'>illam</span> <span class='ocrx_word' id='word_1_577' title='bbox 601 4927 858 4996; x_wconf 87' lang='lat' dir='ltr'>patriam</span> <span class='ocrx_word' id='word_1_578' title='bbox 912 4928 1193 4995; x_wconf 82' lang='lat' dir='ltr'>traduxit,</span> <span class='ocrx_word' id='word_1_579' title='bbox 1237 4931 1757 5002; x_wconf 90' lang='lat' dir='ltr'>quemadmodum</span> <span class='ocrx_word' id='word_1_580' title='bbox 1811 4933 2046 5006; x_wconf 91' lang='lat' dir='ltr'>Ulysses</span> 
     </span>
    </p>
   </div>
   <div class='ocr_carea' id='block_1_85' title="bbox 392 5014 2045 5095">
    <p class='ocr_par' dir='ltr' id='par_1_85' title="bbox 392 5014 2045 5095">
     <span class='ocr_line' id='line_1_85' title="bbox 392 5014 2045 5095; baseline 0.007 -29"><span class='ocrx_word' id='word_1_581' title='bbox 392 5018 528 5081; x_wconf 93' lang='lat' dir='ltr'>post</span> <span class='ocrx_word' id='word_1_582' title='bbox 560 5014 755 5070; x_wconf 90' lang='lat' dir='ltr'>varios</span> <span class='ocrx_word' id='word_1_583' title='bbox 781 5031 960 5071; x_wconf 90' lang='lat' dir='ltr'>casus</span> <span class='ocrx_word' id='word_1_584' title='bbox 979 5033 1052 5073; x_wconf 84' lang='lat' dir='ltr'>ex</span> <span class='ocrx_word' id='word_1_585' title='bbox 1081 5017 1282 5074; x_wconf 89' lang='lat' dir='ltr'>insula</span> <span class='ocrx_word' id='word_1_586' title='bbox 1309 5034 1432 5074; x_wconf 88' lang='lat' dir='ltr'>non</span> <span class='ocrx_word' id='word_1_587' title='bbox 1463 5036 1573 5076; x_wconf 88' lang='lat' dir='ltr'>sua</span> <span class='ocrx_word' id='word_1_588' title='bbox 1602 5036 1818 5077; x_wconf 89' lang='lat' dir='ltr'>somno</span> <span class='ocrx_word' id='word_1_589' title='bbox 1849 5022 2045 5095; x_wconf 90' lang='lat' dir='ltr'>sepul-</span> 
     </span>
    </p>
   </div>
   <div class='ocr_carea' id='block_1_86' title="bbox 391 5102 2042 5177">
    <p class='ocr_par' dir='ltr' id='par_1_86' title="bbox 391 5102 2042 5177">
     <span class='ocr_line' id='line_1_86' title="bbox 391 5102 2042 5177; baseline 0.008 -23"><span class='ocrx_word' id='word_1_590' title='bbox 391 5105 488 5155; x_wconf 91' lang='lat' dir='ltr'>tus</span> <span class='ocrx_word' id='word_1_591' title='bbox 518 5102 578 5156; x_wconf 92' lang='lat' dir='ltr'>in</span> <span class='ocrx_word' id='word_1_592' title='bbox 613 5120 723 5160; x_wconf 89' lang='lat' dir='ltr'>sua</span> <span class='ocrx_word' id='word_1_593' title='bbox 752 5105 997 5177; x_wconf 91' lang='lat' dir='ltr'>appellit</span> <span class='ocrx_word' id='word_1_594' title='bbox 1031 5107 1135 5163; x_wconf 93' lang='lat' dir='ltr'>ubi</span> <span class='ocrx_word' id='word_1_595' title='bbox 1167 5108 1231 5164; x_wconf 90' lang='lat' dir='ltr'>in</span> <span class='ocrx_word' id='word_1_596' title='bbox 1254 5107 1450 5164; x_wconf 90' lang='lat' dir='ltr'>lucem</span> <span class='ocrx_word' id='word_1_597' title='bbox 1481 5109 1675 5165; x_wconf 91' lang='lat' dir='ltr'>editus</span> <span class='ocrx_word' id='word_1_598' title='bbox 1703 5111 1916 5167; x_wconf 86' lang='lat' dir='ltr'>fuerat.</span> <span class='ocrx_word' id='word_1_599' title='bbox 1949 5112 2042 5168; x_wconf 90' lang='lat' dir='ltr'>Ad</span> 
     </span>
    </p>
   </div>
   <div class='ocr_carea' id='block_1_87' title="bbox 388 5187 2043 5269">
    <p class='ocr_par' dir='ltr' id='par_1_87' title="bbox 388 5187 2043 5269">
     <span class='ocr_line' id='line_1_87' title="bbox 388 5187 2043 5269; baseline 0.009 -28"><span class='ocrx_word' id='word_1_600' title='bbox 388 5187 595 5243; x_wconf 86' lang='lat' dir='ltr'>Jacobi</span> <span class='ocrx_word' id='word_1_601' title='bbox 626 5190 785 5245; x_wconf 93' lang='lat' dir='ltr'>enim</span> <span class='ocrx_word' id='word_1_602' title='bbox 815 5193 1171 5262; x_wconf 86' lang='lat' dir='ltr'>patriarchae</span> <span class='ocrx_word' id='word_1_603' title='bbox 1216 5196 1767 5269; x_wconf 81' lang='lat' dir='ltr'>exemplum,ﬁnitis</span> <span class='ocrx_word' id='word_1_604' title='bbox 1793 5200 2043 5256; x_wconf 83' lang='lat' dir='ltr'>manda-</span> 
     </span>
    </p>
   </div>
   <div class='ocr_carea' id='block_1_88' title="bbox 391 5275 2042 5360">
    <p class='ocr_par' dir='ltr' id='par_1_88' title="bbox 391 5275 2042 5360">
     <span class='ocr_line' id='line_1_88' title="bbox 391 5275 2042 5360; baseline 0.01 -32"><span class='ocrx_word' id='word_1_605' title='bbox 391 5275 463 5330; x_wconf 87' lang='lat' dir='ltr'>tis</span> <span class='ocrx_word' id='word_1_606' title='bbox 517 5276 739 5344; x_wconf 90' lang='lat' dir='ltr'>quibus</span> <span class='ocrx_word' id='word_1_607' title='bbox 795 5279 950 5336; x_wconf 83' lang='lat' dir='ltr'>ﬁlios</span> <span class='ocrx_word' id='word_1_608' title='bbox 1003 5282 1371 5349; x_wconf 88' lang='lat' dir='ltr'>instruebas,</span> <span class='ocrx_word' id='word_1_609' title='bbox 1428 5285 1611 5358; x_wconf 86' lang='lat' dir='ltr'>pedes</span> <span class='ocrx_word' id='word_1_610' title='bbox 1664 5291 1797 5342; x_wconf 90' lang='lat' dir='ltr'>tuos</span> <span class='ocrx_word' id='word_1_611' title='bbox 1862 5303 2042 5360; x_wconf 92' lang='lat' dir='ltr'>super</span> 
     </span>
    </p>
   </div>
   <div class='ocr_carea' id='block_1_89' title="bbox 387 5361 2040 5442">
    <p class='ocr_par' dir='ltr' id='par_1_89' title="bbox 387 5361 2040 5442">
     <span class='ocr_line' id='line_1_89' title="bbox 387 5361 2040 5442; baseline 0.01 -25"><span class='ocrx_word' id='word_1_612' title='bbox 387 5361 673 5420; x_wconf 89' lang='lat' dir='ltr'>lectulum</span> <span class='ocrx_word' id='word_1_613' title='bbox 695 5365 1011 5438; x_wconf 91' lang='lat' dir='ltr'>collegisti,</span> <span class='ocrx_word' id='word_1_614' title='bbox 1039 5376 1096 5426; x_wconf 93' lang='lat' dir='ltr'>et</span> <span class='ocrx_word' id='word_1_615' title='bbox 1124 5372 1325 5429; x_wconf 89' lang='lat' dir='ltr'>obiisti</span> <span class='ocrx_word' id='word_1_616' title='bbox 1347 5375 1398 5442; x_wconf 77' lang='lat'>7;</span> <span class='ocrx_word' id='word_1_617' title='bbox 1427 5379 1493 5430; x_wconf 94' lang='lat' dir='ltr'>tu</span> <span class='ocrx_word' id='word_1_618' title='bbox 1523 5374 1780 5431; x_wconf 84' lang='lat' dir='ltr'>utJacob</span> <span class='ocrx_word' id='word_1_619' title='bbox 1811 5376 2040 5434; x_wconf 87' lang='lat' dir='ltr'>scalam</span> 
     </span>
    </p>
   </div>
   <div class='ocr_carea' id='block_1_90' title="bbox 460 5505 2035 5585">
    <p class='ocr_par' dir='ltr' id='par_1_90' title="bbox 460 5505 2035 5585">
     <span class='ocr_line' id='line_1_90' title="bbox 460 5505 2035 5585; baseline 0.01 -26"><span class='ocrx_word' id='word_1_620' title='bbox 460 5506 526 5560; x_wconf 77' lang='grc'><strong>⁵1</strong></span> <span class='ocrx_word' id='word_1_621' title='bbox 556 5505 696 5578; x_wconf 83' lang='lat' dir='ltr'>Reg.</span> <span class='ocrx_word' id='word_1_622' title='bbox 728 5523 862 5576; x_wconf 84' lang='lat' dir='ltr'>xvn,</span> <span class='ocrx_word' id='word_1_623' title='bbox 891 5513 979 5566; x_wconf 83' lang='grc'>34.</span> <span class='ocrx_word' id='word_1_624' title='bbox 1038 5513 1061 5546; x_wconf 78' lang='grc'>⁸</span> <span class='ocrx_word' id='word_1_625' title='bbox 1084 5517 1269 5571; x_wconf 83' lang='lat' dir='ltr'>Amos</span> <span class='ocrx_word' id='word_1_626' title='bbox 1288 5531 1368 5585; x_wconf 85' lang='lat' dir='ltr'>Ill,</span> <span class='ocrx_word' id='word_1_627' title='bbox 1403 5520 1487 5573; x_wconf 80' lang='lat' dir='ltr'>l2.</span> <span class='ocrx_word' id='word_1_628' title='bbox 1553 5519 1574 5552; x_wconf 79' lang='grc'>⁷</span> <span class='ocrx_word' id='word_1_629' title='bbox 1605 5518 1750 5575; x_wconf 85' lang='lat' dir='ltr'>Gen.</span> <span class='ocrx_word' id='word_1_630' title='bbox 1770 5533 1926 5584; x_wconf 79' lang='lat' dir='ltr'>XLIX,</span> <span class='ocrx_word' id='word_1_631' title='bbox 1947 5521 2035 5574; x_wconf 86' lang='lat'>32.</span> 
     </span>
    </p>
   </div>
   <div class='ocr_carea' id='block_1_91' title="bbox 2173 2896 3786 2970">
    <p class='ocr_par' dir='ltr' id='par_1_91' title="bbox 2173 2896 3786 2970">
     <span class='ocr_line' id='line_1_91' title="bbox 2173 2896 3786 2970; baseline 0.004 -23"><span class='ocrx_word' id='word_1_632' title='bbox 2173 2899 2263 2947; x_wconf 82' lang='grc' dir='ltr'>καὶ</span> <span class='ocrx_word' id='word_1_633' title='bbox 2328 2897 2628 2962; x_wconf 82' lang='grc' dir='ltr'>κωκύουσα,</span> <span class='ocrx_word' id='word_1_634' title='bbox 2679 2896 2903 2954; x_wconf 78' lang='grc' dir='ltr'>ποθήσει</span> <span class='ocrx_word' id='word_1_635' title='bbox 2987 2899 3072 2948; x_wconf 89' lang='grc' dir='ltr'>τόν</span> <span class='ocrx_word' id='word_1_636' title='bbox 3128 2896 3301 2949; x_wconf 69' lang='grc' dir='ltr'>οὐκέτι</span> <span class='ocrx_word' id='word_1_637' title='bbox 3362 2903 3616 2970; x_wconf 88' lang='grc' dir='ltr'>παρόντα,</span> <span class='ocrx_word' id='word_1_638' title='bbox 3684 2906 3786 2954; x_wconf 82' lang='grc' dir='ltr'>καὶ</span> 
     </span>
    </p>
   </div>
   <div class='ocr_carea' id='block_1_92' title="bbox 2170 2982 3780 3056">
    <p class='ocr_par' dir='ltr' id='par_1_92' title="bbox 2170 2982 3780 3056">
     <span class='ocr_line' id='line_1_92' title="bbox 2170 2982 3780 3056; baseline 0.002 -20"><span class='ocrx_word' id='word_1_639' title='bbox 2170 2986 2340 3056; x_wconf 85' lang='grc' dir='ltr'>μάτην</span> <span class='ocrx_word' id='word_1_640' title='bbox 2407 2982 2798 3047; x_wconf 82' lang='grc' dir='ltr'>ἀνακαλέσεται,</span> <span class='ocrx_word' id='word_1_641' title='bbox 2853 2989 2944 3036; x_wconf 77' lang='grc' dir='ltr'>καὶ</span> <span class='ocrx_word' id='word_1_642' title='bbox 3016 2985 3251 3056; x_wconf 86' lang='grc' dir='ltr'>μάλιστα</span> <span class='ocrx_word' id='word_1_643' title='bbox 3309 2984 3358 3038; x_wconf 73' lang='grc' dir='ltr'>ἐν</span> <span class='ocrx_word' id='word_1_644' title='bbox 3418 2994 3526 3048; x_wconf 88' lang='grc' dir='ltr'>τοῖς</span> <span class='ocrx_word' id='word_1_645' title='bbox 3583 2983 3780 3050; x_wconf 78' lang='grc' dir='ltr'>δεινοῖς</span> 
     </span>
    </p>
   </div>
   <div class='ocr_carea' id='block_1_93' title="bbox 2170 3075 3779 3154">
    <p class='ocr_par' dir='ltr' id='par_1_93' title="bbox 2170 3075 3779 3154">
     <span class='ocr_line' id='line_1_93' title="bbox 2170 3075 3779 3154; baseline 0.003 -29"><span class='ocrx_word' id='word_1_646' title='bbox 2170 3078 2512 3146; x_wconf 81' lang='grc' dir='ltr'>μεμνήσεται.</span> <span class='ocrx_word' id='word_1_647' title='bbox 2555 3078 2622 3125; x_wconf 74' lang='grc' dir='ltr'>Σὺ</span> <span class='ocrx_word' id='word_1_648' title='bbox 2660 3075 2782 3146; x_wconf 74' lang='grc' dir='ltr'>γὰρ,</span> <span class='ocrx_word' id='word_1_649' title='bbox 2835 3075 2874 3125; x_wconf 86' lang='grc' dir='ltr'><em>ὦ</em></span> <span class='ocrx_word' id='word_1_650' title='bbox 2927 3082 3025 3126; x_wconf 84' lang='grc' dir='ltr'>τῶν</span> <span class='ocrx_word' id='word_1_651' title='bbox 3082 3082 3291 3129; x_wconf 82' lang='grc' dir='ltr'>πώποτε</span> <span class='ocrx_word' id='word_1_652' title='bbox 3337 3081 3615 3150; x_wconf 87' lang='grc' dir='ltr'>πανσόφων</span> <span class='ocrx_word' id='word_1_653' title='bbox 3671 3076 3779 3154; x_wconf 85' lang='grc' dir='ltr'>ἀρ·-</span> 
     </span>
    </p>
   </div>
   <div class='ocr_carea' id='block_1_94' title="bbox 2168 3161 3779 3236">
    <p class='ocr_par' dir='ltr' id='par_1_94' title="bbox 2168 3161 3779 3236">
     <span class='ocr_line' id='line_1_94' title="bbox 2168 3161 3779 3236; baseline 0.004 -22"><span class='ocrx_word' id='word_1_654' title='bbox 2168 3167 2388 3235; x_wconf 87' lang='grc' dir='ltr'>χιερέων</span> <span class='ocrx_word' id='word_1_655' title='bbox 2437 3167 2877 3236; x_wconf 83' lang='grc' dir='ltr'>μακαριστότατε,</span> <span class='ocrx_word' id='word_1_656' title='bbox 2935 3163 3156 3236; x_wconf 85' lang='grc' dir='ltr'>μετέϐης</span> <span class='ocrx_word' id='word_1_657' title='bbox 3209 3161 3408 3218; x_wconf 77' lang='grc' dir='ltr'>ἐνθένδε</span> <span class='ocrx_word' id='word_1_658' title='bbox 3462 3165 3624 3232; x_wconf 64' lang='grc' dir='ltr'>θεως,</span> <span class='ocrx_word' id='word_1_659' title='bbox 3679 3174 3779 3222; x_wconf 81' lang='grc' dir='ltr'>καὶ</span> 
     </span>
    </p>
   </div>
   <div class='ocr_carea' id='block_1_95' title="bbox 2169 3250 3777 3327">
    <p class='ocr_par' dir='ltr' id='par_1_95' title="bbox 2169 3250 3777 3327">
     <span class='ocr_line' id='line_1_95' title="bbox 2169 3250 3777 3327; baseline 0.004 -25"><span class='ocrx_word' id='word_1_660' title='bbox 2169 3253 2390 3325; x_wconf 79' lang='grc' dir='ltr'>ἄτρυτος</span> <span class='ocrx_word' id='word_1_661' title='bbox 2471 3255 2661 3314; x_wconf 87' lang='grc' dir='ltr'>νόσοις,</span> <span class='ocrx_word' id='word_1_662' title='bbox 2723 3256 2815 3303; x_wconf 87' lang='grc' dir='ltr'>καὶ</span> <span class='ocrx_word' id='word_1_663' title='bbox 2904 3255 3078 3312; x_wconf 85' lang='grc' dir='ltr'>πάσης</span> <span class='ocrx_word' id='word_1_664' title='bbox 3175 3255 3363 3314; x_wconf 85' lang='grc' dir='ltr'>θνητῆς</span> <span class='ocrx_word' id='word_1_665' title='bbox 3449 3250 3777 3327; x_wconf 87' lang='grc' dir='ltr'>δυσχερείας</span> 
     </span>
    </p>
   </div>
   <div class='ocr_carea' id='block_1_96' title="bbox 2171 3338 3772 3416">
    <p class='ocr_par' dir='ltr' id='par_1_96' title="bbox 2171 3338 3772 3416">
     <span class='ocr_line' id='line_1_96' title="bbox 2171 3338 3772 3416; baseline 0.003 -24"><span class='ocrx_word' id='word_1_666' title='bbox 2171 3339 2580 3412; x_wconf 76' lang='grc' dir='ltr'>ἀπηλλαγμένος,</span> <span class='ocrx_word' id='word_1_667' title='bbox 2641 3343 2705 3401; x_wconf 82' lang='grc' dir='ltr'>ὡς</span> <span class='ocrx_word' id='word_1_668' title='bbox 2755 3346 3075 3411; x_wconf 87' lang='grc' dir='ltr'>χιτωνίσκον</span> <span class='ocrx_word' id='word_1_669' title='bbox 3122 3338 3421 3404; x_wconf 71' lang='grc' dir='ltr'>ἐκδεδυκὼς</span> <span class='ocrx_word' id='word_1_670' title='bbox 3471 3347 3530 3396; x_wconf 90' lang='grc' dir='ltr'>τό</span> <span class='ocrx_word' id='word_1_671' title='bbox 3593 3353 3772 3416; x_wconf 86' lang='grc' dir='ltr'>σῶμα,</span> 
     </span>
    </p>
   </div>
   <div class='ocr_carea' id='block_1_97' title="bbox 2169 3425 3776 3504">
    <p class='ocr_par' dir='ltr' id='par_1_97' title="bbox 2169 3425 3776 3504">
     <span class='ocr_line' id='line_1_97' title="bbox 2169 3425 3776 3504; baseline 0.005 -24"><span class='ocrx_word' id='word_1_672' title='bbox 2169 3428 2256 3481; x_wconf 83' lang='grc' dir='ltr'>εἶτ’</span> <span class='ocrx_word' id='word_1_673' title='bbox 2314 3425 2404 3480; x_wconf 84' lang='grc' dir='ltr'>οὖν</span> <span class='ocrx_word' id='word_1_674' title='bbox 2470 3429 2802 3500; x_wconf 75' lang='grc' dir='ltr'>ἀποθέμενος,</span> <span class='ocrx_word' id='word_1_675' title='bbox 2878 3429 2936 3482; x_wconf 78' lang='grc' dir='ltr'>οὐ</span> <span class='ocrx_word' id='word_1_676' title='bbox 3014 3427 3114 3502; x_wconf 81' lang='grc' dir='ltr'>βίᾳ</span> <span class='ocrx_word' id='word_1_677' title='bbox 3183 3430 3612 3504; x_wconf 80' lang='grc' dir='ltr'>περιπλεκομένου</span> <span class='ocrx_word' id='word_1_678' title='bbox 3676 3439 3776 3488; x_wconf 78' lang='grc' dir='ltr'>καὶ</span> 
     </span>
    </p>
   </div>
   <div class='ocr_carea' id='block_1_98' title="bbox 2169 3516 3773 3592">
    <p class='ocr_par' dir='ltr' id='par_1_98' title="bbox 2169 3516 3773 3592">
     <span class='ocr_line' id='line_1_98' title="bbox 2169 3516 3773 3592; baseline 0.002 -22"><span class='ocrx_word' id='word_1_679' title='bbox 2169 3518 2530 3590; x_wconf 81' lang='grc' dir='ltr'>ἐπισπωμένου</span> <span class='ocrx_word' id='word_1_680' title='bbox 2579 3516 2913 3592; x_wconf 80' lang='grc' dir='ltr'>ἀπεῤῥωγώς.</span> <span class='ocrx_word' id='word_1_681' title='bbox 2954 3518 3122 3572; x_wconf 86' lang='grc' dir='ltr'>Πάλαι</span> <span class='ocrx_word' id='word_1_682' title='bbox 3194 3522 3297 3590; x_wconf 72' lang='grc' dir='ltr'>γὰρ</span> <span class='ocrx_word' id='word_1_683' title='bbox 3357 3523 3446 3581; x_wconf 80' lang='grc' dir='ltr'>τὰς</span> <span class='ocrx_word' id='word_1_684' title='bbox 3511 3526 3773 3592; x_wconf 80' lang='grc' dir='ltr'>σχετικὰς</span> 
     </span>
    </p>
   </div>
   <div class='ocr_carea' id='block_1_99' title="bbox 2167 3604 3772 3684">
    <p class='ocr_par' dir='ltr' id='par_1_99' title="bbox 2167 3604 3772 3684">
     <span class='ocr_line' id='line_1_99' title="bbox 2167 3604 3772 3684; baseline 0.002 -25"><span class='ocrx_word' id='word_1_685' title='bbox 2167 3604 2324 3660; x_wconf 87' lang='grc' dir='ltr'>τοῦδε</span> <span class='ocrx_word' id='word_1_686' title='bbox 2380 3606 2654 3667; x_wconf 78' lang='grc' dir='ltr'>ἀντιλαϐἀς</span> <span class='ocrx_word' id='word_1_687' title='bbox 2710 3605 3096 3676; x_wconf 72' lang='grc' dir='ltr'>ἐξαλυσκάζων,</span> <span class='ocrx_word' id='word_1_688' title='bbox 3138 3607 3438 3670; x_wconf 85' lang='grc' dir='ltr'>ἀπεστάτεις</span> <span class='ocrx_word' id='word_1_689' title='bbox 3503 3609 3772 3684; x_wconf 84' lang='grc' dir='ltr'>φιλοσόφῳ</span> 
     </span>
    </p>
   </div>
   <div class='ocr_carea' id='block_1_100' title="bbox 2167 3692 3772 3769">
    <p class='ocr_par' dir='ltr' id='par_1_100' title="bbox 2167 3692 3772 3769">
     <span class='ocr_line' id='line_1_100' title="bbox 2167 3692 3772 3769; baseline 0.004 -23"><span class='ocrx_word' id='word_1_690' title='bbox 2167 3695 2347 3767; x_wconf 79' lang='grc' dir='ltr'>μελέτη</span> <span class='ocrx_word' id='word_1_691' title='bbox 2429 3697 2650 3746; x_wconf 90' lang='grc' dir='ltr'>θανάτου</span> <span class='ocrx_word' id='word_1_692' title='bbox 2689 3709 2703 3722; x_wconf 85' lang='grc'>⁶</span> <span class='ocrx_word' id='word_1_693' title='bbox 2773 3694 3061 3769; x_wconf 80' lang='grc' dir='ltr'>ἀκροθιγῶς</span> <span class='ocrx_word' id='word_1_694' title='bbox 3136 3692 3195 3749; x_wconf 73' lang='grc' dir='ltr'>δὲ</span> <span class='ocrx_word' id='word_1_695' title='bbox 3268 3696 3594 3769; x_wconf 63' lang='grc' dir='ltr'>παρα-ψαύων</span> <span class='ocrx_word' id='word_1_696' title='bbox 3674 3706 3772 3754; x_wconf 83' lang='grc' dir='ltr'>καὶ</span> 
     </span>
    </p>
   </div>
   <div class='ocr_carea' id='block_1_101' title="bbox 2169 3779 3773 3858">
    <p class='ocr_par' dir='ltr' id='par_1_101' title="bbox 2169 3779 3773 3858">
     <span class='ocr_line' id='line_1_101' title="bbox 2169 3779 3773 3858; baseline 0.004 -24"><span class='ocrx_word' id='word_1_697' title='bbox 2169 3783 2369 3856; x_wconf 87' lang='grc' dir='ltr'>βραχεῖ</span> <span class='ocrx_word' id='word_1_698' title='bbox 2423 3779 2550 3835; x_wconf 78' lang='grc' dir='ltr'>ποδὶ</span> <span class='ocrx_word' id='word_1_699' title='bbox 2590 3787 2678 3834; x_wconf 82' lang='grc' dir='ltr'>καὶ</span> <span class='ocrx_word' id='word_1_700' title='bbox 2717 3785 2809 3854; x_wconf 87' lang='grc' dir='ltr'>οῖῳ</span> <span class='ocrx_word' id='word_1_701' title='bbox 2853 3785 2914 3834; x_wconf 77' lang='grc' dir='ltr'>ἄν</span> <span class='ocrx_word' id='word_1_702' title='bbox 2961 3803 3038 3844; x_wconf 91' lang='grc' dir='ltr'>τις</span> <span class='ocrx_word' id='word_1_703' title='bbox 3089 3782 3136 3836; x_wconf 79' lang='grc' dir='ltr'>ἐν</span> <span class='ocrx_word' id='word_1_704' title='bbox 3185 3782 3416 3856; x_wconf 78' lang='grc' dir='ltr'>ἐπιπέδῳ</span> <span class='ocrx_word' id='word_1_705' title='bbox 3470 3785 3773 3858; x_wconf 77' lang='grc' dir='ltr'>ἐπιφανείας</span> 
     </span>
    </p>
   </div>
   <div class='ocr_carea' id='block_1_102' title="bbox 2166 3871 3772 3948">
    <p class='ocr_par' dir='ltr' id='par_1_102' title="bbox 2166 3871 3772 3948">
     <span class='ocr_line' id='line_1_102' title="bbox 2166 3871 3772 3948; baseline 0.004 -25"><span class='ocrx_word' id='word_1_706' title='bbox 2166 3871 2445 3944; x_wconf 81' lang='grc' dir='ltr'>ἐφαπτοιτο</span> <span class='ocrx_word' id='word_1_707' title='bbox 2505 3879 2720 3946; x_wconf 81' lang='grc' dir='ltr'>σφαῖρα,</span> <span class='ocrx_word' id='word_1_708' title='bbox 2762 3874 2994 3942; x_wconf 82' lang='grc' dir='ltr'>τοσούτῳ</span> <span class='ocrx_word' id='word_1_709' title='bbox 3047 3877 3336 3946; x_wconf 86' lang='grc' dir='ltr'>περιέκεισο</span> <span class='ocrx_word' id='word_1_710' title='bbox 3376 3875 3404 3933; x_wconf 76' lang='grc' dir='ltr'><strong>ἦ</strong></span> <span class='ocrx_word' id='word_1_711' title='bbox 3451 3879 3772 3948; x_wconf 80' lang='grc' dir='ltr'>παρήρτησο</span> 
     </span>
    </p>
   </div>
   <div class='ocr_carea' id='block_1_103' title="bbox 2164 3961 3772 4040">
    <p class='ocr_par' dir='ltr' id='par_1_103' title="bbox 2164 3961 3772 4040">
     <span class='ocr_line' id='line_1_103' title="bbox 2164 3961 3772 4040; baseline 0.004 -28"><span class='ocrx_word' id='word_1_712' title='bbox 2164 3969 2338 4025; x_wconf 85' lang='grc' dir='ltr'>τοῦτο,</span> <span class='ocrx_word' id='word_1_713' title='bbox 2399 3963 2503 4031; x_wconf 88' lang='grc' dir='ltr'>όσῳ</span> <span class='ocrx_word' id='word_1_714' title='bbox 2543 3965 2614 4032; x_wconf 83' lang='grc' dir='ltr'>μὴ</span> <span class='ocrx_word' id='word_1_715' title='bbox 2678 3961 3004 4032; x_wconf 82' lang='grc' dir='ltr'>ζημιοῦσθαι</span> <span class='ocrx_word' id='word_1_716' title='bbox 3041 3964 3106 4013; x_wconf 85' lang='grc' dir='ltr'>τά</span> <span class='ocrx_word' id='word_1_717' title='bbox 3142 3962 3267 4036; x_wconf 91' lang='grc' dir='ltr'>παρ’</span> <span class='ocrx_word' id='word_1_718' title='bbox 3324 3963 3483 4015; x_wconf 73' lang='grc' dir='ltr'>αὐτοῦ</span> <span class='ocrx_word' id='word_1_719' title='bbox 3532 3963 3772 4040; x_wconf 80' lang='grc' dir='ltr'>εἰσφερό-</span> 
     </span>
    </p>
   </div>
   <div class='ocr_carea' id='block_1_104' title="bbox 2164 4049 3769 4126">
    <p class='ocr_par' dir='ltr' id='par_1_104' title="bbox 2164 4049 3769 4126">
     <span class='ocr_line' id='line_1_104' title="bbox 2164 4049 3769 4126; baseline 0.002 -24"><span class='ocrx_word' id='word_1_720' title='bbox 2164 4070 2290 4122; x_wconf 89' lang='grc' dir='ltr'>μενα</span> <span class='ocrx_word' id='word_1_721' title='bbox 2338 4057 2399 4121; x_wconf 73' lang='grc' dir='ltr'>τῇ</span> <span class='ocrx_word' id='word_1_722' title='bbox 2453 4049 2607 4121; x_wconf 70' lang='grc' dir='ltr'>ψυχῇ</span> <span class='ocrx_word' id='word_1_723' title='bbox 2663 4052 2861 4120; x_wconf 85' lang='grc' dir='ltr'>φυσικά</span> <span class='ocrx_word' id='word_1_724' title='bbox 2899 4068 2952 4102; x_wconf 91' lang='grc' dir='ltr'>τε</span> <span class='ocrx_word' id='word_1_725' title='bbox 2981 4054 3071 4101; x_wconf 85' lang='grc' dir='ltr'>καὶ</span> <span class='ocrx_word' id='word_1_726' title='bbox 3107 4049 3359 4122; x_wconf 70' lang='grc' dir='ltr'>ὀργανικά</span> <span class='ocrx_word' id='word_1_727' title='bbox 3396 4056 3525 4126; x_wconf 91' lang='grc' dir='ltr'>πρός</span> <span class='ocrx_word' id='word_1_728' title='bbox 3577 4051 3769 4125; x_wconf 83' lang='grc' dir='ltr'>ἀρετὴν</span> 
     </span>
    </p>
   </div>
   <div class='ocr_carea' id='block_1_105' title="bbox 2652 4134 3766 4210">
    <p class='ocr_par' dir='ltr' id='par_1_105' title="bbox 2652 4134 3766 4210">
     <span class='ocr_line' id='line_1_105' title="bbox 2652 4134 3766 4210; baseline 0.007 -24"><span class='ocrx_word' id='word_1_729' title='bbox 2652 4140 2714 4195; x_wconf 84' lang='grc' dir='ltr'>ὼς</span> <span class='ocrx_word' id='word_1_730' title='bbox 2773 4134 2856 4188; x_wconf 74' lang='grc' dir='ltr'>ἐπὶ</span> <span class='ocrx_word' id='word_1_731' title='bbox 2916 4135 3182 4208; x_wconf 84' lang='grc' dir='ltr'>λυσιμελεῖ</span> <span class='ocrx_word' id='word_1_732' title='bbox 3233 4135 3292 4191; x_wconf 75' lang='grc' dir='ltr'>δὲ</span> <span class='ocrx_word' id='word_1_733' title='bbox 3341 4139 3481 4210; x_wconf 77' lang='grc' dir='ltr'>ὕπνῳ</span> <span class='ocrx_word' id='word_1_734' title='bbox 3546 4140 3766 4194; x_wconf 82' lang='grc' dir='ltr'>ἀνακλι-</span> 
     </span>
    </p>
   </div>
   <div class='ocr_carea' id='block_1_106' title="bbox 2166 4222 3763 4303">
    <p class='ocr_par' dir='ltr' id='par_1_106' title="bbox 2166 4222 3763 4303">
     <span class='ocr_line' id='line_1_106' title="bbox 2166 4222 3763 4303; baseline -0.005 -23"><span class='ocrx_word' id='word_1_735' title='bbox 2166 4229 2286 4296; x_wconf 76' lang='grc' dir='ltr'>θεὶς,</span> <span class='ocrx_word' id='word_1_736' title='bbox 2341 4222 2580 4284; x_wconf 83' lang='grc' dir='ltr'>δέδωκας</span> <span class='ocrx_word' id='word_1_737' title='bbox 2632 4225 2787 4276; x_wconf 75' lang='grc' dir='ltr'>ὕπνον</span> <span class='ocrx_word' id='word_1_738' title='bbox 2841 4233 2950 4286; x_wconf 89' lang='grc' dir='ltr'>τοῖς</span> <span class='ocrx_word' id='word_1_739' title='bbox 3000 4226 3283 4298; x_wconf 79' lang='grc' dir='ltr'>ὀφθαλμοῖς</span> <span class='ocrx_word' id='word_1_740' title='bbox 3331 4234 3419 4279; x_wconf 70' lang='grc' dir='ltr'>καὶ,</span> <span class='ocrx_word' id='word_1_741' title='bbox 3471 4238 3577 4289; x_wconf 86' lang='grc' dir='ltr'>τοῖς</span> <span class='ocrx_word' id='word_1_742' title='bbox 3641 4250 3763 4303; x_wconf 80' lang='grc' dir='ltr'>κρο-</span> 
     </span>
    </p>
   </div>
   <div class='ocr_carea' id='block_1_107' title="bbox 2159 4313 3763 4390">
    <p class='ocr_par' dir='ltr' id='par_1_107' title="bbox 2159 4313 3763 4390">
     <span class='ocr_line' id='line_1_107' title="bbox 2159 4313 3763 4390; baseline 0.001 -20"><span class='ocrx_word' id='word_1_743' title='bbox 2159 4321 2337 4390; x_wconf 86' lang='grc' dir='ltr'>τάφοις</span> <span class='ocrx_word' id='word_1_744' title='bbox 2391 4315 2685 4368; x_wconf 83' lang='grc' dir='ltr'>ἀνάπαυσιν</span> <span class='ocrx_word' id='word_1_745' title='bbox 2719 4331 2730 4342; x_wconf 91' lang='grc'><strong>·</strong></span> <span class='ocrx_word' id='word_1_746' title='bbox 2783 4314 2874 4366; x_wconf 87' lang='grc' dir='ltr'>εἰτ’</span> <span class='ocrx_word' id='word_1_747' title='bbox 2932 4313 3180 4376; x_wconf 70' lang='grc' dir='ltr'>ἐλελήθεις</span> <span class='ocrx_word' id='word_1_748' title='bbox 3237 4317 3377 4388; x_wconf 78' lang='grc' dir='ltr'>ὕπνῳ</span> <span class='ocrx_word' id='word_1_749' title='bbox 3432 4319 3588 4370; x_wconf 78' lang='grc' dir='ltr'>ὕπνον</span> <span class='ocrx_word' id='word_1_750' title='bbox 3647 4319 3763 4372; x_wconf 72' lang='grc' dir='ltr'>ἐπι-</span> 
     </span>
    </p>
   </div>
   <div class='ocr_carea' id='block_1_108' title="bbox 2161 4401 3760 4479">
    <p class='ocr_par' dir='ltr' id='par_1_108' title="bbox 2161 4401 3760 4479">
     <span class='ocr_line' id='line_1_108' title="bbox 2161 4401 3760 4479; baseline 0.002 -20"><span class='ocrx_word' id='word_1_751' title='bbox 2161 4407 2417 4477; x_wconf 71' lang='grc' dir='ltr'>συνάψας,</span> <span class='ocrx_word' id='word_1_752' title='bbox 2497 4413 2569 4474; x_wconf 80' lang='grc' dir='ltr'>τῷ</span> <span class='ocrx_word' id='word_1_753' title='bbox 2647 4401 3038 4476; x_wconf 84' lang='grc' dir='ltr'>διακοπτομένῳ</span> <span class='ocrx_word' id='word_1_754' title='bbox 3118 4411 3212 4463; x_wconf 69' lang='grc' dir='ltr'>τήν</span> <span class='ocrx_word' id='word_1_755' title='bbox 3278 4405 3589 4479; x_wconf 66' lang='grc' dir='ltr'>ἐγρήγορσιν</span> <span class='ocrx_word' id='word_1_756' title='bbox 3670 4414 3760 4462; x_wconf 89' lang='grc' dir='ltr'>τόν</span> 
     </span>
    </p>
   </div>
   <div class='ocr_carea' id='block_1_109' title="bbox 2159 4492 3760 4570">
    <p class='ocr_par' dir='ltr' id='par_1_109' title="bbox 2159 4492 3760 4570">
     <span class='ocr_line' id='line_1_109' title="bbox 2159 4492 3760 4570; baseline 0.002 -22"><span class='ocrx_word' id='word_1_757' title='bbox 2159 4503 2356 4567; x_wconf 80' lang='grc' dir='ltr'>συνεχῆ</span> <span class='ocrx_word' id='word_1_758' title='bbox 2399 4503 2471 4564; x_wconf 77' lang='grc' dir='ltr'>τῷ</span> <span class='ocrx_word' id='word_1_759' title='bbox 2527 4492 2727 4566; x_wconf 84' lang='grc' dir='ltr'>βραχεῖ</span> <span class='ocrx_word' id='word_1_760' title='bbox 2761 4497 2847 4544; x_wconf 90' lang='grc' dir='ltr'>τόν</span> <span class='ocrx_word' id='word_1_761' title='bbox 2889 4499 3236 4566; x_wconf 82' lang='grc' dir='ltr'>μακρότατον,</span> <span class='ocrx_word' id='word_1_762' title='bbox 3278 4501 3368 4547; x_wconf 80' lang='grc' dir='ltr'>καὶ</span> <span class='ocrx_word' id='word_1_763' title='bbox 3427 4504 3498 4566; x_wconf 80' lang='grc' dir='ltr'>τῷ</span> <span class='ocrx_word' id='word_1_764' title='bbox 3531 4496 3760 4570; x_wconf 81' lang='grc' dir='ltr'>ἀϐεϐαίῳ</span> 
     </span>
    </p>
   </div>
   <div class='ocr_carea' id='block_1_110' title="bbox 2156 4582 3756 4654">
    <p class='ocr_par' dir='ltr' id='par_1_110' title="bbox 2156 4582 3756 4654">
     <span class='ocr_line' id='line_1_110' title="bbox 2156 4582 3756 4654; baseline 0.001 -17"><span class='ocrx_word' id='word_1_765' title='bbox 2156 4590 2242 4638; x_wconf 89' lang='grc' dir='ltr'>τόν</span> <span class='ocrx_word' id='word_1_766' title='bbox 2322 4582 2545 4654; x_wconf 88' lang='grc' dir='ltr'>χάλκεον</span> <span class='ocrx_word' id='word_1_767' title='bbox 2580 4603 2591 4614; x_wconf 90' lang='grc'><strong>·</strong></span> <span class='ocrx_word' id='word_1_768' title='bbox 2669 4587 2759 4633; x_wconf 82' lang='grc' dir='ltr'>καὶ</span> <span class='ocrx_word' id='word_1_769' title='bbox 2841 4583 3000 4643; x_wconf 69' lang='grc' dir='ltr'>οὕτως</span> <span class='ocrx_word' id='word_1_770' title='bbox 3065 4584 3314 4643; x_wconf 70' lang='grc' dir='ltr'>ὑπνωσεις</span> <span class='ocrx_word' id='word_1_771' title='bbox 3389 4585 3459 4646; x_wconf 84' lang='grc' dir='ltr'>εἰς</span> <span class='ocrx_word' id='word_1_772' title='bbox 3537 4587 3756 4639; x_wconf 87' lang='grc' dir='ltr'>θάνατον</span> 
     </span>
    </p>
   </div>
   <div class='ocr_carea' id='block_1_111' title="bbox 2157 4673 3754 4748">
    <p class='ocr_par' dir='ltr' id='par_1_111' title="bbox 2157 4673 3754 4748">
     <span class='ocr_line' id='line_1_111' title="bbox 2157 4673 3754 4748; baseline 0.003 -23"><span class='ocrx_word' id='word_1_773' title='bbox 2157 4677 2312 4727; x_wconf 80' lang='grc' dir='ltr'>ὁσίων</span> <span class='ocrx_word' id='word_1_774' title='bbox 2362 4680 2495 4723; x_wconf 83' lang='grc' dir='ltr'>Θεοῦ</span> <span class='ocrx_word' id='word_1_775' title='bbox 2535 4676 2623 4722; x_wconf 86' lang='grc' dir='ltr'>καὶ</span> <span class='ocrx_word' id='word_1_776' title='bbox 2659 4679 2770 4740; x_wconf 82' lang='grc' dir='ltr'>Θεῷ</span> <span class='ocrx_word' id='word_1_777' title='bbox 2820 4678 3150 4743; x_wconf 76' lang='grc' dir='ltr'>τιμιώτατον.</span> <span class='ocrx_word' id='word_1_778' title='bbox 3207 4673 3281 4724; x_wconf 53' lang='lat' dir='ltr'>Ov)</span> <span class='ocrx_word' id='word_1_779' title='bbox 3339 4682 3508 4748; x_wconf 86' lang='grc' dir='ltr'>χεῖρες</span> <span class='ocrx_word' id='word_1_780' title='bbox 3569 4678 3754 4733; x_wconf 70' lang='grc' dir='ltr'>θνηταὶ</span> 
     </span>
    </p>
   </div>
   <div class='ocr_carea' id='block_1_112' title="bbox 2155 4761 3755 4839">
    <p class='ocr_par' dir='ltr' id='par_1_112' title="bbox 2155 4761 3755 4839">
     <span class='ocr_line' id='line_1_112' title="bbox 2155 4761 3755 4839; baseline -0.011 -24"><span class='ocrx_word' id='word_1_781' title='bbox 2155 4762 2388 4814; x_wconf 84' lang='grc' dir='ltr'>καθεῖλον</span> <span class='ocrx_word' id='word_1_782' title='bbox 2445 4765 2654 4830; x_wconf 77' lang='grc' dir='ltr'>ὄμματα</span> <span class='ocrx_word' id='word_1_783' title='bbox 2709 4763 2795 4824; x_wconf 84' lang='grc' dir='ltr'>σά,</span> <span class='ocrx_word' id='word_1_784' title='bbox 2852 4761 2881 4817; x_wconf 79' lang='grc' dir='ltr'><em>ἦ</em></span> <span class='ocrx_word' id='word_1_785' title='bbox 2949 4761 3099 4831; x_wconf 63' lang='grc' dir='ltr'>μέλη,</span> <span class='ocrx_word' id='word_1_786' title='bbox 3148 4761 3231 4813; x_wconf 79' lang='grc' dir='ltr'>ἐπὶ</span> <span class='ocrx_word' id='word_1_787' title='bbox 3298 4762 3482 4833; x_wconf 79' lang='grc' dir='ltr'>λέχους</span> <span class='ocrx_word' id='word_1_788' title='bbox 3547 4772 3755 4839; x_wconf 48' lang='grc' dir='ltr'>νεκρού-</span> 
     </span>
    </p>
   </div>
   <div class='ocr_carea' id='block_1_113' title="bbox 2154 4845 3756 4924">
    <p class='ocr_par' dir='ltr' id='par_1_113' title="bbox 2154 4845 3756 4924">
     <span class='ocr_line' id='line_1_113' title="bbox 2154 4845 3756 4924; baseline 0.012 -37"><span class='ocrx_word' id='word_1_789' title='bbox 2154 4871 2280 4924; x_wconf 51' lang='lat' dir='ltr'>Pr,“</span> <span class='ocrx_word' id='word_1_790' title='bbox 2334 4850 2570 4921; x_wconf 68' lang='grc' dir='ltr'>ἣρμοσαν</span> <span class='ocrx_word' id='word_1_791' title='bbox 2617 4865 2628 4876; x_wconf 94' lang='grc'><strong>·</strong></span> <span class='ocrx_word' id='word_1_792' title='bbox 2701 4849 2864 4900; x_wconf 75' lang='grc' dir='ltr'>ὕπνου</span> <span class='ocrx_word' id='word_1_793' title='bbox 2923 4845 2982 4900; x_wconf 77' lang='grc' dir='ltr'>δὲ</span> <span class='ocrx_word' id='word_1_794' title='bbox 3047 4850 3343 4910; x_wconf 90' lang='grc' dir='ltr'>πανάπαλος</span> <span class='ocrx_word' id='word_1_795' title='bbox 3401 4855 3591 4923; x_wconf 72' lang='grc' dir='ltr'>ἐπαφὴ,</span> <span class='ocrx_word' id='word_1_796' title='bbox 3648 4863 3756 4916; x_wconf 87' lang='grc' dir='ltr'>τοῖς</span> 
     </span>
    </p>
   </div>
   <div class='ocr_carea' id='block_1_114' title="bbox 2154 4936 3750 5013">
    <p class='ocr_par' dir='ltr' id='par_1_114' title="bbox 2154 4936 3750 5013">
     <span class='ocr_line' id='line_1_114' title="bbox 2154 4936 3750 5013; baseline 0.002 -21"><span class='ocrx_word' id='word_1_797' title='bbox 2154 4941 2315 5013; x_wconf 85' lang='grc' dir='ltr'>φίλοις</span> <span class='ocrx_word' id='word_1_798' title='bbox 2372 4938 2556 4997; x_wconf 76' lang='grc' dir='ltr'>εαυτῆς</span> <span class='ocrx_word' id='word_1_799' title='bbox 2635 4936 2935 5010; x_wconf 73' lang='grc' dir='ltr'>θελγήτροις</span> <span class='ocrx_word' id='word_1_800' title='bbox 2993 4938 3262 4991; x_wconf 72' lang='grc' dir='ltr'>εὐνάσασα</span> <span class='ocrx_word' id='word_1_801' title='bbox 3325 4944 3414 4992; x_wconf 85' lang='grc' dir='ltr'>καὶ</span> <span class='ocrx_word' id='word_1_802' title='bbox 3475 4940 3750 5002; x_wconf 78' lang='grc' dir='ltr'>κλινοπετῆ</span> 
     </span>
    </p>
   </div>
   <div class='ocr_carea' id='block_1_115' title="bbox 2150 5024 3754 5103">
    <p class='ocr_par' dir='ltr' id='par_1_115' title="bbox 2150 5024 3754 5103">
     <span class='ocr_line' id='line_1_115' title="bbox 2150 5024 3754 5103; baseline -0.001 -21"><span class='ocrx_word' id='word_1_803' title='bbox 2150 5031 2480 5103; x_wconf 82' lang='grc' dir='ltr'>ῥυθμισασα,</span> <span class='ocrx_word' id='word_1_804' title='bbox 2536 5024 2803 5098; x_wconf 79' lang='grc' dir='ltr'>ἀτάραχον</span> <span class='ocrx_word' id='word_1_805' title='bbox 2842 5029 2977 5078; x_wconf 73' lang='grc' dir='ltr'>οὕτω</span> <span class='ocrx_word' id='word_1_806' title='bbox 3031 5032 3122 5079; x_wconf 82' lang='grc' dir='ltr'>καὶ</span> <span class='ocrx_word' id='word_1_807' title='bbox 3165 5030 3357 5098; x_wconf 79' lang='grc' dir='ltr'>ἔποχον</span> <span class='ocrx_word' id='word_1_808' title='bbox 3408 5029 3608 5102; x_wconf 75' lang='grc' dir='ltr'>ὑπνηλῇ</span> <span class='ocrx_word' id='word_1_809' title='bbox 3657 5051 3754 5100; x_wconf 73' lang='grc' dir='ltr'>γα-</span> 
     </span>
    </p>
   </div>
   <div class='ocr_carea' id='block_1_116' title="bbox 2149 5111 3752 5188">
    <p class='ocr_par' dir='ltr' id='par_1_116' title="bbox 2149 5111 3752 5188">
     <span class='ocr_line' id='line_1_116' title="bbox 2149 5111 3752 5188; baseline 0.002 -20"><span class='ocrx_word' id='word_1_810' title='bbox 2149 5119 2270 5177; x_wconf 88' lang='grc' dir='ltr'>λήνη</span> <span class='ocrx_word' id='word_1_811' title='bbox 2346 5122 2435 5168; x_wconf 83' lang='grc' dir='ltr'>καὶ</span> <span class='ocrx_word' id='word_1_812' title='bbox 2496 5117 2562 5176; x_wconf 84' lang='grc' dir='ltr'>ὡς</span> <span class='ocrx_word' id='word_1_813' title='bbox 2631 5111 2701 5166; x_wconf 87' lang='grc' dir='ltr'>δι’</span> <span class='ocrx_word' id='word_1_814' title='bbox 2793 5113 3044 5188; x_wconf 83' lang='grc' dir='ltr'>ὀνειρείων</span> <span class='ocrx_word' id='word_1_815' title='bbox 3135 5115 3307 5168; x_wconf 83' lang='grc' dir='ltr'>πυλῶν</span> <span class='ocrx_word' id='word_1_816' title='bbox 3387 5116 3460 5178; x_wconf 82' lang='grc' dir='ltr'>εἰς</span> <span class='ocrx_word' id='word_1_817' title='bbox 3535 5120 3752 5174; x_wconf 89' lang='grc' dir='ltr'>θάνατον</span> 
     </span>
    </p>
   </div>
   <div class='ocr_carea' id='block_1_117' title="bbox 2153 5203 3752 5280">
    <p class='ocr_par' dir='ltr' id='par_1_117' title="bbox 2153 5203 3752 5280">
     <span class='ocr_line' id='line_1_117' title="bbox 2153 5203 3752 5280; baseline -0.006 -20"><span class='ocrx_word' id='word_1_818' title='bbox 2153 5204 2503 5280; x_wconf 69' lang='grc' dir='ltr'>προῦπεμψεν,</span> <span class='ocrx_word' id='word_1_819' title='bbox 2563 5203 2591 5261; x_wconf 70' lang='grc' dir='ltr'>ἢ</span> <span class='ocrx_word' id='word_1_820' title='bbox 2652 5203 3091 5277; x_wconf 80' lang='grc' dir='ltr'>(προσφυέστερον</span> <span class='ocrx_word' id='word_1_821' title='bbox 3140 5204 3318 5269; x_wconf 83' lang='grc' dir='ltr'>εἰπεῖν)</span> <span class='ocrx_word' id='word_1_822' title='bbox 3383 5207 3453 5268; x_wconf 84' lang='grc' dir='ltr'>ὡς</span> <span class='ocrx_word' id='word_1_823' title='bbox 3500 5205 3553 5270; x_wconf 72' lang='grc' dir='ltr'>ἐξ</span> <span class='ocrx_word' id='word_1_824' title='bbox 3600 5207 3752 5264; x_wconf 87' lang='grc' dir='ltr'>ἀλλο-</span> 
     </span>
    </p>
   </div>
   <div class='ocr_carea' id='block_1_118' title="bbox 2150 5284 3753 5367">
    <p class='ocr_par' dir='ltr' id='par_1_118' title="bbox 2150 5284 3753 5367">
     <span class='ocr_line' id='line_1_118' title="bbox 2150 5284 3753 5367; baseline -0.002 -21"><span class='ocrx_word' id='word_1_825' title='bbox 2150 5291 2320 5352; x_wconf 79' lang='grc' dir='ltr'>δαπῆς</span> <span class='ocrx_word' id='word_1_826' title='bbox 2367 5284 2534 5347; x_wconf 80' lang='grc' dir='ltr'>τῆσδε</span> <span class='ocrx_word' id='word_1_827' title='bbox 2575 5294 2665 5346; x_wconf 83' lang='grc' dir='ltr'>τῆς</span> <span class='ocrx_word' id='word_1_828' title='bbox 2712 5291 2991 5359; x_wconf 88' lang='grc' dir='ltr'>παροικίας</span> <span class='ocrx_word' id='word_1_829' title='bbox 3047 5287 3118 5348; x_wconf 85' lang='grc' dir='ltr'>εἰς</span> <span class='ocrx_word' id='word_1_830' title='bbox 3157 5293 3248 5346; x_wconf 78' lang='grc' dir='ltr'>τὴν</span> <span class='ocrx_word' id='word_1_831' title='bbox 3291 5287 3455 5342; x_wconf 83' lang='grc' dir='ltr'>ἐκεῖσε</span> <span class='ocrx_word' id='word_1_832' title='bbox 3509 5289 3753 5367; x_wconf 81' lang='grc' dir='ltr'>πατρίδα</span> 
     </span>
    </p>
   </div>
   <div class='ocr_carea' id='block_1_119' title="bbox 2149 5377 3749 5457">
    <p class='ocr_par' dir='ltr' id='par_1_119' title="bbox 2149 5377 3749 5457">
     <span class='ocr_line' id='line_1_119' title="bbox 2149 5377 3749 5457; baseline 0.005 -32"><span class='ocrx_word' id='word_1_833' title='bbox 2149 5380 2572 5457; x_wconf 74' lang='grc' dir='ltr'>διεπόρμθευσεν’</span> <span class='ocrx_word' id='word_1_834' title='bbox 2633 5377 2702 5436; x_wconf 81' lang='grc' dir='ltr'>ὡς</span> <span class='ocrx_word' id='word_1_835' title='bbox 2748 5381 2838 5426; x_wconf 85' lang='grc' dir='ltr'>καί</span> <span class='ocrx_word' id='word_1_836' title='bbox 2876 5395 2956 5438; x_wconf 84' lang='grc' dir='ltr'>τις</span> <span class='ocrx_word' id='word_1_837' title='bbox 2995 5377 3218 5450; x_wconf 77' lang='grc' dir='ltr'>ἡρωϊκὸς</span> <span class='ocrx_word' id='word_1_838' title='bbox 3270 5381 3360 5430; x_wconf 82' lang='grc' dir='ltr'>καὶ</span> <span class='ocrx_word' id='word_1_839' title='bbox 3412 5379 3749 5444; x_wconf 80' lang='grc' dir='ltr'>πολυπλανὴς</span> 
     </span>
    </p>
   </div>
  </div>
