4028 6308
134 320 250 387 357
1204 315 1524 385 HONODIA
1572 313 1644 381 is
1681 313 2123 383 ausurum:
2158 308 2488 379 rursm.
2630 284 2635 285 ί
3411 315 3520 383 ass

141 454 317 523 σοφὸς
354 448 409 513 ἐξ
446 447 722 522 ἀλλοτρίας
766 450 1092 524 viaea.qu
1130 455 1195 521 τῇ
1238 452 1449 507 ποιήσει
1496 444 1732 503 καθεύδω

1928 464 1998 506 on
2027 462 2137 521 per
2158 462 2463 513 somnum,
2481 447 2587 503 sed
2613 461 2822 505 veram
2847 447 3067 518 vidisti,
3094 449 3268 522 cujus
3295 449 3519 521 gradus

139 539 219 603 εἰς
280 545 381 599 τήν
447 537 793 611 ἐνεγκαμνην
867 546 1026 597 νῆσον
1090 540 1366 610 κομίζεται
1395 576 1408 590 .
1463 539 1609 590 Κατά
1662 540 1730 609 γά

1928 538 2290 608 srtransiisti,
2325 552 2363 593 a
2390 536 2805 593 moderatione
2851 537 2913 593 in
2967 539 3148 595 rebus
3194 539 3519 597 mundanis

138 632 233 681 τὸν
313 631 588 682 θεσπέσιον
672 625 863 681 Ἰακὼϐ
926 630 997 687 ὡς
1069 630 1403 687 κατέπαυσας
1470 624 1729 681 ἐπιτάσσω

1929 627 2359 685 tfundamento
2390 641 2658 697 exorsus,
2705 627 2971 683 animam
3012 643 3049 684 a
3090 628 3520 701 cupiditatibus

138 726 257 779 τοῖς
289 721 431 771 κατά
464 724 671 789 πνεῦμα
717 720 850 778 υἱοῖς
907 736 1002 770 σου
1029 761 1045 787 ,
1084 714 1272 790 ἐξάρας
1312 714 1396 769 ἐπὶ
1442 720 1538 774 τὴν
1593 715 1729 774 κλίνη

1931 720 2158 786 berans,
2189 716 2495 788 spirituale
2536 715 2848 772 instituens
2905 731 3179 787 regnum,
3211 734 3522 775 summum

140 811 278 868 τοὺς
326 803 495 867 πόδας
544 804 802 868 ἐξέλιπεςο
835 807 919 858 ὅτε
974 810 1064 858 καὶ
1113 805 1273 877 ύπαρ,
1328 804 1422 857 οὐκ
1479 808 1623 879 ὄναρ,
1653 824 1731 857 κατ

1930 810 2080 863 item
2122 804 2381 877 gradum
2429 804 2731 861 divinitati
2759 804 3123 874 attribuens;
3151 805 3403 878 scalam,
3430 808 3521 863 in-

142 896 323 949 αύτόν
376 894 578 969 ἐώρας,
620 895 675 947 ὃν
725 896 883 956 αὐτὸς
937 894 1118 947 ἐαυτὸν
1175 889 1608 967 διεϐαθμίδωσας
1664 893 1733 945 κλι

1933 909 2085 957 nam,
2104 908 2211 966 per
2254 908 2443 965 quam
2462 892 2659 963 angeli
2679 893 3090 950 ascendebant
3123 899 3181 950 et
3199 895 3524 953 descende-

142 1005 310 1057 μακα
366 999 382 1037 τ
433 986 503 1046 ὡς
574 980 816 1058 κρηπῖδα
887 987 976 1056 μὲν
1052 982 1337 1056 βαλόμενος
1408 982 1733 1040 πολιτευτική

1932 982 2239 1049 ant,-viam
2290 981 2393 1037 tibi
2442 986 2861 1050 monstrantes,
2887 986 2946 1038 et
2995 984 3387 1051 Eustathium,
3420 985 3523 1057 qui

142 1074 603 1146 μετριοπάθειαν,
774 1069 836 1125 δὲ
881 1073 1254 1145 μετριοπαθείᾳ
1308 1076 1403 1130 τὴν
1449 1073 1733 1144 καθαρτικὴ

1935 1088 1987 1128 3r
2009 1070 2423 1143 episcopatum
2454 1069 2533 1127 ad
2556 1070 3124 1143 contemplationem
3152 1079 3526 1145 praeparatus

142 1158 718 1235 ἐποικοδομησάμενος
770 1160 1023 1214 ἀπάθειαν
1046 1204 1061 1229 ,
1095 1159 1178 1215 ἐπὶ
1204 1157 1264 1214 δὲ
1315 1168 1377 1232 τῇ
1412 1159 1639 1232 ἀπαθείᾳ
1676 1168 1733 1218 τη

1931 1165 2027 1228 rat,
2058 1175 2095 1215 a
2150 1158 2656 1231 contemplatione
2697 1175 2735 1215 a
2762 1159 2862 1214 Dei
2908 1160 3097 1231 ipsius
3149 1161 3522 1217 intuitionem

141 1253 345 1324 νοερὰν
378 1248 626 1322 ἐνέργειαν
651 1291 666 1315 ,
698 1249 785 1302 ἐπὶ
842 1245 903 1302 δὲ
947 1257 1010 1321 τῇ
1075 1254 1226 1323 νοερᾲ
1271 1246 1496 1321 ἐνεργείᾳ
1546 1252 1640 1306 τὴν
1688 1246 1732 1301 ἐν

1935 1246 2395 1305 arducentes;Sic
2417 1261 2663 1319 quoque
2686 1246 2849 1303 scala
2866 1251 3004 1303 ante
3030 1248 3238 1304 oculos
3269 1254 3402 1305 tuos
3421 1264 3526 1322 po-

144 1345 297 1391 ποὶσι
375 1336 578 1410 βάθραν
650 1342 747 1399 της
823 1338 1053 1398 θεὼσεως
1082 1355 1095 1366 ·
1130 1336 1206 1408 ἐφ’
1268 1338 1329 1395 ἣν
1402 1340 1490 1389 καὶ
1562 1335 1735 1407 ἄγγελε

1934 1343 1994 1394 ta
2040 1336 2257 1393 caelum
2317 1334 2666 1408 attingebat,
2705 1340 2763 1392 et
2808 1336 2871 1392 in
2917 1337 3092 1408 cujus
3149 1338 3317 1410 apice
3370 1341 3525 1395 Deus

144 1430 373 1487 πάντως
414 1424 677 1483 ἀνέϐαινον
727 1430 819 1478 καὶ
874 1424 1174 1479 κατέϐαινον
1204 1468 1219 1492 ,
1278 1420 1640 1486 ὁδοποιοῦντες
1686 1442 1735 1477 σι

1937 1423 2217 1492 ιείάθὺοῐς
2263 1438 2373 1493 per
2425 1438 2634 1495 quam,
2684 1416 2859 1480 nobis
2909 1425 3080 1480 humi
3133 1425 3367 1494 relictis,
3419 1440 3528 1499 per

145 1520 254 1573 τὴν
307 1510 498 1567 ἄνοδον
554 1520 644 1567 καὶ
703 1518 1089 1588 προπέμποντες
1141 1511 1350 1567 ἀνιόντα
1399 1512 1455 1565 ἐκ
1508 1516 1599 1586 μεν
1654 1532 1736 1566 σω

1938 1513 2112 1569 .edios
2141 1510 2409 1582 angelos,
2444 1511 2594 1569 deus
2630 1510 2825 1568 factus
2851 1512 3087 1585 ipse,ad
3108 1514 3295 1571 Deum
3324 1529 3529 1571 ascen-

149 1604 516 1675 αγελαστικοῦ
566 1608 657 1657 καὶ
725 1600 1020 1657 σπουδαίου
1083 1599 1277 1677 ἀνδρὸς
1319 1603 1388 1663 εἰς
1430 1604 1647 1677 θεωρίαν
1693 1621 1740 1655 κε

1945 1601 2037 1659 sti.
2060 1604 2119 1656 et
2170 1604 2234 1655 ut
2279 1598 2588 1671 apostolus
2636 1598 2747 1655 iter
2784 1604 2955 1655 tuum
3004 1600 3331 1657 confecisse
3381 1600 3530 1658 mihi

150 1696 529 1768 ωθαρμένον,
588 1691 645 1745 ἐκ
702 1689 762 1746 δὲ
826 1694 1088 1768 θεωρητοῦ
1136 1696 1266 1768 πρὸς
1330 1696 1537 1765 νοερὸν,
1589 1692 1647 1744 ἐκ
1713 1688 1741 1744 δ

1939 1690 2123 1746 deris.
2154 1691 2302 1744 Nam
2350 1687 2563 1760 procul
2589 1687 2798 1756 dubio,
2826 1688 2978 1744 sicut
3018 1691 3222 1745 Petrus
3244 1690 3530 1763 princeps

153 1790 345 1857 νοεροῡ
408 1787 537 1857 πρὸς
597 1787 726 1836 Θεόν
768 1824 781 1837 .
830 1782 983 1834 Ούτω
1036 1786 1128 1834 καὶ
1180 1784 1211 1840 ἠ
1272 1784 1410 1834 κατὰ
1467 1784 1525 1834 σε
1584 1780 1744 1851 κλίμα

1941 1777 2392 1845 mstolorum,tu
2411 1792 2655 1849 quoque
2683 1776 2746 1832 in
2765 1791 3003 1833 carcere
3028 1777 3272 1835 duabus
3301 1780 3532 1836 vinctus

158 1872 455 1946 ἐστηρικτο
649 1869 697 1923 ἐν
746 1879 807 1943 τῇ
839 1878 932 1942 γῆ,
970 1876 1065 1930 τὴν
1115 1866 1175 1923 δὲ
1221 1870 1442 1942 κεφαλήν
1481 1866 1623 1941 εἶχεν
1662 1868 1749 1941 ἀφι

1942 1867 2128 1935 Ltenis,
2160 1880 2375 1921 somno
2404 1880 2476 1920 ac
2512 1880 2763 1937 corpore
2791 1865 3108 1933 tenebaris,
3150 1867 3257 1923 sed
3282 1867 3533 1938 angelus

160 1963 457 2031 κνουμένην
496 1959 567 2020 εἰς
609 1959 847 2033 ούρανόν,
896 1957 971 2031 ἐφ’
1012 1956 1074 2021 ἧς
1137 1964 1227 2012 καὶ
1266 1960 1292 2012 ὁ
1332 1961 1524 2031 Κύριος
1559 1957 1748 2015 ἐπεστή

1943 1955 2121 2012 omini
2151 1958 2217 2010 ut
2240 1953 2405 2008 illum
2430 1954 2744 2025 quondam
2766 1958 2969 2023 noctu,
3000 1969 3164 2010 nunc
3187 1960 3243 2010 te
3285 1956 3450 2025 adiit,
3477 1960 3534 2012 et

162 2068 345 2121 ρικτο,
368 2049 441 2110 εἰς
477 2047 532 2101 ὃν
589 2047 805 2110 ἀνῆλθες
855 2048 911 2111 ἐξ
946 2050 1093 2120 ἡμῶν
1131 2056 1230 2100 τῶν
1269 2053 1447 2120 χαμαὶ
1485 2045 1753 2120 ἐρχομένω

1945 2042 2202 2100 ιηίοεὶὶω
2235 2044 2461 2098 catena
2507 2041 2851 2097 ceciderunt
2892 2039 2967 2095 de
3010 2041 3266 2113 pedibus
3316 2044 3536 2109 tuis,et

167 2134 268 2189 διὰ
306 2145 405 2198 τῆς
444 2136 720 2209 ἀναγωγῆς
770 2140 965 2199 ταύτης
1021 2137 1307 2210 κλίμακος,
1351 2140 1481 2198 Θεὸς
1540 2134 1752 2207 ἀγγέλοι

1946 2131 2139 2190 nculis
2158 2134 2472 2202 exemptus
2492 2143 2633 2185 eum
2652 2129 2758 2201 qui
2777 2129 3044 2185 animam
3075 2134 3245 2186 tuam
3265 2131 3537 2188 traduce-

167 2234 425 2279 κατιοῦσι
462 2230 554 2279 καὶ
592 2234 899 2280 σννανιοῡσι
955 2223 1414 2300 δορυφορούμενος.
1456 2224 1672 2296 Ἐχοιμ’
1716 2224 1758 2277 ἄη

1942 2226 2010 2286 ιι,
2051 2219 2401 2292 sequebare.
2450 2220 2534 2274 'l‘u
2587 2233 2828 2290 quoque
2873 2216 3144 2284 fortasse,
3192 2223 3260 2274 ut
3310 2222 3533 2290 Petrus,

166 2313 359 2385 λέγειν,
384 2318 477 2367 καὶ
532 2317 596 2376 ὣς
659 2313 1015 2377 ἀποστολικῶς
1079 2318 1167 2366 τόν
1233 2311 1427 2387 δρόμον
1482 2312 1757 2374 τετελεκαςη

1945 2310 2181 2366 sionem
2210 2307 2415 2364 videre
2442 2306 2552 2362 tibi
2579 2305 2971 2375 videbaris,et
2999 2310 3201 2362 utrum
3221 2307 3301 2363 ab
3320 2307 3536 2378 angelo

174 2402 381 2474 Ἀμέλει
406 2423 492 2455 τοι
529 2407 618 2455 καὶ
661 2405 728 2464 ὡς
765 2402 814 2455 ἐν
858 2403 1083 2476 φυλακῇ,
1117 2411 1189 2473 τῷ
1236 2402 1337 2475 βίῳ
1379 2399 1538 2473 τῷδε,
1569 2406 1659 2453 καὶ
1714 2404 1765 2452 στὶ

1950 2401 2046 2453 cta
2080 2410 2222 2451 vera
2251 2399 2447 2450 essent
2501 2392 2844 2461 dubitabas,
2874 2392 3069 2449 donec
3123 2399 3297 2465 porta
3346 2394 3539 2452 ferrea

173 2493 314 2544 κατὰ
377 2495 467 2545 τόν
541 2499 822 2567 κορυφαῖον
889 2496 1082 2564 Πέτρον
1148 2495 1496 2566 τηρούμενος,
1565 2486 1764 2543 ἐδέδεσι

1947 2488 2101 2541 mute
2129 2483 2457 2556 aperiretur
2483 2481 2625 2538 etin
2655 2480 2867 2537 urbem
2895 2480 3133 2552 egregie
3159 2481 3538 2539 obmunitam

176 2576 336 2633 δυσὶν
413 2579 660 2634 ἀλύσεσιν
686 2621 701 2645 ,
750 2580 893 2653 ὒπνῳ
967 2586 1056 2634 καὶ
1130 2577 1312 2652 δεσμῷ
1387 2586 1592 2651 φυσικῷ
1625 2599 1637 2611 ·
1673 2576 1767 2629 ἀλλ

1949 2588 2168 2645 gressus
2189 2571 2441 2634 videres,
2474 2569 2795 2625 Dominum
2840 2584 2981 2626 vere
3030 2569 3315 2642 angelum
3359 2586 3540 2628 suum

172 2667 366 2728 ἐπέστη
449 2688 535 2723 σοι
606 2669 823 2741 ἄγγελος
897 2674 1112 2741 Κυρίου.
1188 2671 1254 2729 ὡς
1327 2667 1498 2739 ἐκείνῳ
1571 2670 1763 2739 κειμένο

1949 2663 2127 2718 ιὶδὶεεθ
2180 2660 2287 2732 qui
2316 2665 2374 2715 te
2413 2666 2446 2714 e
2475 2659 2682 2714 mortis
2736 2657 3022 2716 manibus
3064 2658 3336 2730 eriperet.
3384 2660 3540 2725 Quin

172 2761 381 2823 νυκτός,
426 2761 517 2810 καὶ
552 2766 892 2833 παραχρῆμα
951 2756 1186 2821 ἐξέπεσον
1253 2756 1354 2809 ἀπὸ
1413 2763 1507 2808 σοῦ
1564 2757 1616 2807 αἱ
1666 2754 1760 2806 ἀλύ

1950 2750 2217 2807 ominum
2239 2748 2439 2821 ipsum
2463 2746 2665 2803 media
2684 2752 2858 2804 nocte
2881 2746 3366 2820 expergefactum
3388 2763 3541 2807 zona

175 2864 281 2907 σεις
322 2843 502 2913 αὗται,
543 2851 634 2900 καὶ
670 2854 767 2908 τῆς
819 2847 1052 2919 φυλακῆς
1089 2845 1254 2909 ἐξηεις
1304 2841 1506 2914 οἶδεν-ος,
1541 2849 1630 2896 καὶ
1669 2843 1765 2901 ὴκό

1951 2837 2228 2896 anestatis
2246 2842 2300 2893 te
2326 2836 2587 2891 cinctum
2601 2835 2917 2907 reperiisse
2945 2835 3542 2900 crediderim.Quam-

173 2932 383 2997 λούθεις
445 2937 616 3005 τούτῳ
688 2934 1102 3006 ψυχαγωγοῦντί
1178 2953 1254 2988 σε.
1296 2936 1454 3004 Τάχα
1525 2952 1625 2984 που
1700 2950 1764 2983 κα

1956 2943 1985 2980 s
2015 2925 2176 2980 enim
2205 2937 2426 2994 corpus
2459 2927 2631 2976 tuum
2659 2921 2965 2987 dormiret,
2998 2936 3169 2977 mens
3209 2926 3413 2978 tamen
3442 2926 3545 2981 tua

178 3025 353 3097 ὅραμα
419 3025 536 3076 κατ’
589 3023 775 3081 ἐκεῖνον
827 3021 1024 3086 ἐδόκεις
1092 3023 1296 3097 βλέπειν
1354 3022 1687 3096 ἀμφιγνοῶν,
1747 3039 1769 3074 ε

1956 3013 2173 3085 gilans,
2214 3016 2278 3067 ut
2298 3010 2553 3081 \irgines
2580 3010 2925 3081 prudentes,
2954 3008 3304 3080 lampadem
3332 3010 3545 3067 arden-

179 3114 365 3175 ἀληθές
414 3113 528 3167 ἐστι
590 3118 647 3167 τό
713 3112 786 3167 δι’
840 3115 1000 3167 αὐτοῦ
1057 3119 1317 3186 γινόμενον
1352 3134 1365 3146 ·
1412 3114 1507 3173 ἕως
1560 3120 1655 3173 τῆς
1712 3129 1769 3162 σι

1960 3121 2020 3160 ω
2050 3102 2328 3159 ornabat.
2354 3101 2550 3165 Quare
2586 3099 2666 3155 ad
2694 3098 2939 3155 obviam
2988 3100 3223 3170 Sponso
3274 3100 3545 3157 eundum

180 3199 353 3277 δηρᾶς
412 3204 584 3265 πύλης
628 3203 935 3276 αὐτομάτως
997 3202 1338 3275 ἀνοιχθείσης
1399 3220 1505 3269 σοι,
1556 3209 1652 3262 τῆς
1712 3218 1770 3272 cpe

1560 3209 1652 3262 τῆς
1712 3218 1789 3272 φε-
1827 3188 1857 3196 ⁷
1899 3195 2052 3250 hora
2073 3190 2265 3247 noctis
2292 3188 2711 3259 intempestiva
2731 3192 2977 3258 paratus
2996 3201 3151 3243 eras.

178 3273 378 3367 ρούσης
420 3295 493 3355 είς
528 3298 624 3352 τὴν
698 3273 820 3355 τούς
897 3273 1156 3366 θεμελίους
1229 3295 1460 3364 ἔχουσαν
1534 3288 1682 3343 πόλιν
1756 3283 1983 3351 ἐξῆλθες,
2024 3285 2182 3340 ὄντως
2218 3281 2309 3330 καὶ
2384 3284 2577 3348 σαφῶς,
2616 3278 2788 3347 ἕννῶς,
2828 3277 2910 3328 ὅτι
2944 3274 3152 3367 ἀληθῶς
3190 3273 3549 3367 ⁸ἐξαπέστειλε

182 3385 375 3455 Κύριος
429 3384 518 3433 τὸν
579 3381 797 3453 ἄγγελον
861 3382 1059 3453 αὐτοῦ,
1102 3386 1193 3434 καὶ
1246 3380 1457 3442 ἐξείλετο
1512 3397 1570 3432 σε
1620 3376 1677 3430 ἐκ
1732 3383 1826 3428 τοῦ
1883 3377 2125 3443 σώματος
2185 3374 2278 3419 τοῦ
2345 3367 2566 3418 θανάτου
2622 3367 2803 3417 τούτου
2830 3401 2846 3416 .
2909 3362 3113 3419 Μᾶλλον
3178 3360 3239 3417 δὲ
3275 3365 3302 3416 ὀ
3359 3367 3550 3437 Κύριος

182 3470 337 3531 αὐτὸς
403 3474 575 3542 μέσης
631 3474 809 3530 νυκτός
864 3469 1045 3536 ἐλθὼν,
1087 3468 1408 3543 ἐγρηγορότα
1475 3488 1533 3521 σε
1592 3468 1693 3519 ὑπὸ
1747 3464 1925 3535 λύχνῳ
1992 3455 2306 3532 διακρίσεως
2347 3456 2603 3526 καιομένῳ
2634 3497 2651 3523 ,
2710 3457 2802 3506 καὶ
2868 3454 3177 3527 σωφροσύνῃ
3234 3457 3329 3511 τὴν
3386 3453 3550 3526 ὀσφὺν

182 3541 597 3631 περιεζωσμένον
637 3559 778 3633 εὗρεν
810 3601 825 3616 ,
865 3559 927 3612 Ei
962 3561 1064 3633 γὰρ
1122 3541 1212 3611 καὶ
1242 3541 1470 3630 φυσικῶς
1502 3550 1778 3613 ἐκάθευδες
1805 3593 1819 3620 ,
1862 3548 1972 3602 ἀλλ’
2006 3549 2032 3606 ἡ
2074 3541 2276 3621 καρδία
2305 3563 2413 3633 -σου
2443 3541 2609 3605 άλλως
2642 3542 2907 3633 *ἠγρύπνιι
2935 3583 2948 3608 ,
2991 3542 3240 3633 κατα-τᾲς
3273 3546 3554 3633 φρονίμους

182 3628 474 3721 παρθένους
500 3628 760 3701 ἄσϐεστον
796 3652 890 3708 τὴν
918 3628 1177 3720 λαμπάδα
1204 3628 1375 3720 κοσμή
1386 3664 1529 3698 σασα
1547 3686 1564 3702 .
1594 3646 1773 3713 Τούτῳ
1809 3642 1977 3691 τοίνυν
2007 3639 2097 3689 καὶ
2124 3641 2198 3704 τῷ
2236 3631 2376 3702 καλῷ
2401 3635 2608 3704 νυμφίῳ
2633 3629 2764 3705 ἀωρὶ
2789 3638 2883 3692 τῆς
2909 3632 3094 3691 νυκτὸς
3114 3628 3308 3682 ἐλθόντι
3337 3629 3555 3703 ἑτοίμως

185 3735 504 3795 ἀπήντηκεν.

259 3824 461 3885 Ὀντως
486 3833 580 3877 τοῦ
608 3824 770 3878 πάλαι
825 3831 1036 3899 χρυσοῦ
1075 3828 1249 3894 γένους
1278 3828 1457 3895 κόμμα
1495 3824 1560 3874 σύ
1590 3820 1787 3873 λοιπόνο

1972 3810 2183 3868 Etatis
2209 3824 2409 3866 aureae
2429 3810 2492 3863 tu
2513 3821 2719 3863 revera
2741 3809 3046 3878 superstes
3064 3821 3197 3862 esse
3225 3805 3552 3875 videris,et,

192 3918 283 3965 καὶ
351 3916 498 3987 παρά
558 3922 713 3966 τοῦτο
768 3916 904 3965 κατὰ
973 3916 1041 3965 τὰ
1110 3915 1306 3986 πάτρια
1356 3909 1549 3963 ἐκείνου
1621 3907 1783 3981 βιούς1

1964 3908 2119 3959 :tum
2169 3899 2372 3965 ﬁebat,
2404 3896 2566 3952 dulci
2614 3909 2829 3954 somno
2878 3894 3138 3950 irretitus
3166 3899 3439 3949 mortuus
3465 3910 3555 3959 es,

197 4003 333 4055 οὕτω
407 4009 498 4056 καὶ
572 4005 822 4064 τέθνηκας
897 4003 1113 4075 μαλακῷ
1190 3997 1517 4072 δεδμημένος
1615 3997 1788 4069 ὒπνῳ·

1966 4005 2030 4046 10
2052 3992 2193 4060 post
2214 3985 2445 4041 obitum
2471 3984 2531 4038 in
2559 3983 2703 4052 biga
2732 3981 2933 4037 somni
2965 3996 3035 4036 ac
3062 3980 3270 4036 mortis
3299 3986 3505 4037 vectus
3524 3997 3557 4038 e

197 4092 389 4163 μᾶλλον
436 4089 495 4144 δὲ
550 4091 807 4155 συζεύξας
863 4088 1125 4164 ξυνωρίδα
1175 4086 1378 4162 ἀδελφὼ
1437 4084 1788 4158 διδυμεύθντεέ

1970 4076 2237 4133 ventium
2262 4079 2420 4128 terra
2441 4070 2747 4134 ferebaris,
2772 4074 2829 4124 et
2857 4083 2963 4139 per
2989 4072 3192 4138 portas
3230 4068 3362 4124 caeli
3391 4085 3559 4141 aper-

198 4181 355 4233 ύπνον
408 4186 500 4232 καὶ
577 4182 790 4233 θάνατον
819 4224 834 4247 ,
887 4180 1285 4255 ξυνωρικεύσω,
1344 4182 1434 4229 καὶ
1511 4175 1789 4234 ἐπετάσθης

1967 4183 2001 4222 .s
2026 4166 2214 4231 laetus,
2246 4160 2447 4234 gloriae
2469 4157 2993 4231 archiepiscopalis
3016 4163 3174 4213 veste
3199 4157 3445 4215 indutus
3469 4161 3558 4217 in-

199 4269 320 4321 εύθύ
367 4277 461 4320 τοῦ
518 4277 701 4341 χώρου
740 4277 838 4320 τῶν
887 4268 1091 4328 ζώντων
1116 4312 1131 4337 ,
1173 4271 1262 4319 καὶ
1303 4275 1402 4318 τῶν
1442 4265 1660 4339 ούρανοῦ
1708 4283 1790 4315 πυ·

1968 4270 2176 4322 ressus,
2205 4252 2277 4306 iis
2307 4248 2529 4322 quibus
2585 4263 2759 4303 sacra
2812 4261 3097 4318 peragere
3121 4246 3559 4305 demandatum

196 4357 293 4409 λῶν
335 4356 681 4430 ἀνοιγομένων
733 4377 818 4409 σοι
863 4362 1066 4430 χαίρων
1127 4353 1370 4425 εἰσέδυς,
1412 4356 1548 4407 κατά
1614 4352 1787 4410 στοληπ

1969 4349 2057 4411 ’ἃῐ,
2087 4338 2524 4397 accensebaris.
2550 4336 2634 4391 lbi
2657 4350 2861 4390 coram
2880 4336 3147 4405 te,inque
3177 4338 3346 4390 tuum
3374 4336 3560 4395 hono-

197 4444 583 4521 ἀρχιερατικῆς
648 4442 805 4508 δόξης
865 4446 1246 4518 ἠμφιεσμένος,
1298 4447 1387 4496 καὶ
1425 4450 1529 4502 τοῖς
1577 4440 1788 4513 ἀμφιπο⁴

1971 4448 2040 4487 ιω
2094 4433 2339 4500 surgent
2389 4426 2493 4499 qui
2541 4426 2697 4481 circa
2735 4424 3035 4480 Aaronem
3094 4438 3164 4478 ac
3221 4424 3562 4482 Samuelem

193 4540 459 4607 νουμένοις
532 4537 591 4586 τό
660 4532 826 4586 ἐκεῖσε
915 4536 1290 4608 θυσιαστήριον
1382 4532 1780 4606 προστιθέμενος

1972 4535 2086 4577 ιΟΓᾶ
2112 4519 2353 4578 faciunt,
2369 4530 2493 4570 non
2530 4517 2763 4569 tantum
2798 4512 2943 4584 quia
2978 4512 3130 4567 inter
3156 4512 3426 4568 Ecclesiae
3457 4529 3563 4570 an-

195 4623 359 4677 Ἐνθα
425 4632 525 4674 τῶν
583 4625 672 4695 μὲν
741 4627 856 4696 περὶ
913 4626 1000 4674 τόν
1069 4622 1268 4696 Ἀαρὼν
1334 4624 1417 4671 καὶ
1476 4617 1716 4691 Σαμουὴλ
1778 4637 1786 4668 ι

1977 4609 2120 4665 ;tites
2159 4605 2378 4661 mirum
2400 4604 2458 4659 in
2491 4602 2742 4659 modum
2773 4600 3031 4669 excellis,
3059 4600 3166 4657 sed
3195 4602 3340 4673 quia
3364 4602 3568 4660 tunica

199 4715 385 4774 θίασος
438 4713 821 4764 ύπανίστανταί
872 4730 954 4764 σοι
1005 4731 1094 4763 και
1125 4707 1408 4784 προεδρίας
1457 4712 1790 4782 παραχωροῦι

1975 4714 2018 4754 θ,
2042 4695 2315 4769 pluribus
2336 4708 2524 4765 quam
2546 4690 2786 4747 illorum
2809 4690 3013 4745 tunica
3037 4688 3211 4745 malis
3239 4691 3474 4761 punicis
3495 4706 3566 4747 ac

201 4821 305 4865 σιν,
340 4796 646 4873 αἰδούμενοι
699 4800 757 4852 ού
804 4804 957 4872 μόνον
1005 4801 1070 4860 ὡς
1118 4802 1365 4874 ἱεραρχίᾳ
1406 4799 1686 4868 σεμνοτέρῳ
1740 4802 1792 4866 τῇ

1975 4783 2328 4844 itinnabulis
2359 4781 2556 4837 aureis
2582 4779 2948 4835 interstincta
2968 4783 3114 4844 erat;
3133 4794 3319 4849 quam
3339 4778 3419 4834 ob
3438 4794 3566 4835 rem

198 4893 333 4944 κατά
399 4892 631 4963 Χριστὸν
687 4887 1069 4962 ἐπιπρέποντα,
1114 4886 1243 4939 ἀλλὰ
1287 4891 1377 4939 καὶ
1443 4888 1512 4945 ὡς
1571 4882 1789 4958 λαμπρός

1975 4895 1982 4932 μ
2010 4872 2315 4944 Evangelii
2343 4870 2699 4944 praedicator
2727 4873 2785 4924 et
2811 4873 2873 4923 ut
2900 4873 3100 4923 orator
3127 4864 3275 4936 legis
3294 4866 3566 4924 obscure

198 4984 370 5053 τέροις
412 4986 513 5030 τῶν
559 4977 683 5052 παρ’
742 4978 949 5038 ἐκείνοις
1001 4984 1219 5051 χρυσῶν
1279 4977 1507 5050 ῥοίσκων
1562 4977 1652 5024 καὶ
1710 4990 1789 5023 κως

1979 4962 2198 5021 ΓΠὼοιθ,
2222 4958 2586 5030 fulgurando
2603 4956 2954 5029 superabas.
2978 4954 3065 5053 ibi
3080 4957 3144 5008 tu
3167 4953 3328 5009 viros
3346 4954 3570 5053 ingenii

202 5065 380 5121 δὼνων
438 5066 780 5139 κυκλούμενον
802 5112 819 5136 ,
859 5066 933 5127 οἷς
970 5065 1307 5137 εύαγγελικῶς
1363 5062 1473 5134 άμα
1519 5066 1608 5113 καὶ
1658 5060 1793 5134 ῥητο

1978 5071 1990 5110 :
2028 5051 2214 5109 animi
2244 5047 2485 5106 dotibus
2514 5046 2953 5115 ornatissimos,
2983 5042 3313 5098 Clementes
3341 5058 3413 5099 ac
3433 5043 3569 5101 Dio-

201 5165 363 5232 ρικῶς
401 5157 826 5230 ὑπερήστραπτές
878 5175 931 5208 τε
984 5160 1074 5208 καὶ
1133 5151 1503 5227 ύπερεϐρόντας
1558 5151 1623 5202 τὰ
1674 5149 1792 5200 κατέ

1978 5143 2126 5213 ysios
2148 5138 2360 5196 obvios
2379 5136 2635 5194 habebis
2662 5140 2720 5192 et
2737 5134 2813 5190 de
2837 5138 2894 5189 te
2923 5136 2990 5232 ut
3008 5130 3188 5232 fratre
3211 5130 3569 5203 gaudentes,

202 5250 288 5299 τὸν
378 5244 642 5317 ὗπόζοφον
726 5249 880 5318 νόμον
953 5249 1043 5297 καὶ
1133 5243 1455 5315 ἰσχνόφωνον
1550 5235 1788 5310 σύμϐολα

1982 5233 2025 5288 1i
2048 5230 2127 5287 ad
2151 5230 2422 5302 ipsorum
2444 5224 2806 5318 exemplum,
2822 5217 3272 5318 philosophiam
3303 5223 3573 5318 Graecam

203 5342 314 5389 Τῶν
366 5331 418 5386 δ’
467 5332 516 5386 ἐν
568 5342 633 5407 τῇ
682 5335 872 5409 χάριτι
908 5333 1061 5386 πάλιν
1118 5332 1289 5406 ἄκρων
1319 5335 1409 5382 καὶ
1458 5330 1639 5399 σοφίας
1698 5345 1794 5377 στει

1984 5319 2268 5377 iristianae
2298 5313 2720 5390 philosophiae,
2739 5324 2977 5409 servam
3005 5307 3353 5409 diligentem
3382 5310 3575 5369 domi-

607 5391 625 5407 .7
682 5391 773 5409 ι...
1186 5391 1195 5406 .
1530 5391 1541 5399 .

206 5425 347 5497 φάνῳ
438 5427 535 5481 τήν
638 5425 900 5497 ἱερατικὴν
1016 5420 1501 5492 ἐπικεκοσμηκότων
1598 5411 1797 5488 κίδαριτ

1981 5425 2016 5464 e
2044 5411 2265 5463 sanctae
2296 5401 2622 5473 subjecisti.
2650 5402 2725 5455 Te
2764 5396 2961 5497 Basilii
2990 5400 3048 5452 et
3076 5397 3343 5468 Gregorii
3363 5399 3572 5471 gratis-

206 5514 339 5566 ἔνθεν
396 5513 488 5584 μὲν
553 5511 838 5584 Κλήμεντες
905 5517 994 5564 καὶ⁹
1067 5513 1328 5561 Διονύσιοι
1400 5510 1797 5581 προσυπαντώση

1985 5512 2146 5552 mum
2173 5493 2476 5549 advenam
2497 5485 2882 5558 excipiunt,et
2907 5484 3160 5556 dignum
3181 5486 3286 5557 qui
3309 5487 3576 5543 cohaeres

206 5607 295 5655 καὶ
348 5603 805 5675 περιπτύσσονταί
861 5620 919 5654 σε
944 5646 959 5671 ,
1024 5603 1304 5672 χαίροντες
1375 5602 1450 5666 τῷ
1503 5595 1664 5667 ὁμοίῳ
1724 5595 1797 5643 κα

2077 5582 2305 5640 idicant
2338 5593 2480 5634 cum
2502 5575 2574 5632 iis
2606 5573 2715 5649 qui
2755 5574 2910 5633 sicut
2948 5577 3017 5653 tu
3062 5573 3433 5633 orationibus
3461 5575 3579 5632 exi-
3661 5655 3668 5658 ν

1828 4314 1869 4364 D

944 5646 959 5671 θ
