4028 6308
439 257 545 322 339
1302 252 1678 323 mammis
1712 249 2099 323 ACOMINATI
2133 254 2567 324 ATHENARUM
2602 257 2928 324 ARCHIEP.
3689 257 3876 320 360

435 385 573 445 miis
610 386 668 444 et
692 384 831 459 plus
871 399 1059 460 quam
1083 389 1378 462 argenteis
1403 388 1501 448 vel
1537 389 1734 448 aureis
1762 389 2084 449 Ecclesiam

2195 391 2331 445 κατὰ
2393 392 2563 444 ταυτὰ
2602 392 2784 463 σφίσιν
2842 385 3175 443 ὑποκλίναντι
3228 387 3324 447 τὴν
3373 382 3599 445 Ἕλληνα
3650 384 3878 459 φιλο-

437 476 1006 535 condecoraverunt.
1038 478 1272 537 Phineas
1310 495 1554 554 quoque
1610 479 1928 552 collegium
1957 480 2084 538 sine

2195 485 2379 556 σοφίαν
2431 487 2495 553 τῇ
2542 485 2889 555 Χριστιανικῇ
2931 478 3178 551 θεοσοφίᾳ
3212 480 3304 531 καὶ
3345 483 3502 550 σεμνῇ
3545 471 3865 548 δεσποίνῃ

436 566 577 624 odio
618 570 677 624 et
730 566 958 624 invidia
983 571 1040 625 te
1092 567 1173 626 ad
1226 568 1497 642 ipsorum
1549 573 1752 644 partes
1794 572 2084 644 trahunt;

2195 566 2492 624 σπουδαίαν
2575 569 2887 642 θεράπαιναν
2943 583 2958 600 ο
3017 567 3153 621 ἔνθεν
3239 563 3298 619 δὲ
3361 564 3623 618 Βασίλειοι
3709 565 3874 616 καὶ

436 656 625 730 probe
654 656 816 713 enim
844 657 1039 715 sciunt
1066 661 1121 715 te
1151 657 1231 715 ad
1260 658 1628 732 impietatem
1655 659 1858 734 lapsos
1884 659 2084 718 verbis

2195 663 2473 734 Γρηγόριοι
2528 653 2822 721 δεξιοῦνταί
2853 674 2932 724 σε,
2977 659 3068 709 καὶ
3111 663 3212 709 τῶν
3262 654 3389 728 παρ’
3443 653 3624 715 αὐτοῖς
3662 672 3864 725 συγ-

434 745 861 819 reprobatoriis
890 746 1090 804 acrius
1117 763 1304 821 quam
1327 748 1530 821 gladio
1556 748 1921 807 vulnerasse.
1937 750 2084 808 Tan-

2195 749 2524 823 κληρονομεῖν
2579 745 2788 811 ἀξιοῦσι
2844 748 3013 820 μόνων
3047 787 3061 813 ,
3098 746 3171 806 οἷς
3236 747 3351 797 κατ’
3414 742 3640 806 ἐκείνους
3702 759 3865 795 πε-

436 835 578 893 dem
608 834 892 903 Christus,
922 836 1179 894 verbum
1216 837 1438 908 vivum,
1470 838 1765 911 sapientia
1809 839 2084 897 omnium

2195 840 2439 915 ριέθηκας
2495 840 2692 910 κόσμον
2756 842 2819 908 τῇ
2890 833 3177 907 Ἐκκλησία
3239 833 3561 906 πολύτιμον,
3616 830 3861 904 λόγους

437 924 709 993 creatrix,
740 928 798 981 te
827 941 864 983 a
891 924 1113 984 dextris
1134 942 1354 1000 propre
1369 927 1655 986 thronum
1681 928 2084 1001 sistit,majus-

2195 926 2456 1002 λαμπροὺς
2536 929 2627 979 καὶ
2702 920 2964 998 δόγμασιν
3057 920 3414 1025 εύαγγελικρῑς
3500 923 3858 1025 γεγανωμέ-

436 1030 555 1089 que
579 1014 886 1089 sapientiae
904 1016 1193 1091 poculum
1217 1016 1495 1091 offerens,
1521 1034 1745 1076 novam
1770 1019 1877 1076 tibi
1896 1020 2084 1093 potio-

2195 1035 2311 1079 νους
2386 1017 2730 1089 θαυμασίως,
2789 1017 2880 1067 καὶ
2951 1013 3022 1076 ὡς
3075 1014 3121 1066 εἶ
3183 1026 3261 1073 τις
3595 1010 3855 1084 χρυσός

435 1120 576 1162 nem
604 1104 905 1179 propinat,
927 1121 1117 1180 quam
1164 1122 1305 1164 cum
1345 1107 1696 1166 hominibus
1723 1109 1999 1183 perfectis
2022 1107 2084 1165 in

2195 1104 2478 1178 ἐπιχέοιτο.
2510 1103 2579 1157 Ἦ
2618 1122 2719 1157 που
2756 1107 2848 1156 καὶ
2893 1108 3000 1164 τοῖς
3053 1104 3173 1174 περὶ
3225 1102 3314 1153 τὸν
3365 1097 3599 1161 ζηλωτὴν
3635 1100 3856 1158 huic;

435 1208 623 1264 regno
646 1198 899 1267 paterno
927 1200 1169 1266 gustare
1200 1196 1280 1253 ab
1309 1196 1477 1254 omni
1526 1202 1796 1272 tempore
1825 1197 2084 1256 destina-

2195 1193 2289 1248 ούκ
2333 1192 2507 1256 άςηλα
2541 1195 2608 1246 τὰ
2651 1192 2789 1245 κατὰ
2836 1192 2895 1245 σε
2942 1194 3033 1244 καὶ
3077 1188 3238 1251 ἄλλως
3283 1184 3554 1264 ἀδήριτας
3598 1185 3853 1242 Ἀνθέλο

439 1286 564 1341 tum
594 1288 720 1341 erat
746 1300 761 1339 :
794 1302 827 1339 ‹
852 1284 1162 1342 Neminem
1192 1285 1353 1343 enim
1378 1286 1590 1359 diligit,
1616 1287 1899 1345 Salomon
1923 1287 2084 1355 dicit,

2195 1301 2353 1337 κουσι
2397 1280 2458 1336 δὲ
2514 1300 2575 1335 σε
2610 1286 2700 1336 καὶ
2750 1277 2896 1334 οὗτοι
2929 1282 3060 1354 πρὸς
3099 1278 3311 1340 ἑαυτούς
3375 1282 3467 1331 καὶ
3518 1277 3854 1339 καθίζουσι

2256 1374 2267 1385 .
2343 1369 2367 1385 .
2594 1366 2669 1385 η.
2873 1372 2885 1383 .
3024 1367 3100 1385 κν,
3298 1367 3369 1385 ,.
3466 1369 3559 1385 η,
3664 1366 3844 1385 εφη,

436 1371 551 1430 nisi
575 1388 716 1430 eum
742 1372 849 1446 qui
877 1388 1018 1431 cum
1058 1374 1354 1448 sapientia
1388 1375 1621 1433 habitat
1641 1377 1682 1431 ⁸.
1717 1398 1747 1429 ››
1772 1379 1857 1434 Tu
1885 1381 2084 1435 autem

2195 1369 2457 1449 πάρεδρον
2489 1413 2503 1441 ,
2565 1366 2794 1437 εἰδότες,
2861 1372 2926 1431 ὡς
2983 1367 3188 1430 πλείους
3250 1367 3402 1429 αὐτὸς
3462 1369 3592 1443 ἤπερ
3656 1366 3849 1420 οὔτ-οε

2452 1466 2462 1472 .
2626 1460 2639 1472 .
2727 1459 2764 1472 ..
3079 1460 3100 1472 .
3268 1460 3280 1472 .
3485 1452 3509 1472 .
3535 1456 3548 1472 .
3624 1454 3636 1472 .
3774 1463 3809 1472 -

436 1461 543 1534 qui
564 1461 785 1534 jugiter
813 1477 952 1518 cum
990 1461 1094 1520 illa
1134 1478 1370 1535 manes,
1398 1463 1585 1521 solius
1630 1465 1937 1538 sapientiae
1965 1465 2084 1522 ille-

2195 1466 2547 1538 παρανομίαις
2620 1459 2850 1534 ἓκφύλοις
2925 1460 3398 1533 συμφθειρομένους
3472 1452 3548 1510 δι’
3613 1454 3847 1530 ἀμφοῖν

438 1550 632 1608 cebris
673 1550 1059 1621 detinebaris,
1080 1552 1205 1609 imo
1234 1568 1375 1609 cum
1411 1568 1484 1611 ea
1513 1556 1688 1628 quasi
1714 1571 1854 1612 cum
1902 1570 2088 1613 uxore

437 1638 794 1710 conjunctus
819 1638 873 1696 ei
899 1638 1169 1707 vivebas,
1199 1640 1252 1697 ei
1271 1645 1543 1699 mortuus
1573 1657 1657 1715 es,
1687 1648 1745 1701 et
1767 1658 1930 1700 nunc
1957 1642 2089 1717 qui-

2196 1555 2410 1615 ὤθησας
2437 1592 2452 1618 ,
2511 1555 2602 1604 καὶ
2659 1554 2945 1623 τομώτερον
3002 1549 3351 1622 σειρομάστου
3418 1549 3607 1608 παντὸς
3662 1545 3844 1618 ἐλέγε-

2196 1662 2322 1716 χοις
2352 1637 2632 1703 διήλασας.
2665 1639 2782 1693 Ἐπὶ
2829 1644 2963 1691 πᾶσι
2993 1640 3226 1712 Χριστὸς
3255 1676 3269 1703 ,
3311 1637 3337 1689 ό
3371 1640 3574 1708 Λόγος,
3615 1637 3643 1688 ὁ
3674 1635 3835 1703 ζῶν,
3904 1650 3907 1653 ‘

438 1726 580 1783 dem
599 1725 679 1783 ab
705 1726 989 1783 omnibus
1017 1728 1286 1802 corporis
1311 1729 1569 1787 miseriis
1596 1730 2084 1804 liberatus,fontis

2196 1733 2228 1791 ἡ
2285 1730 2590 1803 αύτοσοφία,
2630 1731 2660 1788 ἡ
2720 1729 2923 1781 πάντων
2959 1730 3186 1799 γενίτις,
3229 1730 3319 1779 καὶ
3368 1726 3572 1779 πάντων
3620 1731 3839 1797 τεχνῖ-

440 1814 572 1887 ejus
602 1815 808 1872 aeterni
821 1815 1054 1888 justam
1082 1822 1314 1890 partem
1345 1834 1407 1876 es
1433 1825 1763 1878 assecutus.

438 1909 671 1981 παρεστή
680 1909 808 1958 σατό
872 1924 931 1959 σε
990 1911 1080 1960 καὶ

2196 1840 2296 1892 τις,
2343 1819 2401 1874 ἐκ
2444 1815 2626 1882 δεξιῶν
2673 1820 2764 1870 καὶ
2802 1818 2871 1880 ὡς
2913 1815 3184 1888 ἐγγυτάτω
3232 1823 3331 1868 τῶν
3386 1813 3570 1876 ἑαυτῆς
3610 1815 3835 1888 θρόνων

1161 1907 1377 1980 μείζονα
1451 1913 1636 1983 σοφίας
1711 1911 1896 1969 ἵστησί
1961 1928 2046 1964 σοι
2115 1918 2389 1986 κρατῆρα,
2454 1912 2546 1961 καὶ
2626 1912 2718 1959 τοῦ
2800 1912 2982 1958 καινοῦ
3061 1909 3300 1978 προπίνει
3384 1919 3470 1956 σοι
3548 1906 3831 1977 πόματος,

439 1995 560 2068 ὅπερ
600 1995 733 2066 μετὰ
771 2001 870 2046 τῶν
911 1992 1067 2058 ἀξίων
1105 1994 1155 2048 ἓν
1211 2004 1275 2070 τῇ
1334 2007 1562 2073 πατρικῇ
1629 1998 1876 2073 βασιλείᾳ
1931 2004 2093 2054 πίνειν
2159 1996 2406 2072 ἀψευδῶς
2446 1994 2759 2069 ἐπήγγελτο.
2803 1994 2965 2055 Αὐτός
3005 2011 3063 2048 σε
3113 1996 3212 2070 γὰρ
3261 1990 3413 2047 ούδὲν
3471 1991 3691 2064 ἀγαπᾷ,
3738 1988 3831 2056 ὥς

439 2101 571 2155 φησι
618 2081 889 2156 Σολομῶν,
932 2084 977 2137 εἰ
1030 2088 1102 2157 μὴ
1157 2088 1245 2138 τὸν
1315 2092 1473 2161 σοφίᾳ
1529 2096 1871 2142 συνοικοῦντα
1898 2130 1911 2144 .
1974 2094 2075 2143 Καὶ
2131 2092 2196 2143 σύ
2259 2085 2319 2142 δὲ
2345 2130 2359 2155 ,
2419 2093 2683 2162 παροικῶν
2749 2086 2825 2137 ἔτι
2884 2079 3079 2159 δεῦρο,
3111 2087 3271 2157 μόνου
3327 2081 3548 2146 κάλλους
3614 2087 3835 2155 σοφίας

439 2169 636 2239 ἑάλως,
679 2176 770 2225 καὶ
807 2176 937 2246 μόνῃ
982 2178 1141 2247 σοφίᾳ
1182 2181 1581 2251 προσετετήκεις
1628 2178 1778 2241 εὐθὺς
1826 2176 1881 2230 ἐκ
1935 2175 2165 2251 παιδὸς,
2218 2182 2309 2231 καὶ
2351 2172 2799 2236 συνδιαϐεϐίωκας
2848 2175 3009 2247 ταύτῃ
3052 2176 3142 2226 καὶ
3199 2170 3539 2244 ἐπανέψυξας,
3581 2175 3670 2225 καὶ
3715 2179 3831 2225 νῦν

438 2264 532 2319 τὴν
563 2256 736 2313 ἀΐδιον
775 2264 976 2324 ταύτης
1002 2268 1180 2336 πηγὴν
1208 2305 1223 2330 ,
1264 2264 1582 2325 κατάλληλον
1611 2264 1757 2329 λῆξιν
1780 2309 1796 2337 ,
1836 2265 2165 2343 κεκλήρωσαι
2183 2311 2201 2341 ,
2241 2274 2343 2319 τῶν
2386 2264 2610 2319 ἐνταῦθα
2645 2268 2767 2338 περὶ
2801 2265 2861 2316 τό
2905 2270 3057 2335 σῶμα
3079 2265 3170 2315 καὶ
3196 2259 3245 2314 ἓν
3285 2266 3490 2334 σώματι
3533 2257 3831 2315 δυσκόλων

437 2349 631 2423 ὑπεραρ
640 2350 758 2411 θείς.

510 2437 683 2502 Quod
713 2436 765 2493 si
798 2452 912 2494 nos
941 2441 1248 2496 terrestres
1275 2439 1503 2500 incolas
1544 2443 1810 2516 respicis,
1835 2460 1872 2501 ο
1907 2443 2090 2503 chara

440 2525 645 2583 anima
673 2531 738 2583 ut
766 2542 910 2583 sane
938 2527 1121 2601 facis;
1158 2545 1278 2586 vox
1302 2532 1461 2588 enim
1494 2534 1751 2606 mystica
1772 2550 1885 2592 nos
1916 2535 2092 2592 docet

436 2613 554 2671 hoc
581 2615 902 2687 praemium
925 2615 1328 2675 honoriﬁcum
1371 2636 1509 2677 esse
1548 2622 1744 2694 justis,
1776 2628 1842 2681 ut
1869 2628 1953 2693 tu,
1985 2627 2092 2681 aut

437 2703 659 2776 pignus
684 2703 987 2762 bonorum
1036 2706 1499 2779 promissorum,
1531 2726 1668 2783 quae
1711 2712 1921 2770 oculus
1964 2728 2089 2770 non

437 2791 772 2860 vidit,auris
791 2809 915 2850 non
935 2794 1166 2853 audivit
1192 2796 1251 2852 ef
1273 2813 1410 2870 quas
1437 2799 1498 2855 in
1518 2815 1622 2856 cor
1639 2800 1904 2859 hominis
1933 2818 2088 2859 nun-

436 2895 629 2953 quam
646 2881 1265 2947 descenderunt9,noli
1282 2887 1465 2944 hocce
1482 2887 1887 2962 lacrymarum
1910 2892 2087 2948 sacri-
2118 2876 2158 2931 Ο

437 2970 640 3026 ﬁcium
677 2972 1004 3043 aspernari,
1035 2974 1200 3045 quod
1241 2974 1347 3032 tibi
1375 2979 1658 3049 quamvis
1685 2995 1869 3052 super
1888 2980 2088 3054 sepul-

437 3075 607 3116 crum
650 3065 821 3117 tuum
870 3076 994 3118 non
1044 3062 1305 3121 effusum
1343 3066 1529 3123 oﬂ'ero
1554 3068 1744 3142 (quod
1775 3071 2091 3143 complecti

436 3149 864 3207 consolationis
916 3166 1058 3223 ergo
1113 3169 1237 3210 non
1278 3155 1425 3212 mihi
1477 3157 1749 3228 datum);
1807 3161 2089 3233 quamvis

435 3237 560 3295 istae
611 3238 893 3311 lacrymas
941 3240 1114 3297 melle
1169 3242 1423 3301 laudum
1469 3250 1710 3303 tuarum
1767 3264 1891 3305 non
1945 3250 2088 3306 satis

438 3328 692 3385 condita:
725 3328 950 3385 sint.Tu
978 3330 1384 3404 mihiquoque
1414 3336 1709 3404 guttulam
1740 3338 1945 3407 gratiae
1975 3343 2089 3395 tuae

435 3416 811 3486 committas;
845 3416 1144 3487 ejusmodi
1176 3420 1336 3477 enim
1366 3422 1568 3479 ofﬁcia
1596 3426 2085 3496 prmstare,dum-

435 3504 620 3561 modo
645 3503 983 3572 velis,nunc
1007 3507 1270 3563 maxime
1288 3511 1482 3580 magis
1498 3526 1683 3583 quam
1704 3519 1882 3570 antea
1896 3515 2084 3572 vales.

436 3596 565 3651 Non
590 3598 796 3665 postea
825 3593 1014 3649 oculis
1050 3610 1163 3651 nos
1191 3597 1555 3664 videbimus,
1579 3616 1702 3657 non
1732 3617 1839 3674 per
1864 3603 2088 3661 litteras

435 3681 1002 3750 confabulabimur;
1031 3682 1403 3742 immensum
1435 3689 1595 3745 enim
1625 3690 1889 3761 spatium
1936 3692 2088 3749 inter

434 3775 656 3829 terram
685 3778 743 3829 et
767 3772 987 3829 coelum
1015 3773 1405 3846 sidereum,id
1424 3782 1512 3834 est
1535 3778 1687 3835 inter
1705 3795 1817 3836 nos
1836 3779 2086 3838 interce-

434 3861 550 3932 dit;
582 3865 847 3919 attamen
878 3878 1000 3920 non
1031 3863 1426 3937 desperamus
1455 3867 1582 3924 fore
1612 3875 1677 3925 ut
1721 3874 1919 3927 tecum
1965 3888 2089 3929 una

410 3948 769 4008 tsimus.lsta
784 3952 1033 4024 quidem
1053 3952 1438 4027 intercapedo
1463 3956 1641 4013 nobis
1669 3974 1915 4032 quoque
1930 3964 2087 4017 tran-

434 4038 708 4108 silienda,
728 4040 1007 4112 quamvis
1035 4047 1173 4114 post
1195 4047 1461 4116 tempus,
1492 4047 1617 4102 erit.
1652 4048 1765 4103 Sed
1792 4049 1914 4106 alia
1937 4049 2085 4106 mihi

432 4143 596 4184 nunc
619 4127 1004 4202 intercapedo
1032 4131 1094 4186 in
1134 4137 1398 4189 mentem
1430 4134 1591 4190 venit
1620 4137 1809 4193 multo
1835 4137 2085 4195 horribi-

431 4214 563 4284 lior,
591 4230 704 4271 nec
734 4217 932 4273 minor
961 4233 1150 4290 quam
1179 4220 1463 4278 distantia
1486 4224 1639 4280 inter
1668 4226 1867 4282 sinum
1898 4227 2082 4285 Abra-

2195 4228 2406 4290 εἰσαῦθις
2472 4228 2783 4281 συνέσεσθαί
2840 4232 2925 4280 σοί
2992 4244 3117 4279 ποτε
3156 4248 3169 4261 ’

432 4303 602 4361 hami
626 4307 683 4359 et
707 4302 923 4360 inferni
952 4307 1270 4380 gurgitem,
1297 4312 1356 4366 et
1382 4310 1486 4365 ubi
1514 4312 1655 4369 hinc
1699 4313 1838 4371 inde
1885 4319 2082 4373 trans-

432 4394 518 4451 ire
565 4409 689 4451 non
731 4394 926 4451 datur.
949 4398 1033 4452 Tu
1061 4397 1308 4469 quidem
1358 4400 1421 4456 in
1458 4400 1775 4460 beatorum
1826 4421 2082 4466 numero

434 4483 708 4551 versaris,
738 4482 914 4540 nobis
939 4489 1142 4541 autem
1184 4488 1445 4545 maxime
1476 4492 1868 4550 metuendum
1894 4500 1982 4552 est
2005 4512 2082 4554 ne

431 4576 499 4630 ut
531 4572 730 4651 divitis
757 4572 916 4628 illius
942 4573 1005 4630 in
1036 4575 1317 4645 gehenna
1342 4579 1613 4637 ardentis
1638 4583 1783 4640 socii
1811 4585 1890 4641 ad
1914 4602 2080 4643 eam-

430 4661 573 4720 dem
602 4677 848 4735 puenam
869 4662 1343 4731 condemnemur
1362 4670 1420 4725 et
1440 4668 1502 4725 in
1533 4674 1821 4729 aeternum
1852 4689 1889 4731 a
1921 4680 1973 4731 te
1994 4691 2082 4732 se-

430 4767 710 4826 paremur
728 4769 741 4821 ;
773 4765 909 4825 quae
925 4753 1171 4826 quidem
1189 4758 1484 4828 separatio
1500 4775 1639 4816 cum
1668 4777 1934 4833 praesens
1954 4768 2079 4821 tum

428 4841 630 4899 futura
690 4842 962 4899 animum
1014 4858 1220 4901 meum
1260 4847 1612 4917 gravissime
1671 4853 1855 4923 angit.
1918 4855 2081 4912 Faxit

428 4934 583 4989 Deus
612 4949 721 5006 pro
758 4934 1169 4992 misericordia
1193 4940 1251 4993 et
1276 4937 1362 4993 tui
1392 4939 1585 5008 gratia
1628 4945 1693 4999 ut
1737 4945 1999 5015 Moysem
2024 4948 2080 5003 et

427 5022 754 5094 prophetas
771 5022 1093 5081 audiamus
1120 5023 1450 5099 Christique
1475 5027 1710 5085 Domini
1740 5032 2079 5090 testimonio

428 5109 745 5167 credamus
768 5112 875 5185 qui
903 5128 940 5169 a
964 5112 1218 5170 mortuis
1246 5117 1585 5185 resurrexit,
1618 5123 1675 5176 et
1696 5125 1762 5177 ut
1782 5121 2078 5179 sinceram

425 5196 723 5255 faciamus
739 5201 1156 5274 paenitentiam
1184 5218 1465 5276 agamus,
1488 5222 1563 5263 ne
1589 5211 1646 5264 et
1672 5208 1787 5282 ipsi
1811 5210 1872 5266 in
1892 5210 2078 5268 istum

424 5285 627 5343 locum
645 5291 955 5347 tormentis
971 5291 1343 5351 horrendum
1367 5294 1893 5367 detrudamur,sed
1913 5300 2077 5373 digni

424 5376 764 5436 habeamur
790 5379 898 5452 qui
925 5383 1124 5440 tecum
1149 5383 1267 5441 Deo
1297 5385 1695 5460 omnipotenti
1738 5405 1910 5450 sacra
1939 5406 2077 5465 per-

493 5583 518 5626 ⁸
550 5584 689 5659 Sep.
722 5601 823 5660 vn,
854 5588 946 5647 28.
1023 5587 1047 5628 θ
1085 5588 1261 5650 ICor.
1301 5607 1365 5668 II,
1389 5591 1446 5656 9.

2269 2441 2409 2497 Ἀλλ’
2452 2445 2497 2497 εἶ
2536 2458 2590 2497 τι
2639 2448 2740 2496 τῶν
2779 2438 3000 2494 ἐνταῦθα
3049 2444 3141 2495 καὶ
3183 2434 3273 2493 νῦν
3333 2436 3499 2493 κλύων
3556 2436 3833 2515 ἐπέστρα-

2196 2531 2318 2607 ψαι,
2359 2530 2399 2586 ὦ
2458 2537 2591 2605 σοφὴ
2631 2535 2722 2584 καὶ
2760 2530 2875 2604 φίλη
2914 2529 3093 2603 ψυχὴ,
3144 2531 3319 2605 ῶσπερ
3387 2530 3491 2606 ἄρα
3527 2535 3617 2583 καὶ
3681 2527 3829 2583 ἐπέ-

2200 2621 2435 2698 στραψαι
2505 2618 2673 2681 δήπου
2749 2621 2923 2693 (γέρας
2999 2621 3142 2693 γὰρ,
3217 2621 3288 2682 ὡς
3354 2616 3403 2671 ἐν
3487 2613 3826 2694 ἁπορῥήτοίς

2196 2713 2519 2785 μανθάνομεν
2548 2753 2564 2783 ,
2623 2716 2777 2763 τοῦτο
2830 2716 2938 2772 τοῖς
2994 2710 3130 2761 κατὰ
3165 2710 3222 2761 σε
3244 2747 3260 2777 ,
3294 2706 3380 2761 εἶτ’
3425 2704 3513 2761 οὖν
3565 2706 3821 2783 ἀρραϐὼν

2197 2808 2297 2853 τῶν
2327 2798 2376 2852 ἐν
2415 2798 2738 2871 ἐπαγγελίαις
2790 2796 2996 2870 ἀγαθῶν
3019 2839 3033 2866 ,
3067 2805 3166 2850 τῶν
3204 2794 3313 2851 οὔθ’
3368 2797 3562 2870 ὁρατῶν
3614 2793 3821 2869 ὀφθαλ-

2196 2896 2352 2963 μοῖς,
2405 2889 2512 2941 οῧτ¹
2561 2886 2830 2941 ἀκουστῶν
2867 2888 2997 2940 ὧσὶν
3027 2930 3042 2956 ,
3082 2885 3190 2940 οὔτ’
3250 2885 3541 2960 ἀνθρωπίνῃ
3602 2883 3819 2961 καρδίᾳ

2197 2977 2581 3049 καταληπτῶν),
2624 2973 2809 3049 δέχοιο
2873 2971 3031 3033 τήνδε
3061 2974 3129 3027 ὧν
3176 2971 3383 3029 σπένδω
3435 2995 3519 3028 σοι
3558 2970 3816 3051 δακρύων

2197 3073 2353 3141 χοὴν,
2413 3067 2508 3120 ούκ
2582 3066 2665 3120 ἐπὶ
2714 3075 2785 3138 τῷ
2847 3064 3114 3138 πολυόλϐῳ
3169 3070 3260 3118 καὶ
3324 3063 3661 3138 πολυκλαύτῳ
3727 3071 3814 3139 σῷ

2195 3161 2489 3231 κεχυμένην
2552 3154 2733 3229 τύμϐῳ
2774 3156 2875 3227 (ὅτι
2942 3151 3083 3228 μηδὲ
3134 3153 3558 3230 περιπτύξασθαι
3621 3160 3812 3208 τοῦτον

2197 3249 2363 3300 ἔνεστί
2400 3265 2511 3320 μοι,
2563 3250 2654 3298 καὶ
2690 3264 2808 3298 τινα
2854 3244 3186 3320 παραψυχὴν
3242 3241 3429 3297 ἐκεῖθεν
3462 3242 3811 3315 ἀρύσασθαι),

2197 3339 2314 3389 οὔτε
2362 3335 2533 3407 πολλῷ
2605 3338 2695 3387 καὶ
2753 3335 2875 3387 ὅσον
2924 3332 3089 3407 ἐχρῆν
3146 3332 3414 3406 ἐγκωμίων
3457 3341 3559 3385 σῶν
3626 3352 3813 3409 κεκρα-

2198 3429 2358 3499 μένων
2411 3424 2580 3498 μελιτι
2633 3440 2647 3454 ⁸
2693 3427 2783 3476 καὶ
2823 3442 2910 3479 ιιοι
2949 3430 3048 3475 τῶν
3089 3430 3194 3475 σῶν
3239 3425 3477 3496 χαρίτων
3531 3420 3614 3476 bc
3642 3422 3813 3486 λλαξον

2194 3514 2407 3567 όσονοῦν
2461 3513 2713 3585 ψέκασμα
2758 3528 2773 3544 ·
2816 3510 2925 3574 ἐξὸν
2978 3514 3079 3586 γάρ
3122 3530 3206 3564 σοι
3246 3509 3541 3584 βουλομένῳ
3586 3513 3813 3584 χαρίζε-

2198 3605 2356 3674 (rem),
2405 3608 2496 3657 καὶ
2559 3604 2723 3676 μείζω
2786 3597 2874 3653 νῦν
2912 3601 2942 3661 ἡ
2984 3605 3231 3677 πρότερον
3274 3638 3288 3652 .
3331 3601 3407 3654 Οὐ
3455 3603 3556 3675 γὰρ
3624 3600 3808 3674 ἅτερος

2195 3692 2429 3766 ὀψόμεθα
2492 3694 2700 3765 θάτερον
2744 3698 2837 3744 τοῦ
2880 3690 3082 3759 λοιποῦ,
3115 3693 3231 3742 οὔτε
3269 3698 3393 3763 γοῦν
3420 3734 3433 3759 ,
3467 3688 3803 3744 ἀντεπιστῦ-

2192 3780 2363 3845 λοντες
2437 3781 2705 3849 ἀλλήλοις,
2777 3786 2872 3839 τὴν
2948 3776 3223 3853 ἀπόδημον
3297 3779 3502 3852 ὁμιλίαν
3588 3784 3804 3853 σοφισό-

2194 3873 2327 3945 μεθα
2353 3892 2366 3906 ·
2393 3872 2590 3944 χάσμα
2629 3873 2728 3944 γὰρ
2769 3873 2906 3943 μέγα
2930 3913 2943 3939 ,
2970 3874 3062 3922 καὶ
3098 3870 3219 3922 ὅσον
3276 3872 3594 3942 μεταίχμιον
3643 3874 3801 3940 γαίης

2191 3981 2247 4016 τε
2310 3966 2400 4015 καὶ
2482 3961 2701 4036 ούρανοῦ
2781 3958 3144 4036 ἀστερόεντος,
3214 3957 3519 4035 ἐστήρικται
3601 3958 3796 4033 μεταξύ

2192 4053 2339 4124 ἡμῶν
2366 4069 2421 4103 τε
2458 4055 2547 4103 καί
2598 4056 2714 4103 σοῦ.
2756 4054 2859 4103 Καὶ
2916 4050 3018 4101 εἴθε
3055 4053 3207 4120 μόνον
3248 4043 3309 4106 ἦν
3351 4055 3523 4117 τοῦτο,
3562 4052 3652 4101 καὶ
3698 4047 3797 4101 ούκ

2191 4140 2252 4192 ἂν
2309 4147 2541 4213 κρεῖττον
2580 4143 2610 4198 ἤ
2652 4138 2765 4191 κατ’
2830 4134 3022 4191 ἐλπίδα
3083 4139 3335 4213 ἡμετέραν
3400 4134 3571 4192 ἐδόκει
3608 4141 3667 4190 τὸ
3703 4141 3794 4192 καί

3215 4230 3435 4302 περατόν
3501 4229 3602 4302 γάρ
3655 4225 3797 4281 ἐστιν

2189 4319 2336 4390 ἡμῶν
2395 4315 2688 4389 ἀναγκαίως
2725 4322 2878 4368 τοῦτο
2915 4317 2974 4369 τό
3030 4316 3224 4388 χάσμα
3246 4358 3261 4384 ,
3300 4318 3391 4367 καὶ
3428 4314 3549 4368 ὅσον
3588 4311 3799 4368 οὐδέπω

2188 4410 2280 4459 καὶ
2318 4405 2468 4460 αὐτοὶ
2521 4408 2649 4478 πρὸς
2686 4406 2753 4457 τὰ
2789 4404 2972 4457 αὐτόθι
3017 4422 3116 4457 που
3174 4406 3374 4466 πάντως
3431 4400 3630 4457 ἱνθένδε
3680 4400 3800 4458 δια-

2192 4494 2487 4569 βησόμεθα.
2514 4501 2622 4548 Νῦν
2663 4491 2721 4547 δὲ
2761 4489 3000 4570 δεύτερον
3040 4492 3118 4546 ἐπ’
3159 4492 3296 4565 αὐτῷ
3347 4495 3544 4567 χάσμα
3596 4494 3797 4546 πυνθά-

2187 4604 2343 4658 νομαι
2429 4583 2558 4638 πολὺ
2648 4582 2990 4658 φοϐερώτερον
3021 4624 3035 4650 ,
3113 4583 3297 4636 καθότι
3371 4588 3463 4635 καὶ
3540 4579 3800 4656 ἀποτομία

2191 4670 2517 4733 διαστάσεως
2590 4670 2852 4748 ὰπέρρωγε
2924 4669 3118 4724 πλείονι
3151 4713 3166 4740 ,
3241 4674 3332 4722 καὶ
3406 4672 3504 4728 ὅση
3581 4689 3662 4732 τις
3731 4670 3797 4722 ἄν

2187 4766 2387 4835 γένοιτο
2425 4764 2455 4820 ἡ
2505 4759 2605 4813 ἀπὸ
2659 4762 2963 4833 κευθμὼνων
3008 4756 3143 4831 ᾀδου
3207 4756 3252 4820 ἐς
3290 4758 3509 4820 κόλπους
3559 4756 3799 4834 Ἀϐραὰμ

2190 4850 2413 4924 ἀγομένη
2485 4846 2762 4923 διάμετρος
2802 4868 2815 4882 ·
2858 4851 2927 4912 ὡς
2992 4844 3106 4901 οὐδ’
3167 4847 3384 4921 ἑτέρωσε
3448 4855 3541 4900 τοῦ
3611 4846 3796 4900 λοιποῦ

2190 4937 2477 4994 διαϐαίνειν
2534 4938 2719 5003 ἐξεῖναι
2775 4944 2880 4999 τοῖς
2933 4938 3057 5014 παρ’
3107 4937 3341 5013 ἑκάτερα.
3383 4933 3618 4990 Δεδιέναι
3670 4943 3798 5009 γοῦν

2185 5030 2353 5102 ἄξιον,
2392 5034 2490 5103 μὴ,
2525 5036 2618 5083 σοῦ
2674 5047 2734 5101 γε
2789 5026 3152 5100 κατειληφότος
3209 5021 3316 5084 ἠδη
3368 5045 3463 5085 την
3514 5034 3615 5079 τῶν
3662 5027 3800 5080 κατὰ

2190 5122 2248 5172 σὲ
2284 5123 2789 5195 μακαρίων-χώραν
2814 5160 2828 5187 ,
2867 5119 3021 5190 ἡμεῖς
3065 5119 3134 5179 ὡς
3193 5112 3407 5189 ἀδελφοὶ
3451 5122 3545 5168 τοῦ
3602 5113 3650 5168 ἐν
3687 5110 3793 5189 ᾅδῃ

2188 5206 2605 5283 βασανιζομένου
2649 5207 2904 5261 πλουσίου
2945 5205 3018 5268 εἰς
3060 5208 3148 5257 τὸν
3201 5204 3357 5257 αὐτὸν
3414 5203 3590 5277 ἐκείνῳ
3640 5208 3795 5258 τόπον

2189 5295 2616 5371 ἀπαχθησόμεθα
2643 5339 2656 5365 ,
2711 5300 2801 5350 καὶ
2844 5299 2961 5349 τότε
3009 5291 3076 5355 δὴ
3122 5297 3236 5347 τότε
3272 5293 3479 5368 μεγάλῳ
3524 5297 3680 5358 ὄντως
3706 5296 3796 5348 καὶ

2187 5384 2414 5451 ούδόλως
2470 5394 2676 5465 περατῷ
2730 5381 3132 5459 διαστησόμεθα
3182 5384 3468 5458 χάσματι.
3520 5382 3670 5438 Οὒτω
3707 5388 3795 5438 καὶ
