  <div class='ocr_page' id='page_1' title='image "/cluster/home/n/w/nwhite01/storage/ocr_20150623/140/pst.000005714568/222.png"; bbox 0 0 4028 6308; ppageno 0'>
   <div class='ocr_carea' id='block_1_1' title="bbox 46 214 3439 281">
    <p class='ocr_par' dir='ltr' id='par_1_1' title="bbox 46 214 3439 281">
     <span class='ocr_line' id='line_1_1' title="bbox 46 214 3439 281; baseline 0.003 -13"><span class='ocrx_word' id='word_1_1' title='bbox 46 228 126 281; x_wconf 65' lang='lat'>35]</span> <span class='ocrx_word' id='word_1_2' title='bbox 1219 214 1539 272; x_wconf 78' lang='lat' dir='ltr'>MONODLA</span> <span class='ocrx_word' id='word_1_3' title='bbox 1576 218 1646 273; x_wconf 90' lang='lat' dir='ltr'><strong>IN</strong></span> <span class='ocrx_word' id='word_1_4' title='bbox 1688 217 2009 275; x_wconf 78' lang='lat' dir='ltr'>FRATREM</span> <span class='ocrx_word' id='word_1_5' title='bbox 2042 218 2257 275; x_wconf 80' lang='lat' dir='ltr'>SUUM.</span> <span class='ocrx_word' id='word_1_6' title='bbox 2410 230 2420 243; x_wconf 74' lang='lat'><strong>‘</strong></span> <span class='ocrx_word' id='word_1_7' title='bbox 3332 222 3439 277; x_wconf 76' lang='lat'>362</span> 
     </span>
    </p>
   </div>
   <div class='ocr_carea' id='block_1_2' title="bbox 47 337 1799 421">
    <p class='ocr_par' dir='ltr' id='par_1_2' title="bbox 47 337 1799 421">
     <span class='ocr_line' id='line_1_2' title="bbox 47 337 1799 421; baseline -0.005 -20"><span class='ocrx_word' id='word_1_8' title='bbox 47 345 141 406; x_wconf 72' lang='grc' dir='ltr'>ξδη</span> <span class='ocrx_word' id='word_1_9' title='bbox 208 349 433 421; x_wconf 75' lang='grc' dir='ltr'>παρόντι</span> <span class='ocrx_word' id='word_1_10' title='bbox 475 351 572 405; x_wconf 82' lang='grc' dir='ltr'>τῆς</span> <span class='ocrx_word' id='word_1_11' title='bbox 629 337 963 401; x_wconf 72' lang='grc' dir='ltr'>διαστάσεως</span> <span class='ocrx_word' id='word_1_12' title='bbox 1023 340 1416 413; x_wconf 77' lang='grc' dir='ltr'>ὑπεράχθομαι,</span> <span class='ocrx_word' id='word_1_13' title='bbox 1479 346 1570 397; x_wconf 80' lang='grc' dir='ltr'>καὶ</span> <span class='ocrx_word' id='word_1_14' title='bbox 1628 344 1687 394; x_wconf 86' lang='grc' dir='ltr'>τὸ</span> <span class='ocrx_word' id='word_1_15' title='bbox 1721 347 1799 402; x_wconf 73' lang='grc' dir='ltr'>Α;</span> 
     </span>
    </p>
   </div>
   <div class='ocr_carea' id='block_1_3' title="bbox 1846 337 3445 421">
    <p class='ocr_par' dir='ltr' id='par_1_3' title="bbox 1846 342 3445 411">
     <span class='ocr_line' id='line_1_3' title="bbox 1846 342 3445 411; baseline 0.003 -13"><span class='ocrx_word' id='word_1_16' title='bbox 1846 356 2051 411; x_wconf 75' lang='lat' dir='ltr'>gamus</span> <span class='ocrx_word' id='word_1_17' title='bbox 2079 346 2138 398; x_wconf 89' lang='lat' dir='ltr'>et</span> <span class='ocrx_word' id='word_1_18' title='bbox 2166 342 2227 397; x_wconf 86' lang='lat' dir='ltr'>in</span> <span class='ocrx_word' id='word_1_19' title='bbox 2253 342 2704 399; x_wconf 87' lang='lat' dir='ltr'>sanctissimum</span> <span class='ocrx_word' id='word_1_20' title='bbox 2724 343 2850 400; x_wconf 89' lang='lat' dir='ltr'>veri</span> <span class='ocrx_word' id='word_1_21' title='bbox 2873 343 3247 401; x_wconf 83' lang='lat' dir='ltr'>tabernaculi</span> <span class='ocrx_word' id='word_1_22' title='bbox 3266 362 3302 400; x_wconf 91' lang='lat' dir='ltr'>a</span> <span class='ocrx_word' id='word_1_23' title='bbox 3324 344 3445 402; x_wconf 91' lang='lat' dir='ltr'>Deo</span> 
     </span>
    </p>
   </div>
   <div class='ocr_carea' id='block_1_4' title="bbox 50 427 1799 511">
    <p class='ocr_par' dir='ltr' id='par_1_4' title="bbox 50 427 1799 511">
     <span class='ocr_line' id='line_1_4' title="bbox 50 427 1799 511; baseline -0.006 -22"><span class='ocrx_word' id='word_1_24' title='bbox 50 436 213 511; x_wconf 55' lang='grc' dir='ltr'>μέλλον</span> <span class='ocrx_word' id='word_1_25' title='bbox 287 442 383 487; x_wconf 79' lang='grc' dir='ltr'>τοῦ</span> <span class='ocrx_word' id='word_1_26' title='bbox 464 437 748 506; x_wconf 75' lang='grc' dir='ltr'>χωρισμοῦ</span> <span class='ocrx_word' id='word_1_27' title='bbox 831 429 981 483; x_wconf 79' lang='grc' dir='ltr'>πλέον</span> <span class='ocrx_word' id='word_1_28' title='bbox 1045 427 1363 502; x_wconf 66' lang='grc' dir='ltr'>πεφόϐημαι·</span> <span class='ocrx_word' id='word_1_29' title='bbox 1438 436 1561 488; x_wconf 69' lang='lat' dir='ltr'>Acin</span> <span class='ocrx_word' id='word_1_30' title='bbox 1629 427 1689 483; x_wconf 62' lang='grc' dir='ltr'>δὴ</span> <span class='ocrx_word' id='word_1_31' title='bbox 1794 432 1799 486; x_wconf 76' lang='lat' dir='ltr'>j</span> 
     </span>
    </p>
   </div>
   <div class='ocr_carea' id='block_1_5' title="bbox 1846 427 3453 511">
    <p class='ocr_par' dir='ltr' id='par_1_5' title="bbox 1846 430 3453 506">
     <span class='ocr_line' id='line_1_5' title="bbox 1846 430 3453 506; baseline 0.004 -22"><span class='ocrx_word' id='word_1_32' title='bbox 1846 446 1949 496; x_wconf 72' lang='grc' dir='ltr'>ιεο,</span> <span class='ocrx_word' id='word_1_33' title='bbox 1980 445 2102 487; x_wconf 89' lang='lat' dir='ltr'>non</span> <span class='ocrx_word' id='word_1_34' title='bbox 2129 430 2206 487; x_wconf 90' lang='lat' dir='ltr'>ab</span> <span class='ocrx_word' id='word_1_35' title='bbox 2234 431 2586 488; x_wconf 89' lang='lat' dir='ltr'>hominibus</span> <span class='ocrx_word' id='word_1_36' title='bbox 2617 434 2897 490; x_wconf 81' lang='lat' dir='ltr'>exstructi</span> <span class='ocrx_word' id='word_1_37' title='bbox 2923 433 3293 490; x_wconf 86' lang='lat' dir='ltr'>introeamus</span> <span class='ocrx_word' id='word_1_38' title='bbox 3334 449 3453 506; x_wconf 90' lang='lat' dir='ltr'>pu-</span> 
     </span>
    </p>
   </div>
   <div class='ocr_carea' id='block_1_6' title="bbox 51 516 1799 595">
    <p class='ocr_par' dir='ltr' id='par_1_6' title="bbox 51 516 1799 595">
     <span class='ocr_line' id='line_1_6' title="bbox 51 516 1799 595; baseline -0.003 -16"><span class='ocrx_word' id='word_1_39' title='bbox 51 530 187 591; x_wconf 67' lang='grc' dir='ltr'>Θεός,</span> <span class='ocrx_word' id='word_1_40' title='bbox 268 524 556 595; x_wconf 72' lang='grc' dir='ltr'>ῦ.εούμενος</span> <span class='ocrx_word' id='word_1_41' title='bbox 630 522 776 595; x_wconf 78' lang='grc' dir='ltr'><em>παρὰ</em></span> <span class='ocrx_word' id='word_1_42' title='bbox 850 526 967 587; x_wconf 84' lang='grc' dir='ltr'>σοῦ,</span> <span class='ocrx_word' id='word_1_43' title='bbox 1041 516 1244 571; x_wconf 68' lang='grc' dir='ltr'>ἀκούειν</span> <span class='ocrx_word' id='word_1_44' title='bbox 1309 522 1401 591; x_wconf 71' lang='grc' dir='ltr'>μὲν</span> <span class='ocrx_word' id='word_1_45' title='bbox 1465 524 1689 583; x_wconf 80' lang='grc' dir='ltr'>Μωσέως</span> <span class='ocrx_word' id='word_1_46' title='bbox 1794 534 1799 574; x_wconf 80' lang='lat'><strong>2</strong></span> 
     </span>
    </p>
   </div>
   <div class='ocr_carea' id='block_1_7' title="bbox 1846 516 3182 595">
    <p class='ocr_par' dir='ltr' id='par_1_7' title="bbox 1850 519 3182 594">
     <span class='ocr_line' id='line_1_7' title="bbox 1850 519 3182 594; baseline 0.002 -20"><span class='ocrx_word' id='word_1_47' title='bbox 1850 519 2125 592; x_wconf 87' lang='lat' dir='ltr'>ticaitque</span> <span class='ocrx_word' id='word_1_48' title='bbox 2151 520 2442 577; x_wconf 83' lang='lat' dir='ltr'>sacriﬁcio</span> <span class='ocrx_word' id='word_1_49' title='bbox 2473 522 2773 594; x_wconf 88' lang='lat' dir='ltr'>supplices</span> <span class='ocrx_word' id='word_1_50' title='bbox 2803 527 3182 579; x_wconf 88' lang='lat' dir='ltr'>assistamus.</span> 
     </span>
    </p>
   </div>
   <div class='ocr_carea' id='block_1_8' title="bbox 49 603 3450 687">
    <p class='ocr_par' dir='ltr' id='par_1_8' title="bbox 49 603 3450 687">
     <span class='ocr_line' id='line_1_8' title="bbox 49 603 3450 687; baseline -0.001 -19"><span class='ocrx_word' id='word_1_51' title='bbox 49 622 123 668; x_wconf 69' lang='lat' dir='ltr'>ui</span> <span class='ocrx_word' id='word_1_52' title='bbox 200 621 302 666; x_wconf 74' lang='grc' dir='ltr'>τῶν</span> <span class='ocrx_word' id='word_1_53' title='bbox 370 619 672 687; x_wconf 66' lang='grc' dir='ltr'>προφητῶν,</span> <span class='ocrx_word' id='word_1_54' title='bbox 730 609 1007 662; x_wconf 75' lang='grc' dir='ltr'>πείθεσθαι</span> <span class='ocrx_word' id='word_1_55' title='bbox 1076 603 1136 659; x_wconf 71' lang='grc' dir='ltr'>δὲ</span> <span class='ocrx_word' id='word_1_56' title='bbox 1203 604 1666 684; x_wconf 72' lang='grc' dir='ltr'>διαμαρτυρομένῳ</span> <span class='ocrx_word' id='word_1_57' title='bbox 1723 609 1848 680; x_wconf 77' lang='grc' dir='ltr'>ἡμῖν</span> <span class='ocrx_word' id='word_1_58' title='bbox 1905 614 1993 661; x_wconf 84' lang='grc' dir='ltr'>καὶ</span> <span class='ocrx_word' id='word_1_59' title='bbox 2051 617 2121 679; x_wconf 83' lang='grc' dir='ltr'><em>τῴ</em></span> <span class='ocrx_word' id='word_1_60' title='bbox 2190 608 2245 661; x_wconf 78' lang='grc' dir='ltr'>ἐκ</span> <span class='ocrx_word' id='word_1_61' title='bbox 2304 618 2494 684; x_wconf 77' lang='grc' dir='ltr'>νεκρῶν</span> <span class='ocrx_word' id='word_1_62' title='bbox 2561 609 2843 663; x_wconf 73' lang='grc' dir='ltr'>ἀναστάντι</span> <span class='ocrx_word' id='word_1_63' title='bbox 2908 608 3137 684; x_wconf 68' lang='grc' dir='ltr'>δεσπότῃ</span> <span class='ocrx_word' id='word_1_64' title='bbox 3212 620 3450 687; x_wconf 76' lang='grc' dir='ltr'>Χριστῷ,</span> 
     </span>
    </p>
   </div>
   <div class='ocr_carea' id='block_1_9' title="bbox 50 697 3454 775">
    <p class='ocr_par' dir='ltr' id='par_1_9' title="bbox 50 697 3454 775">
     <span class='ocr_line' id='line_1_9' title="bbox 50 697 3454 775; baseline -0.001 -19"><span class='ocrx_word' id='word_1_65' title='bbox 50 710 123 756; x_wconf 67' lang='grc' dir='ltr'>καὶ</span> <span class='ocrx_word' id='word_1_66' title='bbox 201 707 440 775; x_wconf 74' lang='grc' dir='ltr'>γνησίως</span> <span class='ocrx_word' id='word_1_67' title='bbox 515 705 797 774; x_wconf 74' lang='grc' dir='ltr'>μετανοεῖνο</span> <span class='ocrx_word' id='word_1_68' title='bbox 877 698 961 749; x_wconf 79' lang='grc' dir='ltr'>ἵνα</span> <span class='ocrx_word' id='word_1_69' title='bbox 1035 701 1108 768; x_wconf 78' lang='grc' dir='ltr'>μὴ</span> <span class='ocrx_word' id='word_1_70' title='bbox 1179 701 1269 749; x_wconf 80' lang='grc' dir='ltr'>καὶ</span> <span class='ocrx_word' id='word_1_71' title='bbox 1342 698 1489 750; x_wconf 72' lang='grc' dir='ltr'>αὐτοὶ</span> <span class='ocrx_word' id='word_1_72' title='bbox 1569 702 1637 759; x_wconf 81' lang='grc' dir='ltr'>εὶς</span> <span class='ocrx_word' id='word_1_73' title='bbox 1712 700 1832 759; x_wconf 75' lang='grc' dir='ltr'>τοὺς</span> <span class='ocrx_word' id='word_1_74' title='bbox 1905 702 2096 760; x_wconf 78' lang='grc' dir='ltr'>τόπους</span> <span class='ocrx_word' id='word_1_75' title='bbox 2170 697 2383 759; x_wconf 79' lang='grc' dir='ltr'>ἐκείνους</span> <span class='ocrx_word' id='word_1_76' title='bbox 2465 708 2556 760; x_wconf 81' lang='grc' dir='ltr'>τῆς</span> <span class='ocrx_word' id='word_1_77' title='bbox 2623 698 2861 772; x_wconf 76' lang='grc' dir='ltr'>βασάνου</span> <span class='ocrx_word' id='word_1_78' title='bbox 2935 698 3259 769; x_wconf 71' lang='grc' dir='ltr'>ἀπέλθωμεν.</span> <span class='ocrx_word' id='word_1_79' title='bbox 3347 700 3454 753; x_wconf 73' lang='grc' dir='ltr'>ἀλλ’</span> 
     </span>
    </p>
   </div>
   <div class='ocr_carea' id='block_1_10' title="bbox 56 786 3454 865">
    <p class='ocr_par' dir='ltr' id='par_1_10' title="bbox 56 786 3454 865">
     <span class='ocr_line' id='line_1_10' title="bbox 56 786 3454 865; baseline -0.001 -20"><span class='ocrx_word' id='word_1_80' title='bbox 56 794 379 865; x_wconf 66' lang='grc' dir='ltr'>ξιωθείημεν</span> <span class='ocrx_word' id='word_1_81' title='bbox 455 794 549 843; x_wconf 75' lang='grc' dir='ltr'>σὺν</span> <span class='ocrx_word' id='word_1_82' title='bbox 629 792 714 841; x_wconf 82' lang='grc' dir='ltr'>σοὶ</span> <span class='ocrx_word' id='word_1_83' title='bbox 794 788 954 839; x_wconf 69' lang='grc' dir='ltr'><em>θῦσαι</em></span> <span class='ocrx_word' id='word_1_84' title='bbox 1030 793 1101 856; x_wconf 85' lang='grc' dir='ltr'>τῷ</span> <span class='ocrx_word' id='word_1_85' title='bbox 1183 793 1299 857; x_wconf 76' lang='grc' dir='ltr'>Θεῷ</span> <span class='ocrx_word' id='word_1_86' title='bbox 1380 788 1569 840; x_wconf 77' lang='grc' dir='ltr'>θυσίαν</span> <span class='ocrx_word' id='word_1_87' title='bbox 1648 786 1904 853; x_wconf 81' lang='grc' dir='ltr'>αἰνέσεως,</span> <span class='ocrx_word' id='word_1_88' title='bbox 1976 788 2043 849; x_wconf 83' lang='grc' dir='ltr'>εἰς</span> <span class='ocrx_word' id='word_1_89' title='bbox 2105 793 2162 841; x_wconf 86' lang='grc' dir='ltr'>τό</span> <span class='ocrx_word' id='word_1_90' title='bbox 2229 786 2493 863; x_wconf 76' lang='grc' dir='ltr'>ἐνδότερον</span> <span class='ocrx_word' id='word_1_91' title='bbox 2555 791 2702 862; x_wconf 75' lang='grc' dir='ltr'>ἅγιον</span> <span class='ocrx_word' id='word_1_92' title='bbox 2766 798 2856 851; x_wconf 81' lang='grc' dir='ltr'>τῆς</span> <span class='ocrx_word' id='word_1_93' title='bbox 2931 789 3175 851; x_wconf 78' lang='grc' dir='ltr'>ἀληθινῆς</span> <span class='ocrx_word' id='word_1_94' title='bbox 3239 800 3454 861; x_wconf 77' lang='grc' dir='ltr'>σκηνῆς,</span> 
     </span>
    </p>
   </div>
   <div class='ocr_carea' id='block_1_11' title="bbox 54 875 3447 955">
    <p class='ocr_par' dir='ltr' id='par_1_11' title="bbox 54 875 3447 955">
     <span class='ocr_line' id='line_1_11' title="bbox 54 875 3447 955; baseline 0.001 -25"><span class='ocrx_word' id='word_1_95' title='bbox 54 885 100 941; x_wconf 63' lang='grc' dir='ltr'>ἦν</span> <span class='ocrx_word' id='word_1_96' title='bbox 158 881 321 954; x_wconf 50' lang='lat' dir='ltr'>Eryli:</span> <span class='ocrx_word' id='word_1_97' title='bbox 384 881 579 954; x_wconf 76' lang='grc' dir='ltr'>Κύριος</span> <span class='ocrx_word' id='word_1_98' title='bbox 640 880 729 929; x_wconf 83' lang='grc' dir='ltr'>καὶ</span> <span class='ocrx_word' id='word_1_99' title='bbox 759 877 855 930; x_wconf 71' lang='grc' dir='ltr'>οὐκ</span> <span class='ocrx_word' id='word_1_100' title='bbox 918 876 1207 950; x_wconf 76' lang='grc' dir='ltr'>ἄνθρωπος,</span> <span class='ocrx_word' id='word_1_101' title='bbox 1274 875 1541 945; x_wconf 80' lang='grc' dir='ltr'>εἰσιόντες,</span> <span class='ocrx_word' id='word_1_102' title='bbox 1608 880 1698 929; x_wconf 76' lang='grc' dir='ltr'>καὶ</span> <span class='ocrx_word' id='word_1_103' title='bbox 1757 886 1831 948; x_wconf 76' lang='grc' dir='ltr'>τῷ</span> <span class='ocrx_word' id='word_1_104' title='bbox 1895 884 2001 932; x_wconf 69' lang='grc' dir='ltr'>ἐκεῖ</span> <span class='ocrx_word' id='word_1_105' title='bbox 2060 888 2227 950; x_wconf 75' lang='grc' dir='ltr'>νοητῷ</span> <span class='ocrx_word' id='word_1_106' title='bbox 2298 881 2525 953; x_wconf 79' lang='grc' dir='ltr'>Θντηριῳ</span> <span class='ocrx_word' id='word_1_107' title='bbox 2591 882 2951 954; x_wconf 72' lang='grc' dir='ltr'>καθαρώτερον</span> <span class='ocrx_word' id='word_1_108' title='bbox 3015 878 3447 955; x_wconf 79' lang='grc' dir='ltr'>προσεδρεύοντες</span> 
     </span>
    </p>
   </div>
   <div class='ocr_carea' id='block_1_12' title="bbox 53 988 511 1045">
    <p class='ocr_par' dir='ltr' id='par_1_12' title="bbox 53 988 511 1045">
     <span class='ocr_line' id='line_1_12' title="bbox 53 988 511 1045; baseline -0.002 -22"><span class='ocrx_word' id='word_1_109' title='bbox 53 992 123 1023; x_wconf 65' lang='grc' dir='ltr'>και</span> <span class='ocrx_word' id='word_1_110' title='bbox 144 988 511 1045; x_wconf 65' lang='grc' dir='ltr'>Αατρενουτες.</span> 
     </span>
    </p>
   </div>
   <div class='ocr_carea' id='block_1_13' title="bbox 482 1184 3039 1379">
    <p class='ocr_par' dir='ltr' id='par_1_13' title="bbox 482 1184 3039 1379">
     <span class='ocr_line' id='line_1_13' title="bbox 482 1184 3039 1379; baseline -0.001 -2"><span class='ocrx_word' id='word_1_111' title='bbox 482 1184 1697 1377; x_wconf 83' lang='lat' dir='ltr'>MICHAELIS</span> <span class='ocrx_word' id='word_1_112' title='bbox 1809 1186 3039 1379; x_wconf 82' lang='lat' dir='ltr'>ACOMINATI</span> 
     </span>
    </p>
   </div>
   <div class='ocr_carea' id='block_1_14' title="bbox 1407 1506 2177 1620">
    <p class='ocr_par' dir='ltr' id='par_1_14' title="bbox 1407 1506 2177 1620">
     <span class='ocr_line' id='line_1_14' title="bbox 1407 1506 2177 1620; baseline 0.005 -5"><span class='ocrx_word' id='word_1_113' title='bbox 1407 1506 2177 1620; x_wconf 65' lang='lat' dir='ltr'>CHONIATAE</span> 
     </span>
    </p>
   </div>
   <div class='ocr_carea' id='block_1_15' title="bbox 392 1756 3148 1862">
    <p class='ocr_par' dir='ltr' id='par_1_15' title="bbox 392 1756 3148 1862">
     <span class='ocr_line' id='line_1_15' title="bbox 392 1756 3148 1862; baseline 0.001 -7"><span class='ocrx_word' id='word_1_114' title='bbox 392 1756 1193 1855; x_wconf 85' lang='lat' dir='ltr'>SANCTISSIMI</span> <span class='ocrx_word' id='word_1_115' title='bbox 1286 1757 2114 1855; x_wconf 84' lang='lat' dir='ltr'>ATHENARUM</span> <span class='ocrx_word' id='word_1_116' title='bbox 2197 1760 3148 1862; x_wconf 65' lang='lat' dir='ltr'>METROPOLITzE</span> 
     </span>
    </p>
   </div>
   <div class='ocr_carea' id='block_1_16' title="bbox 1639 1989 1891 2032">
    <p class='ocr_par' dir='ltr' id='par_1_16' title="bbox 1639 1989 1891 2032">
     <span class='ocr_line' id='line_1_16' title="bbox 1639 1989 1891 2032; baseline 0.004 -2"><span class='ocrx_word' id='word_1_117' title='bbox 1639 1989 1891 2032; x_wconf 66' lang='lat' dir='ltr'>MONODIA</span> 
     </span>
    </p>
   </div>
   <div class='ocr_carea' id='block_1_17' title="bbox 488 2100 3030 2172">
    <p class='ocr_par' dir='ltr' id='par_1_17' title="bbox 488 2100 3030 2172">
     <span class='ocr_line' id='line_1_17' title="bbox 488 2100 3030 2172; baseline 0 -14"><span class='ocrx_word' id='word_1_118' title='bbox 488 2104 560 2158; x_wconf 77' lang='lat' dir='ltr'>IN</span> <span class='ocrx_word' id='word_1_119' title='bbox 600 2102 880 2157; x_wconf 83' lang='lat' dir='ltr'>FUNERE</span> <span class='ocrx_word' id='word_1_120' title='bbox 921 2101 1231 2172; x_wconf 80' lang='lat' dir='ltr'>FRATRIS,</span> <span class='ocrx_word' id='word_1_121' title='bbox 1269 2100 1687 2157; x_wconf 75' lang='lat' dir='ltr'>JUDlCIORUM</span> <span class='ocrx_word' id='word_1_122' title='bbox 1724 2101 1979 2157; x_wconf 82' lang='lat' dir='ltr'>EPHORI</span> <span class='ocrx_word' id='word_1_123' title='bbox 2017 2102 2643 2170; x_wconf 78' lang='lat' dir='ltr'>IMPERATORIOQUE</span> <span class='ocrx_word' id='word_1_124' title='bbox 2684 2104 3030 2162; x_wconf 83' lang='lat' dir='ltr'>CUBICULO</span> 
     </span>
    </p>
   </div>
   <div class='ocr_carea' id='block_1_18' title="bbox 948 2198 2583 2272">
    <p class='ocr_par' dir='ltr' id='par_1_18' title="bbox 948 2198 2583 2272">
     <span class='ocr_line' id='line_1_18' title="bbox 948 2198 2583 2272; baseline 0.002 -18"><span class='ocrx_word' id='word_1_125' title='bbox 948 2198 1356 2269; x_wconf 74' lang='lat' dir='ltr'>PB/EPOSITI,</span> <span class='ocrx_word' id='word_1_126' title='bbox 1427 2201 1485 2255; x_wconf 90' lang='lat' dir='ltr'>C.</span> <span class='ocrx_word' id='word_1_127' title='bbox 1542 2199 1811 2256; x_wconf 68' lang='lat' dir='ltr'>NlCET/E</span> <span class='ocrx_word' id='word_1_128' title='bbox 1869 2199 2267 2272; x_wconf 66' lang='lat' dir='ltr'>CHONIAT/E,</span> <span class='ocrx_word' id='word_1_129' title='bbox 2309 2202 2583 2258; x_wconf 80' lang='lat' dir='ltr'>HABlTA&#39;</span> 
     </span>
    </p>
   </div>
   <div class='ocr_carea' id='block_1_19' title="bbox 22 2308 3472 2409">
    <p class='ocr_par' dir='ltr' id='par_1_19' title="bbox 22 2308 3472 2409">
     <span class='ocr_line' id='line_1_19' title="bbox 22 2308 3472 2409; baseline -0 -27"><span class='ocrx_word' id='word_1_130' title='bbox 22 2384 25 2409; x_wconf 43' lang='grc' dir='ltr'>ι</span> <span class='ocrx_word' id='word_1_131' title='bbox 69 2330 135 2382; x_wconf 74' lang='lat' dir='ltr'>Ex</span> <span class='ocrx_word' id='word_1_132' title='bbox 172 2326 318 2384; x_wconf 87' lang='lat' dir='ltr'>edit.</span> <span class='ocrx_word' id='word_1_133' title='bbox 354 2324 615 2383; x_wconf 78' lang='lat' dir='ltr'>Morellii.</span> <span class='ocrx_word' id='word_1_134' title='bbox 648 2323 836 2383; x_wconf 88' lang='lat' dir='ltr'>Paris.</span> <span class='ocrx_word' id='word_1_135' title='bbox 868 2324 1022 2392; x_wconf 81' lang='grc'>1580,</span> <span class='ocrx_word' id='word_1_136' title='bbox 1054 2326 1138 2391; x_wconf 84' lang='lat'>80,</span> <span class='ocrx_word' id='word_1_137' title='bbox 1162 2326 1505 2381; x_wconf 69' lang='lat' dir='ltr'>-—Grmcum</span> <span class='ocrx_word' id='word_1_138' title='bbox 1532 2328 1759 2380; x_wconf 82' lang='lat' dir='ltr'>textum</span> <span class='ocrx_word' id='word_1_139' title='bbox 1780 2328 1921 2396; x_wconf 90' lang='lat' dir='ltr'>post</span> <span class='ocrx_word' id='word_1_140' title='bbox 1943 2324 2246 2398; x_wconf 89' lang='lat' dir='ltr'>impressa</span> <span class='ocrx_word' id='word_1_141' title='bbox 2274 2327 2481 2383; x_wconf 87' lang='lat' dir='ltr'>Latina</span> <span class='ocrx_word' id='word_1_142' title='bbox 2501 2326 2840 2383; x_wconf 82' lang='lat' dir='ltr'>invenimus</span> <span class='ocrx_word' id='word_1_143' title='bbox 2866 2327 2927 2383; x_wconf 92' lang='lat' dir='ltr'>in</span> <span class='ocrx_word' id='word_1_144' title='bbox 2954 2326 3277 2383; x_wconf 87' lang='lat' dir='ltr'>cod.Paris.</span> <span class='ocrx_word' id='word_1_145' title='bbox 3314 2329 3472 2395; x_wconf 71' lang='grc'><strong>1234,</strong></span> 
     </span>
    </p>
   </div>
   <div class='ocr_carea' id='block_1_20' title="bbox 128 2410 3408 2491">
    <p class='ocr_par' dir='ltr' id='par_1_20' title="bbox 128 2410 3408 2491">
     <span class='ocr_line' id='line_1_20' title="bbox 128 2410 3408 2491; baseline -0 -19"><span class='ocrx_word' id='word_1_146' title='bbox 128 2415 333 2472; x_wconf 74' lang='lat' dir='ltr'>saeculi</span> <span class='ocrx_word' id='word_1_147' title='bbox 356 2413 579 2471; x_wconf 84' lang='lat' dir='ltr'>decimi</span> <span class='ocrx_word' id='word_1_148' title='bbox 611 2412 832 2487; x_wconf 88' lang='lat' dir='ltr'>quarti,</span> <span class='ocrx_word' id='word_1_149' title='bbox 863 2412 1258 2485; x_wconf 87' lang='lat' dir='ltr'>bombycino,</span> <span class='ocrx_word' id='word_1_150' title='bbox 1290 2412 1398 2468; x_wconf 90' lang='lat' dir='ltr'>sed</span> <span class='ocrx_word' id='word_1_151' title='bbox 1426 2412 1661 2469; x_wconf 82' lang='lat' dir='ltr'>lacunis</span> <span class='ocrx_word' id='word_1_152' title='bbox 1690 2410 1906 2469; x_wconf 79' lang='lat' dir='ltr'>misere</span> <span class='ocrx_word' id='word_1_153' title='bbox 1934 2412 2179 2481; x_wconf 76' lang='lat' dir='ltr'>foedata,</span> <span class='ocrx_word' id='word_1_154' title='bbox 2212 2431 2366 2487; x_wconf 87' lang='lat' dir='ltr'>quas</span> <span class='ocrx_word' id='word_1_155' title='bbox 2388 2415 2681 2472; x_wconf 87' lang='lat' dir='ltr'>Morellius</span> <span class='ocrx_word' id='word_1_156' title='bbox 2706 2416 2996 2491; x_wconf 74' lang='lat' dir='ltr'>interpres</span> <span class='ocrx_word' id='word_1_157' title='bbox 3028 2414 3408 2488; x_wconf 89' lang='lat' dir='ltr'>conjiciendo</span> 
     </span>
    </p>
   </div>
   <div class='ocr_carea' id='block_1_21' title="bbox 969 2500 2596 2578">
    <p class='ocr_par' dir='ltr' id='par_1_21' title="bbox 969 2500 2596 2578">
     <span class='ocr_line' id='line_1_21' title="bbox 969 2500 2596 2578; baseline 0.002 -21"><span class='ocrx_word' id='word_1_158' title='bbox 969 2500 1247 2575; x_wconf 78' lang='lat' dir='ltr'>explevit.</span> <span class='ocrx_word' id='word_1_159' title='bbox 1290 2503 1494 2557; x_wconf 84' lang='lat' dir='ltr'>Exstat</span> <span class='ocrx_word' id='word_1_160' title='bbox 1521 2500 1719 2573; x_wconf 82' lang='lat' dir='ltr'>qualis</span> <span class='ocrx_word' id='word_1_161' title='bbox 1749 2501 1949 2575; x_wconf 85' lang='lat' dir='ltr'>qualis</span> <span class='ocrx_word' id='word_1_162' title='bbox 1975 2502 2037 2559; x_wconf 88' lang='lat' dir='ltr'>in</span> <span class='ocrx_word' id='word_1_163' title='bbox 2063 2503 2183 2560; x_wconf 88' lang='lat' dir='ltr'>ﬁne</span> <span class='ocrx_word' id='word_1_164' title='bbox 2209 2505 2393 2576; x_wconf 88' lang='lat' dir='ltr'>hujus</span> <span class='ocrx_word' id='word_1_165' title='bbox 2425 2506 2596 2578; x_wconf 83' lang='lat' dir='ltr'>tomi)</span> 
     </span>
    </p>
   </div>
   <div class='ocr_carea' id='block_1_22' title="bbox 130 2748 3482 2831">
    <p class='ocr_par' dir='ltr' id='par_1_22' title="bbox 130 2748 3482 2831">
     <span class='ocr_line' id='line_1_22' title="bbox 130 2748 3482 2831; baseline -0.001 -19"><span class='ocrx_word' id='word_1_166' title='bbox 130 2757 173 2812; x_wconf 90' lang='grc' dir='ltr'>Ο</span> <span class='ocrx_word' id='word_1_167' title='bbox 223 2753 651 2811; x_wconf 83' lang='lat' dir='ltr'>calamitosum</span> <span class='ocrx_word' id='word_1_168' title='bbox 714 2750 1036 2807; x_wconf 86' lang='lat' dir='ltr'>nuntium!</span> <span class='ocrx_word' id='word_1_169' title='bbox 1089 2766 1126 2807; x_wconf 91' lang='grc' dir='ltr'>ο</span> <span class='ocrx_word' id='word_1_170' title='bbox 1182 2751 1509 2807; x_wconf 86' lang='lat' dir='ltr'>adversum</span> <span class='ocrx_word' id='word_1_171' title='bbox 1566 2748 1722 2806; x_wconf 84' lang='lat' dir='ltr'>infe-</span> <span class='ocrx_word' id='word_1_172' title='bbox 1751 2750 1793 2805; x_wconf 90' lang='lat' dir='ltr'><strong>B</strong></span> <span class='ocrx_word' id='word_1_173' title='bbox 1834 2752 1956 2809; x_wconf 81' lang='lat' dir='ltr'>sive</span> <span class='ocrx_word' id='word_1_174' title='bbox 1984 2752 2289 2827; x_wconf 81' lang='lat' dir='ltr'>lapideam</span> <span class='ocrx_word' id='word_1_175' title='bbox 2318 2756 2642 2829; x_wconf 83' lang='lat' dir='ltr'>illam,quae</span> <span class='ocrx_word' id='word_1_176' title='bbox 2662 2757 2754 2831; x_wconf 88' lang='lat' dir='ltr'>(ut</span> <span class='ocrx_word' id='word_1_177' title='bbox 2781 2757 2842 2813; x_wconf 93' lang='lat' dir='ltr'>in</span> <span class='ocrx_word' id='word_1_178' title='bbox 2872 2756 3095 2814; x_wconf 88' lang='lat' dir='ltr'>fabulis</span> <span class='ocrx_word' id='word_1_179' title='bbox 3144 2756 3250 2825; x_wconf 89' lang='lat' dir='ltr'>est)</span> <span class='ocrx_word' id='word_1_180' title='bbox 3282 2759 3482 2813; x_wconf 90' lang='lat' dir='ltr'>mutas</span> 
     </span>
    </p>
   </div>
   <div class='ocr_carea' id='block_1_23' title="bbox 71 2838 3485 2916">
    <p class='ocr_par' dir='ltr' id='par_1_23' title="bbox 71 2838 3485 2916">
     <span class='ocr_line' id='line_1_23' title="bbox 71 2838 3485 2916; baseline -0.001 -16"><span class='ocrx_word' id='word_1_181' title='bbox 71 2849 347 2916; x_wconf 78' lang='lat' dir='ltr'>stumque</span> <span class='ocrx_word' id='word_1_182' title='bbox 390 2841 740 2898; x_wconf 86' lang='lat' dir='ltr'>rumorem!</span> <span class='ocrx_word' id='word_1_183' title='bbox 793 2841 895 2913; x_wconf 87' lang='lat' dir='ltr'>qui</span> <span class='ocrx_word' id='word_1_184' title='bbox 957 2838 1136 2896; x_wconf 91' lang='lat' dir='ltr'>simul</span> <span class='ocrx_word' id='word_1_185' title='bbox 1188 2856 1258 2898; x_wconf 91' lang='lat' dir='ltr'>ac</span> <span class='ocrx_word' id='word_1_186' title='bbox 1298 2840 1630 2912; x_wconf 87' lang='lat' dir='ltr'>improviso</span> <span class='ocrx_word' id='word_1_187' title='bbox 1668 2843 1727 2895; x_wconf 90' lang='lat' dir='ltr'>et</span> <span class='ocrx_word' id='word_1_188' title='bbox 1833 2840 2077 2897; x_wconf 85' lang='lat' dir='ltr'>distillat</span> <span class='ocrx_word' id='word_1_189' title='bbox 2111 2842 2449 2916; x_wconf 81' lang='lat' dir='ltr'>lacrymas:</span> <span class='ocrx_word' id='word_1_190' title='bbox 2477 2846 2602 2901; x_wconf 84' lang='lat' dir='ltr'>sive</span> <span class='ocrx_word' id='word_1_191' title='bbox 2630 2845 2819 2911; x_wconf 86' lang='lat' dir='ltr'>illam,</span> <span class='ocrx_word' id='word_1_192' title='bbox 2855 2846 3030 2916; x_wconf 90' lang='lat' dir='ltr'>cujus</span> <span class='ocrx_word' id='word_1_193' title='bbox 3070 2846 3134 2901; x_wconf 85' lang='lat' dir='ltr'>iu</span> <span class='ocrx_word' id='word_1_194' title='bbox 3178 2844 3485 2916; x_wconf 87' lang='lat' dir='ltr'>Scriptura</span> 
     </span>
    </p>
   </div>
   <div class='ocr_carea' id='block_1_24' title="bbox 22 2929 3479 3006">
    <p class='ocr_par' dir='ltr' id='par_1_24' title="bbox 22 2929 3479 3006">
     <span class='ocr_line' id='line_1_24' title="bbox 22 2929 3479 3006; baseline -0.001 -17"><span class='ocrx_word' id='word_1_195' title='bbox 22 2934 23 2937; x_wconf 63' lang='grc'><em>“</em></span> <span class='ocrx_word' id='word_1_196' title='bbox 70 2934 374 3005; x_wconf 87' lang='lat' dir='ltr'>insperato</span> <span class='ocrx_word' id='word_1_197' title='bbox 440 2930 760 2987; x_wconf 86' lang='lat' dir='ltr'>hominum</span> <span class='ocrx_word' id='word_1_198' title='bbox 830 2945 1108 2986; x_wconf 89' lang='lat' dir='ltr'>sermone</span> <span class='ocrx_word' id='word_1_199' title='bbox 1170 2945 1339 2986; x_wconf 88' lang='lat' dir='ltr'>meas</span> <span class='ocrx_word' id='word_1_200' title='bbox 1397 2929 1476 2986; x_wconf 89' lang='lat' dir='ltr'>ad</span> <span class='ocrx_word' id='word_1_201' title='bbox 1548 2944 1726 2986; x_wconf 90' lang='lat' dir='ltr'>aures</span> <span class='ocrx_word' id='word_1_202' title='bbox 1834 2931 2059 2986; x_wconf 79' lang='lat' dir='ltr'>mentio</span> <span class='ocrx_word' id='word_1_203' title='bbox 2088 2931 2173 2999; x_wconf 81' lang='lat' dir='ltr'>ﬁt,</span> <span class='ocrx_word' id='word_1_204' title='bbox 2205 2948 2464 3006; x_wconf 62' lang='lat' dir='ltr'>quteque</span> <span class='ocrx_word' id='word_1_205' title='bbox 2493 2933 2671 3004; x_wconf 81' lang='lat' dir='ltr'>vulgo</span> <span class='ocrx_word' id='word_1_206' title='bbox 2703 2939 2902 2989; x_wconf 88' lang='lat' dir='ltr'>statua</span> <span class='ocrx_word' id='word_1_207' title='bbox 2931 2933 3070 2990; x_wconf 91' lang='lat' dir='ltr'>salis</span> <span class='ocrx_word' id='word_1_208' title='bbox 3100 2931 3479 3005; x_wconf 75' lang='lat' dir='ltr'>appellatur&#39;</span> 
     </span>
    </p>
   </div>
   <div class='ocr_carea' id='block_1_25' title="bbox 72 3019 1723 3087">
    <p class='ocr_par' dir='ltr' id='par_1_25' title="bbox 72 3019 1723 3087">
     <span class='ocr_line' id='line_1_25' title="bbox 72 3019 1723 3087; baseline -0.004 -8"><span class='ocrx_word' id='word_1_209' title='bbox 72 3022 286 3080; x_wconf 78' lang='lat' dir='ltr'>allatus</span> <span class='ocrx_word' id='word_1_210' title='bbox 308 3025 428 3087; x_wconf 89' lang='lat' dir='ltr'>est;</span> <span class='ocrx_word' id='word_1_211' title='bbox 460 3020 574 3077; x_wconf 66' lang='lat' dir='ltr'>illae</span> <span class='ocrx_word' id='word_1_212' title='bbox 606 3036 749 3077; x_wconf 82' lang='lat' dir='ltr'>mox</span> <span class='ocrx_word' id='word_1_213' title='bbox 777 3023 944 3076; x_wconf 88' lang='lat' dir='ltr'>tanto</span> <span class='ocrx_word' id='word_1_214' title='bbox 976 3025 1197 3076; x_wconf 89' lang='lat' dir='ltr'>terrore</span> <span class='ocrx_word' id='word_1_215' title='bbox 1219 3019 1532 3076; x_wconf 66' lang='lat' dir='ltr'>concitatas</span> <span class='ocrx_word' id='word_1_216' title='bbox 1563 3024 1723 3085; x_wconf 90' lang='lat' dir='ltr'>sunt,</span> 
     </span>
    </p>
   </div>
   <div class='ocr_carea' id='block_1_26' title="bbox 72 3106 1727 3182">
    <p class='ocr_par' dir='ltr' id='par_1_26' title="bbox 72 3106 1727 3182">
     <span class='ocr_line' id='line_1_26' title="bbox 72 3106 1727 3182; baseline -0.002 -16"><span class='ocrx_word' id='word_1_217' title='bbox 72 3116 130 3167; x_wconf 89' lang='lat' dir='ltr'>ut</span> <span class='ocrx_word' id='word_1_218' title='bbox 170 3110 326 3166; x_wconf 84' lang='lat' dir='ltr'>mihi</span> <span class='ocrx_word' id='word_1_219' title='bbox 369 3107 563 3182; x_wconf 79' lang='lat' dir='ltr'>(quod</span> <span class='ocrx_word' id='word_1_220' title='bbox 590 3106 983 3166; x_wconf 79' lang='lat' dir='ltr'>delirantibus</span> <span class='ocrx_word' id='word_1_221' title='bbox 1013 3111 1071 3164; x_wconf 91' lang='lat' dir='ltr'>et</span> <span class='ocrx_word' id='word_1_222' title='bbox 1098 3111 1298 3164; x_wconf 89' lang='lat' dir='ltr'>mente</span> <span class='ocrx_word' id='word_1_223' title='bbox 1347 3107 1538 3180; x_wconf 83' lang='lat' dir='ltr'>captis</span> <span class='ocrx_word' id='word_1_224' title='bbox 1588 3122 1727 3163; x_wconf 85' lang='lat' dir='ltr'>usu—</span> 
     </span>
    </p>
   </div>
   <div class='ocr_carea' id='block_1_27' title="bbox 71 3196 1726 3271">
    <p class='ocr_par' dir='ltr' id='par_1_27' title="bbox 71 3196 1726 3271">
     <span class='ocr_line' id='line_1_27' title="bbox 71 3196 1726 3271; baseline -0.002 -17"><span class='ocrx_word' id='word_1_225' title='bbox 71 3200 269 3256; x_wconf 86' lang='lat' dir='ltr'>venire</span> <span class='ocrx_word' id='word_1_226' title='bbox 303 3196 477 3269; x_wconf 85' lang='lat' dir='ltr'>solet)</span> <span class='ocrx_word' id='word_1_227' title='bbox 516 3198 731 3254; x_wconf 76' lang='lat' dir='ltr'>tinnire</span> <span class='ocrx_word' id='word_1_228' title='bbox 756 3203 938 3271; x_wconf 89' lang='lat' dir='ltr'>atque</span> <span class='ocrx_word' id='word_1_229' title='bbox 977 3196 1448 3267; x_wconf 85' lang='lat' dir='ltr'>circumsonare,</span> <span class='ocrx_word' id='word_1_230' title='bbox 1489 3201 1726 3269; x_wconf 86' lang='lat' dir='ltr'>pectus-</span> 
     </span>
    </p>
   </div>
   <div class='ocr_carea' id='block_1_28' title="bbox 74 3285 1728 3362">
    <p class='ocr_par' dir='ltr' id='par_1_28' title="bbox 74 3285 1728 3362">
     <span class='ocr_line' id='line_1_28' title="bbox 74 3285 1728 3362; baseline -0.003 -17"><span class='ocrx_word' id='word_1_231' title='bbox 74 3304 185 3362; x_wconf 88' lang='lat' dir='ltr'>que</span> <span class='ocrx_word' id='word_1_232' title='bbox 228 3287 387 3346; x_wconf 79' lang='lat' dir='ltr'>adec</span> <span class='ocrx_word' id='word_1_233' title='bbox 429 3287 633 3360; x_wconf 87' lang='lat' dir='ltr'>ipsum</span> <span class='ocrx_word' id='word_1_234' title='bbox 662 3302 920 3343; x_wconf 77' lang='lat' dir='ltr'>mmrore</span> <span class='ocrx_word' id='word_1_235' title='bbox 951 3285 1407 3353; x_wconf 87' lang='lat' dir='ltr'>contabescens,</span> <span class='ocrx_word' id='word_1_236' title='bbox 1439 3299 1728 3342; x_wconf 88' lang='lat' dir='ltr'>mucrone</span> 
     </span>
    </p>
   </div>
   <div class='ocr_carea' id='block_1_29' title="bbox 76 3374 1729 3450">
    <p class='ocr_par' dir='ltr' id='par_1_29' title="bbox 76 3374 1729 3450">
     <span class='ocr_line' id='line_1_29' title="bbox 76 3374 1729 3450; baseline -0.002 -17"><span class='ocrx_word' id='word_1_237' title='bbox 76 3378 185 3450; x_wconf 85' lang='lat' dir='ltr'>peti</span> <span class='ocrx_word' id='word_1_238' title='bbox 206 3376 608 3450; x_wconf 79' lang='lat' dir='ltr'>transﬁgique</span> <span class='ocrx_word' id='word_1_239' title='bbox 634 3375 957 3433; x_wconf 78' lang='lat' dir='ltr'>videretur.</span> <span class='ocrx_word' id='word_1_240' title='bbox 992 3375 1157 3432; x_wconf 91' lang='lat' dir='ltr'>Unde</span> <span class='ocrx_word' id='word_1_241' title='bbox 1205 3380 1480 3432; x_wconf 89' lang='lat' dir='ltr'>cruentas</span> <span class='ocrx_word' id='word_1_242' title='bbox 1523 3374 1729 3445; x_wconf 88' lang='lat' dir='ltr'>hasce,</span> 
     </span>
    </p>
   </div>
   <div class='ocr_carea' id='block_1_30' title="bbox 76 3463 1731 3539">
    <p class='ocr_par' dir='ltr' id='par_1_30' title="bbox 76 3463 1731 3539">
     <span class='ocr_line' id='line_1_30' title="bbox 76 3463 1731 3539; baseline -0.002 -17"><span class='ocrx_word' id='word_1_243' title='bbox 76 3468 308 3539; x_wconf 86' lang='lat' dir='ltr'>opinor,</span> <span class='ocrx_word' id='word_1_244' title='bbox 322 3476 481 3538; x_wconf 57' lang='lat' dir='ltr'>quas</span> <span class='ocrx_word' id='word_1_245' title='bbox 496 3463 815 3522; x_wconf 75' lang='lat' dir='ltr'>effundunt</span> <span class='ocrx_word' id='word_1_246' title='bbox 829 3464 984 3520; x_wconf 88' lang='lat' dir='ltr'>oculi</span> <span class='ocrx_word' id='word_1_247' title='bbox 998 3463 1304 3536; x_wconf 85' lang='lat' dir='ltr'>lacrymas</span> <span class='ocrx_word' id='word_1_248' title='bbox 1325 3467 1731 3536; x_wconf 90' lang='lat' dir='ltr'>conceperunt</span> 
     </span>
    </p>
   </div>
   <div class='ocr_carea' id='block_1_31' title="bbox 78 3551 1729 3627">
    <p class='ocr_par' dir='ltr' id='par_1_31' title="bbox 78 3551 1729 3627">
     <span class='ocr_line' id='line_1_31' title="bbox 78 3551 1729 3627; baseline -0.002 -16"><span class='ocrx_word' id='word_1_249' title='bbox 78 3555 339 3611; x_wconf 86' lang='lat' dir='ltr'>cruentis</span> <span class='ocrx_word' id='word_1_250' title='bbox 409 3553 524 3610; x_wconf 89' lang='lat' dir='ltr'>illis</span> <span class='ocrx_word' id='word_1_251' title='bbox 584 3554 766 3626; x_wconf 78' lang='lat' dir='ltr'>guttis</span> <span class='ocrx_word' id='word_1_252' title='bbox 810 3552 1167 3627; x_wconf 86' lang='lat' dir='ltr'>persimiles,</span> <span class='ocrx_word' id='word_1_253' title='bbox 1228 3568 1386 3625; x_wconf 89' lang='lat' dir='ltr'>quas</span> <span class='ocrx_word' id='word_1_254' title='bbox 1423 3551 1729 3623; x_wconf 71' lang='lat' dir='ltr'>tragoediis</span> 
     </span>
    </p>
   </div>
   <div class='ocr_carea' id='block_1_32' title="bbox 22 3640 1733 3718">
    <p class='ocr_par' dir='ltr' id='par_1_32' title="bbox 22 3640 1733 3718">
     <span class='ocr_line' id='line_1_32' title="bbox 22 3640 1733 3718; baseline -0.002 -18"><span class='ocrx_word' id='word_1_255' title='bbox 22 3656 23 3673; x_wconf 51' lang='grc' dir='ltr'><strong>π</strong></span> <span class='ocrx_word' id='word_1_256' title='bbox 80 3643 449 3718; x_wconf 84' lang='lat' dir='ltr'>perappositi</span> <span class='ocrx_word' id='word_1_257' title='bbox 497 3642 737 3700; x_wconf 87' lang='lat' dir='ltr'>scenica</span> <span class='ocrx_word' id='word_1_258' title='bbox 786 3641 970 3713; x_wconf 84' lang='lat' dir='ltr'>vulgo</span> <span class='ocrx_word' id='word_1_259' title='bbox 1029 3646 1310 3698; x_wconf 88' lang='lat' dir='ltr'>venustas</span> <span class='ocrx_word' id='word_1_260' title='bbox 1356 3640 1620 3713; x_wconf 82' lang='lat' dir='ltr'>efﬁngit:</span> <span class='ocrx_word' id='word_1_261' title='bbox 1668 3646 1733 3697; x_wconf 92' lang='lat' dir='ltr'>ut</span> 
     </span>
    </p>
   </div>
   <div class='ocr_carea' id='block_1_33' title="bbox 80 3730 1731 3806">
    <p class='ocr_par' dir='ltr' id='par_1_33' title="bbox 80 3730 1731 3806">
     <span class='ocr_line' id='line_1_33' title="bbox 80 3730 1731 3806; baseline -0.002 -16"><span class='ocrx_word' id='word_1_262' title='bbox 80 3735 298 3791; x_wconf 88' lang='lat' dir='ltr'>mirum</span> <span class='ocrx_word' id='word_1_263' title='bbox 331 3733 426 3803; x_wconf 90' lang='lat' dir='ltr'>sit,</span> <span class='ocrx_word' id='word_1_264' title='bbox 450 3733 597 3806; x_wconf 90' lang='lat' dir='ltr'>quin</span> <span class='ocrx_word' id='word_1_265' title='bbox 621 3737 679 3789; x_wconf 92' lang='lat' dir='ltr'>et</span> <span class='ocrx_word' id='word_1_266' title='bbox 705 3734 837 3805; x_wconf 90' lang='lat' dir='ltr'>ipse</span> <span class='ocrx_word' id='word_1_267' title='bbox 858 3731 1248 3788; x_wconf 87' lang='lat' dir='ltr'>attonitorum</span> <span class='ocrx_word' id='word_1_268' title='bbox 1281 3730 1521 3788; x_wconf 90' lang='lat' dir='ltr'>illorum</span> <span class='ocrx_word' id='word_1_269' title='bbox 1566 3731 1731 3788; x_wconf 85' lang='lat' dir='ltr'>fana-</span> 
     </span>
    </p>
   </div>
   <div class='ocr_carea' id='block_1_34' title="bbox 80 3820 1732 3895">
    <p class='ocr_par' dir='ltr' id='par_1_34' title="bbox 80 3820 1732 3895">
     <span class='ocr_line' id='line_1_34' title="bbox 80 3820 1732 3895; baseline -0.001 -18"><span class='ocrx_word' id='word_1_270' title='bbox 80 3824 459 3895; x_wconf 90' lang='lat' dir='ltr'>ticorumque</span> <span class='ocrx_word' id='word_1_271' title='bbox 477 3837 637 3878; x_wconf 91' lang='lat' dir='ltr'>unus</span> <span class='ocrx_word' id='word_1_272' title='bbox 661 3820 880 3895; x_wconf 88' lang='lat' dir='ltr'>aliquis</span> <span class='ocrx_word' id='word_1_273' title='bbox 903 3820 1218 3889; x_wconf 89' lang='lat' dir='ltr'>evaserim,</span> <span class='ocrx_word' id='word_1_274' title='bbox 1240 3822 1529 3893; x_wconf 90' lang='lat' dir='ltr'>omnique</span> <span class='ocrx_word' id='word_1_275' title='bbox 1553 3835 1732 3876; x_wconf 87' lang='lat' dir='ltr'>sensu</span> 
     </span>
    </p>
   </div>
   <div class='ocr_carea' id='block_1_35' title="bbox 83 3907 1734 3985">
    <p class='ocr_par' dir='ltr' id='par_1_35' title="bbox 83 3907 1734 3985">
     <span class='ocr_line' id='line_1_35' title="bbox 83 3907 1734 3985; baseline -0.002 -17"><span class='ocrx_word' id='word_1_276' title='bbox 83 3914 355 3985; x_wconf 88' lang='lat' dir='ltr'>privatus</span> <span class='ocrx_word' id='word_1_277' title='bbox 393 3913 457 3967; x_wconf 90' lang='lat' dir='ltr'>in</span> <span class='ocrx_word' id='word_1_278' title='bbox 511 3910 859 3967; x_wconf 88' lang='lat' dir='ltr'>columnam</span> <span class='ocrx_word' id='word_1_279' title='bbox 904 3909 1172 3983; x_wconf 86' lang='lat' dir='ltr'>aliquam</span> <span class='ocrx_word' id='word_1_280' title='bbox 1214 3910 1584 3982; x_wconf 86' lang='lat' dir='ltr'>diriguerim.</span> <span class='ocrx_word' id='word_1_281' title='bbox 1642 3907 1734 3966; x_wconf 76' lang='lat' dir='ltr'>Ad</span> 
     </span>
    </p>
   </div>
   <div class='ocr_carea' id='block_1_36' title="bbox 85 4000 1733 4073">
    <p class='ocr_par' dir='ltr' id='par_1_36' title="bbox 85 4000 1733 4073">
     <span class='ocr_line' id='line_1_36' title="bbox 85 4000 1733 4073; baseline -0.002 -16"><span class='ocrx_word' id='word_1_282' title='bbox 85 4002 449 4059; x_wconf 81' lang='lat' dir='ltr'>hodiernum</span> <span class='ocrx_word' id='word_1_283' title='bbox 479 4005 683 4057; x_wconf 89' lang='lat' dir='ltr'>tamen</span> <span class='ocrx_word' id='word_1_284' title='bbox 706 4016 896 4073; x_wconf 89' lang='lat' dir='ltr'>usque</span> <span class='ocrx_word' id='word_1_285' title='bbox 913 4000 1149 4056; x_wconf 90' lang='lat' dir='ltr'>diemin</span> <span class='ocrx_word' id='word_1_286' title='bbox 1181 4001 1454 4057; x_wconf 87' lang='lat' dir='ltr'>vivorum</span> <span class='ocrx_word' id='word_1_287' title='bbox 1479 4013 1733 4054; x_wconf 91' lang='lat' dir='ltr'>numero</span> 
     </span>
    </p>
   </div>
   <div class='ocr_carea' id='block_1_37' title="bbox 1834 3019 3485 3095">
    <p class='ocr_par' dir='ltr' id='par_1_37' title="bbox 1834 3019 3485 3095">
     <span class='ocr_line' id='line_1_37' title="bbox 1834 3019 3485 3095; baseline -0.001 -19"><span class='ocrx_word' id='word_1_288' title='bbox 1834 3020 2073 3087; x_wconf 90' lang='lat' dir='ltr'>(eodem</span> <span class='ocrx_word' id='word_1_289' title='bbox 2119 3026 2273 3079; x_wconf 86' lang='lat' dir='ltr'>certe</span> <span class='ocrx_word' id='word_1_290' title='bbox 2318 3038 2560 3079; x_wconf 89' lang='lat' dir='ltr'>mecum</span> <span class='ocrx_word' id='word_1_291' title='bbox 2591 3023 3022 3095; x_wconf 90' lang='lat' dir='ltr'>communique</span> <span class='ocrx_word' id='word_1_292' title='bbox 3060 3021 3327 3087; x_wconf 89' lang='lat' dir='ltr'>nomine,</span> <span class='ocrx_word' id='word_1_293' title='bbox 3376 3019 3485 3092; x_wconf 90' lang='lat' dir='ltr'>qui</span> 
     </span>
    </p>
   </div>
   <div class='ocr_carea' id='block_1_38' title="bbox 1833 3108 3488 3185">
    <p class='ocr_par' dir='ltr' id='par_1_38' title="bbox 1833 3108 3488 3185">
     <span class='ocr_line' id='line_1_38' title="bbox 1833 3108 3488 3185; baseline -0.001 -19"><span class='ocrx_word' id='word_1_294' title='bbox 1833 3110 1983 3167; x_wconf 89' lang='lat' dir='ltr'>nihil</span> <span class='ocrx_word' id='word_1_295' title='bbox 2049 3111 2215 3167; x_wconf 90' lang='lat' dir='ltr'>aliud</span> <span class='ocrx_word' id='word_1_296' title='bbox 2260 3128 2389 3168; x_wconf 91' lang='lat' dir='ltr'>esse</span> <span class='ocrx_word' id='word_1_297' title='bbox 2456 3113 2605 3169; x_wconf 90' lang='lat' dir='ltr'>mihi</span> <span class='ocrx_word' id='word_1_298' title='bbox 2653 3112 2881 3182; x_wconf 89' lang='lat' dir='ltr'>videor,</span> <span class='ocrx_word' id='word_1_299' title='bbox 2927 3128 3114 3185; x_wconf 88' lang='lat' dir='ltr'>quam</span> <span class='ocrx_word' id='word_1_300' title='bbox 3163 3110 3252 3168; x_wconf 80' lang='lat' dir='ltr'>sal</span> <span class='ocrx_word' id='word_1_301' title='bbox 3301 3108 3488 3166; x_wconf 85' lang='lat' dir='ltr'>insul-</span> 
     </span>
    </p>
   </div>
   <div class='ocr_carea' id='block_1_39' title="bbox 1836 3198 3484 3274">
    <p class='ocr_par' dir='ltr' id='par_1_39' title="bbox 1836 3198 3484 3274">
     <span class='ocr_line' id='line_1_39' title="bbox 1836 3198 3484 3274; baseline 0 -20"><span class='ocrx_word' id='word_1_302' title='bbox 1836 3215 1971 3255; x_wconf 90' lang='lat' dir='ltr'>sum</span> <span class='ocrx_word' id='word_1_303' title='bbox 1998 3201 2095 3270; x_wconf 67' lang='grc' dir='ltr'>(ι1),</span> <span class='ocrx_word' id='word_1_304' title='bbox 2126 3198 2474 3273; x_wconf 90' lang='lat' dir='ltr'>idcircoque</span> <span class='ocrx_word' id='word_1_305' title='bbox 2504 3200 2666 3257; x_wconf 87' lang='lat' dir='ltr'>foras</span> <span class='ocrx_word' id='word_1_306' title='bbox 2690 3202 3050 3274; x_wconf 87' lang='lat' dir='ltr'>projectum,</span> <span class='ocrx_word' id='word_1_307' title='bbox 3073 3204 3139 3256; x_wconf 92' lang='lat' dir='ltr'>ut</span> <span class='ocrx_word' id='word_1_308' title='bbox 3176 3199 3255 3256; x_wconf 88' lang='lat' dir='ltr'>ab</span> <span class='ocrx_word' id='word_1_309' title='bbox 3283 3198 3484 3256; x_wconf 88' lang='lat' dir='ltr'>homi-</span> 
     </span>
    </p>
   </div>
   <div class='ocr_carea' id='block_1_40' title="bbox 1835 3287 3489 3364">
    <p class='ocr_par' dir='ltr' id='par_1_40' title="bbox 1835 3287 3489 3364">
     <span class='ocr_line' id='line_1_40' title="bbox 1835 3287 3489 3364; baseline -0.001 -20"><span class='ocrx_word' id='word_1_310' title='bbox 1835 3287 2015 3344; x_wconf 90' lang='lat' dir='ltr'>nibus</span> <span class='ocrx_word' id='word_1_311' title='bbox 2041 3289 2463 3360; x_wconf 84' lang='lat' dir='ltr'>conculcetur),</span> <span class='ocrx_word' id='word_1_312' title='bbox 2498 3296 2704 3348; x_wconf 90' lang='lat' dir='ltr'>tamen</span> <span class='ocrx_word' id='word_1_313' title='bbox 2726 3306 2804 3347; x_wconf 91' lang='lat' dir='ltr'>ne</span> <span class='ocrx_word' id='word_1_314' title='bbox 2833 3291 2917 3347; x_wconf 92' lang='lat' dir='ltr'>sic</span> <span class='ocrx_word' id='word_1_315' title='bbox 2953 3290 3200 3364; x_wconf 89' lang='lat' dir='ltr'>quidem</span> <span class='ocrx_word' id='word_1_316' title='bbox 3231 3287 3489 3346; x_wconf 86' lang='lat' dir='ltr'>vindicis</span> 
     </span>
    </p>
   </div>
   <div class='ocr_carea' id='block_1_41' title="bbox 1834 3376 3488 3453">
    <p class='ocr_par' dir='ltr' id='par_1_41' title="bbox 1834 3376 3488 3453">
     <span class='ocr_line' id='line_1_41' title="bbox 1834 3376 3488 3453; baseline 0 -21"><span class='ocrx_word' id='word_1_317' title='bbox 1834 3376 2154 3435; x_wconf 73' lang='lat' dir='ltr'>Adrastteae</span> <span class='ocrx_word' id='word_1_318' title='bbox 2177 3380 2456 3436; x_wconf 86' lang='lat' dir='ltr'>Nemesin</span> <span class='ocrx_word' id='word_1_319' title='bbox 2477 3379 2692 3452; x_wconf 79' lang='lat' dir='ltr'>effugi;</span> <span class='ocrx_word' id='word_1_320' title='bbox 2717 3380 2945 3453; x_wconf 90' lang='lat' dir='ltr'>quippe</span> <span class='ocrx_word' id='word_1_321' title='bbox 2969 3378 3073 3451; x_wconf 90' lang='lat' dir='ltr'>qui</span> <span class='ocrx_word' id='word_1_322' title='bbox 3085 3377 3488 3435; x_wconf 89' lang='lat' dir='ltr'>diuturniores</span> 
     </span>
    </p>
   </div>
   <div class='ocr_carea' id='block_1_42' title="bbox 1836 3466 3489 3541">
    <p class='ocr_par' dir='ltr' id='par_1_42' title="bbox 1836 3466 3489 3541">
     <span class='ocr_line' id='line_1_42' title="bbox 1836 3466 3489 3541; baseline 0 -19"><span class='ocrx_word' id='word_1_323' title='bbox 1836 3482 2049 3539; x_wconf 69' lang='lat' dir='ltr'>poenas</span> <span class='ocrx_word' id='word_1_324' title='bbox 2094 3467 2281 3534; x_wconf 87' lang='lat' dir='ltr'>luam,</span> <span class='ocrx_word' id='word_1_325' title='bbox 2314 3468 2461 3525; x_wconf 92' lang='lat' dir='ltr'>dum</span> <span class='ocrx_word' id='word_1_326' title='bbox 2492 3484 2730 3541; x_wconf 89' lang='lat' dir='ltr'>semper</span> <span class='ocrx_word' id='word_1_327' title='bbox 2772 3469 2935 3526; x_wconf 90' lang='lat' dir='ltr'>idem</span> <span class='ocrx_word' id='word_1_328' title='bbox 2964 3467 3226 3534; x_wconf 86' lang='lat' dir='ltr'>futurus,</span> <span class='ocrx_word' id='word_1_329' title='bbox 3273 3466 3489 3523; x_wconf 80' lang='lat' dir='ltr'>infesto</span> 
     </span>
    </p>
   </div>
   <div class='ocr_carea' id='block_1_43' title="bbox 1835 3551 3489 3626">
    <p class='ocr_par' dir='ltr' id='par_1_43' title="bbox 1835 3551 3489 3626">
     <span class='ocr_line' id='line_1_43' title="bbox 1835 3551 3489 3626; baseline -0.001 -18"><span class='ocrx_word' id='word_1_330' title='bbox 1835 3552 2087 3609; x_wconf 89' lang='lat' dir='ltr'>numine</span> <span class='ocrx_word' id='word_1_331' title='bbox 2145 3555 2375 3610; x_wconf 84' lang='lat' dir='ltr'>cunctis</span> <span class='ocrx_word' id='word_1_332' title='bbox 2427 3554 2770 3611; x_wconf 89' lang='lat' dir='ltr'>illudendus</span> <span class='ocrx_word' id='word_1_333' title='bbox 2826 3568 3099 3626; x_wconf 82' lang='lat' dir='ltr'>exponor</span> <span class='ocrx_word' id='word_1_334' title='bbox 3146 3553 3243 3623; x_wconf 81' lang='lat'>(2).</span> <span class='ocrx_word' id='word_1_335' title='bbox 3302 3551 3489 3607; x_wconf 75' lang='lat' dir='ltr'>Altior</span> 
     </span>
    </p>
   </div>
   <div class='ocr_carea' id='block_1_44' title="bbox 1836 3642 3486 3717">
    <p class='ocr_par' dir='ltr' id='par_1_44' title="bbox 1836 3642 3486 3717">
     <span class='ocr_line' id='line_1_44' title="bbox 1836 3642 3486 3717; baseline -0.002 -18"><span class='ocrx_word' id='word_1_336' title='bbox 1836 3643 2018 3700; x_wconf 89' lang='lat' dir='ltr'>etiam</span> <span class='ocrx_word' id='word_1_337' title='bbox 2062 3644 2251 3701; x_wconf 92' lang='lat' dir='ltr'>multo</span> <span class='ocrx_word' id='word_1_338' title='bbox 2290 3643 2384 3701; x_wconf 87' lang='lat' dir='ltr'>vel</span> <span class='ocrx_word' id='word_1_339' title='bbox 2427 3645 2598 3716; x_wconf 88' lang='lat' dir='ltr'>jecur</span> <span class='ocrx_word' id='word_1_340' title='bbox 2641 3643 2723 3701; x_wconf 90' lang='lat' dir='ltr'>ad</span> <span class='ocrx_word' id='word_1_341' title='bbox 2774 3643 2976 3717; x_wconf 89' lang='lat' dir='ltr'>ipsum</span> <span class='ocrx_word' id='word_1_342' title='bbox 3015 3642 3188 3699; x_wconf 91' lang='lat' dir='ltr'>dolor</span> <span class='ocrx_word' id='word_1_343' title='bbox 3212 3643 3486 3714; x_wconf 87' lang='lat' dir='ltr'>penetrat</span> 
     </span>
    </p>
   </div>
   <div class='ocr_carea' id='block_1_45' title="bbox 1836 3729 3486 3807">
    <p class='ocr_par' dir='ltr' id='par_1_45' title="bbox 1836 3729 3486 3807">
     <span class='ocr_line' id='line_1_45' title="bbox 1836 3729 3486 3807; baseline -0.004 -18"><span class='ocrx_word' id='word_1_344' title='bbox 1836 3733 1985 3789; x_wconf 92' lang='lat' dir='ltr'>dum</span> <span class='ocrx_word' id='word_1_345' title='bbox 2073 3734 2348 3792; x_wconf 91' lang='lat' dir='ltr'>cominus</span> <span class='ocrx_word' id='word_1_346' title='bbox 2432 3733 2827 3807; x_wconf 88' lang='lat' dir='ltr'>contemplor,</span> <span class='ocrx_word' id='word_1_347' title='bbox 2900 3732 3098 3805; x_wconf 88' lang='lat' dir='ltr'>qualis</span> <span class='ocrx_word' id='word_1_348' title='bbox 3184 3729 3486 3786; x_wconf 87' lang='lat' dir='ltr'>malorum</span> 
     </span>
    </p>
   </div>
   <div class='ocr_carea' id='block_1_46' title="bbox 1838 3817 3466 3897">
    <p class='ocr_par' dir='ltr' id='par_1_46' title="bbox 1838 3817 3466 3897">
     <span class='ocr_line' id='line_1_46' title="bbox 1838 3817 3466 3897; baseline -0.004 -20"><span class='ocrx_word' id='word_1_349' title='bbox 1838 3822 2133 3897; x_wconf 91' lang='lat' dir='ltr'>colophon</span> <span class='ocrx_word' id='word_1_350' title='bbox 2180 3824 2425 3883; x_wconf 65' lang='lat' dir='ltr'>misellaa</span> <span class='ocrx_word' id='word_1_351' title='bbox 2477 3823 2695 3880; x_wconf 74' lang='lat' dir='ltr'>animas</span> <span class='ocrx_word' id='word_1_352' title='bbox 2725 3817 2986 3888; x_wconf 84' lang='lat' dir='ltr'>insultet,</span> <span class='ocrx_word' id='word_1_353' title='bbox 3026 3818 3225 3892; x_wconf 90' lang='lat' dir='ltr'>qualis</span> <span class='ocrx_word' id='word_1_354' title='bbox 3273 3832 3466 3872; x_wconf 68' lang='lat' dir='ltr'>mrum</span> 
     </span>
    </p>
   </div>
   <div class='ocr_carea' id='block_1_47' title="bbox 1839 3904 3488 3984">
    <p class='ocr_par' dir='ltr' id='par_1_47' title="bbox 1839 3904 3488 3984">
     <span class='ocr_line' id='line_1_47' title="bbox 1839 3904 3488 3984; baseline -0.005 -17"><span class='ocrx_word' id='word_1_355' title='bbox 1839 3926 2054 3967; x_wconf 87' lang='lat' dir='ltr'>narum</span> <span class='ocrx_word' id='word_1_356' title='bbox 2084 3913 2321 3969; x_wconf 87' lang='lat' dir='ltr'>coronis</span> <span class='ocrx_word' id='word_1_357' title='bbox 2355 3911 2623 3984; x_wconf 84' lang='lat' dir='ltr'>pristinis</span> <span class='ocrx_word' id='word_1_358' title='bbox 2654 3908 2830 3966; x_wconf 89' lang='lat' dir='ltr'>malis</span> <span class='ocrx_word' id='word_1_359' title='bbox 2872 3909 3195 3973; x_wconf 87' lang='lat' dir='ltr'>accrescat,</span> <span class='ocrx_word' id='word_1_360' title='bbox 3227 3904 3488 3976; x_wconf 88' lang='lat' dir='ltr'>denique</span> 
     </span>
    </p>
   </div>
   <div class='ocr_carea' id='block_1_48' title="bbox 1841 3997 3493 4073">
    <p class='ocr_par' dir='ltr' id='par_1_48' title="bbox 1841 3997 3493 4073">
     <span class='ocr_line' id='line_1_48' title="bbox 1841 3997 3493 4073; baseline -0.005 -17"><span class='ocrx_word' id='word_1_361' title='bbox 1841 4016 2029 4073; x_wconf 90' lang='lat' dir='ltr'>quam</span> <span class='ocrx_word' id='word_1_362' title='bbox 2058 4001 2395 4073; x_wconf 89' lang='lat' dir='ltr'>perniciosa</span> <span class='ocrx_word' id='word_1_363' title='bbox 2413 4000 2593 4056; x_wconf 90' lang='lat' dir='ltr'>rebus</span> <span class='ocrx_word' id='word_1_364' title='bbox 2609 3999 2784 4067; x_wconf 90' lang='lat' dir='ltr'>meis,</span> <span class='ocrx_word' id='word_1_365' title='bbox 2808 3997 3298 4068; x_wconf 85' lang='lat' dir='ltr'>infortunataque</span> <span class='ocrx_word' id='word_1_366' title='bbox 3328 4008 3493 4049; x_wconf 90' lang='lat' dir='ltr'>sum-</span> 
     </span>
    </p>
   </div>
   <div class='ocr_carea' id='block_1_49' title="bbox 85 4081 3492 4165">
    <p class='ocr_par' dir='ltr' id='par_1_49' title="bbox 85 4081 3492 4165">
     <span class='ocr_line' id='line_1_49' title="bbox 85 4081 3492 4165; baseline -0.003 -18"><span class='ocrx_word' id='word_1_367' title='bbox 85 4106 429 4165; x_wconf 89' lang='lat' dir='ltr'>supersum,</span> <span class='ocrx_word' id='word_1_368' title='bbox 461 4105 584 4146; x_wconf 90' lang='lat' dir='ltr'>non</span> <span class='ocrx_word' id='word_1_369' title='bbox 626 4090 876 4159; x_wconf 84' lang='lat' dir='ltr'>ignarus</span> <span class='ocrx_word' id='word_1_370' title='bbox 905 4093 1166 4162; x_wconf 88' lang='lat' dir='ltr'>quantas</span> <span class='ocrx_word' id='word_1_371' title='bbox 1203 4088 1265 4144; x_wconf 87' lang='lat' dir='ltr'>in</span> <span class='ocrx_word' id='word_1_372' title='bbox 1307 4087 1577 4145; x_wconf 87' lang='lat' dir='ltr'>miserias</span> <span class='ocrx_word' id='word_1_373' title='bbox 1620 4087 1731 4143; x_wconf 89' lang='lat' dir='ltr'>sim</span> <span class='ocrx_word' id='word_1_374' title='bbox 1767 4141 1805 4165; x_wconf 54' lang='grc' dir='ltr'>ί,</span> <span class='ocrx_word' id='word_1_375' title='bbox 1844 4104 1946 4145; x_wconf 90' lang='lat' dir='ltr'>ma</span> <span class='ocrx_word' id='word_1_376' title='bbox 1966 4092 2457 4162; x_wconf 67' lang='lat' dir='ltr'>accesseritzqum</span> <span class='ocrx_word' id='word_1_377' title='bbox 2477 4085 3234 4161; x_wconf 69' lang='lat' dir='ltr'>mihi,quaeso,pcenajam</span> <span class='ocrx_word' id='word_1_378' title='bbox 3249 4081 3492 4155; x_wconf 80' lang='lat' dir='ltr'>gravior</span> 
     </span>
    </p>
   </div>
   <div class='ocr_carea' id='block_1_50' title="bbox 86 4177 1734 4255">
    <p class='ocr_par' dir='ltr' id='par_1_50' title="bbox 86 4177 1734 4255">
     <span class='ocr_line' id='line_1_50' title="bbox 86 4177 1734 4255; baseline -0.003 -17"><span class='ocrx_word' id='word_1_379' title='bbox 86 4182 426 4255; x_wconf 84' lang='lat' dir='ltr'>prolapsus,</span> <span class='ocrx_word' id='word_1_380' title='bbox 447 4195 710 4253; x_wconf 89' lang='lat' dir='ltr'>quarum</span> <span class='ocrx_word' id='word_1_381' title='bbox 731 4178 1069 4249; x_wconf 89' lang='lat' dir='ltr'>cognitione</span> <span class='ocrx_word' id='word_1_382' title='bbox 1090 4182 1147 4234; x_wconf 91' lang='lat' dir='ltr'>et</span> <span class='ocrx_word' id='word_1_383' title='bbox 1171 4177 1556 4247; x_wconf 90' lang='lat' dir='ltr'>conscientia,</span> <span class='ocrx_word' id='word_1_384' title='bbox 1588 4192 1734 4251; x_wconf 89' lang='lat' dir='ltr'>que-</span> 
     </span>
    </p>
   </div>
   <div class='ocr_carea' id='block_1_51' title="bbox 22 4266 1584 4341">
    <p class='ocr_par' dir='ltr' id='par_1_51' title="bbox 22 4266 1584 4341">
     <span class='ocr_line' id='line_1_51' title="bbox 22 4266 1584 4341; baseline -0.003 -14"><span class='ocrx_word' id='word_1_385' title='bbox 22 4304 23 4317; x_wconf 61' lang='grc' dir='ltr'>ι</span> <span class='ocrx_word' id='word_1_386' title='bbox 87 4272 247 4327; x_wconf 83' lang='lat' dir='ltr'>mlas</span> <span class='ocrx_word' id='word_1_387' title='bbox 276 4271 392 4327; x_wconf 90' lang='lat' dir='ltr'>has</span> <span class='ocrx_word' id='word_1_388' title='bbox 417 4285 594 4325; x_wconf 86' lang='lat' dir='ltr'>voces</span> <span class='ocrx_word' id='word_1_389' title='bbox 620 4272 677 4325; x_wconf 90' lang='lat' dir='ltr'>et</span> <span class='ocrx_word' id='word_1_390' title='bbox 696 4266 994 4341; x_wconf 84' lang='lat' dir='ltr'>singultus</span> <span class='ocrx_word' id='word_1_391' title='bbox 1023 4266 1363 4339; x_wconf 88' lang='lat' dir='ltr'>reciprocos</span> <span class='ocrx_word' id='word_1_392' title='bbox 1388 4266 1584 4324; x_wconf 90' lang='lat' dir='ltr'>elicio.</span> 
     </span>
    </p>
   </div>
   <div class='ocr_carea' id='block_1_52' title="bbox 150 4355 1736 4429">
    <p class='ocr_par' dir='ltr' id='par_1_52' title="bbox 150 4355 1736 4429">
     <span class='ocr_line' id='line_1_52' title="bbox 150 4355 1736 4429; baseline -0.003 -15"><span class='ocrx_word' id='word_1_393' title='bbox 150 4358 686 4416; x_wconf 79' lang='lat' dir='ltr'>Verumenimvero</span> <span class='ocrx_word' id='word_1_394' title='bbox 722 4356 854 4413; x_wconf 88' lang='lat' dir='ltr'>ﬁeri</span> <span class='ocrx_word' id='word_1_395' title='bbox 881 4359 1097 4429; x_wconf 90' lang='lat' dir='ltr'>potest,</span> <span class='ocrx_word' id='word_1_396' title='bbox 1119 4360 1185 4412; x_wconf 91' lang='lat' dir='ltr'>ut</span> <span class='ocrx_word' id='word_1_397' title='bbox 1208 4355 1325 4411; x_wconf 89' lang='lat' dir='ltr'>hac</span> <span class='ocrx_word' id='word_1_398' title='bbox 1366 4359 1491 4412; x_wconf 87' lang='lat' dir='ltr'>arte</span> <span class='ocrx_word' id='word_1_399' title='bbox 1522 4370 1736 4427; x_wconf 82' lang='lat' dir='ltr'>pcenas</span> 
     </span>
    </p>
   </div>
   <div class='ocr_carea' id='block_1_53' title="bbox 89 4442 1738 4516">
    <p class='ocr_par' dir='ltr' id='par_1_53' title="bbox 89 4442 1738 4516">
     <span class='ocr_line' id='line_1_53' title="bbox 89 4442 1738 4516; baseline -0.004 -11"><span class='ocrx_word' id='word_1_400' title='bbox 89 4464 121 4504; x_wconf 88' lang='lat' dir='ltr'>a</span> <span class='ocrx_word' id='word_1_401' title='bbox 160 4465 257 4505; x_wconf 89' lang='lat' dir='ltr'>me</span> <span class='ocrx_word' id='word_1_402' title='bbox 306 4448 527 4504; x_wconf 86' lang='lat' dir='ltr'>vindex</span> <span class='ocrx_word' id='word_1_403' title='bbox 582 4449 814 4503; x_wconf 83' lang='lat' dir='ltr'>Numen</span> <span class='ocrx_word' id='word_1_404' title='bbox 859 4444 1079 4516; x_wconf 81' lang='lat' dir='ltr'>exigat,</span> <span class='ocrx_word' id='word_1_405' title='bbox 1122 4459 1199 4500; x_wconf 89' lang='lat' dir='ltr'>ne</span> <span class='ocrx_word' id='word_1_406' title='bbox 1242 4442 1389 4500; x_wconf 88' lang='lat' dir='ltr'>forte</span> <span class='ocrx_word' id='word_1_407' title='bbox 1430 4449 1627 4501; x_wconf 87' lang='lat' dir='ltr'>mente</span> <span class='ocrx_word' id='word_1_408' title='bbox 1674 4443 1738 4501; x_wconf 88' lang='lat' dir='ltr'>in</span> 
     </span>
    </p>
   </div>
   <div class='ocr_carea' id='block_1_54' title="bbox 92 4531 1739 4608">
    <p class='ocr_par' dir='ltr' id='par_1_54' title="bbox 92 4531 1739 4608">
     <span class='ocr_line' id='line_1_54' title="bbox 92 4531 1739 4608; baseline -0.004 -14"><span class='ocrx_word' id='word_1_409' title='bbox 92 4538 445 4594; x_wconf 87' lang='lat' dir='ltr'>universum</span> <span class='ocrx_word' id='word_1_410' title='bbox 474 4539 708 4608; x_wconf 90' lang='lat' dir='ltr'>captus,</span> <span class='ocrx_word' id='word_1_411' title='bbox 751 4538 807 4591; x_wconf 88' lang='lat' dir='ltr'>et</span> <span class='ocrx_word' id='word_1_412' title='bbox 850 4532 1133 4589; x_wconf 85' lang='lat' dir='ltr'>sensibus</span> <span class='ocrx_word' id='word_1_413' title='bbox 1171 4531 1440 4595; x_wconf 89' lang='lat' dir='ltr'>orbatus,</span> <span class='ocrx_word' id='word_1_414' title='bbox 1473 4538 1739 4589; x_wconf 78' lang='lat' dir='ltr'>extremo</span> 
     </span>
    </p>
   </div>
   <div class='ocr_carea' id='block_1_55' title="bbox 94 4621 1739 4700">
    <p class='ocr_par' dir='ltr' id='par_1_55' title="bbox 94 4621 1739 4700">
     <span class='ocr_line' id='line_1_55' title="bbox 94 4621 1739 4700; baseline -0.004 -16"><span class='ocrx_word' id='word_1_415' title='bbox 94 4628 203 4684; x_wconf 86' lang='lat' dir='ltr'>hoc</span> <span class='ocrx_word' id='word_1_416' title='bbox 287 4626 586 4700; x_wconf 89' lang='lat' dir='ltr'>supplicio</span> <span class='ocrx_word' id='word_1_417' title='bbox 654 4624 828 4681; x_wconf 90' lang='lat' dir='ltr'>siccis</span> <span class='ocrx_word' id='word_1_418' title='bbox 870 4622 1079 4690; x_wconf 91' lang='lat' dir='ltr'>oculis,</span> <span class='ocrx_word' id='word_1_419' title='bbox 1134 4622 1400 4694; x_wconf 88' lang='lat' dir='ltr'>citraque</span> <span class='ocrx_word' id='word_1_420' title='bbox 1467 4621 1739 4678; x_wconf 89' lang='lat' dir='ltr'>dolorem</span> 
     </span>
    </p>
   </div>
   <div class='ocr_carea' id='block_1_56' title="bbox 94 4702 1742 4789">
    <p class='ocr_par' dir='ltr' id='par_1_56' title="bbox 94 4702 1742 4789">
     <span class='ocr_line' id='line_1_56' title="bbox 94 4702 1742 4789; baseline -0.005 -13"><span class='ocrx_word' id='word_1_421' title='bbox 94 4720 487 4789; x_wconf 86' lang='lat' dir='ltr'>constringar,</span> <span class='ocrx_word' id='word_1_422' title='bbox 518 4716 629 4773; x_wconf 88' lang='lat' dir='ltr'>sed</span> <span class='ocrx_word' id='word_1_423' title='bbox 654 4716 891 4786; x_wconf 87' lang='lat' dir='ltr'>integra</span> <span class='ocrx_word' id='word_1_424' title='bbox 918 4702 1116 4771; x_wconf 89' lang='lat' dir='ltr'>mente</span> <span class='ocrx_word' id='word_1_425' title='bbox 1142 4713 1450 4787; x_wconf 76' lang='lat' dir='ltr'>praeditus,</span> <span class='ocrx_word' id='word_1_426' title='bbox 1482 4713 1742 4785; x_wconf 67' lang='lat' dir='ltr'>quaeque</span> 
     </span>
    </p>
   </div>
   <div class='ocr_carea' id='block_1_57' title="bbox 96 4800 1743 4880">
    <p class='ocr_par' dir='ltr' id='par_1_57' title="bbox 96 4800 1743 4880">
     <span class='ocr_line' id='line_1_57' title="bbox 96 4800 1743 4880; baseline -0.002 -18"><span class='ocrx_word' id='word_1_427' title='bbox 96 4807 328 4865; x_wconf 87' lang='lat' dir='ltr'>dolores</span> <span class='ocrx_word' id='word_1_428' title='bbox 387 4805 817 4880; x_wconf 87' lang='lat' dir='ltr'>persentiscere</span> <span class='ocrx_word' id='word_1_429' title='bbox 860 4803 1077 4876; x_wconf 90' lang='lat' dir='ltr'>possit,</span> <span class='ocrx_word' id='word_1_430' title='bbox 1131 4802 1327 4859; x_wconf 90' lang='lat' dir='ltr'>acrius</span> <span class='ocrx_word' id='word_1_431' title='bbox 1368 4800 1508 4857; x_wconf 92' lang='lat' dir='ltr'>inde</span> <span class='ocrx_word' id='word_1_432' title='bbox 1568 4801 1743 4858; x_wconf 89' lang='lat' dir='ltr'>vivus</span> 
     </span>
    </p>
   </div>
   <div class='ocr_carea' id='block_1_58' title="bbox 22 4890 1745 4969">
    <p class='ocr_par' dir='ltr' id='par_1_58' title="bbox 22 4890 1745 4969">
     <span class='ocr_line' id='line_1_58' title="bbox 22 4890 1745 4969; baseline -0.003 -18"><span class='ocrx_word' id='word_1_433' title='bbox 22 4906 23 4913; x_wconf 85' lang='lat'>‘</span> <span class='ocrx_word' id='word_1_434' title='bbox 95 4897 427 4969; x_wconf 83' lang='lat' dir='ltr'>vidensque</span> <span class='ocrx_word' id='word_1_435' title='bbox 454 4895 742 4951; x_wconf 83' lang='lat' dir='ltr'>lanciner.</span> <span class='ocrx_word' id='word_1_436' title='bbox 776 4891 1075 4969; x_wconf 87' lang='lat' dir='ltr'>quidquid</span> <span class='ocrx_word' id='word_1_437' title='bbox 1101 4907 1245 4948; x_wconf 86' lang='lat' dir='ltr'>sane</span> <span class='ocrx_word' id='word_1_438' title='bbox 1265 4890 1524 4947; x_wconf 90' lang='lat' dir='ltr'>tristium</span> <span class='ocrx_word' id='word_1_439' title='bbox 1563 4905 1745 4946; x_wconf 90' lang='lat' dir='ltr'>sensu</span> 
     </span>
    </p>
   </div>
   <div class='ocr_carea' id='block_1_59' title="bbox 97 4967 1743 5057">
    <p class='ocr_par' dir='ltr' id='par_1_59' title="bbox 97 4967 1743 5057">
     <span class='ocr_line' id='line_1_59' title="bbox 97 4967 1743 5057; baseline -0.005 -15"><span class='ocrx_word' id='word_1_440' title='bbox 97 4967 380 5057; x_wconf 74' lang='lat' dir='ltr'>privatur,</span> <span class='ocrx_word' id='word_1_441' title='bbox 411 4985 475 5041; x_wconf 91' lang='lat' dir='ltr'>id</span> <span class='ocrx_word' id='word_1_442' title='bbox 504 4983 754 5040; x_wconf 87' lang='lat' dir='ltr'>demum</span> <span class='ocrx_word' id='word_1_443' title='bbox 799 4980 1025 5038; x_wconf 89' lang='lat' dir='ltr'>doloris</span> <span class='ocrx_word' id='word_1_444' title='bbox 1042 4967 1268 5053; x_wconf 46' lang='lat' dir='ltr'>&#39;expers</span> <span class='ocrx_word' id='word_1_445' title='bbox 1300 4995 1431 5035; x_wconf 90' lang='lat' dir='ltr'>esse</span> <span class='ocrx_word' id='word_1_446' title='bbox 1459 4977 1743 5037; x_wconf 88' lang='lat' dir='ltr'>dicimus.</span> 
     </span>
    </p>
   </div>
   <div class='ocr_carea' id='block_1_60' title="bbox 96 5069 1746 5148">
    <p class='ocr_par' dir='ltr' id='par_1_60' title="bbox 96 5069 1746 5148">
     <span class='ocr_line' id='line_1_60' title="bbox 96 5069 1746 5148; baseline -0.004 -18"><span class='ocrx_word' id='word_1_447' title='bbox 96 5082 159 5131; x_wconf 73' lang='lat' dir='ltr'>At</span> <span class='ocrx_word' id='word_1_448' title='bbox 206 5091 319 5148; x_wconf 83' lang='lat' dir='ltr'>ego</span> <span class='ocrx_word' id='word_1_449' title='bbox 367 5073 603 5131; x_wconf 90' lang='lat' dir='ltr'>etiamsi</span> <span class='ocrx_word' id='word_1_450' title='bbox 653 5072 715 5129; x_wconf 90' lang='lat' dir='ltr'>in</span> <span class='ocrx_word' id='word_1_451' title='bbox 748 5074 1012 5129; x_wconf 86' lang='lat' dir='ltr'>statuam</span> <span class='ocrx_word' id='word_1_452' title='bbox 1043 5069 1313 5142; x_wconf 88' lang='lat' dir='ltr'>aliquam</span> <span class='ocrx_word' id='word_1_453' title='bbox 1360 5072 1746 5137; x_wconf 90' lang='lat' dir='ltr'>transmuter,</span> 
     </span>
    </p>
   </div>
   <div class='ocr_carea' id='block_1_61' title="bbox 163 5202 516 5266">
    <p class='ocr_par' dir='ltr' id='par_1_61' title="bbox 163 5202 516 5266">
     <span class='ocr_line' id='line_1_61' title="bbox 163 5202 516 5266; baseline -0.003 -10"><span class='ocrx_word' id='word_1_454' title='bbox 163 5203 177 5236; x_wconf 91' lang='grc'>¹</span> <span class='ocrx_word' id='word_1_455' title='bbox 217 5202 361 5258; x_wconf 88' lang='lat' dir='ltr'>Gen.</span> <span class='ocrx_word' id='word_1_456' title='bbox 396 5216 516 5266; x_wconf 71' lang='lat' dir='ltr'>XIX,</span> 
     </span>
    </p>
   </div>
   <div class='ocr_carea' id='block_1_62' title="bbox 156 5318 1750 5401">
    <p class='ocr_par' dir='ltr' id='par_1_62' title="bbox 156 5318 1750 5401">
     <span class='ocr_line' id='line_1_62' title="bbox 156 5318 1750 5401; baseline -0.007 -17"><span class='ocrx_word' id='word_1_457' title='bbox 156 5330 226 5401; x_wconf 84' lang='lat' dir='ltr'>(t)</span> <span class='ocrx_word' id='word_1_458' title='bbox 264 5326 510 5384; x_wconf 76' lang='lat' dir='ltr'>Alludit</span> <span class='ocrx_word' id='word_1_459' title='bbox 548 5322 805 5382; x_wconf 77' lang='lat' dir='ltr'>adillud</span> <span class='ocrx_word' id='word_1_460' title='bbox 835 5323 1134 5391; x_wconf 68' lang='lat' dir='ltr'>Matt/LV,</span> <span class='ocrx_word' id='word_1_461' title='bbox 1170 5324 1270 5377; x_wconf 83' lang='lat' dir='ltr'>l3:</span> <span class='ocrx_word' id='word_1_462' title='bbox 1317 5320 1426 5376; x_wconf 88' lang='lat' dir='ltr'>Vos</span> <span class='ocrx_word' id='word_1_463' title='bbox 1480 5320 1615 5376; x_wconf 83' lang='lat' dir='ltr'>estis</span> <span class='ocrx_word' id='word_1_464' title='bbox 1654 5318 1750 5376; x_wconf 80' lang='lat' dir='ltr'>sal</span> 
     </span>
    </p>
   </div>
   <div class='ocr_carea' id='block_1_63' title="bbox 21 5422 428 5517">
    <p class='ocr_par' dir='ltr' id='par_1_63' title="bbox 21 5422 428 5517">
     <span class='ocr_line' id='line_1_63' title="bbox 21 5422 428 5517; baseline 0 -47"><span class='ocrx_word' id='word_1_465' title='bbox 21 5498 27 5517; x_wconf 20' lang='grc' dir='ltr'><strong><em>ἒ</em></strong></span> <span class='ocrx_word' id='word_1_466' title='bbox 100 5423 282 5490; x_wconf 71' lang='lat' dir='ltr'>terras,</span> <span class='ocrx_word' id='word_1_467' title='bbox 315 5422 428 5475; x_wconf 88' lang='lat' dir='ltr'>etc.</span> 
     </span>
    </p>
   </div>
   <div class='ocr_carea' id='block_1_64' title="bbox 442 5535 995 5597">
    <p class='ocr_par' dir='ltr' id='par_1_64' title="bbox 442 5535 995 5597">
     <span class='ocr_line' id='line_1_64' title="bbox 442 5535 995 5597; baseline 0.002 -3"><span class='ocrx_word' id='word_1_468' title='bbox 442 5538 675 5597; x_wconf 72' lang='lat' dir='ltr'>PATROL</span> <span class='ocrx_word' id='word_1_469' title='bbox 715 5537 817 5595; x_wconf 81' lang='lat' dir='ltr'>Ga.</span> <span class='ocrx_word' id='word_1_470' title='bbox 862 5535 995 5595; x_wconf 82' lang='lat' dir='ltr'>CXI.</span> 
     </span>
    </p>
   </div>
   <div class='ocr_carea' id='block_1_65' title="bbox 1842 4178 2356 4252">
    <p class='ocr_par' dir='ltr' id='par_1_65' title="bbox 1842 4178 2356 4252">
     <span class='ocr_line' id='line_1_65' title="bbox 1842 4178 2356 4252; baseline 0.002 -18"><span class='ocrx_word' id='word_1_471' title='bbox 1842 4178 2094 4249; x_wconf 86' lang='lat' dir='ltr'>irrogari</span> <span class='ocrx_word' id='word_1_472' title='bbox 2118 4183 2314 4252; x_wconf 89' lang='lat' dir='ltr'>potest</span> <span class='ocrx_word' id='word_1_473' title='bbox 2328 4179 2356 4235; x_wconf 86' lang='lat'><strong>?</strong></span> 
     </span>
    </p>
   </div>
   <div class='ocr_carea' id='block_1_66' title="bbox 1918 4262 3495 4337">
    <p class='ocr_par' dir='ltr' id='par_1_66' title="bbox 1918 4262 3495 4337">
     <span class='ocr_line' id='line_1_66' title="bbox 1918 4262 3495 4337; baseline -0.001 -18"><span class='ocrx_word' id='word_1_474' title='bbox 1918 4266 2022 4323; x_wconf 86' lang='lat' dir='ltr'>Hei</span> <span class='ocrx_word' id='word_1_475' title='bbox 2072 4267 2255 4324; x_wconf 88' lang='lat' dir='ltr'>mihi!</span> <span class='ocrx_word' id='word_1_476' title='bbox 2310 4266 2659 4324; x_wconf 75' lang='lat' dir='ltr'>charissima</span> <span class='ocrx_word' id='word_1_477' title='bbox 2719 4266 2919 4337; x_wconf 87' lang='lat' dir='ltr'>frater,</span> <span class='ocrx_word' id='word_1_478' title='bbox 2951 4263 3050 4320; x_wconf 90' lang='lat' dir='ltr'>hei</span> <span class='ocrx_word' id='word_1_479' title='bbox 3079 4262 3264 4319; x_wconf 85' lang='lat' dir='ltr'>mihi!</span> <span class='ocrx_word' id='word_1_480' title='bbox 3306 4274 3495 4332; x_wconf 87' lang='lat' dir='ltr'>quam</span> 
     </span>
    </p>
   </div>
   <div class='ocr_carea' id='block_1_67' title="bbox 1845 4351 3500 4429">
    <p class='ocr_par' dir='ltr' id='par_1_67' title="bbox 1845 4351 3500 4429">
     <span class='ocr_line' id='line_1_67' title="bbox 1845 4351 3500 4429; baseline -0.004 -17"><span class='ocrx_word' id='word_1_481' title='bbox 1845 4355 2055 4429; x_wconf 90' lang='lat' dir='ltr'>procul</span> <span class='ocrx_word' id='word_1_482' title='bbox 2081 4372 2118 4413; x_wconf 91' lang='lat' dir='ltr'>a</span> <span class='ocrx_word' id='word_1_483' title='bbox 2146 4356 2321 4413; x_wconf 88' lang='lat' dir='ltr'>nobis</span> <span class='ocrx_word' id='word_1_484' title='bbox 2359 4356 2605 4413; x_wconf 89' lang='lat' dir='ltr'>dissitus</span> <span class='ocrx_word' id='word_1_485' title='bbox 2635 4370 2698 4412; x_wconf 92' lang='lat' dir='ltr'>es</span> <span class='ocrx_word' id='word_1_486' title='bbox 2723 4356 2736 4411; x_wconf 88' lang='lat'><strong>!</strong></span> <span class='ocrx_word' id='word_1_487' title='bbox 2773 4370 2897 4411; x_wconf 93' lang='lat' dir='ltr'>non</span> <span class='ocrx_word' id='word_1_488' title='bbox 2921 4356 3152 4427; x_wconf 87' lang='lat' dir='ltr'>quanto</span> <span class='ocrx_word' id='word_1_489' title='bbox 3183 4354 3338 4409; x_wconf 87' lang='lat' dir='ltr'>certe</span> <span class='ocrx_word' id='word_1_490' title='bbox 3367 4351 3500 4407; x_wconf 87' lang='lat' dir='ltr'>heri</span> 
     </span>
    </p>
   </div>
   <div class='ocr_carea' id='block_1_68' title="bbox 1845 4439 3499 4517">
    <p class='ocr_par' dir='ltr' id='par_1_68' title="bbox 1845 4439 3499 4517">
     <span class='ocr_line' id='line_1_68' title="bbox 1845 4439 3499 4517; baseline -0.004 -15"><span class='ocrx_word' id='word_1_491' title='bbox 1845 4445 2146 4502; x_wconf 87' lang='lat' dir='ltr'>nudiusve</span> <span class='ocrx_word' id='word_1_492' title='bbox 2213 4446 2418 4502; x_wconf 88' lang='lat' dir='ltr'>tertius</span> <span class='ocrx_word' id='word_1_493' title='bbox 2473 4445 2686 4517; x_wconf 89' lang='lat' dir='ltr'>spatio,</span> <span class='ocrx_word' id='word_1_494' title='bbox 2770 4443 3057 4500; x_wconf 90' lang='lat' dir='ltr'>nimirum</span> <span class='ocrx_word' id='word_1_495' title='bbox 3132 4440 3336 4514; x_wconf 90' lang='lat' dir='ltr'>aliquo</span> <span class='ocrx_word' id='word_1_496' title='bbox 3398 4439 3499 4496; x_wconf 90' lang='lat' dir='ltr'>illo</span> 
     </span>
    </p>
   </div>
   <div class='ocr_carea' id='block_1_69' title="bbox 1849 4529 3500 4608">
    <p class='ocr_par' dir='ltr' id='par_1_69' title="bbox 1849 4529 3500 4608">
     <span class='ocr_line' id='line_1_69' title="bbox 1849 4529 3500 4608; baseline -0.004 -18"><span class='ocrx_word' id='word_1_497' title='bbox 1849 4535 2179 4605; x_wconf 88' lang='lat' dir='ltr'>chasmate,</span> <span class='ocrx_word' id='word_1_498' title='bbox 2202 4533 2371 4608; x_wconf 90' lang='lat' dir='ltr'>quod</span> <span class='ocrx_word' id='word_1_499' title='bbox 2400 4533 2688 4590; x_wconf 79' lang='lat' dir='ltr'>Graeciam</span> <span class='ocrx_word' id='word_1_500' title='bbox 2717 4537 2774 4587; x_wconf 90' lang='lat' dir='ltr'>et</span> <span class='ocrx_word' id='word_1_501' title='bbox 2795 4531 3139 4603; x_wconf 84' lang='lat' dir='ltr'>Bithyniam</span> <span class='ocrx_word' id='word_1_502' title='bbox 3168 4529 3500 4600; x_wconf 84' lang='lat' dir='ltr'>interjacet,</span> 
     </span>
    </p>
   </div>
   <div class='ocr_carea' id='block_1_70' title="bbox 1850 4617 3503 4692">
    <p class='ocr_par' dir='ltr' id='par_1_70' title="bbox 1850 4617 3503 4692">
     <span class='ocr_line' id='line_1_70' title="bbox 1850 4617 3503 4692; baseline -0.005 -13"><span class='ocrx_word' id='word_1_503' title='bbox 1850 4623 1958 4680; x_wconf 89' lang='lat' dir='ltr'>sed</span> <span class='ocrx_word' id='word_1_504' title='bbox 2001 4623 2192 4681; x_wconf 87' lang='lat' dir='ltr'>multo</span> <span class='ocrx_word' id='word_1_505' title='bbox 2237 4624 2493 4680; x_wconf 88' lang='lat' dir='ltr'>vastiore</span> <span class='ocrx_word' id='word_1_506' title='bbox 2519 4627 2576 4678; x_wconf 89' lang='lat' dir='ltr'>et</span> <span class='ocrx_word' id='word_1_507' title='bbox 2598 4621 2953 4679; x_wconf 89' lang='lat' dir='ltr'>remotiore:</span> <span class='ocrx_word' id='word_1_508' title='bbox 2995 4624 3229 4692; x_wconf 86' lang='lat' dir='ltr'>quanto</span> <span class='ocrx_word' id='word_1_509' title='bbox 3280 4617 3503 4673; x_wconf 86' lang='lat' dir='ltr'>scilicet</span> 
     </span>
    </p>
   </div>
   <div class='ocr_carea' id='block_1_71' title="bbox 1853 4709 3503 4782">
    <p class='ocr_par' dir='ltr' id='par_1_71' title="bbox 1853 4709 3503 4782">
     <span class='ocr_line' id='line_1_71' title="bbox 1853 4709 3503 4782; baseline -0.006 -13"><span class='ocrx_word' id='word_1_510' title='bbox 1853 4714 2039 4769; x_wconf 91' lang='lat' dir='ltr'>Orcus</span> <span class='ocrx_word' id='word_1_511' title='bbox 2086 4728 2123 4768; x_wconf 83' lang='lat' dir='ltr'>a</span> <span class='ocrx_word' id='word_1_512' title='bbox 2152 4713 2482 4769; x_wconf 88' lang='lat' dir='ltr'>viventium</span> <span class='ocrx_word' id='word_1_513' title='bbox 2529 4710 2772 4782; x_wconf 89' lang='lat' dir='ltr'>regione</span> <span class='ocrx_word' id='word_1_514' title='bbox 2802 4709 3183 4781; x_wconf 88' lang='lat' dir='ltr'>disjungitur.</span> <span class='ocrx_word' id='word_1_515' title='bbox 3230 4710 3353 4762; x_wconf 85' lang='lat' dir='ltr'>Heu</span> <span class='ocrx_word' id='word_1_516' title='bbox 3403 4720 3503 4760; x_wconf 89' lang='lat' dir='ltr'>me</span> 
     </span>
    </p>
   </div>
   <div class='ocr_carea' id='block_1_72' title="bbox 1854 4791 3502 4874">
    <p class='ocr_par' dir='ltr' id='par_1_72' title="bbox 1854 4791 3502 4874">
     <span class='ocr_line' id='line_1_72' title="bbox 1854 4791 3502 4874; baseline -0.007 -18"><span class='ocrx_word' id='word_1_517' title='bbox 1854 4801 2145 4857; x_wconf 89' lang='lat' dir='ltr'>miserum</span> <span class='ocrx_word' id='word_1_518' title='bbox 2174 4801 2187 4856; x_wconf 83' lang='lat' dir='ltr'>l</span> <span class='ocrx_word' id='word_1_519' title='bbox 2219 4800 2385 4874; x_wconf 91' lang='lat' dir='ltr'>quod</span> <span class='ocrx_word' id='word_1_520' title='bbox 2413 4801 2555 4857; x_wconf 86' lang='lat' dir='ltr'>hinc</span> <span class='ocrx_word' id='word_1_521' title='bbox 2579 4799 2659 4856; x_wconf 91' lang='lat' dir='ltr'>ad</span> <span class='ocrx_word' id='word_1_522' title='bbox 2679 4798 3087 4856; x_wconf 88' lang='lat' dir='ltr'>remotissima</span> <span class='ocrx_word' id='word_1_523' title='bbox 3118 4795 3221 4851; x_wconf 84' lang='lat' dir='ltr'>illa</span> <span class='ocrx_word' id='word_1_524' title='bbox 3256 4793 3391 4849; x_wconf 92' lang='lat' dir='ltr'>loca</span> <span class='ocrx_word' id='word_1_525' title='bbox 3419 4791 3502 4846; x_wconf 89' lang='lat' dir='ltr'>sis</span> 
     </span>
    </p>
   </div>
   <div class='ocr_carea' id='block_1_73' title="bbox 1856 4884 3505 4962">
    <p class='ocr_par' dir='ltr' id='par_1_73' title="bbox 1856 4884 3505 4962">
     <span class='ocr_line' id='line_1_73' title="bbox 1856 4884 3505 4962; baseline -0.007 -17"><span class='ocrx_word' id='word_1_526' title='bbox 1856 4889 2179 4960; x_wconf 90' lang='lat' dir='ltr'>admissus,</span> <span class='ocrx_word' id='word_1_527' title='bbox 2212 4907 2285 4946; x_wconf 80' lang='lat' dir='ltr'><strong>ex</strong></span> <span class='ocrx_word' id='word_1_528' title='bbox 2321 4891 2545 4962; x_wconf 89' lang='lat' dir='ltr'>quibus</span> <span class='ocrx_word' id='word_1_529' title='bbox 2572 4888 2740 4945; x_wconf 88' lang='lat' dir='ltr'>nulla</span> <span class='ocrx_word' id='word_1_530' title='bbox 2786 4887 3015 4944; x_wconf 89' lang='lat' dir='ltr'>reditus</span> <span class='ocrx_word' id='word_1_531' title='bbox 3067 4884 3146 4942; x_wconf 92' lang='lat' dir='ltr'>ad</span> <span class='ocrx_word' id='word_1_532' title='bbox 3197 4898 3310 4939; x_wconf 90' lang='lat' dir='ltr'>nos</span> <span class='ocrx_word' id='word_1_533' title='bbox 3366 4896 3505 4951; x_wconf 88' lang='lat' dir='ltr'>spes</span> 
     </span>
    </p>
   </div>
   <div class='ocr_carea' id='block_1_74' title="bbox 1860 4969 3505 5049">
    <p class='ocr_par' dir='ltr' id='par_1_74' title="bbox 1860 4969 3505 5049">
     <span class='ocr_line' id='line_1_74' title="bbox 1860 4969 3505 5049; baseline -0.005 -15"><span class='ocrx_word' id='word_1_534' title='bbox 1860 4978 2124 5049; x_wconf 73' lang='lat' dir='ltr'>aﬂ‘ulget.</span> <span class='ocrx_word' id='word_1_535' title='bbox 2168 4979 2342 5035; x_wconf 89' lang='lat' dir='ltr'>Omni</span> <span class='ocrx_word' id='word_1_536' title='bbox 2368 4979 2547 5049; x_wconf 88' lang='lat' dir='ltr'>igitur</span> <span class='ocrx_word' id='word_1_537' title='bbox 2576 4977 2975 5034; x_wconf 86' lang='lat' dir='ltr'>videndorum</span> <span class='ocrx_word' id='word_1_538' title='bbox 2997 4974 3073 5029; x_wconf 92' lang='lat' dir='ltr'>de</span> <span class='ocrx_word' id='word_1_539' title='bbox 3110 4976 3325 5029; x_wconf 51' lang='lat' dir='ltr'>caetero</span> <span class='ocrx_word' id='word_1_540' title='bbox 3353 4969 3505 5026; x_wconf 89' lang='lat' dir='ltr'>libe-</span> 
     </span>
    </p>
   </div>
   <div class='ocr_carea' id='block_1_75' title="bbox 1854 5057 3503 5139">
    <p class='ocr_par' dir='ltr' id='par_1_75' title="bbox 1854 5057 3503 5139">
     <span class='ocr_line' id='line_1_75' title="bbox 1854 5057 3503 5139; baseline -0.006 -15"><span class='ocrx_word' id='word_1_541' title='bbox 1854 5084 2063 5125; x_wconf 92' lang='lat' dir='ltr'>rorum</span> <span class='ocrx_word' id='word_1_542' title='bbox 2105 5072 2369 5139; x_wconf 88' lang='lat' dir='ltr'>tuorum,</span> <span class='ocrx_word' id='word_1_543' title='bbox 2408 5066 2506 5124; x_wconf 87' lang='lat' dir='ltr'>vel</span> <span class='ocrx_word' id='word_1_544' title='bbox 2544 5067 2621 5124; x_wconf 87' lang='lat' dir='ltr'>ab</span> <span class='ocrx_word' id='word_1_545' title='bbox 2664 5066 2814 5139; x_wconf 91' lang='lat' dir='ltr'>ipsis</span> <span class='ocrx_word' id='word_1_546' title='bbox 2861 5062 3051 5120; x_wconf 88' lang='lat' dir='ltr'>videri</span> <span class='ocrx_word' id='word_1_547' title='bbox 3112 5076 3242 5136; x_wconf 87' lang='lat' dir='ltr'>spe,</span> <span class='ocrx_word' id='word_1_548' title='bbox 3296 5057 3503 5131; x_wconf 88' lang='lat' dir='ltr'>impri-</span> 
     </span>
    </p>
   </div>
   <div class='ocr_carea' id='block_1_76' title="bbox 1926 5313 2898 5392">
    <p class='ocr_par' dir='ltr' id='par_1_76' title="bbox 1926 5313 2898 5392">
     <span class='ocr_line' id='line_1_76' title="bbox 1926 5313 2898 5392; baseline -0.013 -11"><span class='ocrx_word' id='word_1_549' title='bbox 1926 5324 2006 5392; x_wconf 88' lang='lat'>(2)</span> <span class='ocrx_word' id='word_1_550' title='bbox 2044 5321 2142 5378; x_wconf 82' lang='lat' dir='ltr'>Ad</span> <span class='ocrx_word' id='word_1_551' title='bbox 2168 5321 2328 5392; x_wconf 76' lang='lat' dir='ltr'>Tityi</span> <span class='ocrx_word' id='word_1_552' title='bbox 2348 5320 2627 5392; x_wconf 82' lang='lat' dir='ltr'>fabulam</span> <span class='ocrx_word' id='word_1_553' title='bbox 2651 5313 2898 5375; x_wconf 79' lang='lat' dir='ltr'>alludit.</span> 
     </span>
    </p>
   </div>
   <div class='ocr_carea' id='block_1_77' title="bbox 3206 5522 3269 5573">
    <p class='ocr_par' dir='ltr' id='par_1_77' title="bbox 3206 5522 3269 5573">
     <span class='ocr_line' id='line_1_77' title="bbox 3206 5522 3269 5573; baseline -0.016 0"><span class='ocrx_word' id='word_1_554' title='bbox 3206 5522 3269 5573; x_wconf 74' lang='lat'>12</span> 
     </span>
    </p>
   </div>
  </div>
