4028 6308
597 269 702 326 363

1458 259 1833 318 MICHAELIS
1870 256 2257 315 ACOMINATI
2294 258 2732 318 ATHENARUM
2770 264 3092 321 ARCHIEP.
3946 277 4010 336 δε

596 394 841 468 misque
889 390 1041 450 adeo
1079 389 1300 447 sororis
1343 385 1709 444 charissima
1751 385 2110 441 interclusus
2157 399 2240 440 es.
2277 389 2324 440 A
2354 385 2470 441 bus
2503 387 2727 448 coierit.
2757 391 2930 456 Quod
2958 394 3009 449 si
3034 396 3170 467 quis
3191 398 3426 473 utrique
3457 401 3517 459 in
3551 420 3917 462 commune
3950 421 4010 462 ca

599 486 743 552 Quis
789 485 906 542 hoc
947 481 1093 538 mihi
1119 479 1359 545 tribuat,
1389 481 1454 533 ut
1491 480 1682 532 morte
1724 491 1863 532 mea
1912 474 2096 531 vitam
2139 474 2246 530 tibi

596 575 988 640 redimam,ut
1007 568 1224 626 scilicet
1242 567 1390 623 illud
1409 565 1608 638 ipsum
1630 568 1912 638 praestem
1928 563 2093 636 quod
2117 568 2244 620 tan-

599 681 777 738 opere
815 661 1056 718 divinus
1099 658 1195 714 ille
1235 655 1491 713 Davides
1536 654 1894 728 expectabat
1915 655 2021 724 (3),
2059 653 2242 726 idque

594 756 659 810 in
721 750 1022 809 Absalone
1058 747 1203 816 ﬁlio,
1249 746 1355 819 qui
1409 746 1472 801 in
1519 759 1660 800 eum
1709 743 2010 801 violentus
2035 747 2238 806 insur-

591 847 845 909 rexerat,
875 841 1123 913 ejusque
1143 838 1276 895 vitae
1301 836 1617 896 insidiatus
1643 841 1805 898 erat?

666 932 838 1000 Quod
894 931 943 987 si
997 929 1093 986 ille
1149 930 1456 1002 propriam
1511 932 1698 988 vitam
1724 931 2086 1004 profundere
2115 946 2238 986 non

591 1019 1215 1092 detrectaverit,modo
1244 1019 1435 1076 ﬁlium
1464 1021 1735 1077 moribus
1761 1027 1884 1077 tam
1915 1021 2239 1093 deploratis

591 1115 881 1172 infamem
907 1127 944 1167 a
973 1113 1163 1166 morte
1193 1114 1509 1178 assereret,
1539 1111 1646 1182 qui
1675 1126 1796 1167 non
1826 1115 1884 1167 et
1923 1112 2050 1183 ipse
2090 1111 2239 1166 votis

593 1202 878 1261 omnibus
906 1199 1152 1256 nomine
1173 1200 1274 1254 tuo
1298 1197 1514 1254 lubens
1540 1198 1726 1255 vitam
1751 1205 1943 1256 morte
1971 1216 2240 1256 commu-

591 1297 716 1349 tare
765 1288 1138 1365 percupiam,
1189 1302 1327 1342 cum
1372 1292 1703 1359 praesertim
1744 1288 1893 1345 mihi
1931 1289 2009 1343 sis
2041 1289 2240 1358 frater,

589 1381 985 1452 omniumque
1051 1376 1204 1432 adeo
1260 1375 1513 1432 fratrum
1579 1376 1759 1448 longe
1820 1379 2238 1441 charissimus,

589 1470 871 1545 quamvis
893 1468 942 1523 si
968 1465 1298 1537 disciplinae
1329 1466 1402 1520 sit
1429 1465 1712 1523 habenda
1739 1468 1911 1535 ratio,
1943 1485 1978 1523 a
2007 1485 2102 1524 me
2136 1485 2241 1541 per

585 1561 829 1618 alterius
887 1554 1208 1626 cujusdam
1270 1553 1616 1625 multiplicis
1668 1555 1910 1612 habitus
1943 1563 2238 1630 tempera-

583 1653 860 1707 mentum
892 1643 1242 1718 progenitus
1273 1643 1567 1701 videaris?
1586 1645 1782 1701 Ambo
1807 1647 2053 1718 quidem
2079 1655 2234 1704 certe

2355 491 2458 530 sus
2507 476 2776 535 infestior
2816 481 3193 542 interveniset
3244 490 3328 557 (ut
3373 493 3663 550 naturalis
3698 495 3824 552 illa
3876 511 4010 568 syn:

2353 565 2557 636 pathia
2583 567 2819 625 animos
2847 571 3163 630 hominum
3198 576 3342 634 laetis
3369 581 3729 652 exhilarare,
3778 565 4010 641 contra

2350 670 2466 726 que
2502 657 2763 714 tristibus
2784 661 3125 720 exulcerare
3157 667 3345 740 solet),
3375 669 3550 728 facile
3574 675 3790 746 quivis
3838 691 3964 747 per
3989 692 4010 729 s

2347 745 2646 816 conjiciat,
2683 755 2913 821 quanto
2952 753 3129 808 nobis
3162 755 3301 812 inde
3335 775 3406 815 eo
3437 745 3860 832 potissimunzr
3888 771 4010 822 tem

2347 847 2512 904 pore,
2557 851 2679 908 quo
2733 837 2885 896 inter
2933 847 3252 901 extraneos
3286 851 3606 918 constituti,
3660 855 4010 911 amicorur

2346 929 2821 1001 ceterorumque
2888 933 3272 992 familiarium
3325 941 3774 1000 necessitudine
3848 944 4010 1002 inte]

2348 1013 2764 1085 cludebamur,
2803 1019 3119 1094 alienaque
3158 1041 3273 1098 ope
3323 1028 3584 1087 destituti
3621 1049 3868 1106 operas
3925 1034 4010 1091 sol

2349 1109 2590 1160 mutuas
2622 1107 2774 1163 inter
2804 1125 2918 1164 nos
2952 1114 3430 1184 conferebamus,
3466 1126 3642 1193 atque
3687 1123 3871 1180 inter
3900 1141 4005 1196 lpS

2348 1195 2679 1264 peregrine:
2733 1198 2995 1268 regionis
3047 1202 3456 1272 incommoda,
3515 1215 3727 1268 mutuo
3794 1195 4002 1269 solati

2349 1281 2750 1358 dolorumque
2811 1287 3078 1347 fomento
3125 1293 3501 1368 levabamus,
3545 1305 3707 1357 tanto
3787 1304 4010 1359 scilice

2350 1387 2554 1429 amore
2609 1376 2813 1446 patriae
2861 1377 3282 1456 desiderioque
3329 1388 3703 1458 tenebamur,
3763 1393 3840 1448 in
3909 1410 4005 1464 qu

2348 1477 2469 1517 non
2492 1463 2619 1518 sine
2650 1468 2818 1522 varia
2839 1467 3118 1526 laborum
3139 1473 3748 1555 lucubrationumque
3776 1483 4010 1538 vicissi

2346 1551 2567 1617 tudine,
2601 1555 2818 1612 artium
2848 1558 3183 1618 liberalium
3206 1567 3606 1636 cognitionem
3629 1551 4010 1644 concepere

2346 1658 2503 1708 mus,
2563 1660 2823 1716 quarum
2871 1652 3118 1720 argutiis
3167 1657 3223 1708 et
3285 1658 3665 1714 acuminibus
3752 1662 4010 1731 ingeni:

583 1757 660 1796 ex
713 1714 990 1805 ejusdem
1023 1714 1223 1806 patris
1282 1733 1531 1802 semine,
1577 1714 1969 1809 ejusdemque
2023 1739 2233 1794 matris
2263 1714 2303 1767 Β
2340 1735 2545 1787 nostra
2562 1735 2920 1793 meditantes
2943 1754 3422 1808 exercueramus,
3443 1763 3578 1804 cum
3603 1749 3916 1806 nimirum
3951 1770 4010 1806 ac

582 1827 877 1898 sanguine
899 1828 1096 1881 ortum
1109 1820 1458 1879 habuimus:
1477 1826 1745 1897 natuque
1762 1825 1914 1883 adeo
1926 1828 2234 1884 maximus

582 1936 695 1992 ego
724 1914 1045 1974 nativitatis
1076 1913 1280 1970 limine
1311 1913 1530 1984 pedem
1560 1914 1724 1985 prior
1753 1916 1952 1984 extuli,
1988 1919 2090 1990 qui
2125 1918 2230 1974 uti-

578 2025 727 2067 nam
750 2004 943 2062 limini
961 2018 1206 2077 quoque
1219 2002 1429 2058 mortis
1451 2002 1614 2074 prior
1625 2004 1978 2073 intulissem,
2025 2007 2231 2081 sicque

578 2100 788 2157 fratres
832 2095 982 2152 alios
1009 2097 1306 2166 tanquam
1335 2108 1407 2148 ex
1437 2092 1638 2149 multis
1667 2109 1828 2150 unus
1867 2096 2229 2156 subsecutus

575 2190 828 2246 fuissem
851 2185 864 2241 l

651 2280 942 2337 Caeterum
967 2289 1107 2330 cum
1137 2275 1328 2345 pater,
1354 2271 1648 2328 librorum
1670 2273 1842 2345 juxta
1870 2277 2230 2336 liberorum-

578 2384 697 2441 que
741 2363 1218 2433 amantissimus,
1259 2379 1334 2418 ex
1377 2363 1516 2420 Asia
1569 2366 1916 2436 Byzantium
1959 2367 2231 2426 discendi

580 2455 772 2527 gratia
800 2451 1157 2510 adduxisset
1195 2467 1317 2523 quo
1349 2454 1614 2525 tempore
1657 2455 1990 2526 pubertatis
2037 2475 2231 2517 annos

582 2542 958 2614 attingebam
1010 2539 1312 2610 magistris
1361 2542 1580 2598 artium
1625 2543 1985 2617 liberalium,
2049 2556 2102 2604 et
2150 2549 2230 2605 vi-

578 2632 757 2690 vendi
786 2628 1257 2702 praeceptoribus
1307 2630 1454 2700 (jam
1507 2631 1667 2688 enim
1711 2637 2094 2703 grmmatices
2127 2640 2232 2694 uti-

579 2724 775 2795 lisque
800 2735 1084 2776 versuum
1116 2720 1678 2790 componendorum
1716 2724 1986 2780 methodi
2017 2726 2231 2784 funda-

579 2815 788 2870 menta
825 2809 1116 2882 jeceram)
1162 2808 1222 2864 in
1278 2807 1661 2883 disciplinam
1709 2815 1969 2871 tradidit.
2021 2819 2232 2876 Postea

582 2917 724 2960 cum
770 2899 854 2956 ibi
900 2897 1101 2969 agenti
1151 2897 1410 2955 multum
1457 2902 1742 2973 temporis
1785 2903 2229 2979 interﬂuxisset,

579 2990 752 3048 illum
784 3002 1029 3062 quoque
1054 2987 1203 3043 mihi
1235 3003 1427 3044 annos
1461 2989 1539 3046 ad
1573 3005 1792 3047 novem
1819 2999 2029 3052 natum
2063 3003 2234 3070 pater

580 3080 646 3137 in
687 3093 876 3136 manu
926 3076 1112 3146 dedit,
1156 3076 1489 3134 obtestatus
1548 3083 1611 3135 ut
1651 3082 1927 3139 omnium
1971 3088 2230 3153 muneri,

581 3168 789 3244 patris,
810 3167 1085 3239 inquam,
1113 3165 1363 3234 alumni,
1393 3167 1713 3240 paedagogi
1746 3174 1802 3227 et
1825 3177 2230 3247 preeceptoris,

582 3258 648 3315 in
670 3255 1040 3314 instituendo
1061 3255 1240 3312 fratre
1259 3255 1517 3312 vicarius
1533 3259 1934 3318 succederem.
1965 3265 2232 3330 Quorum

587 3361 737 3402 sane
794 3345 1069 3401 omnium
1128 3343 1414 3415 ofﬁcium,
1482 3346 1791 3417 pietatem,
1863 3351 2233 3421 diligentiam

583 3433 869 3508 praestiti:
907 3437 1088 3505 atque
1120 3432 1268 3488 dum
1313 3449 1526 3490 omnes
1566 3436 1628 3491 in
1679 3453 1889 3495 eorum
1923 3443 2143 3511 vultus,
2180 3449 2237 3502 et

584 3522 707 3579 oris
731 3521 997 3585 habitus,
1033 3536 1130 3577 me
1147 3537 1473 3594 compono,
1509 3529 1565 3580 et
1596 3524 1771 3596 plura
1805 3528 1984 3585 etiam
2013 3538 2234 3603 pra-"esto

582 3625 771 3683 quam
805 3626 842 3666 a
873 3609 1052 3666 fratre
1103 3610 1407 3681 expectari
1435 3611 1683 3680 soleant,
1713 3613 1952 3674 illorum
1985 3609 2231 3679 tandem

581 3698 1032 3757 accessionibus
1053 3698 1131 3755 ad
1154 3715 1464 3756 summum
1485 3701 1718 3772 pietatis
1738 3704 2012 3765 fraternae
2030 3711 2234 3769 ofﬁcii-

578 3805 699 3864 que
750 3788 1007 3860 gradum
1041 3789 1384 3856 conscendi,
1421 3805 1532 3846 nec
1573 3793 1913 3852 remissiore
1964 3800 2229 3859 vicissim

577 3879 777 3937 studio
811 3878 889 3935 ad
915 3877 1194 3935 eamdem
1229 3878 1326 3934 ille
1359 3879 1632 3936 fraternae
1665 3882 2096 3946 benevolentia:
2132 3908 2228 3948 ex-

573 3969 912 4026 cellentiam
936 3968 1142 4026 animo
1159 3968 1597 4038 connitebatur,
1631 3971 1960 4048 laboreque
1982 3987 2225 4037 conten-

571 4058 775 4124 debat,
837 4061 1243 4131 preeterquam
1305 4059 1473 4130 quod
1530 4059 1627 4116 ille
1690 4063 1785 4119 vel
1831 4063 2004 4136 longe
2048 4071 2223 4140 plura

565 4145 916 4217 perceperit,
970 4161 1158 4218 quam
1209 4146 1523 4204 contulerit
1570 4148 1880 4220 beneﬁcia,
1934 4157 2220 4230 tantisper

565 4231 716 4288 dum
747 4233 910 4305 apud
932 4249 1044 4288 nos
1071 4234 1342 4289 moribus
1356 4235 1530 4306 juxta
1550 4237 2020 4315 liberalibusque
2043 4246 2214 4302 disci-

562 4321 743 4392 plinis
774 4322 1196 4378 informandus
1222 4331 1634 4383 conversatur.

634 4409 780 4464 Cum
825 4409 1091 4480 primum
1146 4427 1288 4468 vero
1317 4414 1562 4470 Athenae
1597 4431 1694 4472 me
1733 4433 1882 4475 meas
1916 4420 2206 4498 illumque

555 4513 681 4554 non
730 4498 884 4554 inter
945 4499 1246 4570 pedarios,
1301 4503 1407 4558 sed
1482 4506 1782 4575 primariae
1839 4514 2206 4572 auctoritatis

552 4601 734 4652 Viros,
763 4587 1139 4659 imperatoris
1178 4591 1409 4662 excepit
1442 4592 1602 4662 aula,
1639 4595 1764 4652 sine
1798 4596 1919 4655 ulla
1946 4616 2117 4659 mora
2152 4610 2207 4661 et

549 4675 863 4731 confestim
907 4677 1271 4748 accipiendis
1318 4680 1842 4757 rependendisque
1895 4686 2204 4748 beneficiis

543 4763 699 4821 inter
755 4780 868 4820 nos
913 4771 1136 4823 certare
1170 4767 1476 4824 desiimus.
1510 4771 1691 4827 Nobis
1724 4775 1883 4830 enim
1913 4782 1969 4834 et
2001 4795 2113 4849 ego
2147 4787 2204 4839 et

541 4854 793 4911 Athenas
842 4855 1171 4912 multorum
1206 4873 1314 4913 nec
1358 4863 1939 4922 contemnendorum
1975 4867 2198 4927 beneﬁ-

538 4943 769 5000 ciorum
805 4944 883 5002 ab
918 4944 1017 5001 illo
1052 4962 1468 5017 smpenumero
1510 4957 1929 5025 perceptarum
1976 4962 2197 5017 conscii

535 5046 746 5089 sumus
771 5051 783 5089 :
808 5051 947 5091 cum
979 5040 1181 5091 tamen
1211 5052 1247 5092 a
1271 5037 1447 5093 nobis
1482 5039 1579 5097 ille
1613 5041 1707 5097 vel
1730 5043 1898 5100 nulla
1919 5049 2167 5106 omnino

531 5120 627 5176 vel
653 5123 989 5180 admodum
1023 5141 1221 5197 pauca
1246 5127 1507 5184 vicissim
1540 5134 1896 5204 perceperit.
2175 5115 2188 5142 ’

597 5209 1132 5270 Verumenimvero
1186 5220 1420 5272 tantum
1478 5219 1666 5286 abest,
1704 5228 1768 5277 ut
1803 5223 1885 5278 sic
1939 5225 2040 5282 illa
2067 5227 2190 5285 fra-

524 5298 677 5354 terni
713 5302 937 5358 amoris
991 5303 1180 5374 gratia
1214 5304 1517 5376 disjuncta
1574 5309 1769 5380 fuerit,
1813 5329 1952 5370 cum
2005 5319 2183 5375 etiam

522 5388 882 5446 arctioribus
919 5393 1196 5466 utrinque
1230 5395 1426 5466 nodis,
1461 5398 1784 5474 minusque
1818 5402 2183 5465 dissolubili-

2340 1836 2445 1876 eos
2477 1837 2574 1878 me
2613 1825 2968 1897 conferrem,
3011 1830 3115 1901 qui
3167 1833 3470 1904 majorum
3518 1839 3790 1907 gentium
3828 1841 4010 1896 disci

2341 1910 2534 1982 plinas
2558 1917 2608 1967 et
2637 1914 3007 1972 mathemata
3024 1923 3486 1992 pertractabant,
3511 1926 3604 1981 ille
3635 1943 3784 1984 vero
3815 1947 3861 1985 a
3894 1947 4009 1985 me

2338 2006 2634 2073 quantum
2668 2004 2880 2060 tenella
2931 2009 3097 2079 pueri
3145 2009 3371 2070 ferebat
3411 2020 3577 2084 aetas,
3629 2034 3892 2092 semper
3946 2020 4010 2076 al

2337 2090 2486 2163 ipsis
2516 2091 2896 2150 incunabulis
2950 2098 3029 2153 ad
3088 2100 3336 2160 meliora
3383 2120 3640 2178 qumque
3701 2090 4006 2181 etiperfe

2339 2180 2525 2238 ctiora
2599 2185 2975 2254 capessenda
3027 2187 3352 2258 institutus,
3409 2194 3470 2249 in
3525 2195 3638 2251 illis
3694 2180 4010 2270 paulatin

2339 2276 2731 2339 exerceretur,
2783 2273 2987 2346 sicque
3030 2279 3368 2353 proficeret,
3429 2289 3492 2340 ut
3541 2286 3789 2342 tandem
3839 2290 4009 2344 velu

2339 2360 2529 2416 cuatis
2560 2367 2617 2417 et
2645 2362 3121 2421 coalescentibus
3153 2371 3367 2440 pennis
3417 2389 3525 2445 per
3553 2374 3718 2432 illum
3762 2375 4001 2450 dicipli

2339 2464 2557 2506 narum
2596 2451 2827 2520 orbem,
2864 2459 2920 2510 et
2945 2454 3003 2510 in
3029 2457 3237 2527 primis
3262 2462 3666 2533 sophistarum
3695 2471 3999 2538 argutias

2338 2538 2573 2595 alarum
2629 2541 2869 2598 levitate
2920 2544 3260 2619 subvectus,
3316 2551 3444 2620 jam
3476 2553 3760 2628 deinceps
3799 2558 3890 2613 ad
3951 2575 4010 2614 ea

2339 2646 2583 2702 quoque
2599 2631 2995 2699 theoremata,
3015 2652 3149 2707 quae
3173 2639 3536 2699 sublimioris
3552 2648 3607 2700 et
3623 2649 4010 2716 augustioris

2340 2719 2860 2792 contemplationis
2883 2722 3167 2797 indigent,
3197 2729 3510 2788 subvolare
3538 2742 3763 2806 posset.

2411 2809 2939 2868 Verumenimvero
2969 2831 3108 2871 cum
3127 2817 3255 2887 jam
3297 2827 3538 2893 sumpta
3568 2823 3718 2880 virili
3743 2831 3903 2899 toga
3934 2827 4010 2884 ad

2338 2899 2399 2956 id
2457 2899 2647 2955 aetatis
2693 2901 3076 2973 adolevisset,
3153 2924 3276 2980 quo
3340 2911 3588 2984 quidem
3660 2915 3736 2972 de
3789 2919 4010 2974 multis

2339 2988 2523 3060 hujus
2559 2989 2692 3044 vitae
2739 2992 2961 3049 semitis
3007 3011 3131 3052 una
3173 2999 3421 3056 omnino
3476 3002 3786 3073 seligenda
3846 3013 4010 3076 erat,

2339 3093 2527 3150 quam
2553 3077 2866 3145 insisteret,
2897 3087 3000 3138 aut
3027 3083 3453 3155 ingrederetur,
3488 3096 3628 3147 tunc
3677 3098 4010 3169 temporis,

2341 3166 2542 3235 (eheu,
2575 3168 2679 3240 qui
2710 3170 2880 3225 siccis
2906 3172 3094 3228 oculis
3123 3173 3452 3233 obductam
3490 3166 3842 3253 reipublicae
3891 3191 4010 3241 sta-

2341 3260 2458 3325 tus,
2489 3261 2630 3313 tunc
2667 3258 2938 3317 inaudita
2968 3263 3232 3320 novitate
3259 3265 3578 3342 immutati,
3609 3276 3664 3326 et
3703 3275 3896 3330 accisi
3937 3276 4010 3331 ci-

2343 3346 2622 3401 catricem
2678 3348 2956 3406 refricare
3012 3354 3282 3424 potero!)
3338 3360 3480 3414 tunc
3537 3364 3855 3433 temporis,
3928 3366 4010 3420 ine

2341 3449 2550 3506 quam,
2594 3436 2794 3508 prima
2842 3439 3071 3496 dissidii
3125 3444 3361 3500 occasio
3410 3448 3625 3504 exoriri
3681 3465 3841 3508 ausa
3899 3459 4010 3521 est,

2341 3539 2476 3595 quae
2504 3523 2754 3581 fratrum
2782 3543 2972 3584 unum
3003 3529 3285 3604 idemque
3335 3536 3715 3595 sentientium
3746 3544 3895 3613 conj
3908 3560 4010 3598 un-

2343 3614 2598 3670 ctionem
2673 3616 2912 3675 diversa
2973 3620 3106 3676 vita;
3185 3624 3526 3681 conditione
3600 3627 4010 3701 disjungeret.

2339 3707 2530 3777 Atque
2551 3705 2700 3762 mihi
2724 3707 2972 3780 quidem
3000 3713 3205 3783 (quem
3237 3718 3513 3786 parentes
3546 3732 3582 3772 a
3613 3734 3826 3789 puero,
3873 3727 4010 3778 tan-

2338 3811 2524 3868 quam
2573 3797 2798 3855 sobolis
2831 3817 2955 3856 suae
3003 3802 3317 3874 primitias,
3369 3808 3522 3862 sacri
3576 3809 3777 3865 altaris
3826 3813 4009 3870 mini-

2336 3888 2512 3943 sterio
2543 3887 3073 3960 inauguraverant)
3107 3893 3230 3949 vita
3280 3895 3514 3967 privata
3544 3897 3636 3954 vel
3686 3899 4001 3972 imprimis

2335 3977 2659 4034 arridebat.
2692 3979 2897 4052 itaque
2935 3997 3117 4037 unam
3150 3984 3290 4056 petii
3323 4001 3358 4040 a
3382 3984 3736 4060 Domino,ut
3773 3999 3997 4049 sancto

2332 4067 2461 4137 ejus
2505 4068 2728 4140 templo
2780 4071 3134 4141 praeficerer,
3187 4088 3297 4129 nec
3349 4075 3427 4131 ad
3457 4077 3687 4134 tantula
3713 4084 3992 4151 negotia,

2329 4157 2634 4227 quantulis
2671 4159 2988 4215 hominum
3018 4161 3235 4232 vulgus
3266 4161 3441 4220 obrui
3489 4165 3658 4234 solet,
3698 4170 3988 4228 animum

2327 4245 2708 4318 applicarem,
2742 4249 2849 4304 sed
2878 4251 3077 4322 potius
3108 4249 3305 4308 bonas
3330 4253 3512 4311 horas
3543 4257 3662 4312 otio
3691 4257 3983 4332 literario,

2241 4364 2283 4416 ι)
2324 4337 2785 4412 evolvendisque
2813 4346 3082 4398 veterum
3120 4343 3355 4416 scriptis
3384 4361 3835 4406 consumerem.
3880 4353 3983 4408 Ille

2325 4443 2462 4482 vero
2485 4432 2811 4501 antequam
2839 4436 3066 4488 certum
3091 4432 3280 4490 ullum
3309 4435 3700 4505 scholasticw,
3735 4442 3982 4500 nudave

2319 4533 2527 4573 eorum
2557 4535 2694 4591 quae
2721 4524 2858 4575 sunt
2888 4522 3242 4593 cognitionis
3274 4529 3329 4580 et
3371 4525 3630 4584 scientiae
3663 4529 3983 4600 specimen

2317 4605 2600 4663 dedisset.
2645 4612 2834 4664 totum
2883 4626 2944 4664 se
2997 4610 3052 4665 in
3106 4627 3176 4667 eo
3206 4612 3343 4669 vitae
3375 4618 3532 4670 statu
3591 4622 3647 4672 et
3699 4617 3981 4677 instituto

2314 4695 2465 4752 ultro
2496 4697 2826 4766 collocavit,
2875 4701 3040 4772 quod
3072 4701 3148 4758 ad
3178 4702 3484 4761 humanas
3535 4706 3800 4764 actiones
3834 4727 3980 4783 pro-

2312 4786 2576 4856 pensius,
2615 4788 2958 4860 reipublicae
3000 4791 3344 4862 studiosius,
3386 4794 3648 4869 denique
3693 4797 3976 4870 pluribus

2310 4875 2648 4946 expositum
2689 4878 2844 4933 curis
2887 4887 2994 4946 est,
3040 4897 3226 4952 quam
3267 4882 3319 4937 ei
3354 4885 3458 4955 qui
3512 4885 3665 4942 serio
3703 4887 3976 4959 philoso-

2308 4965 2481 5036 phari
2537 4966 2687 5038 velit,
2740 4969 3034 5040 expediat.
3101 4972 3170 5027 Ut
3214 4978 3414 5028 autem
3460 4975 3625 5046 quod
3671 4976 3800 5048 ipse
3856 4980 3971 5038 sibi

2306 5055 2664 5127 subjccerat,
2711 5063 2888 5130 atque
2923 5061 3088 5131 apud
3118 5060 3392 5118 animum
3424 5081 3597 5120 suum
3634 5082 3973 5140 proposue-

2302 5151 2412 5210 rat,
2459 5145 2521 5201 in
2565 5146 2912 5202 melioribus
2965 5149 3267 5220 auspiciis,
3315 5153 3633 5226 magisque
3673 5171 3703 5211 e
3746 5173 3808 5211 re
3851 5175 3968 5218 sua

2303 5235 2670 5304 succederet,
2739 5239 3082 5294 cautionem
3139 5256 3383 5312 quoque
3459 5248 3516 5299 et
3583 5244 3963 5314 diligentiam

2300 5325 2593 5382 adhibuit.
2651 5329 2856 5398 Itaque
2895 5327 3241 5384 facultatem
3292 5336 3347 5386 et
3400 5333 3641 5404 cOpiam
3695 5335 3958 5405 dicendi,

2289 5412 2560 5485 jurisque
2594 5413 2780 5470 civilis
2811 5416 3124 5473 scientiam
3165 5425 3394 5489 quanta
3423 5422 3613 5493 potuit
3645 5426 3868 5494 agendi
3904 5433 3963 5486 et

588 5556 663 5627 (3)
705 5557 846 5624 Quis
875 5560 1027 5616 mihi
1052 5563 1280 5621 tribuat
1313 5571 1380 5622 ut
1405 5582 1510 5639 ego
1540 5574 1768 5628 moriar
1791 5589 1907 5644 pro
1929 5581 2002 5646 te,
2035 5578 2302 5637 Absalon
2316 5581 2414 5650 ﬁli
2446 5585 2672 5653 mi,'ﬁli
2708 5587 2793 5640 mi
2820 5585 3130 5643 Absalon?
3161 5590 3205 5644 ll
3233 5589 3378 5661 Reg.
3420 5605 3570 5646 mn.
