2014 3154
35 272 97 292 ωοι

11 329 14 331 λ
33 310 65 336 et
89 309 97 336 i

34 361 97 390 pre

32 406 97 426 rum

35 264 189 299 modaque
204 263 245 291 ad
257 263 478 299 rempublicam
494 262 712 298 capessendam
728 262 865 290 subsidia

11 310 65 336 :et
89 309 291 336 instrumenta
316 307 373 336 sibi
403 307 601 343 comparavit.
632 307 784 342 Siquidem
816 314 864 334 me

34 357 220 390 preceptore
241 353 369 390 politicis
392 352 558 388 disciplinis
575 352 605 379 in
630 352 863 387 sapientissimo-

32 406 100 426 rum
123 398 434 434 doctissimorumque
454 397 586 425 virorum
602 404 713 424 corona
728 396 863 425 animum

6 441 163 472 Fexcoluit
195 445 288 479 atque
319 442 513 475 informavit;
542 449 598 469 nec
609 442 649 469 ita
672 441 766 469 multo
796 444 863 477 post

6 486 8 503 ἲ
32 495 115 522 vaga:
127 488 333 524 volubilisque
343 488 471 516 fortunas
487 486 551 515 telis
567 488 722 522 expositus
735 489 788 515 est.

67 534 133 560 Hec
150 533 298 561 nimirum
313 533 368 561 fuit
389 533 454 561 dira
468 532 519 561 illa
532 532 692 560 Andronici
712 532 859 568 tyrannis,

30 585 97 614 qua
111 578 198 606 velut
213 578 326 606 hedera
335 578 492 614 multiplici
506 578 692 613 erraticoque
702 577 791 613 lapsu
803 585 861 605 ser-

31 630 105 657 pens
119 622 178 657 (sic
201 623 283 650 enim
304 622 473 659 tyrannidis
496 622 556 650 vim
578 622 740 658 depingere
763 621 861 655 liceat)

29 667 187 695 claviculis
211 668 285 701 suis,
300 667 390 704 quasi
405 667 547 695 manibus
571 667 797 695 herbescentem
809 666 863 694 im-

30 712 101 747 perii
131 712 234 740 nostri
262 712 443 740 viriditatem
474 712 642 748 complexa,
666 712 807 748 repressit
835 714 864 739 et

30 756 203 785 suﬁ‘ocavit.
230 756 324 785 Simul
348 764 382 785 ac
406 757 486 784 enim
506 760 587 784 certa
601 764 671 784 cum
692 756 862 792 reipublicae

28 802 162 838 pernicie
178 802 210 830 in
227 802 307 830 mdes
323 803 468 837 augustas
483 802 611 838 irrepsit,
634 809 696 837 quo
719 802 860 829 nimirum

26 849 167 883 tempore
181 847 274 875 frater
291 855 435 881 meus,ex
451 847 555 875 scribis
573 849 601 875 et
621 847 860 875 amanuensibus

25 892 224 928 imperatoris
235 899 314 920 unus
326 894 399 924 erat,
426 894 489 920 tum
512 891 636 920 demum
660 891 767 920 lethale
778 893 858 919 virus
874 893 894 920 B

26 937 142 969 efﬂare,
171 937 349 974 maioreque
376 937 535 965 hominum
554 937 634 970 odio,
658 944 751 973 quam
784 938 859 964 tetra

25 982 82 1010 ulla
95 982 286 1009 immanisve
304 981 407 1010 bellua
428 982 565 1010 laborare
590 981 688 1018 erepit.
706 983 738 1009 Et
753 989 859 1018 quem-

27 1026 200 1054 admodum
234 1027 327 1054 torvis
361 1026 597 1063 truculentisque
634 1027 730 1054 lemna
763 1035 859 1063 nuper

27 1072 113 1099 enixa
138 1072 296 1100 venaticos
327 1079 417 1100 canes
445 1072 539 1099 oculis
568 1072 684 1100 obtueri
706 1072 791 1105 solet,
818 1072 859 1100 ita

27 1117 179 1152 tyrannis,
200 1117 328 1153 siquem
352 1117 628 1153 interimperatoris
646 1117 758 1145 aulicOS
771 1120 799 1146 et
811 1117 858 1146 fa-

26 1162 268 1190 miliaresﬁdum
283 1165 310 1190 et
320 1162 500 1190 industrium
511 1162 735 1198 deprehendere
750 1164 856 1199 potuit,

25 1215 93 1236 eum
110 1207 217 1235 statim
234 1209 407 1244 suspectum
425 1207 548 1241 habere,
564 1208 707 1244 omnique
723 1208 760 1236 ad
774 1208 858 1236 illum

26 1252 132 1288 prccul
163 1251 388 1280 extrudendum
419 1252 531 1280 conniti
564 1252 666 1280 animo
699 1256 727 1281 et
754 1253 858 1281 labore

25 1297 211 1325 contendere
241 1297 338 1332 ccepit.
369 1296 445 1325 Illud
473 1305 544 1324 vero
579 1298 681 1333 utique
714 1298 856 1333 praestitit,

24 1349 118 1377 quam
143 1341 354 1378 plurimosque
369 1341 466 1378 potuit
477 1348 539 1369 uno
554 1343 582 1370 et
596 1342 702 1370 eodem
720 1342 857 1378 supplicii

23 1394 133 1422 genere
150 1386 301 1414 multavit.

57 1433 131 1464 Qua
147 1439 219 1459 cum
236 1438 371 1468 praesens
384 1431 432 1459 ille
447 1433 659 1468 tyrannorum,
681 1434 733 1460 aut
748 1432 791 1467 (ut
806 1440 855 1467 ge-

23 1476 175 1504 neraliore
187 1476 281 1504 verbo
291 1476 371 1509 utar)
380 1476 588 1513 improborum
602 1477 853 1512 osorintueretur,

24 1528 41 1549 a
51 1524 187 1556 tyranno
204 1522 359 1549 communi
373 1521 534 1549 hominum
550 1521 677 1556 gurgite,
692 1521 854 1549 etimmani
870 1541 890 1569 α

24 1565 166 1593 belluone
195 1565 346 1597 secedere.
372 1573 466 1602 quam
490 1565 608 1593 libidini
627 1566 854 1601 crudelitatique

24 1609 100 1637 illius
110 1609 257 1638 inservire
272 1610 395 1644 maluit;
412 1610 486 1638 illud
499 1610 622 1647 quidem
633 1610 779 1645 audacia,
797 1611 853 1639 hoc

24 1663 94 1683 vero
119 1655 269 1691 impietati
285 1655 448 1684 ascribens.
478 1656 579 1692 Itaque
605 1656 708 1691 procul
730 1656 768 1684 ab
782 1657 853 1684 Jove

25 1703 67 1733 (ut
82 1701 179 1735 aiunt)
191 1703 219 1728 et
232 1699 357 1728 fulmine
381 1700 520 1729 recedere
534 1701 672 1729 decrevit.

58 1744 131 1773 Inde
142 1752 217 1779 ergo
230 1745 279 1773 ubi
290 1745 450 1781 imperium
470 1746 500 1773 in
516 1745 706 1781 tyrannidem
721 1754 850 1780 versum,

24 1798 77 1817 nec
99 1789 235 1825 amplius
258 1790 309 1818 ulli
330 1793 432 1826 patere
458 1790 538 1818 videt
561 1791 623 1827 (qui
645 1791 750 1819 saltem
774 1799 852 1819 verae

25 1835 177 1869 religionis
192 1835 350 1863 studiosus
370 1835 428 1868 sit),
444 1835 605 1864 obﬁrmato
622 1836 724 1864 animo
747 1839 852 1865 contra

24 1880 137 1913 nititur,
160 1880 198 1907 ad
221 1879 414 1916 studiumque
439 1880 515 1915 juris
531 1880 623 1908 civilis
639 1881 850 1916 transfugiens,

25 1925 185 1961 imperium
214 1925 372 1961 tyrannide
388 1925 590 1955 deformatum
612 1925 711 1961 legum
728 1927 850 1960 muscis,

25 1969 249 2005 Themidosque
274 1970 413 1997 sacrariis
434 1971 619 1998 commutat:
645 1979 774 2007 quaeque
797 1971 851 1999 fre-

25 2014 124 2049 quenti
146 2015 175 2041 et
202 2013 326 2041 assidua
346 2014 472 2042 lectione
489 2022 525 2042 ex
540 2014 687 2043 librorum
707 2015 850 2043 chartulis

27 2066 185 2094 excerpere
212 2061 320 2094 potest.
354 2068 388 2086 ea
415 2060 445 2086 in
470 2060 598 2095 pectoris
621 2060 667 2087 sui
690 2060 851 2096 pugillares

26 2103 300 2138 transcribitatque
316 2104 390 2131 adeo
405 2103 527 2131 tandem
540 2104 608 2131 viva
620 2104 720 2139 legum
736 2104 848 2138 tabula,

25 2149 204 2184 spiransque
222 2149 457 2176 commentarius
471 2149 582 2176 evadit.
605 2149 715 2177 Deinde
731 2149 850 2178 sublata

26 2193 196 2227 tyrannide,
223 2193 409 2228 imperioque
430 2193 573 2225 redivivo,
597 2193 643 2221 ille
669 2201 791 2230 quoque
810 2193 848 2222 ad

26 2245 67 2263 res
82 2237 259 2272 augustales
281 2237 451 2271 obeundas,
464 2237 545 2265 velut
556 2238 738 2274 postliminio
749 2247 849 2266 rever—

27 2282 100 2309 titur.
118 2283 202 2317 Opus
223 2289 294 2308 sane
316 2284 397 2309 tanto
414 2282 696 2317 commendabilius,
714 2285 745 2311 ut
767 2282 850 2319 quod

27 2326 164 2359 legitimis
185 2326 358 2362 reipublicae
378 2326 524 2361 gradibus
539 2327 720 2361 succederet,
737 2331 851 2364 quanto

27 2371 168 2398 remotius
185 2371 326 2398 hesterna
350 2371 509 2407 tyrannide
524 2371 691 2408 secessisse,
700 2372 745 2400 vel
760 2373 851 2400 etiam

28 2423 59 2442 ex
74 2416 223 2443 diametro
235 2423 420 2451 repugnasse
431 2416 602 2445 videbatur.

58 2460 140 2487 idem
157 2463 304 2496 prieterea.
327 2461 384 2488 alio
407 2461 585 2496 magistratu
609 2464 770 2490 exornatus
796 2464 850 2491 est.

27 2505 153 2532 Tametsi
174 2513 245 2532 vero
260 2505 289 2532 in
311 2506 468 2533 Thraciam
483 2513 544 2533 non
560 2506 660 2534 statim
675 2506 787 2535 missus
803 2508 851 2541 sit,

28 2552 55 2575 ut
79 2550 120 2576 ibi
137 2549 259 2576 arcibus
273 2549 454 2584 reﬁciendis,
471 2550 701 2587 civitatibusque
719 2559 853 2579 commu-

29 2594 142 2620 niendis
159 2596 311 2628 praeesset,
328 2597 418 2630 atque
435 2593 511 2622 adeo
525 2595 698 2623 militarium
712 2596 853 2624 ordinum

30 2638 156 2666 delectus
173 2638 307 2669 haberet,
337 2639 367 2666 id
384 2640 517 2667 muneris
541 2642 645 2668 tamen
670 2641 760 2676 paulo
785 2644 854 2678 post

30 2686 183 2710 exsecutus
206 2685 259 2709 est.
278 2685 422 2711 Cmterum
437 2693 498 2721 quo
517 2686 655 2721 tempore
680 2686 718 2713 de
738 2687 854 2714 ratione

31 2728 88 2755 vitae
125 2728 295 2755 intituenda
324 2729 447 2757 consilia
472 2729 632 2758 nobiscum
659 2730 734 2758 inire
767 2732 857 2768 ccepit

632 154 793 183 MONODIA
811 155 845 183 IN
865 154 1026 184 FRATREM
1046 156 1150 185 SUUM.

19 216 188 254 "cogitandi
213 217 494 253 solertia,tanquam
517 216 711 253 perappOSita
730 224 864 252 percom-
880 219 902 246 Α
922 218 1005 253 (quia
1023 226 1071 246 res
1084 218 1256 247 domesticas
1267 220 1344 248 bene
1352 220 1550 257 disponendae
1565 223 1742 258 sunt,isque

1689 162 1741 189 366

920 262 995 290 adeo
1010 271 1041 290 se
1056 264 1177 299 privatis
1199 264 1230 292 in
1243 264 1359 293 aedibus
1380 267 1525 302 tanquam
1551 274 1644 302 parva
1664 275 1742 304 qua-

918 307 990 335 dam
1005 308 1160 344 republica
1174 316 1310 337 exercere
1322 309 1419 346 debet,
1436 311 1486 346 qui
1500 311 1539 339 ad
1551 319 1652 340 rerum
1673 320 1741 341 ma-

916 352 1017 387 jorum
1028 353 1332 391 communiorumque
1347 355 1553 390 gubernacula.
1563 357 1738 392 contendit),

918 396 955 423 de
967 396 1081 425 familia
1092 405 1147 425 sua
1159 398 1368 427 constituenda
1381 399 1514 436 primum
1529 400 1671 436 cogitavit
1684 409 1740 429 nu-

917 441 985 477 ptiis
1008 450 1076 469 cum
1099 443 1260 477 singularis
1284 445 1413 481 exempli
1439 445 1551 474 femina
1570 447 1738 480 contractis,

916 494 1044 522 quaeque
1067 487 1117 515 Dei
1135 488 1201 524 Opt.
1217 490 1292 518 Max.
1316 489 1397 518 dono
1417 489 1569 525 obtigisse,
1585 491 1664 525 frugi
1688 491 1740 520 do-

915 531 1109 560 mesticarum
1135 540 1277 561 curarum
1305 542 1432 562 consors
1452 534 1553 563 futura
1577 535 1741 572 videretur,

916 578 1005 612 atque
1020 584 1056 604 eo
1077 578 1244 613 prmsertim
1259 578 1382 607 nomine
1396 579 1427 607 in
1449 587 1543 607 manu
1559 579 1612 607 viri
1633 588 1741 608 conve-

916 621 1006 653 nisse,
1028 624 1059 649 ut
1081 623 1180 650 carnis
1195 623 1335 659 utrinque
1357 623 1582 660 liberorumque
1601 633 1739 653 commu-

919 665 969 692 nio
994 665 1098 699 coiret,
1116 675 1184 702 quae
1206 667 1288 695 nullo
1313 668 1457 704 temporis
1481 676 1615 704 unquam
1641 671 1738 698 tractu

918 709 1136 744 dissolveretur,
1148 714 1177 739 et
1199 711 1229 738 id
1250 719 1286 739 ex
1304 712 1480 748 hujusmodi
1505 714 1644 742 convictu
1663 722 1740 750 prse-

918 756 1018 789 staret,
1040 763 1077 782 ne
1099 755 1154 783 viri
1170 755 1309 783 medullm
1324 756 1420 785 ullum
1429 757 1499 785 inde
1512 758 1741 787 incommodum

917 802 967 827 aut
976 799 1187 828 detrimentum
1193 803 1343 836 caperent,
1351 802 1610 837 quemadmodum
1617 803 1741 838 pulchre

917 844 1064 879 Sapientis
1093 843 1247 881 ἀποφθέγμα
1271 845 1378 873 suadet
1392 846 1443 882 (4).
1470 847 1556 879 Quod
1580 847 1679 876 fratris
1699 848 1743 876 in-

915 889 1048 917 stitutum
1059 897 1129 917 cum
1140 889 1288 926 plerisque
1301 890 1490 926 innotuisset,
1515 892 1566 928 qui
1589 899 1742 922 recensere

914 934 1037 969 possim,
1053 936 1127 970 quot
1142 935 1275 969 primarii
1291 935 1495 963 adolescentes
1508 936 1652 965 afﬁnitate
1676 945 1742 966 sese

913 978 1071 1006 nobiscum
1078 979 1229 1007 devincire
1238 979 1416 1008 studuerunt
1423 980 1436 1008 ‘I
1442 981 1505 1009 Non
1519 983 1562 1009 tot
1567 981 1667 1010 hercle
1672 990 1742 1018 pro-

913 1024 939 1051 ci
945 1024 1107 1051 temulento
1115 1024 1236 1059 agmine
1247 1025 1484 1053 comessabundi
1499 1026 1539 1054 ad
1546 1027 1739 1063 Penelopam,

912 1071 986 1105 quot
1004 1068 1043 1097 ad
1067 1068 1151 1096 illum
1173 1069 1357 1097 matrimonii
1381 1070 1578 1099 contrahendi
1598 1071 1741 1108 interpre-

913 1116 967 1148 tes,
984 1115 1012 1141 et
1030 1114 1118 1150 quasi
1129 1116 1299 1150 proxenetae
1314 1114 1525 1144 conﬂuebant:
1541 1124 1673 1152 quorum
1690 1116 1739 1145 alii

912 1158 1052 1191 ﬁliarum,
1066 1158 1259 1187 aliisororum
1269 1159 1391 1195 nuptias
1404 1159 1616 1188 moliebantur.
1629 1161 1739 1196 Magni-

912 1203 970 1230 ﬁca
985 1205 1013 1231 et
1027 1203 1158 1238 gloriosa
1179 1204 1377 1232 ostentatione
1391 1204 1440 1232 alii
1455 1204 1528 1232 alios
1539 1213 1681 1241 superare
1692 1214 1740 1234 co-

912 1250 1029 1282 nantes,
1045 1251 1135 1284 atque
1150 1248 1240 1276 etiam
1255 1248 1460 1277 venditatione
1481 1249 1616 1285 quadam
1632 1258 1737 1279 eorum

911 1292 1022 1328 quibus
1034 1293 1242 1329 unusquisque
1258 1293 1298 1321 ad
1320 1294 1441 1329 nuptias
1454 1293 1520 1321 illas
1532 1295 1574 1321 tot
1587 1294 1738 1324 nobilium

912 1345 1073 1373 procorum
1106 1338 1184 1366 votis
1213 1339 1242 1365 et
1273 1338 1546 1366 concertationibus
1580 1340 1737 1376 expetitas,

912 1383 1043 1410 maxime
1058 1382 1139 1416 eniti,
1165 1384 1195 1410 et
1207 1390 1317 1410 nervos
1332 1382 1426 1410 astatis
1443 1382 1658 1419 industriaeque
1675 1392 1737 1413 sua)

911 1427 1100 1461 contendere,
1108 1435 1212 1455 earum
1222 1427 1353 1463 denique
1368 1428 1466 1463 potiri,
1479 1429 1737 1464 composqueﬁeri

909 1475 1023 1509 posset.
1060 1472 1163 1508 Itaque
1197 1471 1247 1500 alii
1270 1471 1318 1499 vel
1348 1472 1474 1506 generis,
1504 1472 1552 1500 vel
1573 1473 1737 1507 l'ormre,vel

909 1517 1000 1545 etiam
1016 1516 1173 1552 utriusque
1193 1516 1365 1552 praestantia
1385 1516 1554 1551 gloriando,
1570 1516 1620 1544 alii
1632 1519 1736 1546 contra

910 1561 1126 1590 sententiarum
1137 1561 1292 1596 gravitate,
1304 1561 1526 1596 verborumque
1536 1561 1733 1597 ponderibus,

909 1609 1053 1642 tanquam
1079 1606 1109 1633 in
1137 1606 1293 1641 procinctu
1315 1613 1346 1633 se
1376 1605 1461 1633 tutati
1486 1607 1576 1633 sunt:
1606 1608 1639 1634 ut
1659 1606 1734 1635 mihi

908 1652 999 1680 frater
1008 1651 1152 1679 dubitans
1163 1653 1191 1678 et
1202 1650 1345 1679 haesitans
1353 1658 1415 1678 non
1422 1658 1550 1686 parvum
1561 1650 1649 1679 ofﬁcii
1656 1660 1733 1680 onus

908 1696 1094 1733 imposuerit,
1110 1695 1183 1723 dum
1196 1695 1311 1731 judicio
1326 1703 1395 1723 meo
1411 1703 1584 1724 socerorum
1599 1696 1732 1725 delectus

907 1741 1074 1773 committit,
1089 1748 1181 1776 seque
1193 1740 1241 1768 vel
1254 1739 1402 1776 imprimis
1423 1739 1635 1776 amplexurum
1651 1740 1732 1769 aﬂir-

907 1787 970 1812 mat
992 1784 1140 1820 quidquid
1157 1791 1247 1820 super
1256 1792 1293 1812 ea
1305 1792 1337 1812 re
1364 1784 1438 1812 mihi
1462 1785 1615 1818 arrideret,
1636 1785 1731 1814 facto-

906 1837 964 1866 que
979 1837 1057 1865 opus
1072 1837 1137 1857 esse
1150 1829 1306 1857 videretur.

942 1876 963 1903 Ο
979 1875 1116 1902 animum
1131 1882 1200 1902 vere
1214 1873 1392 1909 fraternum,
1405 1875 1458 1910 qui
1468 1875 1542 1903 mihi
1554 1875 1659 1903 omnia
1673 1884 1730 1904 sua

906 1919 1133 1947 commendaret
1147 1920 1175 1946 et
1189 1918 1392 1952 concrederet,
1409 1919 1556 1955 cujusque
1576 1919 1699 1947 consilia
1711 1928 1730 1948 a

905 1972 963 1998 me,
998 1971 1059 1991 non
1083 1971 1169 1991 secus
1201 1966 1291 1999 atque
1314 1963 1353 1991 ab
1381 1962 1483 1999 aliquo
1507 1963 1642 1999 numine,
1667 1964 1729 1992 vim

906 2016 994 2036 suam
1017 2011 1045 2035 et
1067 2007 1207 2035 effectum
1227 2007 1390 2043 caperent!
1412 2008 1475 2040 Quo
1504 2007 1624 2035 hercule
1647 2007 1728 2036 facto

905 2052 1124 2081 evidentissime
1147 2052 1252 2089 patuit,
1284 2052 1439 2088 quomodo
1465 2060 1552 2080 meus
1575 2052 1633 2086 ille,
1665 2052 1728 2081 imo

904 2097 1225 2126 bonarumlitterarum
1235 2097 1378 2125 alumnus
1390 2097 1429 2125 ad
1439 2097 1579 2125 virtutem
1601 2097 1727 2126 affectus

905 2145 983 2171 esset
996 2151 1002 2170 τ
1018 2150 1079 2178 qua
1092 2141 1216 2178 quidem
1235 2142 1308 2170 nihil
1320 2150 1356 2169 ex
1372 2142 1515 2170 omnibus
1528 2150 1596 2178 quae
1616 2143 1729 2171 suntin

905 2195 1005 2216 rerum
1015 2189 1123 2215 natura
1137 2186 1299 2223 antiquius,
1316 2189 1368 2214 aut
1380 2186 1587 2215 observatione
1606 2186 1729 2222 dignius

906 2232 1118 2261 arbitraretur:
1139 2239 1201 2259 non
1225 2239 1310 2267 opes,
1330 2239 1392 2259 non
1416 2231 1520 2259 formae
1540 2232 1728 2267 dignitatem,

905 2285 967 2306 non
987 2276 1103 2313 generis
1125 2276 1300 2310 claritatem,
1323 2283 1384 2303 non
1397 2276 1486 2304 famae
1506 2276 1729 2305 celebritatem:

906 2322 1024 2351 tametsi
1041 2330 1076 2349 ea
1091 2323 1176 2349 astate
1190 2323 1277 2355 esset,
1295 2329 1362 2357 quae
1377 2320 1463 2349 facile
1475 2321 1651 2357 hujusmodi
1672 2322 1731 2350 for-

906 2369 983 2395 tunae
1021 2365 1158 2394 ludibriis
1190 2367 1219 2393 et
1247 2364 1396 2393 illecebris
1425 2365 1532 2393 irretiri
1570 2366 1655 2399 solet,
1702 2367 1732 2394 et

906 2419 1088 2447 coacescere,
1107 2410 1181 2438 dum
1194 2410 1232 2438 ad
1241 2410 1338 2438 avitas
1346 2412 1374 2438 et
1381 2410 1495 2446 patrias
1504 2418 1553 2438 res
1562 2410 1730 2445 augendas,

906 2455 1128 2484 nobilitandum
1138 2462 1233 2490 genus
1248 2462 1419 2491 corpusque
1429 2454 1626 2482 reﬁciendum
1638 2456 1668 2482 et
1679 2461 1731 2482 cu-

907 2501 1038 2529 randum
1054 2499 1260 2535 indulgentius
1276 2507 1370 2535 quam
1385 2506 1441 2535 par
1465 2499 1502 2527 sit
1524 2500 1553 2526 et
1567 2498 1730 2527 ferventius

907 2544 1064 2574 incumbit.

945 2589 1090 2618 Omnibus
1106 2588 1188 2617 enim
1201 2588 1312 2625 procis,
1328 2588 1426 2624 iisque
1438 2588 1604 2624 praesertim
1620 2588 1674 2625 qui
1683 2588 1733 2617 vel

909 2641 1063 2662 summam
1092 2634 1195 2662 dotem
1221 2633 1353 2661 dicerent
1382 2634 1412 2660 et
1438 2632 1655 2668 promitterent,
1671 2641 1734 2661 non

911 2679 975 2707 sine
989 2678 1084 2706 animi
1106 2678 1281 2706 excellentia
1294 2680 1322 2705 et
1346 2677 1518 2713 praestantia
1541 2678 1732 2714 posthabitis,

909 2723 1070 2751 illustrium
1083 2722 1344 2750 Belissariotarum
1360 2721 1501 2758 probitati
1515 2724 1544 2750 et
1556 2722 1736 2758 ingenuitati

63 2791 100 2826 (4)
130 2791 217 2819 Prov.
244 2799 300 2819 xu:
321 2791 435 2820 Mulier
460 2793 589 2829 diligens
618 2801 729 2822 corona
748 2798 789 2823 est
819 2795 884 2824 viro
907 2802 971 2831 suo,
995 2796 1050 2823 etc.
1079 2794 1113 2823 Et
1140 2793 1227 2822 Eccli.
1252 2801 1340 2821 xxvx:
1357 2794 1464 2823 Gratia
1477 2794 1612 2823 mulieris
1624 2795 1736 2824 sedulw

36 2839 159 2869 delectat
170 2840 268 2869 virum
284 2847 381 2877 suum,
404 2842 459 2870 etc.
