4028 6308
575 334 677 387 367

1479 312 1848 371 MICHAEIJS
1888 310 2267 368 ACOMINATI
2305 312 2733 368 ATHENARUM
2771 312 3088 367 ARCHIEP.
3939 311 4004 366 3G

574 454 748 512 facile
764 453 1134 524 cessit,quos
1159 447 1317 503 idem
1336 439 1817 503 contubernium,
1847 435 2224 492 earumdem-
2251 438 2296 490 A
2336 435 2524 491 multa
2553 435 2834 492 muniﬁce
2877 440 2934 491 et
2978 436 3143 506 large
3198 435 3410 492 dantes
3440 435 3945 507 promerebant,
3990 451 4004 493 ι

575 561 696 619 que
724 545 838 600 sub
867 541 1079 599 iisdem
1102 533 1401 605 magistris
1430 530 1647 586 artium
1673 526 1847 600 quasi
1874 525 2223 582 communio

576 616 635 692 et
661 634 914 690 societas
933 629 1012 687 ad
1025 622 1522 684 necessitudinem
1540 624 1810 674 nostram
1833 616 2220 687 adjunxerat;

576 723 816 780 illorum
860 719 1020 776 enim
1057 729 1348 780 sororem,
1391 726 1524 782 quae
1568 707 1626 763 in
1667 705 1912 778 optimze
1959 703 2225 778 parentis

576 811 765 868 oculis
801 809 957 864 intra
990 801 1239 862 thalami
1269 799 1523 872 parietes
1549 799 1708 852 caste
1752 799 1808 851 et
1831 793 2047 866 pudice
2077 792 2222 848 edu-

578 905 713 957 cata
759 898 970 964 fuerat,
999 892 1170 949 duxit
1201 890 1376 946 frater
1407 887 1500 943 ille
1527 901 1717 950 meus,
1764 899 1946 955 quem
1979 880 2224 937 Belissa-

575 989 742 1046 riotis
775 985 1146 1043 simillimum
1169 995 1292 1036 non
1320 984 1445 1034 tam
1459 972 1840 1032 necessitudo
1870 977 1925 1027 et
1945 971 2222 1039 afﬁnitas,

574 1093 766 1151 quam
807 1090 1050 1132 morum
1111 1065 1525 1128 convenientia
1555 1064 1851 1120 effecerat.
1907 1065 2112 1151 Itaque
2164 1062 2229 1114 ut

584 1149 792 1224 fratres
839 1163 1058 1222 animis
1100 1175 1222 1216 non
1265 1172 1436 1212 secus
1481 1159 1663 1225 atque
1708 1149 2063 1224 corporibus
2106 1163 2230 1205 una

579 1257 715 1312 unis
737 1255 799 1311 in
829 1253 1062 1309 aedibus
1088 1246 1462 1311 habitabant,
1487 1243 1700 1299 eadem
1721 1258 1790 1297 ex
1833 1255 2044 1295 mensa
2062 1237 2230 1293 cibos

579 1347 641 1403 in
660 1345 788 1401 dies
814 1340 1230 1415 capessebant,
1264 1335 1475 1392 iisdem
1505 1331 1859 1402 gaudentes,
1897 1327 2108 1383 iisdem
2143 1326 2227 1381 vi-

581 1435 788 1493 cissim
802 1428 1360 1495 commovebantur,
1391 1438 1515 1479 una
1527 1422 1742 1488 forum,
1757 1417 2046 1490 templum
2058 1461 2071 1480 ,
2089 1431 2230 1472 con-

583 1525 785 1580 ciones
832 1518 1132 1593 publicas,
1175 1511 1468 1587 palatium
1517 1508 1800 1565 adibant:
1849 1505 1986 1561 inde
2024 1520 2231 1560 rursus

584 1629 710 1670 non
741 1609 978 1680 singuli,
1009 1606 1115 1662 sed
1151 1619 1262 1676 pro
1312 1616 1479 1657 more
1526 1599 1655 1654 bini
1693 1597 1942 1653 domum
1979 1600 2229 1650 reverte-

585 1704 826 1772 bantur,
864 1697 1181 1754 miriiieum
1220 1708 1281 1748 se
1315 1691 1459 1748 alter
1487 1688 1654 1745 alteri
1693 1686 1972 1744 comitem
2003 1683 2230 1758 praabe-

2334 525 2498 581 velut
2519 525 3000 599 sumptuosiores
3020 525 3271 598 quidam
3309 526 3712 596 margaritarii
3745 526 4004 581 unione

2332 613 2713 684 smaragdos,
2727 613 3147 686 lychnitasque
3159 628 3383 684 magno
3395 613 3585 686 pretio
3599 617 4004 686 compar-att

2333 700 2472 758 inde
2534 701 2790 759 domum
2853 702 3266 774 asportabant,
3326 702 3514 759 satius
3574 719 3706 760 esse
3757 703 3930 771 rati,
4001 721 4006 756 ε

2333 790 2696 860 dignitatum
2725 791 3155 863 praerogativas
3185 790 3376 864 pretio
3402 791 3518 848 sibi
3539 807 4005 865 compararem

2332 896 2520 953 quam
2548 881 2596 935 si
2627 879 2706 936 ab
2745 879 2859 936 illis
2902 880 3057 936 ultro
3097 885 3472 937 ornarentur.
3526 883 3823 945 Quorum
3870 885 4006 937 cert

2335 969 2704 1040 singularem
2726 969 3133 1043 eximiamque
3157 969 3435 1026 virtutem
3454 970 3895 1044 imperatores
3935 987 4006 1027 ex

2332 1058 2506 1132 perti,
2545 1058 2713 1131 quod
2750 1058 3037 1114 nimirum
3083 1058 3231 1114 lucri
3296 1059 3664 1133 privataeque
3723 1061 4006 1117 utilitati

2336 1152 2684 1221 contemptu
2727 1147 3069 1215 Aristidem,
3137 1148 3534 1220 temperantia
3573 1149 4008 1222 Hippolytum

2341 1237 2856 1308 Bellerophontem
2895 1241 2952 1292 et
2979 1237 3332 1309 Josephum,
3375 1238 3522 1306 iuris
3563 1238 3862 1312 denique
3917 1239 4008 1294 ob

2340 1328 2638 1384 servantia
2689 1327 2964 1393 Minoem,
3029 1325 3266 1396 judices
3333 1327 3580 1383 minime
3631 1329 4008 1385 nummarii

2337 1417 2514 1489 longe
2545 1419 2988 1488 praeverterent,
3027 1415 3208 1471 rebus
3254 1414 3410 1485 illos,
3452 1417 3570 1472 suis
3608 1417 3788 1473 domi
3831 1417 4008 1474 foris

2337 1521 2458 1578 que
2481 1503 2899 1578 praefecerunt,
2956 1503 3308 1560 aerariorum
3353 1503 3487 1572 illis,
3539 1505 4008 1563 thesaurorum

2337 1611 2456 1668 que
2481 1598 2539 1650 et
2577 1593 2995 1650 cubiculorum
3025 1609 3272 1650 suorum
3299 1595 3519 1666 januas
3555 1595 4008 1667 patefecerunt

2339 1685 2698 1743 charissima
2740 1699 2997 1757 quaeque
3027 1699 3152 1740 non
3181 1700 3353 1740 secus
3384 1689 3564 1757 atque
3601 1685 4010 1742 familiarissi

583 1791 709 1860 bat,
758 1793 821 1845 ut
872 1788 1000 1859 jam
1059 1781 1472 1840 aemulandum
1539 1776 1914 1847 cognationis
1983 1789 2116 1847 par,
2175 1775 2303 1836 etB
2343 1777 2458 1832 mis
2509 1773 3029 1842 concrediderunt;
3077 1773 3210 1830 illos
3269 1773 3529 1847 denique
3581 1774 3643 1830 in
3686 1781 3938 1849 aperta.
3979 1791 4010 1830 e

585 1878 1110 1937 auctoramentum
1139 1867 1560 1928 beatissimum
1593 1866 1653 1922 in
1670 1881 1772 1922 ore
1801 1864 2074 1920 omnium
2105 1877 2232 1918 ver-

585 1973 833 2037 saretur,
886 1971 1067 2037 atque
1105 1961 1257 2018 adeo
1322 1958 1585 2015 maxime
1629 1954 1950 2028 perspicua
2011 1957 2234 2024 tempe-

581 2058 790 2116 rantiaa
807 2052 1175 2126 exemplaria
1194 2049 1489 2107 audirent.
1514 2045 1794 2113 Quandiu
1811 2047 1964 2100 certe
1993 2042 2232 2100 caelibes

581 2151 851 2220 egerunt,
867 2143 1068 2201 nobile
1081 2157 1190 2214 par
1201 2140 1452 2196 fratrum
1466 2139 1694 2209 passim
1710 2133 2029 2190 hominum
2045 2133 2232 2188 incre-

581 2237 683 2295 bre
691 2252 864 2294 scens
878 2236 1273 2307 pervagatum
1286 2232 1392 2298 est,
1407 2231 1811 2300 posteaquam
1824 2238 1965 2278 vero
1980 2223 2234 2278 honora-

579 2327 686 2384 bili
748 2321 1032 2381 connibio
1088 2320 1150 2375 in
1206 2316 1492 2374 omnibus
1546 2319 1603 2370 et
1665 2317 1792 2370 toro
1843 2310 2232 2367 immaculato

578 2413 773 2487 jugati
803 2415 962 2480 sunt,
1008 2413 1138 2464 tum
1179 2422 1323 2462 vero
1345 2405 1458 2460 illis
1499 2402 1696 2458 afﬁnis
1745 2401 1907 2456 idem
1950 2400 2053 2472 qui
2085 2398 2233 2454 mihi

581 2504 763 2559 frater
791 2501 920 2556 fuit.
955 2498 1022 2553 Hi
1060 2496 1160 2552 alii
1198 2495 1454 2551 aliorum
1497 2490 1774 2547 medullis
1805 2494 1862 2546 et
1903 2489 2233 2545 visceribus

583 2593 720 2651 imis
780 2590 940 2647 velut
999 2584 1417 2658 colliquefacti,
1477 2598 1672 2654 usque
1736 2580 1889 2636 adeo
1945 2581 2232 2635 inhaerere

583 2683 914 2754 coeperunt,
943 2682 1009 2734 ut
1027 2676 1222 2734 statim
1245 2674 1377 2730 illos
1407 2673 1465 2728 in
1495 2688 1679 2728 unam
1699 2686 1966 2726 massam
1993 2685 2230 2725 concre-

581 2777 676 2830 tos
708 2770 920 2826 coiisse
941 2767 1137 2840 quivis
1162 2765 1564 2820 aestimaturus
1607 2765 1786 2825 esset,
1817 2775 1954 2832 quae
1984 2758 2228 2832 quidem

583 2860 752 2918 nullo
800 2856 1086 2929 temporis
1131 2858 1317 2911 tractu
1349 2851 1547 2908 dirimi
1579 2857 1682 2906 aut
1712 2850 2052 2906 intersecari
2091 2865 2228 2921 pos-

585 2956 692 3021 set,
733 2966 806 3006 ea
842 2947 1228 3021 potissimum
1280 2943 1355 2999 de
1385 2958 1590 3010 causa,
1623 2939 1788 3012 quod
1835 2939 2229 2995 Belissariotae

583 3040 832 3115 quidem
863 3053 973 3110 pro
1005 3036 1128 3091 suis
1175 3031 1566 3104 dignitatibus
1608 3031 1671 3086 in
1713 3029 1859 3086 urbe
1889 3028 2232 3102 reipublicae

586 3127 926 3187 commodis
976 3123 1372 3191 consulerent,
1409 3121 1589 3177 frater
1641 3124 1842 3175 autem
1891 3134 2064 3174 meus
2107 3132 2231 3173 non
2263 3121 2302 3146 υ

582 3219 646 3275 in
676 3217 824 3274 urbe
855 3221 1111 3275 tantum,
1159 3212 1263 3268 sed
1299 3209 1560 3266 etiamin
1596 3207 1936 3281 provincias
1959 3212 2016 3263 et
2037 3206 2233 3262 muni-

586 3307 764 3378 cipia,
795 3311 859 3360 ut
879 3306 1007 3375 jam
1047 3301 1186 3370 dixi,
1209 3300 1286 3356 ab
1317 3298 1447 3356 aliis
1467 3297 1716 3369 aliisque
1774 3295 2237 3369 imperatoribus

586 3395 833 3460 missus,
865 3408 1064 3448 rerum
1097 3405 1350 3445 summm
1380 3387 1630 3459 praefuit.

661 3487 920 3554 Tempus
950 3479 1197 3552 quidem
1244 3482 1398 3532 certe
1446 3477 1762 3532 mutationi
1799 3491 2238 3549 usquequaque

592 3576 808 3644 patens
845 3575 902 3625 et
930 3568 1295 3640 expositum,
1323 3565 1786 3638 imperatoribus
1813 3565 1990 3620 etiam
2021 3581 2236 3637 super-

597 3658 834 3715 stitibus
907 3655 1158 3728 imperia
1233 3653 1473 3723 ademit,
1538 3669 1574 3707 a
1647 3653 2239 3726 Sceptuchoru'mque

594 3747 878 3806 manibus
895 3745 1146 3818 abrepta
1167 3749 1404 3816 sceptra
1424 3742 1501 3798 ad
1523 3741 1691 3810 alios,
1706 3741 1784 3797 ab
1809 3741 2022 3814 hisque
2039 3743 2240 3799 denuo

596 3838 676 3895 ad
711 3837 863 3895 alios
890 3835 1222 3893 transtulit:
1259 3833 1422 3889 fratri
1464 3837 1666 3888 autem
1715 3847 1852 3888 meo
1892 3833 2153 3889 honores
2185 3839 2242 3890 et

591 3927 982 3997 magistratus
1011 3924 1295 3982 continua
1313 3922 1745 3994 imperatorum
1771 3921 2068 3978 successio
2097 3922 2241 3978 inte-

593 4032 734 4088 gros
772 4015 1176 4086 illibatosque,
1216 4028 1328 4069 nec
1367 4011 1543 4068 ullius
1587 4011 2239 4066 successioneinterru-

591 4111 728 4176 ptos
766 4103 1167 4168 conservavit,
1217 4103 1341 4159 imo
1379 4117 1522 4156 vero
1571 4101 1674 4173 qui
1712 4101 2240 4173 subsequebantur

591 4193 1065 4266 praecedentibus
1124 4208 1266 4262 erga
1318 4191 1487 4247 illum
1547 4190 1960 4248 benevolentia
2015 4191 2239 4248 anteire

592 4281 766 4353 quasi
809 4281 1261 4345 contendentes,
1315 4279 1391 4334 ad
1445 4279 1730 4352 pristinos
1776 4279 1932 4336 illius
1977 4280 2236 4336 honores

592 4369 823 4442 aliquid
853 4371 1098 4442 insuper
1129 4369 1513 4440 adjiciebant,
1544 4369 1654 4424 viri
1695 4370 1980 4425 nimirum
2019 4371 2234 4426 virtute

591 4457 1106 4529 obstupescentes,
1133 4461 1491 4529 tantumque
1520 4473 1593 4513 ex
1622 4458 1874 4531 imperio
1903 4475 2013 4515 suo
2038 4459 2233 4515 immi-

589 4546 697 4602 nui
741 4546 1169 4617 existimantes,
1228 4551 1527 4619 quantum
1567 4546 1642 4602 de
1691 4547 2023 4604 honoribus
2078 4547 2234 4605 illius

586 4634 1065 4692 imminueretur.
1777 4625 1786 4636 ’

660 4727 862 4798 Neque
882 4741 1025 4780 vero
1064 4724 1342 4795 vulgares
1364 4731 1594 4782 tantum
1622 4729 1679 4781 et
1716 4725 1930 4799 plebeii
1959 4727 2234 4785 homines

586 4814 832 4888 (quibus
881 4814 961 4872 ad
990 4813 1250 4870 honores
1290 4815 1389 4870 vix
1419 4814 1574 4870 ullus
1605 4820 1767 4888 patet
1825 4815 2045 4887 aditus,
2075 4835 2231 4891 quo-

580 4921 796 4962 rumve
870 4905 1186 4963 conatibus
1247 4905 1487 4962 fortuna
1543 4907 1776 4964 tenuior
1817 4913 1873 4964 et
1919 4908 2234 4968 obscurior

579 4996 821 5054 obstare
871 4997 1041 5068 solet)
1091 4995 1320 5069 palatia
1370 4995 1854 5070 frequentabant,
1912 5001 2231 5072 quantovis

577 5087 768 5158 pretio
810 5086 1105 5143 honorem
1145 5085 1224 5142 ab
1260 5085 1725 5158 imperatoribus
1769 5087 2036 5144 delatum
2081 5091 2230 5145 aesti-

575 5174 850 5238 mabant,
905 5175 1273 5249 publicaque
1318 5191 1443 5248 qua
1474 5181 1752 5249 poterant
1797 5181 1922 5234 arte
1950 5195 2225 5245 munera,

571 5260 734 5318 lucto
765 5262 989 5320 addicti
1014 5264 1431 5333 venabantur;
1458 5264 1564 5320 sed
1596 5265 1655 5320 hi
1685 5265 1866 5322 etiam
1895 5267 1970 5322 de
1999 5267 2224 5340 quibus

572 5350 721 5406 mihi
752 5367 948 5408 sermo
979 5358 1086 5421 est,
1112 5369 1233 5410 una
1259 5370 1397 5409 cum
1415 5354 1645 5410 virtutis
1666 5358 1719 5410 et
1741 5355 1978 5412 honesti
2011 5373 2222 5414 aman-

572 5437 730 5495 tibus
778 5438 879 5496 illo
927 5457 990 5497 se
1045 5441 1451 5514 conferebant,
1491 5443 1768 5517 beneque
1822 5443 1897 5500 de
1939 5448 2221 5517 Augustis

2339 1863 2663 1938 propatula
2694 1862 2863 1918 urbis
2894 1861 3412 1919 administratione
3435 1878 3688 1939 magnos
3715 1863 4006 1935 logothe

2343 1958 2456 2020 tas,
2481 1953 2741 2026 ephoros
2764 1957 2820 2008 et
2839 1951 3200 2024 polyarchas
3230 1951 3717 2024 designaverunt.
3745 1953 4010 2010 lllorun

2341 2044 2501 2101 enim
2533 2043 2766 2107 virtute,
2799 2041 2978 2097 veluti
3009 2041 3278 2114 quodam
3301 2058 3508 2113 regno,
3537 2042 3870 2100 civitatum
3915 2060 4009 2114 gu

2341 2131 2670 2189 bernacula
2701 2131 2780 2187 ita
2816 2135 3276 2196 exornaverunt,
3308 2135 3372 2188 ut
3408 2147 3480 2188 ea
3508 2133 3706 2204 potius
3738 2133 3828 2189 ab
3871 2133 4007 2189 illis

2341 2239 2530 2296 quam
2560 2221 2642 2277 illi
2674 2220 2751 2276 ab
2795 2219 2930 2275 ullis
2980 2235 3180 2276 rerum
3222 2219 3602 2293 publicarum
3627 2221 4004 2279 honoribus

2341 2312 2604 2386 praemiis
2645 2315 2748 2367 aut
2774 2309 3116 2382 splendore.
3141 2315 3546 2380 Augustorum
3580 2312 4012 2369 muniﬁcentia

2342 2401 2571 2458 collatis
2599 2399 3060 2456 illustrarentur.
3091 2403 3216 2454 lmo
3256 2415 3416 2466 vero,
3441 2405 3508 2456 ut
3525 2400 3724 2457 dicam
3744 2401 3811 2458 id
3834 2417 4012 2474 quoc

2339 2507 2436 2546 res
2477 2495 2582 2561 est,
2630 2489 2709 2545 ab
2741 2489 3022 2558 Augustis
3047 2488 3108 2543 in
3139 2487 3604 2545 clarissimorum
3646 2493 4012 2564 temporum

2343 2596 2594 2636 suorum
2634 2582 3017 2645 ornamenta,
3084 2577 3554 2650 reipublicaaque
3580 2579 4012 2650 gubernacula

2342 2686 2414 2725 ex
2437 2669 2638 2741 legum
2662 2666 3010 2740 praescripto
3035 2666 3412 2723 moderanda
3436 2669 3611 2740 quasi
3631 2684 4014 2726 communes

2339 2759 2588 2832 quidam
2613 2757 2960 2825 harmostae,
2983 2772 3300 2813 morumve
3319 2757 3610 2828 magistri,
3637 2760 4013 2816 creatisunt.

2341 2845 2686 2919 cujusmodi
2724 2845 3039 2918 quondam
3069 2845 3456 2916 magistratus
3488 2863 3629 2902 suos
3673 2847 3849 2905 nullo
3883 2865 4014 2905 non

2340 2937 2643 2992 honorum
2668 2935 2861 3005 gradu
2881 2950 3020 2990 cum
3042 2933 3309 2990 maxime
3329 2935 3422 2990 sui
3460 2937 3722 2992 nominis
3745 2937 4014 2994 celebri-

2342 3033 2458 3082 tate
2502 3025 2846 3098 perfunctos
2889 3023 3300 3080 vetustissima
3344 3023 3445 3080 illa
3491 3027 3680 3082 Roma
3716 3032 4013 3097 noverat,

2342 3113 2722 3188 quivicissim
2756 3113 2918 3168 urbis
2948 3111 3119 3184 illius,
3167 3129 3303 3186 quae
3333 3117 3684 3170 caeterarum
3714 3117 4016 3172 omnium

2345 3203 2518 3262 facile
2567 3204 2845 3276 princeps
2896 3207 3036 3258 tunc
3084 3202 3375 3274 temporis
3425 3202 3682 3269 ﬂoreret,
3731 3206 4016 3278 imperii-

2346 3313 2463 3368 que
2521 3297 2613 3350 sui
2660 3293 2812 3349 ﬁnes
2853 3293 3028 3363 longe
3071 3293 3308 3366 lateque
3353 3294 3756 3366 protenderet,
3819 3312 4016 3352 orna-

2347 3390 2550 3441 menta
2595 3383 2656 3439 in
2699 3398 3022 3440 commune
3079 3383 3256 3438 totius
3320 3382 3482 3440 orbis
3544 3390 4014 3453 ornamentum,

2346 3489 2857 3546 communemque
2890 3472 3174 3528 humanae
3223 3471 3522 3529 societatis
3564 3472 3885 3532 utilitatem
3916 3491 4015 3531 ce-

2346 3565 2486 3622 dere
2516 3564 2963 3620 arbitrarentur.

2422 3657 2489 3711 Ut
2536 3669 2663 3710 rem
2714 3651 2926 3726 paucis
2969 3651 3310 3725 expediam,
3351 3651 3518 3709 salva
3563 3653 3814 3725 quidem
3869 3660 4015 3711 sunt

2347 3743 2757 3817 prosperitatis
2776 3741 3058 3798 humanae
3073 3742 3548 3814 propugnacula,
3565 3743 3784 3799 Pharos
3795 3751 4013 3801 autem

2347 3840 2403 3889 et
2438 3838 2667 3906 portus,
2713 3848 2972 3906 quorum
3016 3831 3120 3887 illa
3171 3836 3309 3888 sunt
3344 3832 3726 3889 adminiculis
3757 3850 4013 3890 conser-

2346 3931 2507 3993 vata,
2545 3922 2928 3993 naufragium
2957 3921 3134 3977 nobis
3154 3919 3399 3977 abstulit
3433 3925 3530 3992 (5).

2419 4013 2530 4080 Qui
2558 4018 2761 4069 tamen
2803 4012 2918 4068 hoc
2967 4009 3094 4066 ﬁeri
3131 4014 3345 4083 potest,
3386 4015 3451 4067 ut
3489 4015 3793 4070 tantorum
3839 4014 4006 4070 viro-

2345 4118 2482 4158 rum
2513 4103 2756 4158 virtutes
2790 4106 2912 4157 tam
2939 4101 3259 4165 succincte,
3291 4099 3614 4173 verbisque
3646 4105 3768 4157 tam
3789 4103 4007 4174 paucis

2346 4193 2428 4248 ita
2473 4190 2871 4265 percurram?
2914 4194 2979 4245 ut
3033 4189 3293 4262 plurima
3331 4189 3563 4246 silentio
3611 4190 4004 4262 praeteream?

2345 4284 2563 4355 partim
2590 4281 2836 4354 quidem
2876 4279 3162 4335 confusus
3195 4294 3268 4334 ex
3297 4295 3390 4344 eo,
3431 4278 3597 4352 quod
3623 4279 3844 4336 affectu
3885 4281 4001 4337 sim

2345 4371 2680 4428 vehementi
2704 4375 2761 4426 et
2785 4369 3080 4426 concitato
3110 4369 3302 4438 magis
3327 4385 3514 4441 quam
3539 4368 3717 4425 bonis
3747 4369 3865 4426 illis
3898 4371 4001 4428 ad-

2345 4463 2528 4520 ducto
2556 4467 2612 4518 et
2641 4475 2950 4534 persuaso,
2983 4459 3206 4532 quibus
3245 4459 3380 4516 etin
3429 4459 3545 4516 vita
3577 4459 3810 4532 praediti
3851 4467 3910 4518 et
3938 4462 4001 4518 in

2346 4558 2538 4609 morte
2568 4566 2693 4608 non
2741 4550 2866 4606 sine
2914 4565 3140 4619 magno
3174 4548 3377 4606 δεξιουιὶ
3418 4549 3606 4606 nostri
3636 4548 4001 4607 detrimento

2344 4641 2559 4714 privati
2585 4641 2822 4696 fuerunt
2852 4657 2865 4694 :
2894 4639 3112 4711 partim
3144 4655 3283 4696 vero
3326 4639 3558 4696 cautius
3597 4639 3999 4712 prospiciens,

2343 4749 2417 4788 ne
2443 4733 2580 4805 quis
2612 4732 2769 4787 hanc
2799 4731 3139 4786 orationem
3163 4728 3463 4799 suggillet,
3487 4734 3554 4784 ut
3580 4745 3716 4801 quae
3739 4729 3995 4786 instituti

2343 4822 2680 4894 argumenti
2709 4821 2917 4883 oblita,
2941 4821 3236 4891 majorem
3267 4818 3548 4892 Thylaco,
3580 4822 3647 4874 ut
3673 4817 3734 4874 in
3755 4835 3995 4891 prover-

2342 4912 2442 4970 bio
2470 4917 2575 4983 est,
2615 4911 3022 4967 accessionem
3045 4907 3264 4965 fecerit.
3495 4957 3499 4960 .

2414 4999 2921 5073 Quandoquidem
2941 5013 3103 5054 nova
3133 4997 3295 5066 Sion,
3329 5013 3454 5054 non
3485 5013 3660 5054 secus
3685 5000 3870 5070 atque
3900 5015 3993 5055 ve-

2339 5097 2436 5148 tus
2459 5091 2580 5159 illa,
2605 5106 2641 5146 a
2671 5089 2794 5145 suis
2826 5093 2989 5146 tanto
3034 5088 3096 5144 in
3120 5103 3320 5144 rerum
3363 5086 3707 5143 discrimine
3727 5086 3989 5156 deserta,

2337 5180 2397 5236 in
2447 5179 2712 5236 hostium
2763 5193 2982 5234 manus
3011 5175 3240 5240 incidit,
3272 5179 3331 5232 et
3358 5174 3625 5232 funditus
3647 5190 3854 5232 eversa
3877 5182 3989 5234 est.

2335 5268 2640 5342 Quidquid
2661 5268 2839 5324 etiam
2863 5267 2921 5322 in
2940 5281 3012 5323 ea
3033 5265 3435 5339 supplementi
3462 5263 3574 5332 ,vel
3592 5263 3986 5334 latebrarum,

2333 5358 2427 5415 vel
2455 5358 2602 5414 levis
2633 5361 2922 5414 armaturae
2943 5354 3256 5424 beneﬁcio,
3293 5369 3516 5409 manus
3558 5351 3804 5409 hostiles
3838 5352 3986 5410 sub-

2331 5449 2671 5519 terfugerat,
2703 5447 2965 5503 Nicaeam
2990 5445 3276 5517 Bithyniae
3318 5443 3700 5517 metropolim
3726 5444 3985 5501 commi-

646 5617 722 5689 (5)
745 5617 966 5677 Alludit
990 5619 1070 5677 ad
1089 5619 1238 5678 illud
1264 5621 1419 5694 Scip.
1452 5623 1678 5682 Nasicae
1711 5622 1878 5696 apud
1899 5624 1963 5681 Β.
1986 5629 2140 5698 Aug.
2172 5625 2250 5686 de
2279 5625 2448 5686 Civit.
2472 5624 2696 5700 Deiglib.
2723 5641 2742 5682 ι
2773 5644 2785 5682 :
2817 5626 2996 5683 Stant
3026 5624 3267 5691 mcem'a,
3295 5630 3484 5680 ruunt
3515 5635 3729 5680 mores.
