2014 3154
23 156 77 207 μθ

635 171 794 199 MONODIA
813 173 847 200 IN
867 173 1030 204 FRATREM
1051 175 1157 205 SUUM.

1697 179 1750 205 370

22 224 138 276 gavit,
173 226 278 276 ibi-que
293 226 371 255 adeo
382 236 464 276 nunc
496 231 644 276 exsulant,
665 234 716 269 qui
730 234 868 262 hesterno
884 240 908 267 Α
928 244 996 272 quae
1011 238 1138 266 civitatis
1152 239 1252 267 unitas
1277 240 1422 269 dissoluta
1448 239 1588 269 conciditl
1618 242 1751 276 quantus

85 270 278 298 concivium
307 281 430 301 suorum
459 274 564 303 laetitiis
587 263 794 313 congratulati,
818 279 869 307 ho-

20 311 149 350 mno,
164 318 247 353 proh
259 318 361 348 dolor!
375 319 570 347 maerentibus
583 311 809 356 congemiscuiit
821 334 825 351 :
838 326 868 351 ut

23 359 75 394 qui
90 359 205 390 beata:
216 366 306 391 antea
317 364 428 392 civitati
439 367 617 393 ornamento
627 366 760 400 fuerunt,
779 368 868 395 iidem

21 401 118 449 hodie
129 405 251 435 infelici
268 408 409 437 solatium
422 409 557 437 atterant.
576 410 611 437 lis
622 411 701 439 enim
719 412 791 447 ipsis
801 421 868 449 quae

22 447 195 486 ﬁeebant,
210 460 340 490 quaeque
355 453 483 489 sapienti
498 457 525 482 et
541 463 652 489 magno
669 457 769 484 animo
785 447 870 485 disci-

21 492 118 530 pline
131 498 246 525 attenti
254 498 457 534 patiebantur,
466 507 526 527 non
537 507 644 535 parum
655 501 869 530 consolationis

21 537 336 577 aﬂ'erebant,ignavit
343 551 401 579 que
408 544 537 579 pectoris
549 547 576 572 et
585 545 744 573 hebetioris
756 547 868 581 ingenii

21 581 217 613 hominibus
230 594 292 614 non
302 595 414 623 parvos
427 587 466 615 ad
477 588 680 617 fortitudinem
710 598 867 626 capessen-

21 626 96 656 dam
114 629 249 659 aculeos
259 631 444 667 adjiciebant
457 654 465 661 .

55 673 178 709 Itaque
197 676 461 711 quemadmodum
486 678 616 706 Ezechiel
641 681 665 706 et
694 680 794 707 Daniel
817 688 868 708 eos

21 717 74 753 qui
88 719 188 754 apud
197 720 382 756 Babylonem
391 722 493 750 animo
503 722 868 757 deiiciebant,exclaman-

20 762 85 789 tes:
97 763 311 793 Exaruernnt
321 774 387 794 ossa
398 770 512 800 nostra,
521 775 584 801 spes
600 772 702 796 nostra
709 769 869 804 desperata

37 806 147 836 Cilicet
164 810 289 837 evanuit
306 812 313 837 l
330 819 337 837 :
351 811 576 847 perapposisitis
588 812 743 848 colloquiis
753 822 867 841 recrea-

23 850 103 879 hant
123 873 134 886 ,
151 853 292 889 quandiu
306 854 383 882 vivis
399 854 456 882 illis
469 855 544 889 frui,
555 856 692 891 quandiu
710 858 869 886 condolen-

23 897 70 923 tes
86 899 124 924 et
146 899 341 926 consolantes
368 900 495 935 experiri
521 900 612 934 licuit,
636 901 749 929 leviora
763 902 869 938 procul

26 939 132 969 dubio
145 941 276 971 fortunae
297 943 354 972 tela
367 944 546 979 sentiebant,
560 953 614 973 nec
630 947 753 974 omnino
777 956 794 974 a
819 956 870 983 pa-

25 985 85 1013 tria
104 994 142 1014 se
154 995 211 1015 sua
222 988 358 1016 exsulare
374 988 608 1022 arbitrabantur,
623 994 655 1018 ut
670 992 721 1027 qui
731 992 868 1027 pulcher-

27 1030 114 1059 rima
128 1031 259 1060 civitatis
275 1041 336 1061 suae
345 1033 482 1069 donaria,
497 1035 656 1071 capitaque
670 1036 744 1063 adeo
755 1037 867 1073 quibus

27 1075 215 1110 reipublicae
231 1077 409 1111 gubernatio
424 1078 569 1112 innititur,
588 1080 676 1107 etiam
690 1082 751 1107 tum
768 1084 868 1108 osten—

29 1122 149 1148 tarem.
168 1122 233 1149 Non
248 1122 329 1150 enim
340 1130 375 1150 ex
391 1123 552 1156 moenibus,
570 1125 735 1159 quamlibet
751 1126 800 1153 illa
817 1127 867 1153 lio-

28 1163 158 1192 minum
177 1166 321 1194 manibus
335 1167 449 1195 aﬂ'abre
473 1171 595 1199 structa,
618 1171 669 1196 aut
683 1170 764 1197 tectis
776 1171 867 1197 subli-

30 1209 153 1243 mibus,
172 1214 224 1238 aut
236 1211 412 1246 porticibus,
429 1215 479 1240 aut
489 1212 552 1240 foro
564 1218 707 1242 exornata
721 1215 787 1246 sint,
800 1224 868 1243 vera

30 1254 167 1282 civitatis
179 1256 277 1284 forma
291 1256 440 1293 dependet
452 1260 500 1289 (6);
518 1258 570 1285 sed
586 1259 784 1287 exhominum
799 1268 868 1295 pro-

31 1298 140 1332 bitate,
178 1300 347 1335 honestate,
378 1301 540 1336 religione:
571 1303 681 1338 quibus
698 1304 868 1339 quicunque

31 1344 185 1378 preditus
197 1347 251 1377 est,
266 1346 356 1373 etiam
372 1346 396 1373 si
407 1346 464 1373 sub
484 1355 596 1383 quercu
623 1351 783 1384 pernoctet,
810 1357 869 1376 nie-

32 1386 118 1416 lioris
130 1389 182 1417 ille
198 1392 314 1417 natura:
328 1390 438 1426 hospes
452 1391 586 1426 eiﬁcitur,
608 1393 726 1427 dignior
739 1394 867 1426 interim,

32 1439 127 1468 quem
142 1433 257 1462 civium
272 1442 397 1462 suorum
414 1436 549 1472 catalogo
564 1438 705 1472 quaelibet
724 1439 795 1465 urbs
821 1447 868 1465 ac-

34 1480 172 1511 censeat,
185 1486 223 1506 ne
231 1479 330 1507 dicam
346 1480 495 1508 mundum
511 1481 622 1516 ipsum.
639 1487 867 1518 quantusquam

37 1523 84 1549 tus
100 1525 161 1555 est,
178 1523 262 1551 hisce
278 1524 414 1552 moribus
430 1525 528 1553 incola
548 1534 670 1561 prorsus
697 1527 855 1561 indignum

69 1567 144 1600 Quae
155 1567 555 1605 quidemjomnia,tanquam
565 1570 621 1605 piae
629 1571 755 1599 civitatis
763 1571 856 1599 funda

35 1614 149 1645 menta,
165 1615 330 1648 praesentes
342 1613 382 1641 illi
397 1613 442 1641 vel
454 1614 517 1642 solo
525 1617 599 1642 nutu
607 1615 824 1651 adimplebant,
838 1619 869 1644 ut

34 1663 169 1692 quorum
186 1657 296 1685 animis
311 1658 483 1694 reipublicae
502 1659 578 1686 bene
594 1660 760 1687 constitutae
772 1660 869 1688 forma

35 1700 123 1729 altius
133 1701 288 1738 impressa
297 1705 383 1738 esset,
398 1710 433 1730 ac
445 1703 469 1730 si
481 1704 703 1739 ejusdemlcges
715 1705 867 1738 animate»,

33 1745 257 1782 quoddamque
276 1747 357 1775 velut
384 1748 551 1783 superstitis
581 1750 867 1785 Contantinopoleos

34 1791 302 1826 propugnaculum
318 1794 631 1828 essent.Posteaquam
644 1802 712 1821 vero
725 1802 779 1829 par
795 1794 867 1821 illud

35 1833 164 1863 fratrum
178 1836 381 1864 sanctimonia:
388 1837 470 1865 fama
483 1838 656 1872 celebrium,
669 1838 707 1865 ad
717 1839 868 1866 C(I-‘leSit'm

36 1878 116 1907 illam
133 1881 277 1916 rempub.
298 1882 403 1917 paucis
420 1885 488 1910 ante
510 1882 617 1910 diebus
644 1887 800 1911 evocatum
814 1887 866 1917 cst,

37 1924 144 1952 necita
161 1925 258 1953 multo
271 1928 339 1961 post
360 1926 450 1954 frater
464 1927 511 1954 ille
538 1935 635 1962 meus,
661 1928 713 1963 qui
737 1929 868 1956 duorum

36 1967 107 2004 jugo
119 1970 228 1998 tertius
237 1971 585 2007 accesserat,eodemque
596 1980 656 2007 quo
670 1972 867 2000 illisenatorio

38 2021 164 2041 munere
178 2013 372 2049 fungebatur,
385 2023 447 2042 una
461 2023 582 2051 quoque
598 2024 666 2043 cum
686 2017 741 2044 illis
753 2025 867 2044 assum-

38 2059 118 2093 ptus.
133 2059 298 2094 aeternique
313 2061 433 2087 senatus
445 2060 513 2087 albo
525 2060 693 2096 adscriptus
717 2064 771 2093 est;
799 2064 868 2089 tunc

39 2109 106 2130 vero
135 2102 232 2130 nostri
261 2102 301 2130 illi
337 2103 628 2139 Megalopolitani(7).
658 2106 709 2140 qui
740 2106 866 2134 Nicaeam

37 2147 323 2182 commigraverant.
337 2147 403 2175 illos
431 2156 448 2176 a
473 2156 502 2176 se
527 2149 673 2177 abductos
699 2153 866 2182 senserunt,

859 1544 905 1591 λα

925 280 1076 310 bonorum
1092 283 1230 311 cumulus
1241 284 1377 313 inversus
1387 285 1442 313 est!
1455 284 1577 321 qualem
1590 284 1749 321 probitatis

924 325 1151 363 honestatisque
1164 328 1310 364 triplicem
1318 329 1536 365 funiculum(8),
1552 336 1613 357 non
1625 328 1749 357 calami-

924 372 1020 399 tatum
1034 372 1255 408 quidem,juxta
1266 375 1386 410 sapiens
1401 374 1476 403 illud
1487 374 1641 411 ἀποφθιγμα
1650 374 1749 402 disru-

924 415 966 451 pit
980 420 1184 452 minaatq,aut
1198 418 1457 447 circumstantium
1471 427 1598 447 casuum
1605 419 1751 447 violentia

923 460 1053 494 divulsit,
1070 464 1100 490 at
1114 462 1178 490 sola
1192 470 1274 491 mors
1288 471 1412 492 auream
1426 464 1557 491 virorum
1571 463 1690 492 illorum
1698 471 1748 491 ca-

923 507 1024 533 tenam
1036 506 1213 539 dissolvens,
1231 507 1442 544 sigillatimque
1456 508 1619 545 dissipans,
1641 508 1682 535 ad
1701 508 1747 536 ni-

922 549 1017 578 hilum
1032 551 1156 579 tandem
1171 552 1294 587 redegit:
1318 561 1448 589 cumque
1463 553 1540 581 adeo
1554 552 1748 580 clementissi-

923 602 991 622 mus
1003 595 1051 623 ille
1066 596 1121 630 vir,
1137 597 1331 633 optimusque
1342 597 1463 626 Michael
1477 597 1593 634 primus
1608 597 1668 625 fato
1677 604 1747 625 con-

923 639 1070 674 cessisset,
1087 648 1124 668 ex
1142 640 1222 668 facili
1249 641 1300 669 illa
1314 644 1342 669 et
1367 641 1494 677 simplici
1509 642 1613 670 anima
1628 643 1745 669 tantum

923 684 1234 720 superfuit,quantum
1245 686 1493 722 Megalopolitana
1499 686 1619 714 colonia
1634 694 1704 714 suos
1715 686 1747 714 in

923 736 995 755 usus
1009 729 1151 765 reposuit:
1168 730 1291 758 unicum
1305 731 1423 759 interim
1439 730 1579 759 dolorum
1593 730 1746 766 solatium,

922 772 1104 808 locupletem
1119 773 1204 802 illum
1220 774 1330 803 scilicet
1340 775 1573 811 multiscumque
1596 776 1746 803 Joannem

924 816 978 844 sibi
995 825 1181 854 proponens;
1197 818 1431 855 illum,inquam,
1443 819 1495 855 qui
1506 819 1630 847 consilio
1641 822 1748 855 etpru-

924 860 1024 889 dentia
1049 862 1180 898 reliquos
1206 863 1381 891 antecellere
1407 863 1498 898 cives,
1513 863 1748 900 reipublicseque

923 905 1001 933 adeo
1009 906 1121 942 optime
1128 908 1297 936 constituta
1307 907 1408 936 vivum
1414 908 1569 944 exemplar
1581 908 1747 937 dicebatur.

960 951 1067 978 Verum
1077 953 1276 988 posteaquam
1286 953 1392 988 paucis
1405 952 1564 987 interjectis
1574 952 1680 980 diebus
1690 952 1748 981 hoc

923 1003 1044 1031 quoque
1060 995 1181 1024 fratrem
1192 996 1352 1025 subsecuta
1366 1000 1470 1025 nostra
1498 996 1619 1025 colonia
1642 997 1749 1025 orbata

923 1039 979 1071 est,
995 1042 1085 1076 atque
1088 1041 1171 1076 justa
1181 1040 1278 1069 funeri
1293 1041 1358 1077 ejus
1369 1041 1520 1077 persolvit,
1532 1041 1648 1070 Nicetes
1656 1041 1749 1070 frater

923 1091 1009 1112 meus
1025 1087 1189 1121 supererat,
1204 1093 1295 1122 quem
1314 1085 1365 1114 illa
1384 1085 1572 1122 praedicaret,
1599 1088 1746 1122 tanquam

923 1137 1004 1162 eum,
1014 1137 1075 1166 quo
1089 1130 1121 1158 in
1136 1138 1196 1158 uno
1211 1138 1317 1159 omnes
1328 1131 1422 1159 animi
1433 1130 1565 1158 duorum
1576 1130 1749 1166 praeceden-

924 1175 997 1203 tium
1008 1175 1092 1203 dotes
1106 1175 1318 1210 elucescerent,
1333 1176 1420 1211 cujus
1444 1176 1535 1204 etiam
1563 1183 1657 1203 causa
1684 1183 1747 1204 non

923 1227 1049 1254 parvam
1065 1219 1168 1248 animo
1178 1220 1434 1256 eXSpectationem
1449 1222 1639 1256 conceperat.
1651 1220 1748 1253 Quem

924 1264 1013 1292 simul
1028 1266 1119 1300 atque
1130 1264 1289 1300 naufragio
1303 1268 1490 1301 postremum
1507 1264 1618 1298 amisit,
1641 1265 1750 1292 immo-

923 1309 998 1336 dicis
1009 1309 1098 1337 hodie
1113 1309 1268 1337 doloribus
1284 1309 1435 1344 fatiscens,
1450 1312 1597 1346 tanquam
1609 1309 1749 1337 ﬂuctibus

924 1352 1083 1385 adobruta,
1097 1353 1138 1381 ad
1152 1353 1308 1390 imumque
1324 1354 1464 1382 demersa
1479 1354 1630 1389 est.Hujus
1645 1353 1750 1381 audita

923 1400 1029 1432 morte,
1044 1397 1102 1425 dici
1116 1406 1178 1426 non
1193 1400 1290 1434 potest
1304 1401 1434 1434 quantos
1446 1399 1477 1426 in
1490 1398 1588 1426 luctus
1612 1398 1749 1426 inciderit

924 1442 1003 1477 Asia,
1017 1451 1171 1479 quamque
1186 1443 1318 1479 querulis
1332 1443 1471 1471 lamentis
1495 1443 1654 1479 queritanti
1673 1451 1749 1470 mae-

926 1487 998 1515 stior
1013 1488 1131 1523 Europa
1138 1487 1338 1523 responderit,
1353 1487 1443 1515 simul
1451 1489 1540 1523 atque
1551 1487 1588 1515 de
1597 1495 1743 1515 commun

925 1531 1061 1560 omnium
1076 1532 1191 1560 damno
1205 1532 1312 1560 certior
1326 1532 1406 1560 facta
1421 1534 1474 1560 est.
1491 1531 1577 1564 Quod
1592 1531 1617 1559 si
1630 1531 1749 1567 utrique

924 1576 1088 1604 continenti
1097 1576 1180 1604 velut
1189 1575 1358 1604 universale
1372 1575 1468 1604 fatum
1487 1577 1603 1604 tantam
1630 1575 1749 1603 cladem

923 1620 1095 1656 intulit(sive
1110 1620 1291 1657 probitatem
1306 1623 1434 1657 utraque
1449 1622 1532 1648 tuam
1543 1622 1612 1649 ante
1627 1622 1750 1657 experta

923 1665 1030 1700 fuerat,
1042 1665 1104 1693 sive
1117 1673 1218 1693 rerum
1229 1668 1282 1694 ate
1296 1665 1439 1702 prmelare
1450 1667 1603 1700 gestarum
1613 1665 1697 1693 fama
1709 1665 1750 1693 ad

923 1710 1100 1739 earumdem
1113 1718 1201 1738 aures
1213 1710 1409 1747 pervenerat),
1421 1711 1454 1738 ut
1464 1712 1525 1738 tam
1534 1717 1612 1745 aegre
1621 1712 1749 1738 mortem

923 1757 1019 1789 tuam,
1035 1763 1053 1783 ο
1079 1755 1258 1783 charissima
1279 1754 1353 1783 mihi
1364 1754 1616 1791 sanctissimeque
1634 1754 1748 1789 anima,

924 1799 1053 1833 tulerint,
1070 1807 1161 1836 quem
1176 1807 1244 1834 nos,
1259 1807 1374 1836 quaeso,
1390 1799 1549 1834 gemitibus
1564 1802 1592 1827 et
1618 1799 1748 1835 querelis
1800 1831 1805 1835 τ

924 1844 1050 1872 modum
1064 1845 1219 1881 imponere
1232 1844 1394 1872 debemus?
1408 1844 1460 1880 qui
1470 1844 1495 1872 si
1505 1844 1748 1879 cujusmodicun-

923 1897 982 1925 que
1006 1889 1138 1922 habitus,
1155 1892 1206 1918 aut
1230 1889 1427 1925 cognationis,
1444 1891 1476 1917 ut
1488 1890 1554 1924 jam
1569 1889 1642 1922 dixi,
1670 1889 1747 1917 ratio

923 1934 1073 1962 habeatur
1086 1935 1215 1971 (generis
1239 1934 1320 1962 enim
1345 1934 1429 1969 origo
1453 1934 1561 1961 eadem
1589 1933 1678 1961 nobis
1693 1936 1748 1969 est)

924 1979 1090 2007 innumeris
1102 1978 1282 2007 aﬂlictamur
1291 1978 1477 2010 modis?nos,
1487 1978 1623 2013 inquam,
1633 1977 1745 2013 quibus

923 2025 979 2051 ate
994 2023 1163 2051 officiorum
1174 2023 1360 2051 inﬁnitarum
1375 2022 1515 2050 cumulus
1530 2023 1666 2056 accessit,
1678 2023 1746 2058 qni-

922 2068 981 2096 bus
989 2070 1046 2096 tute
1053 2068 1166 2097 virtutis
1173 2067 1330 2103 ergonulla
1336 2075 1397 2097 non
1403 2067 1642 2104 honorisspecies
1649 2075 1747 2096 accre-

923 2113 975 2148 vit,
989 2113 1041 2149 qui
1053 2121 1114 2141 non
1128 2113 1268 2148 exiguam
1280 2123 1316 2143 ex
1327 2115 1416 2143 rebus
1430 2118 1486 2144 ate
1500 2114 1644 2152 praeclare
1655 2113 1745 2148 gestis

920 2158 1043 2187 laudem
1058 2161 1160 2187 nostro
1174 2160 1262 2196 quasi
1274 2160 1341 2195 jure
1355 2161 1444 2189 nobis
1459 2160 1665 2191 vendicamus,
1675 2166 1746 2187 cum

38 2193 107 2219 tunc
120 2199 185 2220 uno
196 2192 333 2220 omnium
344 2200 493 2220 consensu
509 2194 607 2221 nudos
619 2202 659 2228 se,
672 2195 865 2230 pristinaeque

923 2211 1002 2231 nunc
1017 2203 1140 2232 tandem
1155 2192 1219 2232 sine
1233 2205 1294 2233 ulla.
1310 2213 1395 2233 mora
1410 2207 1439 2233 et
1453 2204 1611 2233 confestim
1632 2211 1689 2232 nos
1704 2202 1746 2231 tui

38 2235 140 2270 gloria:
148 2237 336 2265 ornamentis
346 2237 490 2273 spoliatos
501 2241 698 2273 agnoverunt:
711 2242 778 2267 tunc
786 2240 866 2267 dan

37 2288 94 2317 que
109 2289 144 2309 se
158 2281 234 2309 nihil
246 2281 329 2309 aliud
339 2290 433 2318 quam
446 2283 573 2310 miseros
596 2283 715 2311 exsules
731 2286 758 2311 et
770 2287 865 2312 extor-

37 2332 92 2359 res,
107 2327 203 2362 atque
218 2326 342 2354 omnino
353 2327 470 2354 civitate
482 2327 584 2363 pulsos
599 2328 728 2362 ingenue
736 2329 865 2364 professi

39 2372 114 2398 sunt.
134 2370 340 2402 Quamobrem
357 2371 387 2398 in
400 2370 498 2399 luctus
522 2372 612 2399 etiam
628 2381 712 2407 aeque
740 2373 863 2401 acerbos

38 2414 217 2446 inciderunt,
229 2419 319 2451 atque
328 2416 352 2443 si
367 2416 433 2452 ipso
449 2416 479 2444 in
495 2417 637 2452 temporis
658 2418 782 2445 articulo
796 2418 865 2446 civi-

38 2461 79 2486 tas
94 2459 148 2487 illa
162 2461 318 2495 repentino
330 2460 462 2488 hostium
479 2461 599 2489 incursu
608 2462 685 2489 victa
701 2471 864 2498 eversaque

39 2504 358 2533 corruisset.Eninvero
367 2513 436 2533 cum
446 2506 686 2541 praestississimis
696 2507 865 2543 quibusque

39 2549 126 2577 rebus
142 2549 273 2585 spoliata
286 2552 447 2585 esset,cum
463 2559 518 2579 sua
532 2551 582 2578 illa
593 2551 738 2579 ditissima
759 2554 865 2581 zeraria

39 2593 335 2630 hostiumdireptioni
344 2596 479 2631 exposita
492 2596 864 2633 vidisset,quantum,proh

40 2639 131 2674 dolor,
144 2639 319 2667 Christianae
329 2636 447 2676 reipub,
464 2641 618 2669 vinculum
632 2641 795 2670 dissectum
810 2644 862 2671 est!

75 2712 80 2728 '
96 2710 202 2739 Ezech.
217 2719 327 2746 xxxvn,
345 2715 371 2740 tl

74 2775 111 2810 (6)
138 2774 256 2804 Alludit
278 2775 319 2805 ad
335 2777 632 2807 Lacedaemoniorum
646 2779 785 2816 rempub.
799 2788 864 2816 ([υω

45 2820 117 2855 viris,
130 2827 194 2851 non
207 2821 363 2851 menibus
377 2821 560 2853 inniteretur.

920 2248 1217 2285 splendorenominis
1224 2249 1358 2285 privatos
1368 2250 1524 2279 videamus
1531 2250 1661 2285 (gentem
1670 2248 1746 2276 alias

920 2292 1117 2329 multiplicem
1142 2295 1171 2321 et
1193 2293 1397 2329 proletariam,
1421 2302 1551 2331 quaeque
1566 2301 1620 2330 per
1638 2300 1745 2322 omnes

919 2338 996 2366 Asiae
1009 2339 1099 2374 atque
1115 2339 1237 2374 Europae
1251 2339 1388 2375 regiones
1403 2339 1493 2376 longe
1503 2339 1619 2375 lateque
1635 2337 1747 2366 diffun-

920 2382 1009 2415 ditur,
1026 2385 1055 2410 et
1069 2382 1110 2410 tui
1122 2383 1254 2411 nominis
1266 2383 1402 2420 auspicio
1416 2384 1598 2418 nobilitatur)
1611 2391 1689 2419 quos
1704 2385 1745 2410 ta-

919 2435 990 2455 men
1001 2427 1059 2455 hoc
1067 2429 1201 2463 tempore
1211 2428 1353 2464 separari,
1365 2431 1417 2457 aut
1428 2429 1511 2457 domi
1521 2435 1669 2464 quemque
1681 2435 1744 2454 suae

920 2479 1057 2500 seorsum
1072 2471 1174 2507 lugere
1187 2472 1309 2501 minime
1323 2473 1459 2507 decebat,
1477 2472 1529 2500 sed
1539 2473 1570 2500 in
1584 2479 1678 2499 unum
1688 2479 1743 2507 po-

920 2517 977 2545 tius
989 2516 1090 2544 locum
1106 2519 1258 2551 coeuntes,
1283 2520 1373 2554 atque
1398 2517 1549 2545 tumulum
1579 2518 1663 2543 tuum
1689 2515 1745 2543 cir-

920 2564 1115 2595 cumstantes,
1128 2570 1174 2589 me
1185 2562 1296 2591 misero
1306 2562 1403 2591 luctus
1412 2561 1587 2598 coryphteo,
1596 2559 1744 2596 lugubris-

920 2617 979 2645 que
994 2607 1100 2636 naeniae
1111 2610 1306 2643 praecentore,
1322 2606 1497 2636 tristissimis
1510 2606 1705 2634 concentibus
1716 2607 1746 2634 et

919 2653 1060 2682 lamentis
1075 2652 1210 2680 dolorem
1222 2652 1322 2680 testari
1337 2651 1544 2687 conveniebat,
1555 2650 1605 2679 illo
1615 2658 1678 2679 non
1688 2650 1745 2679 mi-

956 2725 995 2762 (7)
1012 2723 1358 2760 Constantinopolitanos
1374 2723 1519 2758 intelligit.

957 2789 996 2824 t8)
1011 2788 1143 2818 Nicetam
1159 2788 1187 2816 et
1202 2786 1405 2816 Belissariotas
1421 2786 1499 2815 duos
1508 2787 1654 2823 intelligit.
