4028 6308
550 339 651 394 371

1437 338 1808 397 MlCHAELlS
1853 337 2226 396 ACOMINATI
2263 337 2698 396 ATHENARUM
2736 339 3060 395 ARCHIEP.

3920 332 4012 386 37f

548 461 782 534 horam,
824 476 948 534 quo
993 461 1232 532 Iosephi
1277 461 1583 531 exercitus,
1615 477 1754 519 cum
1783 461 2004 519 Jacobo
2039 464 2200 534 justa
2229 467 2274 520 A
2315 465 2594 530 evadant,
2624 463 2754 521 hac
2785 468 2985 520 autem
3031 466 3242 519 contra
3271 466 3430 518 certo
3460 463 3580 517 ictu
3619 457 3888 515 inﬂicta
3955 454 4012 510 si

550 550 933 623 persolveret,
967 554 1307 608 commotus
1351 551 1533 607 fuisse
1573 551 1774 608 fertur.
1803 551 1955 608 Nam
1986 553 2035 607 si
2085 553 2200 609 hoc

549 645 727 712 pacto
759 640 952 696 luctus
1000 644 1236 697 nostros
1266 640 1915 710 instituissemusﬁnihil
1955 643 2202 699 omnino

549 730 780 796 fuisset,
809 729 977 801 quod
1003 728 1180 785 nobis
1203 730 1319 786 hac
1343 731 1406 786 in
1428 747 1493 788 re
1519 731 1780 788 defuisse
1808 732 2019 788 merito
2045 732 2204 805 quis-

549 835 738 892 quam
769 819 1032 891 objicere
1060 820 1377 892 potuisset.

620 911 694 966 At
721 925 864 966 vero
894 926 1035 966 cum
1075 925 1239 966 nunc
1278 910 1376 966 alii
1419 910 1498 967 ab
1529 911 1660 968 aliis
1693 913 1942 982 sejuncti
1993 913 2202 979 simus,

550 1013 660 1056 con
663 998 772 1069 jux
787 999 1034 1071 quidem
1049 998 1236 1069 digna
1250 1015 1387 1072 qua
1406 1005 1604 1056 tecum
1624 1000 1803 1072 vulgo
1822 1001 2204 1058 decantatam

551 1087 804 1144 cornicis
831 1088 1019 1144 vitam
1048 1089 1424 1159 transigeret,
1459 1088 1664 1162 aliquo
1702 1089 1763 1144 in
1794 1089 2040 1160 angulo,
2083 1105 2204 1146 me-

551 1177 774 1250 diaque
806 1177 977 1232 humi
1009 1178 1536 1250 procumbentium
1574 1179 1834 1236 ﬁliorum
1880 1179 2118 1247 scilicet,
2151 1183 2207 1236 et

551 1266 852 1339 puberum
865 1271 923 1323 et
934 1266 1344 1339 impuberum,
1361 1284 1604 1336 corona,
1620 1267 1797 1340 pullis
1813 1268 2024 1325 induta
2034 1269 2207 1325 vesti-

550 1355 668 1412 bus
717 1356 960 1426 sedens,
1004 1362 1063 1413 et
1112 1358 1374 1430 seipsam
1413 1358 1653 1424 marito,
1684 1362 1740 1414 et
1770 1357 1927 1414 ﬁlios
1959 1361 2206 1431 parente

552 1444 820 1515 orbatos,
853 1445 1079 1517 ejulatu
1116 1446 1443 1503 miserabili
1465 1447 1846 1504 lamentatur.
1879 1451 1958 1503 Ex
2005 1448 2208 1503 liberis

552 1539 756 1592 autem
786 1539 953 1591 atate
983 1535 1460 1608 provectioribus
1491 1536 1641 1592 alter
1669 1536 1818 1605 aliis,
1848 1536 2052 1592 nescio
2077 1537 2206 1609 qui—

552 1623 670 1679 bus
700 1639 906 1680 errans
936 1623 998 1678 in
1051 1624 1199 1680 locis
1229 1625 1445 1682 tacitus
1492 1624 1659 1696 apud
1705 1640 1767 1680 se
1795 1624 1959 1695 luget
1986 1642 2205 1698 queru-

553 1713 799 1785 lamque
832 1713 1204 1770 monauliam
1230 1715 1634 1787 prosequitur.
1667 1715 1990 1788 Propinqui
2036 1716 2202 1772 deni-

552 1817 671 1875 que
685 1801 783 1858 alii
803 1803 1356 1876 consanguineique
1377 1807 1673 1876 quotquot
1693 1805 1892 1860 Asiam
1914 1804 2201 1871 incolunt,

549 1890 823 1962 lugubris
847 1893 1031 1963 hujus
1059 1892 1368 1964 tragadia
1400 1898 1592 1962 actus,
1616 1893 1695 1950 ad
1717 1909 1820 1951 eos
1839 1894 1943 1968 qui
1971 1895 2032 1950 in
2055 1897 2204 1951 Gra-

549 1980 645 2038 cia
672 1981 970 2051 habitant,
1003 1983 1484 2040 transmiserunt.

619 2075 742 2145 Ego
754 2087 934 2145 porro
944 2071 1123 2142 longe
1149 2073 1598 2131 infelicissimus
1614 2078 1670 2132 et
1691 2074 2067 2132 miserrimus
2083 2074 2201 2133 fra-

546 2167 631 2220 ter
643 2163 921 2220 hesterno
944 2163 1193 2236 quidem
1217 2164 1683 2239 die,nudiusque
1701 2166 1908 2222 tertius
1931 2166 2201 2239 amplam

546 2252 790 2309 aliunde
819 2253 1016 2309 luctus
1049 2255 1362 2311 materiam
1382 2259 1617 2321 nactus,
1645 2271 1786 2312 cum
1816 2271 1887 2311 ex
1923 2255 2199 2327 publicis,

544 2345 676 2398 tum
704 2343 956 2414 privatis
988 2344 1137 2398 meis
1161 2344 1353 2416 ipsius
1379 2345 1786 2401 incommodis
1805 2349 1881 2414 (9)
1907 2364 1919 2400 :
1954 2362 2024 2401 eo
2054 2362 2202 2418 pra-

547 2431 753 2486 sertim
781 2431 1048 2496 nomine,
1082 2432 1250 2504 quod
1275 2433 1803 2505 opulentissimum
1823 2434 1996 2504 juxta
2025 2440 2082 2490 et
2110 2449 2202 2490 ce-

542 2517 932 2575 leberrimum
961 2519 1253 2592 templum
1279 2521 1634 2577 Atheniense
1681 2521 1871 2593 (illud,
1925 2525 2201 2596 inquam,

544 2613 752 2664 sancte
773 2609 1446 2680 domine,‘augustissim
1457 2627 1559 2666 um
1581 2611 1894 2683 templum.
1919 2614 2084 2685 quod
2103 2614 2205 2670 Dei

547 2698 820 2754 Genitrici
860 2703 1275 2754 consecratum
1308 2703 1418 2767 est,
1451 2700 1671 2773 talique
1703 2701 1954 2772 praside
1979 2703 2038 2757 in
2068 2718 2204 2774 per-

545 2793 796 2861 petuum
857 2788 1009 2860 eget)
1053 2788 1202 2844 mihi
1250 2790 1669 2855 commissum,
1714 2791 2006 2863 cujusque
2051 2793 2205 2848 adeo

546 2876 842 2950 spirituali
861 2877 1033 2934 altari
1054 2888 1403 2950 praessem,
1425 2879 1530 2934 ubi
1551 2895 1740 2952 quam
1756 2881 2017 2937 maxime
2039 2888 2204 2954 pote-

545 2981 678 3024 ram
699 2982 872 3023 sacro
889 2966 1220 3023 ministerio
1243 2966 1588 3024 exhibendo
1619 2970 1905 3026 assiduus
1934 2971 2204 3041 invigila-

2235 1764 2276 1823 Β

2313 554 2619 626 animique
2642 569 2912 609 recessus
2944 552 3184 608 intimos
3215 555 3508 624 penetret:
3543 548 3629 604 vel
3660 546 3806 603 ﬁeri
3870 543 4011 616 quia

2311 643 2451 700 dem
2482 648 2696 716 potest,
2743 648 2808 698 ut
2846 643 3242 700 tentationum
3290 642 3493 697 fumus
3550 636 4012 709 indignatione

2312 733 2580 789 Numinis
2610 732 2961 798 ascenderit,
2993 732 3097 804 qui
3125 731 3393 787 futurum
3416 727 3773 785 incendium
3843 739 4011 797 prae

2311 823 2629 890 nuntiaret,
2663 827 2719 878 et
2740 822 2981 878 crebras
3006 838 3079 877 ex
3126 821 3317 877 oculis
3359 819 3662 892 lacrymas
3705 816 4010 873 eliceret

2311 916 2449 984 post
2476 927 2658 984 quem
2689 910 3080 966 aﬂlictionum
3109 909 3264 980 ignis
3289 909 3724 966 exardesceret.
3771 907 4012 970 Longi

2311 1017 2455 1058 vero
2485 1001 2798 1058 calidiores
2830 1006 2886 1056 et
2912 1000 3315 1056 diuturniores
3344 1013 3494 1066 esse,
3518 1012 3671 1071 quas
3698 995 3855 1066 jam
3899 993 4012 1048 luc

2313 1106 2544 1164 panes,
2574 1091 2702 1146 dies
2720 1090 3049 1146 hodiernus
3073 1088 3350 1155 ostendit,
3383 1102 3506 1160 quo
3548 1085 3811 1158 quidem
3869 1097 4012 1138 car.

2313 1180 2505 1237 bones
2537 1185 2905 1251 exarserunt,
2947 1180 3050 1252 qui
3098 1179 3246 1234 mihi
3301 1192 3617 1250 nunquam
3670 1171 4012 1242 restingui

2315 1276 2418 1327 aut
2444 1287 2479 1327 a
2522 1269 2717 1326 cordis
2761 1270 2879 1325 mei
2928 1269 3225 1339 sanguine
3280 1265 3665 1340 depascendo
3697 1259 4012 1319 cohiberi

2315 1375 2500 1433 posse
2527 1359 2825 1415 videntur.
2850 1361 2928 1413 Ex
2957 1374 3081 1431 quo
3112 1359 3328 1422 evenit,
3356 1355 3543 1412 utilia
3557 1369 3651 1410 me
3672 1353 4012 1424 lacryma

2314 1448 2702 1519 destituerint,
2735 1449 2856 1503 sive
2904 1447 3070 1520 quod
3122 1446 3387 1520 pristinis
3439 1445 3588 1501 meis
3643 1440 3837 1498 malis
3903 1455 4012 1496 ex-

2314 1540 2533 1597 hausta
2562 1538 2634 1594 sit
2658 1553 2817 1610 aqua
2847 1537 2967 1604 illa,
2986 1551 3123 1610 qua
3142 1552 3279 1592 meo
3309 1536 3383 1591 de
3400 1536 3591 1607 capite
3611 1529 4012 1598 distillabat,

2316 1629 2438 1684 sive
2468 1625 2635 1700 quod
2655 1628 2883 1696 majore
2911 1639 3075 1681 nunc
3097 1626 3212 1680 sim
3229 1629 3392 1680 metu
3418 1621 3762 1696 perculsus,
3789 1622 4012 1689 atque

2315 1719 2467 1775 adeo
2495 1733 2596 1773 cor
2624 1731 2830 1772 meum
2844 1715 3002 1771 mille
3025 1719 3201 1772 antea
3221 1713 3420 1770 modis
3439 1709 3820 1773 aiﬂictatum,
3855 1713 4012 1762 tan‘

2314 1808 2451 1864 dem
2475 1807 2626 1864 sicut
2645 1806 2849 1861 fenum
2882 1805 3172 1870 aruit,nec
3202 1804 3263 1860 in
3294 1807 3600 1876 posterum
3629 1803 3855 1855 tantus
3883 1801 4012 1853 aut

2272 1946 2280 1954 .
2310 1897 2719 1970 lacrymarum
2743 1894 2925 1961 rivus,
2954 1899 3054 1950 aut
3081 1892 3427 1964 lugubrium
3458 1903 3817 1947 sermonum
3840 1886 4012 1942 fons

2312 2003 2386 2043 ex
2431 1986 2531 2042 illo
2581 1984 2868 2041 scaturire
2921 1984 3127 2056 possit,
3173 1986 3472 2056 quantum
3497 1975 4012 2052 perturbationis

2308 2076 2501 2149 ipsius
2547 2073 2900 2144 magnitudo
2928 2073 3195 2145 requirit,
3250 2076 3315 2127 ut
3363 2085 3486 2144 quo
3514 2067 3741 2125 doloris
3790 2066 4006 2133 illius,

2311 2182 2495 2240 quem
2528 2164 2732 2221 animo
2754 2163 3002 2235 concepi
3029 2161 3436 2230 meo,tandem
3458 2159 3644 2231 ejecto
3669 2156 4011 2229 pondere,

2312 2256 2498 2312 levior
2527 2260 2582 2310 et
2604 2252 2934 2326 expeditior
2957 2252 3235 2308 evadam.
3256 2252 3448 2316 Quare
3465 2249 3595 2320 jam
3615 2245 3772 2303 mihi
3796 2245 4008 2300 siccis

2312 2346 2520 2411 oculis,
2556 2343 2854 2415 mutisque
2883 2341 3242 2411 singultibus
3271 2337 3677 2403 intolerabilis,
3704 2335 3815 2391 hic
3837 2334 4010 2391 ειιὶοι

2311 2436 2417 2510 qui
2447 2434 2727 2490 dolorum
2756 2432 2910 2488 fetus
2959 2431 3305 2488 necessario
3352 2427 3696 2486 tolerandus
3732 2431 3855 2494 est,
3895 2425 4011 2480 cui

2313 2526 2494 2581 etiam
2519 2522 2900 2580 breviusculo
2922 2520 3284 2577 miserabilis
3312 2519 3497 2590 hujus
3526 2517 3680 2581 vita,
3725 2515 3782 2570 si
3811 2514 4012 2588 quod

2315 2630 2629 2687 superesse
2661 2615 2916 2681 videtur,
2941 2627 3193 2667 excurso
3221 2611 3437 2682 spatio,
3468 2606 3868 2671 commoriar,
3912 2611 4011 2660 at-

2313 2720 2430 2777 que
2475 2705 2676 2760 nescio
2707 2719 2894 2775 quam
2946 2701 3474 2757 subterraneorum
3520 2696 4004 2760 barathrorum,

2314 2793 2815 2866 marinorumque
2848 2793 3091 2848 sinuum
3136 2792 3198 2845 in
3240 2793 3474 2863 partem
3514 2786 3846 2860 projectus,
3903 2784 4007 2855 ja-

2314 2883 2504 2940 cebo:
2569 2888 2749 2954 atque
2803 2882 2887 2937 ita
2915 2881 3102 2946 fratri,
3133 2881 3334 2935 senior
3353 2878 3594 2950 juniori,
3625 2874 4003 2946 decrepitus

2313 2973 2589 3047 perfecta
2647 2973 2835 3029 atatis
2883 2971 3205 3044 crudaque
3259 2967 3577 3025 senectutis
3615 2965 3768 3035 viro,
3829 2980 4001 3021 con-

543 3056 712 3129 bam,
741 3073 839 3114 me
855 3061 1167 3129 prasente,
1198 3056 1352 3129 proh
1373 3056 1564 3113 dolor!
1585 3063 1764 3131 atque
1790 3059 1884 3115 his
1913 3059 2105 3116 oculis
2123 3061 2206 3116 vi-
2235 3077 2276 3134 ο
2310 3063 2550 3135 jungar.

547 3149 724 3206 dente
754 3164 790 3205 a
817 3147 1096 3218 nefangis
1122 3147 1432 3218 sacrilegis
1463 3149 1791 3221 expilatum
1816 3155 1872 3207 et
1899 3156 2205 3208 vastatum

2390 3155 2434 3210 Ο
2473 3151 2680 3208 divina
2717 3149 3112 3224 providentia,
3154 3164 3342 3222 quam
3381 3147 3601 3204 nullius
3647 3143 4000 3202 hominum

549 3241 658 3296 est.
689 3240 811 3308 Ego
838 3241 1038 3293 antem
1070 3236 1174 3308 qui
1202 3240 1339 3292 ante
1359 3239 1480 3292 tres
1510 3253 1810 3296 annorum
1835 3239 2102 3297 decadas
2125 3240 2210 3297 ibi
2317 3241 2614 3298 industria
2629 3240 3048 3313 conjecturave
3066 3239 3187 3296 ulla
3203 3238 3442 3312 assequi
3459 3240 3672 3310 potest,
3692 3250 3833 3308 qua
3849 3251 4001 3290 mo-

548 3327 716 3384 velut
743 3327 958 3383 insitus
999 3325 1254 3397 fueram,
1299 3341 1370 3381 ex
1401 3325 1543 3383 aula
1581 3329 1818 3384 Domini
1849 3330 2114 3398 avulsus,
2146 3326 2212 3387 ut

555 3415 751 3472 siccus
796 3414 1050 3487 quidam
1077 3418 1134 3470 et
1163 3429 1416 3486 prorsus
1445 3416 1670 3472 inutilis
1722 3421 1993 3486 truncus,
2042 3419 2214 3476 vehe-

554 3503 849 3561 mentiore
898 3501 1174 3574 procella
1221 3503 1390 3574 ﬂatu,
1439 3518 1602 3560 nunc
1659 3505 1721 3560 in
1769 3505 1970 3563 littora
2027 3508 2212 3564 variis

554 3591 837 3650 ﬂuctibus
858 3591 1178 3659 adobruta,
1210 3591 1304 3647 vel
1329 3593 1720 3664 confragosos
1749 3595 1983 3668 aliquos
2000 3613 2215 3671 scopu-

555 3681 648 3738 los
678 3680 922 3752 ejectus,
954 3693 1119 3734 nunc
1143 3679 1204 3734 in
1230 3678 1584 3751 depressam
1605 3682 1940 3739 convallem
1961 3689 2215 3742 astuan-

560 3771 634 3828 tis
681 3769 867 3826 maris
913 3767 1319 3826 exundatione
1369 3773 1686 3842 protrusus
1727 3771 1969 3829 fuizhis
1995 3774 2216 3833 scilicet

557 3860 726 3918 exsul
772 3860 834 3916 in
885 3858 1050 3927 locis,
1090 3858 1217 3915 sine
1249 3858 1429 3931 clero,
1479 3859 1603 3916 sine
1628 3860 1752 3918 ulla
1780 3861 2013 3920 dierum
2043 3864 2214 3922 festo-

555 3967 692 4008 rum
713 3948 1073 4017 celebritate,
1097 3948 1226 4004 sine
1248 3949 1504 4019 civitate,
1531 3949 1791 4024 denique
1815 3953 2214 4010 mediastinus

557 4042 805 4098 desertae
855 4038 1035 4096 ulula
1073 4038 1135 4094 in
1187 4054 1440 4108 morem,
1471 4038 1749 4110 lugubre,
1808 4042 2010 4100 nescio
2040 4043 2211 4116 quid,

562 4130 729 4202 apud
742 4145 840 4186 me
861 4129 1076 4185 tacitus
1101 4127 1176 4185 de
1201 4129 1448 4201 publica
1469 4133 1524 4186 et
1552 4130 1786 4202 privata
1800 4133 2060 4205 pernicie
2072 4150 2212 4207 que-

559 4220 723 4276 ritor.
755 4221 924 4275 Nunc
954 4222 1177 4285 autem,
1211 4218 1260 4274 si
1296 4218 1496 4276 luctus
1539 4219 1894 4291 hujusmodi
1921 4223 1997 4279 de
2031 4223 2212 4281 rebus

558 4307 808 4365 ulterius
854 4307 1001 4363 mihi
1038 4307 1487 4379 protrahendus
1545 4323 1670 4366 non
1699 4311 1789 4383 sit,
1843 4312 1971 4370 sola
2001 4314 2212 4371 saltem

559 4396 854 4454 memoria
877 4410 1194 4467 nunquam
1222 4397 1472 4454 excidet.

631 4491 705 4542 At
755 4499 898 4541 vero
952 4483 1048 4540 ille
1105 4485 1444 4541 charissimi
1489 4487 1700 4559 capitis
1745 4488 1966 4559 obitus,
1997 4493 2102 4565 qui
2127 4496 2212 4551 tot

557 4575 708 4632 meis
723 4573 899 4630 malis
911 4572 1102 4628 instar
1116 4572 1367 4657 dgcima
1383 4576 1796 4648 Egyptiorum
1819 4578 2206 4652 plaga,nimi-

557 4680 695 4722 rum
740 4662 1282 4737 primogenitorum
1315 4662 1762 4738 internecionis,
1796 4670 2068 4740 accessit,
2083 4686 2208 4727 om-

557 4770 699 4812 nem
721 4753 799 4810 ad
822 4767 884 4807 se
897 4750 1228 4824 planctum,
1253 4767 1432 4808 omne
1454 4751 1814 4826 lamentum,
1836 4759 2065 4814 nanias
2082 4774 2210 4816 om-

552 4859 684 4909 nes,
714 4857 928 4901 omnes
956 4841 1215 4913 denique
1241 4841 1541 4914 lacrymas
1587 4845 1847 4902 attraxit.
1882 4848 2013 4903 Hac
2045 4848 2207 4904 enim

551 4934 647 4992 ille
664 4934 768 5008 qui
787 4949 911 4989 sua
928 4930 1327 5002 indignationi
1343 4931 1531 4988 vitam
1546 4939 1867 5006 praparat,
1887 4937 2062 5008 quasi
2081 4954 2208 4996 ma.

551 5024 766 5081 nifesta
785 5023 1070 5097 quaedam
1094 5023 1532 5078 tormentorum
1548 5025 1868 5094 gymnasia
1892 5025 2041 5083 mihi
2062 5043 2208 5100 pra~

545 5114 812 5170 tendisse
841 5110 1097 5178 videtur,
1127 5111 1242 5166 hoc
1270 5114 1472 5168 autem
1507 5116 1812 5170 certamen
1840 5114 2088 5189 iusuper
2111 5133 2207 5175 ac-

547 5203 911 5266 cumulasse,
942 5201 1281 5259 maximum
1307 5200 1556 5274 quidem
1585 5201 1732 5260 illud
1764 5208 1821 5261 et
1869 5221 2199 5276 summum,

2321 3330 2413 3386 dis
2429 3328 2932 3386 inenarrabilibus
2949 3345 3044 3385 res
3060 3328 3298 3384 divinas
3311 3332 3367 3384 et
3381 3327 3682 3383 humanas
3695 3322 4000 3380 modera-

2321 3419 2422 3486 ris,
2455 3434 2591 3492 qua
2632 3434 2825 3488 mens,
2859 3434 3088 3491 quaso,
3121 3417 3288 3474 fatali
3313 3415 3682 3488 judiciorum
3730 3418 4000 3469 tuorum

2325 3507 2552 3581 abysso
2585 3524 2648 3564 se
2670 3507 2910 3564 credere
2937 3507 2997 3564 in
3024 3522 3215 3579 eaque
3240 3509 3450 3563 natare
3475 3500 3728 3560 audeat!
3761 3517 3999 3574 quam-

2323 3597 2468 3654 libet
2509 3596 2610 3653 illa
2637 3596 3039 3669 philosophia
3079 3594 3498 3652 addictissima
3525 3591 3744 3660 studio,
3777 3591 3997 3647 nodos

2323 3687 2671 3757 dissolvere,
2696 3687 3124 3760 implicataque
3145 3686 3442 3759 explicare
3463 3682 3698 3756 possit?
3728 3680 4000 3736 Differor

2324 3777 2605 3850 equidem
2628 3776 2852 3843 dolore,
2880 3777 2985 3849 qui
3009 3792 3106 3833 me
3123 3775 3205 3833 ita
3227 3773 3591 3839 exstimulat,
3611 3775 3675 3828 ut
3696 3769 3814 3827 tale
3835 3770 3999 3842 quid

2323 3867 2547 3940 profari
2574 3882 2778 3938 cogar,
2810 3883 2882 3923 ex
2941 3881 3063 3938 quo
3110 3865 3443 3939 periculum
3474 3867 3583 3933 est,
3622 3875 3699 3916 ne
3741 3861 3999 3916 temeri-

2322 3956 2457 4013 tatis
2500 3956 2646 4012 mihi
2684 3961 2829 4014 nota
2871 3957 3162 4014 inuratur.
3225 3955 3334 4021 Qui
3370 3953 3456 4024 ﬁt,
3489 3956 3554 4010 ut
3599 3965 3790 4008 canus
3841 3963 3991 4020 ego,

2321 4044 2545 4102 telluris
2584 4046 2789 4103 inutile
2821 4045 3061 4120 pondus
3090 4045 3226 4118 (10),
3259 4043 3364 4116 qui
3398 4041 3569 4114 gravi
3618 4039 3786 4096 senio
3836 4053 3991 4110 pre-

2320 4151 2473 4207 mor,
2507 4136 2776 4209 nihilque
2799 4152 2954 4206 sum,
2986 4134 3155 4210 quod
3181 4133 3366 4203 aiunt,
3404 4147 3593 4206 quam
3640 4129 3884 4198 vulnus,
3922 4129 3993 4185 in

2321 4223 2487 4298 quod
2503 4227 2710 4282 omnia
2721 4231 2949 4282 natura
2963 4224 3083 4282 fata
3097 4222 3530 4289 conﬂuxerunt,
3552 4218 3768 4276 diutius
3784 4218 3987 4290 capti-

2318 4330 2430 4370 vus
2452 4315 2567 4371 hoc
2595 4314 2656 4371 in
2681 4318 2916 4372 terreno
2937 4328 3172 4371 carcere
3203 4309 3494 4384 supersim
3508 4311 3537 4366 ?
3557 4305 3982 4382 spectaculum

2240 4403 2286 4458 D
2321 4409 2476 4460 certe
2500 4420 2612 4461 nec
2643 4404 2784 4461 satis
2813 4419 3014 4461 rerum
3048 4399 3422 4460 universitati
3446 4397 3829 4467 conveniens,
3862 4412 3984 4453 nec

2315 4493 2444 4566 jam
2492 4493 2608 4551 tale
2640 4493 2808 4567 quod
2840 4491 3043 4567 jubari
3084 4489 3224 4550 solis
3262 4489 3685 4563 exponendum
3729 4486 3825 4542 sit.
3875 4484 3983 4543 ille

2317 4599 2458 4642 vero
2495 4584 2601 4657 qui
2639 4583 2914 4640 nondum
2942 4583 3161 4657 pedem
3185 4579 3378 4638 limini
3406 4576 3723 4635 senectutis
3760 4575 3986 4634 intule-

2317 4678 2428 4740 rat,
2460 4673 2639 4743 longe
2683 4673 2921 4743 dignior
2961 4671 3065 4746 qui
3106 4669 3230 4730 vita
3257 4667 3628 4726 diuturniora
3657 4666 3980 4740 frueretur,

2318 4779 2388 4819 eo
2411 4762 2745 4836 prasertim
2765 4762 3032 4832 nomine,
3054 4761 3221 4836 quod
3241 4761 3446 4818 uxoris
3475 4765 3531 4819 et
3553 4757 3816 4817 ﬁliorum
3847 4773 3982 4816 non

2316 4868 2650 4926 paucorum
2709 4857 2995 4920 servator,
3050 4849 3383 4924 majoribus
3435 4854 3559 4911 suis
3597 4866 3708 4908 sua
3753 4849 3978 4906 virtute

2316 4939 2696 5013 precluxerat,
2721 4945 2902 5014 atque
2923 4940 3075 4998 adeo
3096 4939 3286 4999 multa
3301 4943 3363 4998 in
3384 4955 3766 5000 communem
3786 4938 3976 4995 totius

2315 5029 2478 5088 orbis
2503 5029 2814 5088 utilitatem
2843 5028 3195 5101 contulerat,
3226 5034 3521 5105 tanquam
3549 5030 3752 5103 gloria
3770 5027 3976 5101 splen-

2313 5119 2598 5194 dorisque
2627 5120 2747 5177 mei
2777 5136 3018 5192 corona,
3049 5121 3106 5178 et
3130 5119 3234 5194 qui
3265 5121 3345 5178 ad
3373 5121 3531 5180 hanc
3557 5135 3756 5178 meam
3783 5117 3974 5175 vitam

2313 5210 2732 5268 concinnitatis
2760 5209 2989 5285 aliquid
3008 5209 3069 5267 in
3098 5209 3226 5268 dies
3246 5209 3483 5269 aﬂ'erret
3510 5227 3524 5268 :
3557 5209 3672 5281 ille,
3689 5209 3969 5283 inquam,

543 5306 655 5348 nec
676 5292 922 5348 omnino
949 5290 1196 5364 periculi
1216 5305 1449 5363 expers.
1480 5293 1556 5347 Ex
1582 5307 1704 5364 quo
1734 5292 1820 5358 ﬁt,
1845 5299 1909 5351 ut
1938 5295 2202 5368 pristina
2310 5298 2633 5358 immatura
2650 5304 2863 5366 morte,
2889 5296 3055 5374 quod
3078 5313 3173 5357 me
3195 5298 3274 5357 ad
3299 5299 3600 5358 insaniam
3621 5313 3811 5374 prope
3844 5299 3971 5357 adl-

540 5380 656 5436 illa
685 5381 882 5453 plaga
912 5380 1094 5451 leves,
1151 5379 1596 5454 tuberculisque
1642 5398 1949 5440 summam
2002 5390 2200 5444 cutem
2309 5389 2412 5459 git,
2435 5405 2560 5446 non
2581 5390 2706 5446 sine
2726 5389 3437 5447 communiexternorum
3457 5391 3970 5464 propinquorum-

539 5469 946 5526 delibantibus
968 5469 1214 5536 similes,
1240 5473 1419 5542 atque
1438 5469 1590 5526 adeo
1612 5471 1782 5528 facile
1809 5473 2198 5533 medicabiles
2307 5495 2425 5549 que
2460 5480 2697 5550 jactura
2733 5483 3065 5553 prareptus
3118 5483 3225 5535 est.
3257 5478 3362 5536 lllo
3393 5480 3556 5536 enim
3608 5494 3735 5536 non
3777 5483 3966 5537 exter-

608 5560 689 5632 (9)
765 5559 864 5614 Hic
931 5558 1167 5615 videtur
1233 5559 1488 5616 alterum
1542 5561 1776 5632 periodi
1849 5565 2193 5624 membrum

535 5650 772 5720 deesse,
805 5648 1086 5720 quamvis
1115 5648 1176 5704 in
1206 5649 1536 5721 exemplari
1557 5651 1723 5710 nulla
1749 5651 1971 5712 lacuna
2002 5655 2096 5713 sit.

2374 5567 2492 5639 (10)
2534 5568 2756 5626 Alludit
2804 5567 2883 5626 ad
2937 5567 3085 5625 illud
3126 5567 3412 5626 Homeri:
3482 5569 3734 5622 Ἐτώσιον
3794 5568 3968 5642 ἄχθος

2304 5677 2497 5734 αρουρη
2510 5680 2549 5722 ς.
