2014 3154
6 0 133 306 E
87 295 111 306 Β
143 253 300 306 ξωιαωξ

6 403 22 765 Ι

31 295 73 339 βπ
83 295 231 330 dictitant,
245 297 300 326 sed
316 302 454 329 nostrum
466 309 589 338 quoque
600 301 766 337 repoaitum
780 302 852 328 erat.

65 339 114 370 Ubi
123 342 265 377 gentium
272 351 364 378 nunc,
375 353 491 382 quaso,
501 346 624 380 degunt,
632 346 716 382 etqui
723 345 854 380 genuina

122 385 180 415 inis
198 389 382 424 cognatione
392 389 469 424 freti,
489 393 517 419 et
527 391 580 426 qui
592 391 731 418 eamdem
742 389 854 417 contin-

146 430 189 460 ad
204 431 291 462 illum
306 434 502 470 accedebant,
525 435 637 472 illoque
653 435 776 471 auspice
787 442 854 470 quae

26 472 312 512 “imperatoribus
324 479 480 515 petierant,
493 488 529 508 ea
547 480 672 508 celerius
683 481 776 515 gratis
786 486 855 507 con-

25 521 124 555 uenti,
134 522 264 551 tandem
270 523 379 553 hilares
385 524 512 554 domum
520 533 607 554 suam
618 525 852 558 revertebantur,

26 566 55 595 et
75 565 189 600 gratias
210 568 307 596 multo
326 569 480 598 uberiores
503 570 718 599 beneﬁciorum
739 569 854 605 auspici

19 611 322 648 .qaamcollatoribus
328 614 477 649 agebant?
486 615 606 643 Illorum
614 617 692 643 certe
699 614 800 651 plures
806 614 853 641 vel

26 653 201 684 etiamnum
215 656 276 686 huc
291 666 427 694 unquam
442 659 473 687 in
488 659 621 688 medium
632 662 851 696 processerunt.

58 699 119 728 Huc
133 700 272 730 ehodum
283 710 389 731 omnes
405 704 580 736 concurrite,
602 704 770 740 eodemque
792 711 853 731 me-

28 744 188 775 enmluctu
202 747 321 782 praediti
334 751 445 777 nostrae
460 749 558 784 gentis
578 749 716 778 encomia
731 749 853 785 plancti-

24 786 165 818 bnsmeis
174 789 389 826 intermiscete,
401 796 433 821 ut
440 794 511 828 justi
527 794 618 829 hujus
633 793 689 822 viri
699 793 851 822 memoria:

6 830 11 879 ξ
24 832 127 879 ρει-ἥδ
136 832 271 879 laudum
285 837 435 872 praeconia
443 838 622 873 tribuamus,
635 846 690 866 nec
702 837 773 865 solis
784 845 852 865 eam

23 875 166 915 hminis
180 878 372 909 decoremus.
388 883 495 911 Neuter
517 883 596 911 enim
617 882 727 910 modus
742 882 782 910 ab
797 882 851 909 ho-

6 924 107 963 gnesto
121 930 179 956 seu
193 923 305 953 decoro
328 926 445 955 alienus
466 930 520 955 est.
538 927 690 964 Siquidem
711 928 783 963 justi
798 927 852 955 viri

6 999 8 1005 ι
24 967 269 1006 morslacrymas
292 974 447 1007 provocat,
469 972 618 1009 efﬁcitque
638 975 670 1001 ut
680 972 758 1000 illius
773 972 852 1000 desi-

24 1010 102 1041 derio
120 1012 315 1045 laboremus:
329 1018 508 1046 memoriam
523 1020 623 1047 autem
636 1018 778 1046 laudibus
790 1026 851 1046 non

10 1057 159 1092 [excolere
176 1067 239 1089 non
253 1064 382 1097 possunt
402 1062 433 1093 ii,
453 1063 504 1099 qui
524 1063 564 1091 ab
583 1063 634 1091 illo
653 1071 721 1099 quas
735 1063 852 1091 imiten-

6 1102 9 1143 ξ
25 1103 78 1136 tur,
91 1102 213 1132 virtutis
225 1106 363 1143 exempla
377 1109 489 1144 petunt.

58 1146 113 1176 Ubi
125 1155 200 1178 vero
209 1157 291 1178 nunc
301 1151 375 1180 mihi
385 1152 468 1188 virgo
487 1152 537 1181 illa
548 1152 633 1181 vultu
645 1155 705 1181 tam
725 1152 851 1187 liberali,

26 1191 71 1221 cui
82 1191 238 1223 barbarus
252 1195 358 1230 hostis,
374 1204 444 1225 cum
458 1198 590 1233 primum
604 1201 706 1226 nostra
730 1198 854 1233 Megalo-

26 1236 100 1274 polis
109 1240 202 1275 capta
209 1242 264 1275 est,
271 1243 472 1278 utraptaajam
479 1246 616 1280 stuprum
630 1243 765 1271 illaturus
780 1246 852 1277 erat,

6 1290 7 1294 ‘
27 1281 83 1312 nisi
95 1291 169 1313 acer
180 1284 232 1313 hic
246 1285 413 1316 honestatis
429 1290 458 1316 et
472 1288 622 1324 pudicitiae
638 1291 754 1317 amator
767 1290 799 1316 ut
813 1289 855 1316 vi-

29 1326 77 1363 dit,
100 1330 134 1356 nt
155 1329 296 1359 misertus
310 1331 375 1367 ejus
392 1332 452 1360 estl
473 1333 525 1369 qui
549 1333 611 1361 sine
631 1332 694 1362 ulla
715 1340 800 1361 mora
824 1333 854 1360 in

28 1370 144 1402 hostem
154 1373 282 1412 irruens,
291 1376 408 1405 tametsi
417 1377 556 1405 Phineem
564 1377 652 1405 inilla
664 1377 855 1406 defendenda

26 1415 134 1447 imitari
156 1425 220 1449 non
233 1421 372 1456 potuerit,
394 1422 560 1458 quamlibet
585 1422 692 1450 eodem
715 1430 776 1458 quo
805 1422 855 1449 illo

28 1460 106 1497 olim,
126 1465 230 1492 noster
247 1465 297 1493 hic
319 1473 442 1502 quoque
466 1467 529 1495 zelo
548 1466 699 1502 ﬂagraret,
724 1466 855 1503 puellam

29 1506 132 1537 saltem
142 1508 201 1537 sibi
209 1509 381 1543 vindicavit,
396 1519 522 1540 uxorem
536 1512 701 1548 legitimam
714 1519 780 1540 esse
795 1512 855 1539 cla-

27 1552 149 1589 mitans,
158 1561 252 1591 seque
259 1554 322 1584 ﬁda
332 1556 462 1592 conjuge
470 1557 591 1593 privari,
603 1560 692 1594 atque
700 1557 768 1586 ideo
778 1565 858 1585 acer-

27 1595 161 1627 bissimis
168 1590 304 1629 aﬂlictari
310 1590 409 1630 modis
415 1590 578 1638 queritans.
586 1590 752 1630 Kmbarum
759 1602 860 1638 itaque
874 1590 894 1616 δ

29 1642 184 1673 hesitate
207 1652 356 1674 manuum
378 1647 563 1683 prehensam
589 1648 759 1683 pancratice
789 1655 859 1674 cum

29 1685 109 1716 hoste
118 1687 312 1725 colluctatus,
325 1691 412 1727 cujus
421 1691 556 1720 animum
568 1700 671 1720 amore
681 1692 798 1720 ebrium
814 1692 857 1719 fu-

29 1738 74 1761 ror
86 1732 240 1769 eﬂ‘erarst,
253 1734 335 1764 adeo
350 1736 482 1770 retraxit,
498 1744 554 1764 nec
569 1737 651 1773 prius
675 1736 858 1773 conquievit,

30 1784 118 1813 quem
131 1785 154 1808 ι
161 1778 283 1808 violenti
291 1779 386 1809 hostis
400 1782 545 1810 manibus
555 1781 701 1818 virginem
711 1784 856 1818 ereptam,

29 1821 175 1858 Virginem
190 1824 270 1860 patri
283 1825 461 1854 restitueret.
477 1826 591 1855 Praesto
602 1827 638 1855 sit
652 1835 723 1855 vero
734 1834 814 1854 nunc
828 1828 857 1854 et

29 1865 86 1904 illa,
96 1870 133 1897 ut
140 1867 296 1904 lamentis,
307 1871 481 1907 gemituque
490 1873 518 1899 et
526 1871 656 1900 femineo
667 1871 783 1899 ululatu
793 1878 855 1898 suae

30 1910 173 1942 libertatis
181 1913 333 1943 vindicem
341 1915 519 1950 conclamet,
528 1916 783 1952 illum,inquam,a
793 1922 854 1952 quo

30 1959 158 1993 nomen,
172 1965 230 1987 nec
245 1967 333 1988 secus
352 1968 372 1989 a
385 1963 488 1997 stupro
500 1960 627 1989 liberata
651 1963 705 1996 est,
718 1963 808 1996 atque
830 1960 854 1987 si

29 2001 180 2036 pudicitia
198 2003 265 2040 ejus
285 2006 501 2034 conservanda;
517 2006 738 2042 integritatique
751 2008 853 2034 custo-

29 2044 145 2078 dienda
158 2048 223 2084 jam
235 2048 308 2078 olim
322 2050 483 2086 prmfectus
497 2050 610 2079 fuisset.

58 2092 274 2129 Oproclarum
286 2093 406 2123 facinus
418 2095 423 2122 l
436 2095 545 2132 cuique
556 2103 593 2124 ex
603 2096 709 2132 priscis
720 2095 776 2123 illis
787 2095 852 2124 nul-

29 2134 86 2166 lum
99 2138 299 2174 respondeat.
319 2139 420 2168 Fertur
434 2140 572 2169 Hercules
583 2141 741 2168 Hesionem
757 2148 852 2176 quon-

31 2179 96 2210 dam
109 2181 299 2219 liberavisse,
314 2191 385 2212 cum
394 2183 502 2213 belluas
516 2185 640 2213 marinae
651 2185 770 2220 objecta
782 2185 852 2213 fuis-

30 2228 92 2255 Iet:
118 2226 228 2256 itidem
242 2229 271 2256 et
289 2227 416 2257 Perseus
430 2229 665 2258 Andromedam.
691 2232 727 2258 At
751 2229 792 2258 illi
804 2237 849 2258 ar-
864 2221 888 2249 Ῑ)

31 2271 106 2305 meti,
129 2271 273 2309 ferroque
287 2272 412 2302 accincti
426 2273 544 2303 belluas
565 2275 699 2310 aggressi
725 2277 803 2310 sunt,
822 2276 850 2302 et

32 2314 476 2352 virginestandemmatrimonii
483 2318 538 2348 sibi
545 2326 625 2347 nexu
630 2319 696 2355 conj
704 2321 852 2348 unxerunt

31 2359 75 2390 His
104 2363 213 2391 autem
232 2361 356 2391 inermis
376 2366 526 2392 armatam
567 2363 699 2393 belluam
729 2364 848 2401 invasit,

32 2411 158 2444 cunque
173 2408 218 2436 tot
238 2407 501 2437 mendaciunculis
516 2410 653 2445 aspersit,
678 2412 720 2438 tot
736 2410 850 2438 astutiis

31 2449 233 2488 mmvenit,
237 2451 402 2489 viralioqui
409 2461 511 2486 verax.
518 2454 702 2491 minimeque
708 2455 838 2483 mendax
843 2475 850 2482 .

32 2497 216 2528 stillantem
224 2496 359 2534 puellam
372 2498 450 2534 patri
468 2498 591 2527 tandem
601 2499 626 2534 ej
633 2507 665 2527 us
680 2500 849 2528 restituerit.

60 2541 208 2573 fatorum
237 2542 359 2572 Simeon
378 2545 408 2572 et
438 2543 507 2572 Levi
532 2551 665 2572 sororem
680 2545 851 2580 raptoribus

33 2587 227 2620 σιωπαί-αα,
245 2589 276 2616 et
303 2587 370 2624 jam
395 2587 541 2617 violatam
565 2591 594 2617 et
612 2592 851 2626 constupratam,

32 2628 117 2668 Mne
126 2631 303 2662 certaminis
326 2632 389 2669 vix,
407 2641 443 2662 ao
469 2641 507 2662 ne
517 2634 567 2662 vix
580 2634 704 2670 quidem
719 2635 782 2663 sine
791 2644 852 2664 cre-

34 2674 125 2706 bl'lill
147 2676 313 2713 ancipitem
336 2684 447 2714 gyrum
481 2678 778 2714 circumcursatione,
797 2688 852 2708 nec

65 2766 75 2784 ⁵
90 2767 202 2805 Ephes.
215 2775 245 2797 ν.
260 2769 316 2803 ἓῦς
330 2767 356 2796 lI
371 2769 439 2798 Cor.
448 2777 477 2804 v,
490 2770 537 2805 15,
551 2770 563 2788 ⁸
574 2770 657 2799 Cant.
669 2779 688 2806 ι,
700 2773 727 2807 4,

615 192 774 220 MONODIA
793 193 827 221 IN
849 191 1009 220 FRATREM
1029 191 1132 221 SUUM.

146 254 271 283 tantum
285 253 411 292 bonum,
423 256 507 292 quod
522 256 559 284 de
567 256 649 292 justo
660 256 722 284 viro
738 255 852 292 sapien-
869 254 892 282 Α
909 254 971 282 sine
986 253 1120 282 caedibus
1131 254 1308 288 innumeris,
1320 254 1470 291 totiusque
1479 254 1607 283 civitatis
1617 254 1733 283 excidio

1679 192 1732 221 374

908 302 1096 335 peregerunt.
1122 300 1218 332 Quare
1237 308 1299 328 non
1312 302 1382 328 sunt
1400 300 1442 328 illi
1461 308 1530 328 cum
1551 300 1609 329 hoc
1629 302 1733 328 nostro

907 344 1090 376 conferendi,
1111 344 1163 379 qui
1176 344 1308 381 puellam
1320 345 1468 380 integram
1483 347 1512 373 et
1529 344 1655 373 illaesum
1669 344 1734 374 sola.

908 393 1026 416 certans
1036 389 1171 417 oratione
1179 389 1242 417 sine
1252 389 1335 418 caede
1343 392 1495 426 receptam
1505 389 1635 418 reduxit.
1647 389 1733 425 Equi-

908 433 978 461 dem
988 434 1166 470 praaclarum
1174 434 1259 462 illum
1268 434 1389 463 fratrem
1398 442 1501 463 meum
1510 434 1541 462 in
1567 434 1734 462 Abrahami

907 478 1003 506 ﬁlium
1023 480 1145 514 propter
1158 479 1251 507 ﬁdem
1266 479 1443 516 adoptatum
1456 479 1546 507 fuisse
1559 480 1638 507 certo
1650 478 1730 506 scio:

907 523 980 558 quin
996 525 1024 550 et
1042 523 1100 551 hoc
1115 523 1258 552 audacter
1274 532 1309 552 ac
1329 524 1421 552 libere
1441 524 1539 552 dicere
1562 531 1624 552 non
1647 530 1730 551 vere-

906 566 972 600 bor,
1006 568 1143 603 patribus
1174 568 1230 595 illis
1259 568 1467 597 Abrahamicis
1490 571 1628 597 nostrum
1651 568 1731 596 hunc

907 612 1002 639 multo
1025 613 1263 648 prrestantiorem
1292 613 1403 641 fuisse:
1437 613 1628 641 Abrahamus
1649 612 1731 640 enim

907 656 1038 691 primum
1054 657 1136 693 apud
1157 658 1353 693 Pharaonem,
1369 658 1478 686 deinde
1491 658 1573 694 apud
1583 657 1731 686 Abimele-

907 701 998 729 chum
1013 702 1115 730 Saram
1141 711 1228 731 suam
1247 711 1312 731 esse
1327 711 1471 737 sororem,
1491 711 1554 731 non
1569 703 1730 738 conjugem

907 746 1059 781 professus
1074 749 1127 780 est,
1149 750 1180 775 ut
1195 750 1224 776 et
1247 748 1412 777 Rebeccam
1433 750 1562 777 lsaacus.
1581 747 1625 776 Illi
1638 747 1728 776 nimi-

907 798 974 817 rum
998 792 1143 820 terrefacti
1170 793 1314 828 eonjuges
1343 801 1414 821 suas
1429 793 1526 821 dicere
1535 793 1727 828 verebantur,

907 843 944 862 ne
969 838 1090 872 propter
1118 836 1184 865 illas
1210 838 1385 866 interirent:
1412 838 1460 866 hic
1485 846 1556 866 vero
1579 837 1729 873 virginem

907 881 1038 908 necdum
1051 881 1107 909 sibi
1118 882 1148 910 in
1160 883 1388 911 matrimonium
1399 883 1680 917 collocatam,suam
1687 884 1730 911 ta-

908 933 977 952 men
999 934 1122 954 uxorem
1146 927 1332 959 nominabat,
1359 928 1399 956 ad
1423 936 1454 956 se
1475 928 1657 962 retrahebat,
1673 927 1731 955 sibi

906 970 1098 999 vindicabat:
1115 972 1183 999 vitea
1202 980 1258 1009 pro
1267 972 1318 1001 illa
1333 973 1495 1002 discrimen
1514 973 1626 1007 subire,
1647 973 1671 1001 si
1682 980 1731 1001 res

906 1010 1030 1052 ituatl'erat,
1055 1017 1295 1054 haudquaquam
1312 1019 1492 1049 detrectans.

943 1061 1029 1094 Quod
1045 1062 1069 1090 si
1085 1063 1254 1092 Susannam
1277 1063 1380 1092 Daniel
1398 1072 1417 1093 a
1435 1065 1634 1094 violentorum
1649 1072 1731 1094 ama-

907 1108 1005 1134 torum
1021 1110 1049 1135 et
1070 1107 1242 1144 iniquorum
1263 1108 1401 1144 judicum
1423 1109 1522 1138 furore
1547 1110 1684 1146 asseruit,
1701 1112 1732 1139 at

908 1159 963 1188 pro
990 1152 1133 1181 tribunali
1156 1153 1239 1189 prius
1266 1154 1393 1189 sederat,
1421 1154 1544 1183 libidine
1568 1157 1733 1184 excaecatos

906 1197 1023 1232 judices
1046 1205 1185 1226 seorsum
1196 1198 1374 1231 abduxerat,
1390 1202 1552 1237 utrumque
1567 1201 1733 1236 interroga-

909 1245 992 1270 verat
1002 1242 1222 1277 sigillatim,suo
1232 1244 1428 1282 ipsorumque
1441 1245 1555 1281 judicio
1570 1245 1733 1280 convictos,

909 1289 938 1315 et
958 1288 1074 1323 capitis,
1090 1288 1262 1324 damnatos,
1282 1289 1434 1325 lapidibus
1449 1290 1736 1327 cooperirijusserat

910 1333 999 1368 atque
1009 1332 1066 1360 hoc
1076 1334 1164 1368 pacto
1174 1333 1318 1369 pudicam
1330 1334 1368 1362 ab
1378 1334 1484 1371 iniqua
1496 1335 1644 1364 sententia
1660 1335 1735 1363 libe-

910 1383 1037 1409 raverat.
1053 1382 1169 1410 Delicias
1184 1391 1256 1412 vero
1280 1391 1364 1420 meae,
1388 1385 1432 1413 vir
1450 1385 1497 1413 hic
1510 1384 1665 1419 nimirum,
1681 1382 1735 1420 qui

910 1428 1019 1454 natura
1027 1426 1068 1454 sic
1075 1430 1268 1464 comparatus
1280 1431 1351 1462 erat,
1364 1431 1396 1457 ut
1406 1437 1496 1458 nemo
1507 1431 1646 1458 nostrum
1655 1427 1737 1457 votis

912 1471 1055 1499 omnibus
1072 1471 1175 1500 simﬂis
1185 1472 1226 1500 illi
1236 1473 1364 1501 evadere
1387 1481 1448 1502 non
1465 1476 1593 1510 expetat,
1616 1481 1678 1501 non
1691 1473 1738 1508 ju-

913 1515 1028 1549 dicans,
1055 1519 1087 1544 ut
1106 1516 1217 1552 Daniel,
1234 1517 1287 1545 sed
1310 1517 1427 1546 hostem
1451 1518 1589 1546 adulterii
1614 1517 1738 1546 crimine

914 1569 1071 1589 accersens
1088 1571 1093 1590 :
1116 1569 1179 1590 non
1189 1564 1392 1598 eonstuprataa
1411 1562 1533 1591 fratrem
1561 1562 1689 1598 ﬁngens,
1706 1563 1741 1590 ut

915 1605 1122 1639 Abrahamus;
1143 1614 1204 1635 non
1219 1606 1249 1635 id
1271 1607 1423 1641 mentitus,
1436 1607 1521 1644 quod
1534 1607 1566 1635 in
1580 1607 1740 1643 reprehen-

915 1651 1031 1679 sionem
1056 1651 1206 1680 incurrere
1237 1652 1344 1680 merito
1368 1654 1479 1689 posset,
1503 1655 1536 1680 ut
1558 1654 1640 1681 Isaac
1662 1652 1737 1687 (11):

916 1696 969 1723 sed
985 1696 1108 1731 virginis
1124 1697 1290 1725 etiamnum
1316 1696 1379 1726 viro
1403 1697 1503 1725 crudae
1522 1697 1620 1725 virum
1645 1696 1740 1734 (quod

914 1741 1078 1777 sapientius
1091 1741 1178 1777 juxta
1188 1750 1223 1770 ac
1234 1742 1345 1770 virilius
1356 1741 1420 1777 fuit)
1432 1750 1463 1770 se
1475 1741 1739 1778 dictitans,violeu-

914 1787 975 1813 tum
992 1785 1077 1814 illum
1092 1788 1244 1823 raptorem
1260 1786 1361 1814 fefellit
1375 1788 1403 1814 et
1418 1787 1535 1823 repulit.

948 1830 1019 1858 Hinc
1026 1831 1221 1867 perspicuum
1229 1833 1313 1860 estea
1319 1839 1387 1868 qum
1394 1839 1475 1859 nunc
1482 1840 1623 1860 recenseo
1630 1830 1737 1868 priscis

910 1874 966 1902 illis
975 1875 1063 1910 longe
1074 1876 1283 1911 praestantiora
1293 1884 1358 1904 esse
1369 1885 1375 1910 ;
1387 1876 1499 1913 quippe
1509 1885 1578 1913 quae
1587 1877 1737 1905 Christum

909 1919 1073 1954 redoleant,
1099 1923 1187 1957 atque
1209 1921 1251 1949 ita
1271 1920 1360 1955 legali
1386 1920 1436 1948 illa
1454 1921 1570 1956 justitia
1583 1921 1672 1956 longe
1688 1928 1735 1947 ex-

909 1965 1081 1993 cellentiora
1110 1966 1178 1993 sint.
1204 1965 1469 1998 Quemadmodum
1493 1965 1574 1993 enim
1601 1965 1734 2001 seipsum

909 2010 1041 2038 Christus
1073 2010 1208 2038 Ecclesia:
1237 2011 1360 2038 nomine
1391 2010 1524 2045 tradidit,
1547 2018 1616 2038 cum
1632 2012 1733 2038 tamen

909 2054 1008 2082 adhuc
1032 2054 1163 2083 Ecclesia
1192 2063 1345 2091 nusquam
1364 2057 1453 2088 esset,
1479 2054 1593 2083 nedum
1617 2054 1732 2083 Christo

907 2099 1093 2136 desponsata
1132 2099 1243 2134 (adhuc
1280 2099 1360 2127 enim
1394 2101 1566 2136 peccatores
1599 2107 1731 2135 eramus,

907 2152 975 2172 cum
998 2152 1053 2180 pro
1079 2143 1167 2172 nobis
1196 2146 1333 2172 mortuus
1360 2146 1405 2172 est
1434 2144 1577 2177 Christus,
1606 2145 1636 2172 ut
1654 2146 1731 2180 Apo-

908 2189 1000 2217 stolus
1019 2189 1059 2217 ait
1074 2190 1113 2225 2);
1127 2189 1194 2226 ipsa
1208 2197 1330 2226 quoque
1344 2189 1516 2224 ignominiae
1528 2188 1584 2217 sibi
1597 2188 1729 2224 conscia,

906 2243 1000 2272 quam
1023 2233 1320 2271 impietate'pristina
1333 2234 1389 2262 sibi
1408 2236 1613 2263 contraxerat:
1636 2234 1731 2270 Nigra

906 2288 981 2311 sum,
997 2279 1094 2315 inquit
1113 2278 1232 2312 alicubi,
1255 2278 1334 2313 filix
1349 2279 1516 2307 Jerusalem
1537 2280 1567 2312 3;
1584 2279 1624 2307 ita
1639 2278 1730 2307 etiam

907 2325 996 2353 frater
1011 2331 1097 2352 meus
1113 2330 1167 2360 pro
1190 2322 1248 2358 illa,
1274 2331 1368 2359 quam
1390 2322 1526 2351 nondum
1549 2323 1579 2351 in
1604 2331 1730 2351 uxorem

906 2369 1042 2403 duxerat,
1058 2375 1113 2396 nec
1126 2366 1225 2396 adhuc
1237 2367 1360 2395 omnino
1373 2366 1518 2394 ducturus
1532 2369 1604 2402 erat,
1620 2374 1729 2403 parum

906 2409 1002 2438 abfuit
1013 2409 1088 2445 quin
1102 2407 1194 2436 vitam
1211 2407 1415 2444 profunderet,
1434 2408 1507 2435 dum
1526 2408 1612 2435 certis
1629 2415 1661 2434 se
1680 2414 1730 2442 pe-

904 2454 1006 2482 riculis
1030 2453 1141 2488 objicit,
1159 2454 1187 2480 et
1214 2453 1266 2488 qui
1283 2452 1379 2480 virum
1409 2452 1613 2484 simulaverat,
1634 2450 1728 2487 patris

905 2507 1010 2527 revera
1020 2505 1144 2525 munere
1157 2495 1330 2533 perfunctus
1344 2499 1397 2530 est,
1413 2499 1502 2532 atque
1519 2495 1651 2531 patrisin
1666 2502 1729 2531 quo

907 2543 1050 2572 naturalis
1065 2550 1136 2578 erga
1150 2541 1261 2570 liberos
1278 2550 1373 2576 amor,
1397 2541 1635 2577 eorumdemque
1651 2540 1730 2568 salu-

907 2590 942 2617 tis
955 2587 1175 2625 propugnatio,
1202 2587 1297 2614 multo
1318 2586 1416 2621 magis
1437 2593 1529 2622 quam
1557 2586 1587 2613 in
1612 2593 1648 2614 eo
1676 2585 1731 2622 qui

907 2633 1037 2671 puellam
1059 2634 1211 2668 genuerat,
1236 2631 1425 2659 elucesceret.
1448 2630 1497 2659 ille
1522 2630 1671 2667 siquidem
1691 2631 1731 2659 vi-

907 2678 1039 2708 ctoribus
1050 2677 1146 2711 cessit,
1158 2676 1289 2713 fugaque
1299 2676 1424 2704 salutem
1433 2676 1571 2713 qumsivit
1582 2685 1589 2704 :
1601 2676 1650 2706 hic
1662 2684 1732 2705 vero

65 2830 282 2867 (“)1ncodice
296 2831 398 2861 Graeco
413 2830 480 2861 δαδ.
499 2840 555 2868 pro
568 2832 646 2860 ’σαὰκ
658 2834 738 2863 male
753 2834 946 2871 suppositum
964 2832 1091 2861 videtur.
