4028 6308
590 380 694 433 375

1480 384 1855 441 MICHAELIS
1895 387 2279 446 ACOMINATI
2317 388 2746 451 ATHENARUM
2783 395 3104 454 ARCHIEP.
3956 397 4012 448 3‘.

590 501 825 572 puella,
843 520 979 594 cum
1011 503 1089 594 ad
1115 509 1323 577 stupra
1350 505 1691 580 durumque
1715 510 2018 566 servitium
2046 512 2240 568 abdu-
2269 518 2314 570 A
2346 515 2599 590 illa,qua
2613 519 2816 575 animo
2829 520 3618 594 circumfundebatur,quasi
3633 535 3888 577 serena
3906 535 4007 589 qu

591 597 836 662 ceretur,
883 593 1100 648 vindex
1131 594 1341 663 adfuit,
1375 612 1629 668 eamque
1663 601 1929 667 tandem,
1972 607 2239 658 extrema

590 681 856 751 pericula
885 683 1050 753 prius
1080 687 1381 754 expertus,
1413 684 1706 741 liberavit.

661 771 704 825 Ο
735 770 1171 842 sapientissime
1190 773 1389 840 frater,
1415 779 1477 829 tu
1502 775 1708 846 procul
1747 777 1936 832 dubio
1969 779 2028 833 in
2060 782 2238 837 coelo-

583 873 722 913 rum
778 858 942 928 regia
999 859 1302 916 institutus
1361 879 1446 932 es,
1479 863 1704 920 idcirco
1771 866 1950 921 etiam
2028 868 2238 938 lingua

585 948 688 999 tua
718 944 979 1000 subitam
1003 949 1248 1018 virginis
1278 966 1412 1022 qua
1441 951 1855 1009 abducebatur
1876 954 2234 1024 libertatem,

584 1031 766 1088 veluti
793 1037 1062 1090 calamus
1087 1039 1300 1094 scriba:
1316 1040 1596 1096 velociter
1625 1044 1643 1075 4
1675 1044 2048 1116 conscripsit.
2085 1047 2240 1110 Quin

585 1121 764 1177 etiam
787 1122 948 1180 labia
966 1129 1366 1199 tuatanquam
1407 1129 1711 1186 funiculus
1754 1135 2070 1188 coccineus
2102 1151 2240 1190 con-

588 1213 738 1265 torto
764 1211 1054 1285 brevique
1103 1231 1403 1286 sermone,
1448 1222 1524 1286 et,
1574 1219 1679 1291 qui
1725 1224 1862 1275 tuus
1901 1226 2025 1276 erat
2052 1223 2236 1289 zelus,

587 1299 1008 1356 exardescente
1031 1303 1279 1360 barbari
1323 1322 1542 1362 manus
1593 1309 2099 1379 constrinxerunt,
2131 1311 2240 1366 im-

585 1391 914 1461 petumque
937 1390 1262 1448 violentum
1284 1401 1699 1465 represserunt
1727 1414 1738 1451 :
1765 1413 1876 1452 nec
1904 1413 2026 1454 non
2049 1401 2238 1455 oratio

583 1476 688 1532 illa
716 1483 821 1534 tua
849 1482 1221 1551 tempestiva,
1253 1499 1389 1553 qua
1420 1501 1543 1539 non
1588 1485 2006 1559 intempestive
2040 1488 2236 1544 virum

587 1567 854 1632 mentita,
879 1568 983 1622 sed
1004 1568 1064 1622 in
1091 1573 1361 1641 tempore
1401 1578 1744 1629 commenta
1764 1574 1990 1646 injusto
2012 1577 2238 1649 raptori

584 1653 814 1723 justam
863 1655 1061 1711 dicam
1112 1657 1379 1729 impegit.
1435 1662 1477 1716 0
1509 1663 1768 1732 quiﬁeri
1800 1665 2013 1735 potuit,
2064 1669 2128 1721 ut
2174 1670 2238 1721 tu

2347 607 2489 663 dam
2515 613 2862 679 tempestate
2881 611 3079 666 subito
3098 617 3321 678 exorta,
3342 612 3794 668 discutiebatur
3818 616 3891 666 et
3913 632 4012 671 ev:

2348 697 2630 752 nescebat
2647 715 2658 752 :
2676 705 3033 770 gratumque
3050 716 3190 756 mox
3204 701 3412 756 latitia
3427 701 3631 758 lumen
3645 704 4012 774 aﬂ‘ulgeba

2347 789 2510 841 Nunc
2543 803 2681 840 vero
2718 794 2904 843 morte
2940 790 3093 844 illius
3124 789 3330 846 audita
3378 793 3612 848 dolores
3646 795 3936 864 inferni
3968 811 4012 848 η

2347 877 3071 949 circumvallant“,opaca
3085 879 3486 936 anxietudinis
3500 882 3695 952 caligo
3712 884 4012 956 cooperi

2347 965 2566 1020 umbra
2593 966 2800 1020 mortis
2831 967 3098 1022 adoritur
3124 987 3135 1023 :
3160 969 3660 1042 quandoquidem
3699 988 3917 1028 meus
3957 971 4011 1026 ili

2349 1054 2555 1109 clavus
2599 1055 2777 1110 undis
2830 1055 3152 1128 absorptus
3191 1063 3297 1113 est.
3329 1060 3372 1113 Ο
3423 1059 3617 1131 qualis
3671 1077 3801 1132 ego
3842 1077 4012 1116 sacr

2343 1148 2642 1218 jacturam
2671 1147 2951 1203 anchora
2994 1147 3132 1202 feci!
3164 1149 3336 1219 cujus
3357 1150 3602 1222 quidem
3628 1150 4012 1208 adminicul

2349 1242 2525 1292 antea
2555 1235 3002 1292 Atheniensium
3047 1237 3319 1294 Ecclesia
3363 1239 3756 1310 gubernator,
3792 1241 4011 1296 ﬂuctt

2348 1341 2560 1381 omnes
2592 1327 2998 1397 superabam:
3047 1342 3209 1382 nunc
3251 1333 3454 1385 autem
3495 1346 3632 1385 cum
3684 1330 4011 1402 multiplit

2348 1416 2460 1472 reci
2469 1416 2841 1488 precantium
2855 1415 3146 1471 fluctuum
3161 1432 3339 1472 cursu
3355 1417 3672 1488 naufragio
3683 1420 4012 1491 proximi;

2341 1505 2552 1575 jacter,
2601 1505 2766 1560 illam
2823 1505 2969 1560 mihi
3023 1505 3266 1562 abstulit
3313 1512 3372 1562 et
3420 1507 3604 1562 vitam
3666 1509 4012 1564 contraxit

2346 1601 2522 1654 Totus
2571 1595 2732 1650 enim
2782 1594 2858 1649 ab
2904 1593 3004 1649 illa
3053 1594 3404 1667 dependens
3451 1597 3657 1667 vitam,
3719 1613 3882 1670 quae
3951 1615 4012 1652 γε

2347 1685 2667 1760 proverbio
2697 1685 2880 1739 fertur
2917 1681 3166 1755 ἀβιωτος,
3200 1684 3281 1740 ad
3326 1684 3442 1740 hoc
3475 1702 3664 1758 usque
3709 1686 4012 1760 tempori

1014 1761 1108 1849 cui
1128 1761 1462 1846 .nunquam
1492 1765 1850 1808 assueveras
1877 1758 2072 1849 antea,
2097 1770 2236 1827 pro-
2267 1795 2308 1849 Β
2348 1742 2440 1845 ξεί
2463 1774 2762 1846 mortique
2783 1787 2879 1828 me
2892 1772 3256 1844 jampridem
3279 1775 3514 1830 vocanti
3531 1789 3747 1847 parere
3763 1780 4012 1831 cuncta

588 1829 833 1887 tuleris?
876 1833 1247 1891 Mendacium
1286 1837 1445 1893 enim
1476 1855 1600 1896 non
1644 1856 1817 1897 secus
1851 1847 2030 1915 atque
2072 1859 2238 1899 mor-

589 1924 710 1975 tem
746 1938 984 1994 semper
1030 1940 1092 1980 es
1130 1925 1481 1983 detestatus.
1522 1931 1909 2003 Perspicuum
1945 1937 2033 1989 est
2073 1932 2240 1989 haud

587 2008 786 2080 dubie,
830 2013 996 2082 quod
1022 2015 1543 2084 quemadmodum
1581 2019 1784 2089 vitam,
1817 2021 1866 2076 si
1898 2038 1992 2077 res
2021 2022 2101 2077 ita
2130 2023 2238 2078 fer-

584 2102 807 2170 ret,pro
849 2101 1039 2156 salute
1071 2104 1462 2174 periclitantis
1494 2108 1707 2179 puella
1740 2109 2104 2182 profundere
2135 2127 2239 2183 pa-

581 2191 750 2242 ratus
785 2205 938 2254 eras,
965 2191 1047 2248 ita
1075 2193 1254 2249 etiam
1276 2196 1512 2251 mentiri
1541 2213 1664 2253 non
1686 2199 2044 2267 detrectasti,
2073 2216 2238 2256 men-

583 2275 826 2348 daxque
860 2279 1006 2350 ﬁeri,
1033 2282 1123 2336 vir
1153 2282 1379 2355 alioqui
1409 2287 1532 2341 veri
1565 2289 2025 2344 amantissimus
2059 2295 2113 2344 et
2135 2290 2238 2362 qui

583 2365 911 2422 mendacio
936 2367 1099 2424 labia
1114 2386 1430 2444 nunquam
1446 2378 1888 2447 conspurcasti.
1915 2378 2236 2434 Enimvero

584 2452 647 2507 id
664 2469 906 2526 quoque
927 2457 1140 2513 Christi
1167 2461 1499 2518 imitatione
1530 2464 1824 2535 pel-fecisti
1847 2466 1972 2537 :qui
1994 2482 2103 2538 pro
2133 2481 2212 2522 no

584 2541 678 2596 bis
710 2550 1019 2613 peccatum
1044 2551 1100 2604 et
1131 2549 1472 2607 maledictio
1512 2552 1705 2608 factus
1727 2559 1815 2609 est
1839 2571 2030 2626 usque
2061 2556 2231 2627 adeo,

584 2633 870 2688 omnibus
911 2637 1116 2692 omnia
1150 2638 1278 2693 ﬁeri
1320 2640 1636 2697 studebat:
1683 2647 1872 2698 tutore
1893 2645 2234 2700 carentibus

584 2723 758 2788 tutor,
794 2722 987 2779 viduis
1018 2733 1372 2796 procurator
1401 2736 1458 2784 et
1483 2732 1753 2798 maritus,
1791 2733 2078 2804 orphanis
2123 2749 2235 2805 pa-

581 2812 687 2876 ter,
719 2814 1090 2884 pauperibus
1132 2816 1329 2882 frater,
1365 2819 1574 2874 amicis
1599 2820 1932 2877 ﬁdissimus
1976 2823 2232 2889 amicus,

583 2901 852 2967 cognatis
893 2903 992 2972 jus
1032 2907 1406 2973 cognationis
1448 2907 1798 2976 observans,
1845 2915 1910 2966 ut
1949 2912 2053 2983 qui
2105 2927 2235 2967 ma-

581 2987 763 3048 xime.
817 2990 983 3046 fratri
1015 2993 1275 3066 denique
1339 3012 1523 3068 supra
1587 2998 1841 3054 modum
1889 3016 2134 3056 omnem
2181 3005 2236 3056 et

583 3093 771 3148 quam
803 3079 930 3135 fieri
960 3087 1210 3154 poterat,
1246 3085 1442 3141 fratris
1473 3088 1950 3144 amantissimus.

659 3168 852 3232 Quare
895 3170 1142 3226 minime
1187 3174 1452 3244 proiecto
1513 3177 1928 3246 conveniebat,
1974 3181 2040 3233 ut
2083 3177 2239 3233 illius

587 3260 777 3311 morte
807 3259 902 3312 vel
945 3260 1075 3329 conj
1088 3277 1166 3315 ux
1210 3262 1412 3330 vidua,
1465 3264 1558 3319 vel
1589 3265 1844 3337 orphani
1875 3265 2045 3322 liberi
2076 3270 2242 3323 tanta

587 3345 1111 3416 intempestivitate
1159 3349 1371 3406 ﬁerent
1426 3351 1711 3420 (insanire
1755 3355 1903 3410 mihi
1949 3356 2241 3427 quoniam

587 3447 797 3487 rursus
817 3433 1006 3506 libet),
1039 3437 1132 3491 vel
1177 3438 1354 3493 etiam
1379 3439 1560 3496 frater
1585 3457 1697 3512 ego
1729 3443 1906 3511 illius,
1935 3460 2072 3516 qua
2096 3445 2244 3500 mihi

589 3520 652 3576 in
674 3526 980 3592 posterum
1003 3524 1128 3580 sola
1153 3533 1478 3597 supererat,
1504 3531 1913 3589 consolatione
1952 3534 2242 3605 privarer,

597 3611 899 3683 vitamque
937 3614 1306 3672 acerbiorem
1351 3620 1668 3692 experirer,
1696 3638 1888 3694 eoque
1919 3639 2079 3679 nunc
2113 3640 2243 3694 gra-

591 3699 837 3765 viorem,
897 3719 1019 3773 quo
1053 3703 1337 3763 leviorem
1377 3707 1470 3763 ille
1531 3713 1708 3766 antea
1755 3715 2243 3785 vegetioremque

591 3790 906 3848 reddebat.
937 3795 1215 3858 Quamvis
1247 3797 1408 3852 enim
1458 3813 1580 3853 una
1630 3816 1869 3856 mecum
1915 3817 2037 3857 non
2067 3808 2240 3870 esset,

592 3880 825 3953 quoties
852 3885 1051 3938 tamen
1096 3882 1192 3940 ille
1230 3885 1426 3941 valere
1477 3894 1654 3960 atque
1687 3889 1887 3945 vivere
1924 3891 2244 3946 nuntiaba-

593 3973 707 4035 tur,
757 3987 853 4026 me
880 3987 1001 4026 non
1035 3972 1202 4028 aliter
1251 3974 1582 4043 recreabat,
1620 3980 1798 4049 atque
1845 3978 1894 4033 si
1933 3978 2078 4034 mihi
2099 3980 2242 4035 vita~

590 4058 710 4115 lem
736 4062 1095 4132 quampiam
1131 4077 1343 4118 auram
1378 4064 1715 4121 alﬂavisset.
1751 4070 1818 4122 Et
1846 4069 2241 4140 quemadmo-

595 4149 742 4202 dum
795 4149 1036 4205 divinus
1065 4151 1159 4206 ille
1207 4154 1460 4209 Davides
1511 4172 1684 4211 suam
1743 4157 1931 4228 ipsius
1977 4160 2243 4214 animam

597 4235 916 4292 acerbitate
986 4243 1151 4296 tanta
1213 4245 1500 4313 tantoque
1559 4245 1825 4300 cruciatu
1893 4247 2244 4303 circumval-

595 4324 776 4380 latam
839 4343 967 4382 esse
1022 4328 1220 4384 aiebat
1268 4337 1331 4386 ut
1387 4333 1859 4390 consolationem
1915 4341 2242 4408 respueret,

598 4429 735 4485 qua
773 4429 908 4469 cum
948 4416 1210 4486 primum
1243 4418 1303 4474 in
1361 4420 1462 4475 Dei
1503 4423 1873 4478 mentionem
1915 4407 2243 4495 incidisset,
2280 4407 2321 4460 ί)

597 4500 910 4557 confestim
963 4504 1427 4562 exliilarare'tur:
1468 4508 1549 4564 ita
1580 4515 1634 4564 et
1682 4510 1808 4582 ipse
1837 4527 1969 4580 ego,
2013 4514 2246 4585 quoties

596 4592 986 4664 praesentium
1012 4593 1306 4650 malorum
1327 4598 1615 4665 gravitate
1638 4601 1973 4670 premebar,
1999 4603 2245 4659 sicunde

599 4681 678 4736 ad
732 4697 828 4736 me
874 4682 1153 4736 nuntium
1208 4683 1451 4755 aliquod
1503 4688 1825 4759 advolaret,
1881 4706 2003 4761 quo
2047 4691 2244 4747 fratris

598 4771 892 4827 memoria
905 4770 1298 4836 refricaretur,
1319 4773 1485 4830 illum
1511 4777 1792 4833 nimirum
1819 4778 2018 4835 adhuc
2032 4781 2241 4853 vivere,

596 4863 874 4934 beneque
904 4877 1027 4916 rem
1075 4877 1276 4932 gerere
1316 4864 1683 4934 significans.
1725 4884 1869 4924 mox
1912 4869 2246 4926 mirabilem

597 4951 933 5026 quamdam
983 4951 1186 5006 animo
1257 4954 1730 5011 consolationem
1802 4959 2241 5030 concipiebam.

599 5042 823 5108 Quodsi
850 5039 1098 5114 quando
1122 5041 1267 5096 mihi
1289 5041 1511 5100 litteras
1529 5043 1890 5102 charissimo
1913 5047 2244 5105 charissimi

595 5130 794 5186 fratris
819 5130 1196 5203 autographo
1230 5130 1618 5201 subsignatas
1646 5134 1909 5207 recipere
1941 5138 2244 5208 continge-

596 5222 704 5285 ret,
754 5223 893 5274 tunc
943 5225 1083 5275 tunc
1116 5224 1172 5275 et
1213 5221 1725 5291 jucundissimum
1766 5223 1933 5280 illum
1993 5241 2243 5299 conspe-

596 5312 754 5363 ctum
769 5352 779 5375 ,
796 5307 1033 5364 etdulce
1048 5309 1417 5382 colloquium
1433 5311 1489 5365 in
1507 5312 1860 5370 memoriam
1879 5314 2242 5371 revocabam

597 5400 906 5466 totumque
939 5397 1092 5453 adeo
1117 5399 1440 5455 fraternum
1473 5407 1655 5472 caput
1683 5402 1972 5475 accipere,
1997 5404 2240 5462 etdees-

595 5485 780 5542 culari
806 5486 1227 5555 mihividebar,
1263 5493 1402 5545 tunc
1429 5491 1608 5545 etiam
1626 5490 2017 5548 afﬂictionum
2047 5494 2241 5551 nubes

664 5632 683 5664 ί
726 5627 882 5684 Psal.
925 5645 1075 5684 xuv.
1119 5635 1170 5687 2.
1215 5633 1234 5666 ⁵
1276 5633 1428 5688 Psal.
1467 5651 1613 5689 cxvr.
1656 5640 1708 5691 3.

2347 1870 2442 1922 tus
2468 1881 2624 1921 sum.
2647 1865 2782 1918 Jam
2827 1878 2969 1919 vero
3010 1879 3148 1918 cum
3197 1863 3463 1920 anchora
3506 1863 3604 1922 illa
3648 1881 3792 1922 mea
3840 1882 4012 1921 cass

2350 1955 2445 2020 sit,
2476 1953 2623 2026 quid
2656 1952 2800 2008 mihi
2828 1968 2965 2008 cum
2995 1953 3109 2008 hac
3132 1952 3296 2008 vita?
3325 1953 3504 2025 quive
3535 1953 3719 2009 ditius
3750 1954 4012 2010 descen

2350 2060 2484 2099 sum
2517 2043 2591 2099 ad
2637 2042 2859 2098 inferos
2885 2041 3050 2097 omni
3077 2041 3359 2097 dolorum
3406 2057 3621 2112 genere
3645 2043 4012 2100 redundan

2349 2137 2435 2188 tes
2466 2116 3004 2203 comperendinare
3035 2128 3289 2201 potero?
3327 2130 3626 2202 siquidem
3659 2132 4003 2188 miserrim

2347 2222 2476 2278 hac
2500 2222 2619 2276 vita
2658 2220 2876 2276 idcirco
2916 2219 3063 2274 mihi
3124 2226 3451 2291 prorogata
3493 2220 3753 2291 videtur,
3783 2226 3855 2278 ut
3893 2221 4012 2276 diu

2347 2311 2643 2365 turniores
2663 2309 2822 2364 luam
2842 2324 3073 2382 poenas,
3095 2308 3422 2381 omniaque
3454 2310 4012 2367 cruciamentorun

2347 2416 2566 2470 genera
2599 2399 2894 2470 perferam
2921 2416 2933 2452 ε
2962 2403 3141 2470 atque
3155 2414 3227 2452 ex
3253 2397 3353 2453 illo
3371 2397 3554 2454 calice
3581 2415 3743 2471 sape
3770 2399 4012 2455 bibam

2347 2505 2528 2560 quem
2582 2488 2869 2543 Dominus
2916 2503 3082 2542 mero
3130 2486 3267 2542 vino
3317 2485 3562 2559 plenum
3609 2489 3669 2542 in
3712 2488 4011 2544 manibu

2345 2578 2546 2645 habet,
2610 2595 2682 2633 ex
2739 2593 2862 2649 quo
2918 2577 3097 2632 etiam
3147 2581 3493 2648 peccatores
3542 2592 3759 2632 omnes
3801 2577 4011 2633 biberi

2346 2667 2574 2733 solent;
2608 2682 2746 2722 cum
2772 2682 2911 2722 vero
2933 2665 3010 2721 ad
3042 2666 3249 2721 facem
3289 2680 3482 2738 usque
3530 2665 3854 2733 ebiberim,
3887 2667 4012 2736 jan

2345 2755 2736 2812 commodum
2768 2755 2908 2810 hinc
2938 2753 3200 2810 abeundi
3229 2759 3470 2827 tempus
3507 2755 3718 2810 adesse
3752 2755 4012 2811 videtur

2346 2861 2486 2901 cum
2517 2845 2846 2916 praesertim
2878 2859 3090 2916 poenas
3138 2859 3351 2900 omnes
3381 2844 3748 2916 pertulerim,
3805 2861 3965 2917 quae
3999 2858 4012 2898 ε

2346 2934 2584 2990 mortali
2614 2950 2863 3006 corpore
2895 2934 3153 3006 expendi
3174 2939 3446 3004 possunt.

2425 3027 2540 3080 Nec
2569 3030 2764 3080 tamen
2797 3024 2935 3078 hinc
2963 3023 3168 3079 libenti
3197 3024 3455 3096 latoque
3494 3023 3698 3079 animo
3727 3023 4007 3080 discedo

2273 3131 2312 3185 ρ
2351 3114 2528 3187 quasi
2556 3113 2738 3170 vitam
2760 3129 2899 3168 cum
2919 3113 3082 3168 bono
3114 3111 3316 3185 aliquo
3339 3116 3846 3169 commutaturus.
3892 3117 4012 3169 Ter

2353 3207 2439 3259 ret
2483 3203 2643 3259 enim
2675 3219 2772 3258 me
2817 3201 2996 3258 timor
3030 3200 3274 3258 aliunde
3319 3217 3674 3275 prorepens,
3724 3217 3804 3258 ne
3829 3203 4011 3258 simu

2351 3298 2531 3365 atque
2577 3292 2716 3347 hinc
2766 3291 3030 3360 abivero,
3069 3290 3446 3362 gravioribus
3498 3291 3813 3348 tormentis
3860 3290 4004 3362 obji

2350 3383 2492 3450 ciar,
2555 3381 2659 3454 qui
2721 3381 2909 3437 vitam
2971 3380 3152 3436 variis
3210 3380 3564 3436 criminibus
3627 3380 4012 3437 obtriverim.

2351 3473 2536 3528 Grave
2567 3471 2814 3543 quidem
2843 3471 2954 3526 hoc
3009 3474 3116 3538 est,
3163 3468 3308 3525 illud
3331 3485 3469 3526 vero
3506 3469 3770 3541 gravius,
3799 3470 3850 3525 si
3881 3486 4012 3542 pro

2352 3561 2447 3617 cul
2477 3578 2514 3618 a
2543 3561 2721 3617 fratre
2755 3561 3058 3632 sejungar,
3105 3560 3374 3616 maximo
3397 3560 3513 3616 alio
3550 3559 4012 3617 molestissimo.

2351 3668 2468 3724 que
2489 3651 2819 3720 chasmate,
2848 3666 2969 3723 quo
3027 3649 3383 3707 intermedio
3433 3666 3640 3706 eorum
3691 3650 3798 3721 qui
3840 3648 4012 3723 apud

2352 3740 2572 3796 inferos
2627 3745 2999 3812 torquentur,
3039 3739 3208 3795 locus
3261 3755 3298 3795 a
3349 3739 3507 3795 felici
3549 3739 3874 3795 beatorum
3933 3739 4011 3793 vi

2350 3847 2554 3887 rorum
2585 3831 2782 3903 quiete
2829 3829 3180 3900 longissime
3237 3829 3641 3900 disjungitur:
3685 3829 3766 3885 ad
3811 3845 4012 3902 quam

2350 3921 2614 3992 profecto
2646 3921 3061 3976 transductum
3107 3919 3245 3974 hinc
3273 3918 3462 3974 fuisse
3503 3919 3747 3975 fratrem
3794 3935 4012 3975 meum

2349 4009 2520 4065 facile
2548 4009 2747 4064 credo.
2787 4009 2955 4064 illum
2983 4008 3142 4064 enim
3182 4008 3360 4080 plane
3391 4008 3538 4064 mihi
3569 4013 3807 4064 constat
3836 4007 4012 4064 omni

2349 4114 2463 4171 ope
2521 4103 2698 4170 atque
2747 4114 2934 4170 opera
2990 4097 3130 4153 eniti
3189 4097 3449 4169 solitum,
3507 4102 3573 4154 ut
3624 4097 3702 4154 ad
3757 4097 4012 4153 illorum

2350 4188 2677 4260 archetypa
2705 4188 2981 4260 exempla
3012 4188 3145 4244 vita
3175 4203 3298 4242 sua
3345 4188 3618 4259 regulam
3658 4186 4012 4243 efformaret

2351 4283 2408 4333 et
2450 4277 2765 4340 excoleret,
2822 4277 3226 4349 eumdemque
3289 4276 3437 4332 dum
3492 4278 3554 4333 in
3597 4277 3744 4332 vivis
3801 4276 4011 4332 adhuc

2355 4376 2529 4436 esset,
2570 4367 2776 4440 quoad
2823 4367 2950 4438 ejus
3017 4366 3143 4422 ﬁeri
3215 4371 3470 4438 poterat,
3525 4365 3813 4422 omnibus
3857 4365 4012 4422 votis

2355 4466 2661 4536 exoptare,
2686 4463 2753 4516 ut
2777 4473 2896 4515 una
2924 4474 3058 4514 cum
3097 4455 3208 4511 illis
3249 4460 3702 4513 conversaretur
3722 4459 3779 4511 et
3809 4453 4012 4510 exsul-

2355 4557 2524 4617 taret,
2565 4567 2704 4607 cum
2748 4548 3079 4622 prasertim
3110 4551 3457 4602 sanctorum
3505 4560 3831 4617 corporum
3879 4546 4012 4600 reli-

2354 4642 2530 4714 quias
2561 4645 2618 4696 et
2649 4639 2943 4708 imagines
2973 4635 3241 4709 undique
3265 4635 3642 4707 conquireret
3671 4639 3726 4690 et
3753 4649 4012 4707 compa-

2353 4735 2531 4794 raret,
2576 4726 2974 4800 extructisque
3001 4726 3230 4798 templis
3267 4725 3584 4797 impositas
3610 4727 3666 4779 et
3694 4738 4011 4780 consecra-

2354 4825 2468 4885 tas,
2524 4819 2780 4874 summis
2835 4815 3165 4873 honoribus
3217 4818 3701 4888 prosequeretur.
3770 4816 4005 4870 Etenim

2352 4914 2699 4966 sanctorum
2744 4906 3040 4971 omnium,
3072 4905 3177 4977 qui
3226 4903 3498 4960 circulari
3542 4904 3776 4959 dierum
3823 4905 4004 4960 totius

2353 5002 2495 5058 anni
2527 4999 2665 5056 albo
2691 4997 2958 5068 inscripti
2999 4999 3155 5063 sunt,
3179 4994 3380 5051 nullus
3415 4998 3502 5050 est
3546 5009 3731 5066 quem
3761 4993 3859 5049 ille
3890 4995 4004 5066 pri-

2351 5094 2538 5149 vatim
2579 5090 2674 5146 die
2736 5086 3301 5145 commemorationi
3349 5085 3479 5156 ejus
3529 5085 3748 5154 dicata,
3791 5084 4002 5142 festivo

2352 5181 2727 5253 solemnique
2756 5178 2895 5246 ritu,
2925 5183 2982 5234 et
3034 5175 3444 5250 spiritualibus
3495 5175 3705 5232 hostiis
3749 5174 4000 5242 faciens,

2353 5279 2407 5329 et
2427 5273 2672 5344 hymnis
2698 5268 3092 5341 omniumque
3115 5266 3417 5322 fructuum
3444 5265 3720 5337 primit-iis
3745 5264 4001 5321 cohone-

2352 5368 2537 5431 stans,
2568 5375 2690 5415 non
2722 5361 3118 5414 veneraretur.
3154 5358 3270 5411 Nec
3321 5356 3482 5410 enim
3513 5354 3678 5410 cultu
3725 5353 3826 5409 illo
3860 5371 3997 5411 con-

2352 5454 2573 5512 tentus,
2627 5463 2812 5520 quem
2888 5463 3027 5501 cum
3087 5443 3318 5500 cateris
3367 5443 3598 5500 civibus
3647 5443 3708 5498 in
3757 5444 3997 5515 publico

2351 5545 2651 5598 conventu
2681 5535 2999 5607 tribuebat,
3045 5535 3306 5592 Ecclesia
3355 5549 3599 5608 quoque
3648 5534 3900 5606 privatis
3943 5535 3996 5590 in
