4028 6308
162 313 288 366 377

1056 313 1153 368 ΑΙ)
1189 312 1496 370 ALEXIUM
1539 310 1927 371 COMNENUM
1964 314 2104 372 PRO
2139 313 2713 372 ATHENIENSIBUS.

3467 315 3572 370 378

173 434 444 492 aedibus
471 437 831 491 consecrata
869 448 1145 491 annuum
1168 435 1219 490 ei
1252 441 1460 492 sancto
1487 435 1706 492 festum
1737 437 1824 492 di-
1855 442 1901 493 Α
1927 437 2212 495 audacter
2259 443 2316 494 et
2345 438 2526 494 libere
2569 455 2710 495 cum
2750 437 2880 494 aliis
2913 438 2987 494 de
3017 437 3233 504 causis,
3268 440 3396 493 tum
3417 437 3572 508 quia

169 523 398 591 cabat,
428 540 620 597 quem
653 523 854 579 ubivis
885 522 1154 593 gentium
1196 524 1309 581 coli
1347 525 1575 581 videret
1603 542 1616 579 :
1645 525 1728 581 ita
1757 531 1823 582 ut

170 627 258 668 ex
314 615 455 685 ejus
495 612 751 670 tentorio
791 612 917 668 sine
945 613 1391 670 intermissione
1420 630 1534 670 vox
1563 613 1817 670 exsulta-

171 702 380 758 tionis
412 707 475 759 et
514 702 746 769 salutis,
780 700 1045 775 justique
1091 702 1249 758 illius
1307 704 1415 759 viri
1465 704 1817 760 Psalterium

169 791 616 848 exaudiretur.

259 880 374 936 His
401 881 610 953 itaque
626 880 701 935 de
723 881 922 937 causis
939 880 1106 937 illum
1127 881 1206 937 ad
1227 881 1455 938 amicos
1470 880 1815 954 pervenisse

170 974 239 1024 et
285 969 361 1024 in
401 968 621 1025 eadem
660 969 760 1025 illa
794 970 1164 1042 sempiterna
1194 971 1467 1037 tentoria,
1490 971 1552 1026 in
1594 970 1816 1042 quibus

168 1057 272 1113 illi
308 1058 661 1132 quiescunt,
699 1059 1001 1116 invectum
1041 1059 1245 1130 fuisse,
1281 1066 1505 1117 (eterna
1534 1077 1671 1116 cum
1702 1060 1814 1116 illis

168 1144 581 1203 beatitudine
607 1147 741 1215 frui,
775 1147 1034 1221 denique
1062 1148 1192 1219 jam
1224 1165 1333 1221 pro
1363 1148 1537 1205 nobis
1568 1165 1812 1222 quoque

1128 1369 1131 1370 ,
1340 1369 1528 1370 ,,,,,,,,

1927 526 2124 582 fratris
2155 527 2609 582 amantissimus
2639 531 2745 594 est,
2769 526 3133 583 intercedere
3159 528 3316 581 certo
3343 524 3489 589 scio,
3507 528 3573 579 ut

1925 614 2022 671 ille
2060 616 2164 688 qui
2206 631 2328 670 non
2379 614 2546 671 aliter
2584 619 2763 688 atque
2797 615 3058 672 fusorius
3095 614 3271 685 ignis,
3309 612 3573 669 herbave

1925 705 2299 761 balneatoria
2329 705 2607 761 sordidos
2636 712 2947 778 expurgat,
2979 721 3090 761 nos
3119 719 3361 778 quoque
3382 707 3571 758 tenta-

1925 795 2187 850 tionibus
2217 793 2440 866 quibus
2466 795 2563 850 hic
2589 794 2926 864 objicimur,
2958 794 3120 850 velut
3147 794 3285 862 igne
3324 795 3381 847 et
3412 807 3574 862 aqua

1925 883 2138 954 expiet,
2163 883 2366 954 sicque
2392 883 2634 938 tandem
2667 899 2843 938 suum
2874 883 2933 938 in
2972 881 3347 951 refrigerium
3377 884 3570 935 trans-

1925 972 2124 1038 ducat,
2147 977 2205 1028 et
2225 971 2563 1042 justiﬁcatis
2584 987 2690 1044 per
2708 972 2891 1028 fidem
2923 971 3232 1034 concedat,
3265 975 3330 1026 ut
3357 969 3572 1025 eodem

1923 1061 1985 1116 in
2005 1061 2158 1127 loco,
2183 1065 2362 1133 atque
2386 1060 2729 1116 admirandi
2758 1060 2913 1117 illius
2944 1060 3174 1117 tentorii
3205 1058 3407 1114 aeterni
3436 1058 3570 1113 loco

1923 1149 2103 1205 simul
2141 1148 2569 1204 inhabitemus.

1241 1509 2534 1626 ΥΠΟΜΝΗΣΤΙΚΟΝ

1599 1749 1698 1796 ΕΙΣ
1734 1750 1870 1796 ΤΟΥ
1909 1749 1984 1796 BA
1995 1749 2098 1797 ΣΙΛ
2108 1750 2184 1797 ΕΑ

517 1930 1118 2048 ΚΥΡΙοΝ
1196 1921 1842 2050 ΑΛΕΞΙΟΓ

1974 1937 2268 2050 ΤΟΝ
2351 1936 2790 2051 KOMN
2797 1936 3016 2048 HN
3024 1936 3248 2044 ΟΝ.

1310 2375 2417 2482 YPOMNESTICON

1577 2609 1670 2662 AD
1711 2607 2205 2664 IMPERATOREM

321 2799 1236 2943 DOMINUM
1343 2805 2238 2944 ALEXIUM
2340 2804 2860 2944 COMN
2870 2807 3119 2941 EN
3141 2807 3468 2942 UM.

270 3276 573 3350 Τολμῶντες
621 3281 669 3332 οἱ
714 3280 913 3345 ἀνάξιοι
970 3286 1060 3335 καὶ
1115 3283 1436 3347 πανευτιλεῖς
1492 3281 1672 3338 δοῦλοι
1709 3293 1804 3348 τῆς
1833 3288 1877 3341 Β

191 3373 460 3440 κραταιᾶς
510 3373 600 3421 καὶ
643 3369 797 3441 ἁγίας
841 3370 1112 3444 βασιλείας
1152 3393 1246 3426 σου
1296 3370 1536 3446 διόμετα,
1572 3371 1804 3428 δέσποτα

192 3457 222 3513 ἡ
231 3464 348 3528 μῶν
382 3457 521 3528 ἅγιε.

267 3549 342 3597 Τὸ
372 3547 492 3598 καθ’
523 3549 657 3619 ἡμᾶς
687 3549 824 3621 ὅριον
847 3558 944 3602 τῶν
979 3551 1225 3622 Ἀθηνῶν,
1259 3551 1421 3606 πάλαι
1457 3559 1549 3606 τοῦ
1572 3553 1802 3617 π)ήθους

191 3643 300 3685 τῶν
348 3633 569 3687 ἐποίκων
618 3637 777 3690 αὐτοῦ
827 3635 921 3692 διὰ
981 3642 1072 3702 τὰς
1114 3639 1524 3703 ἁλλεπαλλὴλονς
1560 3642 1804 3720 ἐπηρείας

191 3722 560 3797 ἓκχενούμενον
587 3728 684 3796 ἀεὶ,
717 3735 805 3779 νῦν
835 3724 1123 3782 κινδυνεύει
1148 3735 1238 3783 καὶ
1256 3731 1325 3793 εἰς
1356 3732 1518 3791 αὐτὴν
1545 3740 1801 3807 περιστῆ-

191 3833 284 3864 ναι
316 3817 410 3872 τὴν
440 3819 919 3890 παροιμιαζομένην
941 3817 1158 3892 ἐρημίαν
1180 3823 1450 3879 Σκυθικήν.
1469 3825 1539 3874 Τὸ
1563 3817 1622 3874 δὲ
1639 3824 1802 3873 αἴτιον

194 3905 280 3954 ὅτι
321 3902 539 3966 πολλαῖς
580 3903 845 3980 ἑπηρείαις
885 3905 1235 3982 βαρυνόμεθα,
1277 3908 1465 3982 μᾶλλον
1506 3906 1566 3963 δὲ
1600 3909 1804 3963 πλείοσι

192 3996 289 4045 καὶ
326 3990 666 4069 βαρυτέραις,
695 3999 824 4068 ἥπερ
856 3998 905 4048 οἱ
923 4005 1262 4068 γειτονοῦντες
1290 3999 1415 4070 ἡμῖν
1439 3998 1611 4053 λοιποὶ
1640 4019 1806 4052 κατω-

193 4087 358 4134 τικοί.
395 4081 471 4134 0'3
514 4087 667 4155 μόνον
695 4086 796 4159 γὰρ
842 4087 991 4157 ἡμεῖς
1036 4083 1119 4149 δὶς
1158 4093 1247 4139 καὶ
1286 4093 1393 4162 τρὶς
1428 4093 1517 4141 καὶ
1558 4088 1804 4151 πολλάκις

192 4173 346 4245 παρὰ
388 4174 479 4232 τὰς
516 4177 748 4244 γείτονας
789 4175 932 4247 ἡμῶν
962 4182 1143 4250 χώρας
1182 4177 1474 4250 ὑπέστημεν
1507 4176 1808 4254 ἀναγραφὰς

191 4265 289 4312 καὶ
318 4261 655 4335 ἐπιτηρήσας
686 4261 951 4340 ἀναφορῶν
981 4275 1384 4339 γεωμετρουσών
1402 4270 1581 4338 ἴχνεσι
1599 4267 1804 4339 ψυλλῶν

194 4352 449 4425 ἄντικρυς
469 4354 536 4403 τὰ
555 4351 853 4425 ὑπόψαμμα
877 4359 1031 4407 ταυτὶ
1060 4359 1149 4407 καὶ
1167 4354 1430 4430 λυπρὸγεα
1450 4357 1596 4428 ἡμῶν
1616 4363 1682 4429 γή
1693 4354 1728 4410 δ
1733 4378 1804 4425 ια,

193 4445 293 4492 καὶ
334 4437 534 4512 σχεδὸν
585 4446 675 4494 καὶ
712 4444 806 4502 τὰς
845 4447 1036 4516 τρίχας
1075 4444 1235 4507 αὐτὰς
1265 4453 1364 4497 τῶν
1393 4445 1621 4518 κεφαλῶν
1661 4447 1807 4520 ἡμῶν

195 4526 680 4602 διαριθμουμένων,
733 4536 882 4602 πόσῳ
919 4552 980 4604 γε
1018 4532 1208 4605 μᾶλλον
1260 4531 1490 4607 ἀμπέλου
1548 4534 1731 4608 φύλλον
1774 4537 1803 4596 ἡ

1985 3283 2219 3355 Indigni
2255 3299 2366 3340 nos
2405 3287 2585 3356 atque
2623 3282 2880 3340 humiles
2913 3282 3231 3354 Majestatis
3275 3286 3383 3338 tuae
3415 3280 3572 3338 servi

1911 3373 2100 3430 hocce
2141 3372 2251 3430 abs
2292 3377 2344 3430 te
2375 3377 2573 3445 petere
2603 3372 2925 3430 audemus.

1979 3557 2132 3624 Ager
2152 3552 2528 3610 Atheniensis
2554 3568 2738 3626 quem
2767 3551 3137 3620 habitamus,
3167 3550 3304 3606 inde
3328 3567 3365 3608 a
3384 3547 3568 3620 longo

1910 3650 2178 3717 tempore
2209 3642 2440 3700 civibus
2481 3643 2587 3714 qui
2631 3641 2774 3698 olim
2805 3641 3048 3714 plurimi
3078 3640 3262 3709 fuere,
3304 3639 3574 3711 privatus

1904 3720 2062 3791 jacet
2089 3738 2146 3788 et
2175 3733 2371 3789 omnis
2405 3731 2640 3802 generis
2657 3731 2832 3787 malis
2858 3735 3126 3793 vexatur,
3148 3729 3271 3785 imo
3298 3729 3357 3784 in
3389 3744 3459 3783 eo
3483 3732 3569 3782 est

1909 3825 1976 3878 ut
2010 3822 2247 3878 deserto
2283 3821 2561 3892 bcythico
2609 3819 2954 3891 comparari
3003 3817 3210 3891 possit.
3256 3817 3447 3885 Hujus
3485 3815 3572 3871 rei

1910 3926 2098 3968 causa
2125 3914 2218 3967 est
2243 3909 2410 3982 quod
2438 3908 2830 3978 vectigalibus
2857 3906 3238 3978 gravioribus
3267 3919 3455 3976 quam
3481 3901 3569 3959 vi-

1912 4001 2062 4056 cinae
2089 4004 2294 4069 gentes
2318 3997 2673 4070 premimur,
2699 3995 2998 4069 siquidem
3029 3993 3336 4067 publicani
3362 3997 3419 4049 et
3438 4007 3574 4048 vec-

1914 4078 2185 4160 tigalium
2227 4091 2531 4144 exactores
2581 4086 2912 4158 triplicibus
2971 4083 3255 4140 molestiis
3297 4086 3514 4142 vexant
3556 4100 3569 4150 ;

1915 4194 2094 4249 agros
2115 4180 2274 4234 enim
2294 4182 2530 4233 nostros
2555 4191 2837 4232 arenosos
2863 4191 2933 4232 ac
2963 4190 3181 4247 parum
3211 4172 3427 4230 fertiles
3448 4187 3573 4228 non

1913 4268 2206 4339 humana,
2225 4266 2331 4323 sed
2356 4266 2631 4339 pulicosa
2655 4280 2940 4321 mensura
2957 4280 3026 4320 ac
3041 4261 3430 4336 proportione
3446 4277 3572 4316 me-

1917 4357 2182 4425 tiuntur;
2215 4357 2338 4412 imo
2377 4359 2440 4410 ut
2479 4353 2731 4426 capillos
2777 4352 3044 4426 capitum
3082 4355 3449 4417 nostrorum,
3494 4349 3576 4404 ita

1914 4446 2049 4503 vitis
2087 4445 2227 4502 folia
2270 4447 2612 4501 numerant.
2641 4442 2807 4498 Adde
2856 4441 3022 4514 quod
3065 4447 3292 4498 creteraa
3323 4440 3569 4511 insuper

1918 4535 2257 4593 exactiones
2296 4535 2448 4589 ﬁsco
2487 4531 2798 4589 destinatae
2845 4531 2906 4587 in
2957 4533 3185 4588 caeteris
3223 4527 3574 4600 regionibus

195 4618 366 4691 φυτοῦ
405 4638 566 4681 τινος.
603 4618 759 4674 Ἀ).λὰ
787 4625 877 4673 καὶ
903 4623 958 4673 αἱ
993 4625 1321 4682 καθεκάστην
1350 4623 1528 4676 λοιπαὶ
1555 4628 1810 4696 κοσμικαὶ
1840 4667 1842 4689 ,

1925 4623 2236 4682 commode
2275 4638 2346 4680 ac
2381 4623 2508 4678 sine
2537 4621 2959 4678 vexationibus
2999 4619 3364 4687 efﬁciuntur,
3395 4615 3576 4688 siqui-

197 4706 440 4782 ἐπήρειαι
470 4707 520 4760 ἐν
549 4711 638 4782 μὲν
667 4717 778 4771 ταῖς
805 4709 1008 4772 λοιπαῖς
1046 4717 1254 4786 χώραις
1282 4713 1311 4772 ἦ
1354 4709 1478 4766 οὐδὲ
1508 4717 1602 4772 τὴν
1633 4711 1806 4786 ἀρχὴν

195 4796 549 4870 ἐνεργοῦνται,
577 4800 607 4857 ἦ
632 4801 777 4873 παρὰ
805 4810 904 4852 τῶν
924 4806 1231 4876 πραιτὼρων
1261 4802 1618 4876 κουφίζονται,
1649 4822 1809 4877 χαρι-

199 4887 432 4959 ζομένων
452 4886 640 4948 αὐταῖς
659 4890 726 4940 τὰ
751 4895 990 4956 τοιαῦτα,
1013 4890 1103 4942 ἅτε
1117 4894 1209 4942 καὶ
1229 4893 1325 4953 τὰς
1352 4890 1596 4966 ἐπηρείας
1610 4894 1806 4952 ταυτας

1916 4713 2054 4770 dem
2085 4715 2369 4785 prmtores
2399 4709 2730 4782 saepissime
2758 4708 2960 4765 debita
2989 4708 3360 4772 condonant,
3401 4703 3572 4759 aliter

1916 4818 1986 4859 ac
2017 4801 2176 4874 apud
2218 4816 2330 4856 nos
2359 4799 2484 4872 qui,
2519 4802 2578 4855 et
2600 4797 2840 4854 ultimos
2865 4797 3114 4870 quidem
3153 4794 3389 4852 Graeciaa
3420 4792 3572 4847 ﬁnes

1914 4889 2258 4958 incolentes,
2292 4887 2616 4943 durissima
2645 4901 2900 4958 quaeque
2930 4883 3321 4956 perpetimur.

199 4974 542 5050 ἐνεργούντων
573 4976 740 5030 αὐτῶν
781 4980 820 5029 ὡ
849 4980 916 5030 τὰ
935 4977 1118 5048 πολλὰ,
1160 4980 1189 5039 ἦ
1223 4999 1603 5054 συνεργουντων
1640 4982 1846 5041 πάντως
1874 4986 1983 5042 τοῖς
2013 4978 2308 5050 ἐνεργοῦσιν
2341 4992 2354 5006 ⁸
2394 4975 2442 5028 ἐν
2474 4977 2599 5049 ἡμῖν
2631 4972 2690 5028 δὲ
2717 4981 2886 5028 πᾶσαι
2911 4973 3255 5045 ἐνεργοῦνται,
3283 4973 3372 5022 καὶ
3397 4967 3575 5022 ἐπιϐα-

197 5072 309 5137 ρῶς
337 5065 544 5118 ἅπασαι
573 5071 663 5120 καὶ
693 5075 791 5120 τῶν
822 5067 986 5120 ἀλλων
1016 5073 1313 5142 πρώτιστα,
1344 5074 1436 5123 καὶ
1474 5077 1643 5123 ταῦτα
1665 5070 1714 5122 ἓν
1744 5077 1807 5142 τῇ
1840 5076 1932 5131 τῆς
1958 5063 2206 5130 Ἑλλάδος
2230 5069 2476 5141 κειμένοις
2501 5065 2753 5138 ἐσχατιᾷ.

278 5177 380 5226 Καὶ
443 5180 701 5249 μαρτυρεῖ
757 5177 816 5227 τὸ
882 5184 1160 5251 προσσχῶς
1219 5177 1471 5252 παρελθὸν
1539 5179 1671 5249 ἔθος,
1733 5178 1817 5230 ὅτε

199 5265 424 5322 κτίσεως
483 5268 745 5336 κατέργων
838 5266 1157 5338 ὁρισθείσης,
1218 5268 1371 5339 ἡμεῖς
1441 5275 1632 5340 πρῶται
1724 5271 1814 5319 καὶ

198 5354 350 5424 μόνοι
398 5361 500 5403 τῶν
553 5351 741 5422 ἄλλων,
779 5359 967 5428 καίπερ
1027 5360 1099 5427 μὴ
1155 5358 1454 5424 κισθέντων,
1520 5355 1818 5429 ἐζημιώθη-

199 5460 292 5514 μεν
325 5458 339 5469 ’
383 5442 469 5494 ὅτε
504 5449 599 5494 τοῦ
646 5448 879 5496 Πανσίου
936 5445 1200 5514 (Παυσίου
1231 5445 1281 5515 Ῠ)
1321 5449 1610 5520 Στειριὸνου
1654 5465 1814 5499 κατα-

203 5531 566 5610 πεπλευκότος,
642 5533 792 5606 μόνοι
859 5533 1013 5588 πάλιν
1107 5538 1259 5609 ἡμεῖς

199 5619 594 5695 κατιϐαλὸμεθα
646 5643 659 5656 ·

1358 5538 1487 5613 ὑπὶρ
1545 5562 1550 5566 τ
1575 5536 1816 5610 πλωίμων

728 5622 886 5682 ἡνίκα
956 5623 1110 5681 πάλιν
1184 5626 1312 5702 ὑπὲρ
1371 5625 1651 5699 ’πλωῖμων
1744 5634 1817 5700 τῷ

1992 5177 2116 5231 Hoc
2135 5174 2218 5232 ita
2237 5189 2365 5230 esse
2382 5189 2578 5230 annus
2599 5171 2872 5244 proxime
2887 5169 3127 5242 elapsus
3146 5172 3412 5225 testatur.
3427 5169 3572 5224 Cum

1923 5266 2082 5322 enim
2127 5263 2374 5320 navium
2405 5260 2767 5322 constructio
2797 5259 3131 5330 juberetur,
3165 5258 3575 5329 grandissima

1922 5353 2099 5410 nobis
2135 5351 2394 5424 pecunia
2431 5363 2672 5406 summa
2719 5345 3154 5420 imperabatur,
3202 5362 3314 5404 nec
3371 5352 3573 5404 tamen

1925 5442 2131 5501 classis
2173 5440 2466 5498 aadiﬁcata
2494 5439 2625 5494 fuit.
2669 5440 2816 5494 Cum
2847 5437 2987 5494 dein
3011 5437 3257 5494 Pansias
3287 5437 3574 5495 Stirionos

1923 5549 2092 5592 mare
2141 5532 2436 5601 lustraret,
2457 5557 2459 5559 ι
2482 5544 2657 5586 novae
2715 5525 2896 5586 nobis
2944 5527 3215 5600 pecunias
3269 5527 3577 5600 imperatae

1926 5627 2085 5684 sunt.
2107 5619 2300 5696 Sguro
2325 5633 2572 5695 quoque
2594 5633 2669 5678 ac
2696 5618 2942 5693 praetori
2969 5618 3052 5679 ad
3073 5615 3248 5677 navis
3277 5614 3578 5675 aediﬁcan-
