4028 6308
120 350 226 404 εει
983 343 1081 402 AD
1120 343 1435 402 ALExwu
1474 324 1873 403 COMNENUM
1907 344 2044 401 pno
2083 344 2660 403 ATHENIENSIBUS.
3400 347 3507 406 ass

117 471 288 533 me);
337 479 413 542 τῷ
463 467 712 542 δημοσίῳ
759 469 1081 543 itacui/40»)-
1138 474 1229 521 καὶ
1275 476 1458 543 πρῶτα
1505 468 1740 521 ἀπαλλά-

1858 469 2098 525 decretis
2127 469 2243 526 tuis
2273 469 2605 527 insistendo
2634 469 2712 526 ad
2737 485 2835 526 res
2865 473 3103 526 nostras
3130 469 3238 526 rite
3264 485 3507 544 compo-

118 561 201 621 ξαι
255 561 408 632 ἡμᾶς
459 569 551 620 τῆς
600 567 958 634 πραιτωρικῆς
1015 555 1225 631 ἐφόδου,
1290 554 1633 632 καταδρομῆς
1687 577 1741 610 τε

1858 558 2081 614 nendas
2129 560 2433 631 procedat.
2478 563 2626 616 Tum
2657 575 2842 616 naves
2869 563 2928 614 et
2957 559 3253 631 pecunias
3274 560 3334 615 in
3363 576 3506 616 usus

116 653 206 700 καὶ
270 646 586 724 διαρπαγῆς
637 656 730 702 τοῦ
787 645 1027 710 δοθέντος
1080 649 1206 721 ἡμῖν
1263 644 1740 720 δεφενδαρίου,με-

1858 648 2184 706 maritimos
2207 648 2774 722 dabimusquantas
2794 647 3103 717 logotheta
3124 647 3323 705 dromi
3338 648 3506 706 dom.

116 738 508 811 γαλυπερόχου
567 746 848 812 μυστικοῦ,
913 741 972 790 τό
1033 737 1160 812 παρ’
1218 738 1365 810 ἡμῶν
1422 735 1739 811 ἀφαιρούμε-

1858 740 2104 793 Ioannes
2138 737 2332 794 Ducas
2361 737 2537 794 nobis
2567 737 2971 810 imperaverit,
3020 735 3274 792 decretis
3321 737 3508 810 impe-

113 847 195 878 νον
286 828 715 902 ὐποκρατοῦντος
785 826 840 881 ἐκ
900 829 1016 898 ξτών
1091 827 1525 902 εἰσκομιζομένων
1598 829 1742 900 ποιρά

1858 826 2080 885 ratoriis
2095 826 2824 902 obtemperando,quibus
2842 841 3004 898 saepe
3021 842 3058 883 a
3075 825 3284 898 populi
3301 825 3510 883 adver-

114 924 213 967 τῶν
286 919 619 992 πραιτάρων,
699 919 769 979 ὥς
839 911 1144 991 διώρισται,
1209 921 1300 969 καὶ
1373 915 1542 988 ετὲρας
1606 919 1741 976 τινός

1858 916 2024 972 sariis
2051 916 2403 974 contraitur.

113 1003 394 1078 ἐγγράφου
472 1005 831 1079 ἐπιφωνήσεως
902 1010 992 1058 καὶ
1067 1005 1281 1068 ἀπειλῆς
1357 1005 1811 1080 ἐπανατεινομένης
1877 1006 2075 1072 αὐτοῖς,
2141 1010 2207 1059 τὰ
2274 1010 2483 1079 ἔσχατα
2546 1008 2839 1072 πείθεσθαι,
2909 1005 2953 1058 εἰ
3027 1009 3099 1078 μῆ
3179 1004 3506 1077 ἀπόσχοιντο

115 1102 206 1146 τοῦ
290 1096 448 1168 ὁρίου
515 1103 616 1147 τῶν
692 1094 943 1154 Ἀθηνῶν·
1015 1097 1190 1148 ἔπειτα
1252 1099 1343 1147 καὶ
1415 1092 1705 1158 συνδοσὶας
1764 1096 2010 1168 πλωίμων
2093 1101 2183 1148 καὶ
2257 1097 2518 1169 πλωΐμους
2595 1093 2825 1162 διδόναι,
2900 1096 3057 1156 ὅσους
3131 1096 3256 1166 ἡμῖν
3321 1093 3508 1153 ἐπέθη-

112 1202 197 1234 κεν
259 1185 296 1241 ἡ
358 1183 635 1259 ἀπογραφὴ
697 1191 789 1238 τοῦ
847 1189 1283 1259 χρηματίσαντος
1341 1184 1619 1258 λογοθέτου
1675 1194 1767 1240 τοῦ
1825 1183 2047 1259 δρόμου,
2106 1194 2290 1261 κυροῦ,
2351 1185 2585 1239 Ἰωάννου
2644 1194 2736 1238 τοῦ
2795 1188 2983 1250 Δούκα,
3026 1188 3228 1256 καὶμὴ
3297 1183 3507 1246 πλείους

122 1271 326 1324 αὐτῶν
403 1277 536 1346 μήτε
609 1271 724 1328 ἀντὶ
792 1281 890 1326 τῶν
961 1271 1334 1328 ἕπιϐαλλόντων
1411 1276 1536 1348 ἡμῖν
1612 1276 1855 1348 πλωῖμων
1921 1274 1976 1326 ἐκ
2038 1285 2133 1339 τῆς
2194 1278 2438 1337 τοιαύτης
2513 1275 2823 1352 ἀπογραφῆς
2909 1270 3194 1336 συνδοο-ίας
3272 1271 3508 1327 ἀπαιτεῖν

115 1361 237 1413 ἄνευ
275 1362 534 1434 ὁρισμοῦ.
579 1367 682 1416 Καὶ
708 1369 863 1416 τοῦτο
889 1364 992 1436 γὰρ
1027 1359 1102 1436 ἐφ’
1131 1367 1253 1436 ἡμῖν
1283 1362 1539 1438 τολμᾶται
1569 1373 1678 1428 τοῖς
1709 1363 2053 1439 ταλαιπώροις
2082 1361 2260 1420 ίνίοτε.

193 1451 350 1504 Ἐπεὶ
428 1448 487 1504 δέ
552 1457 644 1504 καὶ
708 1451 901 1515 πολλὰς
967 1451 1262 1528 ἀναγραφὰς
1329 1454 1642 1529 ὑπέστημεν,
1678 1459 1741 1517 ὡς

119 1543 320 1613 μικρὸν
409 1541 600 1593 ἄνωθεν
688 1539 1057 1615 ἀνηνέγκαμεν,
1151 1539 1394 1616 δεόμεθα,
1487 1549 1560 1618 μὴ
1655 1550 1746 1598 καὶ

123 1623 271 1688 αὖθις
317 1627 484 1702 βάρος
537 1627 834 1705 ἀναγραφῆς
899 1630 1230 1706 ἐπιρριφῆναι
1276 1641 1339 1706 τῆ
1389 1638 1547 1708 χώρᾳ
1604 1636 1746 1707 ἡμῶν

121 1718 163 1769 εἰ
220 1718 322 1770 χαί
372 1717 424 1770 ἐν
463 1726 576 1780 ταῖς
621 1719 803 1782 ἄλλαις
844 1723 1010 1793 τυχόν
1065 1727 1271 1795 χώραις
1321 1731 1418 1774 τῶν
1445 1728 1746 1797 κατωτέρων

120 1809 319 1883 ὁρισθῇ
382 1811 626 1882 γενέσθαι
682 1811 980 1884 ἀναγραφή·
1049 1810 1160 1864 ἀλλ’
1223 1811 1611 1887 ἕπικυρωθῆναι
1657 1820 1747 1868 καὶ

119 1901 208 1949 τὸν
297 1900 450 1952 ἕνεκα
525 1902 712 1954 τούτου
794 1900 1146 1975 ἂπορεχθόντα
1217 1903 1342 1975 ἡμῖν
1411 1907 1746 1978 προσκυητόν

123 1986 357 2061 ὁρισμὸν
426 1997 519 2052 τῆς
576 1989 730 2062 ἁγίας
808 1987 1081 2064 βασιλείας
1147 2008 1262 2044 σουο
1323 1997 1412 2045 καὶ
1468 1998 1539 2066 μὴ
1595 1997 1747 2067 μόνον

126 2084 338 2145 τοῦτον,
404 2075 532 2130 ἀ).λά
588 2082 676 2132 καὶ
729 2082 852 2141 τοὺς
909 2077 944 2132 δ
949 2083 1170 2156 ιαφόρως
1226 2078 1595 2144 ἀπολυθέντας,
1658 2088 1748 2136 καὶ

129 2162 481 2242 ἀπειργοντας
554 2169 676 2230 τοὺς
735 2174 1084 2244 πειρωμένους
1150 2169 1206 2223 ἐκ
1271 2179 1370 2222 τῶν
1441 2179 1747 2248 καστρητῶν

131 2258 386 2328 κατέχειν
439 2253 792 2319 ὁπωσδήποτε
839 2263 930 2314 καὶ
975 2261 1222 2332 νέμεσθαι
1266 2265 1445 2334 χωρία
1489 2267 1577 2314 καὶ
1618 2262 1747 2314 στά-

136 2363 248 2407 σεις
329 2349 650 2421 χωριτικάς.
731 2353 821 2413 Ei;
897 2349 1180 2424 συντριϐἠν
1249 2352 1351 2425 γὰρ
1427 2359 1582 2404 τοῦτο
1649 2360 1748 2404 τῶν

132 2429 414 2507 δρούγγων
466 2441 558 2489 καὶ
618 2436 823 2512 ὄλεθρον
874 2437 1062 2512 ἀφορᾴο
1124 2441 1156 2498 ἡ
1207 2435 1268 2492 δε
1317 2447 1418 2493 τῶν
1477 2436 1749 2516 δρούγγων

1888 1458 2105 1510 Eorum
2127 1470 2263 1526 quae
2290 1454 2468 1510 nobis
2494 1455 2602 1510 rite
2627 1453 2912 1526 imposita
2943 1455 3082 1508 sunt
3111 1450 3506 1524 pecuniarum

1851 1561 2105 1601 onerum
2121 1559 2348 1615 magna
2363 1549 2454 1601 est
2471 1558 2924 1616 summa,quam
2941 1558 3015 1598 ne
3039 1556 3262 1611 augeas
3281 1539 3508 1613 suppli-

1854 1635 1997 1691 citer
2042 1649 2357 1703 rogamus,
2403 1638 2458 1689 et
2505 1633 2556 1688 si
2591 1632 2813 1690 alicubi
2842 1633 2905 1688 in
2935 1633 3131 1704 patria
3159 1645 3320 1686 nova
3349 1627 3510 1684 insti-

1855 1728 2016 1780 tuere
2033 1723 2254 1779 tributa
2272 1738 2592 1779 necessum
2608 1722 2804 1791 fuerit,
2820 1737 2927 1777 nos
2943 1719 3190 1792 quidem
3208 1719 3511 1773 immunes

1854 1827 1984 1867 esse
2028 1811 2324 1877 statueris,
2351 1825 2460 1866 nec
2479 1809 2820 1883 permiseris
2841 1814 2905 1865 ut
2921 1807 3138 1864 milites
3154 1802 3511 1880 prmsidiarii

1856 1901 2072 1956 stativa
2096 1899 2261 1973 apud
2286 1917 2398 1956 nos
2435 1899 2720 1962 habeant.
2755 1899 2916 1955 unde
2945 1896 3089 1953 boni
3115 1894 3284 1966 nihil,
3326 1892 3512 1968 pestis

1856 1996 2058 2047 autem
2105 1990 2260 2046 inter
2292 1989 2529 2059 milites,
2560 1989 2818 2062 ideoque
2845 1985 3188 2044 communis
3217 1984 3396 2042 ruina
3423 1998 3510 2039 se-

1856 2087 2156 2154 queretur.
2173 2081 2399 2137 Salvari
2415 2095 2740 2151 possumus
2755 2095 2828 2136 ea
2849 2076 3187 2135 conditione
3204 2080 3270 2132 ut
3284 2075 3356 2131 iis
3372 2088 3510 2147 qua

1855 2171 2116 2243 petimus
2157 2186 2268 2244 pro
2315 2170 2728 2227 muniﬁcentia
2767 2173 2871 2226 tua
2909 2181 3170 2232 annuas,
3219 2164 3304 2220 sio
3349 2163 3512 2221 enim

1859 2259 2147 2317 solvendo
2177 2276 2289 2316 nos
2318 2273 2494 2334 pares
2517 2275 2753 2333 semper
2781 2259 3056 2316 habebis.
3102 2254 3260 2314 Salvi
3309 2255 3512 2312 autem

1860 2351 1996 2407 facti
2021 2367 2131 2424 pro
2159 2365 2334 2408 sacro.
2352 2354 2457 2408 tua
2478 2349 2775 2422 Majestate
2796 2362 3004 2422 preces
3026 2344 3276 2402 fundere
3295 2341 3512 2400 humil-

1860 2441 1985 2497 limi
2013 2441 2096 2497 tui
2121 2440 2274 2497 servi
2303 2453 2374 2496 ex
2406 2443 2574 2510 grato
2605 2438 2811 2495 animo
2840 2452 2963 2495 non
2992 2434 3367 2493 desinemus.

134 2521 367 2577 ἀπώλεια
432 2533 527 2579 τοῦ
597 2527 714 2580 καθ’
769 2530 905 2602 ἡμᾶς
970 2530 1116 2602 ὁρίου
1174 2534 1366 2592 παντός
1431 2529 1571 2584 ἔστιν
1630 2529 1877 2588 ἀπώλεια.
1943 2535 2042 2585 Καὶ
2099 2533 2294 2582 τούτων
2349 2532 2649 2602 γενομένων,
2705 2526 2984 2600 σωζοίμεθ⁹
3041 2523 3101 2577 ἂν
3151 2523 3322 2595 ἠμετς,
3400 2523 3512 2573 σώ-

137 2611 278 2671 ζοιτο
341 2611 398 2666 δ’
458 2614 524 2668 ἃ»
585 2621 674 2670 καὶ
737 2623 811 2689 τῷ
878 2615 1124 2691 δημοσίῳ
1179 2621 1246 2672 τὰ
1306 2618 1361 2682 ἕξ
1412 2621 1558 2692 ἡμῶν
1611 2626 2061 2695 συνεισφερόμενα·
2119 2624 2205 2672 καὶ
2267 2622 2553 2691 σωζόμενοι
2609 2617 2668 2670 οὐ
2733 2616 3074 2688 παυσαίμεθα
3129 2618 3222 2665 τοῦ
3288 2610 3512 2682 ὑπερεύ-

139 2705 340 2772 χεσθαι
368 2712 462 2766 τῆς
493 2705 646 2778 ἁγίας
685 2706 963 2780 βασιλείας
988 2727 1106 2778 σου,
1137 2727 1201 2772 ης
1229 2711 1300 2771 ὡς
1318 2707 1522 2773 ἀνάξιοι
1549 2705 1731 2764 δοῦλοι
1757 2711 1930 2784 Τολμὴ
1943 2728 2112 2772 ςαντες
2131 2705 2436 2782 ἐδεήθημεν.
