  <div class='ocr_page' id='page_1' title='image "/cluster/home/n/w/nwhite01/storage/ocr_20150623/140/pst.000005714568/233.png"; bbox 0 0 4028 6308; ppageno 0'>
   <div class='ocr_carea' id='block_1_1' title="bbox 474 297 2160 370">
    <p class='ocr_par' dir='ltr' id='par_1_1' title="bbox 474 302 2160 370">
     <span class='ocr_line' id='line_1_1' title="bbox 474 302 2160 370; baseline -0.005 -1"><span class='ocrx_word' id='word_1_1' title='bbox 474 315 572 370; x_wconf 77' lang='grc'><strong>183</strong></span> <span class='ocrx_word' id='word_1_2' title='bbox 1202 305 1467 366; x_wconf 77' lang='grc' dir='ltr'><strong>ΜΙΟΗΑΕ</strong></span> <span class='ocrx_word' id='word_1_3' title='bbox 1475 304 1577 363; x_wconf 85' lang='lat' dir='ltr'><strong>LIS</strong></span> <span class='ocrx_word' id='word_1_4' title='bbox 1615 304 1995 362; x_wconf 71' lang='lat' dir='ltr'><strong>ACOMINATI</strong></span> <span class='ocrx_word' id='word_1_5' title='bbox 2032 302 2160 360; x_wconf 81' lang='grc' dir='ltr'><strong>ΑΤΗ</strong></span> 
     </span>
    </p>
   </div>
   <div class='ocr_carea' id='block_1_2' title="bbox 2267 297 3089 370">
    <p class='ocr_par' dir='ltr' id='par_1_2' title="bbox 2271 297 3089 361">
     <span class='ocr_line' id='line_1_2' title="bbox 2271 297 3089 361; baseline -0.004 -4"><span class='ocrx_word' id='word_1_6' title='bbox 2271 298 2467 361; x_wconf 77' lang='lat' dir='ltr'><strong>ARUM</strong></span> <span class='ocrx_word' id='word_1_7' title='bbox 2504 300 2835 358; x_wconf 83' lang='lat' dir='ltr'><strong>ARCHIEP.</strong></span> <span class='ocrx_word' id='word_1_8' title='bbox 2874 297 3089 358; x_wconf 72' lang='lat' dir='ltr'><strong>IAMBI.</strong></span> 
     </span>
    </p>
   </div>
   <div class='ocr_carea' id='block_1_3' title="bbox 1907 575 2426 689">
    <p class='ocr_par' dir='ltr' id='par_1_3' title="bbox 1907 575 2426 689">
     <span class='ocr_line' id='line_1_3' title="bbox 1907 575 2426 689; baseline -0.01 0"><span class='ocrx_word' id='word_1_9' title='bbox 1907 575 2426 689; x_wconf 87' lang='grc' dir='ltr'><strong>ΣΤΙΧΟΙ</strong></span> 
     </span>
    </p>
   </div>
   <div class='ocr_carea' id='block_1_4' title="bbox 910 815 3379 917">
    <p class='ocr_par' dir='ltr' id='par_1_4' title="bbox 910 815 3379 917">
     <span class='ocr_line' id='line_1_4' title="bbox 910 815 3379 917; baseline -0.001 -9"><span class='ocrx_word' id='word_1_10' title='bbox 910 820 1155 917; x_wconf 85' lang='grc' dir='ltr'><strong>ΤΟΥ</strong></span> <span class='ocrx_word' id='word_1_11' title='bbox 1207 818 1887 909; x_wconf 83' lang='grc' dir='ltr'><strong>ΣΟΦΩΤΑΤΟΥ</strong></span> <span class='ocrx_word' id='word_1_12' title='bbox 1940 817 2848 906; x_wconf 73' lang='grc' dir='ltr'><strong>ΜΗΤΡΟΠΟΛΙΤΟΥ</strong></span> <span class='ocrx_word' id='word_1_13' title='bbox 2904 815 3379 909; x_wconf 81' lang='grc' dir='ltr'><strong>ΑΘΗΝΩΝ</strong></span> 
     </span>
    </p>
   </div>
   <div class='ocr_carea' id='block_1_5' title="bbox 1969 1026 2345 1075">
    <p class='ocr_par' dir='ltr' id='par_1_5' title="bbox 1969 1026 2345 1075">
     <span class='ocr_line' id='line_1_5' title="bbox 1969 1026 2345 1075; baseline 0 0"><span class='ocrx_word' id='word_1_14' title='bbox 1969 1028 2101 1075; x_wconf 81' lang='grc' dir='ltr'><strong>ΤΟΥ</strong></span> <span class='ocrx_word' id='word_1_15' title='bbox 2131 1026 2345 1075; x_wconf 81' lang='grc' dir='ltr'>ΚΥΡΟΥ</span> 
     </span>
    </p>
   </div>
   <div class='ocr_carea' id='block_1_6' title="bbox 770 1206 3538 1397">
    <p class='ocr_par' dir='ltr' id='par_1_6' title="bbox 770 1206 3538 1397">
     <span class='ocr_line' id='line_1_6' title="bbox 770 1206 3538 1397; baseline -0.005 -1"><span class='ocrx_word' id='word_1_16' title='bbox 770 1212 1728 1397; x_wconf 85' lang='grc' dir='ltr'><strong>ΜΙΧΑΗΛ</strong></span> <span class='ocrx_word' id='word_1_17' title='bbox 1829 1209 2276 1385; x_wconf 86' lang='grc' dir='ltr'><strong>ΤΟΥ</strong></span> <span class='ocrx_word' id='word_1_18' title='bbox 2347 1206 3538 1388; x_wconf 81' lang='grc' dir='ltr'><strong>ΧΩΝΙΑΤΟΥ</strong></span> 
     </span>
    </p>
   </div>
   <div class='ocr_carea' id='block_1_7' title="bbox 1085 1500 3222 1580">
    <p class='ocr_par' dir='ltr' id='par_1_7' title="bbox 1085 1500 3222 1580">
     <span class='ocr_line' id='line_1_7' title="bbox 1085 1500 3222 1580; baseline -0.003 -20"><span class='ocrx_word' id='word_1_19' title='bbox 1085 1508 1202 1560; x_wconf 84' lang='grc' dir='ltr'><strong>Ἐπὶ</strong></span> <span class='ocrx_word' id='word_1_20' title='bbox 1230 1514 1292 1580; x_wconf 76' lang='grc' dir='ltr'>τῇ</span> <span class='ocrx_word' id='word_1_21' title='bbox 1326 1508 1609 1578; x_wconf 76' lang='grc' dir='ltr'>ἀγχετύπῳ</span> <span class='ocrx_word' id='word_1_22' title='bbox 1635 1503 1971 1577; x_wconf 74' lang='grc' dir='ltr'>ἀνιστορήσει</span> <span class='ocrx_word' id='word_1_23' title='bbox 2009 1500 2201 1570; x_wconf 81' lang='grc' dir='ltr'>αὐτῶν,</span> <span class='ocrx_word' id='word_1_24' title='bbox 2230 1504 2472 1554; x_wconf 77' lang='grc' dir='ltr'><strong>τουτέστι</strong></span> <span class='ocrx_word' id='word_1_25' title='bbox 2495 1508 2591 1563; x_wconf 80' lang='grc' dir='ltr'>τῆς</span> <span class='ocrx_word' id='word_1_26' title='bbox 2620 1500 2811 1555; x_wconf 78' lang='grc' dir='ltr'>πόλεων</span> <span class='ocrx_word' id='word_1_27' title='bbox 2842 1508 2940 1555; x_wconf 80' lang='grc' dir='ltr'><strong>τῶν</strong></span> <span class='ocrx_word' id='word_1_28' title='bbox 2973 1503 3222 1562; x_wconf 79' lang='grc' dir='ltr'><strong>Ἀθηνῶν·</strong></span> 
     </span>
    </p>
   </div>
   <div class='ocr_carea' id='block_1_8' title="bbox 554 1758 1741 1834">
    <p class='ocr_par' dir='ltr' id='par_1_8' title="bbox 554 1758 1741 1834">
     <span class='ocr_line' id='line_1_8' title="bbox 554 1758 1741 1834; baseline -0.003 -19"><span class='ocrx_word' id='word_1_29' title='bbox 554 1758 723 1833; x_wconf 80' lang='grc' dir='ltr'>Ἔρως</span> <span class='ocrx_word' id='word_1_30' title='bbox 758 1759 990 1819; x_wconf 84' lang='grc' dir='ltr'>Ἀθηνῶν</span> <span class='ocrx_word' id='word_1_31' title='bbox 1018 1766 1118 1812; x_wconf 83' lang='grc' dir='ltr'><strong>τῶν</strong></span> <span class='ocrx_word' id='word_1_32' title='bbox 1155 1758 1317 1812; x_wconf 79' lang='grc' dir='ltr'>πάλαι</span> <span class='ocrx_word' id='word_1_33' title='bbox 1359 1758 1741 1834; x_wconf 80' lang='grc' dir='ltr'>θρυλλονμένων</span> 
     </span>
    </p>
   </div>
   <div class='ocr_carea' id='block_1_9' title="bbox 556 1848 1548 1925">
    <p class='ocr_par' dir='ltr' id='par_1_9' title="bbox 556 1848 1548 1925">
     <span class='ocr_line' id='line_1_9' title="bbox 556 1848 1548 1925; baseline -0.002 -22"><span class='ocrx_word' id='word_1_34' title='bbox 556 1848 795 1924; x_wconf 74' lang='grc' dir='ltr'>Ἔγραψε</span> <span class='ocrx_word' id='word_1_35' title='bbox 832 1857 1003 1903; x_wconf 78' lang='grc' dir='ltr'>ταῦτα</span> <span class='ocrx_word' id='word_1_36' title='bbox 1028 1855 1139 1911; x_wconf 83' lang='grc' dir='ltr'>ταῖς</span> <span class='ocrx_word' id='word_1_37' title='bbox 1177 1850 1548 1925; x_wconf 78' lang='grc' dir='ltr'>προσαθύρων,</span> 
     </span>
    </p>
   </div>
   <div class='ocr_carea' id='block_1_10' title="bbox 560 1937 1687 2011">
    <p class='ocr_par' dir='ltr' id='par_1_10' title="bbox 560 1937 1687 2011">
     <span class='ocr_line' id='line_1_10' title="bbox 560 1937 1687 2011; baseline -0.001 -20"><span class='ocrx_word' id='word_1_38' title='bbox 560 1942 660 1991; x_wconf 85' lang='grc' dir='ltr'><strong>Καὶ</strong></span> <span class='ocrx_word' id='word_1_39' title='bbox 688 1946 781 1992; x_wconf 81' lang='grc' dir='ltr'>τοῦ</span> <span class='ocrx_word' id='word_1_40' title='bbox 805 1940 968 1992; x_wconf 86' lang='grc' dir='ltr'>πόθου</span> <span class='ocrx_word' id='word_1_41' title='bbox 996 1941 1055 1991; x_wconf 89' lang='grc' dir='ltr'>τὸ</span> <span class='ocrx_word' id='word_1_42' title='bbox 1081 1937 1272 1992; x_wconf 86' lang='grc' dir='ltr'>θα’λπον</span> <span class='ocrx_word' id='word_1_43' title='bbox 1304 1937 1687 2011; x_wconf 77' lang='grc' dir='ltr'>ύπαναψύχων·</span> 
     </span>
    </p>
   </div>
   <div class='ocr_carea' id='block_1_11' title="bbox 555 2023 1889 2102">
    <p class='ocr_par' dir='ltr' id='par_1_11' title="bbox 555 2023 1889 2102">
     <span class='ocr_line' id='line_1_11' title="bbox 555 2023 1889 2102; baseline -0.002 -22"><span class='ocrx_word' id='word_1_44' title='bbox 555 2027 697 2081; x_wconf 80' lang='grc' dir='ltr'><strong>Ἐπεὶ</strong></span> <span class='ocrx_word' id='word_1_45' title='bbox 722 2023 844 2081; x_wconf 77' lang='grc' dir='ltr'><strong>δ’ἔτ’</strong></span> <span class='ocrx_word' id='word_1_46' title='bbox 870 2027 966 2080; x_wconf 81' lang='grc' dir='ltr'><strong>ούκ</strong></span> <span class='ocrx_word' id='word_1_47' title='bbox 1003 2024 1065 2087; x_wconf 76' lang='grc' dir='ltr'>ἧν</span> <span class='ocrx_word' id='word_1_48' title='bbox 1104 2024 1364 2102; x_wconf 76' lang='grc' dir='ltr'>οὐδαμοῦ,</span> <span class='ocrx_word' id='word_1_49' title='bbox 1391 2026 1515 2101; x_wconf 56' lang='lat' dir='ltr'><strong>qm}!</strong></span> <span class='ocrx_word' id='word_1_50' title='bbox 1548 2025 1889 2101; x_wconf 81' lang='grc' dir='ltr'>προσϐλέπειν</span> 
     </span>
    </p>
   </div>
   <div class='ocr_carea' id='block_1_12' title="bbox 558 2114 1549 2191">
    <p class='ocr_par' dir='ltr' id='par_1_12' title="bbox 558 2114 1549 2191">
     <span class='ocr_line' id='line_1_12' title="bbox 558 2114 1549 2191; baseline 0 -21"><span class='ocrx_word' id='word_1_51' title='bbox 558 2119 731 2176; x_wconf 80' lang='grc' dir='ltr'>Αὐτὴν</span> <span class='ocrx_word' id='word_1_52' title='bbox 760 2119 955 2177; x_wconf 63' lang='grc' dir='ltr'>ὲκείνην</span> <span class='ocrx_word' id='word_1_53' title='bbox 986 2121 1079 2176; x_wconf 77' lang='grc' dir='ltr'>τὴν</span> <span class='ocrx_word' id='word_1_54' title='bbox 1108 2114 1353 2191; x_wconf 77' lang='grc' dir='ltr'>ἀοίδιμον</span> <span class='ocrx_word' id='word_1_55' title='bbox 1381 2117 1549 2183; x_wconf 81' lang='grc' dir='ltr'>πόλιν,</span> 
     </span>
    </p>
   </div>
   <div class='ocr_carea' id='block_1_13' title="bbox 556 2201 1731 2282">
    <p class='ocr_par' dir='ltr' id='par_1_13' title="bbox 556 2201 1731 2282">
     <span class='ocr_line' id='line_1_13' title="bbox 556 2201 1731 2282; baseline -0.001 -23"><span class='ocrx_word' id='word_1_56' title='bbox 556 2212 662 2259; x_wconf 78' lang='grc' dir='ltr'>Τοῦ</span> <span class='ocrx_word' id='word_1_57' title='bbox 701 2201 1037 2281; x_wconf 78' lang='grc' dir='ltr'>δυσαρίθμου</span> <span class='ocrx_word' id='word_1_58' title='bbox 1068 2211 1159 2259; x_wconf 84' lang='grc' dir='ltr'>καὶ</span> <span class='ocrx_word' id='word_1_59' title='bbox 1183 2211 1509 2280; x_wconf 78' lang='grc' dir='ltr'><strong>μακραίωνος</strong></span> <span class='ocrx_word' id='word_1_60' title='bbox 1534 2210 1731 2282; x_wconf 83' lang='grc' dir='ltr'>χρόνον</span> 
     </span>
    </p>
   </div>
   <div class='ocr_carea' id='block_1_14' title="bbox 561 2293 1750 2368">
    <p class='ocr_par' dir='ltr' id='par_1_14' title="bbox 561 2293 1750 2368">
     <span class='ocr_line' id='line_1_14' title="bbox 561 2293 1750 2368; baseline -0.002 -20"><span class='ocrx_word' id='word_1_61' title='bbox 561 2296 764 2362; x_wconf 85' lang='grc' dir='ltr'>Λίθοις,</span> <span class='ocrx_word' id='word_1_62' title='bbox 807 2293 988 2368; x_wconf 83' lang='grc' dir='ltr'>βυθοῖς</span> <span class='ocrx_word' id='word_1_63' title='bbox 1017 2294 1332 2367; x_wconf 72' lang='grc' dir='ltr'><strong>κρύψαντας,</strong></span> <span class='ocrx_word' id='word_1_64' title='bbox 1364 2298 1750 2368; x_wconf 70' lang='grc' dir='ltr'>ὴφαντωμένην,</span> 
     </span>
    </p>
   </div>
   <div class='ocr_carea' id='block_1_15' title="bbox 558 2382 1680 2458">
    <p class='ocr_par' dir='ltr' id='par_1_15' title="bbox 558 2382 1680 2458">
     <span class='ocr_line' id='line_1_15' title="bbox 558 2382 1680 2458; baseline 0 -22"><span class='ocrx_word' id='word_1_65' title='bbox 558 2383 960 2458; x_wconf 76' lang='grc' dir='ltr'>Ἐρωτολὴπτων</span> <span class='ocrx_word' id='word_1_66' title='bbox 998 2382 1232 2455; x_wconf 76' lang='grc' dir='ltr'>ἀτεχνῶς</span> <span class='ocrx_word' id='word_1_67' title='bbox 1271 2387 1469 2456; x_wconf 81' lang='grc' dir='ltr'><strong>πάσχω</strong></span> <span class='ocrx_word' id='word_1_68' title='bbox 1494 2386 1680 2446; x_wconf 81' lang='grc' dir='ltr'>πάθος·</span> 
     </span>
    </p>
   </div>
   <div class='ocr_carea' id='block_1_16' title="bbox 563 2471 1630 2546">
    <p class='ocr_par' dir='ltr' id='par_1_16' title="bbox 563 2471 1630 2546">
     <span class='ocr_line' id='line_1_16' title="bbox 563 2471 1630 2546; baseline 0 -21"><span class='ocrx_word' id='word_1_69' title='bbox 563 2471 629 2525; x_wconf 79' lang='grc' dir='ltr'><strong>Οἱ</strong></span> <span class='ocrx_word' id='word_1_70' title='bbox 656 2475 747 2533; x_wconf 83' lang='grc' dir='ltr'><strong>τὰς</strong></span> <span class='ocrx_word' id='word_1_71' title='bbox 776 2471 984 2535; x_wconf 79' lang='grc' dir='ltr'>ἀληθεῖς</span> <span class='ocrx_word' id='word_1_72' title='bbox 1010 2481 1110 2525; x_wconf 84' lang='grc' dir='ltr'><strong>τῶν</strong></span> <span class='ocrx_word' id='word_1_73' title='bbox 1139 2475 1465 2546; x_wconf 77' lang='grc' dir='ltr'>ποθουμένων</span> <span class='ocrx_word' id='word_1_74' title='bbox 1511 2475 1630 2536; x_wconf 76' lang='grc' dir='ltr'>θεας</span> 
     </span>
    </p>
   </div>
   <div class='ocr_carea' id='block_1_17' title="bbox 562 2561 1801 2638">
    <p class='ocr_par' dir='ltr' id='par_1_17' title="bbox 562 2561 1801 2638">
     <span class='ocr_line' id='line_1_17' title="bbox 562 2561 1801 2638; baseline -0.002 -22"><span class='ocrx_word' id='word_1_75' title='bbox 562 2561 983 2635; x_wconf 78' lang='grc' dir='ltr'>Ἀμηχανοῦντες</span> <span class='ocrx_word' id='word_1_76' title='bbox 1005 2570 1106 2614; x_wconf 84' lang='grc' dir='ltr'><strong>τῶν</strong></span> <span class='ocrx_word' id='word_1_77' title='bbox 1137 2567 1400 2638; x_wconf 80' lang='grc' dir='ltr'><strong>παρόντων</strong></span> <span class='ocrx_word' id='word_1_78' title='bbox 1440 2561 1801 2638; x_wconf 72' lang='grc' dir='ltr'>προσϐλέπειν,</span> 
     </span>
    </p>
   </div>
   <div class='ocr_carea' id='block_1_18' title="bbox 562 2650 1618 2725">
    <p class='ocr_par' dir='ltr' id='par_1_18' title="bbox 562 2650 1618 2725">
     <span class='ocr_line' id='line_1_18' title="bbox 562 2650 1618 2725; baseline 0 -21"><span class='ocrx_word' id='word_1_79' title='bbox 562 2654 669 2713; x_wconf 80' lang='grc' dir='ltr'><strong>Τὰς</strong></span> <span class='ocrx_word' id='word_1_80' title='bbox 705 2654 907 2714; x_wconf 79' lang='grc' dir='ltr'><strong>εἰκόνας</strong></span> <span class='ocrx_word' id='word_1_81' title='bbox 935 2653 1152 2725; x_wconf 79' lang='grc' dir='ltr'>ὁρῶντες</span> <span class='ocrx_word' id='word_1_82' title='bbox 1189 2654 1357 2705; x_wconf 74' lang='grc' dir='ltr'>αὐτῶν</span> <span class='ocrx_word' id='word_1_83' title='bbox 1385 2657 1454 2713; x_wconf 85' lang='grc' dir='ltr'>ὡς</span> <span class='ocrx_word' id='word_1_84' title='bbox 1480 2650 1618 2724; x_wconf 85' lang='grc' dir='ltr'>λόγῳ</span> 
     </span>
    </p>
   </div>
   <div class='ocr_carea' id='block_1_19' title="bbox 565 2739 1705 2815">
    <p class='ocr_par' dir='ltr' id='par_1_19' title="bbox 565 2739 1705 2815">
     <span class='ocr_line' id='line_1_19' title="bbox 565 2739 1705 2815; baseline 0.002 -22"><span class='ocrx_word' id='word_1_85' title='bbox 565 2741 1003 2815; x_wconf 81' lang='grc' dir='ltr'>Παραμυθοῦνται</span> <span class='ocrx_word' id='word_1_86' title='bbox 1029 2749 1128 2793; x_wconf 86' lang='grc' dir='ltr'><strong>τῶν</strong></span> <span class='ocrx_word' id='word_1_87' title='bbox 1165 2739 1363 2815; x_wconf 70' lang='grc' dir='ltr'>ἐρώτων</span> <span class='ocrx_word' id='word_1_88' title='bbox 1401 2745 1495 2800; x_wconf 73' lang='grc' dir='ltr'>τὴν</span> <span class='ocrx_word' id='word_1_89' title='bbox 1521 2740 1705 2813; x_wconf 78' lang='grc' dir='ltr'>φλόγα.</span> 
     </span>
    </p>
   </div>
   <div class='ocr_carea' id='block_1_20' title="bbox 563 2825 1590 2903">
    <p class='ocr_par' dir='ltr' id='par_1_20' title="bbox 563 2825 1590 2903">
     <span class='ocr_line' id='line_1_20' title="bbox 563 2825 1590 2903; baseline 0.001 -22"><span class='ocrx_word' id='word_1_90' title='bbox 563 2827 653 2892; x_wconf 79' lang='grc' dir='ltr'>Ὠς</span> <span class='ocrx_word' id='word_1_91' title='bbox 692 2825 973 2902; x_wconf 75' lang='grc' dir='ltr'>δυστυχὴς</span> <span class='ocrx_word' id='word_1_92' title='bbox 1002 2831 1188 2902; x_wconf 76' lang='grc' dir='ltr'>ἔγωγε,</span> <span class='ocrx_word' id='word_1_93' title='bbox 1210 2833 1392 2898; x_wconf 40' lang='grc' dir='ltr'>καινὸς,</span> <span class='ocrx_word' id='word_1_94' title='bbox 1412 2829 1590 2903; x_wconf 74' lang='grc' dir='ltr'>Ἰξίων,</span> 
     </span>
    </p>
   </div>
   <div class='ocr_carea' id='block_1_21' title="bbox 565 2917 1643 2996">
    <p class='ocr_par' dir='ltr' id='par_1_21' title="bbox 565 2917 1643 2996">
     <span class='ocr_line' id='line_1_21' title="bbox 565 2917 1643 2996; baseline 0.003 -25"><span class='ocrx_word' id='word_1_95' title='bbox 565 2917 727 2993; x_wconf 88' lang='grc' dir='ltr'>Ἐρῶν</span> <span class='ocrx_word' id='word_1_96' title='bbox 757 2917 1008 2988; x_wconf 79' lang='grc' dir='ltr'><strong>Ἀθηνῶν,</strong></span> <span class='ocrx_word' id='word_1_97' title='bbox 1034 2921 1098 2981; x_wconf 76' lang='grc' dir='ltr'>ὡς</span> <span class='ocrx_word' id='word_1_98' title='bbox 1121 2917 1309 2983; x_wconf 72' lang='grc' dir='ltr'>ἐκεῖνος</span> <span class='ocrx_word' id='word_1_99' title='bbox 1332 2928 1423 2981; x_wconf 87' lang='grc' dir='ltr'>τῆς</span> <span class='ocrx_word' id='word_1_100' title='bbox 1456 2919 1643 2996; x_wconf 83' lang='grc' dir='ltr'>Ἥρας,</span> 
     </span>
    </p>
   </div>
   <div class='ocr_carea' id='block_1_22' title="bbox 566 3005 1490 3084">
    <p class='ocr_par' dir='ltr' id='par_1_22' title="bbox 566 3005 1490 3084">
     <span class='ocr_line' id='line_1_22' title="bbox 566 3005 1490 3084; baseline -0.001 -21"><span class='ocrx_word' id='word_1_101' title='bbox 566 3007 695 3063; x_wconf 83' lang='grc' dir='ltr'>Εἶτα</span> <span class='ocrx_word' id='word_1_102' title='bbox 720 3007 852 3062; x_wconf 83' lang='grc' dir='ltr'>λϐὼν</span> <span class='ocrx_word' id='word_1_103' title='bbox 874 3005 1086 3063; x_wconf 76' lang='grc' dir='ltr'>εἴδωλον</span> <span class='ocrx_word' id='word_1_104' title='bbox 1116 3009 1490 3084; x_wconf 79' lang='grc' dir='ltr'>ὴγλαῑσμένης,</span> 
     </span>
    </p>
   </div>
   <div class='ocr_carea' id='block_1_23' title="bbox 2114 1752 2164 1806">
    <p class='ocr_par' dir='ltr' id='par_1_23' title="bbox 2114 1752 2164 1806">
     <span class='ocr_line' id='line_1_23' title="bbox 2114 1752 2164 1806; baseline 0 0"><span class='ocrx_word' id='word_1_105' title='bbox 2114 1752 2164 1806; x_wconf 87' lang='grc' dir='ltr'><strong>Α</strong></span> 
     </span>
    </p>
   </div>
   <div class='ocr_carea' id='block_1_24' title="bbox 1945 3410 2367 3519">
    <p class='ocr_par' dir='ltr' id='par_1_24' title="bbox 1945 3410 2367 3519">
     <span class='ocr_line' id='line_1_24' title="bbox 1945 3410 2367 3519; baseline -0.007 1"><span class='ocrx_word' id='word_1_106' title='bbox 1945 3410 2367 3519; x_wconf 91' lang='grc' dir='ltr'><strong>ΙΑΜΒΙ</strong></span> 
     </span>
    </p>
   </div>
   <div class='ocr_carea' id='block_1_25' title="bbox 756 3645 3614 3752">
    <p class='ocr_par' dir='ltr' id='par_1_25' title="bbox 756 3645 3614 3752">
     <span class='ocr_line' id='line_1_25' title="bbox 756 3645 3614 3752; baseline -0.003 -3"><span class='ocrx_word' id='word_1_107' title='bbox 756 3652 1700 3752; x_wconf 90' lang='lat' dir='ltr'><strong>SAPIENTISSIMI</strong></span> <span class='ocrx_word' id='word_1_108' title='bbox 1762 3652 2594 3751; x_wconf 89' lang='lat' dir='ltr'><strong>ATHENARUM</strong></span> <span class='ocrx_word' id='word_1_109' title='bbox 2657 3645 3614 3746; x_wconf 63' lang='lat' dir='ltr'><strong>METROPOLITfE</strong></span> 
     </span>
    </p>
   </div>
   <div class='ocr_carea' id='block_1_26' title="bbox 2057 3871 2308 3928">
    <p class='ocr_par' dir='ltr' id='par_1_26' title="bbox 2057 3871 2308 3928">
     <span class='ocr_line' id='line_1_26' title="bbox 2057 3871 2308 3928; baseline 0 -1"><span class='ocrx_word' id='word_1_110' title='bbox 2057 3871 2308 3928; x_wconf 77' lang='lat' dir='ltr'><strong>DOMINI</strong></span> 
     </span>
    </p>
   </div>
   <div class='ocr_carea' id='block_1_27' title="bbox 2267 1752 3463 1830">
    <p class='ocr_par' dir='ltr' id='par_1_27' title="bbox 2267 1752 3463 1830">
     <span class='ocr_line' id='line_1_27' title="bbox 2267 1752 3463 1830; baseline 0.002 -22"><span class='ocrx_word' id='word_1_111' title='bbox 2267 1759 2363 1808; x_wconf 73' lang='grc' dir='ltr'><strong>Φεῦ</strong></span> <span class='ocrx_word' id='word_1_112' title='bbox 2387 1754 2400 1810; x_wconf 87' lang='lat'><strong>!</strong></span> <span class='ocrx_word' id='word_1_113' title='bbox 2436 1752 2521 1808; x_wconf 85' lang='grc' dir='ltr'>οἶα</span> <span class='ocrx_word' id='word_1_114' title='bbox 2549 1757 2749 1828; x_wconf 77' lang='grc' dir='ltr'>πάσχω</span> <span class='ocrx_word' id='word_1_115' title='bbox 2777 1760 2868 1810; x_wconf 84' lang='grc' dir='ltr'>καὶ</span> <span class='ocrx_word' id='word_1_116' title='bbox 2892 1756 3024 1829; x_wconf 84' lang='grc' dir='ltr'>λέγω</span> <span class='ocrx_word' id='word_1_117' title='bbox 3044 1775 3099 1809; x_wconf 81' lang='grc' dir='ltr'>τε</span> <span class='ocrx_word' id='word_1_118' title='bbox 3125 1761 3217 1809; x_wconf 84' lang='grc' dir='ltr'>καὶ</span> <span class='ocrx_word' id='word_1_119' title='bbox 3244 1758 3428 1830; x_wconf 69' lang='grc' dir='ltr'>γράφω</span> <span class='ocrx_word' id='word_1_120' title='bbox 3451 1754 3463 1810; x_wconf 85' lang='lat'>!</span> 
     </span>
    </p>
   </div>
   <div class='ocr_carea' id='block_1_28' title="bbox 2265 1843 3418 1918">
    <p class='ocr_par' dir='ltr' id='par_1_28' title="bbox 2265 1843 3418 1918">
     <span class='ocr_line' id='line_1_28' title="bbox 2265 1843 3418 1918; baseline -0.001 -20"><span class='ocrx_word' id='word_1_121' title='bbox 2265 1850 2435 1898; x_wconf 86' lang='grc' dir='ltr'>Οἱκῶν</span> <span class='ocrx_word' id='word_1_122' title='bbox 2464 1845 2686 1908; x_wconf 82' lang='grc' dir='ltr'>Ἀθήνας</span> <span class='ocrx_word' id='word_1_123' title='bbox 2716 1846 2806 1899; x_wconf 85' lang='grc' dir='ltr'><strong>ούκ</strong></span> <span class='ocrx_word' id='word_1_124' title='bbox 2839 1844 3061 1908; x_wconf 78' lang='grc' dir='ltr'>Ἀθήνας</span> <span class='ocrx_word' id='word_1_125' title='bbox 3088 1865 3189 1899; x_wconf 81' lang='grc' dir='ltr'><strong>που</strong></span> <span class='ocrx_word' id='word_1_126' title='bbox 3220 1843 3418 1918; x_wconf 80' lang='grc' dir='ltr'><strong>βλέπω,</strong></span> 
     </span>
    </p>
   </div>
   <div class='ocr_carea' id='block_1_29' title="bbox 2270 1931 3372 2011">
    <p class='ocr_par' dir='ltr' id='par_1_29' title="bbox 2270 1931 3372 2011">
     <span class='ocr_line' id='line_1_29' title="bbox 2270 1931 3372 2011; baseline 0.003 -23"><span class='ocrx_word' id='word_1_127' title='bbox 2270 1937 2419 1988; x_wconf 78' lang='grc' dir='ltr'>Κόνιν</span> <span class='ocrx_word' id='word_1_128' title='bbox 2446 1931 2506 1988; x_wconf 72' lang='grc' dir='ltr'><strong>δὲ</strong></span> <span class='ocrx_word' id='word_1_129' title='bbox 2541 1934 2741 2010; x_wconf 76' lang='grc' dir='ltr'>λυπρὰν</span> <span class='ocrx_word' id='word_1_130' title='bbox 2779 1939 2870 1989; x_wconf 82' lang='grc' dir='ltr'>καὶ</span> <span class='ocrx_word' id='word_1_131' title='bbox 2907 1939 3055 1995; x_wconf 74' lang='grc' dir='ltr'>κενὴν</span> <span class='ocrx_word' id='word_1_132' title='bbox 3086 1939 3372 2011; x_wconf 85' lang='grc' dir='ltr'>μακαρίαν.</span> 
     </span>
    </p>
   </div>
   <div class='ocr_carea' id='block_1_30' title="bbox 2268 2020 3435 2099">
    <p class='ocr_par' dir='ltr' id='par_1_30' title="bbox 2268 2020 3435 2099">
     <span class='ocr_line' id='line_1_30' title="bbox 2268 2020 3435 2099; baseline 0 -22"><span class='ocrx_word' id='word_1_133' title='bbox 2268 2030 2375 2077; x_wconf 82' lang='grc' dir='ltr'>Ποῦ</span> <span class='ocrx_word' id='word_1_134' title='bbox 2398 2020 2467 2084; x_wconf 76' lang='grc' dir='ltr'><strong>δὴ</strong></span> <span class='ocrx_word' id='word_1_135' title='bbox 2499 2027 2567 2078; x_wconf 80' lang='grc' dir='ltr'>τὰ</span> <span class='ocrx_word' id='word_1_136' title='bbox 2606 2027 2788 2099; x_wconf 78' lang='grc' dir='ltr'>σεμνὰ,</span> <span class='ocrx_word' id='word_1_137' title='bbox 2828 2025 3218 2099; x_wconf 76' lang='grc' dir='ltr'>τλημονεστάτη</span> <span class='ocrx_word' id='word_1_138' title='bbox 3245 2024 3396 2087; x_wconf 77' lang='grc' dir='ltr'>πόλις</span> <span class='ocrx_word' id='word_1_139' title='bbox 3420 2039 3435 2091; x_wconf 86' lang='grc'>;</span> 
     </span>
    </p>
   </div>
   <div class='ocr_carea' id='block_1_31' title="bbox 2265 2110 3480 2187">
    <p class='ocr_par' dir='ltr' id='par_1_31' title="bbox 2265 2110 3480 2187">
     <span class='ocr_line' id='line_1_31' title="bbox 2265 2110 3480 2187; baseline 0 -21"><span class='ocrx_word' id='word_1_140' title='bbox 2265 2112 2353 2175; x_wconf 82' lang='grc' dir='ltr'>Ὠς</span> <span class='ocrx_word' id='word_1_141' title='bbox 2383 2110 2589 2187; x_wconf 66' lang='grc' dir='ltr'>φροῦδα</span> <span class='ocrx_word' id='word_1_142' title='bbox 2618 2117 2784 2174; x_wconf 79' lang='grc' dir='ltr'>ηοίντα</span> <span class='ocrx_word' id='word_1_143' title='bbox 2821 2119 2911 2168; x_wconf 84' lang='grc' dir='ltr'>καὶ</span> <span class='ocrx_word' id='word_1_144' title='bbox 2947 2114 3246 2174; x_wconf 84' lang='grc' dir='ltr'>καταλληλα</span> <span class='ocrx_word' id='word_1_145' title='bbox 3271 2115 3480 2187; x_wconf 79' lang='grc' dir='ltr'><strong>μύθοις,</strong></span> 
     </span>
    </p>
   </div>
   <div class='ocr_carea' id='block_1_32' title="bbox 2266 2199 3434 2278">
    <p class='ocr_par' dir='ltr' id='par_1_32' title="bbox 2266 2199 3434 2278">
     <span class='ocr_line' id='line_1_32' title="bbox 2266 2199 3434 2278; baseline 0.001 -24"><span class='ocrx_word' id='word_1_146' title='bbox 2266 2207 2439 2275; x_wconf 78' lang='grc' dir='ltr'>Δίκαι,</span> <span class='ocrx_word' id='word_1_147' title='bbox 2472 2199 2746 2271; x_wconf 78' lang='grc' dir='ltr'>δικασταὶ,</span> <span class='ocrx_word' id='word_1_148' title='bbox 2782 2203 3023 2278; x_wconf 68' lang='grc' dir='ltr'>βηματα,</span> <span class='ocrx_word' id='word_1_149' title='bbox 3047 2203 3235 2278; x_wconf 72' lang='grc' dir='ltr'>ψῆφοι,</span> <span class='ocrx_word' id='word_1_150' title='bbox 3264 2207 3434 2278; x_wconf 89' lang='grc' dir='ltr'>νόμοι,</span> 
     </span>
    </p>
   </div>
   <div class='ocr_carea' id='block_1_33' title="bbox 2267 2294 3301 2370">
    <p class='ocr_par' dir='ltr' id='par_1_33' title="bbox 2267 2294 3301 2370">
     <span class='ocr_line' id='line_1_33' title="bbox 2267 2294 3301 2370; baseline 0.001 -26"><span class='ocrx_word' id='word_1_151' title='bbox 2267 2296 2597 2367; x_wconf 85' lang='grc' dir='ltr'>Δημηγορίαι</span> <span class='ocrx_word' id='word_1_152' title='bbox 2621 2313 2676 2347; x_wconf 77' lang='grc' dir='ltr'><strong>τι</strong></span> <span class='ocrx_word' id='word_1_153' title='bbox 2703 2296 3025 2367; x_wconf 78' lang='grc' dir='ltr'>πειθανοίγκη</span> <span class='ocrx_word' id='word_1_154' title='bbox 3046 2294 3301 2370; x_wconf 80' lang='grc' dir='ltr'>ῥητόρων,</span> 
     </span>
    </p>
   </div>
   <div class='ocr_carea' id='block_1_34' title="bbox 2267 2381 3393 2460">
    <p class='ocr_par' dir='ltr' id='par_1_34' title="bbox 2267 2381 3393 2460">
     <span class='ocr_line' id='line_1_34' title="bbox 2267 2381 3393 2460; baseline 0.001 -26"><span class='ocrx_word' id='word_1_155' title='bbox 2267 2381 2475 2448; x_wconf 81' lang='grc' dir='ltr'>Βουλαὶ,</span> <span class='ocrx_word' id='word_1_156' title='bbox 2508 2385 2822 2460; x_wconf 73' lang='grc' dir='ltr'>πανηγύρεις</span> <span class='ocrx_word' id='word_1_157' title='bbox 2850 2403 2906 2437; x_wconf 74' lang='grc' dir='ltr'>τε</span> <span class='ocrx_word' id='word_1_158' title='bbox 2944 2387 3036 2437; x_wconf 79' lang='grc' dir='ltr'>καὶ</span> <span class='ocrx_word' id='word_1_159' title='bbox 3076 2385 3393 2458; x_wconf 74' lang='grc' dir='ltr'>στρατηγίαι</span> 
     </span>
    </p>
   </div>
   <div class='ocr_carea' id='block_1_35' title="bbox 2265 2472 3298 2549">
    <p class='ocr_par' dir='ltr' id='par_1_35' title="bbox 2265 2472 3298 2549">
     <span class='ocr_line' id='line_1_35' title="bbox 2265 2472 3298 2549; baseline 0.002 -22"><span class='ocrx_word' id='word_1_160' title='bbox 2265 2479 2375 2527; x_wconf 85' lang='grc' dir='ltr'><strong>Τῶν</strong></span> <span class='ocrx_word' id='word_1_161' title='bbox 2399 2472 2718 2547; x_wconf 76' lang='grc' dir='ltr'>πιξομοίχων</span> <span class='ocrx_word' id='word_1_162' title='bbox 2743 2475 2854 2549; x_wconf 82' lang='grc' dir='ltr'>ἅμα</span> <span class='ocrx_word' id='word_1_163' title='bbox 2880 2479 2972 2528; x_wconf 87' lang='grc' dir='ltr'>καὶ</span> <span class='ocrx_word' id='word_1_164' title='bbox 2997 2475 3298 2547; x_wconf 75' lang='grc' dir='ltr'>ναυμάχων.</span> 
     </span>
    </p>
   </div>
   <div class='ocr_carea' id='block_1_36' title="bbox 2264 2558 3537 2639">
    <p class='ocr_par' dir='ltr' id='par_1_36' title="bbox 2264 2558 3537 2639">
     <span class='ocr_line' id='line_1_36' title="bbox 2264 2558 3537 2639; baseline -0.002 -22"><span class='ocrx_word' id='word_1_165' title='bbox 2264 2562 2325 2617; x_wconf 74' lang='grc' dir='ltr'><strong><em>Ἠ</em></strong></span> <span class='ocrx_word' id='word_1_166' title='bbox 2354 2561 2701 2629; x_wconf 72' lang='grc' dir='ltr'>παντοδαπης</span> <span class='ocrx_word' id='word_1_167' title='bbox 2736 2572 2947 2635; x_wconf 80' lang='grc' dir='ltr'>Μοῦσα,</span> <span class='ocrx_word' id='word_1_168' title='bbox 2976 2572 3078 2617; x_wconf 88' lang='grc' dir='ltr'><strong>τῶν</strong></span> <span class='ocrx_word' id='word_1_169' title='bbox 3105 2562 3269 2617; x_wconf 89' lang='grc' dir='ltr'>λόθων</span> <span class='ocrx_word' id='word_1_170' title='bbox 3307 2558 3537 2639; x_wconf 74' lang='grc' dir='ltr'>κράτοςι</span> 
     </span>
    </p>
   </div>
   <div class='ocr_carea' id='block_1_37' title="bbox 2268 2653 3343 2731">
    <p class='ocr_par' dir='ltr' id='par_1_37' title="bbox 2268 2653 3343 2731">
     <span class='ocr_line' id='line_1_37' title="bbox 2268 2653 3343 2731; baseline -0.001 -24"><span class='ocrx_word' id='word_1_171' title='bbox 2268 2654 2466 2712; x_wconf 78' lang='grc' dir='ltr'>Ὀλωλε</span> <span class='ocrx_word' id='word_1_172' title='bbox 2488 2660 2698 2731; x_wconf 83' lang='grc' dir='ltr'>σύμπαν</span> <span class='ocrx_word' id='word_1_173' title='bbox 2724 2665 2823 2710; x_wconf 85' lang='grc' dir='ltr'><strong>τῶν</strong></span> <span class='ocrx_word' id='word_1_174' title='bbox 2850 2658 3062 2716; x_wconf 81' lang='grc' dir='ltr'>Αθηνῶν</span> <span class='ocrx_word' id='word_1_175' title='bbox 3093 2657 3152 2707; x_wconf 87' lang='grc' dir='ltr'><strong>τό</strong></span> <span class='ocrx_word' id='word_1_176' title='bbox 3179 2653 3343 2716; x_wconf 71' lang='grc' dir='ltr'>κλέος·</span> 
     </span>
    </p>
   </div>
   <div class='ocr_carea' id='block_1_38' title="bbox 2270 2738 3459 2822">
    <p class='ocr_par' dir='ltr' id='par_1_38' title="bbox 2270 2738 3459 2822">
     <span class='ocr_line' id='line_1_38' title="bbox 2270 2738 3459 2822; baseline -0.004 -21"><span class='ocrx_word' id='word_1_177' title='bbox 2270 2754 2550 2822; x_wconf 87' lang='grc' dir='ltr'>Γνὼρισμα</span> <span class='ocrx_word' id='word_1_178' title='bbox 2575 2744 2798 2801; x_wconf 75' lang='grc' dir='ltr'>δἀύτῶν</span> <span class='ocrx_word' id='word_1_179' title='bbox 2829 2741 2945 2799; x_wconf 70' lang='grc' dir='ltr'>οὐδ’</span> <span class='ocrx_word' id='word_1_180' title='bbox 2967 2741 3203 2819; x_wconf 76' lang='grc' dir='ltr'>ἀμυδρόν</span> <span class='ocrx_word' id='word_1_181' title='bbox 3235 2762 3315 2805; x_wconf 89' lang='grc' dir='ltr'><strong>τις</strong></span> <span class='ocrx_word' id='word_1_182' title='bbox 3338 2738 3459 2815; x_wconf 72' lang='grc' dir='ltr'><strong>ἴδη.</strong></span> 
     </span>
    </p>
   </div>
   <div class='ocr_carea' id='block_1_39' title="bbox 2271 2829 3531 2910">
    <p class='ocr_par' dir='ltr' id='par_1_39' title="bbox 2271 2829 3531 2910">
     <span class='ocr_line' id='line_1_39' title="bbox 2271 2829 3531 2910; baseline -0.006 -20"><span class='ocrx_word' id='word_1_183' title='bbox 2271 2839 2612 2910; x_wconf 80' lang='grc' dir='ltr'>Συγγνωστός</span> <span class='ocrx_word' id='word_1_184' title='bbox 2632 2835 2828 2902; x_wconf 77' lang='grc' dir='ltr'>οἰκουν,</span> <span class='ocrx_word' id='word_1_185' title='bbox 2868 2837 3006 2908; x_wconf 76' lang='grc' dir='ltr'>εἴπερ</span> <span class='ocrx_word' id='word_1_186' title='bbox 3034 2836 3128 2886; x_wconf 84' lang='grc' dir='ltr'>οὐκ</span> <span class='ocrx_word' id='word_1_187' title='bbox 3157 2835 3293 2906; x_wconf 72' lang='grc' dir='ltr'>ἔχων</span> <span class='ocrx_word' id='word_1_188' title='bbox 3324 2829 3531 2904; x_wconf 73' lang='grc' dir='ltr'>βλέπειν</span> 
     </span>
    </p>
   </div>
   <div class='ocr_carea' id='block_1_40' title="bbox 2271 2919 3303 2996">
    <p class='ocr_par' dir='ltr' id='par_1_40' title="bbox 2271 2919 3303 2996">
     <span class='ocr_line' id='line_1_40' title="bbox 2271 2919 3303 2996; baseline -0.008 -15"><span class='ocrx_word' id='word_1_189' title='bbox 2271 2934 2383 2981; x_wconf 87' lang='grc' dir='ltr'>Τῶν</span> <span class='ocrx_word' id='word_1_190' title='bbox 2415 2926 2701 2985; x_wconf 86' lang='grc' dir='ltr'>Ἀθηναίων</span> <span class='ocrx_word' id='word_1_191' title='bbox 2730 2929 2825 2985; x_wconf 80' lang='grc' dir='ltr'>τὴν</span> <span class='ocrx_word' id='word_1_192' title='bbox 2855 2919 3102 2996; x_wconf 80' lang='grc' dir='ltr'>ἀοίδιμον</span> <span class='ocrx_word' id='word_1_193' title='bbox 3133 2920 3303 2987; x_wconf 86' lang='grc' dir='ltr'>πόλιν,</span> 
     </span>
    </p>
   </div>
   <div class='ocr_carea' id='block_1_41' title="bbox 2275 3009 3423 3090">
    <p class='ocr_par' dir='ltr' id='par_1_41' title="bbox 2275 3009 3423 3090">
     <span class='ocr_line' id='line_1_41' title="bbox 2275 3009 3423 3090; baseline -0.011 -17"><span class='ocrx_word' id='word_1_194' title='bbox 2275 3013 2535 3090; x_wconf 79' lang='grc' dir='ltr'>’Ἰνδαλμα</span> <span class='ocrx_word' id='word_1_195' title='bbox 2567 3018 2766 3079; x_wconf 86' lang='grc' dir='ltr'>ταύτης</span> <span class='ocrx_word' id='word_1_196' title='bbox 2800 3015 3054 3089; x_wconf 75' lang='grc' dir='ltr'>γραφικόν</span> <span class='ocrx_word' id='word_1_197' title='bbox 3095 3009 3423 3083; x_wconf 76' lang='grc' dir='ltr'>ἕστησάμην.</span> 
     </span>
    </p>
   </div>
   <div class='ocr_carea' id='block_1_42' title="bbox 1078 4001 3273 4209">
    <p class='ocr_par' dir='ltr' id='par_1_42' title="bbox 1078 4001 3273 4209">
     <span class='ocr_line' id='line_1_42' title="bbox 1078 4001 3273 4209; baseline -0.002 -2"><span class='ocrx_word' id='word_1_198' title='bbox 1078 4067 2124 4209; x_wconf 85' lang='lat' dir='ltr'><strong>MICHAELIS</strong></span> <span class='ocrx_word' id='word_1_199' title='bbox 2238 4001 3273 4208; x_wconf 67' lang='lat' dir='ltr'><strong>GHONIATAE</strong></span> 
     </span>
    </p>
   </div>
   <div class='ocr_carea' id='block_1_43' title="bbox 1521 4330 2841 4405">
    <p class='ocr_par' dir='ltr' id='par_1_43' title="bbox 1521 4330 2841 4405">
     <span class='ocr_line' id='line_1_43' title="bbox 1521 4330 2841 4405; baseline -0.003 -14"><span class='ocrx_word' id='word_1_200' title='bbox 1521 4335 1608 4391; x_wconf 87' lang='lat' dir='ltr'><strong>De</strong></span> <span class='ocrx_word' id='word_1_201' title='bbox 1634 4334 1893 4405; x_wconf 76' lang='lat' dir='ltr'><strong>pristina</strong></span> <span class='ocrx_word' id='word_1_202' title='bbox 1922 4332 2089 4390; x_wconf 70' lang='lat' dir='ltr'><strong>urbis</strong></span> <span class='ocrx_word' id='word_1_203' title='bbox 2115 4331 2500 4392; x_wconf 80' lang='lat' dir='ltr'><strong><em>Athenarum</em></strong></span> <span class='ocrx_word' id='word_1_204' title='bbox 2523 4330 2841 4404; x_wconf 71' lang='lat' dir='ltr'><strong>dignitate.</strong></span> 
     </span>
    </p>
   </div>
   <div class='ocr_carea' id='block_1_44' title="bbox 3774 295 3903 352">
    <p class='ocr_par' dir='ltr' id='par_1_44' title="bbox 3774 295 3903 352">
     <span class='ocr_line' id='line_1_44' title="bbox 3774 295 3903 352; baseline -0.023 0"><span class='ocrx_word' id='word_1_205' title='bbox 3774 295 3903 352; x_wconf 74' lang='grc'><strong>384</strong></span> 
     </span>
    </p>
   </div>
   <div class='ocr_carea' id='block_1_45' title="bbox 580 4684 3865 4770">
    <p class='ocr_par' dir='ltr' id='par_1_45' title="bbox 580 4684 3865 4770">
     <span class='ocr_line' id='line_1_45' title="bbox 580 4684 3865 4770; baseline -0.001 -28"><span class='ocrx_word' id='word_1_206' title='bbox 580 4685 948 4745; x_wconf 80' lang='lat' dir='ltr'><strong>Athenarum</strong></span> <span class='ocrx_word' id='word_1_207' title='bbox 970 4705 1144 4749; x_wconf 86' lang='lat' dir='ltr'><strong>amor</strong></span> <span class='ocrx_word' id='word_1_208' title='bbox 1161 4694 1471 4766; x_wconf 88' lang='lat' dir='ltr'><strong>quondam</strong></span> <span class='ocrx_word' id='word_1_209' title='bbox 1487 4691 2014 4753; x_wconf 87' lang='lat' dir='ltr'><strong>celeberrimarum</strong></span> <span class='ocrx_word' id='word_1_210' title='bbox 2027 4695 2158 4753; x_wconf 83' lang='lat' dir='ltr'><strong>haec</strong></span> <span class='ocrx_word' id='word_1_211' title='bbox 2197 4698 2238 4753; x_wconf 88' lang='grc' dir='ltr'><strong>Β</strong></span> <span class='ocrx_word' id='word_1_212' title='bbox 2266 4698 2325 4754; x_wconf 89' lang='lat' dir='ltr'><strong>et</strong></span> <span class='ocrx_word' id='word_1_213' title='bbox 2353 4711 2491 4770; x_wconf 66' lang='lat' dir='ltr'><strong>qum</strong></span> <span class='ocrx_word' id='word_1_214' title='bbox 2516 4693 2808 4753; x_wconf 84' lang='lat' dir='ltr'><strong>felicitatis</strong></span> <span class='ocrx_word' id='word_1_215' title='bbox 2831 4687 3143 4765; x_wconf 86' lang='lat' dir='ltr'><strong>quondam</strong></span> <span class='ocrx_word' id='word_1_216' title='bbox 3162 4685 3334 4744; x_wconf 89' lang='lat' dir='ltr'><strong>sedes</strong></span> <span class='ocrx_word' id='word_1_217' title='bbox 3353 4685 3566 4756; x_wconf 83' lang='lat' dir='ltr'><strong>fuerat,</strong></span> <span class='ocrx_word' id='word_1_218' title='bbox 3583 4684 3711 4756; x_wconf 85' lang='lat' dir='ltr'><strong>jam</strong></span> <span class='ocrx_word' id='word_1_219' title='bbox 3740 4698 3865 4740; x_wconf 89' lang='lat' dir='ltr'><strong>non</strong></span> 
     </span>
    </p>
   </div>
   <div class='ocr_carea' id='block_1_46' title="bbox 2266 4775 3865 4842">
    <p class='ocr_par' dir='ltr' id='par_1_46' title="bbox 2266 4775 3865 4842">
     <span class='ocr_line' id='line_1_46' title="bbox 2266 4775 3865 4842; baseline -0.009 0"><span class='ocrx_word' id='word_1_220' title='bbox 2266 4784 2389 4842; x_wconf 86' lang='lat' dir='ltr'><strong>nisi</strong></span> <span class='ocrx_word' id='word_1_221' title='bbox 2436 4783 2631 4842; x_wconf 87' lang='lat' dir='ltr'><strong>foedas</strong></span> <span class='ocrx_word' id='word_1_222' title='bbox 2660 4781 2838 4841; x_wconf 83' lang='lat' dir='ltr'><strong>trahit</strong></span> <span class='ocrx_word' id='word_1_223' title='bbox 2860 4780 3089 4838; x_wconf 89' lang='lat' dir='ltr'><strong>ruinas.</strong></span> <span class='ocrx_word' id='word_1_224' title='bbox 3123 4776 3233 4836; x_wconf 90' lang='lat' dir='ltr'><strong>Ubi</strong></span> <span class='ocrx_word' id='word_1_225' title='bbox 3263 4775 3509 4834; x_wconf 84' lang='lat' dir='ltr'><strong>tandem</strong></span> <span class='ocrx_word' id='word_1_226' title='bbox 3540 4789 3712 4831; x_wconf 88' lang='lat' dir='ltr'><strong>sacra</strong></span> <span class='ocrx_word' id='word_1_227' title='bbox 3741 4777 3865 4839; x_wconf 83' lang='lat' dir='ltr'><strong>tua,</strong></span> 
     </span>
    </p>
   </div>
   <div class='ocr_carea' id='block_1_47' title="bbox 2266 4861 3865 4930">
    <p class='ocr_par' dir='ltr' id='par_1_47' title="bbox 2266 4861 3865 4930">
     <span class='ocr_line' id='line_1_47' title="bbox 2266 4861 3865 4930; baseline -0.008 -1"><span class='ocrx_word' id='word_1_228' title='bbox 2266 4871 2475 4930; x_wconf 77' lang='lat' dir='ltr'><strong>civitas</strong></span> <span class='ocrx_word' id='word_1_229' title='bbox 2497 4869 3037 4929; x_wconf 87' lang='lat' dir='ltr'><strong>infortunatissima</strong></span> <span class='ocrx_word' id='word_1_230' title='bbox 3062 4868 3091 4926; x_wconf 87' lang='lat'><strong>?</strong></span> <span class='ocrx_word' id='word_1_231' title='bbox 3111 4868 3337 4924; x_wconf 79' lang='lat' dir='ltr'><strong>Cuncta</strong></span> <span class='ocrx_word' id='word_1_232' title='bbox 3350 4864 3412 4921; x_wconf 92' lang='lat' dir='ltr'><strong>in</strong></span> <span class='ocrx_word' id='word_1_233' title='bbox 3430 4862 3685 4921; x_wconf 86' lang='lat' dir='ltr'><strong>nihilum</strong></span> <span class='ocrx_word' id='word_1_234' title='bbox 3704 4861 3865 4918; x_wconf 87' lang='lat' dir='ltr'><strong>abie-</strong></span> 
     </span>
    </p>
   </div>
   <div class='ocr_carea' id='block_1_48' title="bbox 2265 4950 3863 5032">
    <p class='ocr_par' dir='ltr' id='par_1_48' title="bbox 2265 4950 3863 5032">
     <span class='ocr_line' id='line_1_48' title="bbox 2265 4950 3863 5032; baseline -0.008 -14"><span class='ocrx_word' id='word_1_235' title='bbox 2265 4966 2439 5020; x_wconf 89' lang='lat' dir='ltr'><strong>runt:</strong></span> <span class='ocrx_word' id='word_1_236' title='bbox 2471 4960 2815 5027; x_wconf 82' lang='lat' dir='ltr'><strong>tribunalia,</strong></span> <span class='ocrx_word' id='word_1_237' title='bbox 2837 4958 3091 5032; x_wconf 83' lang='lat' dir='ltr'><strong>judices,</strong></span> <span class='ocrx_word' id='word_1_238' title='bbox 3114 4954 3324 5031; x_wconf 87' lang='lat' dir='ltr'><strong>populi</strong></span> <span class='ocrx_word' id='word_1_239' title='bbox 3344 4952 3655 5024; x_wconf 72' lang='lat' dir='ltr'><strong>suffragia,</strong></span> <span class='ocrx_word' id='word_1_240' title='bbox 3676 4950 3863 5023; x_wconf 78' lang='lat' dir='ltr'><strong>leges,</strong></span> 
     </span>
    </p>
   </div>
   <div class='ocr_carea' id='block_1_49' title="bbox 2267 5045 3863 5125">
    <p class='ocr_par' dir='ltr' id='par_1_49' title="bbox 2267 5045 3863 5125">
     <span class='ocr_line' id='line_1_49' title="bbox 2267 5045 3863 5125; baseline -0.008 -16"><span class='ocrx_word' id='word_1_241' title='bbox 2267 5055 2577 5109; x_wconf 87' lang='lat' dir='ltr'><strong>oratorum</strong></span> <span class='ocrx_word' id='word_1_242' title='bbox 2618 5054 2908 5125; x_wconf 80' lang='lat' dir='ltr'><strong>potestas,</strong></span> <span class='ocrx_word' id='word_1_243' title='bbox 2952 5045 3230 5116; x_wconf 87' lang='lat' dir='ltr'><strong>concilia,</strong></span> <span class='ocrx_word' id='word_1_244' title='bbox 3273 5058 3423 5118; x_wconf 88' lang='lat' dir='ltr'><strong>opes</strong></span> <span class='ocrx_word' id='word_1_245' title='bbox 3452 5045 3756 5101; x_wconf 78' lang='lat' dir='ltr'><strong>terrestres</strong></span> <span class='ocrx_word' id='word_1_246' title='bbox 3796 5056 3863 5097; x_wconf 88' lang='lat' dir='ltr'><strong>ac</strong></span> 
     </span>
    </p>
   </div>
   <div class='ocr_carea' id='block_1_50' title="bbox 2267 5131 3864 5213">
    <p class='ocr_par' dir='ltr' id='par_1_50' title="bbox 2267 5131 3864 5213">
     <span class='ocr_line' id='line_1_50' title="bbox 2267 5131 3864 5213; baseline -0.007 -16"><span class='ocrx_word' id='word_1_247' title='bbox 2267 5140 2588 5199; x_wconf 70' lang='lat' dir='ltr'><strong>maritimae</strong></span> <span class='ocrx_word' id='word_1_248' title='bbox 2612 5157 2626 5209; x_wconf 91' lang='lat'><strong>;</strong></span> <span class='ocrx_word' id='word_1_249' title='bbox 2649 5142 2817 5198; x_wconf 73' lang='lat' dir='ltr'><strong>Musa</strong></span> <span class='ocrx_word' id='word_1_250' title='bbox 2839 5139 2975 5213; x_wconf 89' lang='lat' dir='ltr'><strong>ipsa</strong></span> <span class='ocrx_word' id='word_1_251' title='bbox 2994 5135 3355 5201; x_wconf 84' lang='lat' dir='ltr'><strong>multicolor,</strong></span> <span class='ocrx_word' id='word_1_252' title='bbox 3378 5131 3735 5207; x_wconf 79' lang='lat' dir='ltr'><strong>eloquentiae</strong></span> <span class='ocrx_word' id='word_1_253' title='bbox 3756 5131 3864 5198; x_wconf 80' lang='lat' dir='ltr'><strong>vis,</strong></span> 
     </span>
    </p>
   </div>
   <div class='ocr_carea' id='block_1_51' title="bbox 2268 5219 3866 5304">
    <p class='ocr_par' dir='ltr' id='par_1_51' title="bbox 2268 5219 3866 5304">
     <span class='ocr_line' id='line_1_51' title="bbox 2268 5219 3866 5304; baseline -0.007 -16"><span class='ocrx_word' id='word_1_254' title='bbox 2268 5229 2476 5289; x_wconf 86' lang='lat' dir='ltr'><strong>omnia</strong></span> <span class='ocrx_word' id='word_1_255' title='bbox 2494 5245 2630 5304; x_wconf 77' lang='lat' dir='ltr'><strong>quas</strong></span> <span class='ocrx_word' id='word_1_256' title='bbox 2645 5228 2889 5287; x_wconf 85' lang='lat' dir='ltr'><strong>Athenis</strong></span> <span class='ocrx_word' id='word_1_257' title='bbox 2909 5227 3114 5299; x_wconf 65' lang='lat' dir='ltr'><strong>gloriae</strong></span> <span class='ocrx_word' id='word_1_258' title='bbox 3132 5225 3394 5292; x_wconf 89' lang='lat' dir='ltr'><strong>fuerunt,</strong></span> <span class='ocrx_word' id='word_1_259' title='bbox 3416 5223 3668 5298; x_wconf 88' lang='lat' dir='ltr'><strong>periere,</strong></span> <span class='ocrx_word' id='word_1_260' title='bbox 3688 5236 3765 5278; x_wconf 84' lang='lat' dir='ltr'><strong>ne</strong></span> <span class='ocrx_word' id='word_1_261' title='bbox 3788 5219 3866 5277; x_wconf 82' lang='lat' dir='ltr'><strong>vi-</strong></span> 
     </span>
    </p>
   </div>
   <div class='ocr_carea' id='block_1_52' title="bbox 2269 5310 3862 5394">
    <p class='ocr_par' dir='ltr' id='par_1_52' title="bbox 2269 5310 3862 5394">
     <span class='ocr_line' id='line_1_52' title="bbox 2269 5310 3862 5394; baseline -0.009 -17"><span class='ocrx_word' id='word_1_262' title='bbox 2269 5319 2500 5378; x_wconf 87' lang='lat' dir='ltr'><strong>lissimo</strong></span> <span class='ocrx_word' id='word_1_263' title='bbox 2528 5319 2777 5394; x_wconf 85' lang='lat' dir='ltr'><strong>quidem</strong></span> <span class='ocrx_word' id='word_1_264' title='bbox 2801 5317 3035 5393; x_wconf 89' lang='lat' dir='ltr'><strong>pristini</strong></span> <span class='ocrx_word' id='word_1_265' title='bbox 3065 5318 3179 5375; x_wconf 70' lang='lat' dir='ltr'><strong>aevi</strong></span> <span class='ocrx_word' id='word_1_266' title='bbox 3210 5317 3607 5373; x_wconf 89' lang='lat' dir='ltr'><strong>monumento</strong></span> <span class='ocrx_word' id='word_1_267' title='bbox 3643 5310 3862 5367; x_wconf 89' lang='lat' dir='ltr'><strong>relicto.</strong></span> 
     </span>
    </p>
   </div>
   <div class='ocr_carea' id='block_1_53' title="bbox 2273 5400 3867 5478">
    <p class='ocr_par' dir='ltr' id='par_1_53' title="bbox 2273 5400 3867 5478">
     <span class='ocr_line' id='line_1_53' title="bbox 2273 5400 3867 5478; baseline -0.008 -10"><span class='ocrx_word' id='word_1_268' title='bbox 2273 5410 2469 5478; x_wconf 80' lang='lat' dir='ltr'><strong>Quare</strong></span> <span class='ocrx_word' id='word_1_269' title='bbox 2494 5412 2651 5468; x_wconf 83' lang='lat' dir='ltr'><strong>certe</strong></span> <span class='ocrx_word' id='word_1_270' title='bbox 2681 5423 2779 5465; x_wconf 90' lang='lat' dir='ltr'><strong>me</strong></span> <span class='ocrx_word' id='word_1_271' title='bbox 2811 5406 2981 5467; x_wconf 86' lang='lat' dir='ltr'><strong>haud</strong></span> <span class='ocrx_word' id='word_1_272' title='bbox 3004 5406 3256 5464; x_wconf 84' lang='lat' dir='ltr'><strong>dedecet</strong></span> <span class='ocrx_word' id='word_1_273' title='bbox 3281 5405 3343 5461; x_wconf 90' lang='lat' dir='ltr'><strong>in</strong></span> <span class='ocrx_word' id='word_1_274' title='bbox 3377 5401 3591 5461; x_wconf 87' lang='lat' dir='ltr'><strong>mediis</strong></span> <span class='ocrx_word' id='word_1_275' title='bbox 3619 5400 3867 5457; x_wconf 83' lang='lat' dir='ltr'><strong>Athenis</strong></span> 
     </span>
    </p>
   </div>
   <div class='ocr_carea' id='block_1_54' title="bbox 2270 5492 3868 5573">
    <p class='ocr_par' dir='ltr' id='par_1_54' title="bbox 2270 5492 3868 5573">
     <span class='ocr_line' id='line_1_54' title="bbox 2270 5492 3868 5573; baseline -0.007 -14"><span class='ocrx_word' id='word_1_276' title='bbox 2270 5499 2667 5570; x_wconf 88' lang='lat' dir='ltr'><strong>habitantem,</strong></span> <span class='ocrx_word' id='word_1_277' title='bbox 2698 5496 2882 5573; x_wconf 88' lang='lat' dir='ltr'><strong>hujus</strong></span> <span class='ocrx_word' id='word_1_278' title='bbox 2919 5497 3086 5556; x_wconf 87' lang='lat' dir='ltr'><strong>urbis</strong></span> <span class='ocrx_word' id='word_1_279' title='bbox 3127 5511 3334 5555; x_wconf 77' lang='lat' dir='ltr'><strong>veram</strong></span> <span class='ocrx_word' id='word_1_280' title='bbox 3373 5492 3702 5567; x_wconf 76' lang='lat' dir='ltr'><strong>imaginem</strong></span> <span class='ocrx_word' id='word_1_281' title='bbox 3748 5506 3868 5549; x_wconf 88' lang='lat' dir='ltr'><strong>me-</strong></span> 
     </span>
    </p>
   </div>
   <div class='ocr_carea' id='block_1_55' title="bbox 508 4774 2154 4858">
    <p class='ocr_par' dir='ltr' id='par_1_55' title="bbox 508 4774 2154 4858">
     <span class='ocr_line' id='line_1_55' title="bbox 508 4774 2154 4858; baseline 0.006 -26"><span class='ocrx_word' id='word_1_282' title='bbox 508 4774 758 4834; x_wconf 82' lang='lat' dir='ltr'><strong>dictavit</strong></span> <span class='ocrx_word' id='word_1_283' title='bbox 782 4779 987 4849; x_wconf 84' lang='lat' dir='ltr'><strong>verba,</strong></span> <span class='ocrx_word' id='word_1_284' title='bbox 1014 4780 1077 4838; x_wconf 91' lang='lat' dir='ltr'><strong>in</strong></span> <span class='ocrx_word' id='word_1_285' title='bbox 1096 4782 1328 4841; x_wconf 85' lang='lat' dir='ltr'><strong>umbris</strong></span> <span class='ocrx_word' id='word_1_286' title='bbox 1351 4799 1553 4842; x_wconf 87' lang='lat' dir='ltr'><strong>rerum</strong></span> <span class='ocrx_word' id='word_1_287' title='bbox 1584 4784 2021 4858; x_wconf 58' lang='lat' dir='ltr'><strong>praeteritarum</strong></span> <span class='ocrx_word' id='word_1_288' title='bbox 2051 4785 2154 4842; x_wconf 90' lang='lat' dir='ltr'><strong>de-</strong></span> 
     </span>
    </p>
   </div>
   <div class='ocr_carea' id='block_1_56' title="bbox 509 4865 2154 4948">
    <p class='ocr_par' dir='ltr' id='par_1_56' title="bbox 509 4865 2154 4948">
     <span class='ocr_line' id='line_1_56' title="bbox 509 4865 2154 4948; baseline 0.006 -27"><span class='ocrx_word' id='word_1_289' title='bbox 509 4865 730 4924; x_wconf 88' lang='lat' dir='ltr'><strong>siderio</strong></span> <span class='ocrx_word' id='word_1_290' title='bbox 754 4867 983 4926; x_wconf 84' lang='lat' dir='ltr'><strong>ardenti</strong></span> <span class='ocrx_word' id='word_1_291' title='bbox 1006 4869 1279 4928; x_wconf 89' lang='lat' dir='ltr'><strong>solamen</strong></span> <span class='ocrx_word' id='word_1_292' title='bbox 1297 4872 1655 4931; x_wconf 80' lang='lat' dir='ltr'><strong>affectando.</strong></span> <span class='ocrx_word' id='word_1_293' title='bbox 1674 4874 1985 4948; x_wconf 85' lang='lat' dir='ltr'><strong>Nusquan,</strong></span> <span class='ocrx_word' id='word_1_294' title='bbox 1998 4874 2117 4931; x_wconf 91' lang='lat' dir='ltr'><strong>heu</strong></span> <span class='ocrx_word' id='word_1_295' title='bbox 2142 4875 2154 4930; x_wconf 87' lang='lat' dir='ltr'><strong>l</strong></span> 
     </span>
    </p>
   </div>
   <div class='ocr_carea' id='block_1_57' title="bbox 512 4954 2161 5038">
    <p class='ocr_par' dir='ltr' id='par_1_57' title="bbox 512 4954 2161 5038">
     <span class='ocr_line' id='line_1_57' title="bbox 512 4954 2161 5038; baseline 0.005 -26"><span class='ocrx_word' id='word_1_296' title='bbox 512 4954 1020 5029; x_wconf 61' lang='lat' dir='ltr'><strong>splendidissima</strong></span> <span class='ocrx_word' id='word_1_297' title='bbox 1049 4959 1205 5018; x_wconf 87' lang='lat' dir='ltr'><strong>illius</strong></span> <span class='ocrx_word' id='word_1_298' title='bbox 1226 4962 1396 5020; x_wconf 89' lang='lat' dir='ltr'><strong>urbis</strong></span> <span class='ocrx_word' id='word_1_299' title='bbox 1411 4962 1526 5020; x_wconf 90' lang='lat' dir='ltr'><strong>nisi</strong></span> <span class='ocrx_word' id='word_1_300' title='bbox 1546 4963 1736 5021; x_wconf 72' lang='lat' dir='ltr'><strong>ruinae</strong></span> <span class='ocrx_word' id='word_1_301' title='bbox 1756 4963 2037 5021; x_wconf 82' lang='lat' dir='ltr'><strong>visuntur</strong></span> <span class='ocrx_word' id='word_1_302' title='bbox 2053 4979 2161 5038; x_wconf 87' lang='lat' dir='ltr'><strong>per</strong></span> 
     </span>
    </p>
   </div>
   <div class='ocr_carea' id='block_1_58' title="bbox 512 5046 2161 5127">
    <p class='ocr_par' dir='ltr' id='par_1_58' title="bbox 512 5046 2161 5127">
     <span class='ocr_line' id='line_1_58' title="bbox 512 5046 2161 5127; baseline 0.006 -26"><span class='ocrx_word' id='word_1_303' title='bbox 512 5046 735 5104; x_wconf 69' lang='lat' dir='ltr'><strong>saecula</strong></span> <span class='ocrx_word' id='word_1_304' title='bbox 761 5049 1009 5122; x_wconf 87' lang='lat' dir='ltr'><strong>turpiter</strong></span> <span class='ocrx_word' id='word_1_305' title='bbox 1035 5050 1358 5109; x_wconf 66' lang='lat' dir='ltr'><strong>cumulatae</strong></span> <span class='ocrx_word' id='word_1_306' title='bbox 1387 5067 1628 5109; x_wconf 87' lang='lat' dir='ltr'><strong>sursum</strong></span> <span class='ocrx_word' id='word_1_307' title='bbox 1657 5051 1946 5111; x_wconf 89' lang='lat' dir='ltr'><strong>deorsum</strong></span> <span class='ocrx_word' id='word_1_308' title='bbox 1965 5055 2161 5127; x_wconf 84' lang='lat' dir='ltr'><strong>proje-</strong></span> 
     </span>
    </p>
   </div>
   <div class='ocr_carea' id='block_1_59' title="bbox 512 5135 2162 5216">
    <p class='ocr_par' dir='ltr' id='par_1_59' title="bbox 512 5135 2162 5216">
     <span class='ocr_line' id='line_1_59' title="bbox 512 5135 2162 5216; baseline 0.005 -25"><span class='ocrx_word' id='word_1_309' title='bbox 512 5138 641 5201; x_wconf 72' lang='lat' dir='ltr'><strong>ctaa,</strong></span> <span class='ocrx_word' id='word_1_310' title='bbox 672 5135 819 5193; x_wconf 90' lang='lat' dir='ltr'><strong>nulli</strong></span> <span class='ocrx_word' id='word_1_311' title='bbox 838 5136 1158 5196; x_wconf 88' lang='lat' dir='ltr'><strong>ﬂebiliores</strong></span> <span class='ocrx_word' id='word_1_312' title='bbox 1176 5155 1363 5214; x_wconf 89' lang='lat' dir='ltr'><strong>quam</strong></span> <span class='ocrx_word' id='word_1_313' title='bbox 1383 5139 1527 5198; x_wconf 92' lang='lat' dir='ltr'><strong>mihi</strong></span> <span class='ocrx_word' id='word_1_314' title='bbox 1545 5141 1662 5214; x_wconf 91' lang='lat' dir='ltr'><strong>ipsi</strong></span> <span class='ocrx_word' id='word_1_315' title='bbox 1681 5141 1693 5197; x_wconf 80' lang='grc' dir='ltr'><strong>ι</strong></span> <span class='ocrx_word' id='word_1_316' title='bbox 1718 5141 1760 5198; x_wconf 90' lang='lat' dir='ltr'><strong>li</strong></span> <span class='ocrx_word' id='word_1_317' title='bbox 1776 5141 1999 5216; x_wconf 86' lang='lat' dir='ltr'><strong>quibus</strong></span> <span class='ocrx_word' id='word_1_318' title='bbox 2021 5158 2162 5200; x_wconf 91' lang='lat' dir='ltr'><strong>ocu-</strong></span> 
     </span>
    </p>
   </div>
   <div class='ocr_carea' id='block_1_60' title="bbox 511 5222 2161 5301">
    <p class='ocr_par' dir='ltr' id='par_1_60' title="bbox 511 5222 2161 5301">
     <span class='ocr_line' id='line_1_60' title="bbox 511 5222 2161 5301; baseline 0.004 -22"><span class='ocrx_word' id='word_1_319' title='bbox 511 5222 586 5279; x_wconf 89' lang='lat' dir='ltr'><strong>lis</strong></span> <span class='ocrx_word' id='word_1_320' title='bbox 615 5223 833 5282; x_wconf 88' lang='lat' dir='ltr'><strong>intueri</strong></span> <span class='ocrx_word' id='word_1_321' title='bbox 858 5226 919 5283; x_wconf 91' lang='lat' dir='ltr'><strong>id</strong></span> <span class='ocrx_word' id='word_1_322' title='bbox 947 5228 1114 5301; x_wconf 90' lang='lat' dir='ltr'><strong>quod</strong></span> <span class='ocrx_word' id='word_1_323' title='bbox 1136 5234 1346 5288; x_wconf 88' lang='lat' dir='ltr'><strong>amant</strong></span> <span class='ocrx_word' id='word_1_324' title='bbox 1373 5245 1499 5287; x_wconf 90' lang='lat' dir='ltr'><strong>non</strong></span> <span class='ocrx_word' id='word_1_325' title='bbox 1520 5230 2161 5301; x_wconf 77' lang='lat' dir='ltr'><strong>contingit,simulacro</strong></span> 
     </span>
    </p>
   </div>
   <div class='ocr_carea' id='block_1_61' title="bbox 512 5313 2159 5393">
    <p class='ocr_par' dir='ltr' id='par_1_61' title="bbox 512 5313 2159 5393">
     <span class='ocr_line' id='line_1_61' title="bbox 512 5313 2159 5393; baseline 0.005 -24"><span class='ocrx_word' id='word_1_326' title='bbox 512 5313 599 5370; x_wconf 89' lang='lat' dir='ltr'><strong>rei</strong></span> <span class='ocrx_word' id='word_1_327' title='bbox 639 5319 855 5372; x_wconf 67' lang='lat' dir='ltr'><strong>amatae</strong></span> <span class='ocrx_word' id='word_1_328' title='bbox 876 5318 1137 5375; x_wconf 91' lang='lat' dir='ltr'><strong>contenti</strong></span> <span class='ocrx_word' id='word_1_329' title='bbox 1155 5318 1343 5377; x_wconf 89' lang='lat' dir='ltr'><strong>nihilo</strong></span> <span class='ocrx_word' id='word_1_330' title='bbox 1364 5320 1559 5378; x_wconf 88' lang='lat' dir='ltr'><strong>secius</strong></span> <span class='ocrx_word' id='word_1_331' title='bbox 1584 5318 1907 5393; x_wconf 87' lang='lat' dir='ltr'><strong>cupiditate</strong></span> <span class='ocrx_word' id='word_1_332' title='bbox 1927 5320 2159 5378; x_wconf 89' lang='lat' dir='ltr'><strong>ardent.</strong></span> 
     </span>
    </p>
   </div>
   <div class='ocr_carea' id='block_1_62' title="bbox 512 5401 2163 5481">
    <p class='ocr_par' dir='ltr' id='par_1_62' title="bbox 512 5401 2163 5481">
     <span class='ocr_line' id='line_1_62' title="bbox 512 5401 2163 5481; baseline 0.005 -21"><span class='ocrx_word' id='word_1_333' title='bbox 512 5404 598 5460; x_wconf 74' lang='lat' dir='ltr'><strong>Me</strong></span> <span class='ocrx_word' id='word_1_334' title='bbox 642 5401 932 5462; x_wconf 88' lang='lat' dir='ltr'><strong>miserum</strong></span> <span class='ocrx_word' id='word_1_335' title='bbox 964 5404 977 5459; x_wconf 82' lang='grc' dir='ltr'><strong>Ῑ</strong></span> <span class='ocrx_word' id='word_1_336' title='bbox 1027 5406 1153 5481; x_wconf 91' lang='lat' dir='ltr'><strong>qui,</strong></span> <span class='ocrx_word' id='word_1_337' title='bbox 1180 5412 1247 5465; x_wconf 86' lang='lat' dir='ltr'><strong>ut</strong></span> <span class='ocrx_word' id='word_1_338' title='bbox 1275 5408 1440 5465; x_wconf 84' lang='lat' dir='ltr'><strong>Ixion</strong></span> <span class='ocrx_word' id='word_1_339' title='bbox 1468 5410 1739 5475; x_wconf 75' lang='lat' dir='ltr'><strong>Iunonis,</strong></span> <span class='ocrx_word' id='word_1_340' title='bbox 1790 5409 2163 5468; x_wconf 80' lang='lat' dir='ltr'><strong>Athenarum</strong></span> 
     </span>
    </p>
   </div>
   <div class='ocr_carea' id='block_1_63' title="bbox 515 5494 2167 5580">
    <p class='ocr_par' dir='ltr' id='par_1_63' title="bbox 515 5494 2167 5580">
     <span class='ocr_line' id='line_1_63' title="bbox 515 5494 2167 5580; baseline 0.005 -31"><span class='ocrx_word' id='word_1_341' title='bbox 515 5507 723 5550; x_wconf 90' lang='lat' dir='ltr'><strong>amore</strong></span> <span class='ocrx_word' id='word_1_342' title='bbox 737 5494 962 5562; x_wconf 85' lang='lat' dir='ltr'><strong>teneor,</strong></span> <span class='ocrx_word' id='word_1_343' title='bbox 977 5510 1089 5553; x_wconf 87' lang='lat' dir='ltr'><strong>nec</strong></span> <span class='ocrx_word' id='word_1_344' title='bbox 1106 5497 1263 5580; x_wconf 78' lang='lat' dir='ltr'><strong>potis</strong></span> <span class='ocrx_word' id='word_1_345' title='bbox 1280 5498 1674 5579; x_wconf 84' lang='lat' dir='ltr'><strong>sumdolores</strong></span> <span class='ocrx_word' id='word_1_346' title='bbox 1690 5498 1917 5574; x_wconf 88' lang='lat' dir='ltr'><strong>quibus</strong></span> <span class='ocrx_word' id='word_1_347' title='bbox 1933 5500 2167 5559; x_wconf 88' lang='lat' dir='ltr'><strong>crucior</strong></span> 
     </span>
    </p>
   </div>
   <div class='ocr_carea' id='block_1_64' title="bbox 513 5576 2165 5660">
    <p class='ocr_par' dir='ltr' id='par_1_64' title="bbox 513 5576 2165 5660">
     <span class='ocr_line' id='line_1_64' title="bbox 513 5576 2165 5660; baseline 0.004 -18"><span class='ocrx_word' id='word_1_348' title='bbox 513 5580 855 5643; x_wconf 83' lang='lat' dir='ltr'><strong>describere</strong></span> <span class='ocrx_word' id='word_1_349' title='bbox 871 5580 885 5641; x_wconf 84' lang='grc'>1</span> <span class='ocrx_word' id='word_1_350' title='bbox 900 5576 1162 5643; x_wconf 79' lang='lat' dir='ltr'><strong>Athenas</strong></span> <span class='ocrx_word' id='word_1_351' title='bbox 1175 5576 1458 5646; x_wconf 71' lang='lat' dir='ltr'><strong>habitans</strong></span> <span class='ocrx_word' id='word_1_352' title='bbox 1464 5586 1683 5660; x_wconf 85' lang='lat' dir='ltr'><strong>,nullas</strong></span> <span class='ocrx_word' id='word_1_353' title='bbox 1693 5588 1867 5650; x_wconf 83' lang='lat' dir='ltr'><strong>video</strong></span> <span class='ocrx_word' id='word_1_354' title='bbox 1878 5590 2165 5659; x_wconf 80' lang='lat' dir='ltr'><strong>Athenas,</strong></span> 
     </span>
    </p>
   </div>
   <div class='ocr_carea' id='block_1_65' title="bbox 2273 5587 2783 5665">
    <p class='ocr_par' dir='ltr' id='par_1_65' title="bbox 2273 5587 2783 5665">
     <span class='ocr_line' id='line_1_65' title="bbox 2273 5587 2783 5665; baseline -0.004 -17"><span class='ocrx_word' id='word_1_355' title='bbox 2273 5589 2483 5651; x_wconf 65' lang='lat' dir='ltr'><strong>moria:</strong></span> <span class='ocrx_word' id='word_1_356' title='bbox 2507 5587 2783 5665; x_wconf 86' lang='lat' dir='ltr'><strong>prodere.</strong></span> 
     </span>
    </p>
   </div>
  </div>
