4028 6308
132 291 238 346 389

1631 282 1996 341 ALANICUS.

3384 299 3490 354 390

132 415 268 486 ’Δρα
331 413 703 489 χρηστοτέρας
760 416 858 472 τῆς
920 404 1224 483 ὁδοιπορίας
1283 406 1577 480 έτύχομεν,
1640 411 1731 460 καὶ

1858 405 2086 476 :‘uimus,
2137 419 2300 462 nunc
2338 409 2492 462 certe
2541 411 2866 483 postquam
2913 413 3090 470 nobis
3142 416 3490 480 unctionem

136 508 223 560 τὴν
279 501 407 555 εὐθύ
462 508 562 563 τῆς
608 505 834 574 ποίμνης
889 499 1194 572 ἰτέμνομεν;
1235 500 1265 558 ἡ
1307 498 1528 571 λῃσταῖς
1582 517 1734 572 περι-

137 597 395 659 πεσόντες,
448 595 538 650 τὴν
588 595 708 665 περὶ
753 590 937 663 ψυχῆς
989 590 1358 663 ἑτραπόμεθας
1415 588 1504 651 Ὠς
1566 584 1616 641 δ’
1675 586 1735 642 ἂν

137 686 337 753 ἔχοιεν,
385 680 442 734 εὖ
487 698 544 732 τε
589 683 680 732 καὶ
724 679 838 740 ἅλις
883 681 952 732 τὰ
1003 682 1339 752 συμπεσόντα
1389 679 1548 752 ripis;
1598 675 1738 751 'Apa:

136 771 284 842 μόλις
349 772 574 842 ἔστημεν
624 777 720 831 τῆς
767 771 952 842 ὁρμῆς,
1009 769 1038 827 ἣ
1107 774 1198 822 καὶ
1254 768 1414 820 εἰσέτι
1474 771 1734 841 φέρομεν;

138 865 234 914 Καὶ
272 866 382 913 ποῦ
429 877 556 912 ποτε
605 855 745 910 δυεῖν
790 859 1037 930 θάτερονς
1066 862 1156 910 καὶ
1196 861 1324 920 τέως
1359 862 1403 910 εὶ
1447 861 1517 929 μὴ
1567 857 1735 914 πάντη

136 957 222 1002 τοῦ
264 956 474 1001 σκοποῦ
521 944 916 1020 διημάρτομεν;
955 952 1134 1000 Ταῦτα
1179 950 1269 1020 μεν
1313 942 1402 1000 οὖν
1446 947 1566 1018 ὑμῖν
1609 963 1737 998 σκο-

134 1041 353 1092 πεῖσθαι
412 1036 708 1108 συμϐαίνει,
754 1041 844 1090 καὶ
903 1037 1021 1090 καθ’
1083 1036 1292 1098 έαυτούς
1349 1035 1554 1111 έρευνᾷν
1581 1055 1595 1069 ο
1650 1039 1740 1088 καὶ

135 1130 382 1200 πείθομαι
449 1128 520 1187 ὡς
574 1129 688 1179 ἔστι
756 1122 1045 1179 σπουδαῖον
1087 1129 1146 1179 τὸ
1199 1132 1440 1199 πρᾶγμα,
1498 1129 1589 1178 καὶ
1641 1132 1739 1177 τῶν

133 1219 235 1289 οὐχ
299 1221 502 1277 ἣκιστα
558 1212 829 1289 φροντίδος
875 1219 1264 1288 τετυχηκότων,
1310 1219 1353 1268 εἰ
1398 1218 1499 1268 πού
1537 1234 1590 1266 τι
1640 1222 1740 1267 τῶν

135 1310 400 1381 ἡμετέρων
469 1304 861 1379 ἁκριϐολογοίτό
926 1324 1029 1359 τινι
1062 1326 1074 1338 ·
1142 1309 1324 1379 καίπερ
1390 1305 1546 1358 ὁποῖα
1609 1303 1743 1375 φιλεῖ

137 1396 447 1469 συμϐαίνειν
497 1394 547 1447 ἐν
595 1401 705 1457 τοῖς
753 1396 1031 1461 τοιούτοις,
1081 1394 1205 1447 ἄλλο
1242 1396 1409 1467 ἕτερον
1446 1398 1536 1446 καὶ
1593 1400 1738 1464 κοινῇ

135 1485 608 1558 κατηκριϐωμένως
653 1480 842 1548 οὐδεν,
892 1487 923 1543 ἡ
973 1480 1250 1557 πάνδημος
1299 1489 1444 1557 φήμη
1497 1488 1743 1558 προφέροι

136 1577 212 1629 ἐν.
278 1575 423 1646 Ἐγὼ
482 1570 561 1640 δε,
631 1573 675 1626 εἰ
728 1576 817 1645 μὲν
871 1573 1034 1634 οὕτως
1098 1573 1367 1646 εὐκαιρίας
1430 1578 1520 1625 καὶ
1577 1591 1742 1647 παραδ

143 1672 336 1724 σκευῆς
406 1660 569 1735 εἶχον,
636 1664 701 1723 ὡς
755 1664 924 1714 πάντα
978 1663 1140 1734 λέγειν
1199 1667 1292 1716 καὶ
1356 1664 1592 1737 γράφειν,
1649 1660 1744 1714 κᾶν

1841 493 2090 563 largitus
2132 499 2237 551 est.
2268 499 2418 551 Num
2465 511 2608 567 ergo
2649 498 2878 556 felicius
2924 502 3035 559 iter
3079 507 3238 562 nacti
3278 508 3490 582 simus,

1843 589 2124 656 rectaque
2173 587 2251 642 ad
2295 601 2538 656 gregem
2586 593 2862 646 nostrum
2909 594 3299 655 venerimus?
3326 614 3408 655 an
3431 599 3493 656 in

1843 673 2104 730 latrones
2130 673 2380 746 delapsi,
2413 675 2632 732 animas
2675 679 3000 737 retinendae
3040 699 3224 741 causa
3267 663 3491 756 fugeri-

1845 764 2032 819 mus'?
2081 763 2191 828 Qui
2235 767 2423 819 status
2470 781 2670 821 rerum
2719 768 2811 833 sit,
2856 774 2915 826 et
2955 786 3101 827 num
3152 775 3297 830 satis
3337 775 3493 833 bene

1845 852 2022 909 nobis
2052 853 2349 908 evenerit?
2380 857 2532 910 Num
2558 855 2811 913 fortunas
2833 859 3094 931 impetus
3120 863 3219 919 vix
3244 863 3493 923 demum

1846 942 2146 1010 desiverit,
2197 958 2276 1000 an
2317 943 2517 1000 adhuc
2565 945 2627 1001 in
2675 963 2854 1004 cursu
2903 949 3137 1010 simus?
3176 955 3240 1009 Et
3275 954 3493 1013 horum

1847 1032 2109 1088 duorum
2131 1035 2332 1089 utrum
2357 1035 2710 1091 teneamus?
2736 1041 2794 1092 et
2815 1052 2963 1094 num
2983 1040 3274 1098 hactenus
3310 1059 3494 1118 scopo

1846 1136 2098 1193 prorsus
2129 1119 2605 1178 aberraverimus
2625 1126 2654 1181 ‘2
2681 1127 2815 1181 Haec
2844 1141 2987 1197 ergo
3025 1129 3198 1187 vobis
3228 1133 3496 1191 conside-

1848 1225 1981 1266 rare
2013 1210 2320 1280 contingit,
2353 1216 2411 1266 et
2437 1212 2590 1268 inter
2630 1229 2740 1270 vos
2772 1215 3121 1288 disquirere.
3153 1220 3308 1276 Sane
3337 1221 3496 1279 arbi-

1849 1303 1972 1356 tror
2018 1315 2199 1370 grave
2252 1316 2382 1356 esse
2433 1303 2762 1374 negotium,
2795 1308 2851 1360 et
2897 1319 3020 1362 non
3068 1307 3323 1368 minima
3351 1327 3497 1370 cura

1849 1389 2125 1461 dignum,
2159 1388 2209 1444 si
2237 1390 2375 1461 quis
2406 1389 2542 1448 velit
2578 1396 2785 1449 nostra
2814 1393 3153 1465 diligentius
3179 1398 3496 1471 inspicere.

1852 1479 2238 1550 Quanquam,
2267 1483 2329 1534 ut
2356 1479 2418 1534 in
2461 1479 2554 1536 his
2582 1481 2730 1537 solet
2758 1484 3124 1555 contingere,
3151 1487 3269 1544 alia
3296 1489 3499 1562 quasli-

1849 1566 1970 1633 bet,
2016 1567 2283 1640 nihilque
2329 1568 2566 1641 publice
2606 1571 2749 1626 satis
2804 1572 3148 1644 probatum,
3188 1577 3497 1649 popularis

1853 1657 2017 1713 fama
2058 1657 2348 1727 divulgat.
2387 1661 2510 1729 Ego
2549 1676 2686 1716 vero
2727 1662 2777 1716 si
2828 1668 2982 1719 certe
3032 1668 3264 1721 tantum
3311 1669 3414 1725 otii
3442 1673 3500 1726 et

140 1762 237 1806 τῶν
298 1754 418 1825 ἐμοὶ
481 1749 918 1824 σπουδαζομένων
965 1755 1021 1804 τὸ
1075 1755 1221 1825 ἔργον
1280 1748 1360 1824 ᾖν,
1417 1748 1744 1824 διηγουμένῳ

1858 1746 2299 1803 commoditatis
2345 1747 2655 1820 haberem,
2697 1751 2901 1808 omnia
2947 1752 3210 1811 dicerem
3252 1771 3322 1812 ac
3353 1758 3501 1815 scri-

143 1846 196 1895 τὸ
252 1841 463 1916 βέλτιον
504 1841 572 1902 εἰς
618 1840 949 1917 παραψυχὴν
986 1846 1072 1894 καὶ
1117 1843 1382 1914 συμπαθὲς
1430 1848 1540 1902 τοῖς
1595 1839 1746 1893 ἀκού-

140 1950 306 1985 ουσι*
345 1939 439 1985 νῦν
483 1927 544 1984 δὶ
596 1930 689 1984 οὐκ
741 1933 890 1984 ἐστι’
931 1929 1128 1983 πολλῶν
1174 1934 1273 2005 γὰρ
1319 1930 1378 1982 ἂν
1422 1933 1546 2003 ἡμῖν
1582 1929 1748 2002 λόγων

144 2019 402 2080 ἐδέησε-ν’
447 2028 618 2074 πονεῖν
667 2017 727 2073 δὲ
774 2020 893 2094 ἄρτι
930 2022 1001 2082 ὡς
1047 2019 1096 2072 ἐν
1155 2022 1564 2095 συγγράμμασιν
1611 2016 1749 2073 ἴδιον

143 2110 202 2162 ἄν
247 2114 328 2169 εἴη
376 2113 553 2185 ὥσπερ
604 2113 648 2162 εἴ
693 2129 772 2171 τις
818 2108 868 2162 ἓν
906 2114 1241 2182 νυκτομαχίᾳ
1286 2113 1345 2162 τὸ
1385 2107 1570 2173 δεξιῶς
1608 2109 1752 2163 ὁπλι-

145 2203 362 2272 σθῆναι,
411 2205 506 2253 καὶ
558 2196 784 2252 τοιῶσδε
826 2197 1106 2251 έπιϐαίνειν
1165 2206 1385 2252 σκοπεῖο
1435 2203 1606 2251 καίτοι
1660 2203 1750 2251 καὶ

145 2290 307 2351 ἄλλως
350 2286 471 2343 οὐδ’
524 2288 584 2342 ἂν
629 2286 913 2361 δυναίμην,
953 2288 1357 2360 πεπλανημένος,
1392 2285 1499 2347 ἤδη
1543 2293 1637 2347 τὴν
1675 2291 1748 2340 ἔν-

145 2399 283 2432 νοιαν
323 2381 429 2432 ὑπό
468 2385 561 2431 τοῦ
609 2379 1014 2452 μεταμανθάνειν
1064 2380 1130 2430 τὰ
1173 2376 1436 2452 βάρϐαρα.
1470 2378 1531 2430 Εἰ
1563 2374 1622 2430 δὴ
1659 2382 1748 2430 καὶ

143 2478 307 2522 ταῦτα
350 2473 426 2542 μή
486 2477 661 2542 παρῆν
703 2467 1106 2542 παρακαὶοῦντα
1152 2486 1214 2539 με
1259 2473 1480 2537 σιωπᾴν,
1520 2465 1646 2518 ἀλλὰ
1687 2470 1746 2518 τὸ

147 2555 396 2631 διήγημα
443 2557 642 2630 ἴλιγγον
694 2559 806 2628 ἔχει
845 2557 902 2608 οὐ
957 2560 1200 2630 φορητὸν,
1247 2558 1313 2617 ὡς
1358 2560 1446 2608 καὶ
1484 2556 1744 2629 ὴπειρὼτη

144 2653 357 2718 ναυτία,
396 2651 488 2700 καὶ
537 2654 644 2709 τοῖς
687 2655 926 2720 τρυφῶσι
961 2650 1052 2698 καὶ
1099 2647 1471 2720 θρυπτομένοις
1517 2647 1581 2697 τά
1618 2646 1746 2719 φάρ-

147 2753 310 2808 pm.

219 3007 288 3081 β’.
333 3008 570 3060 Ποοοῡσι
621 3000 679 3057 δε
733 3001 874 3076 ὑμῖν,
920 3002 960 3054 ὦ
1010 3005 1170 3076 πάτερ
1227 3007 1318 3055 καὶ
1371 3001 1545 3075 ὅμιλος
1603 2998 1749 3054 ἀδελ-

152 3105 271 3168 φῶν,
308 3096 404 3158 οὓς
444 3096 658 3164 συνάγει
699 3097 788 3145 καὶ
831 3089 1116 3160 διεστῶτας
1161 3095 1217 3145 τὸ
1259 3099 1469 3164 Πνεῦμα
1494 3094 1555 3143 τὸ
1581 3092 1749 3163 ἅγιον,
1789 3118 1827 3172 C

151 3187 239 3238 οὐκ
283 3181 393 3239 οἶδ’
444 3187 583 3246 ὅπως
627 3181 836 3255 ἐπίσχει)
883 3190 982 3234 τῶν
1030 3183 1289 3257 ἡμετέρων
1333 3186 1427 3240 τὴν
1473 3200 1749 3255 γνωριμω-

152 3278 328 3333 τάτην.
394 3277 499 3326 Καὶ
555 3277 626 3344 μή
687 3273 785 3324 πού
836 3290 914 3333 τις
979 3271 1169 3343 Ἰωσὴφ
1221 3270 1476 3336 ένταῦθα;
1535 3269 1593 3321 Ὀ
1648 3271 1748 3343 γὰρ

146 3367 492 3439 πατριάρχης
535 3359 724 3414 Ἰακὼϐ
773 3357 933 3421 δῆλος
969 3362 1164 3412 πενθῶν
1207 3355 1308 3412 οἶδ’
1347 3360 1427 3411 ὅτι
1464 3363 1551 3411 τὸν
1591 3358 1751 3410 ὕστα-

147 3472 226 3506 τον
283 3453 334 3506 έν
389 3454 522 3512 υἱοῖς
573 3453 710 3504 κατὰ
761 3450 1089 3521 πνευματικὰ
1133 3447 1439 3519 ψελλίζοντα
1495 3450 1569 3499 ἔτι
1597 3467 1612 3480 ο
1661 3450 1750 3498 καὶ

146 3545 289 3618 παρὰ
353 3536 512 3593 τοῦτο
565 3545 656 3592 καὶ
716 3537 1057 3611 ἀγαπώμεθα.
1126 3538 1441 3611 Ἐσγεώργουν
1507 3540 1599 3608 μὶν
1663 3531 1750 3588 οὖν

148 3633 195 3682 οἱ
232 3632 453 3704 μείζους
510 3625 720 3700 ἀδελφοὶ
751 3631 840 3680 τὸν
897 3628 1142 3699 ἄσταχυν
1193 3633 1284 3687 τῆς
1345 3629 1503 3694 ζωῆς,
1541 3629 1632 3678 καὶ
1685 3623 1750 3685 εἰς

152 3717 424 3773 διακονίαν
508 3718 660 3779 αὐτὸς
743 3717 1028 3790 έτετάογμην
1095 3717 1508 3790 ὑπηρετούμενος
1581 3716 1754 3768 ὁπόσα

151 3814 502 3881 προσέταττεν
550 3809 577 3860 ὁ
625 3810 801 3879 πατὴρ
827 3826 840 3840 ·
890 3807 938 3858 οἱ
971 3802 1022 3858 δ’
1070 3803 1476 3877 ἁπεμπολοῦσιν,
1518 3803 1611 3856 οὐκ
1649 3799 1753 3856 οἶδ’

155 3900 178 3950 ὃ
223 3919 275 3951 τι
323 3899 608 3957 παθόντες.
659 3895 799 3954 Πλὴν
838 3896 974 3968 ὅμως
1011 3898 1100 3947 καὶ
1152 3890 1427 3969 τραγῳδία
1472 3895 1538 3946 τὰ
1584 3893 1753 3945 ἐντεῦ-

158 3990 235 4041 θεν
273 3985 395 4041 οὐδ’
443 3984 814 4059 ἆπαράλληλα·
864 3984 996 4042 πλὴν
1041 3985 1068 4037 ὅ
1103 4003 1157 4036 1':
1192 3988 1434 4056 γνωρίσω
1463 3985 1552 4055 μεν
1593 3982 1752 4055 ἐμαυ-

153 4081 270 4143 τὸν,
323 4075 370 4129 εἰ
429 4080 522 4127 καὶ
577 4069 820 4134 σκιωδῶς
867 4070 983 4126 οὐδ’
1037 4072 1523 4146 ἀπαρακαλύπτως·
1583 4091 1753 4144 παρα-

158 4162 468 4239 δραμοῡμαι
519 4165 619 4238 ’γὰρ
671 4166 737 4216 τὰ
785 4162 967 4216 πολλά.
1019 4162 1282 4215 Βασιλεύω
1327 4158 1387 4213 δὲ
1432 4161 1604 4214 οὐκέτι
1655 4169 1754 4213 τῶν

157 4254 457 4325 Αἰγυπτίων
507 4248 602 4304 διὰ
649 4255 736 4304 τὸν
790 4255 1016 4322 Φαραὼ,
1075 4251 1118 4303 εὶ
1167 4254 1256 4302 καὶ
1311 4255 1756 4324 παραχωρηκέναι

157 4348 286 4407 τινὸς
329 4341 665 4410 δυναστεῖας,
719 4341 778 4394 οὗ
829 4339 1073 4413 βούλεται
1120 4343 1234 4414 μὲν,
1271 4341 1505 4393 πείθεται
1549 4336 1608 4392 δε
1658 4341 1754 4393 ἔιπό

1853 1835 2096 1896 berem:
2130 1837 2237 1892 etsi
2280 1837 2652 1909 praecipuam
2694 1855 2902 1896 curam
2947 1857 3214 1912 gererem
3252 1845 3502 1905 meliora

1853 1924 2140 1995 narrandi
2179 1923 2260 1980 ob
2309 1924 2590 1982 solatium
2637 1931 3038 2002 mutuumque
3066 1931 3347 1991 affectum
3393 1951 3502 1993 au-

1854 2014 2168 2072 dientium.
2213 2017 2379 2071 Nunc
2434 2015 2496 2072 id
2543 2032 2667 2073 non
2721 2017 2879 2089 licet,
2923 2021 3070 2092 quia
3113 2021 3295 2093 longo
3352 2025 3502 2082 mihi

1856 2118 2131 2160 sermone
2169 2120 2326 2177 opus
2372 2104 2540 2162 foret.
2594 2107 2883 2163 Laborem
2929 2112 3129 2165 autem
3178 2111 3499 2170 scribendo

1854 2193 2223 2264 impendere,
2273 2194 2521 2267 perinde
2567 2210 2732 2251 nunc
2777 2201 2953 2263 esset,
3002 2213 3073 2254 ac
3121 2198 3173 2254 si
3227 2200 3362 2273 quis
3420 2201 3500 2259 ad

1854 2286 2212 2339 nocturnam
2259 2298 2532 2356 pugnam
2580 2283 2884 2354 eleganter
2927 2301 2988 2342 se
3022 2289 3208 2344 armis
3254 2305 3503 2348 exorna-

1853 2375 1963 2441 ret,
1995 2376 2172 2442 atque
2213 2373 2297 2428 ita
2337 2377 2584 2428 ornatus
2630 2374 2998 2445 procederet.
3041 2375 3156 2432 Sed
3193 2382 3250 2433 et
3278 2378 3504 2451 alioqui

1855 2459 1916 2515 id
1959 2459 2204 2515 minimc
2243 2475 2509 2532 possem,
2542 2465 2742 2518 mente
2785 2462 2983 2519 adhuc
3010 2479 3190 2534 vaga,
3217 2464 3366 2522 dum
3407 2482 3502 2524 res

1854 2548 2206 2604 barbaricas
2235 2548 2463 2605 discere
2489 2550 2731 2623 incipio.
2763 2553 2896 2608 Jam
2925 2554 3207 2625 quamvis
3246 2554 3377 2611 haec
3403 2570 3502 2613 me

1856 2638 1936 2694 ad
1984 2638 2287 2694 silentium
2329 2653 2452 2694 non
2491 2639 2966 2712 compingerent,
2998 2643 3261 2701 narratio
3299 2649 3504 2702 tamen

1856 2727 2290 2784 intolerabilem
2337 2728 2690 2799 vertiginem
2747 2736 2994 2799 crearet,
3042 2732 3228 2790 veluti
3272 2734 3504 2792 homini

1857 2817 2292 2874 mediterraneo
2328 2817 2394 2873 ﬁt
2423 2818 2484 2874 in
2514 2819 2666 2875 mari
2693 2835 2941 2892 nausea,
2971 2827 3029 2878 et
3055 2823 3207 2879 sicut
3233 2823 3504 2881 delicatis

1857 2911 1914 2963 et
1942 2907 2224 2964 mollibus
2253 2908 2587 2980 pharmace
2611 2910 2917 2969 accidunt.

1928 3000 1980 3050 2.
2024 2999 2312 3054 Caeterum
2360 2997 2667 3069 cupientes
2700 3015 2826 3066 vos,
2858 3014 2896 3054 ο
2944 3003 3112 3072 pater
3157 3005 3216 3058 et
3250 3001 3502 3059 fratrum

1857 3090 2066 3157 castus,
2098 3101 2255 3158 quos
2298 3085 2434 3143 licet
2460 3086 2746 3142 distantes
2795 3093 3036 3146 sanctus
3076 3089 3328 3161 Spiritus
3356 3107 3503 3146 con-

1857 3178 2082 3247 gregat,
2116 3174 2316 3230 nescio
2349 3175 2660 3248 quomodo
2705 3175 2892 3232 celem
2919 3193 3047 3233 rem
3078 3178 3230 3235 inter
3264 3184 3504 3237 nostras

1856 3264 2033 3335 longe
2085 3264 2485 3320 notissimam.
2532 3268 2599 3321 Et
2646 3266 2945 3339 numquid
3001 3267 3098 3324 hic
3149 3272 3237 3324 est
3283 3269 3504 3342 Ioseph

1857 3352 2075 3426 aliquis
2096 3353 2124 3408 ‘?
2156 3353 2322 3409 Patet
2359 3353 2517 3410 enim
2562 3358 2727 3427 qu'od
2757 3356 3100 3428 patriarcha
3125 3357 3309 3414 Iacob
3339 3357 3505 3430 luget

1857 3447 2230 3514 postremum
2283 3457 2352 3497 ex
2399 3443 2522 3500 suis
2567 3443 2722 3514 ﬁliis,
2767 3444 2872 3517 qui
2913 3445 3114 3502 adhuc
3157 3446 3367 3520 spiritu
3411 3447 3504 3503 in-

1857 3531 1992 3589 fans
2025 3535 2152 3598 est;
2185 3534 2242 3588 et
2286 3531 2507 3589 idcirco
2553 3532 2878 3603 diligimur.
2917 3535 3284 3592 Excolebant
3328 3536 3506 3608 igitur

1857 3621 2118 3692 majores
2147 3621 2355 3678 fratres
2383 3621 2514 3677 vitm
2557 3636 2844 3691 messem,
2881 3628 3062 3696 atque
3086 3639 3198 3694 ego
3238 3625 3368 3697 ipse
3398 3624 3507 3681 mi-

1857 3711 2098 3766 nisterio
2146 3709 2230 3765 fui
2272 3709 2569 3782 addictus,
2613 3727 2862 3784 operam
2895 3715 3286 3785 impensurus
3328 3716 3509 3785 prout

1859 3803 2028 3873 pater
2067 3799 2500 3871 imperavisset.
2536 3799 2621 3856 Illi
2649 3805 2850 3857 autem
2876 3801 3277 3857 vendiderunt
3304 3800 3506 3857 nescio

1859 3904 1983 3962 quo
2027 3888 2214 3944 animi
2265 3903 2451 3960 pravo
2505 3889 2787 3944 instinctu
2834 3890 3137 3960 permoti:
3188 3889 3294 3945 sed
3349 3893 3506 3946 certe

1861 3977 2155 4048 tragmdia
2209 3977 2306 4033 hic
2371 3976 2517 4042 fuit,
2585 3993 2661 4032 ne
2726 3978 2908 4033 veteri
2972 3977 3296 4034 dissimilis.
3360 3978 3509 4035 Novi

1860 4072 2063 4124 tamen
2113 4083 2210 4123 me
2238 4067 2461 4139 ipsum,
2491 4081 2846 4139 quanquam
2884 4067 2948 4123 in
2978 4067 3197 4124 umbra
3241 4083 3352 4124 nec
3380 4069 3509 4126 sine

1862 4157 2179 4213 velamine.
2213 4155 2440 4212 Etenim
2483 4155 2672 4212 multa
2704 4161 3010 4229 praetereo.
3042 4160 3240 4231 Neque
3276 4158 3510 4229 impero

1857 4248 1985 4318 jam
2039 4245 2325 4319 Egyptiis
2381 4261 2488 4318 per
2528 4246 2935 4314 Pharaonem,
2982 4247 3082 4319 qui
3137 4247 3243 4303 etsi
3300 4245 3511 4304 cedere

1863 4337 2038 4393 alicui
2086 4336 2364 4409 potentiae
2411 4335 2624 4403 renuit,
2662 4336 3060 4409 persuadetur
3088 4342 3292 4393 tamen
3331 4337 3409 4393 ab
3439 4353 3512 4394 eo

155 4442 239 4486 τοῦ
293 4435 513 4510 ὁράσεις
564 4426 804 4492 διδόντος
853 4434 945 4482 καὶ
994 4429 1386 4492 ἐνυπνιάζοντος
1423 4437 1747 4501 πνεῦματος·

1863 4425 1967 4499 qui
2018 4426 2282 4481 visiones
2342 4429 2400 4481 et
2450 4425 2689 4481 somnia
2736 4425 3000 4482 immittit
3057 4426 3286 4498 spiritu.
3349 4426 3514 4484 Cedit

155 4524 426 4596 ὑποχωρεῖ
466 4522 568 4593 γὰρ
608 4521 638 4579 ἠ
675 4521 929 4582 αἴσθησις
970 4526 1042 4590 τῷ
1088 4521 1188 4584 νοί,
1218 4520 1344 4594 παρ’
1383 4517 1544 4571 αὐτοῦ
1595 4515 1753 4572 διδα-

155 4615 348 4682 χθεῖσα
398 4612 502 4663 ὃσα
541 4609 871 4682 συμϐολικῶς
919 4605 1278 4680 ὑποδέχεται·
1321 4608 1380 4660 οὐ
1429 4611 1530 4684 ’γὰρ
1580 4609 1610 4666 ἡ
1663 4607 1757 4671 νὺξ

153 4710 238 4753 τοῦ
271 4700 399 4774 βίου
429 4704 704 4773 κεχώρηκε
732 4703 826 4756 τήν
861 4696 1102 4755 ἀλήθειαν
1128 4717 1141 4730 ·
1176 4696 1290 4751 εἷεν.

217 4790 282 4862 γ’,
323 4794 434 4848 Τήν
488 4791 578 4860 μὶν
626 4783 684 4840 οὖ
738 4783 864 4840 ὁδὸν
917 4786 1126 4838 ἅπασαν
1166 4784 1218 4849 ἐξ
1275 4784 1527 4860 ἀπαρχῆς
1583 4784 1753 4838 ἀναλέ-

152 4881 335 4947 γεσθαι
385 4879 514 4950 ὑπὲρ
551 4881 640 4929 τὸν
688 4880 924 4949 παρόντα
970 4878 1148 4948 καιρόν
1197 4873 1330 4940 ἐστι,
1375 4879 1465 4926 καὶ
1513 4879 1608 4933 τὴν
1663 4880 1754 4926 τοῦ

153 4965 300 5039 λόγου
361 4963 636 5024 σπουδήν·
698 4967 800 5018 ὅσα
851 4983 906 5016 τε
961 4965 1331 5035 ὑπενεγκὸντας
1398 4965 1533 5036 ἡμᾶς
1585 4968 1755 5036 τρίτος

155 5055 366 5130 ἑώρακεν
426 5055 596 5116 ἣλιος.
665 5059 767 5108 Καὶ
834 5057 936 5126 μήν
991 5072 1050 5125 γε
1112 5055 1303 5105 τούτων
1370 5053 1428 5105 οὐ
1489 5053 1756 5105 πολλοστά

154 5145 524 5218 αἰτησαμένοις
577 5149 718 5197 τισὶν
775 5138 1178 5213 ἓκδεδώκαμεν,
1243 5139 1607 5216 ἐπιδρομάδην
1675 5140 1756 5194 δι-

155 5234 425 5296 εξελθόντες
475 5233 531 5286 ἐκ
573 5241 666 5286 τοῦ
712 5235 1060 5308 παρήκοντος,
1108 5231 1152 5284 εἰ
1209 5235 1280 5305 μὴ
1338 5237 1429 5284 καὶ
1481 5237 1575 5290 τὴν
1629 5233 1753 5303 ὑμε-

154 5343 293 5399 τεραν
376 5325 748 5399 φιλοπευστίαν
829 5318 1334 5398 παραδεδράμηκεν.
1419 5321 1478 5374 Ὀ
1550 5329 1755 5394 πρῶτος

157 5411 520 5477 ὁδοστατήσας
568 5411 800 5484 ἐξέθλιψέ
843 5431 939 5485 με⁸
979 5410 1228 5464 κατέλαϐέ
1273 5430 1336 5484 με
1385 5407 1598 5481 διώξας,
1651 5407 1752 5464 διε-

157 5510 399 5578 μερίσατο
454 5503 644 5574 σκύλα,
691 5503 734 5555 εἰ
785 5508 873 5554 καὶ
935 5506 1005 5574 μὴ
1064 5505 1158 5559 τὴν
1216 5500 1495 5572 ἐπιθυμίαν
1549 5498 1753 5557 ἐνέπλη-

162 5611 254 5649 σεν.
319 5595 378 5648 Ὁ
449 5591 692 5667 δεύτερος
755 5589 992 5665 λυμεὼν,
1061 5589 1486 5663 εὐποριστότερος
1549 5586 1598 5640 ἰν
1659 5607 1754 5641 και

1863 4518 2087 4589 quippe
2115 4532 2324 4572 sensus
2352 4515 2675 4572 intellectui
2703 4515 2782 4572 ab
2810 4516 2910 4572 illo
2936 4517 3184 4573 edoctus
3213 4516 3514 4590 quidquid

1862 4622 1969 4679 per
2017 4605 2300 4678 symbolo.
2343 4606 2608 4678 suscipit.
2661 4608 2865 4679 Neque
2913 4608 3074 4663 enim
3127 4621 3248 4663 nox
3300 4605 3513 4663 mundi

1860 4696 2170 4751 veritatem
2197 4694 2796 4767 comprehendit.Sed
2821 4695 2950 4751 haec
2971 4695 3162 4751 missa
3191 4694 3509 4750 faciamus.

1932 4788 1984 4840 3.
2029 4785 2210 4854 Igitur
2246 4783 2408 4839 viam
2439 4782 2682 4856 quidem
2714 4784 3059 4840 universam
3097 4784 3226 4855 jam
3267 4784 3406 4838 inde
3433 4782 3512 4838 ab

1860 4872 2026 4928 initio
2056 4871 2409 4940 describere,
2444 4876 2661 4944 praeter
2688 4871 2870 4943 hujus
2921 4871 3206 4944 temporis
3250 4870 3512 4942 spatium

1862 4966 1969 5030 est,
2001 4967 2058 5017 et
2106 4964 2316 5032 printer
2362 4961 2656 5016 sermonis
2693 4960 2998 5025 officium;
3041 4965 3098 5014 et
3134 4963 3364 5030 quanta
3401 4973 3512 5014 nos

1862 5067 2178 5125 perpessos
2227 5051 2432 5106 tertius
2478 5050 2565 5106 sol
2619 5050 2850 5105 viderit.
2895 5052 2961 5104 Et
3006 5047 3251 5119 quidem
3294 5047 3512 5103 horum

1861 5141 2026 5198 haud
2076 5157 2272 5213 pauca
2321 5140 2764 5213 postulantibus
2811 5137 3114 5194 nonnullis
3153 5136 3376 5192 cursim
3433 5138 3513 5192 si-

1864 5230 2302 5301 gniﬁcavimus,
2338 5229 2673 5284 transitoria
2705 5225 3031 5291 narrando,
3064 5225 3182 5281 nisi
3209 5225 3333 5281 haec
3365 5225 3514 5281 forte

1864 5323 2122 5375 vestram
2177 5318 2578 5373 curiositatem
2634 5315 2930 5385 fugerunt.
2988 5313 3223 5368 Primus
3280 5314 3513 5371 viarum

1863 5414 2063 5464 custos
2097 5407 2332 5463 vexavit
2363 5422 2479 5471 me,
2507 5402 3085 5476 comprehenditque
3118 5417 3510 5476 persequens,

1863 5503 1919 5554 et
1963 5497 2158 5570 spolia
2192 5495 2411 5562 divisit,
2439 5493 2546 5549 etsi
2585 5491 2974 5564 cupiditatem
3017 5508 3193 5548 suam
3243 5508 3368 5548 non
3417 5508 3515 5548 ex-

1861 5587 2062 5660 plevit.
2111 5584 2420 5642 Secundus
2460 5586 2746 5654 vastator,
2793 5581 2990 5652 magis
3035 5582 3240 5640 adhuc
3285 5581 3513 5638 malitia
