4028 6308
563 297 658 352 391
1724 290 1904 344 ΤΗΕο
1914 288 2077 343 DORI
2116 287 2393 343 ALANLE
2434 288 2743 344 EPlSCOPl
3815 294 3929 348 392

563 418 910 486 abundans,
947 419 1053 474 sed
1087 423 1283 474 tamen
1316 429 1435 470 non
1467 412 1796 486 praevaluit.
1829 415 1977 468 Nam
2008 410 2154 484 prod

2335 417 2447 477 ιοῖς,
2506 412 2548 464 εἰ
2605 417 2694 464 καὶ
2745 417 2816 484 μὴ
2876 418 3207 485 κατίσχυσε·
3276 421 3610 488 τερατουργεῖ
3663 417 3766 490 γὰρ
3830 423 3926 468 καί

564 510 663 579 gia
691 524 902 563 rursus
942 512 1137 579 patrat
1169 508 1317 560 Deus
1351 501 1714 573 famigeratis
1755 500 1868 555 illis
1897 501 2064 555 haud
2101 515 2155 554 m

2334 499 2474 552 ντοίλιν
2519 504 2645 561 Θεὸς
2689 509 2788 553 τῶν
2838 503 3164 574 ύμνουμένων
3211 503 3306 554 οὐκ
3350 502 3557 555 ἔλαττον
3582 525 3594 537 ο
3647 505 3925 556 θάλασσαν

562 611 742 652 nora:
776 609 938 650 mare
964 593 1184 659 divisit,
1208 591 1455 646 deduxit
1481 589 1740 644 inermes
1771 587 2064 654 homines,
2089 601 2153 642 nc

2332 591 2480 660 ἔτεμε,
2528 586 2776 661 διήγαγεν
2825 589 3042 651 ἀόπλους
3090 587 3306 665 ἄνδρας,
3361 589 3483 644 οὐδὲ
3542 589 3923 665 διωκομένους,

561 689 685 740 tam
725 680 1222 754 persequentibus
1260 695 1444 752 quam
1485 680 1612 748 jam
1655 675 2152 749 comprehenden‘

2331 675 2448 729 ἀλλά
2492 683 2871 751 κατεχομένους
2922 683 2980 731 τό
3037 680 3252 751 μεῖζον·
3287 680 3512 754 ἀορασίᾳ
3557 681 3773 740 πλήττει
3832 687 3922 734 τόν

559 773 674 828 bus
720 771 1012 838 hostibus,
1041 770 1202 843 quod
1247 769 1433 842 pluris
1464 773 1570 823 est.
1619 767 1892 824 Caecitate
1923 781 2150 837 percuss

2331 764 2590 841 δεύτερον·
2649 766 2710 826 ἦν
2761 772 2863 841 γὰρ
2916 774 3006 822 καὶ
3058 771 3182 841 παρ’
3238 772 3362 842 ἡμῖν
3426 770 3922 845 παρρησιαζόμενος

560 861 932 917 secundum:
961 865 1087 916 erat
1129 859 1290 915 enim
1321 859 1501 914 etiam
1532 856 1695 929 apud
1745 872 1856 912 nos
1900 854 2151 910 conﬁde]

2331 855 2523 918 Παῦλος
2577 859 2602 908 6
2654 865 2753 908 τῶν
2815 856 2968 910 ἐθνῶν
3023 857 3326 925 ἀπόστολος,
3383 860 3407 910 6
3478 868 3550 929 τῷ
3618 860 3922 932 Biar/7th

559 950 824 1007 tissimus
853 949 1093 1016 Paulus,
1106 949 1378 1018 gentium
1405 945 1732 1018 apostolus,
1751 943 1855 1016 qui
1882 960 2005 1016 prae
2028 945 2150 998 Eva;

2332 952 2510 1017 λικροῦ
2556 947 2622 998 τὰ
2671 949 2841 998 πάντα
2888 946 3193 1021 περιλαϐὼν,
3245 949 3270 999 6
3329 947 3585 1013 ζηλωτὴς,
3649 951 3674 1000 6
3733 952 3923 1024 θεωρὸς

559 1038 712 1109 gelio
772 1042 987 1095 cuncta
1052 1037 1222 1092 ﬂocci
1277 1035 1655 1105 aestimabat,
1715 1034 1837 1088 zelo
1904 1032 2150 1101 flagrans

2332 1042 2419 1086 τῶν
2455 1039 2761 1107 μυστηρίων
2817 1043 2904 1086 τοῦ
2945 1038 3263 1108 Πνεύματος,
3314 1037 3339 1087 6
3389 1034 3505 1108 ἐμὸς
3555 1041 3771 1109 ποιμὴν,
3829 1045 3923 1090 καὶ

559 1127 988 1200 mysteriorum
1035 1127 1285 1198 Spiritus
1335 1140 1578 1195 gnarus,
1619 1127 1825 1195 pastor
1863 1136 2058 1187 meus,
2087 1120 2150 1175 in

2329 1123 2508 1194 μᾶλλον
2560 1125 2587 1176 6
2635 1127 2889 1196 πνεύματι
2934 1130 3103 1198 πατὴρ
3163 1126 3191 1183 ἦ
3240 1133 3310 1195 τῷ
3377 1132 3620 1198 σώματι·
3671 1129 3920 1201 ἡρπάγη·

555 1234 696 1274 vero
718 1220 889 1289 pater
907 1217 1106 1289 potius
1130 1214 1411 1287 spiritalis
1433 1228 1619 1286 quam
1645 1209 1997 1283 corporalis.
2020 1211 2146 1281 Ere;

2328 1232 2408 1282 αεν
2473 1221 2572 1265 τῶν
2627 1209 2834 1286 δεσμῶν
2890 1215 3022 1287 μετά
3078 1218 3308 1288 Πέτρου,
3364 1211 3639 1287 διήλθομεν
3703 1224 3919 1288 πρωτην

555 1305 804 1362 vinculis
831 1321 1001 1377 aeque
1033 1320 1102 1360 ac
1133 1307 1360 1369 Petrus,
1380 1301 1762 1358 transivimus
1791 1299 2050 1370 primam
2072 1296 2146 1352 alt

2328 1301 2550 1374 φυλακήν
2599 1307 2688 1354 καὶ
2739 1299 3002 1376 δεντεραν.
3042 1303 3125 1364 Ὠς
3173 1300 3233 1354 δὲ
3273 1307 3428 1375 νόμος
3468 1313 3560 1364 τῆς
3603 1306 3741 1367 θείας
3782 1306 3919 1357 οἱκο-

554 1411 810 1467 ramque
848 1393 1205 1450 custodiam.
1241 1394 1308 1448 Ut
1339 1397 1540 1447 autem
1569 1389 1786 1445 divinas
1815 1387 2144 1459 dispensati

2317 1396 2514 1464 νομέας,
2568 1395 2754 1464 μικρὸν
2807 1389 3087 1445 ἐνδὶδωσιν
3147 1393 3228 1444 ἵνα
3279 1393 3443 1463 μείζω
3501 1395 3905 1467 θαυματουργῇ.

553 1485 649 1539 nis
685 1500 817 1540 mos
845 1488 954 1550 est,
988 1497 1315 1554 parumper
1343 1495 1415 1536 ea
1438 1478 1682 1548 remisit,
1716 1485 1779 1533 ut
1806 1492 1948 1532 mox
1977 1477 2144 1546 majo;

2324 1487 2494 1534 Γαῦτα
2529 1483 2618 1553 μὲν
2662 1477 2750 1532 οὖν
2794 1480 2842 1532 ἐν
2890 1489 3061 1556 μικρῷ
3100 1501 3154 1534 τε
3191 1480 3339 1553 ἡμεῖς
3382 1478 3746 1555 ἔκδεδωκαμεν
3771 1500 3783 1512 ·
3827 1490 3915 1536 καὶ

554 1572 835 1643 prodigia
863 1574 1147 1644 patraret.
1191 1573 1321 1624 Haec
1355 1583 1466 1624 nos
1494 1567 1750 1623 breviter
1774 1565 2145 1638 exposuimus

2321 1577 2413 1621 τῶν
2462 1568 2809 1642 ἐρευνωμένων
2857 1569 3005 1643 οἶμαι
3055 1566 3260 1643 μηδένα
3311 1567 3460 1638 εἶναι,
3519 1572 3655 1646 ᾧπερ
3704 1572 3800 1626 οὐκ
3855 1571 3912 1624 ἂν

553 1661 985 1731 neminemque
1023 1659 1148 1714 fore
1193 1657 1510 1729 credimus,
1539 1656 1643 1729 qui
1696 1655 1748 1710 si
1783 1653 2064 1727 inquirat,
2097 1670 2144 1709 n:

1293 1657 1510 1729 dimus,
1539 1656 1643 1729 qui
1696 1655 1748 1710 si
1783 1653 2064 1727 inquirat,
2097 1653 2202 1709 mi-
2313 1661 2390 1718 εἵη
2422 1665 2590 1712 ταῦτα
2624 1677 2684 1730 γε
2721 1655 2881 1718 δῆλα.

553 1748 718 1804 nime
749 1748 802 1803 ei
831 1747 1151 1804 manifesta
1182 1751 1535 1819 appareant.
2241 1758 2284 1814 Β

625 1841 679 1895 4.
721 1840 832 1892 Res
878 1853 1059 1909 porro
1106 1836 1202 1891 hic
1247 1841 1444 1906 gestas
1476 1836 1642 1892 novit
1671 1835 1932 1891 Cherson
1963 1837 2020 1888 et
2066 1835 2203 1904 Scy-

2386 1833 2452 1891 6".
2493 1838 2571 1889 Τὰ
2614 1833 2664 1889 δ’
2710 1836 2935 1890 ἐντεῦθεν
2983 1833 3095 1890 οἶδε
3142 1843 3356 1912 Χερσών
3399 1843 3490 1891 καὶ
3538 1846 3606 1909 γῆ
3658 1841 3910 1910 Σκυθικὴ,

552 1927 712 1982 thica
736 1926 923 1997 regio,
957 1941 1092 1998 quae
1137 1941 1250 1981 nos
1279 1924 1597 1981 liberaliter
1622 1923 1880 1980 viatores
1909 1924 2143 1979 tractavi

2320 1926 2649 1999 ριλοξενοῡσα
2706 1930 2827 1988 τοὺς
2888 1923 3267 2001 παροδεύοντας
3328 1935 3437 1991 τοῖς
3495 1935 3593 1981 τῶν
3650 1931 3911 2002 ἡμετέρων

551 2013 773 2069 auditis
840 2018 1183 2070 nostrarum
1251 2012 1661 2068 calamitatum
1722 2011 1984 2067 casibus.
2055 2013 2142 2066 Na.

2321 2017 2642 2088 παθημάπων
2683 2013 3016 2088 ἀκούσμασιν
3040 2038 3052 2050 ·
3110 2013 3290 2075 ἐπειδὴ
3338 2019 3440 2091 γὰρ
3472 2019 3498 2070 6
3531 2017 3769 2090 σφάλλων
3818 2023 3912 2077 την

547 2107 874 2175 postquam
920 2103 970 2158 is
1019 2103 1124 2174 qui
1171 2101 1586 2174 improborum
1636 2099 1927 2156 malitiam
1973 2099 2138 2155 irrita

2320 2114 2407 2157 τῶν
2473 2113 2710 2181 πονηρῶν
2788 2111 3107 2181 πανουργίαν
3169 2107 3336 2159 ἔπειθε
3399 2111 3486 2159 καὶ
3547 2110 3604 2159 τὸ
3662 2109 3911 2181 ἡμέτερον

545 2192 760 2257 reddit,
793 2193 1093 2263 persuasit
1123 2196 1382 2262 tyranno
1411 2195 1636 2254 nostro,
1666 2193 1731 2246 ut
1773 2193 1982 2244 contra
2028 2203 2136 2243 sua

2320 2197 2552 2266 τύραννον
2618 2197 2683 2246 τὰ
2734 2202 2795 2266 τῇ
2854 2200 3030 2267 γνώμη
3095 2197 3339 2270 πράττειν
3400 2193 3658 2266 ἀντίθετα,
3723 2199 3750 2248 6
3821 2201 3911 2270 μὲν

545 2281 913 2337 voluntatem
949 2287 1168 2352 ageret,
1199 2280 1293 2336 ille
1332 2296 1444 2336 nos
1474 2279 1708 2335 exsules
1738 2278 1965 2350 expulit
1993 2283 2050 2334 et
2076 2277 2136 2333 vi:

2320 2283 2634 2356 Dmpopioug,
2685 2286 2902 2354 ἔπεμπεν
2951 2286 3093 2356 ἡμᾶς
3137 2289 3227 2336 καὶ
3276 2280 3570 2357 δεσμώτας,
3612 2284 3911 2360 ἐλευθέρους

548 2376 692 2437 ctos,
749 2371 954 2426 civitas
999 2375 1199 2425 autem
1242 2369 1462 2424 llbel'OS
1511 2384 1638 2424 esse
1696 2369 1849 2424 sivit.
1893 2370 2139 2422 Verumt.

2314 2367 2370 2423 δὲ
2413 2373 2441 2429 η
2483 2370 2628 2431 πόλις
2676 2368 2881 2425 ἐδίδου.
2923 2371 3057 2424 Ἀλλ’
3088 2371 3182 2424 οὐκ
3229 2370 3420 2425 ἐκείνου
3479 2369 3669 2432 ἦνδανε
3719 2376 3905 2445 θυμῷ·

546 2475 690 2514 men
735 2458 851 2514 hoc
905 2459 1037 2528 ejus
1090 2473 1212 2513 non
1262 2458 1482 2528 placuit
1530 2457 1734 2512 animo
1774 2456 1872 2525 (2),
1919 2455 2137 2527 misith

2321 2464 2500 2521 εακούς
2558 2456 2616 2512 δὲ
2681 2459 2924 2530 ἀγγέλους
2976 2460 3117 2531 ἠφίει
3181 2469 3253 2530 τῷ
3309 2461 3666 2534 πολιτεύματι,
3730 2482 3912 2534 κρατε-

546 2547 740 2603 malos
787 2547 1029 2602 nuntios
1078 2547 1157 2602 ad
1203 2547 1610 2614 magistratus,
1661 2550 1718 2600 et
1763 2545 1968 2614 gravia
2016 2543 2137 2600 verl

2320 2553 2428 2610 »οὺς
2482 2545 2532 2600 δ’
2578 2547 2661 2600 ἐπὶ
2717 2551 2914 2620 μύθους
2962 2549 3190 2602 ἓττελλε·
3251 2556 3341 2601 καὶ
3396 2553 3445 2602 οἱ
3493 2554 3583 2622 μὲν
3629 2550 3911 2604 ἀντέτεινον

547 2635 782 2691 addidit
813 2637 912 2705 (3).
947 2637 1013 2690 Et
1039 2635 1100 2690 hi
1125 2633 1394 2706 quidem,
1424 2633 1588 2689 nullo
1625 2633 1800 2689 vetito
1826 2633 2134 2705 interposit

2321 2633 2421 2688 ὧδ’
2470 2634 2552 2689 ἐπὶ
2599 2641 2786 2711 μικρὸν
2843 2637 2988 2698 εὐθὺς
3051 2634 3343 2701 ἐνδιδόντες
3400 2639 3578 2701 αὐτοῖς
3624 2641 3650 2692 ὃ
3693 2645 3746 2692 τί
3783 2660 3912 2694 ποτε

546 2723 781 2779 civibus
809 2724 1256 2795 permittebant,
1291 2730 1354 2779 ut
1391 2739 1501 2796 pro
1527 2739 1637 2778 suo
1666 2723 1832 2778 libito
1875 2723 2049 2778 nobis
2076 2728 2137 2777 ut

2316 2728 2548 2800 πράττειν
2599 2723 3000 2798 βεϐουλημένοις
3029 2727 3170 2798 ἡμᾶς
3196 2748 3208 2760 ·
3257 2732 3381 2788 Θεός
3413 2724 3472 2780 δὲ
3519 2725 3581 2786 ἧν
3624 2730 3650 2780 6
3681 2727 3907 2801 ἀνέχων,

545 2819 768 2868 rentur.
804 2813 918 2870 Sed
949 2816 1102 2868 Deus
1153 2812 1363 2868 aderat
1403 2812 1707 2881 cohibens,
1741 2811 1845 2883 qui
1893 2828 2080 2866 unum
2119 2831 2136 2866 ι

2320 2819 2521 2874 ιινησας
2577 2822 2675 2866 τῶν
2724 2834 2840 2866 τινα
2893 2823 3183 2888 περιφανῶν
3241 2818 3291 2867 ἐν
3345 2823 3598 2890 Χερσῶνι,
3656 2822 3743 2868 καὶ
3799 2820 3911 2880 οἶος

545 2901 859 2957 Chersonis
886 2902 1236 2974 proceribus
1267 2902 1579 2974 permovit,
1608 2902 1917 2957 hominem
1944 2917 2136 2972 prorsn

2319 2902 2398 2954 ιύκ
2436 2901 2603 2969 ἄλλος,
2659 2902 2898 2960 Ἰωάννην
2937 2906 3024 2955 τόν
3072 2906 3202 2955 πάνυ
3230 2925 3242 2938 ’
3288 2901 3470 2957 ἐδίδου
3516 2909 3606 2978 μὲν
3657 2903 3774 2958 οὐδ’
3823 2907 3910 2959 οὗ·

542 2989 762 3046 celebri
801 2991 1012 3048 Joanni
1064 3006 1310 3063 parem:
1344 2991 1446 3063 qui
1500 2997 1701 3046 tamen
1741 2989 2077 3046 libertatem
2108 2990 2132 3046 f

2318 3009 2400 3052 rw;
2459 2989 2738 3064 ἐλευθέριον
2790 2993 2925 3063 ἡμᾶς
2980 2994 3038 3042 τό
3093 2988 3389 3065 ἀποδράναι
3445 2997 3510 3046 τὰ
3560 3013 3746 3067 χειρω,
3811 2997 3909 3067 ὐφ-

541 3079 741 3150 giendi
779 3079 1112 3153 periculum
1159 3095 1280 3135 non
1321 3079 1636 3148 concessit,
1667 3078 1814 3151 quia
1856 3079 2132 3151 plebisin

2316 3084 2554 3154 ›ρώμενος
2604 3084 2699 3137 την
2747 3081 2912 3152 ὁρμὴν
2974 3088 3067 3132 τοῦ
3125 3077 3320 3153 δήμου,
3380 3087 3580 3154 μήποτε
3634 3087 3907 3156 κατασφά-

535 3174 746 3241 petum
775 3169 1099 3239 metuebat,
1133 3185 1207 3224 ne
1237 3168 1386 3224 forte
1429 3184 1466 3224 a
1492 3168 1878 3238 sanguinario
1908 3166 2010 3223 illo
2063 3168 2126 3223 vi:

2312 3169 2442 3229 Ιξονι-ο
2492 3171 2636 3241 παρὰ
2691 3176 2782 3220 τοῦ
2830 3173 3105 3242 μιαιφόνου
3163 3167 3376 3245 ἀνδρὸς,
3429 3178 3519 3224 καὶ
3567 3173 3682 3224 κατ’
3739 3173 3903 3226 αὐτόν

537 3258 928 3327 occideretur,
961 3264 1290 3330 contraque
1334 3275 1396 3314 se
1427 3262 1900 3314 commoveretur
1929 3257 2128 3328 populi

2311 3264 2489 3309 ιινοίτο
2539 3253 2706 3330 δῆμος
2745 3257 2812 3308 ῶν
2863 3256 3196 3332 ἐτεροϐριθὴς
3246 3265 3337 3312 καὶ⁹
3387 3265 3652 3333 φερόμενος
3702 3281 3902 3315 παντο-

534 3347 640 3418 qui
673 3345 936 3417 undique
967 3346 1162 3402 alieno
1203 3346 1470 3418 impulsu
1497 3346 1806 3415 agebatur.
1834 3349 2038 3418 Itaque
2067 3362 2125 3400 m

2310 3347 2404 3400 9εν.
2474 3346 2676 3420 Ἐτηρει
2725 3342 2783 3398 δε
2832 3349 3026 3417 μέσους
3078 3345 3368 3422 ἐλευθερίας
3423 3369 3478 3402 τε
3531 3355 3621 3402 καὶ
3675 3347 3901 3424 δεσμοῦ.

534 3432 667 3488 dios
708 3433 860 3488 inter
904 3432 1241 3488 libertatem
1294 3439 1350 3488 et
1391 3433 1628 3488 vincula
1669 3433 1983 3489 retinebat.
2033 3434 2125 3498 Ou.

2311 3438 2358 3486 Γί
2406 3430 2466 3486 δε
2513 3436 2538 3486 6
2591 3436 2758 3486 πάντα
2803 3443 2964 3486 ποιῶν
3021 3441 3110 3488 καὶ
3153 3441 3294 3508 μόνῳ
3339 3446 3412 3508 τῷ
3453 3437 3772 3506 βούλεσθαι;
3805 3440 3902 3493 Ἦν

532 3535 714 3592 porro
763 3519 813 3574 is
859 3521 965 3593 qui
1012 3521 1218 3576 omnia
1250 3520 1378 3577 sola
1420 3537 1532 3576 sua
1575 3519 1872 3576 voluntate
1911 3521 2123 3591 perﬁci

2311 3523 2383 3574 ιεν
2436 3520 2702 3575 κάνταῦθα
2752 3519 2953 3596 σιδηρᾶ
3008 3527 3246 3597 κάμινος,
3298 3529 3562 3598 Αἴγυπτος
3604 3527 3753 3598 illa,
3811 3534 3902 3581 καὶ

533 3613 671 3665 Erat
716 3611 876 3665 enim
921 3615 978 3665 et
1018 3610 1114 3666 hic
1163 3610 1355 3666 ferrea
1400 3610 1632 3675 fornax,
1667 3624 1828 3665 nova
1873 3612 2124 3681 Aigyptu

2311 3611 2508 3685 Ισραηλ
2574 3608 3052 3685 καταδουλούμενος
3117 3615 3142 3665 ό
3208 3612 3487 3688 ἐλεύθερος,
3545 3621 3634 3668 καὶ
3700 3623 3902 3679 Μωσῆς

532 3703 590 3756 et
635 3698 814 3754 Israel
861 3699 936 3754 de
965 3699 1154 3754 libero
1197 3699 1484 3772 captivus,
1525 3705 1582 3754 et
1610 3701 1844 3769 Moyses
1880 3699 2119 3767 majoru

2307 3705 2598 3775 ιυστηρίων
2655 3701 2904 3773 μειζότων
2954 3704 3162 3774 μύστης
3224 3707 3308 3755 καὶ
3371 3705 3592 3776 θεωρός·
3642 3711 3898 3777 πέμπεται

532 3788 955 3860 mysteriorum
988 3793 1190 3860 mysta
1227 3794 1283 3844 et
1325 3787 1614 3857 cognitor.
1650 3790 1798 3843 Nam
1841 3793 1896 3842 et
1924 3787 2017 3842 hic
2047 3789 2123 3843 mi

2306 3794 2391 3862 γὰρ
2441 3795 2530 3842 καὶ
2587 3790 2772 3859 οὗτος,
2831 3793 2912 3842 ἱνα
2965 3799 3056 3843 τοῦ
3114 3791 3281 3850 πηλοῦ
3347 3797 3432 3844 καὶ
3485 3801 3581 3854 τῆς
3636 3794 3897 3857 πλινθείας

533 3893 634 3932 sus
666 3877 795 3948 fuit,
823 3882 887 3933 ut
912 3894 986 3933 ex
1011 3878 1135 3933 luto
1165 3883 1222 3933 et
1259 3893 1440 3950 opere
1477 3875 1729 3934 lateritio
1759 3892 1855 3932 me
1882 3876 2124 3932 liberare

2303 3877 2605 3952 ἐλευθερώσῃ
2663 3898 2745 3952 με,
2787 3878 2881 3930 κᾶν
2937 3879 3189 3954 ἀντιτυπῇ
3242 3883 3267 3933 6
3322 3878 3653 3935 δυναστεύων
3707 3890 3894 3958 ψαραῶ

527 3965 714 4023 invito
763 3967 900 4023 licet
949 3973 1242 4035 regnante
1294 3967 1603 4022 Pharaone
1653 3966 1826 4028 duro,
1873 3971 1930 4021 et
1977 3981 2116 4022 cora

2299 3969 2316 4019 5
2386 3970 2632 4041 σκληρός,
2695 3973 2784 4020 καὶ
2841 3972 2966 4041 πρός
3025 3972 3114 4030 τὰς
3191 3971 3502 4042 θεοσημείας
3561 3970 3890 4043 τυφλώττων,

525 4055 744 4111 divinis
768 4056 1058 4128 prodigiis
1082 4073 1260 4112 ceco.
1288 4058 1472 4128 Prope
1498 4055 1707 4111 aderat
1731 4053 2116 4111 exterminata

2309 4060 2479 4128 E776;
2530 4053 2590 4108 δέ
2629 4055 2968 4129 ὀλοθρευτης’
3020 4063 3109 4109 καὶ
3164 4060 3194 4116 ἡ
3255 4058 3406 4120 πόλις
3460 4063 3550 4131 μεν
3583 4058 3777 4113 ἐπέθνει
3829 4066 3900 4124 τες

526 4147 583 4198 et
621 4144 828 4198 civitas
859 4144 1102 4216 propria
1146 4143 1309 4199 mala
1347 4144 1643 4199 deﬂebat:
1679 4160 1942 4212 namque
1967 4143 2116 4198 orba

2299 4147 2454 4196 οἰκεῖα
2483 4146 2619 4196 κακά
2647 4162 2660 4212 ;
2695 4146 2910 4203 ἠτὲκνου
2939 4149 3039 4220 γὰρ
3079 4149 3329 4220 μάχαιρα
3358 4147 3538 4209 ἔξωθεν
3568 4157 3668 4200 τῶν
3714 4148 3890 4216 ἐθνῶν,

523 4230 860 4288 reddebant
890 4232 1032 4286 foris
1053 4231 1297 4304 quidem
1330 4231 1704 4288 ethnicorum
1738 4232 1992 4300 gladius,
2017 4231 2114 4287 intl

2298 4239 2378 4286 tati.
2435 4229 2635 4286 ἔνδοθεν
2680 4235 2705 4284 6
2745 4232 2990 4306 ἐμφύλιος
3039 4233 3286 4288 ἀνέκυπτε
3331 4235 3572 4309 πόλεμος.
3625 4236 3799 4310 Ἡμεῖς
3841 4236 3889 4292 δ’

525 4325 726 4374 autem
756 4317 983 4373 bellum
1014 4319 1416 4389 consurgebat
1445 4319 1634 4375 civile.
1661 4322 1787 4375 Non
1813 4335 1952 4375 vero
1979 4321 2116 4376 stati

1248 4319 1416 4389 gebat
1445 4319 1634 4375 civile.
1661 4322 1787 4375 Non
1813 4335 1952 4375 vero
1979 4321 2176 4376 statim
2288 4323 2437 4382 εὐθὺς
2468 4321 2839 4394 ἀποφεύγομεν.

521 4406 732 4477 fugam
760 4406 1141 4478 arripuimus.

596 4462 644 4551 Ξ.
689 4462 902 4566 Neque
921 4511 1062 4551 vero
1093 4496 1188 4551 hic
1223 4496 1487 4552 substitit
1513 4495 1779 4569 perditus
1807 4496 1922 4564 ille,
1951 4502 2008 4552 et
2037 4497 2173 4552 sini-

2356 4499 2409 4552 ε’.
2459 4499 2696 4552 Ἰο-ταται
2741 4501 2831 4572 μεν
2879 4496 2966 4551 οὖν
3014 4497 3138 4553 οὐδὲ
3165 4504 3330 4576 μέχρι
3373 4505 3558 4556 τούτου
3625 4505 3887 4557 όκάκιστν

522 4589 643 4639 stra
687 4589 852 4655 parte
881 4599 1013 4638 vere
1059 4584 1297 4653 dignus.
1333 4585 1447 4642 Sed
1488 4585 1780 4657 quoniam
1823 4585 1987 4641 haud
2029 4601 2113 4657 prc

2298 4586 2626 4659 ὶπολούμενος
2702 4590 2928 4654 ἐκεῖνος,
3003 4594 3093 4640 καὶ
3167 4598 3258 4650 τῆς
3343 4589 3622 4665 ἀριστερᾶς
3703 4598 3889 4668 μοίρας

521 4673 616 4728 cul
648 4674 945 4729 Chersone
986 4672 1048 4728 in
1079 4673 1322 4730 Alanica
1367 4675 1609 4744 regione
1656 4673 1890 4729 exsules
1929 4690 2112 4729 eram!

2294 4681 2434 4738 ἴντως
2481 4677 2622 4741 ἄξίος
2651 4699 2662 4710 ·
2713 4675 2818 4728 ἀλλ’
2871 4674 3150 4751 ἐπειδήπερ
3185 4687 3278 4741 τῆς
3327 4687 3594 4752 Χερσῶνος
3644 4680 3799 4754 ἐγγύς
3839 4685 3885 4735 ἐν

520 4763 761 4834 (etenim
781 4762 1060 4834 dispersa
1080 4762 1411 4818 admodum
1436 4778 1581 4832 gens
1598 4762 1844 4819 Alanica
1864 4769 1970 4831 est,
1991 4769 2111 4836 ath

2298 4765 2532 4835 Αλανικῶ
2587 4769 2770 4838 χωρίῳ
2825 4763 3057 4838 φυγάδες
3104 4768 3230 4839 ἦμεν
3277 4766 3626 4840 (πολυσχιδὲς
3675 4774 3776 4845 γὰρ
3827 4777 3883 4824 τό

520 4868 558 4907 a
587 4852 890 4909 Caucasiis
934 4853 1242 4906 montibus
1287 4868 1478 4924 usque
1505 4851 1582 4908 ad
1632 4851 1830 4907 lberas
1868 4853 2111 4924 pertingi

2291 4857 2414 4916 ἔθνος
2468 4864 2652 4922 τοῦτο,
2706 4861 2794 4908 καὶ
2854 4853 3038 4916 διῆκον
3095 4861 3184 4930 μεν
3245 4857 3346 4910 ἀπὸ
3407 4867 3506 4911 τῶν
3567 4866 3882 4914 Καυκασίων

516 4942 620 5013 qui
658 4948 784 4998 erat
807 4941 1047 4997 illorum
1074 4941 1306 5014 priscus
1330 4941 1536 5014 patria:
1575 4942 1710 4996 ﬁnis
1736 4963 1748 5004 ;
1779 4941 1926 4997 solet
1964 4948 2107 4998 aute:

2284 4943 2405 5016 ὁρῶν
2463 4943 2514 5006 ἐς
2565 4943 2820 5016 Ἴϐηρας,
2875 4949 2931 4997 τὸ
2995 4944 3220 5020 ἀρχαῖον
3277 4952 3367 4999 καὶ
3421 4950 3641 5021 πάτριον
3697 4951 3875 5023 ὃριον·

515 5032 573 5084 et
609 5029 933 5086 nonnullas
980 5030 1252 5087 colonias
1303 5030 1588 5096 emittere,
1630 5029 1710 5086 ita
1750 5035 1813 5086 ut
1860 5030 2100 5103 Scythia

2288 5031 2457 5104 ἀγαπᾴ
2509 5029 2568 5085 δε
2628 5038 2717 5085 καὶ
2784 5040 3114 5105 μετοικεσίας
3168 5034 3464 5088 πολλοστῶν
3530 5057 3680 5089 τινων
3753 5043 3879 5112 πέμ-

513 5134 702 5189 prope
737 5119 1082 5174 universam
1129 5125 1185 5174 et
1233 5119 1592 5175 Sarmatiam
1630 5118 2016 5191 impleverit);
2046 5120 2104 5175 ill

2284 5140 2420 5174 πτειν·
2479 5125 2548 5182 ὡς
2597 5131 2788 5195 μικρόν
2851 5124 3108 5182 Σκυθικήν
3152 5143 3206 5176 τε
3248 5131 3422 5177 πᾶσαν
3469 5132 3559 5178 καὶ
3605 5135 3707 5178 τῶν
3749 5135 3875 5180 Σαυ-

513 5207 695 5262 etiam
726 5223 838 5262 nos
867 5212 1213 5280 persecutus
1243 5214 1335 5264 est
1364 5207 1683 5264 calliditate
1715 5224 1826 5264 sua
1857 5213 1913 5263 et
1942 5210 2104 5264 macl

2282 5212 2506 5284 οομάτων
2564 5209 2908 5284 ἐκπληροῦν)·
2964 5211 3234 5266 κάντεῦθεν
3296 5215 3437 5287 ἡμᾶς
3499 5211 3684 5268 ἐδίωκε
3753 5217 3873 5270 πολ-

511 5293 882 5364 nationibus,
932 5311 1144 5352 necem
1190 5295 1342 5353 adeo
1389 5295 1606 5352 inferre
1661 5301 1956 5352 conatus:
2014 5296 2102 5352 nit

2278 5301 2375 5362 λοῖς
2413 5302 2438 5352 6
2484 5319 2536 5349 τι
2583 5306 2991 5374 πανουργήμασί
3037 5321 3090 5354 τε
3136 5307 3226 5354 καὶ
3277 5308 3658 5376 μηχανήμασι,
3702 5305 3869 5365 ζητῶν

508 5383 668 5438 enim
699 5384 864 5441 aliud
899 5384 1029 5454 jam
1076 5385 1322 5458 insuper
1353 5389 1498 5442 erat.
1533 5383 1816 5442 l‘iscurt‘it
1853 5384 2032 5455 igitur
2060 5385 2099 5441 h

2274 5385 2374 5446 ἤδη
2425 5392 2513 5439 καὶ
2574 5389 2916 5442 θανατῶσαι·
2975 5388 3034 5449 ἧν
3098 5395 3198 5467 γὰρ
3249 5395 3307 5444 τό
3362 5397 3655 5466 λειπόμενον
3714 5392 3865 5448 οὐδὲν

575 5580 655 5650 (2)
691 5579 878 5649 Ilaid,
907 5581 949 5648 Ι,
979 5595 1037 5650 v,
1065 5584 1159 5638 24.

2337 5581 2414 5653 (3)
2454 5581 2608 5640 lbib.
2635 5597 2692 5639 ν.
2725 5587 2819 5640 23.
