4028 6308
78 302 179 356 393

1569 294 1935 352 ALANICUS.

3328 295 3431 350 394

77 424 242 496 ἕτερον
263 440 278 454 ·
310 424 403 473 καὶ
436 416 766 495 κατέδραμεν
806 420 832 472 6
882 420 1138 491 θεοστυγῆ
1151 440 1193 488 ς,
1219 422 1484 493 γενόμενός
1522 439 1578 473 τε
1610 420 1683 483 εἰς

1819 421 1911 475 )eo
1936 418 2177 475 odibilis
2208 418 2590 488 Chersonem,
2622 420 2679 474 et
2715 414 2945 489 pusillis
2979 414 3204 472 bellum
3229 416 3432 472 Alanis

84 519 345 585 Χῳσῶνα,
377 508 602 581 πόλεμον
626 507 827 567 ἠπείλει
864 516 972 571 τοῖς
1010 515 1218 583 μικροῖς
1250 507 1499 577 Ἀλανοῖς,
1529 513 1681 581 μόνον

82 602 127 653 εἰ
154 604 222 672 μὴ
281 595 772 672 προδῶσινηήμᾶς.
812 598 992 659 Οὕτως
1048 596 1232 658 ἐκεῖνος
1284 600 1488 670 πονηρὰ
1526 601 1684 671 φύσις

86 686 149 746 ξν
217 689 242 739 6
300 687 504 759 γελοῖος
576 687 860 759 Τζαμάνης
922 690 1013 738 καὶ
1077 692 1169 738 τοῦ
1224 682 1452 758 μηδενὸς
1515 687 1681 754 ἄξιος,

82 778 211 834 πλην
241 777 325 829 ὅτι
362 779 557 838 κακίας
595 774 801 849 πλήρης
844 779 934 827 καὶ
976 781 1069 827 τοῦ
1112 781 1348 849 Πονηροῦ
1400 777 1682 850 ὑπηρέτης.

82 868 340 935 Ἠγνόησε
372 860 434 917 δὲ
459 866 487 916 6
515 870 618 917 πᾶν
645 864 673 916 6
700 882 754 916 τι
789 865 948 915 κακὸν
987 858 1116 916 εἶναί
1164 884 1217 917 τε
1243 867 1346 939 γὰρ
1379 861 1688 925 σπουδάσας

81 960 170 1007 καὶ
196 955 449 1025 λέγεσθαι
496 952 664 1019 ἄξιος,
725 954 797 1013 ὡς
849 959 984 1006 Θεοῦ
1033 954 1182 1025 ἡμεῖς
1238 954 1520 1008 ἀπόστολοι
1570 974 1691 1008 νεα-

81 1046 319 1116 νιεύομαι
371 1044 501 1116 γὰρ,
557 1046 648 1094 καὶ
704 1044 831 1103 θεὸς
894 1051 1228 1117 τερατουργεῖ
1281 1046 1439 1117 ἡμῖν·
1508 1045 1535 1095 6
1589 1046 1689 1117 γὰρ

85 1130 351 1204 διατεμὼν
410 1135 504 1183 καὶ
565 1130 803 1201 συνάψας
855 1134 951 1189 τὴν
992 1131 1261 1206 Ἐρυθρὰν,
1325 1138 1412 1185 καὶ
1478 1135 1536 1185 τὸ
1603 1136 1692 1205 μεν

84 1217 303 1294 ᾳυγάδα
351 1216 635 1282 διασώσας
688 1218 834 1288 λαὸν,
872 1222 932 1272 1'6
983 1216 1043 1272 δὲ
1098 1222 1185 1273 τὸν
1226 1217 1488 1275 διώκοντα
1528 1242 1694 1275 κατα-

87 1314 363 1372 ποντίσας,
397 1312 570 1382 τέμνει
594 1312 689 1367 τὴν
720 1308 868 1362 πόλιν
895 1312 955 1361 τὸ
992 1313 1240 1386 πρότερον
1280 1311 1452 1382 οἰκείῳ
1494 1311 1699 1384 πολέμῳ

87 1406 177 1452 καὶ
237 1399 521 1472 ἀλλοτρίῳ,
576 1402 669 1451 καὶ
736 1401 795 1451 1'6
852 1394 1027 1470 διεχες
1083 1396 1280 1461 ἐκείνης
1340 1397 1524 1453 ἐδίδου
1575 1402 1701 1473 ἡμῖν

90 1494 184 1547 τὴν
212 1485 251 1541 δ
254 1484 430 1543 ίοδον.
465 1489 718 1540 Συνάπτει
743 1484 803 1541 δι
832 1487 985 1540 πάλιν
1010 1495 1072 1560 τῇ
1111 1488 1137 1539 6
1145 1493 1389 1561 μοπνοίᾳ,
1417 1492 1486 1551 ὡς
1514 1496 1705 1564 μικροῦ

87 1574 437 1630 κινδυνεῦσαι
474 1580 559 1628 τὸν
594 1574 875 1649 ἀλιτήριον
925 1574 1239 1649 βουλόμενον
1287 1586 1708 1654 κατατυραννείν,

91 1667 133 1720 εἰ
162 1671 233 1739 μὴ
278 1663 515 1741 δρασμῷ
563 1668 655 1723 τὴν
707 1668 972 1738 σωτηρίαν
1022 1663 1511 1740 ἐπραγματεύσατο.
1558 1671 1709 1720 Οὕτω

93 1752 162 1813 δὴ
190 1762 386 1808 ταῦτα.

167 1842 220 1906 ς’.
265 1842 333 1896 Ἀ
392 1838 452 1896 δὲ
483 1838 631 1896 δεινὰ
669 1846 759 1898 καὶ
808 1844 834 1895 6
889 1844 1022 1919 ἱερὸς
1074 1844 1207 1916 ἡμῖν
1258 1843 1556 1921 ἀνερρίπισε
1608 1850 1711 1898 πό-

92 1934 262 2006 λεμος,
294 1931 532 2004 λεγεσθω
559 1934 661 2006 γὰρ
701 1936 793 1985 καὶ
838 1931 1022 1999 οὕτως,
1063 1934 1240 2009 ὥσπερ
1289 1938 1608 2008 τυραννικὸς,
1661 1937 1714 1986 τί

101 2028 214 2098 χρὴ
278 2026 375 2075 καὶ
426 2021 592 2092 λέγειν
645 2019 774 2073 611161
830 2025 998 2080 κακὴν
1036 2023 1315 2094 ὁμόνοια-,ος
1378 2024 1460 2076 ενα
1515 2027 1715 2099 πύργος

103 2111 457 2185 βλασφημίας
515 2107 808 2181 ἆνυψωθεὶς
865 2116 957 2163 τοῦ
999 2109 1164 2181 ὕψους
1208 2117 1713 2187 περιφρουρουμένου

102 2208 194 2252 τοῦ
215 2199 512 2271 ἀξιώματος
535 2220 548 2232 ·
582 2198 734 2251 εἶκαὶ
769 2199 801 2257 ἠ
833 2206 930 2259 τῆς
957 2198 1200 2270 γλώσσης
1407 2205 1681 2274 σύγχυσις
1698 2223 1710 2235 ·

105 2290 136 2348 ᾖ
203 2285 481 2362 συνδρομὴ
522 2294 624 2339 τῶν
673 2294 771 2349 τῆς
830 2286 1095 2359 αἰσχύνης
1161 2290 1330 2360 ἱερέων
1386 2292 1519 2342 κατὰ
1578 2310 1714 2353 τινος

106 2377 322 2431 Ἠλίου-
393 2374 455 2434 ἦν
502 2378 605 2451 γὰρ
645 2378 671 2428 6
721 2375 958 2438 ζηλωτὴς
1016 2376 1139 2451 παρ’
1197 2379 1343 2450 ἡμῖν,
1400 2378 1443 2432 εἰ
1480 2384 1567 2433 καὶ
1624 2400 1715 2432 κα-

106 2469 399 2540 τασφάττει
424 2472 575 2518 τοῦτο
606 2473 669 2538 τῇ
710 2469 962 2539 μαχαίρᾳ
997 2472 1091 2517 τοῦ
1126 2469 1419 2538 πνεύματος
1444 2489 1455 2500 ·
1502 2468 1532 2526 ἦ
1582 2472 1718 2522 κατὰ

105 2565 195 2617 τῆς
216 2554 566 2631 Ἰερουσαλὴμ
601 2562 703 2607 τῶν
737 2554 1031 2628 Ἀσσυρίων
1068 2554 1367 2627 παρεμϐολὴ
1420 2555 1718 2630 ἐπισφαλῶς

104 2644 532 2719 ἐπεισφρήσασα,
576 2646 665 2696 καὶ
702 2639 1045 2706 ἐπικινδύνως
1097 2641 1595 2719 ἀνθυποστρέψασα.
1646 2650 1715 2700 Τὸ

105 2730 163 2786 δε
193 2730 279 2799 ἦν,
316 2735 403 2784 ἵνα
450 2737 636 2805 μικρόν
694 2751 746 2784 τι
784 2728 1198 2807 ἐνδιατρίψωμεν
1247 2742 1357 2796 τοῖς
1393 2736 1712 2807 παθήμασι·

102 2828 434 2896 Παροικοῡσι
481 2829 545 2893 τῇ
614 2827 851 2895 Χερσῶνι
918 2826 1006 2874 καὶ
1068 2821 1276 2875 ’Δλανοὶ
1304 2864 1318 2888 ,
1387 2822 1494 2894 ούχ
1559 2824 1715 2895 ἧττον

102 2910 403 2971 θεληθέντες
450 2910 482 2968 ἡ
546 2908 869 2976 θελήσαντες,
937 2912 1005 2971 ὡς
1057 2906 1164 2962 οἷόν
1216 2930 1269 2963 τι
1333 2916 1714 2986 περιτείχισμα

98 3018 265 3072 ταύτῃ
300 3003 394 3051 καὶ
419 3000 838 3072 περιφρούρημα.
889 3001 1113 3060 Τούτους
1318 3019 1374 3053 τε
1421 2997 1579 3069 εἶδον,
1622 3007 1712 3055 καὶ

97 3096 409 3163 περιχαρῶς
447 3086 600 3141 αὐτοὶ
628 3090 717 3140 τὸν
761 3089 978 3162 πάτριον
1014 3092 1237 3162 ποιμίτα
1274 3093 1617 3166 περιέτρεχὸν
1655 3111 1711 3145 τε
1752 3122 1793 3179 C

96 3183 184 3230 καὶ
252 3182 595 3247 περιίσταντο
618 3198 632 3211 ·
695 3176 1003 3250 βουλόμενοί
1058 3197 1113 3232 τε
1170 3180 1295 3251 παρ’
1344 3179 1519 3241 αὐτοῖς
1575 3183 1711 3254 ἡμᾶς

100 3266 421 3337 ξενισθῆναι,
476 3267 647 3318 πάντα
702 3264 905 3319 ἐποίουν
970 3268 1038 3319 1'61
1097 3262 1391 3326 ἐπιτήδεια.
1437 3268 1611 3343 Ἡμεῖς
1650 3266 1710 3324 δε

100 3354 480 3427 ἀντεισήγομεν
516 3357 605 3407 τόν
629 3360 726 3416 τῆς
766 3359 1113 3431 παραινέσεως
1148 3355 1322 3428 λόγον,
1355 3359 1426 3419 ὡς
1462 3357 1523 3410 ἃν
1552 3357 1708 3431 βιῷεν

100 3442 258 3507 ἀξίως
284 3450 376 3503 τῆς
413 3442 648 3504 κλήσεως
675 3450 768 3495 τοῦ
796 3450 1053 3518 Χριστοῦ.
1086 3443 1255 3498 Ἦσαν
1288 3441 1348 3497 δι
1388 3444 1591 3508 ἀληθῶς
1624 3447 1708 3518 (ού

98 3535 196 3605 γὰρ
247 3531 313 3584 ἂν
352 3531 714 3604 αἰσχυνοίμην
763 3531 950 3603 λέγειν,
1008 3529 1147 3605 μηδὲ
1197 3553 1288 3607 μοι
1324 3538 1525 3606 γίνοιτο
1577 3537 1708 3608 ὑφο-

100 3625 302 3695 ρᾶσθαι
329 3620 702 3696 μικροψυχίας
738 3622 893 3692 τινὸς)
921 3626 1159 3695 ποίμνιον
1204 3622 1613 3699 ἐσκορπισμένον
1639 3626 1710 3687 εἰς

102 3715 191 3785 ὄρη
235 3716 331 3765 καὶ
360 3710 583 3784 ἐρήμους
607 3714 696 3763 καὶ
740 3709 1005 3785 βάραθρα,
1038 3712 1131 3765 ούκ
1160 3715 1284 3785 ἕχον
1323 3710 1560 3787 μάνδραν
1585 3711 1710 3768 οὐδὲ

103 3800 353 3871 καλύϐην,
389 3800 594 3873 ἕτοιμον
626 3799 700 3862 εἰς
735 3799 1058 3873 κατάϐρωμα
1085 3809 1195 3864 τοῖς
1242 3804 1472 3875 θηρίοις·
1518 3804 1576 3855 ού
1606 3806 1708 3876 γὰρ

106 3888 163 3948 ἐν
186 3892 213 3942 6
255 3892 569 3960 ποιμαίνων,
621 3888 666 3940 εἰ
711 3893 801 3941 καὶ
841 3888 1038 3942 πολλῶν
1067 3893 1126 3942 τὸ
1175 3889 1509 3963 ἐπάγγελμα·
1537 3896 1710 3945 καίτοι

106 3984 190 4031 καὶ
221 3976 566 4052 βουλομένοις
594 3973 711 4029 ούδ¹
736 3976 798 4029 ἆν
816 3975 1056 4040 ἐξέσταν
1089 3980 1170 4031 ὅτι
1199 3983 1271 4052 μὴ
1303 3984 1569 4053 πρότερον,
1604 3982 1709 4033 οἷον

108 4064 232 4119 εἶναι
256 4062 341 4120 δεῖ
363 4069 451 4119 τὸν
482 4064 787 4136 ἐπίσκοπον,
820 4069 1053 4124 ἤκουσαν
1072 4088 1085 4100 ·
1115 4067 1160 4120 εἰ
1189 4072 1278 4120 καὶ
1302 4067 1502 4129 Παῦλος
1527 4068 1707 4139 ἐκϐοᾷ,

108 4158 135 4214 ἡ
165 4156 370 4229 μεγάλη
406 4154 654 4226 σάλπιγξ,
689 4156 715 4207 6
752 4162 852 4208 τῶν
898 4155 1053 4209 ἐθνῶν
1106 4152 1451 4225 διδάσκαλος,
1489 4163 1579 4211 καὶ
1618 4155 1712 4212 διὰ

1786 507 2206 564 interminatus
2237 512 2347 578 est,
2370 507 2486 562 nisi
2509 521 2620 562 nos
2637 505 2944 562 dederent.
2972 508 3112 561 Tam
3138 504 3433 577 improbae

1788 601 2021 653 natura:
2057 602 2185 653 erat
2235 596 2521 652 ridiculus
2561 595 2674 652 iste
2730 598 3057 651 Tzamanes
3097 600 3153 651 et
3182 594 3347 650 nulla
3373 609 3437 650 re

1791 685 2031 756 dignus,
2060 686 2179 741 nisi
2208 690 2506 759 quatenus
2538 684 2765 740 malitia
2795 683 3011 755 plenus
3042 688 3188 745 erat,
3224 688 3281 739 et
3310 683 3439 740 Dia-

1791 773 1917 832 boli
1946 775 2316 833 administer.
2342 778 2521 830 Porro
2549 772 2870 845 ignorabat
2891 773 3008 841 hic,
3051 772 3198 827 nihil
3226 776 3443 845 praeter

1794 863 2125 936 nequitiam
2175 865 2442 936 sapiens,
2472 868 2529 919 et
2574 862 2744 919 ﬂocci
2791 861 3123 928 faciendus,
3151 877 3262 917 nos
3309 875 3442 917 esse

1797 953 1899 1009 Dei
1919 953 2244 1026 apostolos,
2278 953 2479 1009 dicam
2504 952 2665 1008 enim
2697 952 3002 1018 audacter,
3030 956 3087 1006 et
3116 954 3302 1006 Deum
3331 966 3443 1022 pro

1798 1041 1975 1098 nobis
2038 1042 2333 1098 miracula
2394 1041 2651 1113 operari.
2709 1041 2819 1107 Qui
2874 1040 3035 1096 enim
3096 1040 3291 1095 divisit
3353 1055 3444 1094 re—

1801 1129 2156 1202 collegitque
2208 1129 2619 1202 Erythraaum,
2676 1133 2734 1185 et
2787 1128 3104 1198 fugitivum
3151 1128 3448 1203 populum

1804 1218 2080 1285 servavit,
2138 1223 2194 1274 et
2252 1223 2698 1291 persecutorem
2756 1219 2885 1290 pari
2947 1223 3214 1290 tempore
3275 1217 3451 1289 aquis

1809 1307 2152 1372 submersit,
2186 1307 2488 1364 civitatem
2534 1307 2692 1363 hanc
2731 1307 2791 1362 in
2835 1312 3033 1379 partes
3073 1307 3261 1369 scidit,
3295 1306 3453 1362 bello

1810 1398 2106 1454 concitato
2136 1397 2313 1453 simul
2330 1396 2487 1453 civili
2508 1401 2565 1453 et
2583 1401 2896 1464 extraneo;
2925 1398 3107 1470 idque
3136 1397 3458 1453 discidium

1814 1502 2027 1543 ansam
2057 1486 2234 1543 nobis
2262 1486 2557 1542 evadendi
2587 1486 2820 1542 obtulit.
2850 1485 2964 1542 Sed
2991 1486 3285 1542 civitatem
3304 1486 3460 1541 Deus

1816 1591 2025 1631 rursus
2044 1576 2123 1632 ad
2139 1574 2528 1633 concordiam
2541 1575 2794 1642 reduxit,
2820 1579 2884 1630 ut
2903 1590 3120 1648 parum
3141 1591 3178 1631 a
3198 1574 3461 1646 periculo

1821 1664 2077 1721 abfuerit
2117 1664 2384 1737 perditus
2413 1664 2530 1733 ille,
2574 1664 2678 1736 qui
2709 1664 3092 1736 tyrannidem
3118 1663 3461 1734 affectabat,

1739 1772 1784 1826 Β
1820 1752 1932 1810 nisi
1960 1753 2104 1825 fuga
2141 1753 2315 1810 saluti
2361 1769 2483 1810 suae
2531 1753 2953 1810 consuluisset.
2988 1756 3120 1810 Haec
3150 1754 3465 1811 hactenus.

1893 1847 1947 1901 6.
1979 1844 2122 1908 Quae
2151 1847 2354 1899 autem
2402 1841 2565 1899 mala
2602 1859 2640 1899 a
2679 1858 2853 1899 sacro
2896 1844 3077 1899 etiam
3104 1842 3270 1899 illata
3293 1841 3470 1899 nobis
3542 1846 3549 1855 '

1821 1937 1962 1989 sunt
1989 1932 2168 2001 bello,
2201 1949 2272 1989 ea
2301 1933 2523 2005 pariter
2549 1933 2857 1990 narranda
2901 1938 3059 2001 sunt,
3100 1938 3307 2006 utpote
3331 1947 3471 2005 quas

1824 2020 1945 2077 vim
1997 2021 2373 2093 tyrannicam
2428 2022 2487 2078 in
2541 2037 2653 2078 nos
2709 2027 3144 2090 exercuerunt;
3200 2038 3336 2094 quae
3375 2036 3473 2077 res

1821 2109 1988 2167 nullo
2040 2110 2158 2167 alio
2197 2112 2443 2167 nomine
2494 2110 2785 2184 appellari
2826 2115 3044 2183 potest,
3102 2110 3212 2166 nisi
3265 2125 3472 2183 prava:

1822 2200 2283 2271 conspirationis
2313 2217 2325 2255 :
2359 2205 2422 2256 ut
2459 2200 2847 2271 blasphemia
2885 2200 3170 2256 nimirum
3201 2199 3379 2255 turris
3410 2199 3475 2255 in

1824 2288 2014 2345 altum
2060 2289 2423 2347 attolleretur
2468 2291 2585 2346 sub
2631 2290 2937 2361 dignitatis
2988 2290 3341 2346 munimine.
3408 2293 3477 2346 Et

1823 2378 2070 2450 quidem
2100 2394 2289 2451 prope
2321 2379 2517 2435 abfuit
2543 2396 2581 2436 a
2600 2379 2944 2451 linguarum
2971 2378 3355 2445 confusione;
3383 2378 3478 2436 vel

1824 2467 2108 2538 quaedam
2170 2467 2277 2523 fuit
2328 2469 2712 2524 sacerdotum
2778 2468 3121 2539 ignominia
3186 2467 3478 2525 adversus

1825 2555 2013 2612 Etiam
2039 2556 2371 2626 aggressio.
2402 2559 2538 2614 Erat
2580 2558 2740 2614 enim
2769 2557 3020 2629 quidam
3059 2556 3272 2613 zelotes
3311 2556 3479 2629 apud

1824 2660 1958 2708 nos,
2005 2645 2114 2700 etsi
2166 2649 2223 2701 et
2277 2644 2436 2700 hunc
2492 2644 2769 2701 interﬁcit
2815 2645 3018 2717 gladio
3067 2646 3327 2718 spiritus.
3378 2643 3480 2700 Vel

1825 2738 2034 2790 contra
2060 2732 2392 2789 Jerusalem
2420 2734 2800 2805 Assyriorum
2829 2734 3122 2790 exercitus
3148 2734 3479 2807 periculose

1824 2828 2013 2878 semet
2058 2822 2342 2888 inferens,
2388 2838 2498 2879 nec
2552 2828 2679 2880 tuto
2731 2828 3055 2880 revertens.
3111 2827 3222 2879 Res
3277 2825 3361 2880 ita
3415 2839 3479 2879 se

1822 2912 2057 2983 habuit,
2088 2917 2151 2968 ut
2193 2912 2450 2968 breviter
2490 2912 2896 2970 calamitatem
2933 2928 3266 2969 narremus.
3302 2911 3476 2969 Habi-

1824 3004 1951 3058 tant
1989 3015 2179 3074 prope
2222 3000 2589 3063 Chersonem
2636 3001 2817 3057 etiam
2863 3000 3053 3070 Alani,
3103 3015 3225 3057 non
3276 3001 3478 3056 minus

1824 3090 2065 3163 expetiti
2094 3104 2282 3163 quam
2321 3088 2610 3157 volentes,
2636 3093 2702 3146 ut
2731 3089 2848 3146 sint
2902 3090 3059 3147 circa
3101 3105 3237 3146 eam
3261 3089 3477 3146 urbem

1821 3179 2001 3254 quasi
2032 3178 2257 3235 vallum
2286 3178 2600 3250 quoddam
2633 3183 2690 3235 et
2728 3178 3019 3237 custodia.
3045 3180 3166 3235 Hos
3195 3193 3308 3249 ego
3332 3178 3473 3248 vidi,

1818 3268 2024 3341 illique
2086 3266 2424 3324 admodum
2471 3267 2802 3333 exhilarati,
2857 3266 2938 3324 ad
2988 3268 3245 3340 patrium
3294 3283 3474 3324 suum

1818 3362 2127 3432 pastorem
2165 3356 2583 3421 accurrebant,
2625 3373 2884 3430 eumque
2932 3356 3475 3426 circumsistebant,

1819 3446 2209 3519 volentesque
2239 3462 2353 3502 nos
2377 3446 2543 3519 apud
2572 3461 2676 3503 eos
2695 3446 3005 3519 hospitari,
3031 3445 3267 3503 nullum
3291 3444 3476 3503 ofﬁcii

1818 3550 2010 3606 genus
2038 3535 2592 3609 praetermittebant.
2626 3538 2742 3592 Nos
2788 3550 2932 3592 vero
2965 3535 3226 3593 vicissim
3257 3535 3476 3592 adhor-

1816 3624 2061 3681 tationis
2107 3624 2362 3681 verbum
2402 3623 2864 3697 adhibebamus,
2916 3629 2981 3682 ut
3032 3625 3214 3696 digne
3261 3624 3476 3682 Christi

1816 3714 2135 3770 vocatione
2169 3716 2451 3770 viverent.
2478 3716 2655 3770 Erant
2682 3719 2885 3770 autem
2916 3716 3131 3786 (neque
3159 3730 3258 3771 me
3285 3712 3475 3786 pude-

1817 3800 1906 3858 bit
1931 3801 2149 3869 dicere,
2191 3817 2387 3874 neque
2438 3802 2837 3858 offensionem
2885 3801 3220 3875 quamdam
3262 3799 3473 3857 subve-

1817 3889 2019 3960 rebor)
2044 3904 2188 3959 grex
2226 3889 2440 3962 palans
2468 3889 2531 3945 in
2573 3891 2879 3946 montibus
2927 3889 3195 3961 locisque
3224 3888 3471 3945 desertis

1820 3985 1877 4035 et
1904 3979 2115 4045 foveis,
2144 3994 2342 4050 neque
2366 3977 2518 4035 ovile
2543 3993 2740 4051 neque
2771 3978 3008 4035 caulam
3028 3977 3282 4047 habens,
3307 3976 3473 4033 ideo-

1820 4085 1938 4140 que
1968 4068 2232 4124 ferarum
2263 4068 2638 4124 devorationi
2686 4068 2992 4140 expositus
3018 4083 3030 4134 ;
3062 4082 3258 4140 neque
3310 4067 3472 4123 enim

1821 4158 2030 4216 aderat
2056 4157 2162 4230 qui
2190 4157 2242 4213 ei
2285 4156 2652 4230 pastoralem
2694 4172 2903 4214 curam
2942 4155 3332 4229 impenderet,
3365 4154 3475 4213 etsi

106 4253 255 4298 τοῦτο
284 4246 556 4317 ἡμέτερος.
586 4247 799 4297 Οῖονται
851 4241 911 4298 δι
953 4248 1204 4319 τρυῳερόν
1251 4243 1380 4299 εἰναι
1410 4244 1707 4301 ἐπισκοπεῖν

1820 4246 2147 4304 multorum
2176 4248 2304 4301 erat
2333 4245 2601 4303 ambitio.
2635 4245 2969 4318 Cmteroqui
3016 4260 3092 4300 ne
3133 4243 3474 4301 volentibus

105 4340 190 4387 καὶ
219 4330 534 4396 σπουδάζον
562 4335 630 4385 τὰ
654 4335 905 4407 κοσμικά.

1819 4335 2071 4410 quidem
2099 4334 2162 4390 id
2186 4333 2481 4402 licuisset;
2511 4334 2659 4406 quia
2688 4334 2982 4401 nondum,
3023 4332 3267 4406 qualem
3297 4348 3475 4406 opor-

107 4427 223 4480 teat
238 4438 374 4479 esse
404 4420 785 4493 episcopum,
815 4427 1258 4495 cognoverant;
1301 4425 1584 4496 quamvis
1637 4425 1855 4482 Paulus
1874 4424 2119 4494 clamat,
2173 4438 2399 4493 magna
2437 4422 2603 4495 tuba,
2637 4424 2907 4494 gentium
2947 4423 3178 4489 doctor,
3215 4423 3476 4495 ideoque

108 4517 306 4569 noster
329 4513 370 4565 ¹.
406 4508 522 4567 Sed
546 4508 631 4566 illi
674 4509 1019 4568 existimant
1064 4511 1419 4570 deliciosum
1462 4513 1614 4587 quid
1651 4530 1784 4571 esse
1821 4515 2339 4588 episcopatum,et
2368 4512 2694 4569 mundanis
2716 4513 2872 4568 curis
2897 4512 3189 4570 deditum.

174 4618 237 4679 ζ.
272 4614 476 4671 Οἴδατε
514 4619 602 4669 τὸν
653 4625 956 4692 Χερσῶνος·
1004 4625 1095 4673 καὶ
1142 4623 1192 4673 τί
1238 4618 1298 4671 ἂν
1353 4618 1714 4695 ἁκριϐολογοί-

113 4726 206 4777 μην
251 4704 497 4772 εἰδόσιη
544 4702 707 4767 Οὗτος
762 4708 788 4759 6
836 4711 994 4780 γέρων
1032 4714 1123 4762 καὶ
1167 4707 1394 4785 ἀρχαῖος
1433 4709 1720 4773 ἐπίσκοπος

118 4797 332 4866 θανατᾷν
382 4791 581 4865 ἔδοξεν,
639 4797 721 4849 ὃτι
774 4795 896 4871 παρ’
951 4799 1077 4869 ἡμῖν
1146 4798 1379 4864 Ἀλανοὶ,
1437 4799 1466 4858 ᾖ
1527 4798 1717 4872 μᾶλλον

116 4885 190 4935 ὃτι
241 4886 391 4958 παρὰ
438 4891 677 4959 Χερσῶνι
728 4887 916 4958 ἡμεῖς·
967 4892 1057 4940 καὶ
1095 4889 1122 4940 ὁ
1177 4896 1270 4949 τῆς
1318 4886 1510 4962 ἐνορίας
1570 4888 1718 4960 λόγος

121 4973 299 5035 εύθύς’
348 4977 442 5025 καὶ
480 4974 550 5034 ὡς
588 4971 845 5049 ἐγχώριος
876 4973 1158 5044 ἐπισκοπὴ,
1213 4981 1304 5029 καὶ
1354 4981 1412 5030 16
1455 4976 1575 5049 ἐμὸν
1612 4997 1718 5029 πα-

121 5058 362 5134 ροδευτὸν
409 5066 502 5115 καὶ
543 5067 828 5138 παρόριον·
884 5067 951 5118 τὰ
987 5071 1227 5140 γνώριμα
1280 5074 1443 5119 ταῦτα
1480 5076 1580 5118 ’ῶν
1632 5074 1720 5118 νῦν

125 5148 416 5204 ἐπισκόπων
469 5158 561 5213 τῆς
606 5152 974 5226 μικροψυχίας
1003 5161 1094 5207 καὶ
1135 5162 1228 5209 τοῦ
1277 5158 1464 5228 φθόνου
1510 5175 1724 5231 περικα-

124 5237 385 5313 λύμμαά,
442 5241 525 5293 ἵνα
581 5246 652 5314 μή
707 5242 839 5314 λέγω
882 5250 971 5297 καὶ
1021 5254 1114 5306 τῆς
1170 5243 1479 5318 ἀϐελτηρίας
1524 5250 1719 5321 γνωρί-

200 5530 215 5562 ¹
255 5528 403 5586 Tim.
436 5541 519 5594 ιιι,
549 5529 605 5581 2.

411 5652 656 5709 ΡΑτιιοι..
690 5650 794 5712 GI.
821 5651 969 5712 CXL.

1897 4627 1952 4678 Ἰ.
1970 4621 2164 4677 Nostis
2194 4619 2512 4677 Chersonis
2533 4621 2883 4692 episcopum
2912 4637 2925 4685 ;
2956 4635 3063 4675 cur
3089 4619 3250 4676 enim
3272 4618 3476 4689 gnaris

1824 4709 2011 4766 verba
2038 4709 2225 4765 multa
2250 4708 2470 4766 faciam
2490 4710 2518 4764 ἱ)
2546 4711 2736 4765 Senex
2761 4709 2859 4764 hic
2901 4712 2958 4765 et
2986 4708 3219 4781 priscus
3250 4708 3480 4779 episco-

1825 4816 1941 4872 pus
1999 4800 2154 4855 mori
2213 4797 2325 4854 sibi
2361 4797 2700 4866 videbatur,
2751 4800 2898 4870 quia
2944 4798 3114 4853 Alani
3164 4797 3325 4869 apud
3367 4811 3481 4851 nos

1827 4893 2048 4957 essent,
2074 4887 2170 4943 vel
2199 4887 2397 4959 potius
2426 4887 2571 4960 quia
2600 4902 2710 4943 nos
2737 4888 3032 4943 Chersone
3063 4885 3477 4942 morabamur.

1831 4977 2039 5035 Statim
2066 4992 2210 5046 ergo
2257 4976 2333 5032 de
2380 4976 2809 5047 jurisdictionis
2856 4974 3145 5031 limitibus
3175 4988 3395 5038 sermo,
3427 4976 3485 5028 et

1829 5065 1997 5140 quod
2026 5065 2407 5137 episcOpatus
2436 5064 2551 5121 loci
2581 5066 2861 5138 proprius
2891 5066 3064 5130 esset,
3106 5075 3311 5116 meum
3337 5076 3483 5117 vero

1829 5154 2095 5211 ofﬁcium
2125 5152 2535 5210 transitorium
2575 5159 2632 5209 et
2670 5156 3044 5209 extraneum.
3076 5149 3205 5206 Noti
3241 5152 3384 5205 sunt
3423 5148 3487 5206 hi

1830 5243 2259 5300 hodiernorum
2299 5244 2718 5315 episcoporum
2775 5244 3118 5313 prmtextus,
3155 5255 3310 5312 quos
3363 5255 3487 5296 suae

3150 5653 3214 5707 13
