4028 6308
578 302 688 364 395

1755 305 2109 363 THEODORI
2144 303 2423 365 ALANIE
2460 309 2772 367 EPISCOPI

3867 323 4010 378 396

581 429 1062 504 pusillanimitati
1105 433 1162 486 et
1215 429 1456 486 invidiae
1507 429 1860 501 obtendunt,
1901 445 1979 486 ne
2031 431 2211 488 dican

2351 447 2548 505 σματα.
2583 430 2784 486 Οἶδασί
2833 431 2893 488 δε
2930 431 3056 488 οὐδὲ
3098 439 3216 499 τοὺς
3256 437 3695 512 θεσμοθετοῦντας
3733 448 4006 508 κανόνας

581 520 867 594 nequitias
925 518 1221 575 evidentia
1274 517 1517 574 indicia.
1562 517 1679 574 Sed
1728 533 1926 591 neque
1971 533 2233 576 canones

580 613 834 674 norunt;
865 607 1088 680 quidve
1135 614 1243 678 per
1281 607 1394 662 hos
1441 605 1616 663 liceat
1646 625 1658 663 :
1689 621 1887 680 neque
1928 607 2087 664 enim
2119 624 2231 665 nos

582 699 823 772 publice
852 697 1191 763 docuimus,
1223 711 1421 770 neque
1471 713 1672 754 sacras
1701 698 2112 756 ordinationes
2143 699 2230 755 in-

577 787 869 854 vasimus,
901 786 983 842 ita
1004 790 1068 842 ut
1094 785 1439 842 videremur
1461 785 1541 842 illi
1568 787 1875 858 negotium
1896 787 2187 844 facessere
2213 805 2226 843 :

577 876 686 932 sed
714 875 1226 944 interrogantibus
1257 875 1564 931 nonnullis
1594 875 1820 946 Alanis,
1867 893 2228 949 responsum

573 964 859 1038 privatim
885 963 1186 1021 dedimus.
1233 964 1348 1020 Sed
1404 969 1531 1021 esto
1570 965 1714 1020 ﬁdei
1751 965 2085 1022 doctrinam
2115 982 2228 1039 pu-

570 1053 728 1110 blice
756 1069 868 1109 nos
893 1052 1405 1121 nuntiaverimus;
1445 1067 1644 1126 neque
1687 1055 1848 1110 enim
1893 1055 2225 1126 praedican-

570 1147 695 1200 tem
760 1143 1142 1199 cohibuimus
1181 1160 1194 1198 :
1238 1142 1344 1198 sed
1399 1142 1737 1199 doctrinam
1789 1148 2116 1210 mortuam,
2173 1149 2229 1200 et

570 1232 758 1289 modo
773 1237 1184 1302 resurgentem
1203 1231 1598 1304 spectandam
1615 1232 2228 1290 exhibuimus.Testor

567 1322 882 1378 veritatem
914 1338 928 1377 :
962 1320 1176 1377 urebat
1205 1335 1316 1377 nos
1345 1320 1505 1376 zelus
1531 1338 1544 1375 :
1574 1321 1793 1377 etenim
1817 1322 2131 1393 jactabant
2163 1338 2226 1377 se

569 1411 858 1469 audacter
907 1409 1251 1479 irreligiosus
1300 1409 1485 1482 partis
1524 1410 1803 1466 homines
1854 1416 1912 1467 et
1958 1411 2226 1484 alioquin

563 1500 694 1571 jam
741 1498 1024 1568 haeretici,
1079 1498 1224 1569 quia
1270 1514 1452 1554 nemo
1505 1500 1914 1556 contradicere
1969 1504 2223 1573 poterat,

566 1591 890 1661 propterea
918 1587 1086 1659 quod
1112 1592 1354 1659 tempus
1391 1603 1515 1644 non
1569 1577 1926 1660 patiebatur,
1968 1589 2224 1662 ideoque

567 1677 717 1734 nihil
746 1676 1102 1732 ﬁducialiter
1133 1677 1263 1733 ausi
1285 1693 1516 1734 sumus.
1550 1680 1684 1734 Erat
1709 1678 1769 1734 in
1791 1679 2039 1734 ecclesia
2071 1695 2222 1750 prae-

2342 527 2432 574 καὶ
2487 525 2514 574 ὅ
2569 527 2622 575 τί
2681 541 2806 576 ποτε
2865 523 3199 597 βουλομένοις
3245 526 3456 591 ἐκείνοις
3515 529 3686 583 ἐστίν·
3753 532 3819 584 οὐ
3861 537 4000 606 γὰρ

2344 609 2586 685 δημοσίᾳ
2648 620 2741 664 τοῦ
2794 609 3074 666 διδάσκειν
3129 620 3474 691 προέστημεν,
3519 619 3579 672 οὗ
3618 629 4002 695 χειροτονίαν

2341 702 2693 775 ἡρπάσαμεν,
2747 705 2812 762 ὡς
2874 699 3046 755 δοκεῖν
3093 703 3279 758 ἐκεῖνον
3338 703 3807 763 ἐνδιαϐάλλεσθαιο
3850 710 3994 785 ἐρο-

2339 793 2513 862 μένοις
2543 787 2602 842 δὲ
2625 807 2765 843 τισιν
2791 793 2920 852 ἴσως
2947 791 3179 854 Ἀλανοῖς
3200 792 3284 847 ἐπὶ
3307 802 3495 867 ’γωνίας
3539 795 3992 872 ἀπεκρινάμεθα-

2339 873 2583 930 Δεδόσθω
2668 875 2728 931 δε
2802 884 2892 932 καὶ
2969 877 3326 949 δημοσιεῦσαι
3411 885 3550 956 ἡμᾶς
3622 889 3709 938 τόν
3797 887 3988 960 λόγον

2335 973 2431 1029 τῆς
2466 972 2715 1028 πίστεως·
2767 968 2826 1020 οὐ
2864 971 2966 1042 ’γὰρ
3007 970 3068 1021 ἂν
3105 964 3529 1046 ’παρεστείλαμεν
3593 977 3683 1027 τὸν
3744 980 3984 1052 κηρύτ-

2336 1075 2518 1108 τοντα·
2557 1058 2776 1110 θανόντα
2830 1055 2890 1110 δι
2945 1062 3032 1111 τόν
3080 1058 3230 1132 λόγον
3278 1066 3370 1114 καὶ
3409 1061 3706 1116 ἀναστάντα
3735 1063 3980 1139 βλέπει»

2335 1153 2513 1198 τοῦτον
2539 1143 2805 1218 ἐδώκαμεν
2838 1147 2917 1198 ἄν.
2973 1151 3324 1224 Μαρτύρομαι
3349 1153 3442 1208 τὴν
3474 1150 3736 1224 ἀλήθειαν,
3772 1155 3982 1227 ἔφλεγε

2336 1236 2426 1306 μὶν
2478 1237 2614 1307 ἡμᾶς
2657 1237 2683 1287 6
2734 1234 2924 1298 ζῆλος·
2985 1240 3339 1310 ἓνεκαυχῶντο
3394 1243 3496 1314 γὰρ
3549 1241 3829 1317 παῤῥησίᾳ
3879 1247 3976 1307 ὡς

2336 1322 2391 1385 ἐξ
2421 1321 2638 1384 ἀσεϐοῦς
2683 1328 2873 1396 μοίρας
2927 1330 3019 1378 καὶ
3069 1326 3238 1383 ἄλλως
3265 1330 3590 1400 αἱρεσιῶται,
3623 1332 3705 1382 ὃτι
3755 1329 3974 1404 μηδεὶς

2337 1411 2613 1484 ἀντιλέγειν
2663 1417 2752 1464 καὶ
2812 1409 3062 1467 δύναιτο·
3121 1416 3214 1467 οὐκ
3268 1412 3451 1469 ἐδίδου
3512 1414 3572 1470 δὲ
3627 1419 3653 1470 6
3715 1426 3960 1496 καιρός·

2335 1501 2458 1553 ὥστ’
2505 1501 3008 1576 ἐπαρρησιασάμεθα
3048 1503 3116 1564 εἰς
3163 1499 3334 1558 οὐδέν.
3375 1504 3473 1559 Ἦν
3513 1510 3602 1578 μὲν
3645 1506 3723 1560 ἐπ’
3749 1507 3961 1568 ἐκκλη-

2337 1593 2457 1651 σίας
2512 1592 2539 1642 6
2577 1592 2748 1643 πάντα
2802 1591 2952 1652 καλὸς
3004 1597 3093 1645 καὶ
3150 1592 3348 1665 ἁγαθός
3402 1594 3585 1657 ἐκεῖνος
3633 1595 3950 1671 ἀρχιερεὺς,

2334 1682 2420 1730 καὶ
2479 1679 2609 1730 πολὺ
2656 1685 2774 1754 περὶ
2828 1681 2982 1733 αὐτὸν
3036 1685 3096 1734 τὸ
3139 1679 3444 1756 συνέδριον
3501 1691 3808 1758 συνωμοσία
3853 1707 3954 1751 τις

568 1766 769 1823 clarus
800 1765 895 1821 ille
925 1772 982 1822 et
1007 1764 1210 1821 bonus
1239 1766 1485 1838 praesul,
1535 1767 1915 1840 multumque
1954 1783 2092 1823 cum
2122 1768 2211 1824 illc

2333 1771 2480 1840 τάχα
2512 1775 2602 1820 καὶ
2655 1776 2982 1842 συμπαιγνία
3039 1774 3106 1833 ὼς
3162 1770 3243 1824 ἐπὶ
3294 1775 3547 1846 Στεφάνου
3588 1781 3681 1826 τοῦ
3727 1793 3948 1848 πρωτο-

569 1855 925 1929 synedrium
973 1872 986 1910 :

565 1961 677 2002 ceu
727 1945 1043 2018 quondam
1091 1945 1386 2002 adversus
1429 1950 1935 2020 protomartyrem
1976 1947 2221 2019 Stepha-

562 2051 750 2107 num;
784 2050 982 2108 neque
1027 2035 1189 2091 enim
1239 2035 1376 2108 plus
1427 2035 1625 2093 dicere
1669 2037 1898 2106 audeo;
1929 2040 2108 2109 atque
2156 2037 2220 2092 in

557 2124 857 2197 judicium
897 2140 1033 2180 sum
1077 2128 1431 2197 pertractus,
1461 2125 1628 2183 haud
1666 2125 1913 2198 quidem
1960 2129 2026 2182 ut
2073 2125 2220 2182 alter

564 2213 805 2280 Paulus,
831 2213 936 2269 sed
964 2217 1168 2270 tamen
1191 2214 1253 2270 in
1281 2214 1512 2271 Christo
1542 2215 1795 2271 vinctus.

635 2306 686 2357 8.
721 2305 869 2358 Ecce
900 2306 1105 2358 autem
1143 2317 1282 2374 quae
1331 2303 1497 2375 apud
1540 2303 1802 2360 tribunal
1853 2308 2019 2374 gesta
2054 2308 2213 2361 sunt.

559 2390 772 2446 Judicii
801 2403 1028 2462 praeses
1055 2390 1258 2460 ignem
1281 2390 1517 2463 spirans
1541 2408 1554 2458 ;
1579 2407 1959 2448 consessores
1985 2396 2042 2449 et
2061 2394 2215 2449 assi-

561 2482 805 2548 stentes,
829 2478 909 2534 ad
928 2478 1392 2535 ministrandum
1417 2483 1598 2553 atque
1616 2481 1912 2553 imperata
1940 2480 2215 2538 facienda

558 2567 784 2641 parati:
801 2582 911 2638 ego
931 2581 1070 2623 reus
1091 2567 1151 2622 in
1171 2567 1395 2637 medio,
1409 2572 1465 2624 et
1486 2569 1844 2625 sententiam
1865 2575 2208 2640 expectans.

559 2655 703 2722 Quis
744 2660 828 2726 tu,
881 2659 940 2711 et
981 2656 1141 2712 unde
1189 2656 1268 2711 ad
1308 2671 1419 2712 nos
1463 2656 1826 2730 obrepsisti?
1867 2659 2050 2724 Quasi
2075 2674 2209 2729 ego,

557 2749 702 2802 tunc
733 2746 877 2814 dixi,
911 2745 1086 2802 alieni
1117 2745 1419 2816 dogmatis
1449 2751 1507 2803 et
1534 2747 1820 2804 doctrinas
1845 2748 2030 2805 homo
2056 2749 2165 2804 sim
2194 2767 2206 2816 ;

558 2839 617 2891 et
645 2849 770 2890 non
800 2833 986 2890 ambo
1007 2835 1206 2908 potius
1241 2835 1502 2892 ecclesias
1533 2837 1826 2908 ejusdem,
1851 2842 1908 2893 et
1949 2839 2062 2893 sub
2104 2853 2207 2894 eo-

555 2925 698 2981 dem
753 2929 1065 2997 pastorum
1114 2925 1407 2998 principe.
1451 2930 1522 2982 At
1573 2931 1638 2982 tu
1693 2927 1753 2982 in
1796 2927 2020 2984 malam
2080 2943 2207 2984 rem

553 3015 772 3086 inquit,
795 3029 932 3070 cum
965 3015 1165 3087 impiis
1192 3015 1392 3072 Alanis
1437 3020 1494 3072 et
1536 3015 1896 3087 irreligiosis,
1929 3018 2034 3090 qui
2065 3020 2202 3088 Scy-

1035 1855 1375 1926 conjuratio
1423 1856 1708 1928 quaedam
1755 1860 1814 1912 et
1858 1858 2221 1930 conspiratio

549 3104 669 3159 tnis
693 3119 938 3176 quoque
968 3105 1208 3176 pejores
1238 3108 1396 3161 sunt.
1425 3105 1579 3171 Quid
1601 3121 1767 3176 ergo,
1795 3105 2046 3179 inquam
2069 3121 2201 3178 ego,
2236 3136 2277 3192 ρ

549 3207 665 3248 nos
696 3207 872 3262 agere
898 3207 1142 3265 equum
1163 3199 1270 3260 est,
1295 3194 1410 3249 nisi
1439 3194 1843 3266 apostolatum
1873 3194 2206 3252 Protocleto

549 3280 788 3337 favente
819 3281 1239 3338 circumferre?
1285 3283 1481 3356 Atqui,
1521 3282 1718 3355 inquit
1760 3283 1877 3354 ille,
1910 3299 2015 3339 cur
2047 3284 2206 3340 hanc

549 3384 754 3425 meam
784 3369 1084 3426 civitatem
1114 3387 1472 3428 concursare
1492 3387 1742 3445 prorsus
1762 3373 1950 3429 audes
1970 3375 1998 3429 ?
2031 3375 2202 3439 Sane,

546 3457 805 3530 inquam
837 3472 971 3529 ego,
1005 3458 1054 3512 si
1103 3463 1184 3527 tu,
1223 3476 1260 3515 o
1303 3459 1481 3532 bone,
1525 3465 1582 3517 te
1632 3462 1787 3532 geris
1833 3463 2202 3534 episcOpum,

547 3549 708 3603 recte
737 3547 850 3614 ais,
885 3551 1042 3603 recte
1085 3549 1504 3620 reprehendis,
1535 3552 1593 3606 et
1616 3550 1907 3608 damnare
1933 3552 2155 3624 poteris
2191 3569 2202 3607 :

549 3635 644 3691 sin
697 3635 902 3708 potius
951 3636 1048 3692 hic
1088 3641 1142 3692 te
1195 3646 1305 3692 ceu
1357 3642 1752 3695 mercatorem
1814 3644 1870 3697 et
1907 3643 2208 3698 advenam

549 3725 729 3794 geris,
756 3725 853 3780 vel
882 3739 1096 3782 omnes
1149 3725 1379 3797 expelle
1429 3725 1515 3783 vel
1564 3743 1661 3784 me
1700 3744 1945 3801 quoque
1970 3730 2159 3786 tolera
2192 3749 2204 3786 :

547 3813 674 3870 imo
702 3829 846 3870 vero
877 3814 1024 3887 quia
1069 3815 1291 3871 invitus
1341 3831 1454 3887 ego
1510 3816 1630 3872 huc
1683 3819 1932 3886 excurri,
1966 3819 2210 3877 misera-

544 3900 709 3958 tione
735 3902 937 3975 potius
975 3902 1196 3974 dignus
1241 3920 1404 3972 sum,
1430 3903 1511 3960 ob
1541 3921 1614 3962 ea
1638 3921 1776 3978 qua
1815 3907 2009 3978 patior
2032 3926 2044 3963 :
2064 3907 2212 3964 nihil

545 3995 750 4049 autem
777 3996 996 4064 sponte
1023 4007 1140 4064 ago
1174 4011 1187 4050 :
1217 3995 1323 4066 qui
1354 3995 1515 4051 enim
1563 3995 1624 4051 id
1660 3997 1898 4052 vinctus
1939 4013 2160 4070 queam
2181 3998 2209 4054 ?

545 4080 639 4135 Ad
681 4081 812 4136 haec
847 4083 1108 4151 graviter
1137 4083 1507 4156 torviterque
1545 4085 1868 4157 aspiciens,
1890 4086 2056 4144 haud
2086 4087 2208 4142 scio

546 4172 750 4223 utrum
782 4171 848 4225 ut
876 4169 1194 4226 basiliscus
1220 4172 1472 4242 quidam
1494 4189 1572 4231 an
1605 4178 1668 4229 ut
1692 4174 1805 4241 leo,
1826 4190 1950 4232 non
1976 4181 2094 4232 tam
2129 4176 2208 4232 ob

548 4258 766 4312 caetera
794 4273 930 4328 qua!
983 4262 1187 4315 tamen
1237 4261 1516 4328 graviora
1567 4267 1754 4328 erant,
1801 4265 1906 4320 sed
1937 4265 2206 4321 audaciae

547 4345 750 4417 potius
776 4360 891 4401 nos
942 4363 1078 4404 reos
1105 4352 1538 4421 pronuntiavit,
1580 4354 1722 4424 quia
1765 4353 2010 4411 liberius
2058 4357 2207 4428 quid

551 4433 922 4489 dixeramus.
975 4438 1086 4501 Qui
1133 4453 1271 4494 vero
1327 4440 1671 4507 adstabant,
1724 4447 1956 4499 tantum
1988 4461 2110 4501 non
2144 4446 2203 4501 in

551 4521 742 4579 oculis
771 4539 884 4578 nos
922 4533 1366 4596 percusserunt.
1402 4530 1640 4586 Interim
1680 4531 1830 4587 alius
1859 4533 2019 4600 hinc,
2051 4534 2204 4590 alius

548 4611 709 4683 inde,
739 4627 851 4668 nos
882 4614 1250 4684 rejiciebant,
1266 4618 1563 4686 urgebant
1583 4624 1640 4676 et
1652 4621 2022 4692 repellebant
2039 4625 2204 4694 jocu-

548 4700 751 4758 lariter
783 4701 963 4757 simul
989 4709 1046 4758 et
1083 4704 1393 4777 iracunde,
1437 4712 1494 4763 et
1537 4709 1815 4764 conviciis
1846 4712 2200 4780 onerabant,

551 4794 729 4862 capto
756 4790 1010 4862 ajudice
1042 4792 1337 4866 exemplo.
1363 4798 1430 4851 Et
1453 4795 1694 4853 volebat
1716 4813 1863 4854 sane
1888 4800 2200 4868 damnare,

552 4881 660 4938 sed
686 4895 811 4937 non
845 4882 1073 4954 pctuit;
1102 4898 1224 4939 non
1255 4885 1415 4942 enim
1447 4890 1648 4943 tantas
1688 4887 1902 4946 habuit
1938 4892 2204 4963 nequitia

549 4970 746 5037 vires;
780 4974 1044 5027 attamen
1070 4971 1142 5027 iis
1168 4973 1272 5044 qui
1307 4990 1420 5029 nos
1452 4975 1782 5034 interﬁcere
1805 4979 2066 5036 avebant
2103 4997 2200 5038 co-

551 5060 936 5131 operabatur.
959 5061 1074 5118 Sed
1097 5061 1250 5118 Deus
1270 5063 1555 5121 liberator
1571 5067 1796 5124 aderat.
1821 5071 1969 5126 Talis
1997 5073 2058 5128 in
2087 5089 2199 5129 nos

550 5150 769 5206 exstitit
787 5149 986 5218 frater,
1003 5156 1128 5208 tam
1148 5153 1477 5223 iucundus,
1496 5159 1617 5211 tam
1639 5157 1867 5227 favens,
1887 5166 2065 5234 atque
2086 5163 2200 5218 hu-

581 5428 593 5439 .
623 5359 700 5429 (4)
726 5359 790 5414 Id
811 5365 902 5442 e_st
941 5367 1150 5442 sancto
1177 5365 1434 5442 Andrea,
1465 5383 1646 5440 quem
1681 5372 1983 5442 Byzantini
2009 5375 2199 5431 Eccle-

551 5431 804 5518 sizevsuaa
832 5431 1216 5518 fundatorem
1249 5431 1458 5518 volunt
1482 5431 1765 5509 asserere,
1791 5449 1853 5497 ut
1891 5460 2026 5500 eam
2058 5462 2174 5518 apo

549 5501 821 5585 stolicam
845 5518 976 5585 esse
988 5505 1324 5585 jactent,_et
1344 5512 1626 5585 Romanae
1644 5501 1973 5585 opponant.
2005 5501 2197 5582 Quare

547 5575 606 5629 et
641 5570 812 5629 illum
851 5570 1194 5646 catalogum
1230 5570 1327 5636 "tot
1365 5570 1789 5656 episcoporum
1831 5570 1969 5643 ante
1995 5570 2197 5646 rietin

2331 1859 2617 1932 μάρτυρος·
2650 1859 2710 1910 οὐ
2743 1861 2845 1933 ⁴γὰρ
2885 1863 3196 1935 προσωτέρω
3243 1859 3519 1933 τολμήσω’
3569 1868 3657 1915 καὶ
3689 1864 3945 1937 εἱλκόμην

2331 1946 2403 2008 εἰς
2432 1951 2606 2020 κρίσιν
2637 1947 2813 2015 αὐτὸς,
2860 1948 3031 2001 οὐκέτι
3061 1951 3150 2021 μεν
3195 1950 3312 2012 ὡςὸ
3363 1950 3578 2021 Παῦλος,
3620 1949 3754 2010 πλὴν
3805 1951 3946 2007 ἀλλὰ

2331 2031 2548 2108 δέσμιος
2579 2035 2628 2088 έν
2654 2044 2894 2110 Χριστῷ.

2397 2295 2468 2354 η’.
2505 2301 2606 2350 Καὶ
2657 2298 2724 2349 τὰ
2771 2303 2862 2348 τοῦ
2917 2293 3174 2351 δικαστοῦ
3233 2298 3472 2373 βήματος
3510 2301 3724 2374 ἐφεξῆςο
3773 2303 3800 2356 6
3838 2311 3934 2366 τῆς

2325 2383 2483 2447 δίκης
2538 2387 2837 2459 προστάτης
2883 2389 3045 2438 πνέων
3095 2386 3367 2461 ίμπύριον,
3412 2392 3461 2442 οὶ
3498 2389 3929 2465 παρεδρεύοντες,

2321 2477 2372 2527 oi
2417 2491 2767 2550 παρεστωτες,
2801 2477 2924 2527 ὅσον
2966 2477 3237 2549 ὑπηρετεῖν
3288 2483 3378 2531 καὶ
3436 2481 3566 2552 πρὸς
3603 2482 3668 2532 τὰ
3727 2481 3933 2534 κελευό-

2321 2582 2449 2636 μενα
2490 2565 2693 2636 ἕτοιμον
2719 2583 2732 2598 ο
2787 2569 2878 2618 καὶ
2922 2567 2947 2616 6
2986 2568 3301 2638 κατάκριτος
3357 2566 3458 2639 ὶσγὼ
3512 2571 3915 2644 παριστάμενος,

2319 2659 2408 2705 καὶ
2459 2657 2554 2711 τὴν
2585 2652 2846 2726 ἀπόφασιν
2886 2650 3248 2726 ἐκδεχόμενος.
3303 2660 3394 2718 Τίς
3437 2659 3590 2710 πόθεν
3631 2660 3773 2731 ἡμῖν,
3812 2679 3919 2732 φη-

2322 2747 2425 2810 σὶν,
2467 2743 2850 2816 ἐπεισέφρησας
2874 2758 2887 2809 ;
2915 2742 3114 2817 Ὥσπερ
3151 2745 3196 2796 εἰ
3235 2745 3406 2821 ἑτέρου
3440 2743 3723 2820 δόγματος,
3769 2751 3918 2820 ἔφην,

2317 2832 2382 2889 ἧν
2420 2829 2519 2902 ἐγὼ
2558 2836 2648 2884 καὶ
2676 2835 3035 2905 κηρύγματος,
3095 2832 3222 2886 ἀλλὰ
3269 2839 3340 2907 μὴ
3392 2845 3490 2898 τῆς
3540 2836 3702 2898 αὐτῆς
3730 2835 3919 2896 ἐκκλη-

2320 2926 2435 2981 σίας
2481 2926 2570 2974 καὶ
2607 2929 2696 2974 τοῦ
2753 2922 2908 2974 αὐτοῦ
2963 2922 3336 2996 ἀρχιποίμενος
3389 2921 3536 2997 ἦμεν.
3571 2925 3703 2978 Ἀλλ’
3734 2923 3782 2988 ἔς
3821 2931 3917 2980 κό-

2315 3028 2482 3082 ρακας
2532 3009 2644 3084 ἔρῥε
2684 3014 2802 3072 τοὺς
2841 3010 3038 3072 ἀσεϐεῖς
3076 3012 3320 3075 Ἀλανοὺς
3367 3017 3458 3066 καὶ
3509 3013 3707 3080 ἀθέους,
3741 3016 3790 3068 οἵ
3827 3023 3919 3069 καὶ

2317 3101 2524 3152 Σκυθῶν
2562 3099 2665 3151 εἰσι
2717 3105 2969 3173 χείρονες.
3009 3107 3072 3154 Τί
3111 3098 3219 3172 οὖν,
3277 3103 3432 3165 αὐτὸς
3472 3105 3611 3176 ἔφην,
3653 3109 3741 3156 καὶ
3781 3101 3918 3180 δρᾷν

2315 3189 2455 3260 ἡμᾶς
2501 3184 2727 3258 δίκαιον,
2757 3187 2867 3240 ἀλλ’
2896 3191 2926 3249 ἣ
2979 3194 3145 3265 φέρειν
3190 3195 3285 3250 τὴν
3326 3191 3638 3261 ἀποστολὴν,
3689 3199 3778 3246 καὶ
3820 3199 3918 3246 σὺν

2314 3296 2374 3348 γε
2433 3284 2506 3347 τῷ
2565 3277 2922 3350 Πρωτοκλήτῳ
2975 3278 3084 3351 (li);
3137 3278 3292 3333 Ἀλλά
3347 3285 3400 3332 τί
3458 3280 3762 3355 βουλόμενος
3817 3288 3917 3342 τὴν

2316 3365 2442 3438 ἐμὴν
2489 3369 2682 3424 ταύτην
2721 3366 2870 3420 πόλιν
2917 3367 3207 3440 περιπολεῖν
3261 3368 3554 3442 ἐτόλμησας
3605 3371 3768 3437 ὃλως;
3812 3377 3916 3425 Καὶ

2315 3459 2439 3527 μὴν,
2471 3452 2700 3526 ὦ’γαθε,
2757 3456 2801 3508 εἰ
2843 3459 2932 3528 μεν
2989 3455 3308 3526 ἐπισκοπεῖς,
3351 3455 3404 3511 εὖ
3456 3459 3637 3531 λέγεις,
3696 3466 3783 3513 καὶ
3821 3481 3918 3534 φα-

2315 3552 2469 3618 νερῶς
2519 3542 2741 3616 ἐλέγξας,
2805 3544 2915 3597 εἶτα
2963 3548 3278 3621 κατάκρινεο
3326 3547 3370 3599 εἰ
3417 3544 3470 3600 δ’
3500 3550 3566 3611 ὡς
3597 3545 3686 3601 ὅδε
3722 3568 3798 3612 τις
3829 3553 3918 3622 ξιι-

2315 3650 2496 3706 πορος,
2535 3637 2625 3685 καὶ
2682 3629 2773 3685 ὅδε
2817 3653 2900 3696 τις
2951 3635 3162 3702 ἔπηλυς,
3212 3637 3243 3694 ἣ
3291 3639 3486 3697 πάντας
3535 3633 3712 3706 δίωκε,
3741 3637 3772 3695 ἣ
3823 3644 3915 3691 καὶ

2315 3722 2456 3793 ἡμᾶς
2486 3721 2727 3795 ἀνάσχου
2753 3743 2766 3756 ·
2798 3722 2947 3776 πλέον
2987 3722 3065 3791 δε,
3117 3725 3194 3776 ὃτι
3234 3731 3326 3778 καὶ
3367 3725 3670 3787 ἀκουσιάζω
3695 3732 3786 3785 τὴν
3834 3727 3911 3779 ἐν·

2316 3813 2487 3864 ταῦθα
2527 3809 2871 3888 περιδρομὴν,
2907 3812 3075 3876 ἐλέους
3120 3833 3175 3867 τε
3220 3814 3409 3887 μᾶλλον
3464 3815 3525 3866 ἂν
3571 3814 3804 3889 ἀξιοίμην
3844 3820 3912 3878 ὡς

2316 3904 2614 3962 πεπονθωςο
2667 3903 2792 3954 ἑκὼν
2847 3899 2906 3955 δὲ
2959 3905 3171 3977 πράττω
3217 3901 3397 3957 οὐδέν·
3455 3913 3564 3968 πῶς
3617 3907 3716 3978 ’γὰρ
3756 3908 3782 3958 6
3831 3903 3917 3960 δε-

2321 4007 2507 4062 σμιος;
2541 3994 2674 4064 Πρὸς
2711 3999 2878 4044 ταῦτα
2933 3989 3162 4067 σφοδρὸν
3212 3991 3339 4045 ἰδών
3390 4013 3440 4046 τι
3491 3998 3582 4048 καὶ
3632 3993 3910 4070 βλοσυρόν,

2318 4083 2407 4131 καὶ
2473 4077 2576 4131 οἷον
2639 4079 2915 4152 βασιλικὸν
2955 4085 3043 4132 καὶ
3079 4081 3346 4151 λεόντειον,
3406 4081 3431 4135 ὂ
3488 4091 3598 4144 πῶς
3653 4083 3712 4135 ἂν
3764 4085 3909 4151 εἴπω,

2315 4168 2449 4227 πλὴν
2481 4169 2574 4221 οὐκ
2617 4168 2665 4220 ἐν
2695 4175 2800 4230 τοῖς
2847 4169 3018 4232 ἄλλοις
3058 4177 3265 4224 τοιοῦτο
3313 4176 3402 4225 καὶ
3450 4172 3682 4245 μάλιστα
3709 4169 3911 4240 δέουσι,

2316 4263 2405 4310 καὶ
2434 4257 2627 4330 τόλμης
2667 4261 2807 4330 ἡμᾶς
2854 4258 3116 4333 ἐγράφετο,
3152 4262 3230 4313 ὅτι
3272 4259 3367 4312 κᾶν
3414 4279 3464 4313 τι
3502 4261 3661 4334 λέγειν
3690 4259 3913 4335 ἐθρασυ-

2315 4349 2535 4420 νάμεθα.
2586 4350 2652 4400 Οἱ
2705 4343 2764 4399 δὲ
2810 4357 3151 4420 περιεστῶτες
3208 4356 3399 4425 μικροῦ
3450 4355 3539 4402 καὶ
3589 4352 3722 4402 κατά
3761 4357 3915 4426 κόρης

2317 4438 2453 4508 ἡμᾶς
2495 4439 2673 4488 ἔπαιον
2699 4457 2710 4469 ·
2765 4440 2890 4496 τέως
2934 4438 2959 4489 6
3006 4439 3097 4510 μὶν
3127 4439 3283 4506 ἔνθεν,
3325 4440 3350 4490 6
3399 4435 3460 4490 δὲ
3504 4440 3639 4492 ἔνθεν
3677 4439 3913 4515 πορέῥρι-

2315 4544 2461 4592 πτον,
2495 4527 2662 4578 ὤθουν
2712 4545 2764 4577 τε
2813 4530 2903 4578 καὶ
2962 4524 3222 4580 ἁντώθουν
3283 4531 3634 4600 παι-γνιμόνως
3685 4533 3774 4580 καὶ
3803 4531 3912 4602 μετ’

2317 4614 2494 4685 ὀργῆς,
2543 4613 2725 4688 ὗϐρεσί
2791 4633 2846 4667 τε
2894 4614 3167 4688 βάλλοντες
3223 4613 3358 4674 ἦσαν
3411 4615 3466 4668 ἐκ
3509 4624 3601 4668 τοῦ
3655 4613 3913 4671 δικαστοῦ

2313 4701 2586 4775 λαϐόμενοι
2623 4711 2716 4763 τῆς
2768 4703 2963 4777 ἀρχῆς.
3008 4705 3067 4756 Ἠ
3108 4701 3167 4757 δε
3206 4703 3470 4777 ἀπόφασις
3521 4705 3751 4758 ἐϐούλετο
3799 4711 3910 4779 μὲν,

2313 4791 2406 4843 οὐκ
2459 4788 2690 4849 ἠδύνατο
2740 4788 2828 4845 δέ·
2879 4793 2936 4845 οὐ
2975 4797 3075 4866 γὰρ
3117 4791 3201 4846 ἐπὶ
3229 4802 3476 4846 τοσοῦτον
3515 4795 3545 4853 ἡ
3587 4799 3746 4846 κακία
3768 4801 3911 4848 κοτί-

2315 4898 2490 4952 σχυσε
2515 4901 2526 4913 ·
2558 4881 2692 4939 πλὴν
2725 4879 2852 4934 ἀλλὰ
2880 4888 3126 4955 συνήργει
3160 4891 3264 4945 τοῖς
3316 4885 3564 4936 θανατοῦν
3603 4885 3741 4956 ἡμᾶς
3780 4883 3904 4957 βου.

2313 4969 2545 5042 λομένοις
2570 4992 2580 5002 ·
2629 4974 2761 5032 Θεὸς
2802 4967 2860 5023 δὲ
2917 4972 2942 5024 ὁ
2991 4971 3345 5047 ἐξαιρούμενος
3389 4969 3471 5030 ἣν.
3510 4979 3750 5034 Τοιοῦτος
3789 4975 3908 5046 ἡμῖν

2311 5060 2336 5111 6
2368 5056 2608 5132 ἀδελφὸς,
2661 5061 2824 5123 οὕτως
2872 5057 3024 5129 ἡδὺς,
3067 5061 3229 5122 οὕτως
3282 5061 3644 5122 ἁντιληπτικός
3699 5066 3788 5114 καὶ
3827 5083 3908 5134 φι-

2313 5147 2637 5221 λάνθρωπος,
2676 5157 2784 5212 τοῖς
2835 5150 2996 5213 ξένοις
3046 5153 3071 5203 ὁ
3119 5150 3427 5226 ἐπιχώριος,
3475 5159 3583 5213 τοῖς
3632 5170 3908 5203 κατακεκο-

2307 5380 2574 5451 phanem
2605 5380 3064 5438 fabricaverunt.
3095 5383 3175 5438 De
3204 5397 3266 5437 re
3294 5382 3401 5438 hac
3422 5382 3544 5438 dixi
3571 5382 3632 5436 in
3659 5381 3905 5438 adnota-

2306 5452 2574 5507 tionibus
2604 5452 2682 5507 ad
2713 5453 3116 5524 Ephraemium
3141 5452 3674 5526 chronographum
3699 5453 3900 5526 Script.

2307 5528 2418 5580 vet.
2453 5530 2493 5580 t.
2526 5527 2616 5590 111,
2649 5541 2706 5596 p.
2742 5529 2847 5580 226
2877 5527 3145 5595 (PATROL.
3173 5529 3214 5582 t.
3247 5527 3449 5596 €111.11,
3480 5524 3593 5580 col.
3627 5527 3770 5592 319).
