4028 6308
76 304 182 358 307

73 431 240 497 μένοις
270 426 296 478 6
325 427 540 478 καὶτοῦ
565 427 756 498 κρίνειν
785 425 960 496 κύριος
989 427 1058 476 ὧν
1088 444 1100 460 ’
1135 423 1199 476 έῶ
1227 421 1389 477 τᾶλλα
1413 443 1427 458 ο
1469 420 1675 476 δίκαιον
1705 425 1751 479 Α

75 519 199 590 γάρ.

144 693 212 751 η’,
259 691 385 746 Ἀλλ
443 688 625 750 ἐπειδὴ
686 710 821 751 τινος
881 688 1164 764 ἐλευθερίας
1232 689 1524 764 λαϐόμενοι,
1589 696 1681 744 καὶ

71 788 157 839 τὴν
197 778 320 835 ὀδόν
381 781 707 854 ἐσκοποῦμεν
757 782 829 843 ὡς
865 780 926 831 ἂν
965 780 1183 841 ἕκαστος
1221 783 1307 833 τὸν
1348 784 1542 832 σκοπόν
1586 788 1682 842 τῆς

75 871 348 947 sempr“;
408 867 538 938 εἶδε,
587 875 682 928 τήν
733 869 816 924 ἰθὺ
878 875 1146 943 Βοσπόρου
1196 869 1490 943 ἐτέμνομεν-
1542 867 1679 922 ἐδεί-

76 959 170 1012 ὅου
197 958 256 1014 δε
285 964 313 1013 ὁ
352 979 412 1014 τε
449 963 629 1035 καιρὸς
666 967 925 1032 χειμῶνος
962 961 1103 1032 ἄγων
1145 961 1212 1012 τὰ
1255 964 1412 1032 μέσα,
1456 965 1546 1012 καὶ
1583 968 1680 1012 τῶν

71 1051 276 1103 Σκυθῶν
326 1051 359 1107 ἠ
410 1051 546 1103 κατὰ
578 1057 670 1102 τοῦ
713 1053 981 1123 Βοσπόρου
1056 1057 1346 1107 τηνικαῦτα
1389 1051 1523 1123 ὁρμὴ
1567 1045 1680 1103 διε-

71 1140 258 1192 κώλυεν
283 1160 296 1174 ι
345 1139 397 1192 εἰ
437 1143 529 1191 καὶ
577 1140 726 1211 ἡμεῖς
770 1137 1043 1210 ἐϐιάζομεν
1089 1143 1181 1197 τὴν
1232 1135 1374 1210 ὁδὸν,
1408 1138 1462 1202 ἐξ
1501 1139 1560 1192 οὗ
1588 1144 1680 1192 καὶ

73 1228 440 1302 διηλέτχημεν
493 1230 776 1304 ἄπρακτοι.
832 1233 923 1292 Τίς
976 1228 1037 1280 ἂν
1085 1232 1220 1282 εἴποι
1277 1233 1342 1281 τὰ
1407 1232 1679 1298 σκυθικείς

70 1328 145 1381 τίς
187 1321 448 1393 θρηνήσει
482 1319 517 1371 ἄ
547 1337 604 1371 τε
650 1315 874 1390 ἴδοιμεν,
916 1319 950 1370 ἆ
977 1338 1033 1371 τε
1070 1320 1364 1391 πάθοιμεν;
1425 1319 1681 1392 Ἀφίστα-

71 1428 154 1460 ται
187 1406 246 1461 δὲ
269 1411 384 1484 ἄρα
415 1410 532 1460 οὔτε
569 1415 662 1460 τοῦ
699 1407 948 1482 κυϐερνᾲν
991 1412 1079 1460 καὶ
1125 1408 1440 1483 παραπλέειν
1487 1412 1513 1462 6
1552 1413 1681 1462 ναύ-

75 1518 256 1570 αρχος,
315 1496 420 1549 κᾶν
468 1501 570 1549 ὅσα
614 1504 728 1558 τοῖς
771 1497 977 1570 ἀνέμοις
1016 1497 1456 1571 έκπεπολέμωται,
1491 1503 1681 1571 μέχρις

73 1591 128 1638 εἰν
178 1589 244 1648 εἰς
295 1588 486 1659 λιμένα
534 1589 829 1659 καταγάγοι
885 1592 980 1646 τὴν
1030 1597 1184 1640 ναῦν·
1260 1593 1347 1640 καὶ
1398 1593 1485 1642 τὸν
1528 1589 1682 1641 αὐτὸν

73 1681 216 1747 ἡμεῖς
247 1681 454 1730 σκοπὸν
485 1684 694 1750 εἴχομεν
720 1697 733 1711 ·
761 1681 850 1729 καὶ
876 1677 1028 1730 πάλιν
1069 1675 1235 1751 όδοῡφ
1265 1683 1448 1751 ροντὶς,
1477 1683 1564 1731 καὶ
1585 1679 1685 1730 ὅσα

72 1764 336 1840 παρόδιοι·
393 1772 484 1820 καὶ
525 1766 680 1820 πάλιν
737 1770 804 1820 τὰ
852 1776 1038 1840 πρῶτα
1086 1770 1378 1842 παθήματα
1439 1767 1522 1822 έπὶ
1579 1776 1684 1829 τοῖς
1713 1776 1753 1832 Β

71 1857 283 1917 αὐτοῖς·
353 1855 494 1918 ἐντός
554 1859 584 1915 ἡ
643 1861 795 1919 νόσος
849 1857 1108 1925 ξενιτεύει,
1152 1863 1242 1910 καὶ
1293 1858 1486 1933 ἀπορία
1543 1878 1684 1931 συμ-

74 1945 356 2013 ϐαίνουσα,
414 1952 504 1998 καὶ
559 1954 651 1998 τοῦ
722 1952 1076 2020 σκοπουμένου
1122 1947 1310 2020 μᾶλλον
1355 1945 1681 2023 διαμαρτεῖν.

77 2043 174 2088 Καὶ
203 2036 370 2098 αὐτὸς
399 2039 485 2096 μεν
517 2031 643 2107 ἦγον
666 2038 722 2088 τὸ
749 2035 1076 2108 συμϐεϐηκός
1114 2040 1183 2099 ὡς
1221 2037 1280 2090 ἂν
1313 2040 1431 2110 ἔχοι
1459 2059 1470 2071 ·
1513 2042 1600 2091 τὸν
1628 2035 1686 2091 δὲ

71 2129 270 2197 πατέρα
314 2130 411 2177 καὶ
456 2125 609 2177 πάλιν
650 2129 780 2200 πρὸς
831 2129 895 2178 τὰ
935 2125 1100 2179 οἰκεῖα
1129 2129 1335 2201 τρέχειν
1367 2128 1682 2199 ἠνάγκαζον.

71 2221 197 2267 τίνα
213 2217 285 2266 τὰ
314 2213 402 2268 ἐπὶ
431 2217 671 2282 τούτοις
709 2219 876 2277 Μόνος
903 2217 928 2267 6
978 2215 1208 2288 πρέσϐυς
1253 2215 1551 2290 ἀρχιερεὺς,
1599 2223 1689 2272 καὶ

73 2321 127 2372 γε
167 2307 266 2356 σὺν
302 2312 380 2374 τῷ
424 2305 632 2376 ὑστάτῳ
677 2312 778 2356 τῶν
823 2309 1006 2358 τέκνων
1064 2305 1149 2359 ἐπὶ
1189 2311 1450 2380 Βόσπορον
1483 2309 1686 2361 ἄπεισι.

135 2393 200 2447 τ’.
273 2397 379 2446 Καὶ
429 2393 583 2445 πάλιν
637 2393 784 2469 έτέρα
848 2397 1087 2467 συμφορὰ
1144 2400 1234 2448 καὶ
1293 2399 1530 2460 κάκωσις
1593 2398 1690 2450 οἷλ-

73 2482 128 2539 λη
156 2503 168 2516 ·
215 2481 279 2534 οὐ
328 2484 431 2556 γὰρ
483 2480 682 2555 ἐδέχθη
734 2492 807 2555 τῷ
843 2485 1086 2558 ἄρχοντι.
1129 2481 1362 2558 Οἴδαμεν
1406 2490 1591 2549 πάντες
1630 2491 1689 2540 τὸ

71 2572 291 2624 παλαιὸν
365 2574 526 2624 έκεῖνο
601 2575 784 2639 κακὸν,
867 2577 961 2632 τὴν
1020 2573 1254 2648 ἀρχαίαν
1322 2578 1519 2649 ἔχθραν
1600 2582 1690 2629 καὶ

70 2667 304 2734 πρωτην,
375 2666 464 2713 καὶ
524 2664 583 2713 τὸ
660 2659 966 2738 δεινότερον,
1037 2668 1126 2716 καὶ
1196 2665 1317 2737 ὅπερ
1385 2663 1439 2716 έκ
1508 2667 1689 2728 πάσης

73 2748 300 2822 καρδίας
355 2749 612 2802 ἐκκαλοῖτ’
660 2751 720 2802 ἄν
773 2756 863 2804 καὶ
903 2749 1150 2827 δάκρυα·
1202 2752 1443 2824 έγειτόνει
1500 2755 1526 2806 6
1568 2773 1688 2806 ποε-

74 2844 163 2909 μὴν
214 2844 309 2891 καὶ
350 2845 602 2892 τοσοῦτον
629 2841 750 2892 ὅσον
808 2842 1035 2914 ὁρᾶσθαί
1072 2861 1126 2894 τε
1175 2848 1264 2894 καὶ
1304 2845 1426 2916 όρᾴν
1456 2861 1467 2872 ·
1530 2847 1619 2896 καὶ
1661 2845 1686 2895 6

75 2932 179 2998 μὲν,
212 2937 291 2998 τῷ
322 2929 542 3001 καλάμῳ
583 2927 848 3001 θρηνῶδες
875 2930 1022 3002 μέλος
1071 2930 1260 2984 ένέπνει
1323 2937 1414 2984 καὶ
1468 2932 1688 2992 ἀνακλὴ-

73 3036 163 3078 τως
192 3039 206 3051 ο
270 3021 331 3069 τὸ
401 3014 460 3070 δε
503 3022 827 3090 περιτρέχειν
884 3021 974 3091 μὲν
1023 3020 1170 3078 ἤθελε
1213 3024 1300 3072 τὸν
1333 3026 1555 3094 ποιμένα
1591 3012 1685 3073 καὶ

72 3112 464 3181 περισκαίρειν·
525 3111 684 3165 ἤκουε
721 3111 821 3180 ’γὰρ
870 3117 966 3171 τῆς
1014 3117 1182 3182 φωνῆς
1240 3115 1329 3162 καὶ
1385 3109 1680 3182 έγίνωσκεν.
1717 3131 1756 3187 C

73 3193 305 3252 ἠδύνατο
350 3193 412 3249 δέ
460 3193 728 3268 οὐδαμῶς.
765 3203 901 3250 φασὶ
938 3196 1176 3252 πανσυδὶ
1215 3200 1309 3258 τῆν
1334 3199 1482 3252 πόλιν
1520 3218 1686 3274 προσ-

74 3290 204 3337 τέναι
272 3294 344 3356 τῷ
415 3282 721 3359 δυναμένῳ·
768 3291 859 3339 καὶ
922 3289 952 3347 ἢ
1014 3290 1312 3346 τεθνηκέναι
1360 3291 1561 3350 πάντως
1611 3288 1684 3341 οἱ·

75 3376 366 3437 τήσασθαι,
431 3376 461 3433 ἢ
529 3378 617 3428 τόν
685 3373 938 3448 ἀρχιερέα
1002 3376 1173 3430 λαϐεῖν
1207 3399 1220 3412 ο
1298 3379 1394 3430 οὐκ
1455 3380 1685 3451 ἔκαμπτε

75 3459 128 3514 δὲ
183 3471 374 3518 τοῦτον
437 3464 497 3516 οὐ
549 3463 780 3537 πρέσϐυς
835 3468 1050 3534 πενθῶν,
1109 3467 1203 3519 οὐκ
1259 3467 1388 3539 ἀνὴρ
1451 3469 1686 3540 σκυθρω-

73 3554 274 3620 πάζων,
318 3553 379 3605 οὗ
434 3561 555 3614 παῖς
610 3552 901 3623 ἀλαλάζων,
952 3553 1068 3608 οὐδ’
1128 3556 1476 3630 ὀλοφυρομένη
1526 3562 1681 3628 γυνή,

78 3641 127 3691 οὗ
176 3641 332 3702 πόλις
391 3641 480 3700 ὅλη
536 3650 610 3713 τῷ
666 3645 822 3696 πείθει
873 3646 1147 3703 νικηθεῖσα
1191 3651 1281 3698 καὶ
1334 3642 1680 3700 δυσωποῦσα.

76 3737 216 3794 Τίνος
276 3732 478 3800 ivssu;
523 3731 642 3784 Ὀτι
690 3732 843 3794 ζῆλος
902 3737 990 3786 τὸν
1039 3732 1212 3809 ἄνδρα
1264 3739 1540 3807 κατέφαγε,
1595 3741 1685 3788 καὶ

78 3821 149 3871 ότι
197 3819 412 3895 στερρὸς
463 3826 555 3873 καὶ
607 3820 917 3885 ἀντιτυπής,
965 3821 1082 3876 ουδ’
1134 3826 1202 3886 ὡς
1244 3826 1311 3877 τὰ
1357 3823 1522 3877 πολλὰ
1576 3832 1686 3887 τοῖς

79 3912 342 3981 ἄρχουσιν
395 3909 657 3971 ἀπειθὴς·
713 3912 759 3964 εἰ
810 3916 900 3984 μεν
951 3912 1182 3988 ἀκαίρως
1229 3934 1283 3966 τε
1331 3919 1419 3966 καὶ
1463 3913 1682 3988 ἀλόγως,

82 3995 243 4052 δεινὸν
276 4001 336 4050 τὸ
372 4004 616 4072 πρᾶγμα,
657 4004 746 4053 καὶ
785 4001 902 4054 οὐδ’
952 3986 1098 4074 ἡμεῖς
1141 4001 1472 4076 ἐπαινέσομεν
1515 4004 1580 4056 ἐἰ
1634 3986 1685 4056 δ’

84 4086 370 4148 ἀθλητικῶς
424 4093 514 4140 καὶ
548 4095 818 4160 γενναίως,
871 4095 960 4143 καὶ
1012 4096 1079 4155 ὠς
1122 4101 1220 4144 τῶν
1271 4095 1496 4166 πρόσθεν
1542 4092 1688 4146 ἐπευ-

84 4179 280 4249 Θῦμεθα
330 4177 454 4230 κλέα
507 4175 711 4254 ἀνδρῶν
778 4181 876 4251 (5),
935 4183 1044 4254 μετ’
1105 4181 1305 4236 ἐκείνων
1370 4182 1431 4235 ἂν
1494 4187 1563 4246 ὡς
1625 4182 1686 4235 ἂν

86 4269 347 4339 συμπέσοι
370 4269 438 4318 τὰ
460 4269 769 4340 πράγματα.

143 4355 232 4410 ια’.
302 4354 442 4408 Ἐπεὶ
492 4351 552 4408 δὲ
607 4356 970 4431 ἀπειρήκειμεν
1011 4362 1069 4412 τὸ
1127 4359 1314 4414 ἐκεῖθεν
1363 4360 1545 4430 ἐλθεῖν,
1587 4361 1686 4414 ἑτέ-

1574 299 1946 358 ALANICUS.

3337 313 3440 369 398

1788 439 2042 492 manus;
2091 425 2422 498 peregrinis
2467 427 2708 497 scilicet,
2747 430 2799 486 is
2837 430 2947 505 qui
2975 447 3150 490 suam
3183 433 3442 507 patriam

1787 514 2066 580 tenebat;
2097 517 2236 585 reis,
2261 517 2312 573 is
2335 519 2439 590 qui
2466 518 2677 589 judicii
2701 519 2922 578 arbiter
2946 527 3096 592 erat,
3128 529 3195 581 ut
3224 528 3441 583 caetera

1785 603 2080 675 omittam,
2107 611 2289 679 prout
2308 621 2420 678 par
2449 611 2555 664 est.

1859 697 1910 748 9.
1937 694 2056 765 Age
2074 711 2217 751 vero
2239 699 2566 770 postquam
2589 697 2856 772 aliquam
2885 700 3174 758 libertatis
3204 707 3439 774 partem

1786 782 1945 838 nacti
1967 781 2211 849 fuimus,
2228 784 2302 840 de
2331 786 2431 841 via
2461 786 2860 859 cOgitavimus
2875 793 3055 861 prout
3075 791 3332 863 quisque
3352 791 3445 847 iti-

1786 873 1946 926 neris
1969 873 2063 927 sui
2091 889 2343 945 scopum
2360 873 2646 945 habebat,
2659 882 2941 950 rectaque
2959 878 3038 934 ad
3057 879 3441 952 Bosphorum

1788 961 2168 1018 tetendimus.
2200 963 2540 1020 Timebatur
2555 981 2696 1022 vero
2727 973 2784 1023 et
2812 968 3026 1024 mediae
3047 969 3264 1025 hiemis
3294 973 3440 1026 tem-

1787 1065 1923 1122 pus,
1937 1055 1994 1106 et
2012 1051 2368 1122 Scytharum
2387 1053 2544 1110 circa
2565 1055 2938 1126 Bosphorum
2958 1073 3228 1128 prmsens
3247 1058 3444 1115 incur-

1790 1139 1880 1194 sio
1901 1139 2334 1211 impedimento
2352 1147 2504 1198 erat:
2530 1143 2920 1202 nihilominus
2941 1163 3052 1204 nos
3076 1148 3135 1203 vi
3153 1149 3262 1204 iter
3292 1149 3462 1216 arri-‘

1788 1228 2053 1300 puimus,
2085 1230 2364 1301 quamvis
2396 1247 2680 1288 successu
2701 1233 2954 1289 fortasse
2995 1236 3254 1292 carituri.
3297 1237 3441 1302 Quis

1787 1316 1952 1373 mala
1981 1319 2248 1390 scythica
2263 1320 2505 1376 narret?
2535 1321 2672 1393 quis
2705 1323 2850 1378 satis
2871 1322 3110 1396 deﬂeat,
3132 1341 3271 1397 quae
3291 1325 3445 1382 vidi-

1789 1423 1928 1462 mus
1959 1412 2063 1463 aut
2091 1409 2257 1480 passi
2289 1425 2500 1465 sumus
2531 1410 2558 1464 7
2601 1411 2714 1467 Sed
2762 1412 2924 1467 enim
2961 1429 3160 1485 neque
3203 1413 3443 1471 clavum

1788 1511 2014 1566 regere,
2039 1512 2234 1570 neque
2264 1498 2546 1567 navigare
2573 1499 2942 1570 gubernator
2979 1501 3175 1569 desiit,
3200 1503 3448 1576 quibus-

1789 1585 1932 1642 libet
1950 1588 2430 1659 repugnantibus
2448 1589 2660 1652 ventis,
2677 1589 2870 1646 donec
2894 1591 3101 1647 navim
3121 1591 3182 1648 in
3203 1597 3446 1664 portum

1791 1677 2153 1734 deduxisset.
2177 1679 2340 1735 Idem
2357 1679 2535 1736 nobis
2555 1696 2775 1753 scopus
2792 1685 2945 1751 erat;
2964 1681 3220 1754 ideoque
3240 1698 3446 1739 rursus

1792 1766 2019 1823 itineris
2044 1783 2189 1824 cura
2223 1772 2402 1840 atque
2448 1774 2780 1842 apparatus
2813 1787 2825 1825 :
2875 1786 3175 1844 rursuque
3217 1772 3448 1844 priores

1795 1872 2082 1912 aerumnae
2097 1857 2207 1913 viae
2229 1857 2498 1915 comites.
2517 1859 2912 1916 Etnobiscum
2931 1861 3178 1932 quidem
3198 1861 3449 1918 morbus

1795 1946 2308 2018 peregrinabatur,
2335 1953 2391 2003 et
2411 1963 2546 2020 qua:
2570 1948 2726 2006 solet
2745 1949 3017 2006 comitari
3035 1954 3294 2020 egestas,
3327 1955 3386 2006 et
3413 1966 3451 2007 a

1794 2037 2106 2109 proposito
2137 2051 2320 2109 scopo
2347 2037 2664 2095 aberratio.
2711 2041 2892 2094 Porro
2923 2054 3019 2096 res
3043 2054 3156 2110 ego
3179 2044 3362 2112 prout
3385 2055 3449 2096 se

1797 2125 2025 2182 dabant
2044 2125 2342 2192 ferebam;
2374 2126 2482 2182 sed
2507 2131 2742 2200 patrem
2767 2127 2969 2184 denuo
2996 2128 3057 2184 in
3078 2128 3337 2200 patriam
3355 2144 3450 2186 re-

1798 2215 1925 2271 dire
1950 2215 2263 2287 cogebam.
2285 2215 2440 2282 Quid
2459 2231 2602 2273 vero
2623 2218 2871 2290 postea?
2902 2217 3074 2274 Solus
3098 2232 3283 2274 senex
3297 2233 3449 2290 prasa-

1799 2304 1911 2370 sul,
1944 2321 2083 2360 cum
2118 2308 2422 2377 postremo
2451 2305 2712 2362 ﬁliorum
2742 2305 2822 2361 ad
2860 2306 3235 2378 Bosphorum
3259 2307 3446 2365 venit.

1871 2395 1956 2449 10.
2007 2396 2074 2449 Et
2103 2409 2177 2449 en
2202 2409 2408 2449 rursus
2440 2393 2556 2450 alia
2599 2394 2912 2451 calamitas
2939 2398 3119 2467 atque
3149 2393 3392 2450 afﬂictio
3428 2411 3442 2449 :

1797 2483 2022 2556 quippe
2049 2499 2085 2538 a
2103 2483 2373 2555 principe
2403 2487 2677 2555 receptus
2700 2498 2822 2538 non
2853 2482 2982 2540 fuit.
3010 2483 3206 2540 Nostis
3235 2497 3450 2538 omnes

1797 2571 2116 2644 antiquum
2140 2572 2290 2628 illud
2313 2572 2563 2637 malum,
2591 2573 2857 2646 priscam
2881 2577 2939 2628 et
2967 2573 3229 2645 primam
3251 2572 3451 2630 inimi-

1799 2661 2025 2729 citiam;
2051 2662 2341 2735 quodque
2361 2663 2629 2732 gravius,
2653 2666 2709 2719 et
2723 2663 3026 2735 lacrymas
3055 2662 3129 2719 de
3151 2662 3334 2720 corde
3353 2678 3450 2719 ex-

1797 2751 2018 2824 primit,
2048 2751 2108 2806 in
2131 2752 2475 2824 propinquo
2505 2757 2676 2808 erant
2703 2756 2910 2824 pastor
2930 2756 2987 2808 et
3015 2766 3180 2821 grex,
3222 2752 3285 2809 in
3314 2755 3447 2810 tan-

1798 2844 1925 2896 tum
1954 2845 2016 2896 ut
2043 2840 2299 2896 invicem
2339 2845 2693 2896 cernerent:
2736 2845 2792 2897 et
2834 2840 2931 2896 ille
2975 2841 3223 2912 quidem
3249 2840 3450 2900 ﬁstula

1797 2928 2247 2984 lamentabilem
2270 2945 2488 2985 sonum
2513 2929 2805 2985 invitandi
2827 2944 3012 2984 causa
3030 2929 3273 2997 edebat;
3303 2945 3448 2998 grex

1799 3022 2001 3073 autem
2043 3033 2353 3074 accurrere
2385 3017 2631 3090 quidem
2671 3016 2914 3073 volebat
2952 3017 3031 3072 ad
3060 3021 3361 3088 pastorem
3392 3020 3449 3074 et

1797 3108 2232 3165 circumsistere
2266 3126 2280 3176 ;
2324 3123 2468 3164 nam
2507 3123 2720 3163 vocem
2768 3107 2899 3177 ejus
2937 3105 3222 3163 audiebat
3265 3111 3447 3180 atque

1793 3197 2190 3268 agnoscebat;
2223 3212 2419 3269 neque
2439 3200 2642 3253 tamen
2665 3200 2914 3267 poterat.
2946 3194 3127 3251 Aiunt
3155 3194 3446 3266 globatim

1792 3289 2089 3344 civitatem
2107 3287 2186 3343 ad
2202 3289 2510 3360 potentem
2526 3285 2720 3340 virum
2734 3284 3077 3351 accessisse,
3098 3299 3162 3340 se
3177 3284 3272 3340 vel
3293 3285 3449 3342 mori

1793 3377 1939 3433 velle
1968 3375 2287 3445 dicentem,
2312 3375 2408 3430 vel
2433 3373 2758 3448 praesulem
2780 3389 2958 3429 suum
2984 3373 3276 3446 recipere:
3300 3374 3447 3446 quia

1792 3472 1998 3522 tamen
2042 3465 2208 3520 illum
2255 3464 2518 3521 ﬂecteret
2557 3462 2680 3519 sive
2729 3477 2912 3519 senex
2948 3462 3121 3532 ﬂens,
3175 3462 3300 3520 sive
3355 3461 3448 3519 vir

1795 3560 2065 3623 maestus,
2097 3554 2217 3609 sive
2241 3569 2390 3627 puer
2419 3554 2469 3626 ej
2482 3553 2678 3619 ulans,
2711 3552 2831 3608 sive
2859 3552 3075 3609 mulier
3098 3551 3441 3610 lamentans

1795 3645 1916 3701 sive
1941 3645 2220 3700 universa
2232 3644 2441 3699 civitas
2459 3641 2666 3698 dolore
2680 3645 3061 3698 consternata
3077 3645 3134 3698 et
3147 3641 3442 3711 lugubris.

1795 3737 1910 3791 Cur
1938 3734 2019 3800 id,
2052 3735 2338 3806 inquam?
2359 3733 2509 3799 Quia
2529 3731 2676 3788 livor
2690 3731 3002 3788 hominem
3025 3729 3444 3800 consumebat,

1795 3827 1853 3879 et
1881 3822 2025 3894 quia
2045 3825 2234 3877 durus
2263 3827 2712 3893 contumaxque
2737 3824 2882 3888 erat,
2914 3833 3110 3890 neque
3141 3833 3252 3890 pro
3277 3831 3445 3874 more

1796 3927 1908 3967 suo
1929 3910 2301 3984 principibus
2322 3925 2445 3965 non
2473 3910 2840 3980 obsequens.
2884 3906 3056 3972 Quod
3082 3906 3131 3960 si
3159 3907 3448 3976 intempe-

1796 4001 1943 4057 stive
1959 4005 2139 4073 atque
2160 3998 2426 4056 absurde
2444 3999 2583 4070 egit,
2599 4012 2780 4067 grave
2801 3993 3110 4064 negotium
3139 3996 3232 4050 est
3247 4007 3446 4065 neque

1797 4107 1834 4147 a
1866 4089 2040 4145 nobis
2069 4088 2465 4144 laudandum.
2501 4086 2601 4144 Sin
2630 4085 2828 4158 potius
2858 4082 3083 4139 fortiter
3103 4087 3282 4154 atque
3303 4085 3448 4138 stre-

1795 4194 1934 4249 nue,
1969 4195 2038 4234 ac
2067 4177 2249 4233 veluti
2279 4176 2615 4249 priscorum
2632 4172 2975 4229 audivimus
2995 4170 3266 4228 facinora
3287 4170 3448 4228 viro-

1795 4284 1954 4339 rum,
1987 4283 2127 4324 cum
2155 4265 2250 4320 his
2282 4264 2470 4320 simus
2499 4269 2807 4334 utcunque
2835 4277 2930 4318 res
2950 4260 3275 4316 evenerint.

1873 4362 1956 4412 ll.
2001 4359 2331 4428 Postquam
2368 4369 2507 4410 vero
2545 4351 2828 4425 prohibiti
2863 4350 3090 4406 fuimus
3117 4350 3257 4406 illuc
3285 4363 3453 4406 acce-

86 4461 165 4513 ραν
230 4445 450 4516 μείζονα
522 4445 693 4516 πολλῷ
758 4451 847 4499 καὶ
912 4448 1280 4525 σκληροτέραν,
1346 4452 1400 4502 τί
1457 4454 1558 4524 γὰρ
1625 4451 1686 4502 ἂν

1799 4446 1961 4515 dere,
1982 4445 2058 4502 ad
2078 4445 2262 4501 aliam
2281 4443 2460 4514 longe
2482 4441 2839 4514 ampliorem
2858 4444 3038 4512 atque
3062 4441 3451 4512 asperiorem,

84 4539 164 4585 καὶ
199 4535 498 4605 «deorum;
555 4537 904 4608 ἑτραπόμεθα,
949 4543 1047 4591 Καὶ
1085 4541 1112 4590 ό
1170 4542 1259 4611 μὲν
1307 4544 1480 4612 πατὴρ
1526 4540 1688 4593 αὐτοῦ

87 4625 200 4684 τέως
262 4625 402 4694 μένει
467 4626 612 4696 παρὰ
679 4632 788 4686 τοῖς
844 4625 1137 4698 ὀλιγοστοίς
1197 4627 1452 4694 Ἀλανοῖς,
1520 4631 1691 4682 πάντα

89 4716 267 4784 φέρων,
306 4716 504 4778 πενίαν,
548 4710 905 4788 ὼειδισμούς,
945 4716 1297 4790 χλευασμούςο
1342 4717 1401 4770 οὐ
1439 4721 1540 4792 γὰρ
1571 4739 1689 4790 χω-

90 4811 237 4872 ροῦσι
289 4802 478 4864 πάντες
515 4806 602 4854 τὸν
653 4803 804 4874 λόγον
855 4812 948 4857 τοῦ
977 4809 1284 4878 πνεύματος,
1311 4811 1401 4860 καὶ
1441 4807 1544 4861 εἰσὶ
1581 4827 1692 4881 κρι-

91 4894 168 4941 ταὶ
199 4897 304 4941 τῶν
334 4895 658 4962 τεταγμένων
697 4892 929 4964 μάλιστα
965 4900 1154 4969 κρίνειν
1184 4913 1196 4928 ·
1238 4900 1330 4948 καὶ
1376 4898 1434 4948 τό
1487 4904 1688 4971 χεῖρον,

93 4979 163 5029 ὅτι
231 4982 326 5030 καὶ
392 4985 798 5053 κατακρίνουσιν
831 4999 844 5014 ⁸
914 4983 1062 5056 ἡμεῖς
1118 4981 1178 5037 δε
1241 4989 1407 5057 μέσην
1471 4987 1692 5037 Σκυθίαν

94 5065 372 5137 ἧλαύνομεν
438 5065 558 5125 ὅλην
627 5067 950 5132 ἑξηκοντάδα
1013 5081 1112 5124 τῶν
1187 5074 1412 5147 ἡμερῶν,
1480 5076 1693 5134 πένητες

96 5151 294 5226 ἄνδρες,
343 5151 467 5208 οὐδὲ
504 5165 606 5208 τῶν
653 5157 949 5230 ἀναγκαίων
990 5163 1348 5236 εὐποροῦντες.
1408 5161 1541 5220 Πλὴν
1576 5181 1694 5214 ανε-

95 5248 228 5306 κτὸν,
263 5246 344 5296 ὅτι
375 5250 446 5316 μή
487 5246 618 5298 πολὺ
665 5248 842 5324 πόῥρω
899 5258 993 5312 τῆς
1041 5250 1392 5314 ἀποστολικῆς
1427 5257 1518 5304 καὶ
1558 5258 1695 5326 πρώ-

98 5349 177 5392 της
224 5329 393 5385 ὁδοῦ⁸
443 5339 536 5386 καὶ
593 5343 726 5389 Θεοῦ
781 5335 1019 5400 διδόντος
1068 5347 1232 5413 νεῦμα
1262 5349 1334 5412 τῷ
1375 5342 1507 5414 ὗμᾱς
1551 5341 1697 5404 εὐξα-

103 5424 236 5488 οθαι,
291 5420 332 5474 ὦ
379 5425 543 5499 πάτερ
593 5431 684 5478 καὶ
722 5423 955 5501 ἀδελφοὶ,
1000 5433 1058 5482 τὸ
1099 5433 1419 5504 ἐπιθυμητὸν
1458 5429 1572 5504 ἐμοὶ
1608 5436 1698 5484 καὶ

100 5519 311 5586 πρᾶγμα
366 5518 458 5566 καὶ
513 5518 692 5586 ὄνομα,
752 5522 846 5577 τὴν
888 5524 1113 5593 ποίμνην
1156 5521 1374 5597 ὁρῶμεν,
1429 5519 1699 5595 ἀγαπητὸν

165 5602 239 5673 (5)
281 5601 472 5661 Illiad.
513 5617 593 5673 1x,
635 5607 758 5661 520.

1799 4533 2098 4608 quidquid
2128 4533 2362 4607 passuri
2397 4547 2690 4598 essemus,
2723 4529 2999 4586 conversi
3026 4529 3337 4599 regionem
3358 4543 3453 4586 su-

1800 4641 1955 4680 mus.
1988 4627 2056 4679 Et
2084 4627 2251 4696 pater
2280 4621 2527 4694 quidem
2550 4620 2667 4676 illic
2696 4618 2986 4676 remansit
3013 4618 3254 4675 interim
3288 4615 3455 4688 apud

1799 4712 2085 4784 exiguum
2111 4712 2438 4769 Alanorum
2462 4725 2808 4776 numerum,
2841 4721 3251 4763 aerumnarum
3273 4719 3455 4762 omne

1801 4818 1990 4874 genus
2031 4803 2250 4872 ferens,
2294 4803 2646 4871 egestatem,
2690 4796 3110 4862 contumelias,
3168 4793 3451 4851 convitia.

1803 4896 2002 4966 Neque
2032 4893 2191 4949 enim
2214 4906 2426 4948 omnes
2447 4889 2695 4962 capiunt
2716 4887 2960 4960 spiritus
2994 4898 3370 4949 sermonem;
3399 4885 3455 4938 et

1800 4983 1955 5039 ﬁunt
1983 4982 2214 5053 iudices
2260 4979 2502 5036 illorum
2549 4978 2657 5051 qui
2693 4973 3030 5048 judicando
3065 4971 3456 5046 potissimum

1804 5078 1945 5129 sunt
1972 5070 2272 5144 praepositi
2298 5087 2312 5138 ;
2361 5072 2421 5125 et
2445 5067 2611 5140 quod
2639 5066 2815 5139 pejus
2849 5068 2962 5134 est,
3005 5062 3138 5118 illos
3169 5059 3457 5117 condem-

1801 5166 1968 5218 nant.
2026 5163 2141 5216 Nos
2179 5161 2381 5214 autem
2422 5155 2685 5212 mediam
2713 5155 2778 5210 in
2819 5151 3127 5224 Scythiam
3154 5150 3458 5222 progressi

1806 5267 2038 5316 sumus,
2061 5246 2372 5320 sexaginta
2395 5245 2644 5301 omnino
2661 5243 2894 5298 dierum
2926 5240 3156 5308 itinere,
3181 5238 3460 5296 homines

1805 5354 2126 5414 pauperes,
2158 5341 2213 5393 et
2240 5336 2407 5392 omni
2435 5351 2497 5390 re
2528 5332 2866 5389 necessaria
2897 5328 3184 5386 destituti.
3217 5331 3440 5385 Verum

1808 5434 2010 5486 tamen
2026 5428 2140 5484 hoc
2151 5425 2263 5482 fuit
2279 5422 2611 5491 tolerabile,
2623 5420 2791 5492 quod
2811 5418 2979 5476 haud
2994 5419 3204 5492 procul
3221 5421 3464 5491 aposto-

1807 5519 1922 5576 lico
1948 5519 2144 5594 primo
2172 5515 2377 5573 itinere
2403 5511 2790 5580 recessimus;
2825 5513 3066 5585 Deoque
3095 5508 3306 5567 vestris
3328 5523 3460 5583 pre-
