4028 6308
626 307 729 366 399

623 525 908 582 sodalitas
925 529 979 582 et
1001 539 1241 587 nomen,
1259 523 1810 593 gregemvidemus,
1826 537 1952 577 rem
1973 521 2120 576 mihi
2136 521 2270 578 cha-

622 614 926 670 rissimam
948 616 1138 683 etprae
1152 611 1434 667 omnibus
1448 611 1824 667 aestimatam.
1843 610 2102 676 Quidni?
2124 627 2272 683 quo-

620 702 785 758 niam
801 717 836 758 a
860 704 976 756 Deo
999 700 1145 756 mihi
1165 701 1484 757 haereditas
1500 701 1704 766 ista,et
1725 699 1971 772 quidem
1993 701 2267 772 optima'.

695 795 777 846 l2.
822 791 1122 846 Hactenus
1161 789 1305 845 mihi
1346 805 1543 845 sermo
1569 789 1738 845 facile
1777 788 2058 858 decurrit,
2089 794 2145 844 et
2182 805 2273 844 or-

618 878 759 935 dine
802 877 987 934 ferme
1036 893 1148 933 suo
1204 879 1514 950 processit.
1584 879 1806 933 Verum
1864 893 2000 948 quae
2062 893 2269 949 super-

621 972 776 1034 sunt,
829 983 900 1024 ea
956 967 1035 1023 ab
1080 966 1198 1022 alio
1245 967 1366 1022 dici
1409 966 1641 1035 malim,
1691 965 1822 1037 ipse
1858 969 2059 1022 autem
2099 965 2273 1022 silen-

618 1057 768 1112 tium
809 1061 1007 1112 tenere
1041 1074 1054 1122 ;
1108 1073 1251 1112 nam
1289 1071 1486 1128 neque
1535 1055 1743 1126 lingua
1791 1055 1992 1127 eloqui
2029 1055 2266 1126 patitur,

618 1162 816 1219 neque
881 1161 1100 1202 manus
1161 1144 1479 1201 scribendo
1537 1161 1786 1217 operam
1834 1144 2070 1200 facilem
2116 1162 2269 1217 prte-

618 1234 756 1291 bet:
792 1258 812 1283 ι
845 1234 972 1290 Heu
998 1233 1164 1296 mihi,
1190 1234 1335 1305 quia
1359 1233 1654 1288 incolatus
1681 1249 1852 1288 meus
1879 1233 2270 1304 prolongatus

621 1325 749 1380 est3
776 1324 788 1379 l
827 1346 848 1371 ι
902 1330 967 1379 ut
1002 1323 1064 1378 in
1103 1322 1502 1378 exsecrandos
1534 1321 1662 1378 dies
1688 1322 1818 1393 jam
1849 1322 2100 1378 fortasse
2133 1324 2272 1378 inci-

621 1412 909 1482 derimus,
963 1411 1025 1467 in
1073 1410 1293 1478 quibus
1322 1410 1448 1482 ipse
1475 1425 1718 1482 quoque
1747 1410 2137 1466 Antichristus
2158 1410 2271 1467 for-

621 1506 778 1558 tasse
798 1516 1141 1556 emersurus
1166 1503 1269 1554 est.
1293 1501 1427 1554 Jam
1445 1499 1606 1555 enim
1632 1499 1833 1554 fumus
1854 1501 1984 1571 ejus
2004 1501 2270 1556 mordaci

623 1608 737 1647 nos
765 1591 1018 1646 humore
1048 1589 1315 1658 contigit.
1348 1589 1507 1643 unde
1529 1594 1585 1644 et
1621 1589 1942 1662 lacrymari
1972 1591 2145 1661 capi.
2169 1607 2269 1646 ne-

623 1695 741 1752 que
758 1679 905 1734 dum
919 1693 953 1732 a
967 1677 1262 1749 plorando
1280 1677 1833 1750 desino,ausimque
1851 1679 2046 1734 dicere
2062 1695 2158 1735 me
2170 1695 2271 1735 ne-

1799 305 2149 361 THEODORI
2189 303 2468 360 ALANI/E
2510 305 2817 361 EPISCOPI

623 433 794 490 cibus
819 436 1136 497 annuente,
1173 447 1208 488 o
1229 437 1398 505 pater
1423 435 1479 488 et
1499 430 1729 497 fratres,
1762 428 2102 486 desiderata
2122 429 2248 484 mih

2386 426 2498 500 ἐμοὶ
2537 437 2728 503 χρῆμα
2764 433 2848 481 καὶ
2885 431 3081 491 παντὸς
3107 433 3392 501 τιμώμενον
3431 429 3586 482 ἄλλου
3620 447 3632 460 ·

3914 311 4008 366 40(

3687 439 3808 491 πῶς
3857 434 3968 504 γάρ
4005 449 4008 499 ξ

2383 515 2564 576 ἐπειδὴ
2619 521 2763 594 παρὰ
2817 526 2948 571 Θεοῦ
2989 518 3305 592 κληρονομία
3361 538 3453 591 μοι
3493 523 3648 586 αὕτη,
3686 523 3766 578 εἴη
3823 517 3891 573 δὲ
3927 525 4008 572 καί

2381 612 2663 683 κρατίστη.

2453 784 2530 858 ιβ.
2587 789 2763 856 Μέχρι
2804 788 2893 857 μὲν
2947 784 3034 837 οὖν
3097 787 3291 837 τούτων
3345 781 3600 858 εῦδρομος
3657 785 3720 844 ἦν
3782 789 3931 858 ἡμῖν
3991 787 4008 839 ἀ

2379 874 2549 945 λόγος,
2589 878 2679 925 καί
2715 893 2820 934 πως
2868 872 3128 933 εύτάκτως
3172 877 3479 947 φερόμενοςο
3533 877 3599 926 τὰ
3650 872 3704 927 δ’
3762 874 4008 928 ἐντεῦθεν

2382 963 2526 1038 ἐτέρφ
2605 963 2793 1036 μᾶλλον
2869 961 3151 1035 ἐϐουλόμην
3232 963 3496 1036 εἰρῆσθαι,
3573 969 3664 1017 καὶ
3747 967 4008 1036 ἡσυχίαν

2379 1054 2522 1124 ἄγειν
2553 1053 2704 1113 αύτός
2730 1072 2742 1084 ⁸
2785 1054 2901 1104 οὔτε
2928 1055 3029 1126 γαρ
3063 1050 3278 1112 ἀνεκτῶς
3304 1054 3417 1123 ἔχει
3446 1052 3606 1124 λέγειν
3663 1055 3690 1111 η
3743 1053 4008 1124 γλῶσσα,

2379 1147 2469 1194 καὶ
2502 1144 2532 1199 ἠ
2577 1147 2688 1214 κεὶρ
2717 1141 2810 1193 ούκ
2845 1141 2905 1192 ἂν
2935 1142 3266 1215 ὑπηρετῆσαι
3294 1138 3479 1215 ῥᾳδία.
3510 1164 3539 1191 ‹‹
3568 1145 3761 1214 Οοῖμοι
3789 1143 3804 1196 Ι
3856 1146 3949 1195 ὅτι
3983 1145 4008 1200 ἡ

2379 1235 2630 1304 παροικία
2680 1249 2781 1302 μου
2831 1229 3148 1304 ἐμακρύνθη,
3199 1248 3230 1281 ›
3285 1232 3354 1292 ὡς
3397 1231 3486 1291 τὰς
3537 1230 3846 1303 ἐπαράτους
3881 1234 4008 1304 ἠμέ-

2379 1340 2474 1394 ρας
2504 1316 2612 1378 ἤδη
2663 1317 2989 1388 καταλαϐεῖν,
3025 1317 3072 1370 ἐν
3121 1319 3206 1379 αἷς
3246 1321 3376 1380 ’ίσως
3416 1324 3504 1370 καὶ
3543 1320 3568 1370 ὁ
3614 1321 4008 1395 Ἀντίχριστος

2380 1407 2773 1482 ἐκραγησηται⁸
2830 1403 2936 1466 ἤδη
2979 1409 3080 1479 γὰρ
3139 1406 3389 1477 ὁξέκείνου
3442 1411 3637 1469 καπνός
3674 1410 3823 1480 ἡμᾶς
3873 1406 4008 1483 ἐδρο

2380 1497 2534 1570 μυξεν
2566 1519 2577 1530 ·
2629 1497 2712 1569 ὑφ’
2763 1497 2824 1549 οὗ
2871 1501 2960 1548 καὶ
3014 1493 3256 1568 δακρύων
3313 1495 3611 1570 ἀρξάμενος,
3669 1495 4008 1571 ἐπαυσάμην

2381 1583 2606 1653 οὐδέπω,
2652 1591 2741 1638 καὶ
2779 1588 3025 1657 πείθομαι
3053 1584 3213 1656 λέγειν
3240 1581 3338 1637 οῦδ
3342 1589 3363 1637 's
3389 1587 3753 1658 πεπαύσομαι,
3778 1591 3956 1658 Οἶμοι
3997 1588 4008 1640 !

2381 1678 2461 1730 ὅτι
2491 1675 2575 1749 ἀφ’
2598 1678 2742 1749 ἡμῶν
2769 1674 3063 1750 κατήρξατο
3093 1677 3158 1726 τὰ
3191 1671 3336 1727 δεινά
3365 1695 3376 1708 -
3411 1679 3500 1727 καὶ
3538 1677 3683 1746 τάχα
3729 1695 3793 1747 γε
3845 1686 4008 1749 πρῶ-

623 1784 742 1840 que
759 1767 1086 1823 desiturum
1108 1767 1119 1822 ε
1145 1766 1268 1821 Heu
1285 1767 1414 1837 jam
1439 1771 1644 1822 nostra
1658 1767 1818 1824 mala
1834 1767 2201 1841 inceperunt,
2217 1785 2248 1825 e

2379 1787 2461 1820 τον
2501 1767 2624 1838 ἡμῖν
2664 1765 3094 1836 ύπαναφθήσεται
3144 1767 3232 1815 καὶ
3286 1764 3316 1820 ἡ
3369 1771 3462 1824 τῆς
3503 1761 3738 1835 ἐσχάτης
3785 1783 4008 1837 συμφο-

624 1873 786 1913 nunc
814 1856 1079 1928 primum
1101 1855 1350 1911 fortasse
1378 1855 1553 1910 nobis
1574 1855 2050 1913 inﬂammabitur
2069 1874 2274 1930 supre-

623 1962 737 2002 mae
766 1945 1119 2002 calamitatis
1145 1944 1380 2014 fornax,
1410 1944 1654 2001 minutis
1680 1962 1971 2003 succensa
2001 1963 2270 2004 sarmen-

620 2035 694 2090 tis
728 2035 740 2089 !
771 2037 976 2090 Nonne
1003 2034 1164 2089 enim
1186 2033 1342 2089 illico
1373 2033 1618 2089 arbores
1649 2034 1946 2107 corripiet,
1979 2037 2269 2108 quoniam

617 2123 1009 2180 sinceriorum
1038 2138 1280 2196 quoque
1311 2123 1493 2178 ﬁdem
1526 2123 1782 2180 Satanas
1807 2124 2132 2182 subvertit?
2150 2129 2271 2182 Heu

617 2212 785 2281 mihi,
809 2212 956 2284 quia
973 2211 1115 2267 facti
1131 2228 1343 2267 sumus
1367 2212 1543 2284 quasi
1567 2212 1627 2267 in
1647 2213 1962 2284 principio,
1987 2229 2126 2270 cum
2147 2230 2270 2271 non

617 2300 1018 2358 dominareris
1055 2301 1264 2367 nostri,
1311 2300 1453 2356 dicit
1500 2302 1804 2372 Scriptura
1831 2302 1889 2355 ‘l
1934 2303 2060 2358 Heu
2100 2304 2268 2373 mihi,

617 2389 761 2460 quia
773 2403 954 2458 super
964 2386 1361 2443 fundamento
1379 2388 1794 2459 apostolorum
1811 2389 2000 2460 paleae
2021 2396 2075 2446 et
2093 2407 2268 2447 arun-

617 2476 698 2532 do
714 2476 1023 2532 aediticatte
1046 2481 1201 2538 sunt,
1219 2481 1276 2531 et
1300 2477 1424 2546 igni
1457 2477 1655 2533 statim
1679 2484 2050 2551 consumptae
2069 2480 2264 2538 fuere!

617 2568 662 2623 Ο
692 2565 830 2638 quis
860 2565 956 2620 hic
977 2566 1398 2634 gemebundus
1424 2567 1718 2639 propheta
1743 2583 1857 2623 nos
1883 2568 2268 2628 deﬂeatsicut

615 2655 758 2711 olim
787 2654 1114 2711 Jerusalem
1145 2655 1156 2709 Ξ
1197 2656 1357 2710 Certe
1387 2671 1496 2710 nec
1526 2671 1659 2726 ego,
1689 2672 1725 2711 o
1755 2672 1860 2713 vos
1887 2658 1990 2728 qui
2021 2659 2261 2731 adestis,

613 2759 812 2817 neque
838 2758 1035 2799 sermo
1055 2759 1224 2798 meus
1246 2745 1508 2799 mendax
1532 2750 1646 2810 est;
1680 2761 1824 2813 non,
1852 2746 2134 2819 inquam;
2159 2764 2266 2820 per

610 2831 922 2889 fornacem
965 2831 1122 2887 hanc
1159 2832 1296 2902 juro
1342 2831 1701 2889 calamitatis
1749 2848 1932 2905 quam
1973 2835 2174 2893 media
2202 2837 2263 2893 in

610 2919 821 2976 anima
848 2919 1065 2992 recepi.

684 3014 767 3067 l3.
817 3009 907 3065 Ad
944 3010 1098 3065 hanc
1128 3013 1360 3080 partem
1401 3011 1693 3066 sermonis
1723 3026 1861 3066 cum
1895 3011 2259 3083 devenerim,

2379 1863 2474 1930 ρᾶς
2515 1857 2751 1927 κάμινος,
2810 1861 3018 1928 μικροῖς
3073 1854 3498 1925 ύπανακαιομένη
3545 1855 3837 1928 φρυγάνοις
3872 1877 3886 1888 ·
3944 1854 4007 1906 ού

2377 1950 2476 2020 γὰρ
2507 1945 2567 1997 ἂν
2607 1944 2754 2004 εὐθὺς
2790 1951 2890 1995 τῶν
2930 1939 3158 2014 δένδρων
3200 1940 3470 2014 ἐφάψοιτο,
3523 1939 3700 2002 ἐπειδὴ
3756 1949 3857 1998 καὶ
3902 1953 4008 1996 τῶν

2379 2033 2718 2108 ἀφελεστέρων
2758 2036 2851 2090 τὴν
2889 2036 3069 2083 πίστιν
3125 2029 3457 2094 ὑποσκελίζει
3513 2032 3538 2083 ὁ
3587 2038 3842 2094 Σατανᾶς.
3913 2032 4008 2085 Οἱ-

2379 2123 2508 2197 μοιῑ
2559 2124 2641 2175 ὅτι
2677 2120 2986 2193 ἐγενήθημεν
3031 2122 3099 2181 ὡς
3137 2122 3194 2172 τό
3235 2118 3324 2172 ἀπ’
3366 2118 3559 2194 ἀρχῆς,
3591 2123 3672 2172 ὅτε
3696 2121 3799 2173 οὐκ
3826 2119 4007 2196 ἧρξας

2378 2215 2544 2285 ἡμῶν,
2594 2215 2752 2284 φησὶν
2804 2211 2834 2267 ἡ
2878 2213 3076 2283 Γραφή.
3127 2207 3320 2280 ΟἵμοιΙ
3374 2209 3454 2260 ὅτι
3506 2208 3591 2261 ἐπὶ
3641 2217 3711 2280 τῷ
3769 2210 4002 2283 θεμελίῳ

2376 2311 2473 2355 τῶν
2535 2299 2834 2354 ἀποστόλων
2901 2299 3084 2372 ἄχυρα
3147 2302 3236 2350 καὶ
3301 2297 3508 2371 καλάμη
3579 2296 3995 2373 ἐπῳκοδόμητο,

2377 2397 2466 2444 καὶ
2503 2399 2574 2461 τῷ
2603 2394 2731 2464 πυρὶ
2769 2388 2919 2449 εὐθὺς
2951 2386 3019 2447 εἰς
3057 2383 3280 2459 φροῦδον
3319 2385 3535 2458 ἐγένετο.
3581 2387 3650 2439 Ὠ
3685 2391 3773 2449 τῖς
3805 2388 3999 2440 ἀντ-ας.-

2378 2483 2442 2532 θα
2492 2481 2804 2551 θρηνητικὸς
2850 2480 3121 2550 προφήτης
3169 2479 3256 2527 καὶ
3285 2472 3602 2549 ἆπωδύρατο
3642 2476 3701 2528 ἂν
3744 2479 3897 2550 ἡμᾶς
3930 2482 3996 2538 ὡς

2372 2573 2466 2627 τὴν
2517 2564 2892 2640 Ἰερουσαλὴμῑ
2951 2564 3040 2626 Ὠς
3103 2567 3284 2636 ἔγωγε,
3344 2560 3384 2614 ὦ
3440 2569 3705 2640 παρόντες,
3771 2573 3872 2620 καὶ
3929 2567 3989 2618 ού

2371 2653 2576 2728 ψευδὴς
2615 2657 2640 2707 ὁ
2687 2656 2861 2726 λόγος,
2903 2654 2960 2706 ού
3001 2655 3076 2725 μὰ
3113 2657 3207 2711 τὴν
3233 2655 3451 2726 κάμινον
3487 2663 3580 2716 τῆς
3610 2663 3898 2730 συμφορᾶς
3928 2656 3988 2713 ἣν

2372 2743 2628 2818 ἐδεξάμην
2654 2748 2788 2797 κατὰ
2816 2748 2977 2816 μέσης
3006 2742 3166 2814 ψμχῆ
3181 2762 3220 2804 ς.

2444 3012 2530 3084 ιγ’.
2580 3012 2833 3066 Ἐνταῦθα
2879 3017 2971 3062 τοῦ
3018 3009 3175 3081 λόγου
3215 3013 3499 3083 γενόμενος,
3530 3014 3682 3084 μόνον
3723 3008 3982 3088 δακρύειν

607 3100 687 3156 ad
700 3099 1169 3172 lacrymandum
1187 3103 1422 3155 tantum
1440 3115 1816 3170 permoveor,
1833 3107 1889 3158 et
1909 3101 2109 3159 dolore
2131 3120 2252 3176 per-

2367 3109 2776 3176 παρακινοῦμαι,
2821 3104 2910 3152 καὶ
2963 3101 3063 3152 ὑπὸ
3120 3107 3212 3152 τοῦ
3252 3101 3452 3162 πάθους
3493 3104 3862 3173 συγκέχυμαι,
3891 3106 3983 3153 καὶ

604 3188 835 3253 turbor,
866 3204 977 3244 nec
1005 3187 1110 3260 qui
1140 3189 1272 3258 sim,
1291 3203 1399 3243 nec
1430 3188 1593 3260 quali
1619 3192 1960 3247 narratione
1982 3197 2133 3258 utar,
2161 3210 2256 3249 ex-

605 3276 799 3348 plico:
835 3276 1025 3332 sentio
1056 3281 1256 3331 autem
1281 3293 1377 3331 me
1407 3277 1646 3332 nonnisi
1679 3278 1931 3351 abrupte
1961 3297 2087 3337 rem
2117 3298 2256 3338 nar-

604 3367 897 3419 raturum.
921 3366 1065 3418 Sum
1095 3364 1256 3419 enim
1286 3380 1410 3420 non
1437 3365 1816 3423 mediocriter
1837 3370 2250 3438 conturbatus,

603 3467 802 3526 neque
836 3458 976 3524 pote
1005 3456 1112 3520 est,
1144 3457 1208 3507 ut
1235 3469 1406 3509 mens
1437 3454 1704 3510 animam
1743 3462 1941 3527 regat:
1991 3481 2019 3507 ‹‹
2062 3463 2255 3517 pasto-

601 3557 717 3608 res,
731 3541 926 3613 inquit
941 3541 1263 3612 Scriptura,
1277 3541 1543 3598 demoliti
1566 3547 1704 3600 sunt
1719 3545 1950 3602 vineam
1967 3551 2210 3604 meam-5.
2222 3574 2249 3602 »

603 3632 772 3685 Nunc
793 3633 994 3686 autem
1023 3629 1534 3702 pseudopastores
1552 3632 2010 3691 desiderabilem
2039 3638 2252 3696 Christi

599 3717 939 3790 portionem
990 3717 1322 3787 ignominia
1369 3717 1714 3776 affecerunt.
1784 3725 1981 3794 Neque
2038 3725 2249 3784 dubito

597 3807 920 3872 afﬁrmare,
953 3806 1117 3878 quod
1148 3807 1207 3862 in
1232 3806 1483 3863 desertis
1515 3813 1573 3864 et
1611 3811 1949 3866 carentibus
1979 3813 2117 3869 viva
2145 3816 2248 3871 do-

595 3897 798 3952 ctrinae
828 3911 990 3968 aqua
1016 3895 1183 3965 locis,
1217 3901 1271 3952 et
1295 3895 1400 3969 qui
1434 3902 1605 3953 erant
1647 3898 1923 3971 impervii
1953 3905 2246 3974 evangeli-

594 3985 857 4042 zantium
874 3985 1162 4058 speciosis
1186 3985 1463 4057 pedibus,
1485 4003 1625 4043 rosa
1645 3986 1784 4043 ﬁdei
1811 3988 2239 4061 efﬂorescebat,

594 4089 668 4128 ex
703 4073 906 4128 radice
952 4073 1162 4145 prima!
1197 4074 1294 4129 vix
1337 4075 1783 4146 praedicationis
1826 4078 2079 4135 humore
2119 4082 2242 4137 irri-

593 4165 754 4229 gata.
788 4162 951 4217 Unde
970 4168 1027 4217 et
1054 4179 1161 4218 nos
1186 4163 1436 4219 forsitan
1461 4165 1538 4220 ad
1560 4165 1685 4237 ejus
1707 4182 1976 4224 amorem
2009 4172 2238 4228 ascensi

589 4247 841 4316 fuimus,
888 4255 954 4304 ut
1003 4251 1271 4319 ignotam
1317 4252 1617 4324 plerisque
1673 4270 1800 4310 rem
1847 4257 2124 4326 revelem,
2183 4265 2240 4317 et

589 4339 1040 4392 controversam
1067 4339 1246 4410 hujus
1278 4356 1426 4395 meae
1455 4342 1950 4413 peregrinationis
1984 4363 2234 4405 causam

586 4425 857 4498 aperiam
883 4443 896 4481 :
928 4443 1146 4499 nempe
1177 4432 1242 4484 ut
1269 4445 1474 4486 arvum
1518 4431 1876 4503 inaquosum
1919 4436 1979 4491 in
2012 4437 2231 4496 sudore

584 4515 783 4571 vultus
821 4517 1098 4588 colerem,
1143 4523 1200 4574 et
1253 4535 1458 4576 rursus
1507 4525 1732 4578 struere
1773 4525 1908 4580 vitae
1960 4527 2228 4586 culmum

579 4618 845 4678 possem,
871 4607 967 4660 vel
998 4607 1260 4680 antiquae
1291 4608 1717 4666 damnationis.
1748 4613 1954 4686 Utique
1988 4616 2046 4672 id
2072 4621 2227 4675 Deus

579 4692 896 4749 concedat!
923 4695 969 4748 si
991 4694 1173 4750 modo
1189 4695 1355 4751 haud
1372 4697 1625 4754 remisso
1644 4699 1848 4756 animo
1871 4718 2075 4760 curam
2102 4722 2229 4762 sus-

573 4782 732 4856 septi
743 4783 1008 4840 muneris
1023 4783 1405 4857 arripuimus,
1420 4785 1527 4842 zeli
1538 4787 1831 4845 ﬂamman
1843 4793 2198 4851 suscitantes
2209 4837 2223 4852 .

643 4962 732 5018 14.
782 4961 961 5020 Multa
1003 4977 1142 5018 vero
1185 4966 1425 5036 tempus
1470 4965 1682 5034 attulit,
1739 4983 1873 5040 quea
1917 4986 2026 5028 nec
2079 4989 2221 5030 enu-

566 5065 800 5107 merare
846 5051 983 5124 quis
1039 5051 1208 5108 facile
1247 5057 1447 5124 queat.
1507 5055 1708 5111 Solent
1752 5059 1912 5114 enim
1953 5065 2220 5135 tempore

563 5151 767 5194 rerum
790 5141 953 5195 vices
975 5156 1212 5213 semper
1230 5141 1533 5207 innovari;
1567 5147 1672 5199 sed
1692 5161 1819 5202 rem
1848 5147 1986 5205 huic
2008 5167 2216 5222 parem

561 5239 879 5299 nunquam
906 5227 1140 5286 obtulit.
1166 5232 1247 5285 Ex
1270 5246 1581 5302 anonyma
1602 5235 1872 5305 quadam
1900 5240 2142 5308 regione
2159 5247 2217 5298 et

2365 3191 2460 3244 ούκ
2503 3194 2610 3262 ἔχω
2658 3195 2734 3251 τίς
2779 3194 3003 3262 γένωμαι
3047 3193 3135 3241 καὶ
3187 3191 3326 3250 ὅπως
3362 3197 3432 3260 τῷ
3487 3185 3790 3262 διηγήματι
3835 3196 3980 3264 χρή-

2369 3300 2542 3353 σωμαι
2566 3302 2578 3313 ·
2611 3285 2701 3332 καὶ
2750 3276 2873 3331 οἶδα
2903 3280 2970 3340 ὡς
3013 3274 3353 3351 ἆδιάρθρωτά
3390 3297 3477 3350 μοι
3506 3281 3572 3331 τὰ
3599 3286 3688 3331 τοῦ
3717 3282 3977 3352 πράγμα-

2361 3389 2447 3430 τος
2483 3369 2836 3427 λαληθήσεται
2861 3385 2872 3397 ·
2909 3370 3017 3439 ἔχω
3063 3369 3164 3442 γὰρ
3196 3367 3256 3419 ού
3295 3370 3382 3420 τὸν
3421 3373 3652 3440 τυχόντα
3700 3368 3928 3442 θόρυϐον
3959 3390 3971 3401 ·

2361 3455 2479 3510 οὐδ’
2509 3457 2557 3510 ἐν
2588 3460 2695 3529 ὄσῷ
2716 3456 2976 3530 κυϐερνῴη
3009 3457 3036 3507 ὁ
3065 3463 3180 3516 νοῦς
3209 3460 3303 3514 τήν
3327 3456 3534 3529 ψυχήν.
3566 3479 3593 3507 ‹‹
3628 3462 3896 3529 Ποιμένες,
3945 3481 3963 3506 ι

2361 3553 2513 3620 φησὶ,
2546 3571 2566 3597 ι
2602 3544 2895 3621 διέφθειράν
2927 3565 3027 3618 μου
3056 3549 3148 3603 τὴν
3179 3545 3406 3618 ἄμπελον
3428 3567 3440 3579 ·
3480 3568 3501 3594 ι
3537 3552 3646 3598 νυνὶ
3675 3543 3734 3598 δὲ
3763 3545 3968 3618 ψευδο-

2357 3641 2594 3710 ποιμένες
2631 3641 2724 3695 τὴν
2776 3637 3100 3707 ἐπιθυμητὴν
3158 3642 3390 3710 Χριστοῦ
3437 3633 3632 3708 μερίδα
3672 3642 3964 3708 κατῄσχη-

2356 3746 2462 3778 ναν.
2526 3732 2624 3779 Καὶ
2676 3725 2770 3777 ούκ
2827 3723 2886 3776 ἂν
2936 3723 3220 3795 ὀκνήσαιμι
3265 3723 3428 3794 λέγειν
3479 3725 3560 3775 ὃτι
3611 3723 3661 3775 ἐν
3726 3722 3958 3797 ἐρημοι;

2354 3821 2444 3868 καὶ
2494 3812 2742 3888 ἀνύδροις
2805 3817 2985 3873 τόποις
3033 3820 3123 3864 τοῦ
3190 3820 3281 3871 τῆς
3338 3808 3695 3874 διδασκαλίας
3761 3810 3960 3874 ύδατος

2357 3905 2566 3972 ζῶντος,
2651 3908 2741 3955 καὶ
2825 3901 3037 3963 ἀϐάτοις
3120 3908 3229 3962 τοῖς
3303 3909 3403 3952 τῶν
3485 3902 3958 3974 εὐαγγελιζομένων

2353 3997 2554 4066 ὡραίοις
2611 3997 2756 4060 ποσί,
2815 3994 2872 4044 τὸ
2920 3987 3076 4066 ῥόδον
3134 3991 3277 4048 ἤνθει
3336 3997 3433 4053 τῆς
3495 3995 3736 4054 πίστεως,
3803 3999 3958 4063 μόνον

2350 4085 2450 4134 ύπό
2503 4092 2599 4142 τῆς
2649 4081 2801 4156 ῥίζης
2859 4087 2952 4132 τοῦ
3008 4083 3214 4152 πρώτου
3272 4081 3609 4153 κηρύγματος
3661 4075 3958 4152 ἀρδευόμε-

2347 4193 2467 4224 νον·
2509 4171 2592 4244 ὑφ’
2646 4167 2705 4223 οὗ
2752 4171 2900 4241 τάχα
2944 4173 3032 4221 καὶ
3075 4170 3224 4240 ἡμεῖς
3279 4171 3408 4242 πρὸς
3457 4170 3624 4242 ἔρωτα
3666 4165 3957 4226 ἆνεκαύθη-

2347 4281 2454 4334 μεν,
2515 4263 2597 4312 ἱνα
2648 4263 2704 4311 τό
2752 4257 2957 4318 πολλοῖς
3022 4255 3314 4331 ἀπόρρητον
3365 4254 3663 4326 ἐκκαλύψω,
3707 4261 3800 4308 καὶ
3859 4263 3952 4315 τὴν

2348 4349 2734 4421 ἀντιλεγομένην
2811 4347 2981 4399 αἰτίαν
3056 4354 3149 4406 τῆς
3225 4343 3353 4417 ἐμῆς
3425 4346 3622 4404 ταύτης
3686 4341 3953 4417 ἇκδημίας

2343 4438 2728 4500 ύπαναπτύξω·
2796 4435 2839 4488 εἰ
2903 4439 3259 4507 φυτηκομοίην
3315 4439 3566 4506 γεώργιον
3620 4429 3849 4505 οῐνυδρον
3902 4435 3951 4486 ἐν

2345 4526 2529 4603 ἱδρῶτι
2558 4533 2864 4603 προσώπου,
2893 4529 2981 4578 καὶ
3013 4532 3105 4586 τῆς
3138 4524 3278 4584 ζωῆς
3320 4521 3721 4593 ἐκκαλαμᾶσθαι
3750 4517 3786 4573 δ
3790 4527 3949 4575 υναί-

2339 4639 2441 4691 μην
2492 4622 2588 4670 τόν
2636 4619 2878 4689 ἄσταχυν
2933 4613 3172 4688 ἔμπαλιν,
3217 4612 3245 4670 ἦ
3288 4614 3346 4664 τό
3382 4618 3473 4671 τῆς
3520 4610 3743 4670 παλαιάς
3782 4630 3949 4664 κατα-

2335 4713 2574 4781 κρίσεως.
2620 4713 2754 4761 Θεοῦ
2813 4703 2873 4758 δὲ
2921 4709 2997 4762 εἴη
3046 4702 3126 4766 ἂν,
3188 4701 3230 4754 εἰ
3278 4705 3368 4752 καὶ
3407 4708 3498 4760 τῆς
3535 4700 3839 4774 προθυμίας
3883 4702 3945 4753 ού

2336 4795 2568 4869 δεύτεροι
2622 4794 2959 4868 ἀπαντῲημεν
3008 4792 3055 4846 ἐν
3111 4799 3174 4863 τῇ
3225 4789 3406 4863 μελέτῃ
3467 4795 3559 4841 τοῦ
3617 4785 3946 4862 ἐπαγγελμα-

2330 4906 2440 4955 τος,
2465 4889 2522 4938 τό
2543 4891 2644 4957 πῦρ
2679 4885 2838 4945 ζήλου
2871 4885 3297 4940 ύπανακαίοντες,

2403 4971 2491 5030 ιδ’.
2533 4974 2750 5046 Ἤνεγκε
2777 4976 2866 5046 μὲν
2898 4968 2984 5025 οὖν
3024 4973 3049 5023 ὁ
3079 4975 3267 5043 χρόνος
3309 4965 3493 5031 πολλὰ,
3542 4969 3634 5017 καὶ
3675 4967 3778 5018 ὅσα
3849 4985 3941 5042 περ

2328 5061 2442 5118 οὐδ’
2494 5063 2553 5116 ἂν
2598 5062 2893 5138 ἀριθμῆσαί
2948 5080 3028 5122 τις
3073 5062 3192 5131 ἔχοι
3246 5058 3370 5132 ῥᾷον
3406 5077 3418 5089 ·
3469 5060 3799 5126 καινοτομεῖν
3838 5059 3941 5128 γὰρ

2326 5154 2473 5214 οὗτος
2503 5149 2614 5205 οἶδε
2653 5155 2718 5203 τὰ
2742 5153 3060 5224 πράγματα·
3113 5153 3251 5200 τοῖον
3300 5141 3359 5198 δὲ
3412 5139 3661 5196 οὐδέποτε
3699 5145 3936 5214 ἤνεγκεν,

2325 5243 2410 5306 Ἐξ
2471 5239 2738 5313 ἀνωνύμου
2804 5245 2985 5313 χώρου
3054 5238 3206 5290 ποθεν
3271 5239 3362 5286 καὶ
3423 5227 3788 5304 τελματώδους
3864 5241 3938 5304 τῷ

559 5328 668 5404 per
692 5314 954 5404 hiemem
979 5334 1242 5389 caenosa,
1265 5319 1630 5376 inﬁdelitatis
1660 5321 1941 5394 ignobilis
1961 5328 2209 5400 quidam

2368 5340 2544 5404 ειμῶνι
2590 5338 2680 5391 τῆς
2738 5329 2984 5389 ἀπιστίας
3034 5325 3232 5398 ἀγεννές
3289 5344 3340 5377 τι
3382 5329 3587 5393 πνεῦμα
3624 5319 3932 5393 ἐκτιναχθὲν

559 5401 802 5473 spiritus
832 5411 1191 5478 commotus,
1218 5407 1333 5464 hoc
1359 5409 1727 5482 populorum
1757 5429 1924 5469 mare
1964 5424 2210 5475 contur-

626 5580 651 5616 ³
691 5578 844 5638 Psal.
877 5596 971 5645 xv,
1001 5587 1052 5640 6.
1131 5583 1155 5620 ⁸
1191 5584 1344 5642 Psal.
1377 5602 1528 5658 cmx,
1562 5591 1616 5645 5.
1692 5589 1716 5626 δ
1746 5589 1859 5650 Isa.
1900 5609 2060 5665 mu,
2105 5601 2194 5653 19.

2317 5425 2410 5478 τὴν
2444 5428 2543 5471 τῶν
2591 5418 2748 5471 ἐθνῶν
2795 5420 2988 5475 ταύτην
3030 5412 3304 5488 διετάραξε
3352 5411 3645 5476 θάλασσαν,
3705 5414 3797 5461 καὶ
3844 5414 3930 5467 τὴν

2386 5599 2407 5633 ⁵
2444 5599 2656 5655 Jerem.
2695 5611 2791 5666 xu,
2835 5594 2927 5651 l0.
