4028 6308
7 107 175 603 ἑ,
217 507 261 542 α
310 494 424 551 τῆς

8 603 134 721 ΙΞ

100 480 261 543 Βάδει
310 494 424 551 τῆς
480 486 825 556 Ἐκκλησίας,
885 486 944 539 οὐ
980 488 1093 562 ὐὰρ
1144 488 1170 538 ό
1221 490 1565 560 κγερνὼμενος
1603 481 1685 549 ἧν,
1720 486 1767 539 Α

110 582 130 630 ἱ
194 585 448 653 μικραῖς
499 574 676 630 ἓλπίσι
739 575 1060 629 σαλεύουσαν
1116 572 1224 634 ἤδη
1280 580 1369 627 καὶ
1425 574 1497 636 εὶς
1528 570 1692 646 βυθόν

54 671 387 738 κατήνεγκεν
451 663 824 737 ἀπογνώσεως.
875 666 996 738 Ἰού,
1043 663 1165 718 ἰούῐ
1230 663 1411 724 ἡλίκον
1460 668 1522 721 τὴ
1583 661 1693 714 τόλ-

8 753 19 809 ῖ
53 756 241 827 μεμαξ
318 762 445 817 Πῶς
477 756 541 808 ἄν
574 754 691 828 ἐμοὶ
722 759 812 807 καὶ
852 760 1128 826 ’γενήσεται
1174 753 1386 825 ἱκφορον
1436 757 1688 825 πρᾶφμα;

60 842 172 898 οἶδ⁹
237 849 340 897 ὅτι
395 846 606 906 πειθοῦς
646 843 862 917 ἁπάσμς
912 841 1136 906 ἀνάξιον·
1194 838 1330 914 Εἶχε
1375 843 1465 914 μὲν
1503 842 1533 898 ἡ
1595 848 1691 893 τῶν

62 934 297 986 ’Δλένῶν
355 934 619 992 ἐκκλησία
664 942 756 994 τῆς
810 933 1032 1006 κεφαλῆς
1087 935 1177 984 τόν
1228 935 1424 1004 κόσμον
1476 928 1693 1003 ἀφαιρε-

58 1025 229 1092 θεῖσα,
298 1028 403 1075 τὸν
449 1025 584 1093 ἱερὸν
647 1021 838 1076 ἐκεῖνον
887 1022 1020 1094 λέγω
1070 1024 1293 1094 ποιμένα
1318 1022 1525 1072 καὶτὸν
1556 1020 1696 1070 ἀπό-

63 1112 249 1165 στολον
272 1117 359 1186 μὴ
396 1112 742 1184 ψευσάμενον
793 1111 954 1164 αὐτοῦ
1003 1113 1106 1186 γὰρ
1147 1109 1393 1163 καταλύει
1443 1112 1530 1161 τὸν
1579 1107 1694 1181 βίον

63 1197 419 1263 διακονήσεις
464 1201 632 1262 καλῶς
657 1198 770 1273 εἶχε
800 1197 859 1254 δὲ
887 1204 977 1253 καὶ
1003 1202 1029 1252 ὁ
1060 1208 1150 1261 τῆς
1204 1204 1392 1261 κακίας
1445 1196 1695 1271 πρόϐολος

61 1298 273 1362 γυμνῇ,
313 1292 343 1342 ὃ
378 1286 451 1348 δὴ
478 1288 705 1360 λέγεται,
769 1289 960 1361 κεφαλῇ
1009 1292 1096 1341 τόν
1125 1289 1242 1340 κατ’
1283 1288 1445 1346 αὐτὴν
1505 1284 1693 1359 ἀπερυ-

65 1380 329 1449 θρεεοὶσας
400 1376 588 1449 ἀγῶνᾶ
617 1382 706 1431 καὶ
744 1380 830 1430 οἷα
865 1380 931 1430 τὰ
974 1376 1167 1430 ἐκείνου
1212 1381 1577 1449 μηχανήματα
1605 1380 1694 1428 καὶ

65 1466 456 1541 προϐλόιματα,
521 1471 613 1525 τήν
662 1466 1053 1542 φιλοχρήματον
1126 1464 1326 1519 λύσσαν
1387 1467 1695 1518 ὑπανακαίει

64 1562 149 1613 τήν
176 1575 298 1608 τινι
349 1559 489 1628 πρὸς
519 1556 813 1629 ὑπουργίαν
851 1558 1025 1628 ἱκείνῳ
1067 1551 1404 1621 ἐπιτηδείων,
1458 1558 1552 1611 τὴν
1601 1560 1693 1605 τοῦ

70 1646 249 1709 ἔθνους
298 1644 545 1719 ἆιρέλειαν
600 1640 934 1719 προδεικνὺς,
992 1650 1083 1698 καὶ
1129 1648 1190 1697 τό
1245 1640 1551 1718 δυσπραγες
1599 1649 1691 1694 τοῦ

68 1743 291 1807 καιροῦ,
325 1739 425 1787 καὶ
454 1736 537 1787 ὅτι
590 1738 713 1796 τοὺς
766 1734 1008 1796 Ἃλανοὺς
1050 1734 1201 1796 εὐθὺς
1255 1731 1557 1806 ὑποσύροιτ’
1609 1731 1691 1783 οἶν.

140 1824 223 1879 εί.
292 1824 399 1877 Ἦν
483 1825 586 1898 γὰρ
641 1822 817 1885 αὐτοῖς
862 1823 959 1876 οὐκ
1010 1821 1205 1895 ἀφανὴς
1251 1823 1278 1875 ὁ
1335 1820 1486 1896 ἀνὴρ,
1544 1820 1697 1892 ἔγγὺς
1726 1834 1771 1889 Β

72 1921 163 1965 τοῦ
218 1917 421 1984 γένους
464 1914 604 1985 ἔχων
650 1916 780 1986 πρὸς
833 1915 928 1970 τὸη
981 1915 1203 1984 ποιμένα
1262 1909 1468 1966 ἐκεῖνον.
1530 1906 1696 1972 Οὗτος

76 2004 375 2055 πέπεπται
407 2000 604 2074 βουλὴν
632 2010 729 2064 τῆς
776 1999 961 2054 ἑαυτοῦ
1013 2000 1235 2074 κεφαλῆς
1290 1998 1438 2063 ἀξίαν
1476 2003 1567 2052 καὶ
1617 1998 1695 2051 ὃν-

76 2110 175 2153 τως
234 2090 489 2144 ἄϐουλον·
532 2089 846 2164 παραλαϐὼν
899 2094 1001 2165 γὰρ
1053 2091 1165 2163 μεθ’
1225 2090 1429 2156 ἑαυτοῦ,
1498 2090 1567 2150 ὡς
1599 2089 1624 2139 ό
1651 2086 1699 2139 ἓν

77 2181 436 2253 Biar/dios;
518 2180 705 2242 ἐκεῖνος
785 2179 1218 2253 θριαμϐευόμενος
1292 2176 1496 2251 δαίμων
1574 2178 1702 2231 ἐπτὰ

81 2268 349 2343 δαιμόνια
423 2271 591 2343 ἔτερα,
646 2275 765 2331 τοὺς
812 2274 928 2345 περὶ
986 2272 1071 2323 τόν
1128 2273 1348 2342 ποιμένα
1395 2267 1605 2340 λύκους,
1641 2270 1700 2321 τὸ

82 2357 141 2413 δὲ
186 2355 525 2434 παράδοξον,
583 2355 783 2435 ἄνδρας
832 2368 925 2419 τῆς
982 2363 1076 2412 σὺν
1142 2357 1316 2431 ἕκείνῳ
1377 2357 1702 2434 ἁνακτροφῆς

82 2447 356 2519 ἀναξίους,
390 2449 557 2510 ἄλλως
607 2447 897 2522 ἀλλαχόθεν
943 2444 1200 2521 φυγάδας,
1251 2453 1342 2500 καὶ
1378 2451 1438 2501 τό
1485 2454 1587 2501 πᾶν
1618 2446 1705 2499 οὐ·

83 2532 170 2589 δέν
214 2539 396 2609 ὑγιὲς,
448 2541 542 2589 καί
580 2557 696 2590 τινα
774 2537 1008 2600 Λαζόθεν
1054 2538 1227 2605 ποθὲν,
1294 2532 1705 2609 μετενδυτοῡντα

82 2630 241 2698 μόνον
308 2628 467 2698 τάχα
549 2645 647 2679 που
730 2629 821 2679 καὶ
887 2621 1152 2694 ἐπίτηδες,
1215 2629 1306 2678 καὶ
1338 2628 1704 2699 σεσαρωμένην

85 2716 275 2788 εὑρὼν,
326 2718 424 2767 καὶ
473 2722 568 2768 τοῦ
612 2717 683 2768 τὰ
725 2716 898 2768 πάντα
939 2713 1263 2788 πληροῦντσς
1325 2713 1523 2787 ἀγαθοῦ
1554 2720 1703 2773 κενὴν

86 2808 425 2878 Πνεῦματος,
471 2807 689 2858 εἲσεισιν
742 2803 987 2879 ἰλευθίρῳ
1064 2801 1215 2870 ποδὶ,
1256 2810 1344 2858 καὶ
1390 2810 1585 2876 γίνεται
1642 2807 1708 2856 τὰ

86 2898 311 2966 ἔσχατα
345 2898 569 2969 χείρονα
592 2901 695 2947 τῶν
730 2892 961 2968 πρώτων’
1015 2889 1150 2952 ἦσαν
1190 2896 1293 2967 γὰρ
1349 2890 1467 2946 add"
1543 2893 1708 2947 ἐκεῖνά

411 2990 529 3045 Πῶς
565 2984 629 3037 ἄν
673 2986 800 3036 εἴπω
833 2988 926 3042 τὴν
971 2990 1063 3035 τοῦ
1115 2983 1346 3059 πονηροῦ
1388 2983 1704 3056 προσϐολὴν,

87 3077 181 3126 καὶ
229 3077 397 3135 hoc;
427 3074 611 3145 ἴχνους
677 3071 903 3141 ἓλάϐετο,
984 3077 1074 3126 καὶ
1133 3076 1227 3132 την
1283 3071 1708 3146 ἀξειλογουμένην

94 3169 201 3214 τῶν
232 3157 562 3220 ἕπετηδείων
614 3162 906 3237 ὑπηρεσίαν
938 3180 952 3227 ;
1003 3166 1125 3215 Δότε
1155 3181 1246 3234 μοι
1296 3168 1631 3235 συγγνώμην,
1670 3164 1709 3213 ὧ
1741 3188 1781 3243 C

96 3256 389 3326 παρόντες,
419 3254 816 3323 συγκεχυμένῳ,
854 3254 942 3302 καὶ
968 3253 1056 3303 τόν
1093 3250 1243 3322 λόγον
1277 3254 1520 3313 ιθυτενῶς
1549 3271 1708 3327 προσ-

95 3342 245 3413 άγειν
308 3337 435 3414 [μὴ]
490 3335 845 3412 δεδυνημένω.
915 3344 1100 3394 Καίτοι
1156 3360 1212 3412 γε
1272 3337 1579 3403 σπεύδοντες
1623 3342 1709 3392 οὖ-

94 3449 193 3492 ssu;
244 3430 357 3483 ὑπὸ
393 3435 486 3482 τοῦ
534 3430 732 3489 πάθους
795 3432 885 3481 καὶ
928 3437 1029 3492 τῶς
1069 3428 1403 3482 πολυελίκτου
1442 3437 1597 3504 φορᾶς
1622 3437 1712 3482 τοῦ

94 3518 786 3594 πρῶγματοςήμηχάνησα·
833 3522 924 3571 καὶ
960 3515 1086 3571 οἶδα
1126 3519 1345 3594 εἰρηκὼς
1410 3515 1560 3571 οὐδὲν
1612 3520 1709 3572 ἔτι·

98 3612 191 3662 καὶ
242 3606 562 3668 συσκιάζειν
621 3609 721 3682 γὰρ
764 3608 830 3660 τὰ
884 3606 1042 3660 πλείω
1100 3605 1458 3679 ἀνάγκασμαι·
1521 3607 1602 3680 ὑφ’
1650 3605 1709 3660 οὗ

99 3703 192 3751 καὶ
244 3699 382 3771 ἡμῖν
426 3694 489 3750 ἂν
532 3695 741 3771 ἀπορεῖν
787 3695 1021 3769 συμϐαίη
1080 3702 1168 3749 καὶ
1197 3703 1350 3750 πᾶσι.
1382 3701 1519 3760 Τέως
1550 3697 1712 3749 εἰσία-

107 3805 192 3840 σιν
221 3785 283 3840 οἱ
305 3781 580 3858 τηνᾶδαι·
612 3788 704 3838 καὶ
732 3786 760 3837 ό
806 3788 918 3858 μὲν.
952 3787 977 3838 ό
1016 3785 1214 3858 λυμεὼν
1272 3784 1455 3847 ἐκεῖνος
1514 3788 1710 3853 Λαζός,

104 3873 405 3941 hieme;
438 3872 768 3948 ὀνομάζεται·
820 3877 872 3926 οἰ
928 3874 978 3933 η’
1029 3873 1259 3947 ἀτεχνῶς
1310 3882 1399 3928 καὶ
1455 3880 1581 3948 γέρα
1632 3877 1710 3926 αὶ-

105 3972 321 4033 τοῠσιν,
370 3964 452 4017 ὅτε
506 3968 581 4037 μή
614 3967 711 4023 τὴν
741 3962 979 4033 Ἀλᾳνίαν
1026 3965 1221 4016 οὑτωσὶ
1266 3961 1528 4037 περιεῖδον
1565 3965 1717 4017 ἀποί-

108 4071 327 4125 μειντον,
386 4049 514 4105 ἆλλᾶ
563 4054 735 4105 πάντα
784 4056 1036 4125 καμόντες
1090 4059 1181 4105 καὶ
1227 4052 1376 4106 πάντ’
1413 4052 1712 4126 ἐνεγκόντες,

108 4142 245 4203 πλήν
290 4139 424 4195 αλλὰ
462 4144 630 4214 ταύτῃ
692 4146 874 4215 προικὶ
930 4144 1017 4194 τὸν
1083 4147 1301 4215 νυμφίον
1360 4139 1708 4215 δεδωρηνται.

1551 358 1932 417 ALANICUS.

3341 362 3450 416 402

1805 483 1989 551 bavit,
2020 486 2076 539 et
2106 480 2377 538 Ecclesiae
2392 481 2620 545 navim,
2676 481 3076 551 gubernatore
3120 484 3449 551 carentem,

1797 574 1928 645 jam
1948 571 2066 629 levi
2093 587 2232 629 cum
2253 587 2358 645 spe
2415 571 2846 644 periclitantem
2901 572 2964 627 in
3013 570 3450 645 desperationis

1803 662 2092 735 abyssum
2122 660 2397 732 conjecit.
2424 660 2583 716 Heu!
2626 659 2782 716 heu!
2826 665 3126 734 quantum
3180 659 3444 718 facinus!

1802 750 2118 818 Quomodo
2138 766 2265 806 rem
2287 765 2569 807 enarrare
2594 766 2816 822 queam
2831 752 2859 806 ?
2882 751 3080 808 Sentio
3099 748 3258 805 enim
3283 765 3451 821 pror-

1802 858 1904 897 sus
1951 857 2081 897 esse
2122 839 2553 898 incredibilem.
2619 842 2752 897 Erat
2803 841 3050 914 quidem
3119 839 3447 896 Alanorum

1803 929 2050 986 ecclesia
2098 929 2310 1002 capitis
2363 930 2595 986 honore
2627 929 2905 1001 spoliata,
2933 945 3126 999 sacro,
3174 929 3447 1001 inquam,

1803 1023 2041 1092 pastore
2071 1019 2191 1091 illo,
2215 1018 2321 1091 qui
2350 1018 2597 1074 minime
2637 1018 3035 1075 mentiebatur
3063 1017 3407 1090 apostolum
3431 1034 3445 1073 :

1803 1107 1920 1163 illic
1943 1107 2106 1163 enim
2126 1108 2177 1163 is
2207 1107 2392 1162 vitam
2413 1104 2623 1174 ﬁnivit,
2653 1106 2936 1179 prmolare
2958 1105 3198 1162 functus
3225 1103 3447 1162 ofﬁcio.

1805 1199 1939 1252 Erat
1970 1197 2150 1253 etiam
2176 1196 2429 1269 quidam
2460 1196 2738 1268 nequitiae
2759 1200 3077 1268 protector.
3128 1195 3452 1269 impudens
3516 1250 3521 1255 .

1805 1285 1993 1354 nudo,
2027 1290 2089 1340 ut
2118 1285 2306 1353 aiunt,
2331 1284 2523 1356 capite
2554 1300 2662 1355 pro
2695 1283 2792 1339 illa
2838 1282 3065 1338 bellum
3094 1298 3329 1353 gerens.
3387 1285 3455 1338 Et

1805 1391 1939 1446 quae
1970 1374 2097 1444 ejus
2115 1372 2367 1429 artiﬁcia
2395 1377 2453 1428 et
2475 1372 2773 1428 machinae
2801 1388 2933 1428 esse
2994 1371 3208 1441 solent,
3261 1371 3455 1428 avari—

1806 1465 1899 1519 tiae
1948 1463 2178 1519 rabiem
2220 1461 2530 1518 succendit
2584 1460 3015 1518 nonnullorum
3056 1461 3455 1518 ministerium

1806 1553 1887 1609 illi
1938 1550 2356 1625 prmbentium,
2410 1551 2602 1623 gentis
2664 1550 3108 1621 simplicitatem
3160 1549 3457 1622 imprimis

1807 1641 2209 1715 praetendens,
2261 1644 2317 1697 et
2354 1639 2645 1713 temporis
2698 1638 3139 1709 difﬁcultatem,
3195 1642 3252 1694 et
3288 1637 3457 1710 quod

1809 1730 2137 1787 Alanorum
2162 1743 2309 1799 gens
2336 1728 2507 1785 facile
2534 1729 2938 1785 seduceretur.

1879 1821 1966 1875 15.
1996 1821 2132 1875 Erat
2156 1818 2383 1891 quippe
2414 1817 2580 1890 apud
2610 1833 2713 1873 eos
2739 1816 2925 1873 homo
2956 1815 3282 1890 prmdictus
3334 1831 3461 1872 non

1810 1908 2104 1964 obscurus
2129 1922 2369 1979 genere,
2417 1910 2723 1979 pastorem
2765 1905 2936 1961 illum
2984 1906 3302 1978 attingens.
3354 1905 3462 1961 Hic

1809 1997 2125 2053 consilium
2157 1996 2266 2052 init
2285 1994 2479 2068 capite
2518 2010 2629 2051 suo
2657 1994 2933 2064 dignum,
2963 2002 3043 2065 net
3090 2009 3231 2050 vere
3259 1993 3466 2050 incon-

1810 2086 2054 2143 sultum.
2114 2086 2344 2142 Etenim
2396 2100 2604 2141 secum
2652 2099 2991 2153 assumens,
3040 2082 3202 2139 velut
3248 2082 3345 2141 ille
3398 2083 3464 2138 in

1810 2176 2146 2247 Evangeliis
2158 2177 2289 2248 jam
2304 2175 2568 2231 devictus
2584 2174 2829 2232 daemon
2842 2178 3071 2246 septem
3093 2171 3213 2230 alia
3234 2172 3464 2230 daemo-

1810 2267 1934 2329 nia,
1957 2266 2413 2322 circumstantes
2444 2263 2676 2336 pastori
2703 2262 2899 2334 lupos,
2933 2265 2991 2318 et
3017 2263 3186 2335 quod
3213 2260 3452 2329 mirere,

1814 2356 1970 2412 viros
2006 2354 2164 2411 illius
2192 2352 2648 2411 conversatione
2687 2351 2990 2419 indignos,
3041 2366 3303 2422 quorum
3356 2349 3462 2405 alii

1814 2444 2055 2501 aliunde
2077 2442 2505 2514 iugitivierant,
2529 2446 2587 2498 et
2605 2440 2750 2496 nihil
2770 2440 3021 2496 omnino
3042 2454 3260 2494 sanum
3276 2437 3467 2495 habe—

1816 2534 1997 2603 bant;
2025 2548 2135 2589 nec
2156 2548 2280 2589 non
2306 2530 2637 2605 quemdam
2664 2546 2737 2586 ex
2790 2531 3078 2585 Lazorum
3118 2526 3324 2600 aliquo
3362 2542 3470 2582 an-

1817 2622 1958 2694 gulo
1984 2637 2307 2686 emersum,
2335 2620 2556 2676 idoneo
2576 2623 2640 2674 ut
2661 2617 2898 2674 videtur
2922 2616 3134 2674 habitu
3163 2619 3469 2686 ornatum,

1815 2728 1927 2770 nec
1955 2711 2330 2774 iudecoram,
2363 2713 2428 2765 ut
2449 2708 2636 2777 aiunt,
2658 2707 2918 2763 barbam
2957 2710 3297 2776 gerentem;
3351 2704 3469 2774 hic,

1817 2804 2091 2874 inquam,
2121 2799 2450 2855 Alanorum
2506 2795 2823 2853 ecclesiam
2866 2794 3065 2867 scopis
3115 2793 3473 2850 mundatam

1818 2890 2147 2956 inveniens,
2179 2892 2237 2944 et
2263 2886 2371 2943 illo
2400 2885 2508 2958 qui
2538 2884 2747 2941 omnia
2796 2882 2985 2954 replet
3045 2882 3209 2938 bono
3261 2881 3472 2952 spiritu

1818 2996 2096 3047 vacuam;
2122 2977 2313 3033 libero
2336 2974 2491 3048 pede
2510 2972 2860 3044 ingreditur,
2887 2971 3111 3027 etﬁunt
3138 2969 3475 3027 novissima

1818 3069 2031 3142 pejora
2064 3065 2393 3140 prioribus:
2428 3079 2567 3119 nam
2597 3076 2795 3135 neque
2825 3059 2925 3117 illa
2976 3060 3119 3116 satis
3160 3074 3311 3115 sana
3348 3057 3474 3114 fue-

1819 3165 1973 3216 rant.
1996 3156 2226 3224 Quibus
2237 3169 2380 3225 ergo
2392 3152 2590 3209 verbis
2606 3148 3037 3223 improbiillius
3060 3148 3473 3204 incursionem

1818 3249 2145 3311 narrem,et
2171 3241 2394 3316 quibus
2412 3239 2676 3310 vestigiis
2697 3237 2993 3305 institerit,
3009 3241 3065 3293 et
3089 3235 3235 3292 illud
3259 3239 3474 3291 nactus

1821 3336 2128 3393 fueritnon
2139 3330 2594 3405 aspernandum
2616 3328 2961 3399 digniorum
2975 3325 3295 3383 hominum
3305 3325 3477 3382 obse-

1820 3422 2074 3500 quium?
2105 3425 2247 3479 Date
2276 3420 2423 3476 mihi
2454 3417 2717 3485 veniam,
2740 3433 2777 3474 o
2798 3415 2903 3490 qui
2924 3415 3169 3483 adestis,
3208 3418 3475 3471 mentem

1822 3515 2125 3573 turbatam
2154 3509 2425 3579 habenti,
2456 3513 2513 3565 et
2534 3508 2870 3565 orationem
2936 3510 3098 3563 recto
3133 3521 3314 3562 cursu
3341 3518 3478 3576 pro-

1823 3606 2033 3662 vehere
2058 3599 2389 3674 impotenti.
2422 3601 2490 3655 Et
2510 3597 2759 3670 quidem
2810 3596 3181 3663 festinanter,
3236 3595 3320 3651 sic
3371 3594 3475 3650 do-

1822 3695 1947 3751 lore
1971 3692 2179 3757 animi,
2211 3695 2268 3746 et
2291 3688 2371 3745 ob
2411 3687 2639 3745 varium
2693 3685 2914 3756 negotii
2944 3700 3189 3741 cursum
3227 3699 3471 3756 anceps,

1825 3783 1998 3840 video
2018 3796 2117 3838 me
2146 3777 2295 3837 nihil
2325 3777 2525 3835 adhuc
2555 3776 2809 3832 dixisse:
2835 3790 2978 3831 nam
2990 3773 3277 3846 pleraque
3297 3772 3471 3829 silen-

1824 3874 1905 3929 tio
1933 3884 2206 3945 premere
2234 3871 2477 3925 coactus
2504 3864 2591 3921 fui
2623 3883 2636 3933 ;
2668 3879 2792 3936 quo
2821 3863 2942 3928 ﬁet,
2993 3866 3058 3917 ut
3103 3861 3251 3917 mihi
3271 3866 3327 3917 et
3347 3876 3474 3917 om-

1823 3961 2005 4018 nibus
2028 3961 2088 4016 in
2110 3955 2567 4032 perplexitatem
2595 3951 2823 4010 versari
2862 3950 3186 4021 contingat.
3233 3949 3476 4005 Interim

1823 4049 2244 4122 ingrediuntur
2272 4043 2495 4117 egregii
2524 4041 2646 4110 illi;
2688 4046 2747 4097 et
2774 4039 2868 4095 ille
2902 4038 3149 4113 quidem
3191 4038 3476 4112 pestilens

1826 4145 2029 4203 Lazus,
2061 4136 2384 4210 episcopus
2412 4130 2790 4191 nominatur:
2816 4128 2911 4184 isti
2940 4132 3143 4185 autem
3168 4132 3371 4200 aperte
3418 4131 3479 4184 et

108 4230 371 4305 Pmmia‘
407 4236 768 4303 exspocunt,
793 4231 963 4305 quod
998 4231 1274 4288 Alianam
1304 4232 1533 4306 absque
1556 4241 1799 4307 pastore
1825 4246 1957 4290 esse
1984 4240 2108 4284 non
2147 4222 2407 4288 siverint,
2439 4221 2545 4277 sed
2568 4235 2708 4277 cum
2742 4217 2910 4274 omni
2949 4216 3236 4291 patientia
3263 4231 3334 4273 ac
3391 4216 3478 4274 la-

106 4319 260 4378 bore
425 4320 686 4391 gratuito
732 4321 897 4378 dono
927 4336 1222 4393 sponsum
1280 4325 1577 4381 munerati
1601 4330 1760 4382 sunt.

180 4395 274 4472 δυ’.
329 4415 529 4485 Πρώτῳ
578 4411 670 4482 μὶν
703 4405 792 4462 οὖν
851 4409 999 4471 εὐθὺς
1045 4419 1118 4481 τῷ
1173 4410 1371 4483 βατῆρι
1414 4415 1482 4474 ὡς
1551 4415 1713 4486 Αἰγυ-
1752 4417 1796 4471 Ι)

111 4503 312 4558 πτιακή
352 4517 434 4560 τις
488 4496 798 4558 ἐπισκήπτει
845 4498 1042 4572 πληγή·
1088 4500 1221 4559 πλὴν
1274 4504 1352 4552 ὅτι
1396 4504 1470 4574 μὰ
1534 4509 1624 4556 καὶ
1686 4506 1714 4562 ἡ

117 4595 326 4665 πρῶτη,
359 4586 393 4646 ἢ
414 4606 474 4660 γε
517 4592 623 4661 μὴν
651 4588 851 4647 ὑστάτη
885 4587 986 4641 ὃσα
1021 4594 1110 4641 καὶ
1160 4588 1444 4666 βαρυτέρα·
1496 4597 1557 4650 τὴ
1617 4595 1717 4667 γὰρ

120 4681 437 4754 πρωτότοκα
484 4681 578 4743 καὶ
623 4676 752 4751 ἅπερ
831 4676 1177 4753 ἆφιεροῦσθαι
1232 4682 1488 4748 ὡσίωται,
1554 4689 1722 4733 ταῦτα

122 4762 189 4827 δή
235 4767 271 4819 ὃ
322 4765 634 4840 ὀλοθρευτης
681 4762 1046 4840 περιέδραμεν.
1095 4764 1257 4820 Ἦνδὲ
1300 4768 1401 4842 ἄρα
1465 4767 1589 4822 οὐδέ
1643 4790 1723 4832 τις

123 4858 285 4929 σοφός
307 4861 565 4925 natiuis,
615 4858 707 4908 ἶνα
748 4860 809 4909 τὸ
872 4864 965 4909 τοῦ
1008 4861 1296 4933 χρίσαντος
1350 4863 1723 4933 προερμηνεύοι

121 4940 488 5022 μυστηριῶδες
514 4949 754 5020 περὶτοῦ
784 4947 1003 5019 αἵματος
1054 4954 1151 4999 τοῦ
1207 4947 1418 5020 Ἀμνοῶ
1486 4954 1575 5001 καὶ
1623 4969 1724 5023 προ

124 5034 335 5106 fului}
384 5037 478 5108 μὲν
529 5031 774 5109 οὐδεμία,
817 5038 909 5089 καὶ
965 5032 1104 5109 ἄρδη
1166 5038 1191 5088 ό
1236 5036 1456 5112 ὄλεθρος·
1515 5040 1725 5112 ἔρχεται

120 5125 273 5200 τὰρό
303 5122 527 5186 κλέπτης
571 5123 657 5178 ἱνα
699 5124 843 5200 λήψῃ
892 5130 985 5179 καὶ
1048 5127 1183 5199 θύσῃ
1224 5132 1315 5180 καὶ
1358 5126 1607 5185 ἀπολέσῃ.
1643 5126 1726 5187 Ὠς

129 5210 377 5271 ἀπόλοιτο
434 5216 469 5274 ἦ
526 5219 710 5284 κακία,
759 5215 823 5276 ἣν
864 5220 1328 5292 παρυφισταμένην
1354 5213 1479 5270 οἶδα
1501 5225 1564 5290 τῇ
1602 5217 1725 5291 ἁμε-

124 5299 241 5376 λείᾳ
283 5298 381 5361 τοῦ
421 5304 748 5381 κρείττονοςρὶ
800 5304 845 5359 εἰ
897 5307 1001 5379 γὰρ
1054 5303 1370 5381 ἔγρηγόρειό
1423 5303 1729 5359 οἰκοδεσπό-

126 5410 243 5461 της,
278 5392 472 5448 οὐκ-ὤν
522 5394 800 5457 eam;
853 5399 949 5454 τὴν
1000 5394 1168 5448 οἰκίαν
1220 5394 1501 5469 κατώρυξε*
1554 5395 1731 5449 Βούλε-

131 5485 223 5539 σθί
241 5487 434 5561 papas
462 5486 587 5559 ὑμῖν
619 5488 711 5539 καὶ
737 5486 805 5539 τὰ
839 5493 937 5549 τῆς
962 5493 1307 5559 ποιμαντικῆς
1359 5483 1681 5559 ἁναλέξωμαί
1714 5501 1728 5552 ;

199 5664 223 5701 δ
251 5664 421 5722 Jean.
448 5678 514 5734 ι,
546 5666 631 5722 l0.

1900 4409 1988 4465 16.
2013 4407 2166 4475 Ergo
2187 4402 2383 4475 primo
2414 4397 2613 4457 statim
2637 4399 2697 4455 in
2715 4397 2942 4465 limine,
2975 4400 3266 4469 tanquam
3305 4398 3478 4467 Egy-

1827 4497 2027 4571 ptiaca
2042 4492 2321 4566 quaedam
2336 4490 2517 4563 plaga
2534 4488 2829 4545 incumbit
2843 4506 2855 4557 ;
2869 4486 3160 4560 nisiquod
3174 4485 3269 4542 hic
3282 4488 3479 4558 prima

1829 4587 1957 4649 fuit,
1986 4599 2124 4658 quae
2143 4581 2261 4638 illic
2285 4584 2593 4653 postrema
2621 4581 2679 4634 et
2703 4576 2963 4649 gravior.
2987 4578 3137 4633 Nam
3177 4574 3479 4647 primoge-

1830 4677 1974 4747 nita,
1998 4679 2054 4730 et
2078 4689 2216 4746 quae
2242 4674 2360 4727 Deo
2381 4667 2717 4726 consecrari
2747 4672 3021 4724 sanctum
3047 4671 3194 4728 erat.
3217 4666 3349 4723 haec
3370 4665 3479 4721 iste

1831 4763 2249 4822 exterminator
2275 4758 2650 4816 circumibat.
2682 4760 2881 4829 Neque
2901 4756 3117 4829 aliquis
3148 4755 3353 4811 aderat
3384 4769 3481 4809 sa-

1830 4856 2003 4929 piens
2031 4856 2283 4923 Moyses,
2315 4853 2379 4906 ut
2398 4847 2554 4903 illius
2603 4847 2924 4918 unguentis
2974 4845 3329 4918 mysterium
3388 4858 3480 4899 ex-

1832 4928 2123 5018 planaret,
2150 4941 2225 4996 de
2245 4939 2396 5008 Agni
2426 4936 2699 4994 videlicet
2723 4935 3016 5007 sanguine
3041 4951 3055 4990 :
3111 4948 3306 5004 neque
3359 4928 3482 4988 ulla

1834 5032 2038 5101 tutela,
2064 5030 2172 5086 sed
2200 5028 2636 5085 internecivum
2665 5023 3106 5083 exterminium.
3132 5021 3298 5077 Venit
3321 5019 3484 5077 enim

1834 5122 1950 5192 fur,
1980 5124 2045 5177 ut
2067 5118 2282 5192 rapiat,
2311 5122 2369 5173 et
2386 5119 2626 5184 mactet,
2656 5119 2712 5172 et
2733 5114 2942 5187 perdat
2981 5114 3025 5170 ⁸.
3080 5110 3224 5169 Male
3271 5110 3345 5167 sit
3384 5125 3486 5166 ne-

1836 5212 2254 5286 quitim,quam
2270 5208 2616 5265 abstrusam
2634 5205 2772 5274 vidi,
2787 5204 2866 5262 ob
2879 5203 3023 5260 recti
3034 5201 3484 5273 negligentiam!

1838 5306 1986 5359 Nam
2016 5301 2065 5356 si
2091 5298 2400 5370 vigilasset
2428 5301 2599 5370 pater
2627 5294 2904 5361 familias,
2947 5307 3334 5366 nequaquam
3382 5291 3489 5350 do-

1839 5407 2009 5449 mum
2058 5390 2154 5447 fur
2183 5388 2509 5446 eﬂodisset.
2544 5384 2730 5441 Vultis
2759 5388 2817 5440 et
2846 5387 2976 5440 acta
3003 5384 3135 5455 ejus
3168 5382 3492 5456 pastoralia

1842 5483 2220 5557 aliquantum
2276 5476 2672 5537 enumerem?
2711 5473 2866 5540 Quid
2922 5475 3083 5531 enim
3146 5473 3296 5532 illud
3327 5472 3494 5535 Pauli
