4028 6308
559 370 665 425 403

1754 359 2107 417 THEODORI
2144 359 2423 418 ALANLB
2460 361 2766 418 EPISCOPI

3837 357 3994 418 404

561 495 953 566 praeceptum,
989 495 1050 549 ut
1076 505 1297 548 manus
1328 489 1444 547 cito
1474 486 1702 544 nemini
1734 487 2127 558 imponantur
2147 488 2166 521 ⁷
2193 488 2221 542 ν

2337 489 2401 538 Τί
2429 488 2527 558 γὰρ
2569 487 2597 544 ἠ
2628 493 2719 537 τοῦ
2756 484 2988 551 Παύλου,
3025 487 3080 547 ὃς
3121 481 3315 558 μηδενί
3353 492 3543 560 χεῖρας
3591 491 3798 557 ταχέως
3837 485 3996 538 ἄνευ

562 587 636 640 At
657 583 769 639 iste
797 583 952 638 intra
982 597 1210 654 paucos
1232 580 1384 648 dies,
1423 578 1816 635 formicarum
1845 575 2027 632 veluti
2085 593 2220 632 exa-

563 689 702 728 men
740 672 1077 728 sacerdotes
1098 671 1324 728 emisit:
1353 673 1410 726 et
1436 669 1549 725 hos
1580 668 1808 738 viginti,
1843 668 2010 723 aiunt
2033 667 2110 724 ab
2151 683 2221 724 eo

561 765 862 832 tanquam
908 761 1102 832 equite
1150 763 1544 832 praetereunte
1619 757 1950 819 ordinatos,
2026 772 2224 828 pauca

562 851 718 906 intra
745 851 954 906 dentes
984 849 1332 922 neminique
1354 847 1654 905 intellecta
1701 851 2135 918 murmurante,
2169 852 2226 902 et

563 942 718 995 certe
746 938 923 995 labiis
970 938 1217 996 minime
1265 937 1518 1010 prolata.
1569 935 1729 992 Alios
1784 935 2227 1008 quinquaginta

575 1028 724 1084 dum
747 1027 914 1084 cibos
946 1028 1009 1083 in
1028 1043 1244 1084 mensa
1268 1025 1599 1089 manderet,
1627 1029 1686 1081 et
1713 1024 1958 1080 calicem
2016 1041 2227 1081 manu-

572 1121 835 1174 teneret:
866 1116 1016 1173 alios
1047 1117 1196 1172 dum
1247 1120 1428 1172 noctu
1476 1115 1539 1170 in
1589 1112 1741 1170 lecto
1775 1115 2016 1185 jaceret.
2080 1116 2228 1172 Sunt

568 1207 728 1263 enim
759 1207 864 1280 qui
895 1205 1028 1262 diro
1050 1221 1190 1262 cum
1217 1206 1565 1278 juramento
1591 1203 1914 1270 afﬁrmant,
1954 1218 2093 1259 eum
2149 1219 2226 1260 ne

569 1295 644 1351 de
668 1296 822 1352 lecto
846 1295 1091 1368 quidem
1107 1293 1551 1350 consurrexisse
1577 1291 1691 1348 Sed
1707 1307 1814 1361 cur
1833 1291 2009 1364 plura
2030 1291 2227 1364 inqui-

564 1400 720 1452 ram,
752 1383 901 1440 mihi
931 1384 1179 1456 quidem
1203 1383 1349 1439 haut
1378 1382 1541 1437 dictu
1562 1380 1781 1450 facilia,
1803 1381 1976 1437 vobis
2025 1385 2227 1438 autem

566 1473 954 1531 audientibus
984 1468 1421 1528 intulerabilia?
1443 1470 1706 1544 Denique
1729 1471 1824 1527 his
1856 1473 2025 1542 actis,
2051 1471 2226 1527 diﬁ'u-

567 1563 650 1635 git
670 1564 734 1619 in
765 1563 1054 1630 Lazicam,
1078 1561 1294 1632 ligonis
1325 1563 1418 1616 sui
1444 1577 1655 1617 rursus
1668 1561 1944 1633 cupidus.
1969 1565 2094 1618 Non
2117 1565 2224 1628 est,

566 1657 634 1709 ut
653 1657 823 1726 puto,
837 1652 1022 1707 homo
1052 1651 1292 1722 ignotus
1311 1649 1745 1708 mercatoribus
1767 1649 2226 1707 nonnullisilluc

568 1739 1074 1797 commeantibus.

647 1834 735 1886 17.
771 1829 969 1885 Sentio
991 1828 1273 1902 equidem
1295 1829 1515 1886 multas
1545 1827 2040 1900 interrogationes
2062 1829 2226 1902 apud
2258 1836 2296 1891 Β

566 1933 677 1974 vos
697 1917 802 1990 qui
829 1917 1047 1974 auditis
1097 1922 1474 1974 commotum
1519 1918 1592 1974 iri
1642 1917 1722 1974 ab
1759 1917 1875 1972 hoc
1927 1932 2223 1974 sermone.

565 2006 683 2063 Alii
713 2012 916 2064 autem
937 2023 1013 2064 ne
1036 2007 1151 2064 sibi
1179 2007 1426 2081 quidem
1475 2007 1824 2080 persuaderi
1889 2007 2224 2080 patientur;

565 2095 632 2152 id
661 2096 829 2170 quod
855 2096 1044 2170 probe
1067 2112 1357 2169 agnosco,
1386 2097 1535 2154 dum
1553 2112 1692 2154 mea
1706 2111 1844 2153 eum
1858 2096 2069 2152 vestris
2093 2112 2229 2152 com

563 2201 736 2260 paro.
795 2189 945 2243 Nam
985 2201 1098 2243 nec
1157 2201 1268 2257 ego
1321 2187 1541 2243 auditis
1573 2185 1772 2242 statim
1830 2185 2084 2250 credidi;
2121 2201 2230 2258 per

567 2276 757 2332 otium
797 2276 994 2346 primo
1022 2276 1153 2332 haec
1182 2276 1465 2344 intellexi,
1488 2275 1706 2332 deinde
1748 2290 1890 2332 vero
1933 2281 1988 2330 et
2041 2275 2229 2332 multa

568 2363 1002 2432 interrogando
1034 2364 1314 2434 cognovi.
1351 2365 1465 2420 Sed
1496 2365 1580 2420 ita
1623 2363 1795 2420 facile
1851 2363 1959 2419 fuit
2010 2364 2227 2420 volenti

569 2451 878 2524 decipere;
913 2456 969 2508 et
999 2452 1082 2508 sic
1113 2452 1326 2525 lupum
1377 2452 1790 2526 sequebantur
1837 2468 2003 2518 oves,
2049 2453 2228 2525 quasi

565 2539 872 2597 neminem
901 2556 1174 2614 unquam
1197 2541 1487 2598 vidissent
1508 2541 2047 2614 pastorem,|neque
2072 2541 2226 2612 ejus-

569 2628 712 2685 dem
741 2644 956 2685 vocem
985 2629 1318 2687 audissent.
1355 2630 1509 2696 Quid
1545 2632 1730 2686 vero?
1758 2645 1958 2686 nonne
1990 2631 2068 2686 ab
2100 2631 2228 2687 heri

567 2722 626 2774 et
651 2717 1089 2776 nudiustertius
1123 2720 1399 2790 egregius
1432 2719 1528 2776 hic
1584 2723 1788 2792 pastor
1817 2724 1942 2776 erat
1971 2723 1999 2775 ?
2025 2735 2227 2776 nonne

567 2806 758 2880 ipsius
788 2808 1206 2881 episcopatum
1259 2809 1670 2866 inordinatum
1708 2809 2027 2866 sciebant?
2081 2809 2227 2866 Rem

567 2900 723 2954 certe
744 2896 913 2954 haud
937 2897 1263 2956 obscuram
1281 2913 1477 2972 neque
1503 2914 1627 2955 non
1639 2898 2019 2955 manifestam
2041 2898 2228 2972 pluri-

565 2985 716 3043 bus:
751 2988 858 3044 etsi
884 2993 1088 3045 autem
1109 2988 1278 3046 haud
1303 2989 1612 3057 omnibus,
1637 2988 2049 3045 sacerdotibus
2067 2993 2223 3045 certe

567 3075 673 3148 qui
705 3075 1152 3134 ordinationem
1175 3077 1252 3134 ab
1281 3093 1353 3134 eo
1393 3080 1816 3150 susceperunt.
1864 3077 2226 3134 Alterutrum

2337 576 2536 627 τιθέναι
2572 577 2868 647 νομοθετεῑ;
2911 574 3045 626 Ἀλλ’
3086 574 3237 635 οὗτος
3287 577 3490 647 ἡμερῶν
3544 574 3814 645 ὀλιγοστύῐ
3869 595 3996 626 2-1—

2336 672 2434 716 νῶν
2491 666 2792 737 μυρμηκιὰς
2861 667 3032 738 ἱερέων
3100 668 3223 735 ἡμῖν
3276 664 3479 734 ἀνέῳξεο
3540 668 3629 721 τὴν
3684 661 3996 716 εἰκοσάδα

2335 756 2528 812 ταύτην
2591 759 2749 826 φασὶν
2795 750 3047 826 παρόδιος
3097 756 3316 814 ἱππότης
3373 753 3759 826 ἐχειροτόνησε,
3807 759 3996 828 μίκρ

2337 843 2467 896 ἄττα
2515 843 2807 918 ψιθυρίσας
2859 848 2947 896 καὶ
3000 839 3315 896 ύποδόντινα
3389 846 3476 894 καὶ
3547 847 3675 905 τέως
3711 840 3998 901 ἀνηκου-

2339 952 2455 988 στα.
2501 941 2600 984 τῶν
2626 935 2727 1005 γάρ
2772 932 2986 1005 χειλέων
3018 929 3152 990 ἦσαν
3204 931 3478 1006 ἁνεκφορα·
3505 936 3594 984 καὶ
3627 937 3744 990 τὴν,
3815 951 3998 984 πενι-

2335 1017 2638 1080 τηκοντάδα
2719 1019 2933 1092 ἐκείνην,
3011 1017 3046 1073 δ
3053 1026 3446 1093 ιαμασσὼμενος
3513 1020 3597 1073 ἐπὶ
3649 1021 3896 1095 τραπέζῃ
3923 1042 3994 1087 ς,

2334 1115 2424 1164 καὶ
2454 1119 2516 1183 τῇ
2568 1116 2712 1184 χειρὶ
2759 1111 3130 1187 κυλικοφορῶνσ
3176 1109 3370 1186 ίτέρους
3425 1113 3624 1183 νύκτωρ
3671 1109 3756 1162 ὶπὶ
3775 1129 4000 1182 στρω-

2335 1207 2488 1272 μνῆς.
2545 1199 2778 1260 Ἐαυτοῖς
2829 1198 3120 1275 ἑπαρῶνφαι
3187 1202 3255 1252 τὰ
3308 1195 3545 1274 φρικώδη
3606 1199 3655 1252 οἱ
3707 1198 3996 1270 λέγοντες

2336 1293 2403 1352 ὡς
2470 1286 2595 1342 ούδε
2644 1298 2734 1350 τῆς
2790 1294 2970 1351 κοίτης
3008 1289 3442 1362 ἐξανιστάμενος..
3492 1293 3594 1342 Καὶ
3657 1294 3708 1341 τί
3755 1289 3819 1341 ἄν
3889 1292 3998 1340 τὰ

2335 1379 2494 1431 πλείω
2518 1376 2553 1431 δ
2560 1385 2848 1452 ιερευνώην,
2879 1378 2992 1452 ἐμοι
3021 1399 3075 1432 τε
3111 1379 3274 1452 λέγειν
3331 1379 3389 1431 ού
3427 1374 3611 1452 ῥᾴδια,
3672 1382 3763 1430 καὶ
3816 1379 3994 1450 ύμῖν

2338 1466 2540 1521 ἀκούειν
2574 1468 2631 1520 ού
2700 1471 2939 1542 φορητά;
2997 1473 3130 1529 Τέως
3186 1472 3320 1522 οὕτω
3363 1465 3587 1542 δράσας,
3655 1467 3791 1520 ούτω
3849 1471 3992 1519 καὶ

2339 1555 2680 1630 διαπέφευγεν
2734 1558 2784 1610 ἐν
2824 1566 2887 1630 τῇ
2939 1558 3175 1630 Λαζικῇ,
3224 1563 3312 1610 καὶ
3359 1557 3513 1610 πάλιν
3552 1564 3616 1628 τῇ
3693 1559 3980 1630 σκαποὲνῃ

2337 1648 2774 1720 φιλοτιμούμενος·
2835 1647 2893 1700 ού
2941 1651 3043 1722 γάρ
3093 1647 3234 1701 ἐστιν
3287 1645 3484 1720 ἀφανὴς
3526 1645 3632 1698 ἐκεῖ
3675 1643 3980 1720 παροδεύ-

2336 1756 2483 1789 ουσιν
2511 1736 2756 1810 ἐμπόροις
2784 1737 2912 1799 ἳσως
2930 1742 3090 1790 τισίν.

2409 1826 2493 1888 ιζ’.
2553 1822 2695 1878 Οἶδα
2736 1829 2826 1899 μὲν
2883 1827 2976 1878 σῦν
3019 1828 3098 1878 ὅτι
3154 1824 3346 1884 πολλὴν
3403 1829 3497 1884 τὴν
3535 1832 3718 1878 πεῦσιν
3764 1820 3980 1877 ὠδίνεε

2336 1918 2468 1989 πρὸς
2527 1923 2692 1968 ταῦτα
2747 1925 2846 1967 τῶν
2895 1918 3297 1990 ἀκροασαμένων
3350 1916 3511 1987 ὑμῶν,
3561 1912 3602 1966 ὦ
3670 1918 3976 1988 παρόντες,

2335 2005 2507 2077 λόγος·
2570 2009 2658 2056 καὶ
2701 2011 2802 2057 ποῦ
2847 2023 2908 2076 γε
2954 2008 3044 2056 καὶ
3067 2004 3116 2056 οἳ
3159 2000 3276 2056 οὐδ’
3334 2005 3395 2055 ἄν
3446 2005 3694 2075 ἐνέγκοιεν
3734 2006 3796 2054 τό
3858 2021 3978 2055 7r:-

2337 2095 2571 2146 πεῖσθαι’
2604 2098 2693 2145 καὶ
2735 2089 2879 2161 οἶδα,
2932 2101 3041 2154 τοῖς
3095 2095 3234 2165 εμοῖς
3277 2099 3618 2165 παραμετρῶν
3657 2093 3725 2144 τὰ
3760 2093 3975 2164 ὑμέτε-

2341 2199 2429 2256 ρα·
2464 2183 2522 2234 ού
2551 2185 2652 2258 γὰρ
2693 2179 2808 2234 οὐδ’
2849 2182 3006 2242 αὐτὸς
3036 2181 3188 2243 εὐθὺς
3226 2181 3542 2253 ἐπεπείσμην
3595 2182 3802 2254 μαθώνο
3848 2180 3974 2255 ἄρα

2336 2283 2442 2344 γὼς
2496 2292 2549 2326 τε
2597 2276 2664 2324 τὰ
2712 2281 2895 2348 πρῶτα
2923 2276 3039 2347 περὶ
3079 2275 3272 2325 τούτων
3312 2272 3536 2330 ἦκονσα·
3586 2269 3695 2323 ἐπεὶ
3747 2269 3811 2324 δ¹ε
3858 2278 3970 2324 καὶ

2338 2362 2424 2415 ἐπὶ
2472 2362 2620 2416 πλέον
2662 2361 2761 2426 ἀεὶ,
2820 2361 2982 2414 πολλὰ
3041 2363 3264 2436 ἠρόμην.
3353 2359 3488 2414 Ἀλλ’
3562 2361 3726 2421 οὕτως
3791 2361 3968 2433 εὐχε-

2336 2455 2416 2526 ρὲς
2462 2461 2534 2523 τῷ
2603 2451 2898 2525 βουλομένῳ
2946 2451 3163 2522 πλανᾴν,
3220 2455 3310 2503 καὶ
3349 2450 3484 2502 οὕτω
3525 2449 3662 2522 λύκῳ
3707 2452 3777 2502 τὰ
3820 2455 3972 2524 πρὸ·

2339 2540 2472 2594 ϐατα
2531 2541 2914 2612 ἠκολούθησαν,
2993 2544 3057 2602 ὡς
3093 2541 3136 2593 εί
3172 2536 3312 2612 μηδὲ
3340 2544 3560 2608 ποιμένα
3613 2535 3755 2592 εἶδόν
3819 2558 3969 2593 ποτε

2337 2628 2477 2704 μηδὲ
2513 2635 2751 2704 ποιμένος
2824 2635 2992 2703 φωνὴν
3048 2631 3288 2703 ᾔσθοντο.
3329 2633 3394 2682 Τί
3437 2626 3528 2696 δί;
3581 2627 3639 2681 ού
3676 2631 3815 2701 χθὲς
3854 2635 3965 2683 καὶ

2335 2723 2437 2794 πρὸ
2489 2726 2668 2796 τρίτης
2707 2723 2732 2772 ὁ
2789 2719 2944 2782 καλὸς
2965 2719 3152 2782 ἐκεῖνος
3205 2722 3428 2791 ποιμήνς
3472 2717 3530 2770 ού
3579 2717 3701 2792 παρ’
3743 2717 3962 2772 ἐκείνου

2337 2815 2429 2869 τὴν
2463 2813 2755 2870 ἐπισκοπὴν
2787 2809 3001 2873 ἀταξίαν
3033 2807 3290 2883 ᾔδεισαν;
3325 2812 3430 2868 Τὴν
3482 2815 3609 2881 γοῦν
3657 2813 3766 2868 τοῖς
3811 2808 3961 2862 πολ-

2335 2899 2442 2962 λοῖς
2499 2900 2594 2952 οὐκ
2637 2898 2802 2972 ἀφανῆ
2864 2894 2980 2950 οὐδ’
3040 2896 3335 2970 ἀνέκφορον·
3389 2900 3479 2948 καὶ
3533 2895 3576 2948 εί
3623 2900 3694 2968 μή
3729 2898 3956 2965 πάντες,

2338 2989 2471 3048 πλὴν
2517 2992 2653 3062 ὅμως
2685 2992 2733 3041 οἱ
2763 2986 3145 3060 τούβήματος,
3202 2986 3324 3062 παρ’
3375 2985 3568 3038 ἐκείνου
3625 2987 3720 3044 τήν
3761 3005 3960 3061 χειροο

2339 3084 2512 3132 τονίαν
2562 3076 2853 3150 δεξάμενοι·
2887 3084 3032 3130 Δνεῖν
3081 3080 3254 3129 τοίνυν
3301 3077 3532 3150 θάτερον*
3565 3079 3596 3135 ἤ
3629 3075 3724 3128 οὐκ
3791 3072 3954 3134 ἠδει-

565 3163 767 3238 itaque
795 3181 925 3222 esse
957 3171 1222 3239 oportet:
1276 3165 1372 3222 vel
1429 3166 1589 3222 enim
1640 3165 2006 3237 nesciebant,
2057 3167 2224 3239 quod

2342 3171 2460 3238 σάν,
2518 3173 2608 3221 καὶ
2661 3169 2686 3220 ὁ
2742 3167 2895 3239 λόγος
2948 3165 3217 3228 ἀπίθανοςο
3267 3172 3377 3228 πῶς
3396 3166 3498 3239 γὰρ
3525 3166 3574 3233 οξ
3623 3166 3959 3228 πεπονθότες

568 3259 660 3311 est
687 3256 1055 3323 incredibile,
1109 3273 1254 3313 nam
1284 3257 1389 3329 qui
1449 3257 1727 3326 ignorare
1767 3261 2063 3329 poterant,
2115 3257 2222 3330 qui

570 3344 797 3414 experti
827 3347 994 3400 sunt?
1019 3344 1113 3401 vel
1130 3345 1318 3412 aliter,
1339 3345 1400 3402 id
1423 3350 1532 3410 est,
1559 3361 1688 3402 rem
1719 3346 2017 3413 sciebant;
2041 3352 2098 3404 et
2119 3363 2224 3404 cur

569 3431 654 3487 sic
705 3447 1001 3502 magnum
1084 3434 1423 3491 chrismatis
1479 3435 1790 3505 negotium
1849 3439 2220 3507 spreverunt,

570 3523 751 3592 atque
781 3519 860 3576 ab
879 3535 950 3576 eo
978 3522 1234 3590 gratiam
1257 3522 1560 3595 suscipere
1590 3526 1896 3597 putarunt,
1930 3523 2033 3596 qui
2075 3524 2223 3580 nihil

573 3625 790 3665 sanum
820 3609 1130 3668 habebat?
1154 3612 1484 3668 Praesertim
1527 3614 1672 3685 quia
1726 3617 1865 3669 sunt
1928 3614 2222 3683 nonnulli,

571 3697 677 3770 qui
697 3698 877 3755 trium
908 3699 1335 3774 episcoporum
1367 3702 1812 3758 successionem
1843 3702 2140 3773 viderunt,
2169 3708 2227 3760 et

570 3801 842 3846 nuncme
861 3792 1168 3862 quartum;
1188 3790 1368 3863 quiet
1381 3789 1639 3862 insignia
1669 3791 1876 3861 magni
1907 3792 2224 3848 sacerdotii

570 3875 684 3932 illis
712 3878 1115 3952 exponebam,
1150 3879 1274 3935 sive
1303 3879 1484 3936 obvia
1504 3880 1565 3936 in
1589 3880 1856 3936 vestibus
1887 3881 2014 3937 sive
2035 3881 2093 3937 in
2125 3882 2225 3938 be-

569 3967 748 4024 matis
774 3972 987 4025 ornatu
1013 3986 1025 4023 :
1048 3985 1186 4042 quae
1216 3969 1499 4026 omnibus
1528 3970 1731 4043 palam
1761 3970 2140 4043 prostabant,
2160 3975 2226 4027 ut

571 4056 712 4112 inde
767 4058 1120 4130 episcopum
1176 4064 1588 4130 agnoscerent.
1649 4060 1880 4116 Gradus
1929 4061 2108 4116 etiam
2137 4060 2224 4132 ip-

573 4145 654 4199 sis
685 4146 1140 4216 enumerabam,
1163 4148 1387 4219 quibus
1419 4148 1470 4204 is
1493 4153 1883 4222 promovetur
1901 4150 2007 4222 qui
2034 4165 2214 4205 sacer-

572 4232 737 4287 dotio
767 4233 1080 4290 iuncturus
1102 4240 1214 4293 est.
1266 4237 1426 4303 Haec,
1481 4238 1751 4310 inquam,
1803 4243 1858 4293 et
1921 4239 2013 4294 his
2048 4238 2224 4310 plura

572 4319 720 4375 mihi
750 4321 1107 4394 suadebant,
1140 4339 1215 4380 ne
1259 4341 1355 4380 me
1381 4331 1657 4381 accurate
1688 4331 1930 4398 tuteque
1959 4342 2084 4381 rem
2117 4343 2223 4382 au-

573 4407 734 4463 disse
788 4410 1128 4481 crederem;
1191 4413 1297 4468 sed
1347 4414 1711 4485 imperitiam
1752 4413 2129 4471 damnabam
2169 4419 2225 4470 et

574 4495 755 4551 taedio
777 4496 1082 4555 habebam
1113 4499 1256 4557 talia
1278 4507 1614 4560 narrantes.
1631 4502 1743 4558 Sed
1759 4503 1975 4559 auditis
2003 4519 2222 4560 sermo-

572 4584 752 4650 nibus
781 4587 1001 4654 agnovi
1022 4593 1233 4658 postea
1257 4606 1379 4646 non
1404 4596 1622 4647 temere
1643 4591 1825 4648 ﬂdem
1849 4591 2218 4648 adhibuisse.

655 4677 733 4729 t8.
768 4676 922 4730 Num
950 4691 1092 4747 ergo
1119 4677 1346 4747 videar,
1379 4680 1428 4735 si
1487 4697 1829 4736 sermonem
1875 4680 2222 4736 confusione

575 4761 850 4836 spoliem,
882 4780 1085 4820 meum
1120 4765 1196 4822 ad
1227 4783 1334 4823 vos
1362 4768 1695 4842 alloquium
1714 4770 1871 4841 juste
1901 4769 2223 4840 reﬁngere?

572 4851 752 4925 Atqui
778 4852 1130 4924 hujusmodi
1160 4871 1282 4912 non
1309 4861 1398 4912 est
1427 4857 1522 4913 lex
1573 4858 1962 4930 loquentibus
2001 4859 2218 4930 posita.

570 4940 905 4998 Voluissem
926 4948 1124 4999 autem
1141 4944 1220 5000 ab
1247 4945 1366 5001 alio
1383 4946 1583 5019 potius
1602 4963 1790 5020 quam
1809 4963 1844 5003 a
1857 4963 1951 5002 me
1964 4947 2091 5003 haec
2113 4963 2221 5003 vos

572 5030 803 5096 audire,
838 5036 1019 5106 atque
1049 5033 1132 5089 ita
1160 5033 1222 5090 in
1260 5034 1466 5092 abdito
1494 5036 1695 5092 denuo
1757 5052 2044 5109 reponere
2091 5051 2220 5092 ora-

569 5119 825 5190 tionem;
859 5121 1169 5191 publicare
1182 5140 1323 5180 vero
1348 5124 1555 5182 litteris
1585 5127 1701 5183 hoc
1733 5127 2042 5197 negotium
2098 5141 2221 5182 non

569 5207 878 5266 auderem.
913 5214 1045 5283 ipse
1076 5228 1256 5284 porro
1277 5218 1688 5271 accusatorem
1715 5231 1811 5270 me
1829 5228 2031 5284 gerere
2056 5213 2222 5270 haud

569 5293 788 5352 didici:
821 5311 1014 5370 neque
1036 5301 1309 5370 judicare
1351 5302 1534 5358 velim
1580 5303 1929 5373 evangelica
1991 5301 2219 5358 monito

567 5381 1022 5458 obtemperans;
1052 5405 1197 5446 nam
1214 5391 1318 5448 ubi
1346 5407 1546 5449 sermo
1578 5391 1836 5464 volucer,
1865 5391 1947 5448 ibi
1973 5395 2031 5447 et
2053 5391 2223 5448 dam-

566 5473 732 5529 natio
760 5474 888 5530 alas
913 5478 1094 5534 sumit
1142 5481 1188 5536 ⁸.
1231 5481 1470 5538 Interim
1498 5482 1627 5539 haec
1671 5487 1807 5538 sunt
1839 5485 1992 5545 acta,
2040 5485 2222 5554 atque

566 5560 685 5620 hoc
715 5563 1099 5635 benignitatis
1123 5584 1340 5638 genere
1369 5588 1481 5628 nos
1507 5588 1654 5643 grex
1683 5571 1935 5646 excepit.
1955 5572 2217 5628 Exterius

638 5651 658 5690 ⁷
691 5653 880 5712 ITim.
913 5670 970 5724 v,
1003 5661 1091 5712 2‘2.
1129 5659 1148 5692 ³
1174 5659 1370 5716 Matth.
1413 5677 1512 5730 vu,
1544 5665 1596 5719 1.

2339 3259 2510 3326 ούτοί;
2542 3262 2571 3316 ἦ
2601 3261 2660 3310 τὸ
2691 3257 2878 3331 ἓτερον·
2939 3260 3029 3310 καὶ
3057 3264 3170 3318 πῶς
3211 3251 3481 3329 ὑπερεῖδον
3520 3257 3580 3307 τό
3607 3257 3744 3328 μέγα
3790 3261 3956 3330 χρῆ-

2337 3368 2412 3420 μα
2441 3354 2531 3400 τοῦ
2551 3352 2877 3422 χρίσματος,
2907 3365 2997 3399 και
3026 3344 3411 3419 μετεσχηκέναι
3438 3349 3532 3404 τῆς
3576 3345 3800 3417 χάριτος
3851 3363 3951 3396 πε-

2335 3439 2705 3504 πιστεύκασιν,
2743 3436 2876 3489 οὕτω
2906 3439 3050 3509 παρὰ
3077 3441 3168 3488 τοῦ
3197 3431 3363 3507 μηδεν
3419 3435 3590 3504 ύγιέςς
3645 3437 3831 3486 Καίτοι
3881 3437 3952 3506 γέ

2336 3527 2466 3580 εἰσιν
2518 3528 2706 3579 ὁπόσοι
2756 3531 2847 3579 καὶ
2903 3532 3038 3599 τρεῖς
3079 3532 3178 3577 τῶν
3233 3523 3530 3577 ἐπισκόπων
3569 3522 3942 3598 παρήμειψαν·

2333 3622 2422 3669 καὶ
2447 3619 2684 3691 τέταρτον
2725 3615 2916 3688 ὁρῶσιν
2955 3614 3075 3688 ἆρτι
3106 3613 3218 3686 ἐμέο
3247 3611 3348 3684 ἐγὼ
3389 3610 3446 3665 δε
3495 3617 3585 3666 καὶ
3623 3614 3689 3665 τὰ
3739 3612 3942 3670 ἐπιση-

2332 3727 2408 3778 μα
2469 3713 2561 3766 τῆς
2606 3705 2838 3778 μεγάλης
2897 3706 3149 3778 ἱερατείας
3205 3701 3498 3774 κατέλεγον
3552 3704 3723 3754 ὁπόσα
3781 3721 3834 3778 τε
3885 3701 3940 3754 ἐν

2333 3798 2545 3868 ἀμφίοις
2575 3795 2768 3863 ἁπλῶς,
2819 3798 2907 3846 καὶ
2955 3796 3055 3846 ὅσα
3091 3799 3183 3846 τοῦ
3237 3791 3500 3865 βηματος·
3549 3790 3680 3865 ἆπερ
3737 3788 3939 3844 εἰδέναι

2331 3887 2502 3938 πάντα
2567 3885 2723 3953 εἰκός,
2773 3883 3005 3936 κάκεῖθεν
3072 3882 3166 3934 ούκ
3223 3881 3424 3954 ἀγνοεῖν
3484 3884 3571 3933 τὸν
3625 3881 3938 3935 ἐπίσκοπον.

2334 3975 2435 4028 Καὶ
2491 3975 2608 4035 τοὰς
2661 3973 2898 4048 βαθμούς
2973 3971 3278 4045 ἁνελεγόμην
3337 3973 3554 4034 ὁπόσοις
3606 3969 3935 4046 προϐάζεται

2331 4066 2356 4116 ό
2399 4065 2639 4140 ἱερᾶσθαι
2676 4064 2874 4136 λαχών.
2939 4067 3039 4116 Καὶ
3085 4068 3270 4129 ταῦτα,
3320 4065 3408 4112 καὶ
3463 4063 3653 4113 τούτων
3679 4059 3754 4112 ἑτι
3774 4063 3941 4112 πλείω

2332 4155 2498 4206 ἔπειθέ
2546 4172 2608 4227 με
2674 4158 2745 4227 μὴ
2793 4150 3262 4226 κατηκριϐωμένως
3315 4148 3519 4202 ἀκούειν
3585 4144 3717 4222 μηδ’
3763 4150 3939 4220 aia-39a:-

2331 4243 2449 4306 λώς·
2495 4242 2766 4316 ἀγροικίαν
2823 4239 2882 4295 δε
2914 4245 3241 4315 κατηγόρουν
3281 4244 3372 4291 καὶ
3445 4237 3932 4311 κατηλαζονενόμον

2329 4342 2422 4384 τοῦ
2487 4331 2742 4404 λέγοντος⁹
2800 4336 2920 4407 ὅπερ
2975 4329 3063 4382 οὖν
3103 4337 3242 4403 εἶχεν
3299 4329 3324 4380 ὀ
3383 4327 3554 4401 λόγος,
3623 4323 3746 4379 οἶδα
3807 4331 3938 4401 πρὸς

2331 4430 2499 4475 ταῦτα
2528 4422 2620 4474 ούκ
2651 4422 2874 4496 εὐχερῶς
2901 4421 3180 4473 πεπεῖσθαι
3201 4421 3352 4491 ἡμᾶς.

2405 4671 2489 4732 ιη’.
2538 4671 2679 4744 ’Λρα
2724 4672 2899 4722 τοίνυν
2948 4664 3163 4725 δοκοίην
3209 4667 3273 4719 οἶν
3312 4667 3401 4718 τὸν
3443 4664 3596 4737 λόγον
3668 4663 3934 4737 ἂκρινείας

2333 4761 2650 4836 ἀποστερῶν,
2712 4768 2807 4822 τῆς
2861 4759 2988 4833 πρὸς
3059 4759 3195 4830 ὑμᾶς
3262 4755 3468 4829 ὁμιλίας
3508 4751 3719 4814 ἐνδίκως
3767 4773 3932 4826 μετα-

2330 4853 2638 4917 ποιεῖσθαις
2709 4854 2895 4903 Καίτοι
2941 4852 3094 4920 νόμος
3142 4845 3248 4918 οὐχ
3301 4845 3436 4897 οὕτω
3502 4845 3613 4906 τοίς
3662 4843 3932 4915 λέγουσιν,

2331 4940 2650 5014 Ἐϐουλόμην
2747 4938 2807 4992 δι
2864 4937 2988 5013 παρ’
3051 4936 3226 5009 ἐτέρου
3283 4933 3474 5008 μᾶλλον
3529 4935 3665 5006 ἀμᾶς
3715 4936 3745 4994 ἦ
3807 4934 3932 5007 παρ’

2331 5029 2454 5103 ἐμοῦ
2501 5037 2846 5100 κατακοῦσαι,
2903 5031 2994 5080 καὶ
3057 5026 3223 5087 οὕτως
3275 5022 3324 5078 ίν
3363 5023 3636 5098 ἆρορῥήτῳ
3691 5030 3757 5074 αὖ
3775 5023 3932 5075 πάλιν

2330 5119 2699 5174 ἀποτεθεῖσθαι
2776 5121 2864 5170 τόν
2907 5117 3074 5190 λόγον·
3132 5113 3471 5174 στηλιτεῦσαι
3537 5109 3597 5165 δὲ
3650 5113 3933 5187 γράμμασι

2327 5215 2384 5263 τὸ
2451 5217 2672 5284 πρᾶγμα
2722 5209 2818 5261 οὐκ
2865 5209 2928 5260 ἄν
2986 5204 3332 5280 θαρῥήσαιμι·
3389 5201 3542 5264 αὐτός
3580 5220 3634 5254 τε
3687 5204 3790 5275 γὰρ
3847 5200 3934 5254 αἰ-

2328 5303 2546 5354 τιᾶσθαι
2603 5295 2889 5374 μεμαθηδα
2963 5291 3230 5368 οὐδαμῶςο
3302 5297 3374 5366 μὴ
3429 5294 3530 5366 γὰρ
3578 5292 3639 5344 ἄν
3696 5295 3936 5366 κρίναιμι

2329 5394 2466 5444 κατὰ
2539 5395 2632 5449 τὴν
2716 5387 3049 5462 εύαγγελικην
3121 5385 3413 5442 ὑποθήκην·
3486 5385 3577 5434 καὶ
3665 5381 3692 5433 ό
3784 5379 3934 5453 λόγος

2329 5485 2581 5558 πτερόεις,
2657 5483 2749 5532 καὶ
2821 5480 2851 5537 ἡ
2936 5476 3251 5548 κατάκρισις
3294 5474 3356 5525 ἄν
3413 5469 3746 5545 πτερύξαιτο.
3798 5473 3932 5530 Τέως

2329 5577 2504 5645 γέγονε
2553 5576 2738 5639 ταῦτα,
2786 5572 2872 5621 καὶ
2911 5569 3114 5627 τούτοις
3171 5565 3306 5634 ἡμᾶς
3348 5564 3378 5620 ἦ
3437 5565 3628 5632 ποίμνη
3681 5559 3927 5635 φιλόφρο-
