4028 6308
69 343 157 402 ωδ
1573 345 1660 408 AL

1847 347 1938 406 US.
3333 350 3438 407 406

71 469 329 537 πταμένη
375 463 712 529 ἐδεξιώσατο.
746 465 966 533 Ἐξωθεν
996 471 1136 541 ἡμᾶς
1171 468 1410 522 ἀτεκνούν
1432 469 1662 529 ἠπείληση

1847 487 1908 528 os
1950 472 2150 530 liberis
2201 473 2417 530 orbare
2455 471 2800 530 minabatur
2838 470 3074 543 gladius
3109 470 3206 529 ille
3245 487 3438 530 saevus

73 558 311 628 μάχαιρα
358 558 389 616 ἡ
435 555 710 631 θηριώδης
731 557 894 617 ἐκείνη
927 564 1017 612 καὶ
1056 555 1307 632 δίστομος
1337 581 1348 593 ·
1383 560 1664 632 ἐφιλονείκεη

1849 561 2070 634 :rinque
2099 566 2409 619 exacutus.
2449 561 2760 618 Invidebat
2811 561 2972 618 enim
3010 561 3188 617 nobis
3226 561 3440 620 Alano-

70 663 153 716 γαρ
202 646 345 716 ἡμῖν
389 651 510 718 περὶ
560 655 653 708 τῆς
689 656 788 699 τῶν
819 648 1044 701 Ἀλανῶν
1083 656 1329 722 πατριᾶς,
1361 655 1452 703 καὶ
1490 649 1545 702 ἐκ
1583 657 1661 702 τῶε

1848 666 1923 706 ιω
1980 651 2237 722 patriam
2261 692 2276 718 ,
2334 656 2391 706 et
2443 651 2618 723 quasi
2677 649 2752 706 de
2815 649 3231 722 promptuario
3287 649 3439 708 alius

71 739 311 802 ταμιείων
349 734 508 806 φόϐος
547 736 712 797 οὕτως
764 736 1036 790 ἁνέκυπτεν
1075 739 1235 813 ἕτερος
1263 757 1274 769 ·
1309 743 1393 790 ναὶ
1417 740 1516 811 γὰρ
1544 740 1568 790 ὁ
1596 743 1657 810 φὸ

1846 739 2138 808 nergebat
2187 741 2384 797 timor.
2417 741 2627 812 Utique
2652 739 2715 795 in
2743 738 2956 796 timore
2992 738 3298 805 versabar,
3331 738 3437 810 qui

71 820 140 883 εος
176 820 330 893 ἐμοὶ,
374 825 458 876 ὅτι
497 821 636 897 μηδὲ
663 836 990 886 κατανοῆσαι
1019 823 1166 898 εἶχον
1227 829 1360 888 ὅπως
1399 836 1470 898 τῷ
1508 830 1662 901 πράγ-

1845 842 1985 900 aque
2007 829 2344 899 excogitare
2372 832 2670 902 poteram,
2701 827 3226 900 quemadmodum
3264 841 3337 884 ea
3374 826 3436 882 in

69 930 178 981 ματι
215 917 561 985 χρήσωμαι.

1787 931 1853 974 re
1882 932 1979 972 me
2009 931 2296 986 gererem.

129 999 204 1050 ιϐ’.
264 1005 428 1075 Πρὸς
463 1010 633 1056 ταῦτα
674 1007 726 1056 τί
756 1024 884 1058 ποτο
925 1006 1099 1057 οἴεσθέ
1127 1023 1190 1077 με
1219 1006 1398 1058 παθεῖν
1438 1007 1526 1058 τὸν
1565 1002 1681 1058 δει-

1865 1009 1946 1060 t9.
1998 1006 2086 1062 Ad
2114 1006 2246 1062 haec
2289 1005 2438 1078 quid
2467 1021 2563 1062 me
2592 1005 2946 1062 existimatis
2991 1008 3133 1061 tunc
3182 1019 3434 1076 passum

69 1088 139 1140 is»
192 1091 352 1162 ἱερέα
411 1096 502 1144 καὶ
549 1096 615 1145 τὰ
667 1099 761 1153 τῆς
812 1101 1163 1166 ποιμαντικῆς
1228 1092 1448 1166 ἀμαθὴς
1489 1094 1660 1152 Δανιὴῖ

1843 1093 1989 1163 lisse,
2049 1094 2328 1150 timidum
2376 1093 2749 1151 sacerdotem
2805 1098 2864 1151 et
2915 1092 3232 1165 pastoralis
3293 1092 3434 1148 artis

70 1175 235 1238 ὰεῖνος
343 1189 451 1231 τῶν
541 1181 901 1256 πρεσϐυτέρων
995 1187 1182 1258 κριτὴς
1276 1184 1658 1257 προκαθέζεται

1842 1185 2108 1247 :narum?
2135 1183 2340 1241 Daniel
2360 1183 2455 1239 ille
2480 1183 2785 1239 seniorum
2801 1182 2989 1253 judex
3011 1181 3198 1250 sedet,
3227 1184 3284 1238 et
3313 1183 3433 1237 tur-

69 1271 146 1318 καὶ
195 1275 308 1320 τῶν
377 1268 710 1342 βιασαμένων
784 1271 1210 1343 καταψηφίζεται
1243 1293 1254 1306 ·
1319 1278 1409 1325 καὶ
1466 1275 1496 1330 ἠ
1556 1272 1660 1345 βιαι

1842 1273 1881 1327 is
1909 1272 2205 1329 violentiae
2230 1288 2364 1328 reos
2389 1272 2670 1337 damnat;
2699 1276 2756 1328 et
2783 1271 2885 1328 illa
2907 1271 3030 1326 vim
3059 1285 3245 1342 passa
3259 1269 3433 1325 dam-

73 1356 248 1408 τθεῖσα
317 1361 422 1415 τήν
481 1354 636 1417 δίκην
696 1358 976 1432 ἐκπέφευγε
1008 1381 1021 1393 ο
1076 1366 1167 1413 καὶ
1225 1368 1326 1414 πού
1382 1364 1441 1414 τὸ
1481 1369 1664 1433 πνεῡμε

1850 1361 2095 1418 itionem
2119 1362 2344 1419 vitavit.
2387 1365 2452 1417 Et
2480 1361 2732 1418 ubinam
2757 1359 3016 1416 Danielis
3047 1359 3289 1431 spiritus
3308 1358 3337 1414 ‘I
3369 1359 3441 1414 Et

73 1445 302 1512 Antii;
388 1451 570 1500 Καίτοι
619 1445 913 1521 βιαιότερον
966 1455 1024 1502 τὸ
1081 1453 1327 1524 ἡμέτερον
1359 1469 1374 1482 ·
1433 1455 1526 1510 τὴν
1578 1453 1664 1525 γὰε

1846 1467 1992 1506 .men
2035 1455 2225 1508 status
2273 1454 2476 1507 noster
2512 1449 2830 1506 violentior
2881 1452 3028 1505 erat.
3065 1446 3298 1525 Etenim
3331 1448 3437 1504 Su-

75 1537 420 1606 ςωιρροσύνην
469 1537 500 1593 ἡ
556 1537 671 1588 καθ’
713 1539 855 1610 ἡμᾶς
903 1540 1146 1592 Σωσάννα
1173 1540 1586 1610 κατεζημίωται,
1624 1524 1666 1591 τι

1850 1556 1986 1598 ωηο.
2016 1545 2222 1598 nostra
2249 1541 2448 1612 majus
2477 1539 2778 1613 pudicitiae
2808 1524 3232 1614 detrimentum
3258 1551 3441 1609 passa

71 1627 146 1693 μεν
183 1623 416 1697 ἀγνοίᾳ,
456 1628 516 1676 τὸ
549 1621 600 1678 δ’
640 1625 832 1700 ἐρημίᾳ
885 1635 976 1680 τοῦ
1031 1627 1410 1701 βοηθήσοντος.
1443 1627 1511 1680 Ὢ.
1549 1625 1662 1682 δυσ¹

1850 1632 2196 1704 .t,adjutoris
2221 1631 2437 1703 partim
2455 1629 2931 1701 inscitia,partim
2952 1622 3225 1700 ejusdem
3245 1622 3441 1699 priVa-

72 1718 273 1784 πραγής
317 1715 594 1789 ἄνθρωπος
647 1713 769 1786 ἐγὼ,
818 1721 1039 1769 καὶτοῦ
1095 1717 1258 1788 ζυγοῦ
1309 1716 1494 1791 βαρέος
1531 1717 1653 1770 εύθὺ

1854 1738 1969 1779 me.
2003 1724 2046 1778 Ο
2071 1721 2274 1777 infelix
2299 1735 2412 1789 ego
2453 1721 2662 1788 homo,
2692 1722 2751 1775 et
2779 1733 2963 1788 grave
2993 1717 3211 1787 jugum
3231 1715 3445 1799 statim

73 1802 428 1875 αἰσθόμενοςῐ
475 1802 541 1856 Ἦ
593 1808 664 1874 μή
722 1823 848 1857 ποτε
876 1806 902 1856 ὁ
940 1808 1031 1878 μὲν
1077 1806 1240 1877 ζυγὸς
1271 1810 1535 1881 χρηστὸς,
1593 1827 1662 1858 κα

1850 1811 2105 1884 :pertusl
2148 1814 2237 1866 An
2288 1809 2488 1882 potius
2539 1809 2755 1880 jugum
2800 1805 3049 1878 quidem
3101 1807 3284 1861 suave
3331 1807 3441 1870 est,

72 1895 119 1940 το
157 1896 386 1963 ροοτίον
423 1893 570 1945 ἐστὶν
623 1891 838 1964 ῖλαφρὸν
869 1909 885 1926 ⁸
942 1893 1211 1968 τολμηρῶς
1243 1891 1295 1948 δ’
1325 1894 1663 1966 ἐπηυχενισά·

1876 1916 2030 1956 onus
2053 1899 2204 1968 leve,
2238 1913 2351 1969 ego
2397 1913 2538 1955 vero
2576 1895 2994 1953 contumacius
3034 1893 3258 1950 collum
3306 1892 3447 1948 sub-

70 1998 164 2048 μην
245 1980 436 2048 αὐτὸς,
513 1986 602 2033 καὶ
677 1984 823 2054 παρὰ
894 1988 1048 2035 τοῦτο
1123 1990 1212 2044 τῆς
1265 1983 1506 2056 ἑλαφρίας
1567 1980 1661 2037 ούδ

1855 1993 1960 2058 ixi,
2011 1990 2269 2063 ideoque
2316 2003 2427 2044 nec
2470 1987 2770 2044 levitatem
2796 1985 2954 2041 illius
2984 1983 3254 2054 agnovi?
3293 1985 3446 2038 Nam

73 2073 442 2143 πεπείραμαις
479 2068 540 2120 Ὀ
578 2071 678 2144 γὰρ
733 2075 807 2143 μὴ
848 2074 934 2123 τὸν
989 2075 1215 2146 σταυρὸν
1268 2070 1344 2126 ἐπ’
1377 2077 1515 2144 ὦμον

1858 2082 1902 2137 1i
1933 2095 2168 2136 crucem
2217 2077 2485 2135 humeris
2536 2091 2660 2133 non
2711 2074 2860 2140 tulit,
2911 2077 2968 2130 et
3012 2073 3075 2129 in
3131 2070 3449 2128 mundana

72 2175 212 2226 μενος
293 2161 548 2233 πρότερον
623 2164 713 2212 καὶ
787 2164 907 2228 περὶ
983 2165 1072 2219 τὴν
1147 2165 1409 2234 κοσμικὴν
1503 2161 1663 2234 ἀργία

1856 2170 2042 2226 'navia
2059 2173 2334 2225 versatus
2361 2171 2470 2232 est,
2491 2164 2804 2238 quomodo
2835 2162 3126 2219 cervicem
3148 2160 3447 2216 inclinans

73 2251 339 2318 γενόμενος
393 2246 630 2322 ἐντριϐὴς
680 2257 787 2309 πῶς
843 2248 904 2300 ἂν
949 2255 1040 2302 καὶ
1096 2253 1184 2303 τὸν
1253 2251 1454 2322 αύχένα
1491 2250 1664 2312 κλίνας

1858 2259 2072 2316 ιὶιιηιιω
2098 2257 2252 2314 Patri
2275 2255 2690 2314 commendet?
2709 2249 3212 2323 Quandoquidem
3236 2252 3294 2304 et
3312 2251 3449 2305 ante

75 2338 126 2385 τὸ
176 2343 394 2409 πνεῦμα
446 2338 753 2410 παράθηται
804 2346 878 2411 τῷ
943 2340 1152 2414 Πατρὶ;
1199 2339 1308 2393 ἐπεὶ
1364 2345 1587 2403 καὶτῆς
1641 2338 1666 2392 ἒ

1860 2347 2011 2404 abile
2052 2347 2114 2403 in
2138 2346 2302 2403 bono
2323 2344 2806 2409 fundamentum,
2835 2339 2989 2398 calix
3017 2337 3371 2410 proponitur
3394 2339 3451 2392 et

79 2432 142 2492 τῷ
169 2422 360 2497 ἀγαθῷ
418 2423 656 2499 βασίμού
701 2424 958 2502 ἱδρύσεως
998 2431 1055 2481 τὸ
1096 2433 1341 2503 ποτήριον
1367 2432 1670 2504 προτεθεῐτα

1857 2438 2122 2510 ψῑὶεωθ..
2167 2436 2423 2492 Callidus
2459 2434 2668 2502 hostis,
2704 2435 2764 2488 et
2789 2430 3022 2503 priscus
3064 2425 3448 2484 adversarius

76 2518 157 2564 καὶ
193 2518 254 2565 τὸ
295 2513 608 2587 βάπτισμα,
655 2514 725 2567 Ὢ
754 2512 1105 2590 δυσμήχανος
1155 2517 1348 2593 ἐχθρὸς
1387 2521 1412 2571 ὀ
1466 2520 1664 2591 ἀρχαῖο

1859 2533 2028 2584 istum
2057 2527 2367 2583 hominem
2393 2523 2644 2596 expetit;
2679 2536 2877 2593 neque
2899 2518 3059 2574 enim
3088 2516 3205 2572 illic
3225 2519 3450 2572 tentare

79 2601 334 2675 πολέμιος,
370 2603 426 2665 ὃς
456 2608 544 2657 τὸν
582 2607 673 2677 μὲν
725 2601 933 2658 δίκαιον
964 2605 1244 2669 ἐξαιτεῖται
1277 2622 1292 2637 ⁸
1323 2607 1380 2660 οὐ
1419 2609 1522 2680 γὰρ
1550 2610 1572 2643 9
1603 2607 1668 2659 αύ

1861 2617 1994 2674 >tuit
2016 2620 2071 2682 9;
2104 2621 2165 2673 at
2191 2614 2500 2671 hominem
2525 2626 2631 2684 per
2660 2626 2722 2666 se
2747 2608 3089 2674 vecordem,
3109 2604 3452 2662 vorandum

81 2693 212 2744 τόθεν
252 2694 514 2769 πειράσαι
569 2691 858 2753 δεδύνηται
888 2706 902 2724 ⁸
957 2699 1046 2749 τὸν
1097 2693 1148 2749 δ’
1200 2696 1366 2757 ἄλλως
1406 2695 1671 2770 ἀϐεῧετερον

1863 2707 1983 2763 iam
2008 2705 2327 2762 existimat.
2362 2701 2534 2768 Quod
2561 2700 2610 2755 si
2630 2698 2778 2756 tales
2805 2696 3092 2754 adversus
3115 2709 3228 2751 nos
3259 2697 3352 2749 est
3374 2696 3454 2749 te-

84 2787 165 2834 καί.
216 2790 502 2837 καταπιεῖν
564 2780 890 2856 δοκιμάζειὶ
952 2785 1010 2839 Εἰ
1074 2782 1132 2840 δε
1186 2791 1307 2861 περὶ
1373 2788 1513 2858 ἡμᾶς
1560 2785 1675 2840 cura

1863 2798 2045 2853 Jiores
2074 2799 2132 2851 et
2159 2792 2388 2849 levibus
2430 2804 2675 2862 quoque
2701 2784 3129 2844 certaminibus
3171 2797 3454 2839 succum-

76 2876 180 2934 τοὺς
207 2871 596 2948 αῳελεστίρους
634 2880 724 2927 καὶ
753 2877 876 2938 τοὺς
911 2883 1118 2951 μικροῖς
1167 2876 1540 2948 παλαίσμασιν
1572 2875 1667 2930 ἑτοΙ

1857 2901 1946 2943 ere
1968 2884 2197 2950 solitos,
2225 2884 2488 2954 quantus
2512 2878 2608 2934 ille
2631 2878 2872 2947 ingruet
2900 2874 3139 2944 magnis
3191 2871 3448 2938 athletis,

75 2980 194 3032 μους
232 2970 553 3017 καταπεσεῖν
604 2963 788 3026 ἡλίκος
845 2963 907 3016 ἂν
958 2963 1246 3024 ἐνσκήπτοι
1302 2972 1410 3025 τοῖς
1455 2963 1666 3036 μεγάλοι

1472 2963 1699 3036 ιεγάλοις
1805 2982 1864 3033 et
1891 2989 2030 3032 vere
2049 2973 2112 3028 in
2141 2971 2384 3046 spiritus
2416 2967 2612 3026 stadio
2640 2963 3017 3022 currentibus
3036 2964 3063 3018 ?

78 3048 394 3121 ἀγωνισταῖς
454 3058 547 3107 καὶ
606 3054 768 3116 ὅντως
829 3050 1248 3130 σταδιοδρόμοις
1311 3061 1404 3108 τοῦ
1462 3057 1699 3127 πνεύμα-

79 3159 152 3202 τος
175 3159 188 3208 ;

142 3247 202 3304 κ’,
241 3253 318 3304 Τό
367 3269 430 3321 γε
482 3252 584 3322 μὴν
623 3248 742 3323 ἐμὸν
779 3251 850 3312 εἰς
901 3249 1207 3324 ἀμηχανίαν
1258 3249 1344 3324 ἇμε
1399 3254 1675 3325 περιίστη-
1731 3201 1733 3220 1

1869 3248 1960 3300 29.
1977 3241 2066 3298 Ad
2084 3255 2182 3296 me
2205 3236 2372 3311 quod
2397 3235 2622 3301 attinet,
2638 3233 2700 3290 in
2724 3229 3174 3325 perplexitatem
3195 3241 3447 3325 prorsus

83 3354 158 3389 σεν
188 3355 203 3370 ⁸
260 3339 322 3392 οὐ
363 3341 470 3414 γὰρ
520 3337 669 3411 εἶχον
708 3337 1085 3400 ἆποσκοπῆσαι
1120 3343 1251 3414 πρὸς
1307 3341 1442 3392 οὕτω
1469 3345 1674 3413 γενόμε-

1857 3332 2022 3389 ιοωτὶ
2053 3348 2067 3386 :
2098 3344 2222 3386 non
2248 3328 2407 3383 enim
2434 3325 2514 3382 ad
2545 3323 2730 3380 alium
2758 3318 3038 3394 quamvis
3067 3316 3168 3373 tali
3197 3315 3262 3372 in
3289 3315 3448 3371 facto

83 3446 156 3478 νον
197 3429 379 3502 ἕτερσν
411 3442 426 3458 ⁸
487 3425 615 3482 ούδί
650 3448 732 3491 τις
768 3434 944 3504 πατὴρ
995 3403 1319 3502 ἆγγὺςιούδέ
1361 3450 1437 3490 τις
1478 3403 1674 3503 ⁷μείξωι

1859 3423 2100 3496 espicere
2151 3421 2466 3491 poteram:
2507 3429 2704 3486 neque
2746 3409 2962 3482 aliquis
2997 3410 3170 3481 pater
3222 3403 3450 3472 aderat,

83 3493 292 3589 ἀδελφὸς
347 3525 421 3588 τῷ
489 3516 629 3588 λόγῳ
688 3521 780 3569 καὶ
844 3493 924 3590 τῇ.
987 3493 1146 3592 πείρᾳ
1199 3493 1568 3591 δοκιμασθεὶς,
1629 3521 1674 3570 ἰν

1864 3493 1998 3585 ique
2028 3508 2224 3580 major
2248 3506 2446 3576 frater,
2476 3503 2749 3560 doctrina
2767 3505 2825 3556 et
2851 3495 3217 3570 experientia
3234 3493 3455 3568 proba..-

86 3582 401 3660 i’nréé'owro.‘
441 3582 569 3660 Καὶ-
601 3582 666 3664 ἦν
717 3607 810 3678 μεν
875 3582 936 3659 τὸ
988 3582 1210 3682 πράγμα
1247 3582 1374 3679 ὑπερ
1421 3612 1514 3666 τὴν
1554 3582 1677 3680 ’ἐμὴτ

1864 3582 1921 3669 s,
1945 3600 2052 3673 qui
2097 3595 2413 3653 consilium
2461 3591 2934 3665 suppeditareut.
2967 3590 3224 3658 Eratque
3273 3582 3455 3656 plane

87 3695 280 3765 σκέψιν,
350 3699 443 3748 καὶ
505 3698 744 3768 μείζονος
819 3678 1144 3768 δεδεημίνονή
1194 3700 1283 3747 καὶ
1344 3678 1502 3758 ὄντως
1575 3678 1678 3768 ύμε

1864 3707 1988 3764 [pra
2018 3703 2218 3744 meam
2265 3682 2719 3754 intelligentiam
2767 3678 3100 3749 negotium,
3127 3691 3196 3733 ac
3225 3678 3455 3744 majore

87 3787 244 3857 τέρας,
287 3781 333 3836 ὦ
389 3766 550 3859 πάτερ
606 3789 700 3836 καὶ
743 3766 993 3857 ἀδελφοὶ,
1040 3792 1137 3844 τῆς
1180 3783 1232 3836 ἄν
1275 3787 1525 3858 πνεύματι
1566 3766 1678 3837 δια-

1863 3780 2080 3849 digens
2126 3790 2388 3848 vereque
2417 3777 2634 3835 vestra,
2670 3787 2706 3826 o
2735 3773 2908 3842 pater
2935 3771 2993 3824 et
3019 3766 3252 3831 fratres,
3282 3766 3454 3834 spiri-

88 3877 316 3944 κρίσεως.
398 3878 500 3927 Καὶ
573 3875 814 3944 ἠγνόησα
885 3869 1002 3925 οὐδ’
1057 3873 1235 3943 αύτὸς,
1311 3876 1497 3948 καίπερ
1575 3869 1674 3926 οὐδ

1864 3869 1905 3924 li
1935 3866 2307 3924 discretione.
2364 3867 2565 3935 Neque
2601 3861 2728 3933 ipse
2753 3855 3046 3928 ignoravi,
3097 3865 3455 3926 quanquam

88 3962 223 4031 ἕγιων
299 3966 378 4024 ὡς
449 3961 510 4013 ἂν
587 3959 851 4036 ἐπιχειροῖ
922 3981 1024 4015 τινι
1098 3968 1218 4039 περὶ
1285 3966 1479 4016 τούτων
1536 3965 1679 4036 ἔργῳ

1865 3958 1968 4014 iud
1999 3969 2291 4012 noveram
2316 3953 2436 4009 fore
2468 3955 2534 4005 ut
2561 3949 2809 4020 aliquod
2839 3940 3140 4016 ejusmodi
3177 3954 3332 4011 opus
3358 3936 3456 3993 ille

93 4028 301 4124 ’ἐθέμην
359 4048 418 4104 δ’.
479 4028 848 4124 ἂργίανηκατά
915 4055 1132 4121 σκοπὸν,
1163 4028 1278 4114 ¹ἕως
1344 4051 1405 4104 ἂν
1457 4028 1684 4124 ἐξενεγκῃ

1866 4047 2250 4118 ggrederetur.
2282 4044 2351 4098 Et
2377 4041 2566 4097 otium
2603 4034 2932 4107 interposui
2955 4030 3242 4096 studiose,
3263 4028 3457 4084 donec

88 4139 244 4213 ψῆφον
287 4141 402 4213 μετ’
439 4141 853 4213 ἕπιστημονικῆς
914 4138 1236 4213 δοκιμασίας
1274 4143 1304 4200 ἡ
1349 4118 1679 4199 κοινωνητικέ

1868 4155 1924 4195 η]
1975 4139 2100 4193 sine
2140 4134 2433 4208 prudente
2472 4127 2876 4201 experimento
2907 4121 3262 4192 suffragium
3283 4118 3459 4174 ferret

95 4238 183 4280 τῶν
222 4238 322 4283 τοῦ
373 4229 528 4302 λόγοῦ
569 4235 910 4304 προεστώτων
967 4232 1260 4304 ὁμοτονοία.
1293 4231 1428 4285 Ἀλλ’
1469 4232 1498 4290 ἡ
1554 4230 1686 4305 βαρ-

1867 4246 1936 4285 »ω
1947 4206 2152 4283 munis
2177 4224 2412 4280 illorum
2437 4219 2542 4292 qui
2559 4216 2876 4287 Evangelio
2897 4214 3169 4287 praesunt
3191 4206 3458 4281 aequabi-

92 4315 271 4394 ϐαρικὴ
313 4321 546 4382 ἐπίθεσις
571 4303 661 4372 καὶ
707 4323 735 4379 ἠ
786 4319 975 4392 ἄλογος
1027 4319 1145 4393 βία,
1197 4325 1287 4373 καὶ
1327 4324 1383 4372 τὸ
1414 4303 1683 4392 ἀναγκαῖοι

1870 4335 1957 4376 as.
1993 4315 2106 4373 Sed
2136 4311 2456 4370 barbarica
2486 4306 2766 4375 incursio,
2789 4306 3086 4360 etinsana
3114 4303 3222 4370 vis,
3265 4303 3322 4356 et
3348 4311 3458 4352 ne-

93 4415 169 4459 τοῦ
203 4415 504 4484 χρήματος,
548 4413 638 4461 καὶ
674 4411 734 4460 τὸ
763 4406 850 4481 ἀφ’
895 4410 1038 4482 ὑμῶν
1093 4405 1363 4482 δυστυχὶς
1419 4388 1684 4482 διάστημα

1869 4408 1950 4464 ηίὶ
1995 4402 2350 4467 necessitas,
2377 4404 2434 4455 et
2476 4396 2679 4454 infelix
2731 4409 2869 4451 mea
2920 4409 2956 4449 a
2982 4390 3156 4447 vobis
3184 4388 3460 4446 absentia

95 4498 146 4556 ὡς
171 4499 274 4551 ἀπὸ
328 4507 428 4550 τῶν
481 4497 684 4550 κόλπων
721 4505 813 4550 τοῦ
845 4497 1105 4573 Ἀϐραὰμ,
1161 4502 1220 4551 τὸ
1273 4507 1367 4560 τῆς
1413 4504 1686 4552 κακώσεως

1870 4511 2095 4569 nquam
2125 4493 2204 4550 ab
2253 4487 2585 4546 Abrahami
2612 4485 2766 4556 sinu,
2793 4496 3080 4539 aerumnae
3118 4478 3461 4535 molestiam

2038 4586 2070 4592 ..
2144 4584 2173 4592 Α
2234 4582 2243 4592 ι
2361 4583 2371 4592 .
2568 4591 2573 4592 ,
2684 4573 2720 4592 ,3
2761 4572 2940 4592 -__-A:_
2966 4569 3168 4592 ---.l:..-
3224 4565 3416 4592 Δζιηι-ηη
3444 4579 3459 4592 ο

99 4581 362 4662 δυσχερές.
422 4593 522 4641 Καὶ
595 4589 686 4648 τὰς
762 4587 952 4654 αἰτίας,
1014 4588 1057 4640 εἰ
1133 4585 1386 4660 βούλεσθε
1459 4587 1684 4658 ἀκούειν,

1867 4566 2101 4642 'avavit.
2136 4582 2290 4649 Quin
2320 4583 2379 4634 et
2407 4591 2644 4644 causas,
2677 4573 2725 4629 si
2755 4572 2942 4630 avetis
2963 4569 3194 4638 audire,
3221 4566 3458 4622 dicam:

99 4656 270 4750 ἔχοῖμί
301 4676 363 4728 ἂν
414 4676 601 4748 λέγειν.
653 4675 716 4728 Εἰ
763 4679 853 4748 μεν
893 4678 1105 4751 ἄκυρος,
1133 4656 1323 4750 ⁷φησὶν,
1364 4678 1394 4735 ἡ
1429 4656 1690 4750 νομισθεῖέ

1917 4675 2080 4731 irrita
2103 4677 2210 4740 est,
2239 4670 2498 4735 aiebam,
2532 4666 2634 4722 illa
2678 4679 2816 4737 quae
2850 4660 3109 4718 creditur
3137 4656 3461 4719 ordinatio,

103 4780 160 4815 σα
191 4766 524 4840 χειροθεσία,
567 4763 694 4817 ἀλλά
749 4768 812 4818 σὺ
850 4773 1132 4827 κανονικῶς
1161 4769 1448 4841 χειροτόνει
1474 4748 1496 4795 ⁸⁷
1543 4765 1588 4818 εἰ
1635 4761 1670 4817 δ
1676 4779 1694 4830 ὲ

1870 4814 1873 4820 .
1900 4762 2148 4836 quidem
2178 4756 2465 4816 canonice
2516 4753 2751 4811 ordina.
2789 4751 2890 4808 Sin
2940 4748 3003 4805 id
3031 4761 3208 4817 agere
3238 4748 3461 4810 renuis,

100 4861 349 4917 κατοκνεῖς
420 4856 480 4906 τὸ
555 4855 724 4928 ἔργον,
782 4856 840 4907 ἴα
907 4857 1181 4930 ἱερατεύειν
1264 4858 1386 4917 τοὺς
1459 4856 1691 4909 ὁπωσοῦν

1874 4831 1940 4910 ne
1964 4869 2068 4910 eos
2095 4848 2428 4906 sacerdotio
2471 4843 2642 4914 fungi
2667 4841 2771 4915 qui
2799 4844 3106 4910 utcunque
3132 4850 3195 4891 se
3229 4831 3465 4890 ordina-

101 4939 376 5004 ἀξιωθῆναι
446 4947 784 5016 νομίσαντας.
859 4950 1022 4997 Τοῦτο
1084 4947 1176 5016 μὲν
1250 4943 1345 4996 ούκ
1405 4943 1466 4995 ἂν
1521 4943 1692 5012 αὐτὸςΙ

1870 4962 1906 4999 με
1932 4936 2476 5010 existimant.Atqui
2500 4935 2616 4990 hoc
2639 4942 3032 5005 nequaquam
3052 4924 3168 4992 ille,
3200 4919 3461 5016 aiebam,

104 5030 230 5102 ἕνην,
287 5034 554 5090 ὑποσταίη
614 5035 761 5100 ποτε,
834 5033 969 5086 οὕτω
1035 5029 1248 5088 διδόναι
1300 5036 1518 5096 τούτους
1565 5035 1695 5108 ἰερᾶ-

1875 5037 1956 5088 ret
2017 5043 2313 5102 unquam,
2376 5008 2572 5098 neque
2637 5021 2730 5077 his
2781 5017 3082 5108 permittet
3129 5008 3466 5108 sacerdotio

111 5095 240 5189 σθαι,
295 5123 325 5175 ὁ
369 5127 462 5175 καὶ
513 5129 588 5194 τῷ
645 5095 969 5196 γεγενημένῳ
1008 5119 1284 5197 δυσφόρως
1336 5126 1519 5196 ἔχων·
1576 5095 1700 5195 γίει-

1879 5121 1999 5192 ngi,
2043 5095 2147 5192 qui
2184 5120 2241 5174 et
2278 5095 2504 5172 factum
2543 5125 2705 5182 aegro
2745 5107 2958 5203 animo.
2998 5102 3129 5159 fert.
3181 5095 3470 5196 Ordinare

107 5219 312 5282 ροτονεῖν
353 5208 416 5265 δι
453 5219 564 5274 πῶς
609 5211 671 5264 ἂν
711 5212 806 5265 οὐκ
854 5212 1132 5286 ὀκήσαιμι,
1165 5212 1259 5266 ούκ
1311 5211 1468 5267 ἐκεῖνο
1509 5208 1698 5274 δεδιὼς

1881 5216 2016 5269 item
2063 5207 2276 5282 quidni
2312 5208 2646 5273 cunctarer,
2686 5212 2884 5270 neque
2923 5200 3195 5251 timerem
3234 5201 3472 5260 quomi-

111 5275 165 5371 μή
205 5320 331 5355 ποτε
378 5307 469 5355 καὶ
527 5301 944 5378 ἂναχειροτονεῖν
1001 5275 1256 5376 δοξαιμις
1313 5304 1435 5378 ὅπερ
1485 5304 1512 5354 ὁ
1572 5305 1702 5374 ἱερὸς

1882 5319 1930 5359 IS
1963 5275 2113 5358 forte
2133 5299 2349 5355 iterum
2370 5293 2649 5351 ordinare
2678 5287 2910 5344 viderer
2929 5285 2957 5340 Ἰ
2981 5281 3148 5356 quod
3180 5293 3358 5336 sacra
3375 5275 3473 5332 lex

114 5385 461 5464 ἀπεδοκίμασε
495 5374 675 5464 νόμος.
708 5374 738 5442 tl
755 5390 898 5446 Ὀσα
915 5395 1016 5468 γὰρ
1047 5394 1076 5446 ὁ
1103 5374 1258 5466 νόμος
1286 5374 1444 5464 λέγει,
1470 5399 1579 5453 τοῖς
1603 5393 1704 5445 ὑπὸ

1883 5396 1973 5449 ιιδι
1998 5408 2012 5448 :
2042 5411 2070 5440 «
2112 5391 2260 5446 Nam
2298 5394 2680 5459 quascunque
2717 5376 2813 5432 lex
2841 5374 3127 5446 loquitur,
3159 5374 3230 5426 iis
3267 5374 3374 5440 qui

113 5483 250 5553 νόμον
278 5480 441 5534 λαλεῖ·
476 5500 508 5533 ››
556 5485 650 5535 καὶ
686 5483 718 5540 ἡ
769 5480 1172 5558 ἅναχειροτονία
1219 5477 1397 5551 δῆθεν,
1433 5481 1476 5537 εἰ
1503 5500 1704 5535 κανονι-

1889 5497 1946 5554 ge
1978 5483 2117 5538 sunt
2133 5454 2399 5552 loquitur
2423 5475 2494 5527 ιο.
2533 5491 2560 5520 η
2591 5468 3039 5541 Proptereaque
3075 5462 3287 5520 iterata
3323 5454 3480 5516 ordi—

185 5718 204 5753 ⁵
234 5717 377 5773 Luc.
410 5730 557 5786 xxu,
587 5719 677 5773 3i.
759 5716 805 5753 ¹⁰
828 5716 1001 5775 Rom.
1030 5731 1114 5790 ιιι,
1149 5720 1232 5775 19.
