4028 6308
581 350 686 405 407

1736 345 2090 403 THEODORI
2126 343 2409 402 ALANLE
2446 345 2778 404 EPISCOPI.

3862 346 3987 402 408

578 471 765 539 natio,
815 469 1151 527 dummodo
1201 470 1336 542 quis
1373 471 1659 526 canonice
1698 475 1875 526 antea
1912 468 2224 525 ordinatus

2349 477 2435 530 ιώς
2470 488 2549 532 τις
2574 480 2773 545 πρῶτον
2822 471 3195 546 ἐχειροθετεῖτο
3221 475 3291 536 ὡς
3318 475 3377 525 τό
3408 472 3501 525 ούκ
3550 470 3623 544 ἐφ’
3650 474 3802 542 ἡμῖν
3842 485 3857 498 ·
3894 472 3985 529 τίς

577 559 772 629 fuerit,
817 559 980 631 apud
1006 573 1116 614 nos
1162 574 1285 614 non
1326 560 1689 628 agnoscitur.
1731 559 1870 625 Quis
1893 557 2225 615 ordinatio-

580 662 720 702 nem
752 648 1047 702 existimet
1071 638 1149 702 ab
1171 663 1242 705 eo
1262 648 1529 719 ﬁeri,qui
1557 648 1813 718 gratiam
1844 663 1968 703 non
1997 645 2227 717 accepit

585 751 771 809 quam
809 736 1078 791 vicissim
1114 736 1537 808 impertiatur?

650 829 739 880 24.
782 826 972 896 Atque
1010 825 1142 880 haec
1179 826 1239 880 in
1281 830 1646 892 transcursu,
1689 831 1864 898 prout
1916 841 2085 881 sacra
2125 824 2228 879 do-

579 913 771 969 ctrina
816 913 1009 969 tradit.
1053 913 1162 970 Sed
1205 914 1371 986 quod
1411 916 1732 971 absurdius
1771 919 1877 979 est,
1911 913 2231 969 videbatur

575 1003 689 1059 illis
749 1002 893 1058 satis
948 1002 1010 1058 id
1067 1018 1221 1073 esse,
1266 1003 1709 1075 quantumlibet
1743 1003 2051 1076 quispiam
2088 1002 2230 1058 hinc

580 1093 903 1149 falleretur.
929 1096 1056 1147 Non
1086 1092 1201 1148 hoc
1231 1092 1427 1163 igitur,
1463 1093 1568 1148 sed
1605 1093 1749 1164 quia
1776 1094 1838 1148 in
1865 1091 2013 1161 legis
2047 1090 2231 1146 viola-

580 1184 807 1239 tionem
849 1181 1184 1237 inciderant
1219 1181 1472 1253 profane
1505 1180 1842 1238 sacerdotio
1866 1180 2183 1250 fungentes
2214 1193 2227 1230 :

581 1278 793 1329 etsaue
812 1271 1273 1327 insusurrabant
1293 1270 1490 1325 surdis
1508 1276 1564 1326 et
1585 1270 1927 1326 carnalibus
1945 1286 2081 1342 quas
2098 1271 2236 1323 sunt

581 1362 850 1435 spiritus.
878 1363 959 1416 Me
990 1364 1190 1416 tamen
1213 1375 1334 1415 non
1357 1364 1479 1416 tam
1510 1360 1725 1416 insana
1752 1359 1990 1415 illorum
2013 1356 2237 1414 violen-

582 1453 684 1519 tia,
707 1466 894 1523 quam
926 1464 1147 1521 urgens
1171 1449 1254 1503 rei
1280 1449 1631 1519 necessitas,
1659 1448 1955 1521 permovit
1984 1465 1996 1501 :
2025 1470 2052 1497 «
2085 1450 2231 1504 Nam

582 1540 818 1606 messis,
860 1538 1053 1610 inquit
1090 1537 1496 1608 Evengelium,
1538 1537 1776 1603 multa;
1833 1536 2094 1610 operarii
2133 1552 2234 1591 au-

578 1634 703 1686 tem
745 1627 1024 1700 pauci“;
1070 1645 1095 1674 ›
1136 1642 1567 1699 quamcunque
1613 1627 1863 1683 demum
1901 1626 2038 1699 quis
2076 1624 2237 1680 dicat

582 1718 742 1772 hanc
764 1719 1106 1783 messem,et
1134 1730 1531 1787 quoscunque
1555 1716 1667 1772 hos
1689 1715 2020 1787 operarios.
2037 1712 2233 1768 Audio

581 1805 745 1861 enim
775 1805 1188 1877 peregrinatos
1215 1804 1397 1860 fuisse
1419 1804 1749 1878 aliquando
1771 1803 1950 1860 etiam
1982 1802 2232 1875 patriar-

584 1894 733 1950 chas
761 1894 913 1959 illos,
956 1894 1060 1966 qui
1086 1898 1143 1949 et
1182 1894 1293 1949 Sibi
1325 1909 1513 1967 panes
1538 1893 1867 1963 habebant,
1910 1898 1968 1950 et
1999 1893 2235 1965 jumen-

584 1984 658 2040 tis
688 1982 933 2056 pabula.
963 1986 1163 2055 Neque
1188 1983 1454 2055 profecto
1474 1999 1586 2039 nos
1614 1983 1820 2054 rejicit,
1837 1982 2072 2055 corpori
2101 1980 2236 2037 licet

583 2077 872 2145 terraeque
926 2072 1181 2140 deditos,
1232 2072 1430 2128 bonus
1462 2072 1555 2129 ille
1586 2071 1885 2142 agricola;
1937 2074 2231 2143 pastores,

578 2163 833 2234 inquam
860 2165 916 2218 et
956 2176 1187 2231 greges,
1209 2165 1265 2217 et
1289 2176 1553 2231 congrue
1591 2161 1758 2217 alteri
1788 2160 2042 2217 alterum
2086 2160 2233 2215 assi-

581 2258 759 2323 gnat;
800 2252 923 2320 tali,
972 2251 1245 2322 inquam,
1289 2251 1496 2319 messi,
1538 2250 1687 2306 tales
1735 2250 2065 2323 operarios.
2110 2252 2232 2319 Ego

574 2342 760 2410 igitur
789 2341 872 2395 ita
902 2342 1289 2409 comparatus
1322 2354 1511 2407 eram,
1552 2344 1618 2395 ut
1654 2340 1800 2395 nihil
1844 2339 2075 2411 absque
2105 2354 2230 2393 ves-

580 2434 670 2484 tro
702 2427 950 2482 consilio
987 2442 1185 2481 essem
1207 2431 1468 2482 acturus.

648 2609 741 2663 22.
765 2604 877 2660 Sed
911 2604 1054 2676 quia
1082 2619 1262 2659 nemo
1283 2604 1393 2659 viae
1424 2604 1814 2660 intermedius
1838 2608 1985 2671 erat,
2013 2608 2068 2659 et
2097 2619 2229 2675 pro-

580 2708 801 2766 perans
822 2692 1131 2761 negotium
1164 2692 1458 2762 urgebat;
1490 2708 1632 2748 nam
1667 2692 1937 2748 Ecclesiae
1959 2708 2231 2748 commu-

579 2782 751 2838 nitati
791 2780 1123 2854 periculum
1152 2780 1563 2854 impendebat,
1597 2782 1824 2837 cunctis
1844 2781 1926 2838 ita
1949 2781 2229 2849 inﬁrmis,

580 2870 870 2942 nulloque
896 2870 972 2925 ad
1004 2869 1371 2927 sacerdotale
1400 2869 1666 2925 oﬂicium
1703 2870 1922 2926 idoneo
1966 2870 2091 2939 iam
2133 2885 2232 2926 ex-

583 2964 775 3016 stante
817 2959 1058 3029 (dicam,
1102 2964 1159 3015 et
1196 2975 1304 3015 vos
1344 2958 1492 3015 mihi
1529 2958 1855 3028 indulgete)
1890 2977 1902 3014 :
1938 2974 2062 3014 non
2105 2958 2231 3014 sine

584 3049 881 3116 examine,
923 3065 1032 3103 nec
1058 3049 1195 3116 cito,
1220 3047 1323 3103 sed
1358 3053 1559 3104 tamen
1599 3064 1815 3104 manus
1845 3048 2105 3120 denique
2137 3047 2230 3103 his

575 3140 845 3212 imposui
873 3155 886 3192 :
929 3138 1153 3193 docens
1189 3137 1386 3209 primo
1418 3141 1483 3193 ut
1508 3154 1679 3194 suam
1708 3138 1967 3210 priorem
1997 3140 2229 3192 senten-

574 3230 719 3286 tiam
777 3227 1158 3291 damnarent,
1212 3231 1269 3283 et
1322 3232 1387 3281 ut
1452 3227 1874 3283 misericordiae
1941 3225 2224 3298 operibus

576 3320 767 3372 Deum
796 3332 905 3388 pro
935 3315 1163 3370 viribus
1201 3314 1547 3386 placarent;
1588 3330 1785 3388 neque
1824 3329 2037 3371 omnes
2073 3313 2227 3370 ordi-

580 3407 737 3476 navi,
774 3405 878 3460 sed
904 3420 1166 3477 quorum
1197 3405 1316 3460 vita
1352 3405 1625 3474 dignitati
1662 3421 1785 3461 non
1816 3404 2225 3477 repugnabat;

580 3494 864 3566 denique,
896 3493 1061 3565 quod
1102 3493 1287 3563 pluris
1325 3493 1589 3559 interest,
1607 3493 1962 3562 ignorantia).
1990 3492 2229 3549 illorum

580 3583 921 3655 indulgens,
991 3580 1289 3654 quidquid
1349 3582 1549 3652 majus
1614 3584 1933 3654 perfectius
1991 3581 2220 3637 deerat.

587 3677 718 3729 Hmc
749 3672 797 3727 si
835 3671 986 3727 forte
1014 3670 1181 3726 haud
1206 3669 1385 3740 digne
1416 3675 1551 3726 acta
1574 3675 1732 3737 sunt,
1763 3687 1900 3726 cum
1929 3671 2105 3727 venia
2126 3685 2233 3726 vos

583 3762 889 3833 corrigite;
921 3777 1031 3831 ego
1063 3759 1223 3815 enim
1246 3759 1305 3814 in
1339 3776 1592 3816 numero
1617 3764 1952 3816 vestrorum
1975 3760 2235 3832 discipu-

583 3854 784 3909 lorum
838 3868 933 3907 me
993 3867 1125 3906 esse
1183 3850 1486 3922 proﬁteor.
1530 3850 1702 3915 Quod
1742 3851 1793 3905 si
1839 3866 1972 3905 sero
2010 3854 2067 3905 et
2102 3854 2241 3921 post

584 3943 809 3998 factum
830 3938 1304 4011 interrogo,quid
1327 3953 1508 4009 agam
1522 3939 1550 3995 ?
1561 3955 1700 3994 cum
1714 3938 2234 4010 etlonginquitate,

586 4038 642 4089 et
694 4032 1072 4097 necessitate,
1134 4036 1188 4085 et
1246 4030 1307 4086 in
1365 4030 1458 4086 his
1517 4030 1908 4103 perplexitate
1957 4034 2240 4100 gravatus

586 4122 844 4177 fuerim?
870 4122 1113 4175 Constat
1142 4124 1367 4188 autem,
1402 4136 1541 4175 cum
1568 4135 1729 4175 nunc
1753 4120 2134 4189 interrogem,
2166 4132 2241 4173 ne

590 4214 715 4266 tum
763 4210 1010 4282 quidem
1039 4208 1101 4263 id
1130 4207 1498 4264 omissurum
1532 4225 1545 4262 :
1587 4224 1785 4281 neque
1820 4214 1959 4265 ante
1995 4209 2242 4264 interro-

594 4299 886 4369 gandum,
946 4298 1174 4369 aliquid
1231 4303 1529 4365 acturum,
1572 4298 1619 4352 si
1676 4303 1832 4354 certe
1887 4298 2240 4368 ambiguum

593 4388 763 4443 foret.
826 4386 1043 4449 Quidni
1096 4386 1277 4451 enim,
1321 4403 1460 4441 cum
1498 4402 1661 4441 nunc
1699 4390 1837 4458 post
1872 4386 2102 4442 factum
2159 4386 2240 4441 in-

596 4481 891 4545 terrogem
914 4476 940 4528 ?
974 4477 1177 4530 Utrum
1208 4490 1349 4530 vero
1374 4491 1468 4530 res
1492 4475 1621 4530 haec
1646 4475 1811 4531 haud
1833 4476 2081 4531 omnino
2109 4489 2243 4547 pro-

597 4564 695 4621 cul
725 4578 911 4635 scopo
958 4568 1157 4617 vestro
1195 4562 1524 4635 spirituque
1561 4566 1656 4632 sit,
1684 4579 1794 4619 vos
1840 4563 1953 4635 ipsi
1984 4563 2241 4619 statuite.

594 4659 784 4726 Atque
809 4653 936 4707 haec
958 4652 1039 4706 ita
1068 4656 1264 4707 sunto.

667 4750 755 4802 23.
799 4745 940 4810 Quae
978 4747 1178 4799 autem
1205 4741 1465 4814 populus
1495 4742 1719 4799 Alaniaa
1749 4742 1911 4800 mala
1950 4743 2070 4810 alit,
2112 4742 2248 4815 quis

596 4854 708 4909 ego
749 4850 883 4890 sum
911 4849 1015 4906 qui
1042 4833 1124 4888 eis
1151 4832 1376 4887 mederi
1421 4836 1663 4889 coactus
1702 4832 1784 4888 fui
1823 4832 2247 4904 praedicatione

597 4927 778 4983 mea?
813 4928 958 4981 Nam
991 4923 1038 4978 si
1064 4923 1343 4979 exhibere
1370 4923 1620 4979 Domino
1657 4922 1951 4996 populum
1993 4922 2246 4979 electum

596 5017 926 5073 destinatus
950 5029 1105 5076 sum,
1139 5028 1245 5068 cur
1265 5029 1376 5083 ego
1400 5011 1472 5067 de
1500 5012 1685 5084 spinis
1707 5012 1854 5069 ﬁcus
1877 5012 2110 5084 colligo,
2143 5015 2247 5068 aut

596 5113 669 5161 de
707 5105 861 5162 rubo
892 5119 1095 5170 uvam,
1130 5106 1195 5158 ut
1224 5103 1302 5158 ait
1339 5102 1696 5173 Scriptura"
1720 5103 1747 5157 ?
1784 5104 1952 5158 Nunc
1981 5102 2246 5171 intelligo

595 5194 1004 5263 evangelicam
1036 5192 1419 5266 parabolam,
1473 5192 1722 5264 quando
1761 5207 1966 5249 semen
1997 5191 2245 5265 quidem

592 5284 821 5339 bonum
844 5288 949 5353 est,
986 5282 1091 5338 sed
1122 5287 1324 5339 tamen
1346 5280 1512 5338 haud
1539 5296 1693 5353 pura
1719 5281 2079 5338 zizaniorum
2102 5280 2243 5337 inde

594 5373 760 5443 spica
798 5373 1107 5437 consurgit
1134 5391 1146 5427 :
1176 5377 1391 5444 praeter
1430 5386 1619 5443 quam
1649 5370 1816 5443 quod
1850 5370 1966 5427 illic
1996 5370 2243 5443 quidem

591 5464 730 5534 post
758 5475 962 5515 semen
1001 5460 1315 5517 intervenit
1335 5458 1595 5531 ignavia,
1626 5458 1802 5516 nobis
1840 5463 2041 5517 autem
2070 5461 2244 5533 pejus

676 5696 713 5729 ¹¹
747 5692 945 5751 Matth.
983 5709 1057 5759 ix,
1090 5698 1175 5747 3T.
1261 5696 1301 5729 ¹²
1333 5696 1465 5749 Luc.
1495 5709 1569 5762 τι,
1599 5696 1689 5753 43.

2338 561 2439 633 γὰρ
2470 565 2798 634 χειροτονίαν
2819 561 3091 633 λογίσαιτο
3120 565 3265 637 παρὰ
3287 570 3378 615 τοῦ
3404 566 3475 635 μὴ
3503 560 3763 621 λαϐόντος
3794 560 3926 632 χοὶρ
3939 578 3985 607 ιν

2335 652 2399 709 ὡς
2428 653 2518 701 καὶ
2558 645 2768 703 διδόναι
2793 666 2807 717 ;

2408 828 2513 882 xa’.
2578 834 2675 882 Καὶ
2730 837 2896 881 ταῦτα
2933 825 3347 905 παροδευτικώς,
3402 831 3467 891 ὡς
3525 830 3552 881 6
3605 828 3773 901 λόγος
3840 822 3987 883 ἐδή-

2566 922 2624 969 τὸ
2657 915 2706 969 δ’
2750 917 3088 993 ἀτοπώτερον,
3131 921 3198 981 ὡς
3250 916 3422 981 ἔδοξεν
3473 917 3532 970 ἂν
3589 922 3821 977 τούτοις
3859 918 3989 966 ἰκα-

2339 1014 2435 1067 νὼς
2481 1009 2641 1077 ἔχειν,
2700 1006 2795 1058 κᾶν
2835 1008 2981 1069 ὅστις
3034 1007 3224 1069 αύτούς
3280 1012 3372 1059 καὶ
3428 1008 3563 1068 ὅπως
3599 1005 3846 1077 ἀπατῴη
3919 1006 3985 1054 τό

2343 1093 2444 1147 ἀπὸ
2491 1092 2665 1147 τοῦδε.
2725 1095 2802 1148 Ού
2841 1103 2995 1148 τοῦτο
3041 1100 3232 1163 τοίνυν,
3266 1093 3373 1148 ἀλλ’
3400 1097 3481 1148 ότι
3517 1114 3611 1170 περ
3670 1095 3744 1155 εἰς
3792 1112 3986 1168 παρα-

3699 1181 3850 1252 ἑπεψ
3862 1184 3987 1234 ιθύ-

2338 915 2473 969 λωσε
2506 939 2518 950 ·

2341 1188 2523 1256 νομίαν
2570 1183 2892 1237 κατώλισθον
2942 1188 3000 1236 τό
3040 1184 3250 1259 ἀνιερῶς
3304 1186 3594 1259 ἱερατεύσαι
3628 1200 3639 1211 ·

2342 1273 2489 1346 ριζον
2539 1270 2599 1326 δε
2654 1275 2759 1346 ἄρα
2804 1293 2947 1347 παρα
3005 1281 3198 1346 κωφοῖς
3252 1279 3343 1327 καὶ
3392 1282 3496 1335 τοῖς
3546 1280 3841 1349 σαρκικοῖς
3913 1275 3987 1323 τὰ

2343 1369 2435 1414 τοῦ
2489 1365 2807 1434 Πνεύματος.
2840 1364 2960 1435 Ἐμὲ
3000 1359 3058 1415 δι
3096 1362 3154 1415 ού
3207 1369 3458 1415 τοσοῦτον
3504 1364 3535 1421 ἡ
3578 1362 3779 1433 ἄλογός
3842 1358 3988 1411 ἐκεί-

2341 1471 2438 1502 νων
2504 1453 2671 1503 ἔπειθε
2738 1449 2852 1524 βία,
2911 1454 2975 1512 ὡς
3038 1454 3097 1504 τό
3161 1458 3463 1522 κατεπεῖγον
3528 1455 3617 1503 καὶ
3663 1448 3983 1521 ἀναγκαῖον

2861 1563 2881 1590 ε
2912 1539 2971 1592 Ὀ
3008 1542 3109 1615 γὰρ
3161 1543 3431 1615 θερισμός,
3464 1559 3494 1589 n
3526 1544 3678 1612 φησὶ,
3709 1562 3737 1588 «ε
3772 1537 3982 1600 πολύς,

2345 1630 2394 1679 οἱ
2435 1623 2495 1680 δέ
2546 1626 2761 1703 ἐργάται
2809 1629 3020 1700 ὀλίγοι·
3084 1630 3127 1664 “
3196 1652 3217 1679 in
3278 1630 3453 1682 όποίον
3511 1630 3571 1681 οἷν
3628 1647 3713 1690 τις
3775 1635 3986 1680 τοῦτον

2341 1547 2432 1591 τοῦ
2470 1541 2780 1614 πράγματος
2807 1556 2820 1569 ·

2345 1719 2590 1791 θερισμὸν
2666 1721 2800 1771 εἴποι
2831 1763 2845 1788 ,
2923 1723 3013 1771 καὶ
3087 1720 3296 1780 ὁποίους
3371 1721 3588 1779 τούτους
3662 1715 3910 1791 ἐργάτας
3960 1731 3975 1743 ⁶

2345 1804 2518 1857 ἀκούω
2572 1807 2671 1879 γὰρ
2730 1805 3140 1878 ἐπιξενουμένους
3176 1810 3266 1859 καὶ
3330 1808 3667 1881 πατριάρχας
3723 1804 3984 1864 ἐκείνους

2342 1898 2486 1963 ποτε,
2515 1901 2607 1947 καὶ
2637 1895 2836 1957 ἑαυτοῖς
2866 1898 3085 1967 ἔχοντας
3112 1897 3311 1968 ἄρτους
3346 1901 3436 1948 καὶ
3486 1903 3599 1957 τοῖς
3626 1899 3765 1956 ὄνοις
3826 1914 3980 1968 χορ-

2342 1986 2591 2057 τάσματα
2622 2002 2636 2016 ’
2680 1982 2804 2038 ούδέ
2853 1988 2955 2060 γὰρ
3015 1984 3139 2039 οὐδε
3191 1991 3309 2047 τοὺς
3364 1989 3850 2058 σωματικωτέρους
3883 1988 3983 2035 καὶ

2343 2078 2652 2148 προσγείους
2691 2076 2826 2147 ἡμᾶς
2856 2076 2881 2125 6
2910 2074 3066 2137 καλός
3124 2073 3487 2147 ἀποπέμπεται
3541 2078 3771 2148 γεωργός
3796 2094 3813 2107 ’
3852 2092 3981 2124 ποιο

2341 2167 2497 2234 μένας
2537 2164 2646 2236 ἄμα
2669 2168 2759 2216 καὶ
2784 2168 3021 2232 ποίμνια,
3053 2169 3141 2217 καὶ
3172 2162 3435 2235 ἀναλόγως
3473 2162 3699 2236 ἐκατέρῳ
3731 2165 3982 2236 προσ·νέ-

2340 2271 2453 2323 μειν
2498 2251 2753 2327 ἑκάτερον,
2803 2260 2876 2323 τῷ
2932 2248 3122 2323 τὸιῷδε
3179 2255 3334 2327 θέρει,
3386 2257 3541 2324 φημὶ,
3575 2247 3839 2304 τοιούσδε
3881 2254 3978 2301 καὶ

2339 2344 2463 2402 τούς
2496 2340 2737 2416 ἐργάτας.
2772 2348 3121 2414 Παρασκευῆς
3157 2344 3248 2414 μεν
3300 2337 3387 2393 οὖν
3419 2341 3574 2403 αὐτὸς
3601 2339 3772 2401 οὕτως
3805 2336 3971 2410 εἶχον

2339 2434 2429 2482 καὶ
2469 2436 2700 2503 γνώμης,
2761 2434 2830 2491 ὡς
2888 2427 3055 2504 μηδὲν
3112 2431 3231 2484 ἄνευ
3282 2438 3373 2491 τῆς
3410 2431 3553 2502 ὑμῶν
3603 2428 3978 2505 ἐργασόμενος

2339 2521 2623 2581 ὑποθήκης.

2410 2608 2516 2681 κβ.
2552 2610 2693 2662 Ἐπεὶ
2751 2606 2811 2662 δε
2867 2617 3039 2683 παρῆν
3063 2616 3184 2683 πῆς
3216 2604 3345 2661 ὀδοῦ
3372 2613 3593 2682 μεσίτης
3622 2604 3830 2676 οὐδεὶς,
3876 2610 3972 2658 καὶ

2336 2703 2478 2769 ταχύ
2544 2702 2601 2750 τό
2668 2704 2889 2772 πρᾶγμα
2965 2703 3245 2770 κατήπειγε
3279 2713 3291 2727 ·
3361 2707 3434 2770 τῷ
3490 2700 3591 2772 γὰρ
3646 2705 3812 2767 κοινῷ
3869 2704 3937 2753 τῆ
3953 2716 3975 2756 ς

2340 2786 2652 2849 Ἐκκλησίας
2691 2784 2928 2848 κίνδυνος
2983 2791 3307 2859 περιίστατο,
3354 2788 3560 2839 πάντων
3617 2787 3756 2838 οὕτω
3794 2785 3968 2838 λελω-

2340 2875 2590 2949 ϐημένων,
2653 2881 2743 2928 καὶ
2808 2872 3034 2948 μηδενός
3092 2875 3249 2929 ἄλλου
3323 2871 3626 2933 ἐπιτηδείου
3705 2874 3967 2947 ἱερᾶσθαι

2336 2969 2730 3040 παρευρημένου
2779 2966 2910 3035 (πῶς
2984 2964 3044 3017 ἀν
3111 2968 3257 3035 εἴπω,
3310 2970 3401 3017 καὶ
3470 2967 3740 3036 σύγγνωτέ
3818 2962 3963 3036 μοι).

2338 3054 2431 3106 ούκ
2491 3052 2859 3115 ἀϐασανίστως
2897 3057 2987 3127 μὲν
3027 3050 3150 3107 ούὸἱ
3202 3057 3429 3127 ταχέως,
3467 3052 3601 3112 πλὴν
3649 3054 3789 3125 ὅμως
3838 3057 3965 3124 χεῖ·

2268 3169 2308 3225 C
2338 3163 2435 3219 ρας
2495 3141 2790 3196 ἐπιτίθεικα
2855 3145 3103 3204 τούτοις·
3178 3143 3374 3195 ἑαυτῶν
3440 3150 3535 3205 τῆς
3598 3147 3814 3214 γνώμης
3874 3159 3967 3192 κα-

2334 3240 2589 3304 ταγνῶναι
2640 3227 2868 3294 διδάξας
2932 3236 3202 3305 πρότερον,
3266 3236 3354 3284 καὶ
3416 3238 3489 3302 τῷ
3542 3234 3669 3305 πρὸς
3719 3227 3957 3302 δύναμιν

2337 3312 2455 3393 ελέῳ
2512 3325 2640 3375 Θεὸν
2710 3320 3028 3373 ίλεώσασθαι
3055 3337 3068 3351 ⁸
3124 3325 3216 3373 καὶ
3274 3320 3333 3374 ού
3398 3326 3583 3391 πᾶσιν,
3643 3318 3752 3371 ἀλλ’
3806 3320 3886 3378 οἷς
3937 3318 3964 3369 ό

2342 3411 2461 3485 βίος
2535 3410 2593 3464 ού
2668 3413 2802 3462 πάνυ
2876 3409 3186 3463 ἀντιϐαίνων
3234 3418 3307 3482 τῷ
3368 3408 3627 3482 ἀξιώματι
3660 3430 3673 3442 ο
3742 3413 3840 3461 καὶ
3899 3413 3960 3478 τῇ

2342 3500 2528 3573 ἀγνοίᾳ
2588 3504 2843 3573 συγγνούς
2899 3504 2957 3553 τό
3014 3504 3191 3573 μεῖζον
3259 3504 3350 3553 καὶ
3400 3499 3720 3574 τελεώτερον.
3783 3505 3968 3551 Ταῦτα

2343 3590 2388 3643 εἰ
2442 3594 2532 3663 μὲν
2585 3589 2679 3643 οὐκ
2738 3587 2893 3652 ἀξίως
2960 3591 3256 3663 εἴργασται,
3312 3592 3444 3663 μετὰ
3494 3597 3587 3642 τοῦ
3655 3596 3963 3660 συγγνῶναι

2345 3685 2435 3732 καὶ
2493 3676 2862 3753 διορθώσασθε
2892 3691 2908 3709 ⁹
2960 3678 3060 3751 ἐγὼ
3106 3681 3208 3752 γὰρ
3248 3687 3347 3732 τῶν
3402 3680 3831 3751 μαθητευομένων
3893 3674 3959 3729 εἵ-

2346 3789 2430 3821 ναι
2484 3767 2907 3840 καθωμολόγησα
2937 3784 2949 3798 ⁸
2981 3768 3026 3821 εἰ
3066 3764 3127 3821 δε
3155 3769 3483 3841 πυνθάνομαι
3527 3767 3831 3841 ὀψιαίτερος
3869 3769 3956 3816 καὶ

2349 3865 2440 3910 τοῦ
2489 3860 2643 3932 ἔργον
2683 3841 2951 3932 δεύτεροςξ
2971 3860 3025 3909 τί
3060 3855 3173 3909 ποτ’
3200 3855 3260 3908 ἂν
3313 3858 3502 3922 nciam;
3541 3875 3630 3907 και
3659 3860 3955 3929 ,μακρισμῷ

2350 3950 2441 3998 καὶ
2480 3943 2701 4017 ἀνάγκη,
2734 3949 2824 3997 καὶ
2853 3953 2914 4018 τῇ
2946 3947 3026 3998 ἐπὶ
3054 3947 3257 4006 τούτοις
3279 3942 3556 4018 ἀμηχανίᾳ
3581 3941 3954 4017 βεϐαρημένος.

2355 4033 2512 4093 Δῆλον
2546 4031 2604 4086 δὲ
2632 4032 2704 4094 οἷς
2747 4034 2868 4107 ἄρτι
2897 4034 3242 4107 πυνθάνομαι,
3296 4035 3362 4094 ὡς
3402 4029 3662 4085 audit-0'1"
3693 4030 3754 4083 ἃν
3794 4035 3961 4084 κατώ-

2353 4142 2526 4189 κνουν,
2577 4119 2694 4175 οὐδ’
2716 4120 2775 4174 ἆν
2805 4119 2929 4175 οὐδὲ
2957 4126 3059 4197 πρὸ
3088 4129 3181 4175 τοῦ
3208 4123 3467 4175 πυθέσθαι
3504 4125 3748 4196 ἐνήργουν
3778 4117 3895 4173 οὐδ’
3887 4139 3956 4183 εν,

2356 4212 2401 4265 εἰ
2425 4212 2519 4264 ούκ
2559 4210 2836 4284 ἀμηχανον
2868 4208 2930 4269 ἦν
2953 4226 2967 4241 ⁸
3001 4219 3112 4274 πῶς
3141 4214 3245 4286 γὰρ
3273 4212 3300 4264 6
3328 4215 3418 4264 καὶ
3448 4213 3578 4284 μετά
3611 4217 3762 4263 τούτο
3799 4211 3958 4262 πυθό-

2355 4321 2542 4375 μενος;
2596 4302 2657 4354 Εἰ
2701 4298 2751 4354 δ’
2783 4302 2842 4353 ού
2895 4304 3064 4361 πάντη
3097 4300 3275 4376 πόρῥω
3333 4308 3425 4353 τοῦ
3456 4301 3701 4373 ὑμετέρου
3760 4304 3959 4351 σκοποῦ

2356 4395 2562 4444 καὶτοῦ
2606 4393 2911 4462 πνεύματος,
2960 4395 3048 4443 καὶ
3103 4390 3239 4443 οὕτω
3294 4389 3424 4448 πλὴν
3480 4389 3625 4462 ὑμεῖς
3663 4394 3955 4462 κυρώσατε.

2355 4476 2493 4538 Εἶεν.

2426 4747 2525 4821 κγ’.
2571 4749 2633 4802 ’Ἃ
2687 4745 2747 4801 δε
2802 4751 2860 4800 τό
2915 4749 3085 4800 κοινόν
3150 4754 3242 4808 τῆς
3298 4744 3533 4805 Ἀλανίας
3580 4747 3750 4817 τρέφει
3798 4744 3953 4807 κακὰ,

2354 4842 2436 4899 τίς
2507 4842 2733 4910 γένωμαι
2806 4843 2975 4889 ταῦτα
3051 4838 3344 4909 θεραπεύειν
3418 4835 3808 4905 ἠναγκασμένος
3888 4838 3956 4900 τῷ

2357 4924 2760 4999 ἐπαγγελματις
2819 4925 2880 4979 Εἰ
2932 4927 3034 5000 γὰρ
3092 4925 3428 5000 παριστάνειν
3484 4928 3556 4992 τῷ
3607 4926 3782 4992 Κυρίῳ
3838 4920 3955 4973 λαὸν

2353 5019 2652 5088 περιούσιον
2717 5018 2991 5087 τέταγμαι,
3057 5023 3167 5076 πῶς
3231 5012 3291 5064 ἂν
3367 5010 3420 5075 ἐξ
3484 5010 3721 5063 ἀκανθῶν
3784 5016 3955 5083 τρυγῶ

2356 5106 2514 5168 αὐτὸς
2546 5112 2683 5158 σῦκα
2717 5121 2729 5170 ;
2763 5106 2792 5163 ἡ
2845 5102 2899 5156 ἐκ
2958 5102 3124 5177 βάτου
3185 5101 3471 5175 σταφυλὴν,
3504 5103 3572 5163 ὡς
3619 5101 3645 5152 ό
3696 5098 3848 5170 λόγος
3869 5100 3951 5161 ¹²;

2355 5190 2511 5247 Εἶδον
2585 5191 2683 5264 ἐγὼ
2762 5195 2854 5251 τὴν
2927 5188 3268 5263 εύαγγελικὴν
3343 5190 3565 5242 ἐνταῦθα
3636 5186 3955 5263 παραϐολὴν,

2353 5287 2551 5341 πηνίκα
2590 5284 2615 5335 ό
2647 5284 2738 5354 μεν
2766 5286 2961 5354 σπόρος
3009 5278 3219 5353 ἀγαθὸς,
3266 5277 3525 5333 ἀνατέλλει
3568 5275 3628 5330 δε
3682 5276 3743 5331 ού
3792 5278 3955 5330 καθα-

2351 5378 2442 5446 ρός
2504 5372 2752 5434 ζιζανίων
2818 5373 3067 5444 ἀσταχυς
3097 5387 3110 5401 ⁸
3170 5369 3298 5430 πλὴν
3355 5371 3476 5422 ὅσον
3534 5367 3639 5420 ἐκεῖ
3681 5370 3773 5439 μεν
3833 5367 3956 5439 μετὰ

2352 5466 2441 5515 τὸν
2474 5467 2667 5537 σπόρον
2703 5462 2733 5521 ἠ
2763 5461 3001 5536 ῥᾳθυμία
3023 5481 3036 5494 ·
3078 5458 3128 5512 ἐν
3156 5460 3281 5533 ἡμῖν
3326 5454 3387 5512 δὲ
3413 5460 3473 5511 τὸ
3524 5463 3706 5530 χεῖρον
3751 5456 3835 5508 ὅτι
3870 5456 3952 5507 καὶ
