4028 6308
122 342 241 399 ιοθ

1649 338 2008 402 ANALICUS

3416 354 3522 411 410

135 465 187 518 ἐν
240 466 551 536 αὖτῷΛίαΞ
596 464 777 518 λοιπὸν
816 468 876 518 16
924 474 1022 527 τῆς
1057 465 1228 540 ἑτέρας
1267 464 1541 537 συμϐαίνει
1580 486 1757 542 παρα-

1884 470 2103 539 ιοοὶάὶι,
2150 471 2316 543 quod
2349 471 2411 527 in
2452 472 2587 544 ipsa
2617 472 3014 530 seminatione
3054 474 3263 533 vitium
3306 475 3520 546 gliscit-

134 552 334 616 ϐολῆς·
388 557 529 607 κατὰ
581 556 684 627 γὰρ
745 563 844 607 τῶν
904 552 1137 607 ἀκανθῶν
1185 555 1211 605 6
1258 558 1445 627 σπόρος
1489 560 1763 626 γεγένηται

128 649 224 696 καὶ
265 645 439 697 αὗται
469 647 563 717 μὲν
610 643 895 718 ἀρχαιόθεν
932 643 1254 718 ἐρρίζωνται·
1296 644 1322 696 6
1366 640 1426 696 δὲ
1470 643 1622 716 λόγος
1668 654 1764 706 τῆς

132 740 394 796 πίστεως
424 737 543 786 ἔστι
571 737 663 807 μὲν
711 734 771 786 οὗ
798 738 889 786 καὶ
939 735 1108 791 πάντη
1163 737 1569 806 συμπέπνικται·
1619 735 1759 787 ἐνια-

130 831 250 894 χοῦ
322 820 387 876 δὲ
444 828 536 876 καὶ
588 826 682 876 σὺν
754 820 866 883 ταῖς
895 824 1147 884 άκανθαις
1191 824 1567 876 ὑπανακύπτει·
1618 826 1765 896 τάχα

130 932 196 984 γε
269 918 372 966 καὶ
442 914 547 966 ὑπὸ
612 920 709 974 τῆς
772 911 916 974 ἕξεως
976 907 1286 972 ἀκανθώδης
1348 915 1621 984 γεγένηται
1675 917 1765 965 καὶ

136 1000 329 1061 αὐτὸς·
385 1004 455 1063 ὡς
515 1001 576 1059 ἧν
630 1000 854 1073 ἄμεινον,
908 1000 951 1052 εἰ
996 1003 1140 1073 παρὰ
1191 1008 1283 1052 τοῦ
1314 1004 1480 1076 πυρός
1536 999 1767 1063 ἐλθόντος

136 1086 339 1160 βαλεῖν
389 1088 475 1142 ἐπὶ
533 1096 631 1160 γῆς
675 1086 1007 1160 ἀναφθέντης,
1058 1089 1209 1151 εὐθύς
1252 1091 1346 1150 τὰς
1388 1087 1615 1152 ἀκάνθας
1644 1093 1766 1151 τέως

136 1177 618 1253 ἆπετεφρὼσαμεν·
697 1177 741 1229 εἰ
800 1180 943 1252 παρὰ
1015 1184 1107 1229 τοῦ
1182 1197 1455 1251 μαχαιραν
1534 1177 1766 1242 ἐλθόντος

138 1266 340 1340 βαλεῖν
391 1265 758 1341 προθελύμνως
811 1272 978 1318 ταῦτα
1032 1263 1324 1339 ἐτίμνομεν.
1394 1271 1495 1319 Καὶ
1561 1269 1768 1341 καθαρὰ

136 1360 307 1430 [ai-ai
366 1363 465 1428 713,
510 1356 738 1428 καθαρόν
783 1350 843 1407 δε
903 1357 961 1407 1'6
1012 1358 1239 1429 σπέρμα,
1300 1360 1390 1408 καὶ
1449 1360 1497 1407 οἱ
1553 1355 1767 1427 φύλακες

139 1449 444 1520 γρήγοροι,
499 1444 589 1496 καὶ
647 1451 892 1518 Χρυσοῦν
947 1446 1007 1495 16
1066 1442 1231 1518 θέρος,
1287 1448 1377 1495 καὶ
1438 1444 1464 1495 6
1523 1446 1767 1519 θεριστὴς

141 1535 563 1607 εύθηνούμενοςο
616 1535 684 1595 ὡς
735 1540 825 1584 νῦν
881 1550 939 1604 γε
992 1532 1098 1603 ούχ
1157 1534 1235 1584 6'11
1294 1532 1648 1589 ἐκαστοτεύιεν
1707 1534 1767 1586 ἂν

140 1624 497 1694 αἱτπσαίμην
523 1628 585 1693 τῇ
645 1618 871 1692 ἐνεργείᾳ
917 1628 1014 1681 τῆς
1064 1622 1251 1693 άρετῆς
1301 1624 1466 1695 μέχρι
1516 1630 1608 1674 τοῦ
1636 1644 1766 1675 παν-

141 1714 237 1773 τὸς
344 1709 753 1764 ἐπεκτείνεσθαι·
840 1703 958 1760 οὐδ’
1043 1708 1110 1770 εἰς
1186 1707 1511 1771 ἐξηκοντάδα
1573 1717 1770 1784 προκό-

144 1819 307 1853 πτειν
387 1802 449 1852 τό
511 1797 636 1858 ὅλως
696 1798 1045 1872 ἰργάσασθαι-
1118 1799 1300 1859 ἱκανῶς
1366 1795 1416 1851 δ’
1490 1801 1550 1851 οἷν
1625 1800 1769 1873 εἶχον

145 1886 253 1940 κᾶν
298 1893 416 1950 τοῖς
469 1888 771 1960 τριάκοντα,
827 1886 871 1939 εἰ
926 1893 1037 1949 τοῖς
1085 1893 1328 1958 φυσικοῖς
1377 1885 1517 1957 ὅροις
1559 1889 1616 1938 16
1664 1884 1770 1938 ἐνόν

148 1981 420 2051 γεώργιον
476 1979 789 2052 παρεμέτρει
843 1977 902 2027 16
962 1974 1175 2049 ἐνεργές.
1236 1974 1373 2027 Ἀλλ’
1430 1973 1529 2044 ἐγὼ
1590 1971 1771 2028 δέδοι-

151 2085 249 2138 κα,
298 2071 377 2140 μή
425 2084 553 2119 ποτε
611 2061 737 2117 οὐδὲ
783 2068 878 2123 τὴν
921 2071 1081 2137 χεῖρα
1148 2066 1361 2138 θερίζων
1411 2063 1768 2138 πληρώσαιμι,

149 2151 433 2227 μηδετόν
481 2153 672 2207 κόλπον
702 2154 728 2204 6
779 2148 1284 2228 δραγματιςόμενος·
1339 2155 1456 2204 ἴσθι
1499 2151 1772 2205 ὀπισθιαι-

150 2261 329 2317 τερος,
378 2246 558 2295 καίτοι
612 2260 672 2313 γε
714 2240 779 2298 ἧν
816 2241 878 2293 οἷν
918 2239 977 2293 ού
1020 2242 1184 2299 πάντη
1237 2236 1504 2307 δύσελπις,
1555 2242 1580 2292 6
1631 2237 1769 2292 δυσ-

151 2331 315 2395 κλεής
385 2330 491 2404 ἐγὼ
563 2333 757 2403 ποιμὴν
831 2334 923 2382 καὶ
1003 2332 1228 2405 γεωργὸς
1310 2328 1403 2381 οὐκ
1486 2326 1767 2402 εὐδαίμωνο

161 2418 383 2482 ἀλλ’ὡς
431 2419 520 2473 ἐπὶ
545 2415 788 2493 δομάτων
830 2426 956 2491 γοῦν
1009 2417 1352 2492 ἐκαρπίζομεν
1406 2420 1590 2492 μικρὰ,
1648 2421 1770 2480 τούς

157 2507 597 2583 ὑπερωαϐάντας
652 2507 847 2580 ὀλίγου,
879 2513 973 2567 τὴν
1039 2512 1357 2581 παμμητέρα
1417 2506 1631 2577 πλάνην,
1682 2512 1771 2560 καὶ

154 2603 248 2651 τὸν
282 2599 450 2672 λόγου
508 2600 871 2674 θερισαμένους
917 2601 984 2659 ὡς
1025 2596 1250 2668 ἐφικτόν,
1292 2597 1335 2649 εἰ
1383 2602 1453 2668 μὴ
1508 2601 1597 2648 καὶ
1653 2599 1769 2648 τού-

156 2708 274 2752 τοις
319 2685 463 2746 ἧσαν
496 2687 652 2742 πάλιν
683 2688 733 2740 οἱ
760 2694 853 2740 τοῦ
890 2685 1036 2761 ἀέρος
1067 2690 1228 2760 ὄρνεις
1278 2684 1561 2741 ἐπίϐουλοι.
1590 2688 1767 2758 Οἶμοι,

159 2779 246 2831 ὅτι
290 2776 529 2840 ἀκάνθας
570 2780 661 2830 καὶ
711 2774 991 2850 τριβόλους
1020 2774 1172 2849 βρύει
1225 2794 1315 2847 μοι
1362 2778 1421 2826 16
1472 2774 1765 2850 γεώργιονῐ

160 2872 258 2928 τήν
280 2869 604 2942 κατάκρισιν
649 2873 746 2927 τῆς
776 2863 876 2918 ἀπὸ
925 2872 1059 2919 Θεοῦ
1108 2861 1446 2937 διαμαρτίας,
1497 2867 1561 2924 ὡς
1601 2863 1769 2916 ὀπίσω

162 2958 263 3022 τίς
314 2951 641 3032 κεντρώδους
714 2954 915 3017 πλάνης
982 2958 1070 3006 τόν
1138 2950 1502 3026 διαμαρτόντα
1560 2957 1768 3027 πορεύε-

166 3049 329 3101 σθαιθ-
362 3051 456 3100 καὶ
502 3048 735 3118 πορνεύει
774 3064 867 3119 μοι
902 3048 961 3097 16
1004 3049 1242 3116 ποίμνιον
1290 3046 1385 3095 ούκ
1431 3041 1479 3094 ἐν
1526 3051 1596 3113 τῷ
1640 3042 1771 3113 ξύλῳ

170 3142 332 3210 μόνον
386 3139 457 3199 ὡς
485 3135 854 3208 γέγραπταιη,
881 3129 989 3193 ἤδη
1041 3129 1100 3185 δε
1142 3138 1232 3185 καὶ
1287 3131 1453 3194 λίθοις
1504 3138 1637 3184 πᾶσι
1689 3134 1775 3183 καὶ

174 3223 358 3280 ἰδασι·
407 3227 497 3277 καὶ
549 3229 910 3297 προσκυνοῦσι
973 3225 1064 3295 μὶν
1130 3220 1188 3274 ού
1252 3221 1518 3293 γλυπτοῖς,
1581 3218 1775 3293 δαιμο-

166 3321 306 3378 νίοις
330 3311 379 3369 δ’
370 3333 394 3369 ε
418 3332 563 3369 τισιν
591 3316 642 3366 ἂν
660 3320 767 3374 τοῖς
787 3311 1028 3384 ὑψηλοῖς.

224 3400 352 3459 κδ’.
395 3408 709 3479 Χριστιανοὶ
787 3398 847 3455 δὲ
894 3406 1048 3475 μόνον
1096 3403 1309 3474 ὀνόματι
1353 3401 1578 3456 ’Δλανοίο
1636 3400 1680 3453 εἰ
1718 3397 1779 3452 δέ

160 3497 272 3549 πονύ
319 3513 399 3555 τις
435 3497 527 3546 καὶ
576 3496 715 3568 μερὶς
772 3490 963 3563 Ιακὼϐ,
995 3493 1022 3543 ό
1076 3489 1267 3566 ἐχθρός
1315 3495 1574 3565 ενέσπειρε
1598 3492 1664 3543 1'61
1695 3489 1777 3550 ζιο

164 3584 349 3646 ζοὶνιοι·
394 3582 441 3636 εἰ
476 3585 581 3658 γὰρ
633 3584 879 3657 καὶπρὸς
926 3588 1000 3652 τῷ
1047 3585 1189 3654 γήρᾳ
1236 3584 1359 3641 τέως
1389 3576 1476 3632 οὖν
1526 3581 1556 3637 η
1608 3578 1780 3652 Σάρρα

163 3677 462 3747 γεγέννηκε⁸
567 3672 905 3747 πονηρεύεται
1003 3667 1062 3722 δὲ
1155 3672 1291 3722 κατὰ
1386 3675 1479 3721 τοῦ
1593 3667 1776 3721 Ἰσαάκ

166 3762 420 3837 Ἱσμαήλο
479 3767 573 3815 καὶ
614 3765 691 3822 τίς
742 3760 1003 3834 Ἀϐραὰμ,
1063 3760 1145 3811 ἵνα
1189 3760 1285 3817 τῆν
1340 3754 1533 3816 δούλην
1582 3756 1777 3832 Ἀγαρ,

168 3857 267 3907 καὶ
294 3859 388 3906 τοῦ
431 3859 527 3913 τῆς
572 3849 771 3912 πλάνης
817 3847 1141 3922 ἀνελεύθερον
1188 3852 1424 3911 σκότους,
1456 3854 1552 3908 τῆς
1604 3866 1777 3898 συνοι-

167 3948 292 4004 κίας
321 3939 597 3995 ἀπώσαιτο
630 3938 821 4008 ;”Εστι
848 3958 928 4000 τις
975 3938 1121 4009 ὀλίγη
1180 3935 1478 4011 παρεμϐολὴ
1530 3942 1619 3988 καὶ
1667 3934 1779 4008 ἐμοὶ

171 4031 237 4090 ἣν
296 4032 425 4093 Θεὸς
490 4027 663 4100 ἐξάγει
726 4035 820 4080 τοῦ
882 4035 1071 4085 νοητοῦ
1125 4032 1331 4100 Φαραώ·
1402 4029 1492 4077 καὶ
1557 4021 1778 4096 διεξάγω

171 4126 351 4173 ταῦτα
569 4119 706 4170 κατὰ
742 4123 944 4175 Μωσῆν
1012 4118 1101 4187 μὲν
1168 4115 1362 4183 οὐκέτι,
1414 4114 1547 4173 πλὴν
1616 4115 1774 4186 ὅμως·

172 4209 290 4264 m'
345 4212 398 4262 οἱ
448 4208 729 4281 Αἰγύπτιοι
767 4226 1047 4283 τρισταται
1100 4203 1559 4280 καταδρομοῦσιυ,
1614 4206 1644 4262 ἡ
1706 4211 1776 4274 τῷ

173 4302 328 4374 θυμῷ
374 4306 586 4372 φονῶσα
612 4297 792 4369 ψυχὴ,
836 4302 927 4349 καὶ
954 4299 1013 4349 16
1059 4300 1187 4371 πρὸς
1219 4297 1285 4347 161
1332 4292 1649 4368 χαμαίζηλα
1693 4293 1776 4345 λι-

170 4408 329 4462 χνονε
379 4389 407 4442 ὅ
431 4389 600 4442 πείθει
624 4383 736 4448 τοῖς
781 4384 1081 4459 ἀλλοφύλοις
1112 4386 1552 4457 συγχραίνεσθαι·
1585 4387 1675 4435 καὶ
1716 4385 1774 4434 τὸ

168 4484 268 4533 τοῦ
329 4475 493 4540 λοξοῦ
538 4481 875 4551 περίτρεπτον
934 4480 1053 4547 περί
1117 4493 1262 4536 τινας
1326 4472 1551 4533 ἀτόπους
1618 4469 1774 4534 δόξας

170 4571 272 4622 οὐκ
298 4565 581 4620 ἀντιτεῖνον
626 4568 696 4628 ὡς
727 4560 1052 4619 διὰιπολλά.
1106 4568 1206 4617 Καὶ
1254 4571 1355 4616 ποῦ
1407 4561 1588 4622 στῦλος
1642 4565 1776 4633 νεφέ-

170 4658 265 4718 λης
312 4656 543 4711 ἐνταῦθα
578 4657 651 4708 16
703 4651 979 4707 διεστάναι
1025 4649 1255 4720 διδοῦς;
1313 4652 1343 4710 ἣ
1396 4655 1499 4713 τὼς
1559 4652 1619 4702 οἷν
1679 4658 1776 4703 τῶν

174 4748 339 4801 ἐθνῶν
380 4742 568 4804 διέστη
615 4746 647 4804 ἠ
684 4742 967 4810 θάλασσα;
1021 4742 1179 4815 Οίμοι
1227 4741 1305 4794 ὃτι
1358 4744 1649 4813 ποιμαίνειν
1689 4743 1778 4812 μὲν

174 4835 371 4909 ἀγέλας
415 4838 767 4906 πεπίστευμαι
831 4831 1213 4892 ἄναϐαινούσας
1260 4829 1361 4883 ἀπὸ
1421 4828 1641 4904 λουτροῦ
1688 4836 1779 4880 τοῦ

179 4923 560 5000 βαπτίσματος
590 4923 605 4977 !
631 4927 900 4996 ποιμαίνει
937 4918 998 4976 δὲ
1041 4924 1237 4984 ταύτας
1283 4920 1472 4995 μᾶλλον
1510 4928 1607 4982 τῆς
1653 4939 1780 4972 απι-

179 5018 337 5076 στίας
394 5013 450 5066 όι
489 5012 744 5074 θάνατος’
817 5015 1043 5085 στμόατι
1108 5014 1199 5084 μὲν
1255 5012 1357 5086 γὰρ
1416 5008 1780 5082 ὁμολογοῦσιν,

176 5107 313 5157 ὀκνῶ
366 5099 428 5156 δέ
473 5099 638 5173 λέγειν
692 5100 763 5164 εἰς
824 5106 1106 5176 σωτηρίαν·
1170 5101 1248 5153 ὅτι
1303 5104 1374 5173 μὴ
1428 5103 1518 5152 καὶ
1574 5097 1642 5159 εἰς
1698 5095 1783 5149 δι-

178 5193 471 5250 καὶοσύνην
514 5197 717 5265 πρῶτον
774 5198 837 5262 τῇ
896 5186 1097 5263 καρδίᾳ
1147 5191 1508 5244 πιστεύουσιν.
1564 5185 1781 5259 Ὄμοιόν

176 5302 271 5354 τι,
312 5277 613 5337 ῩΔπόλωλεν
662 5276 883 5340 εὐλαϐὴς
926 5276 1032 5331 ἀπὸ
1079 5279 1174 5341 τῆς
1221 5277 1349 5350 ἐμῆς
1420 5280 1613 5338 ταύτης
1660 5283 1778 5349 γῆς·

178 5375 272 5425 καὶ
293 5371 392 5424 οὐκ
420 5371 537 5422 ἔστι
556 5386 649 5441 μοι
677 5365 974 5429 ἀνάπαυσις
1000 5367 1159 5425 αὕτη.

246 5457 343 5514 κε’.
403 5462 548 5531 Ἆρα
598 5453 831 5520 ἀναστὰς
878 5458 1203 5531 πορεύσομαι
1254 5474 1267 5526 ;
1327 5450 1486 5509 Δέδια
1539 5458 1657 5530 περὶ
1715 5461 1777 5513 τῆ

252 5585 301 5624 ⁸³
326 5584 549 5642 larem.
579 5582 672 5651 ltI,
704 5585 757 5639 9.

1155 3672 1291 3722 κατὰ
1386 3675 1479 3721 τοῦ

1872 561 2019 614 'l‘um
2049 564 2107 615 et
2135 560 2380 632 reliquae
2429 566 2771 631 congruunt
2822 563 3128 633 parabolae
3173 569 3414 636 partes:
3460 566 3521 622 in

1873 647 2063 718 spinis
2083 648 2150 703 ﬁt
2170 650 2488 706 seminatio
2508 665 2644 722 quae
2662 650 2912 722 quidem
2935 651 3075 706 olim
3102 652 3315 709 evulsas
3347 658 3484 710 sunt
3507 668 3521 719 ;

1875 741 1935 793 at
1964 736 2104 793 ﬁdei
2134 737 2387 794 verbum
2419 738 2640 794 alicubi
2678 755 2928 812 prorsus
2953 739 3321 798 suﬂ‘ocatur:
3349 743 3523 800 inter?

1875 826 2022 882 dum
2053 827 2234 882 etiam
2296 844 2433 883 cum
2466 827 2612 900 ipsis
2668 828 2862 900 spinis
2890 829 3185 885 nascitur:
3221 831 3363 887 item
3398 831 3523 887 for-

1875 920 2031 972 tasse
2065 915 2380 973 affectione
2431 917 2702 991 quadam
2744 918 2813 973 ﬁt
2845 922 2903 975 et
2934 918 3139 992 ipsum
3168 920 3512 993 spinosum.

1874 1005 2080 1061 Melius
2110 1010 2269 1060 certo
2298 1005 2469 1075 foret,
2516 1006 2568 1061 si
2598 1005 2678 1062 ab
2712 1023 2785 1062 eo
2831 1006 2937 1078 qui
2971 1008 3174 1077 ignem
3206 1009 3371 1065 venit
3393 1009 3526 1067 mit-

1874 1096 1995 1149 tere
2025 1093 2086 1149 in
2108 1098 2324 1149 terram
2351 1094 2737 1162 inflammati,
2761 1095 2963 1153 statim
2981 1097 3189 1169 spinas
3211 1096 3524 1154 combure-

1874 1198 2116 1238 remus:
2175 1182 2225 1238 si
2269 1199 2383 1255 ope
2433 1184 2582 1255 ejus,
2634 1184 2740 1257 qui
2789 1185 3060 1255 gladium
3093 1186 3314 1259 pariter
3362 1187 3526 1244 venit

1876 1271 2105 1327 mittere
2134 1273 2195 1327 in
2229 1276 2469 1341 terram,
2509 1274 2775 1330 funditus
2822 1275 2951 1331 hac
2993 1277 3427 1333 excideremus.
3458 1279 3527 1332 Et

1875 1357 2120 1430 quidem
2154 1376 2306 1432 pura
2332 1366 2506 1428 terra,
2543 1378 2764 1434 purum
2796 1379 3021 1433 semen,
3056 1365 3337 1420 custodes
3369 1364 3521 1435 vigi-

1874 1448 1983 1520 les,
2031 1463 2214 1505 aurea
2266 1450 2481 1505 messis
2514 1467 2762 1523 messor,
2819 1453 3126 1510 robustus.
3195 1455 3263 1509 Ut
3318 1458 3523 1511 tamen

1876 1553 2039 1593 nunc
2062 1554 2156 1593 res
2181 1554 2243 1594 se
2266 1538 2510 1607 habent,
2531 1540 2697 1596 haud
2717 1540 2997 1613 equidem
3031 1542 3111 1597 ad
3131 1541 3526 1614 centuplicem

1877 1642 2070 1698 usque
2107 1627 2365 1683 fructum
2395 1628 2697 1700 postulem
2734 1629 2962 1686 virtutis
2991 1628 3218 1685 viribus
3244 1627 3520 1696 extendi;

1879 1731 2076 1787 neque
2106 1716 2183 1771 ad
2224 1718 2670 1787 sexagesimum
2700 1722 2902 1791 optem
2933 1718 3201 1792 provehi,
3236 1717 3342 1773 sed
3378 1716 3525 1774 satis

1801 1819 1842 1873 Β
1877 1804 2163 1871 habeam,
2196 1806 2244 1860 si
2282 1810 2584 1877 quatenus
2614 1807 2881 1879 physicis
2907 1807 3129 1878 regulis
3170 1806 3326 1878 licet,
3352 1805 3525 1863 trice-

1881 1892 2101 1950 simum
2129 1893 2390 1949 fructum
2433 1910 2620 1966 opera
2652 1900 2943 1968 exazquet.
2977 1896 3103 1952 Imo
3149 1910 3264 1967 ego
3292 1908 3526 1959 vereor,

1880 1997 1955 2038 ne
1975 1982 2125 2038 forte
2156 1998 2425 2053 manum,
2459 1981 2705 2055 quidem
2737 1988 2967 2040 metens
2994 1984 3300 2057 impleam,
3329 1999 3527 2057 neque

1882 2070 2077 2127 sinum
2117 2071 2223 2143 qui
2269 2070 2616 2144 manipulos
2655 2072 2895 2143 colligo.
2947 2072 3069 2130 Sim
3115 2088 3259 2129 sane
3300 2073 3529 2128 tardior

1881 2166 2016 2231 post
2046 2160 2218 2228 alios,
2267 2176 2598 2233 quanquan
2627 2177 2749 2217 non
2779 2161 3028 2218 omnino
3057 2161 3406 2235 desperans,
3440 2161 3527 2217 in-

1880 2247 2020 2305 felix
2067 2263 2179 2319 ego
2225 2252 2433 2321 pastor
2477 2265 2600 2305 non
2643 2249 2879 2306 beatus.
2924 2250 3158 2322 Quippe
3195 2250 3301 2323 qui
3343 2265 3528 2323 super

1880 2340 2038 2394 tecta
2087 2343 2354 2393 serentes
2399 2354 2619 2410 parum
2656 2338 2884 2396 fructus
2934 2339 3262 2409 effecimus,
3307 2354 3527 2409 nempe

1880 2426 2014 2484 illos
2036 2426 2334 2485 lucrando
2364 2430 2469 2501 qui
2498 2434 2756 2485 matrem
2783 2430 3057 2485 omnium
3086 2428 3384 2486 malorum
3410 2430 3529 2485 bae-

1880 2516 2061 2572 resim
2087 2516 2441 2588 vitaverunt,
2475 2520 2533 2573 et
2569 2515 2823 2574 verbum
2869 2533 2980 2591 pro
3004 2517 3232 2573 viribus
3258 2532 3527 2575 messue-

1880 2610 2021 2661 runt
2055 2606 2207 2674 ;nisi
2236 2605 2385 2661 forte
2416 2612 2472 2662 et
2498 2606 2592 2662 his
2638 2607 2861 2678 pariter
2897 2606 3160 2663 insidiati
3202 2610 3342 2663 sunt
3377 2605 3531 2662 aeris

1880 2709 2042 2750 aves.
2078 2697 2201 2750 Heu
2244 2695 2414 2762 mihi,
2463 2696 2608 2768 quia
2664 2695 2871 2769 spinas
2899 2700 2956 2751 et
2991 2695 3245 2752 tribulos
3274 2711 3530 2768 campus

1881 2782 2210 2853 germinat!
2262 2784 2719 2841 damnationem
2768 2784 2989 2841 scilicet
3040 2783 3116 2840 ob
3160 2800 3465 2841 recessum
3495 2800 3532 2841 a

1878 2871 2021 2941 Deo,
2042 2871 2191 2928 dum
2216 2872 2534 2945 spinosum
2558 2890 2821 2929 errorem
2842 2889 3035 2942 vagus
3069 2888 3213 2941 grex
3235 2876 3527 2939 sectatur;

1879 2959 2027 3017 dum
2062 2960 2393 3018 fornicatur
2421 2978 2546 3018 non
2575 2963 2638 3018 in
2678 2962 2843 3033 ligno
2875 2967 3091 3027 solum,
3121 2961 3208 3017 uti
3239 2961 3529 3032 scriptum

1879 3052 2056 3117 est”,
2089 3067 2300 3107 verum
2345 3052 2519 3107 etiam
2555 3052 2616 3107 in
2632 3050 2940 3123 lapidibus
2980 3048 3209 3105 cunctis
3237 3053 3295 3105 et
3315 3047 3530 3121 aquis;

1803 3163 1844 3219 ο
1882 3137 2029 3195 dum
2043 3155 2161 3195 non
2185 3138 2482 3211 sculptilia
2495 3139 2768 3205 adorant,
2787 3137 2894 3194 sed
2910 3137 3212 3211 quosdam
3223 3136 3531 3193 daamones

1884 3228 1949 3284 in
1976 3227 2123 3285 locis
2152 3227 2421 3287 excelsis.

1957 3395 2046 3449 24.
2070 3389 2386 3448 Christiani
2420 3389 2665 3447 nomine
2690 3392 2864 3446 tenus
2896 3393 3036 3446 sunt
3065 3388 3255 3446 Alani.
3294 3386 3463 3453 Quod
3480 3387 3533 3449 si

1887 3481 2112 3541 alicubi
2167 3484 2256 3538 est
2308 3496 2449 3553 pars
2503 3478 2689 3536 Jacob
2738 3478 2967 3552 aliqua,
3010 3477 3292 3537 inimicus
3345 3478 3531 3535 homo

1885 3571 2108 3629 zizania
2164 3568 2683 3644 superseminavit.
2736 3572 2887 3626 Nam
2934 3568 3038 3625 etsi
3096 3567 3156 3624 in
3206 3572 3528 3633 senectute,

1888 3664 2035 3720 Sara
2098 3664 2302 3718 tamen
2370 3658 2636 3733 peperit;
2711 3658 2819 3716 sed
2876 3659 3199 3715 insectatur
3256 3660 3532 3715 lsaacum

1886 3749 2118 3807 lsmael.
2156 3752 2222 3805 Et
2248 3749 2386 3823 quis
2415 3752 2503 3805 est
2524 3747 2831 3804 Abraham
2864 3746 2968 3818 qui
2993 3745 3282 3802 famulam
3302 3748 3460 3814 Agar
3478 3746 3533 3800 et

1886 3839 2188 3896 haereseos
2211 3837 2452 3894 serviles
2479 3836 2778 3903 tenebras,
2809 3835 2994 3891 domo
3022 3833 3231 3906 procul
3249 3832 3487 3901 ableget
3504 3830 3533 3885 *ἲ

1887 3931 1984 3985 Est
2006 3928 2153 3984 mihi
2170 3941 2416 4000 quoque
2448 3924 2701 3998 pusillus
2733 3922 3046 3989 exercitus,
3068 3936 3253 3994 quem
3279 3923 3432 3975 Deus
3454 3918 3533 3974 ab

1884 4015 2271 4076 intellectuali
2293 4015 2597 4071 Pharaone
2626 4011 2817 4084 eripit.
2854 4014 3018 4067 Hunc
3043 4025 3154 4081 ego
3184 4009 3382 4071 ducto,
3410 4023 3535 4066 non

1886 4106 2134 4178 quidem
2162 4109 2229 4161 ut
2275 4103 2421 4160 alter
2470 4105 2724 4174 Moyses,
2756 4100 2864 4156 sed
2910 4105 3113 4156 tamen
3165 4098 3369 4156 ducto.
3418 4096 3530 4154 Se!

1886 4196 2148 4270 Egyptii
2200 4193 2421 4252 tribuni
2484 4199 2948 4267 persequuntur,
3008 4205 3228 4263 nempe
3297 4187 3536 4247 animus

1885 4287 2091 4342 furens
2134 4284 2283 4340 caedi
2323 4282 2586 4348 inhians,
2619 4285 2675 4337 et
2717 4286 3047 4338 terrenarm
3073 4295 3275 4336 rerum
3305 4276 3537 4350 cupidi-

1886 4381 2008 4445 tas;
2041 4390 2179 4447 quas
2199 4372 2457 4430 suadent
2482 4375 2545 4427 ut
2572 4387 2711 4427 cum
2748 4366 3540 4441 alienigeni,commaculen—

1886 4467 2015 4534 tur;
2048 4464 2309 4538 denique
2333 4462 2601 4534 obliquas
2623 4461 2839 4518 mentis
2862 4459 3206 4518 volubilitas
3226 4457 3305 4516 ad
3329 4457 3537 4514 absur—

1886 4555 2000 4613 das
2027 4555 2331 4629 quasdam
2353 4553 2687 4628 opiniones,
2720 4551 2969 4608 minime
2998 4554 3062 4607 ut
3088 4549 3445 4623 plerumque
3472 4546 3541 4603 ﬁt

1886 4647 2167 4703 renitens.
2194 4647 2259 4703 Et
2289 4646 2539 4702 ubinam
2567 4647 2656 4700 est
2681 4641 2918 4699 nebulae
2952 4639 3257 4707 columna,
3288 4654 3424 4711 quae
3455 4651 3539 4693 se-

1886 4736 2263 4808 parationem
2276 4734 2558 4808 prmstet?
2574 4733 2663 4789 vel
2685 4731 3000 4807 quomodo
3011 4730 3280 4801 gentium
3292 4726 3541 4784 recessit

1889 4840 2058 4881 mare
2079 4823 2108 4879 ?
2137 4824 2265 4881 Heu
2295 4823 2460 4894 mihi,
2496 4823 2594 4880 cui
2624 4836 2874 4896 pascere
2905 4834 3116 4891 greges
3145 4816 3540 4874 commissum

1888 4918 1978 4970 est
2003 4914 2078 4971 de
2105 4911 2481 4987 baptismatis
2508 4910 2750 4967 lavacro
2780 4906 3171 4965 ascendentes
3193 4904 3206 4959 1
3226 4902 3540 4963 Pascitau-

1889 5006 2013 5062 tem
2062 5003 2174 5059 hos
2220 5001 2420 5074 potius
2458 4998 2823 5056 inﬁdelitatis
2864 5011 3053 5052 mors.
3106 4995 3216 5050 Ore
3267 4989 3538 5065 quidem,

1893 5109 2052 5167 aegre
2078 5092 2236 5162 dico,
2267 5090 2629 5148 conﬁtentur
2658 5088 2739 5145 ad
2787 5085 3037 5142 salutem
3064 5101 3077 5151 ;
3113 5095 3309 5155 neque
3338 5084 3543 5136 tamen

1891 5188 2071 5244 antea
2096 5180 2348 5239 credunt
2368 5178 2544 5236 corde
2569 5176 2649 5235 ad
2674 5173 2987 5247 justitiam.
3018 5169 3218 5229 Simile
3238 5172 3327 5229 est
3352 5167 3538 5226 illud:

1891 5273 2066 5332 Periit
2110 5269 2426 5341 religiosus
2473 5267 2554 5323 ab
2583 5266 2699 5323 hac
2745 5268 2903 5320 terra
2942 5277 3117 5328 mea;
3168 5274 3368 5333 neque
3413 5258 3545 5316 haec

1894 5362 2044 5419 mihi
2081 5358 2353 5418 stationis
2380 5355 2619 5429 requies
2644 5358 2749 5410 est.
3418 5408 3419 5415 η

1966 5455 2055 5508 25.
2096 5452 2248 5507 Num
2281 5461 2425 5517 ergo
2471 5457 2725 5515 surgens
2753 5440 2985 5501 abibo?
3014 5441 3230 5498 Vereor
3270 5454 3347 5497 ne
3394 5438 3545 5497 forte
