4028 6308
521 326 626 390 ‘ll

523 543 625 600 Hic
679 542 925 615 quidem
974 559 1108 599 cum
1173 543 1456 600 Achaabo
1505 543 1913 613 famularetur,
1968 561 2168 615 genua

521 636 728 688 tamen
759 631 919 688 Baali
950 647 1072 688 non
1092 631 1255 688 ﬂexit
1279 634 1344 688 ".
1377 635 1565 689 Metuo
1595 633 1774 689 etiam
1806 633 2036 705 pusillae
2073 636 2166 705 ju-

523 724 750 777 storum
782 721 957 788 sorti;
985 737 1129 777 nam
1158 722 1328 792 virga
1364 722 1688 794 impiorum
1731 727 2162 780 commovetur.

524 811 675 876 Quid
703 811 921 868 faciam
942 813 970 868 ‘1
993 811 1100 866 Ubi
1125 813 1262 868 Jesu
1287 811 1614 882 ﬂagellum,
1643 817 1709 867 ut
1734 813 1918 869 Patris
1944 813 2166 868 domus

521 901 845 972 purgetur?
892 899 1001 958 Odi
1051 900 1366 957 ecclesiam
1411 901 1908 972 malignantium:
1955 901 2062 959 sed
2103 902 2166 958 in

519 989 680 1046 hanc
705 990 1009 1062 projectus
1037 989 1144 1057 fui,
1173 990 1277 1063 qni
1319 990 1724 1046 sacerdotium
1754 996 1973 1048 temere
2001 1007 2168 1048 assu-

520 1095 684 1137 mere
736 1097 922 1136 ausus
954 1096 1089 1136 sum
1115 1099 1126 1138 :
1165 1104 1192 1130 ιι
1217 1083 1423 1136 Nonne
1452 1079 1722 1136 odientes
1751 1085 1828 1149 te,
1874 1082 2122 1137 Domine
2146 1125 2161 1150 ,

521 1169 768 1225 oderam
785 1173 842 1226 et
867 1185 1048 1241 super
1066 1169 1340 1225 inimicos
1370 1173 1502 1226 tuos
1533 1169 1919 1227 tabescebam
1945 1173 1973 1226 ?
1995 1193 2024 1222 »
2052 1172 2165 1227 Cur

521 1257 928 1315 maledictioni
978 1258 1062 1314 illi
1120 1259 1407 1315 audacter
1455 1275 1552 1314 me
1612 1260 1861 1330 objeci?
1932 1260 2161 1317 Caelum

521 1362 752 1404 aeneum
797 1352 1110 1420 reputatus
1147 1362 1261 1417 ego
1313 1363 1469 1417 sum,
1523 1353 1679 1404 terra
1719 1348 1912 1405 ferrea
1965 1365 2164 1422 neque

521 1439 689 1492 arata
713 1451 908 1508 neque
931 1441 1064 1492 sata
1082 1435 1400 1492 hereditas
1425 1452 1586 1492 mea.
1622 1437 1915 1501 Quisnam
1945 1438 2165 1495 Paulus

519 1539 731 1580 rursus
769 1525 880 1581 hos
910 1524 1222 1596 parturiat,
1255 1525 1447 1580 donec
1476 1525 1765 1582 formetur
1797 1527 1856 1582 in
1887 1528 1970 1582 eis
2003 1527 2165 1584 Chri-

520 1614 654 1668 tus?
682 1614 855 1669 Nothi
899 1613 1099 1669 adhuc
1128 1617 1187 1668 et
1213 1628 1336 1669 non
1365 1614 1486 1685 filii,
1546 1615 1690 1688 quia
1720 1615 2035 1673 fascinavit
2061 1632 2164 1672 eos

519 1701 795 1769 Satanas,
834 1717 909 1758 ne
945 1702 1083 1774 quis
1150 1701 1381 1758 veritati
1426 1702 1575 1759 forte
1618 1704 1840 1772 credat,
1892 1709 2070 1777 atque
2101 1709 2165 1761 ut

1477 327 1831 388 THEODORI
1871 328 2147 389 ALANDE
2184 321 2504 389 EPIBCOPI
2542 327 2913 386 ALANICUS.

521 453 640 512 hoc
649 451 878 511 malum
893 453 1262 526 participem.
1277 457 1428 512 Num
1445 455 1605 511 enim
1627 471 1763 511 sum
1774 470 1886 526 ego
1904 455 2164 513 Abdias?

2278 463 2368 508 τοῦ
2411 461 2573 508 κακοῦ
2613 453 2912 528 μεταλήψειο
2954 457 3026 526 μὴ
3075 456 3178 529 γὰρ
3237 452 3337 525 ἐγῶ
3383 449 3600 508 Ἀϐδιοῦ

3767 329 3913 387 412

3659 468 3674 520 ;
3731 459 3908 511 Tm!-

2274 549 2496 618 ρετὴσας
2540 541 2599 597 δὲ
2649 545 2754 617 ἄρα
2809 542 2991 603 ἐκεῖνος
3035 551 3109 614 τῷ
3163 541 3396 614 Ἀχαὰϐ,
3440 546 3566 614 γόνυ
3617 548 3678 613 τῇ
3735 540 3906 594 Βάαλ

2274 635 2368 688 οὐκ
2411 633 2630 706 ἔκαμψε.
2683 629 2841 687 Δέδια
2904 635 2949 669 ³⁸
2992 636 3081 685 καὶ
3138 636 3256 706 περὶ
3300 640 3371 703 τῷ
3425 639 3597 706 μικρῷ
3641 638 3742 683 τῶν
3806 626 3907 683 δι-

2272 729 2432 776 καίων
2485 723 2678 795 κλήρῳ·
2737 725 2767 782 ἡ
2816 718 3015 797 ῥάϐδος
3066 723 3166 797 ’γὰρ
3222 729 3320 774 τῶν
3372 719 3688 793 ἁμαρτωλῶν
3769 722 3904 772 ἒπε-

2275 817 2487 866 σείετοιι.
2537 817 2624 873 Τίς
2821 816 3092 884 γένωμαι;
3145 817 3252 865 Ποῦ
3294 814 3351 863 τὸ
3409 809 3713 883 φραγγελιον
3779 808 3906 865 Ἰη-

2275 909 2390 970 σοῡ,
2438 905 2524 954 ἶνα
2571 903 2596 954 ὁ
2643 910 2779 964 οἰκος
2819 909 2912 954 τοῦ
2941 904 3148 974 Πατρός
3192 900 3554 973 ἐκκαθαίροιτο
3600 897 3906 954 ΙἙίσησα

2271 988 2551 1048 ἐκκλησίαν
2625 995 3061 1065 πονηρευομένων·
3131 989 3239 1041 ἀλλ’
3305 988 3378 1050 εἰς
3441 990 3638 1046 ταύτην
3718 985 3904 1059 ἀπ’έρ-

2269 1081 2484 1154 ῥιμμαι,
2540 1084 2619 1134 ὅτι
2666 1089 2933 1154 προπετῶς
2993 1081 3275 1156 ἱερωσύνην
3329 1076 3617 1153 ἐθάρῥησα,
3653 1098 3682 1126 ι(
3726 1075 3901 1147 Οὐχὶ

2269 1173 2386 1230 τους
2439 1172 2721 1242 μισοῦντάς
2778 1189 2854 1238 σε,
2917 1172 3096 1244 Κύριε,
3152 1167 3406 1241 ἐμίσησα,
3474 1170 3563 1220 καὶ
3618 1167 3708 1218 ἐπὶ
3769 1172 3903 1224 τοῖς

2273 1255 2485 1332 ἐχθροῖς
2517 1277 2612 1311 σου
2643 1258 2960 1331 ἐξετηκόμην
2994 1273 3009 1324 ;
3043 1279 3070 1307 ››
3103 1256 3216 1311 Ἵνα
3243 1261 3296 1309 τί
3339 1258 3406 1309 τὰ
3432 1261 3528 1316 τῆς
3570 1257 3702 1328 ἀρᾶς
3750 1252 3902 1306 ἐκει-

2270 1366 2364 1408 νης
2409 1345 2718 1422 “afﬁne-az;
2754 1353 2856 1402 Καὶ
2909 1346 3140 1420 χαλκοῦς
3176 1349 3266 1418 μεν
3313 1345 3528 1419 οὐρανὸς
3591 1343 3897 1416 ἐνομίσθην

2273 1435 2393 1509 ἐγὼ,
2444 1435 2646 1514 σιδηρᾶ
2701 1435 2761 1492 δι
2813 1447 2903 1508 γῆ,
2952 1443 3042 1490 καὶ
3099 1437 3362 1512 ἄσπαρτος
3404 1440 3494 1488 καὶ
3543 1435 3798 1505 ἀνήροτος
3859 1433 3896 1490 ἡ

2273 1527 2587 1602 κληρονομία
2637 1547 2758 1600 μουο
2808 1527 2876 1580 Ὢ,
2929 1533 3011 1589 τίς
3063 1527 3267 1588 Παύλος
3323 1530 3412 1578 καὶ
3471 1523 3625 1577 πάλιν
3694 1519 3893 1576 ὦδενεο

2273 1617 2509 1676 τούτους,
2557 1617 2717 1688 ἄχρις
2791 1612 2852 1667 οὗ
2910 1616 3158 1689 μορφωθῇ
3214 1616 3447 1688 Χριστὸς
3497 1609 3544 1664 ἐν
3612 1612 3799 1670 αὐτοῖς
3873 1625 3891 1675 ;

2275 1706 2437 1756 Νόθοι
2487 1701 2545 1756 δὲ
2601 1705 2722 1779 ἄρτι
2776 1708 2865 1756 καὶ
2915 1702 3020 1774 οὐχ
3064 1702 3173 1755 υἱοί
3227 1702 3308 1754 ὃτι
3359 1700 3639 1758 ἐϐάσκηνεν
3697 1699 3895 1760 αὐτοῖς

523 1787 640 1844 sint
665 1789 946 1863 deinceps
973 1789 1338 1846 inﬁdelitatis
1361 1791 1485 1847 ﬁlii.
1522 1792 1678 1848 Iram
1721 1794 1924 1862 timeo,
1955 1809 2164 1850 revera

2275 1795 2300 1845 6
2327 1797 2571 1859 Σατανᾶς,
2599 1793 2682 1845 ἵνα
2710 1797 2806 1865 μή,
2852 1800 2916 1851 τῆ
2969 1791 3184 1864 ἀληθείᾳ
3211 1791 3256 1844 εἰ
3307 1795 3398 1844 καὶ
3425 1791 3726 1856 πείθωνται,
3786 1793 3894 1841 καὶ

520 1878 681 1934 enim
705 1883 846 1935 sunt
863 1895 1014 1936 vasa
1035 1879 1135 1935 irae
1158 1879 1237 1936 ad
1259 1881 1657 1952 perditionem
1691 1882 1972 1940 formata.
2011 1884 2161 1940 Heu!

518 1966 782 2024 ferarum
835 1969 1044 2025 dentes
1098 1968 1297 2036 video,
1354 1986 1493 2026 cum
1551 1970 1751 2028 furore
1801 1973 2165 2044 rapientium

519 2071 704 2128 super
730 2059 984 2115 terram!
1018 2061 1165 2115 Nam
1196 2075 1474 2116 meorum
1508 2061 1768 2131 insignia
1798 2061 1978 2118 veluti
2004 2067 2163 2130 sunt,

516 2145 840 2204 homicidia
869 2149 930 2204 in
969 2149 1180 2221 primis
1209 2153 1266 2205 et
1295 2149 1415 2206 alia
1454 2151 1740 2206 mortium
1769 2165 2009 2220 genera.
2042 2155 2165 2208 Heu

517 2235 752 2292 Datban
781 2241 961 2309 atque
1003 2237 1230 2295 Abiron
1254 2237 1405 2294 mihi
1429 2239 1699 2296 inhiant:
1746 2244 1804 2296 et
1830 2242 1967 2312 quis
1997 2241 2168 2298 adest

517 2332 738 2393 Aaron,
773 2330 836 2382 ut
859 2329 1013 2381 Deus
1041 2326 1326 2384 miracula
1353 2327 1539 2384 edat?
1563 2328 1887 2386 Sacerdotii
1905 2329 2165 2400 dignitas

517 2413 874 2470 conculcata
888 2419 996 2484 est,
1015 2420 1070 2472 et
1104 2416 1242 2488 quis
1273 2416 1448 2472 adest
1463 2417 1725 2487 Samuel,
1747 2421 1813 2474 ut
1834 2421 1988 2474 Deus
2012 2419 2165 2490 inju-

517 2500 672 2559 riam
683 2517 794 2558 ceu
806 2502 1044 2559 sibimet
1056 2503 1280 2560 illatam
1293 2510 1526 2577 reputet
1543 2507 1572 2563 ?
1589 2528 1615 2556 ‹‹
1624 2507 1993 2565 luvocabant
2004 2508 2165 2566 enim

516 2589 602 2646 illi
655 2590 997 2658 Dominum,
1053 2597 1112 2649 et
1159 2593 1287 2664 ipse
1340 2593 1706 2652 exaudiebat
1769 2611 1907 2653 eos:
1961 2597 2023 2652 in
2069 2612 2164 2653 co-

517 2677 728 2736 lumna
744 2679 927 2738 nubis
947 2679 1308 2752 loquebatur
1317 2682 1422 2740 eis.
1445 2704 1474 2734 »
1488 2685 1710 2757 Nempe
1725 2700 1840 2757 ego
1852 2701 2165 2743 sacrorum

515 2768 995 2826 testimoniorum
1031 2770 1372 2828 custodiam
1401 2772 1554 2829 serio
1583 2773 1865 2832 observo.
1898 2777 2166 2832 Fortasse

516 2855 692 2929 aliqis
723 2857 1021 2916 calvitiem
1049 2875 1294 2932 quoque
1351 2860 1582 2929 irridet,
1613 2863 1665 2918 si
1693 2862 1842 2920 forte
1867 2864 2024 2936 pileo
2066 2881 2165 2922 me

515 2959 756 3014 exuam,
778 2950 846 3004 ut
866 2963 1006 3005 cum
1024 2948 1145 3004 ﬁde
1166 2949 1328 3006 haud
1347 2949 1547 3007 velata
1566 2966 1739 3008 sacro
1763 2968 2014 3010 munere
2034 2953 2168 3011 fun-

516 3034 800 3103 gar.Quis
824 3035 1016 3092 aderit
1045 3035 1288 3094 Elisasus
1324 3041 1390 3094 ut
1411 3037 1656 3111 culpam
1678 3040 1830 3097 ultio
1855 3056 1998 3098 mox
2024 3041 2165 3098 sub-

517 3125 852 3225 sequatur?
894 3124 1410 3225 lilia—disipulum
1439 3127 1726 3225 audacter
1759 3146 1872 3225 .me
1927 3130 2160 3225 dicam:
2195 3169 2236 3225 α

517 3210 623 3266 sed
645 3227 770 3269 non
791 3213 1013 3270 idcirco
1043 3213 1289 3271 Eliseeus
1320 3231 1477 3272 sum.
1516 3219 1580 3272 Et
1622 3217 1877 3288 gratiam
1920 3219 2164 3292 quidem

516 3301 774 3372 suscepi,
809 3301 917 3357 sed
946 3318 1070 3359 non
1099 3303 1321 3360 idcirco
1360 3309 1526 3362 extra
1562 3307 1930 3363 caducarum
1960 3324 2162 3365 rerum

514 3385 808 3459 impetum
821 3405 978 3459 sum,
996 3406 1191 3463 neque
1216 3393 1278 3449 in
1295 3407 1508 3464 pacem
1525 3399 1687 3452 extra
1711 3411 1957 3453 omnem
1978 3398 2164 3455 animi

513 3476 1028 3548 perturbationem
1048 3479 1355 3550 ingressus
1409 3498 1565 3538 sum.
1592 3485 1659 3538 Et
1675 3483 1824 3556 quid
1842 3485 2086 3554 mirum,
2113 3486 2165 3542 si

514 3578 726 3621 rursus
740 3568 972 3637 Moyses
994 3567 1120 3623 dux
1148 3569 1241 3636 sit,
1269 3573 1327 3625 et
1345 3568 1737 3627 nihilominus
1755 3572 2164 3631 itinerantium

515 3653 795 3711 membra
831 3655 894 3710 in
945 3655 1182 3715 deserto
1229 3657 1598 3715 ceciderint?
1630 3662 1779 3716 Nam
1811 3676 1884 3717 ex
1929 3663 2161 3720 vocatis

513 3743 695 3816 pauci
721 3748 861 3802 sunt
882 3744 1072 3803 electi.

583 3925 672 3979 26.
710 3922 826 3982 Sed
853 3939 1175 3999 quousque
1203 3923 1264 3982 in
1294 3925 1388 3984 his
1415 3925 1682 3986 dilatabo
1710 3929 2070 3998 orationem,
2105 3935 2163 3988 et

512 4027 637 4070 non
682 4014 854 4071 illum
886 4015 1088 4087 potius
1144 4032 1398 4089 scopum
1455 4018 1797 4089 attingam?
1847 4034 2066 4093 nempe
2097 4025 2164 4077 ut

512 4119 722 4173 rogem
747 4109 1056 4177 pastorem
1072 4121 1301 4176 meum,
1332 4111 1388 4162 et
1411 4106 1620 4164 fratres
1649 4108 1830 4166 simul
1852 4109 2163 4183 deprecer.

517 4191 726 4263 Utique
759 4209 833 4249 ex
858 4199 1065 4250 ventre
1089 4192 1263 4251 inferi
1293 4195 1538 4254 audient
1575 4197 1903 4255 clamorem
1932 4215 2160 4256 meum.

515 4279 694 4336 Eleva
721 4281 798 4336 ad
831 4285 1016 4338 Deum
1052 4283 1280 4350 oculos,
1322 4300 1359 4340 o
1389 4290 1591 4356 pater:
1625 4291 1866 4343 sanctas
1910 4289 2164 4345 extende

515 4383 758 4437 manus,
807 4370 968 4427 unde
1001 4371 1148 4428 mihi
1187 4373 1505 4429 sacerdotii
1539 4375 1793 4443 gratiam
1824 4377 2162 4448 postulasti.

514 4459 648 4512 Pete
666 4470 826 4512 nunc
851 4461 917 4513 ut
944 4474 1190 4518 cursum
1219 4475 1657 4530 consummem,
1684 4463 1868 4519 ﬁdem
1909 4481 2161 4533 servem,

510 4547 980 4619 praevaricantes
1030 4548 1283 4606 doceam
1328 4551 1457 4607 vias
1496 4553 1752 4622 Domini,
1801 4555 2165 4627 irreligiosos

513 4639 898 4693 convertam:
935 4637 982 4692 si
1010 4638 1260 4710 quando
1287 4638 1418 4696 haac
1446 4640 1627 4696 nobis
1657 4641 1945 4698 Dominus
1980 4645 2164 4701 bene-

510 4723 649 4782 ﬁcia
679 4724 883 4783 addat.
919 4729 1083 4783 Ferte
1121 4727 1183 4783 in
1212 4727 1327 4785 hoc
1367 4743 1547 4802 opem
1576 4731 1731 4802 patri
1773 4746 1882 4787 vos
1919 4747 2166 4806 quoque

512 4813 917 4872 amantissimi
937 4815 1188 4874 fratres:
1221 4819 1530 4874 communi
1559 4834 1630 4876 ac
1660 4819 1916 4893 principi
1936 4824 2165 4894 pastori

511 4905 934 4963 commendato
963 4920 1078 4974 me,
1106 4905 1212 4979 qui
1248 4907 1378 4976 regi
1403 4907 1603 4978 potius
1631 4923 1818 4981 quam
1841 4924 2047 4982 regere
2078 4912 2165 4969 in-

510 4991 713 5064 digeo.
755 4997 1028 5052 Fortasse
1069 4993 1488 5052 recordabitur
1514 4997 1880 5056 mirabilium
1910 5016 2164 5058 suorum

509 5082 559 5136 is
589 5083 692 5156 qui
723 5084 1011 5156 parvulos
1053 5084 1350 5142 custodit:
1381 5085 1638 5143 fortasse
1679 5089 2038 5146 memoriam
2079 5090 2166 5148 fa-

509 5171 624 5227 ciet
673 5188 930 5246 operum
983 5189 1252 5243 suorum,
1285 5175 1390 5248 qui
1438 5180 1656 5233 terram
1687 5177 2050 5252 inaquosam
2099 5182 2163 5238 in

509 5275 813 5332 aquarum
834 5264 1263 5334 scaturiginem
1285 5269 1496 5322 mutat.
1521 5267 1670 5322 Nam
1696 5267 1745 5322 si
1764 5269 2026 5326 exsiccat
2054 5271 2164 5328 ﬂu-

510 5347 641 5404 vios
671 5350 884 5419 Ethan,
919 5356 976 5408 et
1029 5358 1248 5411 terram
1277 5351 1646 5412 fructiferam
1702 5357 1872 5427 ponit
1892 5357 1953 5414 in
1973 5358 2160 5416 salsu-

509 5436 736 5509 ginem,
751 5437 912 5496 idem
941 5440 1334 5500 nihilominus
1363 5442 1600 5502 datmel
1631 5458 1844 5516 sugere
1880 5445 1957 5505 de
1974 5453 2164 5522 petra,

585 5615 632 5650 ¹⁴
662 5617 733 5671 Ill
751 5615 892 5687 Reg.
919 5630 1084 5684 xvm,
1116 5622 1172 5678 3.

2273 1880 2450 1934 λοιπὸν
2507 1889 2598 1942 τῆς
2647 1879 2910 1944 ἀπειθείας
2939 1883 3067 1936 υἱοί.
3119 1884 3218 1933 Καὶ
3275 1875 3499 1932 δέδοικα
3541 1881 3635 1936 τὴν
3687 1876 3887 1949 ὀργήν·

2274 1974 2433 2032 ὅντως
2496 1973 2597 2046 γὰρ
2669 1972 2828 2029 σκεύη
2893 1971 3057 2044 ὀργῆς
3123 1970 3516 2041 κατηρτισμένα
3596 1965 3734 2018 εἰσιν
3806 1964 3892 2028 εἰς

2271 2059 2549 2115 ἀπώλειαν.
2615 2062 2775 2132 Οἵμοι
2821 2058 2834 2114 ι
2891 2061 2971 2110 ὅτι
3029 2059 3222 2134 Θηρίων
3277 2054 3501 2118 ὀδόντας
3571 2057 3676 2130 ὁρῶ
3742 2056 3894 2126 μετὰ

2275 2149 2442 2221 θυμοῦ
2506 2152 2767 2223 ωρόντων
2835 2147 2920 2202 ἐπὶ
2982 2155 3079 2209 τῆς
3137 2155 3265 2219 γῆςι
3343 2148 3412 2199 τὰ
3473 2147 3572 2218 γὰρ
3635 2142 3893 2215 ἐπίσημα

2272 2246 2371 2289 τῶν
2424 2236 2556 2310 ἐμῶν
2606 2242 2757 2310 φόνος
2804 2241 2862 2290 τὸ
2910 2244 3135 2312 πρῶτον,
3203 2240 3293 2288 καὶ
3349 2234 3510 2288 ἄλλων
3567 2234 3715 2286 ἔθνεα
3777 2251 3890 2291 κη-

2271 2334 2393 2399 ρῶν.
2441 2328 2621 2399 Οἶμοι,
2683 2328 2764 2379 ὅτι
2819 2328 2988 2380 Δαθὰν
3035 2330 3125 2379 καὶ
3169 2323 3417 2400 Ἀϐειρών
3471 2343 3534 2396 με
3579 2324 3887 2396 περικεχή-

2270 2431 2412 2468 νασι·
2463 2421 2553 2468 καὶ
2600 2421 2679 2478 τίς
2732 2415 2932 2490 ’Δαρών
2985 2419 3070 2468 ἶνα
3119 2417 3497 2490 τερατουργοίη
3555 2415 3686 2474 Θεὸς
3719 2427 3734 2478 ;
3772 2413 3890 2464 Καὶ

2271 2509 2330 2557 τὸ
2371 2513 2466 2566 τῆς
2505 2505 2784 2580 ἱερωσύνης
2827 2505 3291 2567 κατεζουθένηται·
3338 2508 3430 2556 καὶ
3474 2507 3556 2564 τίς
3600 2499 3881 2573 Σαμουὴλ,

2272 2597 2356 2647 ἶνα
2381 2598 2439 2647 τὸ
2469 2597 2674 2666 γεγονὸς
2722 2597 2796 2656 εἷς
2825 2594 3006 2648 ἐαυτὸν
3043 2597 3174 2657 Θεὸς
3221 2589 3525 2656 ἀναδέξοιτο
3557 2608 3570 2658 ;
3620 2591 3890 2643 «Ἐπεκα-

2271 2683 2454 2736 λοῦντο
2505 2684 2608 2756 γὰρ
2662 2681 2845 2736 ἐκεῖνοι
2887 2686 2976 2736 τὸν
3027 2685 3238 2757 Κύριον,
3288 2686 3378 2735 καὶ
3425 2683 3579 2740 αὐτὸς
3625 2680 3886 2738 εἰσήκου-

2275 2790 2360 2825 σεν
2409 2771 2598 2826 αὐτῶνθ
2651 2770 2701 2824 ἐν
2753 2771 2923 2826 στύλῶ
2963 2771 3170 2845 νεφελης
3209 2769 3373 2825 ἐλάλει
3417 2773 3547 2845 πρὸς
3578 2768 3796 2830 αὐτοῦς.
3854 2789 3881 2818 ν

2273 2860 2388 2934 ’Ἆρ’
2437 2868 2526 2914 οὖν
2582 2860 2682 2934 ἐγὼ
2732 2869 2833 2914 τῶν
2889 2866 3190 2938 μαρτυρίων
3243 2865 3339 2920 την
3396 2859 3629 2934 φυλακην
3688 2856 3888 2930 ἐθέμην

2272 2954 2392 3024 περὶ
2423 2947 2659 3023 σπουδῇ.
2713 2953 2874 3023 Τάχα
2898 2969 2976 3012 τις
3019 2949 3394 3023 καθυϐρίζεται
3421 2951 3513 3002 καὶ
3567 2955 3666 3008 τῆς
3712 2946 3889 3019 φαλά-

2273 3058 2422 3114 κρας,
2455 3039 2501 3094 εἰ
2550 3047 2650 3092 τῶν
2695 3039 3043 3114 καλυμμάτων
3101 3039 3475 3113 ἀποψμνοῖτο,
3531 3036 3596 3089 ἶν’
3628 3035 3895 3108 ἁκαλυφεῖ

2273 3135 2338 3201 τῇ
2385 3133 2560 3182 πίστει
2601 3131 2876 3206 ἱερατεύοι.
2935 3134 3037 3184 Καὶ
3089 3133 3166 3191 τίς
3194 3128 3512 3197 Ἐλισσαῖος,
3563 3124 3622 3180 ῐν²
3664 3127 3694 3184 ἡ
3751 3121 3887 3182 δικη

2273 3222 2567 3294 παρέποιτο
2628 3233 2642 3286 ;
2706 3217 2886 3272 Ἠλιοῦ
2951 3220 3044 3292 μεν
3103 3221 3206 3292 γὰρ
3265 3217 3515 3294 θαῤῥὴσω
3577 3215 3745 3287 λέγειν
3813 3217 3890 3276 ὡς

2276 3309 2693 3380 μεμαθήτευμαι·
2783 3306 3002 3360 ἀλλὀὐκ
3072 3305 3299 3361 ἐντεῦθεν
3375 3304 3696 3365 ’Ἐλισσαῖος
3751 3302 3880 3375 ἐγώο

2273 3402 2365 3450 καὶ
2411 3398 2574 3472 χάριν
2618 3399 2708 3469 μεν
2747 3393 3008 3469 ἐδεξάμην
3082 3396 3188 3448 ἀλλ’
3242 3396 3302 3448 οὐ
3375 3396 3540 3469 ταῦτη
3616 3397 3708 3446 καὶ
3785 3397 3882 3450 τὴν

2273 3492 2375 3537 τῶν
2426 3486 2644 3560 ῥεόντων
2688 3486 2955 3560 παρῆλθον
3005 3487 3185 3561 φοράν.
3237 3481 3356 3537 οὐδ’
3403 3488 3471 3546 είς
3521 3487 3616 3542 τὴν
3665 3482 3882 3555 εἰρήνης

2275 3573 2514 3634 εἰσῆλθον
2544 3574 2818 3634 ἀπάθειαν.
2851 3581 2954 3631 Καὶ
2977 3580 3028 3628 τί
3065 3577 3264 3645 καινὸν,
3315 3573 3360 3627 εἰ
3395 3577 3486 3627 καὶ
3510 3571 3667 3626 πᾶλιν
3713 3577 3877 3625 Mm}-

2276 3671 2377 3727 σῆς
2431 3660 2641 3737 ὁδηγεῖ,
2695 3673 2796 3718 τῶν
2852 3662 3218 3738 ὁδηγουμένων
3270 3660 3332 3717 δε
3379 3664 3447 3715 τὰ
3505 3661 3647 3714 κῶλα
3700 3659 3752 3713 ἐν
3808 3666 3874 3733 τῇ

2273 3751 2450 3826 ἐρήμῳ
2495 3758 2777 3808 κατέπεσον
2826 3771 2841 3823 ;
2891 3761 3004 3808 Τῶν
3054 3757 3154 3830 γὰρ
3207 3752 3410 3811 κλητῶν
3467 3751 3634 3824 ὀλίγοι
3689 3750 3741 3804 οέ
3793 3749 3880 3804 ἐκο

2272 3840 2464 3897 λεκτοί.

2345 3931 2441 3994 κς’.
2493 3932 2648 3986 Ἀλλὰ
2697 3938 2862 4006 μέχρι
2913 3937 3052 3995 τινος
3105 3935 3308 3994 τούτοις
3364 3930 3877 4004 ἐμπλατυνθήσομαι

2274 4026 2365 4077 καὶ
2411 4021 2506 4075 οὐκ
2536 4021 2727 4076 ἐκείνου
2779 4023 2969 4096 μᾶλλον
2999 4028 3212 4096 γίνομαι
3240 4029 3334 4074 τοῦ
3382 4028 3581 4075 σκοποῦ
3615 4038 3630 4088 ;
3657 4024 3878 4076 αἰτήσο-

2275 4130 2373 4185 μαι
2401 4115 2488 4164 τὸν
2511 4110 2631 4184 ἐμὸν
2676 4116 2916 4184 ποιμένα,
2941 4108 3248 4170 δυσωπήσειν
3276 4114 3396 4172 τοὺς
3419 4107 3698 4182 ἀδελφούς.
3736 4107 3880 4184 ’Δρα

2273 4199 2330 4254 ἐκ
2367 4200 2563 4262 κοιλίας
2597 4197 2731 4272 ᾅδου
2757 4204 2993 4278 κραυγῆς
3041 4221 3141 4265 μου
3185 4200 3520 4254 ἂκουσονται·
3561 4198 3718 4271 ’Δρον
3748 4201 3878 4271 πρὸς

2278 4293 2409 4344 Θεὸν
2435 4289 2754 4364 ὀφαθλμοὺς,
2795 4288 2835 4343 ὦ
2877 4293 3062 4366 πάτερ’
3094 4294 3314 4344 ἔκτεινον
3344 4291 3497 4351 ὁσίας
3524 4295 3732 4362 χεῖρας,
3758 4287 3873 4340 ὅθεν

2277 4381 2404 4452 ἡμῖν
2431 4385 2527 4439 την
2552 4382 2716 4454 χάριν
2744 4385 2948 4454 ᾐτήσω·
2993 4385 3084 4434 καὶ
3131 4384 3219 4433 τὸν
3250 4376 3447 4455 δρόμον
3490 4378 3749 4432 ἐκτελέσαι
3787 4384 3876 4430 νῦν

2276 4472 2516 4538 αἶτησαι,
2557 4475 2653 4530 τὴν
2685 4476 2865 4524 πίστιν
2895 4480 3147 4545 τηρῆσαι,
3183 4466 3404 4534 διδάξαι
3443 4472 3667 4541 ἀνόμους
3713 4463 3875 4528 ὁδοὺς

2277 4564 2493 4633 Κυρίου,
2534 4558 2734 4621 ἀσεϐεῖς
2791 4559 3122 4636 ἐπιστρέψαι.
3182 4563 3227 4612 εἴ
3276 4578 3399 4612 ποτε
3453 4559 3708 4632 προσθείη
3777 4559 3878 4610 Κύ-

2276 4666 2384 4722 ριος
2449 4648 2528 4721 ἐφ’
2573 4649 2735 4722 ἡμᾶς.
2795 4656 3170 4722 Συμπονησατε
3221 4656 3294 4720 τῷ
3336 4651 3499 4722 πατρὶ
3553 4649 3645 4700 καὶ
3703 4646 3875 4719 ὑμεῖς,

2277 4733 2493 4810 ἀδελφοὶ
2555 4740 2646 4791 καί
2717 4735 3000 4811 φιλάδελοιο
3064 4738 3363 4812 παράθεσθέ
3432 4754 3496 4809 με
3567 4742 3639 4807 τῷ
3716 4742 3875 4805 κοινῷ

2276 4831 2367 4880 καὶ
2410 4832 2600 4900 πρώτῳ
2637 4831 2844 4900 ποιμένι
2888 4830 2980 4880 τὸυ
3027 4828 3399 4900 ποιμαίνεσθαι
3447 4823 3638 4898 μᾶλλον
3668 4827 3699 4883 ἦ
3759 4842 3879 4876 ποι-

2275 4920 2452 4989 μαίνεν
2513 4914 2772 4990 δεόμενον.
2848 4916 2998 4978 Ἴσως
3072 4917 3438 4990 μνησθήσεται
3498 4923 3600 4967 τῶν
3667 4915 3875 4986 θαυμα-

2277 5010 2404 5058 σίων
2431 5005 2590 5059 αὐτοῠ
2633 5007 2659 5056 ὁ
2699 5005 2980 5078 φυλάσσων
3026 5008 3094 5059 τὰ
3138 5009 3319 5064 νήπια·
3367 5007 3496 5066 ἴσως
3546 5007 3725 5076 μνείαν
3775 5011 3877 5055 τῶν

2275 5097 2436 5168 ἔργων
2487 5094 2648 5148 αὐτοῦ
2676 5100 2957 5152 ποιήσεται
2986 5096 3013 5148 ὁ
3057 5103 3156 5167 γῆν
3203 5089 3430 5168 ἄνυδρον
3469 5095 3542 5154 εἰς
3599 5087 3878 5154 διεξόδους

2274 5180 2483 5238 ὑδάτων
2536 5201 2850 5258 μεταποιωνο
2904 5184 2964 5239 Εἰ
3011 5187 3115 5259 ’γὰρ
3171 5188 3261 5237 καὶ
3323 5183 3554 5257 ξηραίνει
3605 5187 3877 5252 ποταμοῦς

2275 5273 2458 5344 Ἦθὰν,
2513 5279 2605 5327 καὶ
2667 5281 2769 5346 γῆν
2847 5279 3177 5349 καρποφόρον
3243 5272 3316 5333 εἰς
3398 5271 3568 5345 ἅλμην
3634 5271 3874 5338 τίθησιν,

2277 5362 2406 5416 ἀλλὰ
2450 5367 2541 5416 καὶ
2585 5362 2700 5435 μέλι
2749 5364 2995 5436 θηγάζειν
3041 5363 3097 5417 ἐκ
3141 5367 3337 5436 πέτρας
3391 5357 3613 5429 δίδωσι,
3664 5365 3758 5413 καὶ
3831 5360 3879 5412 in

2277 5457 2482 5530 στερεᾶς
2535 5456 2726 5527 πέτρας
2774 5452 2965 5508 ﬂatur
3010 5457 3092 5518 τίς
3121 5449 3263 5508 οἶδεν
3308 5451 3354 5505 εἰ
3402 5450 3518 5505 ἀντὶ
3561 5446 3753 5511 κνίδης
3788 5454 3881 5502 καὶ
