4028 6308
133 385 255 442 413
1400 399 1724 459 THEODOH

1931 401 2296 461 iDIDENSIS.
3416 414 3522 473 414

141 511 388 577 στοιϐἥς
422 521 676 590 ’μυρσίνη
724 523 812 573 καὶ
860 540 1171 595 κυπαριττος
1237 522 1555 583 ἀναϐήσεται
1592 545 1605 595 ;
1673 532 1732 599 μό

1959 529 2033 584 de
2062 529 2260 602 lapide
2289 530 2444 587 duro
2473 531 2688 588 eleum.
2745 532 2888 598 Quis
2927 535 3057 604 scit,
3088 551 3168 593 an
3197 553 3308 612 pro
3334 540 3522 598 urtica

137 619 228 651 νον
265 603 318 654 εὶ
359 605 387 655 ὁ
430 605 568 680 ξηρὰ
609 608 1008 682 συναρμοὶογών
1049 610 1181 664 ὀστᾶ
1224 615 1312 665 καὶ
1361 614 1500 675 ζωὴν
1540 614 1728 688 ἔμπνέω

1957 619 2146 675 herba
2184 619 2393 688 inutili,
2434 625 2668 693 myrtus
2707 627 2763 678 et
2808 625 3155 695 cyparissus
3185 603 3522 699 exsurgat?

135 695 239 742 καὶ
304 690 358 743 ἐν
413 695 540 767 ἡμῖν
597 693 1002 760 δοξασθήσεται.
1056 707 1218 754 Τοῦτο
1268 703 1395 778 παρ’
1450 705 1592 776 ὑμῶν
1643 705 1726 778 ἐμὲ

1929 709 2045 764 odo
2069 708 2164 764 ille
2194 708 2298 780 qui
2329 690 2663 766 arida'ossa
2683 690 2890 767 rursus
2929 714 3278 786 compingit,
3307 717 3520 774 vitam-

138 783 407 850 αἱτημα·
452 794 610 838 τοῦτο
667 791 797 860 μετὰ
854 785 1094 863 δακρύων
1141 792 1454 865 αἰτούμενος,
1523 792 1637 847 οὐδ’
1705 795 1729 846 a

1929 813 1992 853 ue
2033 797 2304 870 inspirat,
2337 799 2398 854 in
2442 799 2618 856 nobis
2670 816 2912 874 quoque
2962 783 3339 872 glorificatur.
3387 808 3520 862 Haec

135 873 442 942 αποκοξμω.
503 878 626 926 Δότε
675 896 766 947 μοι
821 881 914 935 τὴν
971 880 1132 954 χάριν
1190 882 1403 947 ταύτην,
1458 887 1726 954 χαρίσασε

1930 890 1965 941 st
1985 901 2122 942 mea
2151 902 2188 942 a
2215 886 2390 942 vobis
2412 887 2738 960 postulatio
2771 907 2784 944 :
2834 889 2914 944 ita
2953 906 3091 946 cum
3129 891 3415 964 lacrymis
3445 895 3521 950 de

133 976 238 1026 μοι
294 965 394 1018 τὴν
454 966 687 1031 αἴτησιν,
730 962 770 1017 ὦ
823 973 1003 1027 σκεῦος
1052 965 1286 1040 ἐκλογῆς,
1326 968 1364 1021 ὦ
1396 975 1569 1043 στόμα
1606 979 1724 1025 Θεοί

1925 974 2105 1030 recari
2159 990 2282 1030 non
2335 975 2634 1032 desinam.
2691 979 2832 1033 Date
2871 978 3019 1034 mihi
3057 980 3212 1036 hanc
3238 962 3516 1052 gratiam,

135 1051 178 1095 ὡ
228 1053 527 1121 πρωτεύων
573 1051 621 1104 ἐν
664 1059 798 1106 πᾶσι
840 1058 970 1127 μετὰ
1022 1059 1109 1109 τόν
1139 1066 1342 1132 πρῶτον
1371 1079 1384 1092 ο
1433 1057 1471 1111 ὦ
1496 1059 1726 1137 λαμπτῆε

1925 1063 2143 1119 etitioni
2180 1063 2321 1120 huic
2357 1066 2621 1134 annuite,
2655 1083 2690 1122 o
2729 1083 2838 1123 vas
2870 1067 3192 1139 electionis,
3221 1051 3263 1127 o
3298 1072 3397 1128 Dei
3427 1087 3516 1141 os,

137 1153 230 1186 σιν
268 1135 324 1188 ἐν
352 1143 543 1214 κόσμῳ
572 1140 723 1214 λόγον
751 1143 891 1208 ζωῆς
916 1141 1211 1217 ἐπέχοντες.
1710 1135 1718 1137 ἡ

1959 1153 2148 1224 prime
2192 1154 2467 1210 omnium
2522 1159 2658 1227 post
2709 1155 2991 1227 primum,
3033 1173 3068 1214 o
3117 1156 3518 1218 luminaribus

1874 1241 2088 1297 mundi
2116 1241 2372 1298 verbum
2399 1244 2535 1300 vitae
2565 1243 2924 1317 praebentes.

213 1404 513 1464 Diximus
542 1423 725 1480 supra
763 1410 1134 1469 Theodorum
1155 1414 1264 1470 sub
1289 1416 1650 1485 patriarcha
1678 1417 1975 1475 Germano
2011 1419 2077 1474 II
2094 1421 2384 1478 claruisse
2402 1434 2425 1492 ;
2461 1437 2577 1494 quo
2598 1421 2870 1479 videlicet
2897 1429 3156 1494 tempore
3178 1424 3520 1484 Constanti-

135 1497 421 1565 nopolis,
451 1499 647 1566 pulsis
670 1498 915 1567 Graecis,
946 1502 1012 1557 in
1041 1501 1392 1560 Latinorum
1421 1510 1713 1575 potestate
1733 1514 1882 1563 erat.
1913 1510 2140 1578 Reapse
2169 1509 2537 1567 Theodorum
2561 1513 2623 1567 in
2650 1513 2846 1581 primo
2867 1513 3067 1569 adhuc
3088 1515 3311 1571 inedita
3341 1533 3518 1586 opus-

136 1584 312 1653 culo,
349 1587 517 1657 quod
560 1588 641 1644 ad
679 1589 942 1659 fratrem
985 1598 1138 1648 natu
1185 1591 1472 1651 minorem
1516 1595 1727 1665 scripsi

1932 1597 1980 1667 Γ.
2020 1601 2039 1652 1
2075 1615 2087 1652 :
2132 1597 2296 1651 Ἑάλω
2324 1602 2414 1672 μὲν
2445 1601 2474 1658 ἡ
2508 1605 2713 1676 πατρὶς,
2748 1599 2858 1652 ἀλλ’
2888 1597 3041 1678 ἀνδρὶ
3071 1609 3211 1675 σοφῷ
3241 1609 3338 1664 πᾶς
3367 1584 3518 1666 τόπος

133 1669 333 1734 'EDtai;
364 1692 377 1728 :
409 1674 492 1730 Et
599 1679 631 1732 2
664 1693 676 1730 :
707 1683 815 1738 Τῆς
845 1676 1098 1753 πατρίδος
1123 1682 1272 1753 ἡμεῖς
1293 1683 1392 1734 ὑπὸ
1434 1679 1758 1758 δυσημερίας
1782 1682 2167 1759 ἀπογενόμενοι,
2193 1688 2218 1738 ό
2244 1669 2334 1759 μὲν
2366 1693 2539 1764 πατὴρ
2562 1669 2669 1747 ἤδη
2702 1687 2930 1763 πρέσϐυς
2963 1669 3044 1756 ἦν,
3077 1669 3521 1768 καὶ-πρεσϐυτέρα

138 1765 333 1835 μήτηρ
342 1807 359 1832 ,
389 1759 867 1838 ἀντιλαμϐανομένη
899 1772 990 1820 καὶ
1016 1770 1147 1827 αὕτη
1178 1768 1303 1843 βίον
1332 1770 1653 1849 τελεωτέρου,
1683 1772 1729 1836 ἐξ

1955 1775 2004 1827 ἐν
2034 1773 2334 1838 ἐπισκόποις
2355 1759 2561 1840 ἐκεῖνο-ς.
2585 1759 2890 1836 Nimirum
2918 1787 3095 1850 patre
3116 1781 3312 1838 nostri
3341 1783 3391 1837 Τ
3390 1759 3521 1840 Ιιέο-

139 1849 292 1907 dori
320 1859 528 1942 creato
552 1857 844 1926 episcopo,
874 1873 1033 1915 uxor
1059 1860 1402 1931 religiosam
1441 1863 1626 1919 vitam
1655 1868 1881 1921 sectata
1907 1869 2010 1920 est.
2058 1865 2278 1922 Adhuc
2311 1867 2649 1924 Theodorus
2680 1868 2753 1924 de
2767 1849 2949 1938 patre
2969 1885 3073 1925 suo
3106 1889 3118 1926 :
3162 1870 3434 1942 Σχολάσας
3461 1867 3520 1924 δὲ

139 1956 197 1989 τι
229 1945 327 1992 καὶ
358 1950 454 2004 τῆς
485 1941 772 2006 ἐπισκοπῆς
797 1951 1090 2020 παροικίας,
1119 1943 1302 2006 ἐπειδὴ
1342 1950 1473 2008 αὕτη
1501 1955 1618 2025 περὶ
1642 1958 1730 2004 Σαι⁴

1925 1971 1976 2014 ος
2003 1957 2091 2005 καὶ
2123 1956 2318 2015 Σκύθας
2339 1950 2400 2013 ἦν
2426 1976 2438 1988 ·
2471 1957 2696 2012 Revera
2732 1957 2794 2012 in
2824 1957 3081 2014 Alicano
3102 1975 3162 2013 η.
3181 1941 3516 2016 9indicium

142 2033 260 2098 est,
292 2029 595 2089 Theodori
616 2039 849 2104 patrem
886 2038 949 2092 in
982 2035 1320 2094 borealibus
1351 2040 1478 2096 illis
1516 2041 1858 2111 regionibus
1887 2043 2283 2113 episcopatum
2311 2045 2598 2115 gessisse:
2627 2061 2815 2117 quare
2854 2051 2909 2102 et
2942 2045 3123 2103 verba
3163 2047 3235 2107 εἰς
3262 2048 3325 2100 τὰ
3354 2047 3521 2101 οἰκεῖα

142 2134 276 2175 non
307 2125 432 2177 tam
456 2124 732 2192 patriam
752 2125 1014 2195 fortasse
1039 2141 1217 2199 quam
1249 2127 1547 2185 diwcesim
1587 2129 1896 2187 denotant.
1948 2131 2088 2189 Illic
2136 2133 2314 2189 etiam
2355 2135 2667 2204 complura
2714 2135 3046 2191 Theodorus
3092 2135 3238 2192 dicit
3287 2133 3360 2192 de
3395 2137 3518 2191 suis

151 2208 506 2268 litterarum
537 2213 773 2286 studiis,
800 2230 1058 2290 quarum
1081 2217 1302 2273 minori
1324 2217 1519 2286 fratri
1538 2220 1824 2290 magister
1839 2221 1986 2290 fuit,
2013 2226 2069 2277 et
2098 2221 2172 2278 de
2201 2221 2370 2278 libris
2402 2224 2581 2281 etiam
2618 2224 2858 2293 poeticis
2900 2225 3065 2281 lectis
3090 2225 3378 2296 loquitur,
3408 2239 3517 2281 nec

147 2311 276 2394 rion
313 2299 388 2356 de
440 2304 800 2372 compositis.
858 2305 938 2361 Et
988 2305 1226 2378 quidem
1279 2305 1421 2363 dum
1474 2309 1534 2363 in
1592 2307 1738 2364 barb

1921 2327 1925 2361 :
1964 2310 2306 2382 regionibus
2345 2319 2710 2384 versaretur,
2760 2314 2810 2366 ἐν
2853 2321 2958 2375 τοῖς
3018 2311 3361 2394 βαρϐαρικοῖς
3406 2309 3512 2372 ἤδη

150 2383 414 2457 βιούντων
440 2391 612 2463 ἡμῶν,
650 2391 785 2445 οὕτω
813 2401 904 2455 τῆς
942 2394 1173 2467 ἀνάγκης
1202 2399 1581 2469 κατεπειγούση
1593 2419 1637 2460 ς.
1663 2400 1736 2454 1η

1941 2415 2077 2457 vero
2106 2403 2193 2459 ait
2225 2417 2285 2458 se
2326 2403 2409 2459 ad
2434 2403 2666 2473 infulas
2701 2403 2890 2474 fuisse
2918 2383 3241 2464 vocat-um..-
3268 2402 3327 2456 Ἦ
3354 2405 3515 2480 χάρις

148 2476 226 2538 εἰς
266 2477 565 2540 ἐπισκοπὴν
588 2480 792 2535 ἐκκαλεῖ
818 2481 992 2540 ἐθνῶν.

149 2654 3513 2701 m

1492 2866 1635 2908 uno
1673 2866 1866 2910 ccum
1902 2868 2074 2911 ucc...
2115 2851 2189 2926 (7)

587 3070 1788 3221 THEODOBUS
1913 3075 2175 3216 AN
2184 3072 2792 3218 DIDEN
2803 3072 3086 3220 SIS

1033 3352 1207 3425 (Ang.
1245 3352 1358 3414 Mai
1399 3351 1680 3412 Bibliotb.
1728 3367 1891 3411 nova
1927 3354 2030 3410 PP.
2070 3355 2218 3410 tom.
2259 3352 2351 3424 VI,
2390 3367 2451 3426 p.
2493 3353 2644 3425 545.)

216 3675 604 3735 Postremum
623 3678 787 3736 hunc
803 3692 1250 3738 reservaveram
1275 3678 1657 3738 Theodorum
1681 3679 2111 3750 Andidensem,
2133 3679 2277 3753 quia
2299 3678 2573 3750 verebar,
2587 3683 2653 3736 ut
2670 3678 2812 3736 huic
2829 3679 2979 3738 torte
2997 3679 3294 3753 capiendo
3317 3684 3514 3738 tomus

145 3766 470 3825 sufﬁceret.
500 3771 668 3825 Nunc
690 3784 880 3826 morae
908 3767 1198 3840 longioris
1226 3769 1571 3842 impatiens,
1602 3773 1688 3825 tot
1705 3768 2153 3826 Theodoromm
2177 3784 2396 3842 agmen
2424 3769 2542 3826 hoc
2564 3768 2893 3826 Andidensi
2922 3769 3311 3827 concludam:
3345 3770 3518 3838 cujus

141 3855 394 3914 brevem
421 3857 654 3930 oppido
681 3873 753 3915 ac
780 3873 967 3932 prope
992 3858 1223 3916 nullam
1251 3857 1712 3932 hiographicam
1766 3858 2042 3916 notitiam
2082 3858 2328 3916 tradidit
2364 3858 2610 3916 Allatius
2661 3859 2723 3914 in
2779 3857 3041 3915 diatriba
3077 3857 3151 3914 de
3189 3856 3515 3914 Tbeodoris

143 3960 204 4001 n.
244 3948 453 4004 XCVII.
486 3951 551 4003 In
579 3947 734 4004 libro
765 3952 969 4005 autem
999 3950 1218 4006 Contra
1246 3950 1652 4020 Creygtonum
1680 3963 1742 4020 p.
1778 3952 1903 4016 519,
1926 3949 2031 4004 ubi
2049 3948 2255 4005 locum
2275 3947 2406 4019 ejus
2425 3947 2650 4014 recitat,
2665 3952 2971 4004 auctorem
2991 3947 3134 4003 dicit
3164 3961 3286 4003 non
3313 3959 3514 4003 recen-

146 4041 282 4104 tem,
311 4037 421 4093 sed
449 4037 596 4094 satis
615 4039 950 4109 antiquum.
980 4040 1116 4095 Haec
1139 4042 1376 4096 tantum
1399 4037 1668 4094 Allatius.
1697 4040 1771 4093 At
1799 4037 2123 4112 Lequinius
2142 4038 2204 4094 in
2227 4037 2328 4094 0r.
2355 4036 2463 4095 Ch.
2486 4041 2528 4092 t.
2559 4036 2601 4106 l,
2624 4035 2737 4092 col.
2773 4039 2928 4104 1030,
2951 4049 3175 4092 nomen
3198 4033 3516 4107 hoc,apud

143 4126 435 4183 Allatium
464 4129 550 4184 De
576 4142 872 4185 concensu
899 4127 1002 4185 lib.
1032 4143 1117 4195 m,
1137 4144 1275 4202 cap.
1308 4133 1394 4196 i5,
1426 4143 1464 4185 a
1492 4142 1555 4184 se
1576 4127 1818 4184 lectum.
1838 4128 2012 4200 ponit
2036 4128 2190 4184 inter
2217 4127 2535 4200 episcopos
2557 4125 2955 4196 Andidorum,
2976 4140 3114 4198 quas
3133 4125 3244 4182 fuit
3263 4124 3407 4182 urbs
3429 4137 3519 4180 se-

145 4215 363 4272 cundae
392 4217 792 4289 Pamphylia);
822 4232 1020 4291 neque
1045 4223 1250 4276 tamen
1272 4221 1508 4275 atatem
1529 4217 1662 4290 ejus
1688 4215 1918 4274 deﬁnit.
1948 4216 2348 4289 Dicitinsuper
2372 4214 2759 4272 scribendum
2787 4229 2918 4272 esse
2934 4209 3226 4286 Σανδίδων,
3251 4217 3318 4271 ut
3339 4216 3430 4270 est
3454 4211 3518 4268 in

142 4305 368 4363 notitiis
388 4307 875 4379 episcopatuum,
898 4322 1010 4380 pro
1031 4304 1318 4378 mystas»;
1340 4306 1509 4380 quod
1531 4307 1699 4364 haud
1717 4311 1876 4364 recte
1896 4306 2136 4378 opinari
2154 4305 2390 4363 videtur
2417 4305 2737 4378 Lequinius
2749 4323 2766 4377 ;
2791 4305 3012 4361 etenim
3041 4305 3103 4360 in
3128 4304 3318 4361 tribus
3335 4302 3518 4374 hujus

143 4397 344 4470 operis
363 4395 676 4454 codicibus
697 4398 1014 4466 Vaticanis,
1029 4403 1376 4456 constanter
1399 4393 1657 4451 Ἀνδιδων
1687 4395 1982 4454 scribitur.
2006 4395 2161 4462 Quin
2183 4395 2336 4452 adeo
2358 4393 2640 4451 Basiliam
2660 4408 2906 4467 quoque
2929 4393 3150 4466 Phytias
3165 4393 3517 4466 episcopum

141 4485 227 4557 (in
248 4485 516 4559 Phrygia
542 4483 930 4558 Salutari)cui
949 4501 1127 4546 suam
1149 4488 1310 4546 hanc
1330 4485 1815 4545 lucubrationem
1833 4484 2182 4542 Theodorus
2197 4483 2396 4554 mittit,
2409 4483 2646 4555 ignorat
2663 4499 2911 4556 prorsus
2933 4483 3252 4556 Lequinius
3273 4482 3336 4538 in
3355 4481 3519 4553 Phy-

123 4574 238 4631 -tias
266 4573 748 4649 episcopologio,
764 4577 868 4633 Or.
888 4576 998 4634 Ch.
1019 4581 1060 4634 t.
1085 4577 1256 4648 l,cel.
1275 4580 1396 4634 844.
1422 4576 1832 4644 Quamobrem
1860 4589 1936 4632 ne
1956 4590 2030 4632 ex
2059 4573 2258 4632 Basilii
2283 4573 2532 4647 quidem
2558 4575 2763 4646 utpote
2791 4573 2998 4643 ignota
3027 4575 3199 4630 aetate
3214 4571 3420 4628 lumen
3439 4568 3520 4627 ad

142 4663 441 4722 Theodori
459 4664 749 4723 circulum
768 4667 1267 4737 cognoscendum
1287 4665 1536 4724 accedit.
1558 4667 1713 4724 Sane
1727 4665 2072 4723 Theodorus
2090 4668 2295 4721 noster
2308 4678 2370 4720 n.
2397 4669 2428 4720 5
2444 4663 2522 4722 ad
2542 4662 2754 4735 magni
2767 4661 2971 4720 Basilii
2984 4666 3300 4720 tractatum
3312 4674 3519 4734 quem-

144 4753 289 4810 dam
335 4753 682 4826 liturgicum
731 4759 1060 4830 provocat;
1110 4755 1218 4814 sed
1253 4757 1402 4831 quia
1423 4755 1488 4812 id
1515 4755 1809 4828 scriptum
1833 4769 1958 4812 non
2000 4767 2226 4825 magno
2257 4751 2494 4821 Basilio,
2527 4751 2633 4809 sed
2663 4751 2965 4809 Germano
2990 4750 3288 4823 (primove
3316 4763 3394 4806 an
3432 4761 3519 4805 se-

145 4843 352 4899 cundo
370 4843 422 4914 ἵ)
442 4844 769 4916 Byzantino
783 4845 1142 4918 patriarchas
1165 4843 1576 4918 bibliographi
1592 4843 1865 4902 tribuunt
1888 4861 1901 4910 ;
1923 4844 2065 4901 hinc
2085 4843 2300 4902 saltem
2321 4844 2639 4915 appareret
2665 4841 3046 4898 Theodorum
3070 4843 3349 4896 nostrum
3369 4851 3518 4909 prai-

145 4931 304 4988 dicto
336 4935 494 4988 certe
507 4947 691 5005 opere
717 4949 853 4991 esse
881 4935 1294 4992 recentiorem.
1323 4937 1774 5003 Verumtamen,
1790 4933 1934 5007 quia
1953 4937 2232 5006 putatum
2259 4931 2535 4989 Germani
2561 4945 2717 5003 opus
2744 4928 2921 4987 valde
2939 4928 3048 4985 fuit
3068 4925 3516 4999 interpolatum,

143 5020 272 5092 jam
296 5021 606 5079 nescimus
632 5023 781 5097 quid
806 5022 1026 5096 Basilii,
1058 5023 1211 5098 quid
1229 5023 1532 5096 Germani,
1555 5021 1705 5096 quid
1726 5022 1985 5080 aliorum
2011 5022 2399 5095 antiquorum
2419 5024 2524 5078 aut
2545 5019 2732 5092 paulo
2749 5017 3150 5075 recentiorum
3169 5015 3230 5071 in
3252 5030 3325 5072 eo
3339 5014 3520 5072 cinno

147 5110 436 5184 supersit:
460 5110 719 5185 ideoque
734 5112 815 5170 ad
836 5112 1156 5170 ferendum
1183 5113 1261 5170 de
1287 5111 1578 5170 Theodori
1605 5113 1778 5168 atate
1799 5109 2099 5183 judicium
2127 5126 2346 5184 parum
2365 5125 2439 5167 ea
2456 5108 2591 5166 libri
2611 5106 2945 5164 nominatio
2966 5103 3232 5178 prodest.
3255 5103 3440 5176 Igitur
3456 5103 3521 5159 in

147 5201 274 5256 sola
303 5199 507 5256 adhuc
537 5199 730 5257 Allatii
759 5201 1163 5260 afﬁrmatione
1192 5203 1705 5276 acquiescendum
1733 5207 1844 5272 est,
1859 5200 2027 5274 quod
2055 5199 2223 5258 haud
2251 5214 2460 5256 recens
2489 5202 2700 5256 auctor
2717 5197 2827 5253 sed
2849 5194 2992 5252 satis
3013 5192 3298 5266 antiquus
3328 5193 3406 5250 sit
3422 5192 3520 5249 hic

146 5288 519 5348 Theodorus.
541 5292 622 5348 Ne
653 5295 857 5350 autem
885 5291 993 5350 diu
1021 5291 1099 5356 de
1127 5293 1263 5367 ipso
1287 5307 1470 5366 Opere
1495 5291 1737 5366 loquar,
1768 5290 1941 5363 cujus
1971 5289 2231 5360 dignitas
2261 5292 2318 5345 et
2343 5287 2565 5345 utilitas
2595 5301 2703 5360 per
2723 5299 2787 5341 se
2815 5284 2948 5357 ipsa.
2983 5282 3323 5355 legentibus
3351 5282 3522 5340 inno-

145 5381 349 5448 tescet,
381 5378 585 5439 dicam
611 5384 847 5441 tantum
871 5397 970 5440 me
996 5381 1061 5440 id
1096 5382 1395 5460 reperisse
1413 5381 1479 5440 in
1503 5380 1695 5442 tribus
1723 5379 2100 5442 bibliothecae
2119 5377 2416 5436 Vaticanus
2438 5374 2767 5443 codicibus,
2801 5387 3022 5445 nempe
3047 5377 3096 5430 l.
3118 5372 3182 5432 in
3209 5375 3330 5446 856,
3352 5371 3525 5430 bom-

145 5465 393 5540 bycino,
423 5469 630 5530 saeculi
657 5469 846 5532 ferme
872 5469 1240 5533 duodecimi.
1271 5475 1326 5532 2.
1357 5471 1421 5532 in
1438 5471 1568 5543 430,
1594 5469 1935 5540 chartaceo,
1967 5468 2075 5526 sed
2097 5468 2276 5526 bona:
2302 5465 2628 5540 nitidaeque
2658 5461 2989 5537 scriptura,
3020 5462 3194 5536 cujus
3223 5466 3419 5522 textus
3441 5460 3522 5520 ab

147 5556 243 5616 illo
270 5557 495 5633 prioris
523 5560 751 5620 codicis
768 5561 834 5620 in
861 5562 1074 5636 paucis
1097 5560 1317 5628 diﬁc“.
1343 5566 1399 5626 3.
1424 5560 1490 5620 in
1525 5558 1734 5620 codice
1764 5561 1890 5629 632,
1917 5557 2062 5618 item
2088 5557 2428 5623 chartaceo,
2455 5551 2564 5612 sed
2595 5551 2932 5626 antiquiore
2945 5569 2966 5625 ε
3010 5550 3075 5610 in
3119 5565 3245 5626 quo
3273 5550 3524 5628 quidem

147 5648 437 5707 omittitur
461 5651 803 5724 exordium,
829 5654 895 5710 ut
912 5650 1068 5712 infra
1087 5668 1202 5712 suo
1231 5651 1369 5712 loco
1393 5650 1619 5722 dicam,
1650 5653 2073 5708 verumtamen
2101 5646 2164 5704 in
2185 5647 2355 5737 textu
2375 5641 2690 5737 permultis
2719 5645 2858 5737 sunt
2878 5639 3219 5737 additiones
3239 5655 3309 5737 ac
3329 5637 3525 5737 varie-

147 5741 315 5797 tates.
345 5739 616 5803 Primum
645 5741 919 5803 codicem
942 5758 1014 5804 ac
1045 5742 1286 5804 tertium
1313 5739 1550 5802 viderat
1572 5738 1820 5800 Allatius
1837 5739 2009 5813 (nam
2035 5737 2111 5795 de
2133 5733 2400 5794 secundo
2423 5731 3018 5806 silet),laudatosque
3042 5730 3122 5789 ab
3152 5745 3223 5791 eo
3251 5726 3420 5787 locos
3437 5726 3524 5785 in‘
