4028 6308
507 384 614 439 415
793 416 808 429 .
1783 376 2098 432 THEODOE

2308 372 2589 429 IIDENSIS
3768 369 3899 422 416

508 506 603 562 fra
629 519 743 560 nos
765 502 1209 559 adnotabimus.
1242 500 1464 557 Titulus
1495 504 1694 556 autem
1717 499 1912 570 operis
1939 499 2034 554 ille
2059 505 2165 562 est,
2198 514 2380 570 quem
2419 513 2530 551 nos
2560 493 2716 566 typis
2747 492 3130 565 impriminus
3163 509 3175 547 :
3214 490 3327 547 nisi
3366 489 3534 563 quod
3577 489 3900 544 mendose

509 594 573 650 in
621 591 887 650 secundo
943 590 1148 646 codice
1184 590 1470 646 Nicolaus
1513 588 1788 644 scribitur
1828 603 1938 658 pro
1985 588 2312 654 Theodoro,
2344 584 2572 640 librarii
2615 582 2901 638 nimirum
2932 579 3173 652 ἀϐλεψίᾳ,
3202 580 3305 652 qui
3337 585 3476 634 tunc
3511 577 3768 633 fortasse
3809 577 3901 631 de

511 680 752 737 Nicolao
783 677 1056 735 Cabasila
1086 678 1404 750 cogitabat,
1438 677 1610 749 cujus
1638 677 1948 746 liturgicus
1979 674 2446 732 commentarius
2471 670 2710 743 jamdiu
2741 670 2936 726 editus
2968 668 3355 740 subsequitur
3395 665 3458 722 in
3497 665 3703 722 codice
3736 671 3900 737 post

511 769 679 825 illum
705 767 1018 824 Theodori.

1007 945 1320 1015 Parergon
1358 943 1431 1000 de
1469 944 1596 1000 alia
1633 958 1822 1000 sacra:
1859 944 2050 998 missae
2088 941 2466 1010 expositione,
2512 944 2566 996 et
2606 938 2680 994 de
2716 951 2934 994 canone
2972 939 3040 991 44
3077 937 3347 992 Niceno.

583 1108 921 1182 Stephanus
952 1107 1287 1174 Aldoensis,
1323 1122 1483 1162 anno
1520 1111 1654 1162 l670
1686 1105 1878 1162 factus
1910 1102 2252 1177 patriarcha
2277 1099 2680 1156 Antiochenus
2704 1097 3144 1166 Maronitarum,
3170 1099 3226 1151 et
3249 1110 3410 1152 anno
3440 1097 3574 1150 I705
3606 1093 3728 1149 vita
3767 1090 3892 1148 de-

513 1181 773 1267 functus,
802 1201 868 1251 ut
897 1195 1074 1252 tradit
1103 1201 1471 1251 Assemanus
1497 1195 1557 1249 in
1590 1194 1872 1263 Catalogo
1895 1193 2168 1248 codicum
2202 1191 2305 1246 0r.
2350 1192 2479 1245 Vat.
2510 1193 2548 1244 t.
2579 1191 2668 1256 III,
2701 1203 2763 1259 p.
2797 1190 2918 1248 503,
2953 1183 3269 1256 complura
3323 1181 3544 1253 ingenii
3575 1186 3760 1254 atque
3788 1181 3896 1235 in-

513 1285 758 1341 dustrias
789 1300 913 1340 suae
934 1288 1330 1339 monumenta
1359 1284 1614 1355 reliquit,
1649 1299 1866 1354 nempe
1889 1281 2151 1336 Annales
2181 1277 2498 1336 orientales
2531 1276 2643 1342 ;de
2672 1275 2900 1346 origine
2935 1273 3355 1330 Maronitarum
3393 1287 3406 1336 ;
3439 1271 3657 1326 horum
3683 1269 3895 1324 vindi-

514 1373 637 1430 cias
666 1391 680 1441 ;
708 1373 848 1428 item
874 1372 949 1428 de
978 1377 1168 1427 metro
1191 1372 1527 1427 carminum
1563 1389 1575 1438 ;
1610 1385 1720 1425 nec
1748 1386 1871 1426 non
1899 1367 2234 1426 Orationale
2260 1368 2434 1438 juxta
2457 1365 2640 1421 ritum
2671 1362 3120 1430 Maronitarum,
3149 1364 3214 1417 ut
3237 1359 3435 1415 videre
3467 1362 3556 1414 est
3583 1358 3647 1413 in
3667 1362 3899 1413 nostro

513 1461 786 1534 praedicti
813 1461 1073 1530 Catalogi
1094 1459 1510 1532 supplemento
1540 1460 1746 1531 Script.
1781 1464 1892 1514 vet.
1930 1464 1965 1514 t.
1998 1460 2058 1513 V.
2094 1477 2104 1510 ι

2307 1457 2436 1526 Syr.
2470 1456 2593 1522 392,
2627 1455 2750 1520 393,
2779 1454 2904 1518 394,
2937 1454 3059 1514 395,
3095 1453 3215 1519 396,
3243 1452 3368 1514 397,
3392 1450 3514 1512 411,
3547 1449 3675 1502 444.
3704 1444 3898 1508 Quod

516 1565 658 1605 vero
686 1550 760 1606 ad
794 1566 921 1605 rem
945 1553 1307 1620 praesentem
1337 1548 1560 1618 attinet,
1595 1548 1655 1603 in
1681 1547 2048 1603 carsciunico
2076 1545 2243 1618 apud
2322 1560 2434 1599 nos
2469 1542 2674 1598 codice
2715 1544 2817 1596 400
2858 1539 3192 1594 continetur
3236 1535 3508 1607 ejusdem
3558 1534 3901 1590 Aldoensis

516 1654 811 1710 magnum
845 1653 998 1709 opus
1023 1637 1098 1691 de
1124 1636 1417 1692 sacriﬁcio
1444 1637 1664 1707 missae,
1691 1637 1932 1692 duobus
1964 1636 2143 1692 tomis
2177 1634 2705 1705 comprehensum,
2737 1644 2997 1702 quorum
3030 1631 3235 1684 tamen
3266 1625 3502 1698 primus
3535 1623 3723 1680 deest.
3760 1622 3900 1678 Sed

518 1742 674 1797 ecce,
705 1726 959 1782 fortunae
1000 1724 1313 1788 beneﬁcio,
1368 1725 1739 1781 desideratus
1781 1725 1878 1781 hic
1903 1725 2310 1780 carsciunicus
2357 1728 2574 1788 tomus,
2611 1718 2921 1791 suppletur
2962 1716 3041 1773 ab
3080 1714 3359 1786 ejusdem
3389 1712 3900 1786 interpretatione

521 1814 746 1883 Latina,
773 1830 908 1887 quae
928 1815 988 1869 in
1018 1813 1222 1870 codice
1244 1813 1525 1871 Vaticano
1556 1814 1696 1870 7410
1727 1818 2134 1870 conservatur.
2159 1816 2390 1885 Reapse
2422 1826 2560 1866 cum
2586 1811 2775 1864 totum
2798 1822 2952 1880 opus
2975 1807 3036 1861 in
3057 1805 3267 1860 decem
3289 1807 3489 1877 partes
3510 1803 3640 1876 (seu
3661 1801 3902 1857 cande-

516 1902 711 1972 labra,
743 1909 808 1960 ut
846 1903 1170 1960 Orientales
1220 1902 1452 1960 malunt
1493 1903 1711 1976 dicere)
1748 1903 2160 1974 distribuatur,
2191 1918 2294 1958 sex
2342 1899 2590 1973 quidem
2627 1897 2856 1970 priores
2900 1900 3103 1968 partes
3143 1894 3204 1950 in
3235 1893 3442 1950 Latino
3474 1892 3898 1955 continentur,

518 1997 776 2064 quatuor
831 2009 972 2049 vero
1017 1997 1336 2065 postremae
1386 1993 1447 2048 in
1497 1994 1870 2050 carsciunico
1904 2012 1917 2048 :
1969 2009 2090 2065 quo
2119 1992 2185 2047 ﬁt
2224 1995 2286 2046 ut
2323 1989 2402 2046 ab
2432 1993 2686 2060 utroque
2721 1985 3090 2056 conjunctim
3137 1982 3341 2039 codice
3380 1981 3724 2053 Iiturgicum
3763 1980 3899 2035 hoc

519 2081 832 2138 Aldoensis
857 2099 1012 2155 opus
1041 2081 1216 2138 nobis
1257 2087 1445 2139 totum
1489 2083 1923 2156 suppeditetur.
1954 2083 2239 2147 Quisnam
2268 2094 2407 2134 vero
2437 2076 2612 2133 fuerit
2655 2075 2896 2131 Latinus
2935 2074 3251 2145 interpres,
3280 2071 3472 2127 codex
3507 2086 3632 2126 non
3656 2069 3850 2125 docet
3879 2087 3893 2135 ;

520 2170 625 2226 sed
657 2171 951 2244 suspicari
979 2171 1114 2226 licet
1150 2172 1224 2226 de
1257 2173 1426 2227 Petro
1459 2172 1775 2228 Benedicto
1805 2170 1903 2227 illo
1935 2173 1989 2228 S.
2024 2167 2342 2242 Ephraemii
2368 2166 2680 2223 notissimo
2707 2164 3045 2235 interprete.
3075 2165 3344 2234 Namque
3381 2160 3672 2216 Naironus
3712 2157 3898 2230 apud

519 2263 942 2322 Assemanum,
975 2259 1108 2315 loco
1155 2261 1522 2332 supradicto,
1549 2259 1892 2316 aﬁirmabat
1918 2263 2119 2315 Romae
2148 2275 2210 2314 se
2247 2255 2532 2330 quaedam
2570 2253 2881 2310 Aldoensis
2911 2251 3278 2324 exemplaria
3305 2249 3613 2322 accepisse
3643 2263 3680 2304 a
3711 2250 3897 2303 Petro

518 2348 832 2404 Benedicto
882 2349 1166 2404 Maronita
1221 2349 1626 2404 commodata.
1682 2352 1746 2404 Et
1790 2365 1903 2404 nos
1950 2348 2197 2420 quidem
2245 2345 2322 2402 ab
2371 2343 2686 2400 Aldoensis
2729 2359 2909 2416 opere
2951 2342 3107 2414 typis
3150 2340 3462 2410 tradendo,
3497 2337 3709 2406 moles,
3752 2337 3900 2410 ipsa

525 2437 783 2492 deterret
808 2453 821 2503 ;
855 2436 1002 2491 nihil
1029 2441 1230 2492 tamen
1262 2442 1438 2508 vetat,
1469 2439 1793 2509 quominus
1814 2437 1993 2506 hujus
2020 2441 2258 2492 tenuem
2287 2434 2496 2491 saltem
2525 2433 2849 2503 imaginem
2873 2430 3263 2487 delineemus.

599 2561 824 2616 Etenim
846 2560 1044 2633 operis
1072 2561 1333 2632 partium
1363 2561 1594 2626 decem,
1615 2567 1677 2616 ut
1703 2561 1988 2630 diximus,
2015 2561 2076 2616 in
2099 2561 2299 2633 plures
2323 2573 2707 2631 unaquaeque
2728 2559 3012 2613 tractatus
3031 2554 3452 2623 subdividitur,
3473 2553 3656 2626 hique
3674 2568 3903 2609 rursus

526 2650 589 2706 in
621 2650 936 2718 sectiones,
971 2655 1255 2722 tantaque
1285 2655 1372 2706 est
1401 2651 1742 2721 argumenti
1773 2650 2164 2716 abundantia,
2194 2653 2248 2704 et
2267 2653 2390 2705 tam
2415 2648 2666 2719 copiosa
2705 2644 2997 2712 tractatio,
3029 2648 3094 2700 ut
3121 2643 3268 2699 nihil
3295 2643 3410 2700 hac
3441 2658 3620 2716 super
3647 2658 3713 2698 re
3739 2641 3901 2697 indi-

529 2743 693 2793 ctum
724 2737 1116 2810 relinquatur.
1145 2743 1184 2794 1.
1216 2741 1354 2794 Pars
1385 2739 1458 2794 de
1489 2739 1672 2795 missa
1692 2738 1810 2794 fere
1837 2738 2188 2809 generatim,
2212 2737 2272 2792 id
2299 2739 2478 2792 estde
2510 2737 2638 2808 ejus
2661 2734 3037 2800 nominibus,
3068 2732 3433 2800 deﬁnitione,
3466 2731 3897 2804 partibus,etc.

529 2829 594 2883 II.
621 2831 700 2884 De
729 2826 863 2883 loco
902 2828 1288 2884 conveniente
1319 2828 1693 2885 celebrandae
1735 2828 1955 2896 missae,
1987 2827 2046 2883 id
2078 2831 2168 2882 est
2206 2826 2282 2882 de
2321 2825 2607 2894 ecclesiis,
2639 2840 2971 2896 earumque
3001 2822 3294 2895 partibus,
3336 2821 3647 2888 altaribus,
3682 2819 3900 2893 supel-

525 2915 736 2982 lectile,
771 2921 881 2972 etc.
913 2920 1002 2972 IlI.
1036 2920 1115 2972 De
1147 2916 1453 2973 sacerdote
1488 2917 1687 2973 missas
1717 2918 2003 2976 ministro.
2038 2921 2095 2972 et
2121 2915 2196 2971 de
2223 2915 2544 2971 sacerdotii
2577 2913 2886 2984 gradibus,
2928 2911 3160 2982 ofﬁciis,
3192 2916 3300 2968 etc.
3335 2914 3421 2967 1V.
3467 2913 3545 2966 De
3573 2926 3900 2983 praepara-

528 3005 686 3061 tione
715 3004 1097 3061 sacerdotum
1129 3005 1208 3060 ad
1236 3005 1504 3071 missam,
1540 3006 1825 3073 vestibus,
1859 3011 1970 3061 etc.
2003 3007 2065 3059 V.
2102 3004 2453 3077 Singillatim
2486 3003 2560 3060 de
2590 3003 2789 3060 missae
2817 3001 3108 3074 partibus.
3151 3001 3240 3057 VI.
3274 3000 3483 3056 Adhuc
3525 2999 3600 3055 de
3637 2998 3895 3071 reliquis

527 3093 734 3150 missae
759 3093 1056 3166 partibus.
1076 3097 1368 3150 Hactenus
1388 3095 1576 3151 codex
1604 3096 1864 3151 Latinus.
1891 3099 1954 3150 In
1971 3093 2339 3150 carsciunico
2365 3097 2770 3164 autem,parte
2792 3093 2912 3146 VII.
2936 3090 3275 3147 Prosecutio
3299 3095 3387 3145 est
3403 3087 3630 3145 ordinis
3656 3087 3890 3153 missae,

529 3182 768 3250 scilicet,
801 3182 875 3238 de
906 3198 1055 3255 pace
1077 3183 1302 3249 danda,
1331 3189 1386 3240 et
1410 3184 1485 3240 de
1507 3184 1709 3240 altaris
1729 3183 2046 3251 velamine,
2079 3198 2190 3239 nec
2217 3197 2341 3238 non
2367 3183 2671 3254 apertione
2693 3181 3138 3253 mysteriorum.
3173 3181 3306 3234 VIII.
3335 3181 3413 3234 De
3436 3178 3893 3234 consecratione

530 3271 913 3338 sacramenti,
944 3271 1109 3343 quod
1140 3276 1232 3328 est
1251 3272 1586 3329 secundum
1611 3273 1806 3329 missae
1833 3276 2232 3344 segmentum.
2259 3274 2342 3328 1X.
2369 3274 2449 3327 De
2468 3270 2780 3340 signaculo
2803 3269 2994 3326 crucis
3020 3284 3200 3342 super
3216 3267 3486 3333 calicem,
3508 3266 3583 3323 de
3605 3265 3894 3323 Oratione

528 3357 858 3427 Dominica,
904 3364 961 3414 et
1004 3361 1358 3416 sacramenti
1392 3361 1719 3418 elevatione
1751 3363 1811 3417 Χ.
1854 3363 1933 3417 De
1961 3361 2250 3419 fractione
2283 3362 2618 3434 specierum
2645 3360 2840 3434 panis,
2872 3364 2929 3417 et
2959 3358 3307 3432 aspersione
3337 3355 3723 3416 sacratissimi
3756 3370 3897 3412 san-

531 3445 730 3516 guinis
759 3462 938 3518 super
967 3447 1118 3518 illas,
1141 3453 1198 3504 et
1225 3447 1300 3504 de
1343 3451 1702 3506 sacramenti
1727 3451 2142 3507 distributione
2164 3450 2462 3506 ﬁdelibus.

601 3572 735 3627 Jam
755 3586 898 3626 vero
927 3571 989 3626 in
1020 3575 1274 3628 tractatu
1302 3578 1424 3629 tam
1446 3573 1648 3639 ubere,
1674 3574 1865 3631 multa
1893 3591 2023 3631 esse
2043 3575 2207 3630 bona
2239 3578 2293 3631 et
2313 3574 2500 3642 utilia,
2521 3578 2578 3631 et
2601 3573 2972 3647 quandoque
2994 3572 3172 3630 etiam
3193 3570 3532 3644 peregrina,
3564 3568 3700 3641 quis
3719 3566 3898 3625 dubi-

532 3661 661 3716 tet?
690 3659 990 3731 Imprimis
1015 3661 1354 3718 testimonia
1382 3662 1715 3720 clarissima
1743 3663 1818 3719 de
1845 3663 2056 3720 Christi
2083 3679 2334 3735 corpore
2362 3663 2424 3718 in
2455 3663 2822 3719 Eucharistia
2845 3665 3161 3736 praesente,
3189 3665 3245 3718 et
3263 3659 3428 3733 quod
3458 3657 3671 3716 Christi
3696 3657 3892 3730 ipsius

531 3748 884 3805 institutoris
910 3749 1105 3806 verbis
1134 3750 1239 3808 ﬁat
1264 3751 1658 3808 consecratio.
1693 3755 1836 3808 Item
1873 3752 1947 3808 de
1974 3752 2126 3808 Petri
2157 3757 2209 3806 et
2241 3751 2496 3808 Romani
2527 3752 2824 3823 pontiﬁcis
2850 3751 3132 3823 primatu,
3166 3765 3351 3823 quem
3379 3747 3634 3805 summis
3665 3746 3896 3803 viribus

530 3842 894 3911 propugnat,
910 3843 966 3896 et
985 3838 1063 3895 ad
1089 3839 1433 3897 universam
1460 3840 1804 3912 Ecclesiam,
1827 3845 2008 3913 prout
2029 3841 2087 3896 in
2108 3840 2442 3896 Florentino
2461 3841 2832 3896 aecumenico
2854 3839 3167 3895 deﬁnitum
3179 3843 3282 3908 est,
3301 3836 3582 3894 extendit.
3599 3838 3734 3907 (Par
3750 3850 3895 3904 erga

531 3929 681 3984 Petri
703 3944 1119 3985 successorem
1140 3930 1454 4002 proﬁtetur
1467 3930 1829 4003 obsequium
1851 3931 2029 3988 etiam
2051 3935 2259 3986 auctor
2269 3929 2405 3985 libri
2423 3945 2533 3984 ms.
2554 3945 2737 4002 quem
2754 3945 2878 4002 prae
2893 3927 3176 3985 manibus
3197 3927 3390 3983 habeo
3405 3925 3894 3982 caerimoniarum

531 4017 808 4074 Ecclesiae
835 4018 1213 4089 Maroniticte,
1231 4019 1335 4076 ubi
1355 4018 1418 4074 in
1445 4020 1698 4091 prologo
1720 4019 1935 4076 dicitur
1955 4021 2110 4076 Deus
2138 4018 2425 4074 fundasse
2457 4017 2776 4075 Ecclesiam
2803 4034 2874 4074 ac
2903 4016 3262 4075 stabilivisse
3283 4031 3470 4088 supra
3499 4018 3730 4087 patrem
3752 4011 3896 4068 ﬁdei

531 4106 726 4177 Petri).
757 4106 980 4163 Deinde
1009 4107 1084 4163 de
1116 4109 1524 4180 patriarchatu
1550 4109 1920 4166 Antiocheno
1941 4109 2064 4181 agit
2092 4107 2405 4164 Aldocnsis
2434 4125 2447 4176 ;
2479 4106 2554 4162 de
2579 4108 2675 4164 SS.
2710 4107 3048 4178 imaginum
3078 4105 3459 4162 veneratione
3484 4121 3497 4169 ;
3519 4103 3594 4158 de
3624 4101 3896 4157 vestibus

535 4197 714 4265 atque
730 4196 1043 4251 ornatibus
1066 4197 1528 4268 pontiﬁcalibus,
1558 4202 1669 4254 etc.
1693 4201 1997 4255 Postremo
2020 4197 2261 4269 copiose
2287 4195 2596 4253 disseritur
2627 4196 2702 4252 de
2719 4197 2984 4268 trisagio,
3009 4196 3181 4267 cujus
3207 4195 3385 4251 etiam
3407 4192 3637 4250 celebre
3658 4191 3893 4248 addita-

533 4287 808 4338 mentum
857 4284 961 4353 qui
1005 4287 1336 4354 cruciﬁxus
1373 4293 1456 4342 est
1494 4303 1606 4356 pro
1645 4289 1832 4355 nobis,
1863 4289 1922 4343 in
1947 4287 2217 4343 Ecclesiis
2256 4285 2654 4342 Orientalibus
2682 4285 2866 4355 vulgo
2894 4289 3277 4356 usurpatum,
3311 4282 3626 4339 Aldoensis
3659 4285 3893 4344 tuetur;

534 4384 660 4426 non
690 4369 769 4426 ad
797 4371 1140 4428 Trinitatem
1171 4379 1374 4430 tamen
1394 4373 1668 4446 relatum,
1704 4376 1811 4432 sed
1843 4376 1920 4431 ad
1955 4375 2160 4430 Filium
2198 4390 2212 4440 ;
2265 4374 2389 4431 imo
2416 4389 2540 4432 non
2571 4374 3055 4432 additamentum
3100 4372 3546 4443 tantummodo,
3581 4369 3689 4427 sed
3727 4370 3896 4425 trisa-

537 4459 705 4528 gium
735 4463 947 4526 totum,
977 4462 1054 4516 ad
1078 4461 1273 4518 solum
1306 4463 1517 4518 Filium
1547 4463 1626 4519 ab
1655 4465 2048 4520 Orientalibus
2072 4463 2274 4520 referri
2302 4468 2508 4520 narrat
2545 4481 2558 4533 ;
2604 4481 2775 4521 secus
2804 4480 2944 4521 vero
2973 4480 3009 4521 a
3040 4463 3256 4520 Graecis
3295 4467 3352 4518 et
3391 4458 3896 4524 Occidentalibus,

536 4546 766 4603 omisso
798 4563 1035 4619 semper
1064 4550 1492 4620 additamento,
1523 4552 1586 4608 id
1617 4553 1695 4608 ad
1726 4552 1918 4610 solam
1949 4553 2291 4609 Trinitatem
2311 4552 2514 4610 referri
2546 4553 2735 4610 solere
2766 4571 2780 4609 :
2808 4569 2932 4626 qua
2956 4552 3339 4608 distinctione
3364 4550 3655 4618 adhibita,
3679 4563 3898 4621 pacem

537 4635 933 4693 Ecclesiarum
987 4637 1146 4694 circa
1191 4641 1350 4697 hanc
1407 4641 1874 4699 controversiam
1931 4641 2235 4699 conciliari
2275 4657 2454 4714 posse
2505 4642 2756 4713 judicat.
2799 4642 3041 4700 Interim
3078 4657 3189 4715 pro
3226 4641 3329 4697 illa
3365 4639 3578 4697 ultima
3605 4637 3899 4711 particula

534 4725 764 4798 profert
787 4725 1130 4783 testimonia
1156 4733 1202 4783 1.
1228 4728 1566 4801 Ερὶιι-εθωίὶ,
1588 4730 1944 4803 patriarchas
1965 4730 2339 4790 Antiocheni.
2368 4735 2423 4788 2.
2446 4732 2693 4788 Joannis
2713 4731 2968 4790 Maronis
2982 4732 3125 4789 item
3141 4729 3496 4804 patriarchae
3521 4726 3894 4785 Antiocheni.

539 4819 590 4870 5.
623 4814 890 4888 Dionysii
912 4815 1219 4882 Barsalibi,
1249 4818 1587 4874 Amidensis
1605 4818 1902 4892 episcopi;
1933 4824 1986 4876 4.
2011 4819 2246 4875 concilii
2273 4820 2691 4878 Armeniorum
2723 4822 3052 4878 Tarsensis.
3072 4817 3894 4889 3.1ibrorumliturgicorum.

539 4903 824 4961 Concedit
851 4907 1058 4962 tamen
1087 4908 1322 4963 Petrum
1352 4907 1660 4964 Fullonem
1702 4925 1885 4964 sensu
1918 4909 2198 4966 haeretico
2257 4909 2424 4965 illam
2473 4909 2811 4966 clausulam
2851 4925 3224 4983 usurpasse;
3279 4912 3460 4980 atque
3509 4907 3647 4963 hinc
3695 4909 3896 4961 ortum

539 4996 731 5050 totum
749 4993 882 5065 ejus
910 4993 994 5050 rei
1023 4994 1230 5051 odium
1256 4999 1313 5052 et
1331 4995 1850 5069 disceptationem.
1884 5001 2018 5054 Haec
2047 4997 2122 5054 de
2152 4998 2497 5071 patriarcha
2524 5001 2973 5057 Maronitarum.
2997 4999 3193 5056 Alium
3222 5014 3366 5055 vero
3388 5013 3560 5070 aeque
3591 4997 3896 5066 ingentem

538 5082 1039 5139 commentarium
1069 5083 1411 5155 Iiturgicum
1443 5086 1704 5142 Nersetis
1739 5087 2232 5159 Lamprunensis,
2274 5088 2694 5145 Armeniorum
2725 5089 2948 5147 saeculo
2977 5087 3340 5145 duodecimo
3369 5085 3654 5160 episcopi,
3680 5084 3898 5141 Latinae

538 5169 682 5226 item
703 5171 972 5228 Ecclesiae
997 5172 1486 5241 reverentissimi,
1519 5174 1637 5231 alio
1667 5191 1780 5231 nos
1806 5179 2074 5249 tempore
2103 5175 2358 5233 fortasse
2396 5192 2796 5251 exponemus.

612 5295 970 5352 Notissimus
989 5302 1079 5353 est
1121 5313 1316 5355 canon
1347 5301 1416 5354 44
1437 5298 1712 5355 Niczenus
1743 5299 2054 5370 Arabicus,
2087 5302 2262 5373 cujus
2289 5301 2623 5359 clausulam
2646 5301 2721 5358 de
2747 5301 3001 5359 Romani
3023 5301 3317 5375 pontiﬁcis
3335 5299 3686 5357 auctoritate
3718 5312 3899 5370 supra

542 5397 753 5439 omnes
769 5386 948 5442 etiam
965 5388 1364 5460 patriarchas,
1379 5405 1604 5461 ponam
1627 5393 1904 5446 accurate
1928 5390 2282 5447 translatam
2305 5407 2376 5446 ex
2402 5390 2657 5448 Arabico
2674 5395 3055 5466 textu,quem
3075 5391 3283 5448 recitat
3297 5391 3519 5463 Coptus
3542 5385 3896 5451 Ben-Assali,

542 5472 744 5573 saeculi
774 5491 854 5531 xu
884 5477 1304 5573 ltionophysita
1329 5479 1554 5573 auctor,
1580 5480 1638 5535 in
1665 5479 1868 5573 codice
1898 5478 2159 5539 Arabico
2185 5480 2468 5538 Vaticano
2493 5485 2612 5548 151,
2642 5481 2746 5538 ubi
2772 5482 2902 5553 ejus
2931 5485 3218 5539 tractatus
3239 5479 3567 5538 cononicus
3585 5476 3821 5548 legitur.
3850 5479 3898 5531 Is

541 5576 686 5662 ergo
705 5565 777 5662 in
802 5568 968 5662 parte
998 5581 1038 5662 ι,
1065 5570 1279 5662 cap._4,
1312 5572 1641 5662 postquam
1669 5567 1838 5638 dixit,
1856 5569 2147 5640 primum,
2173 5569 2296 5626 imo
2318 5574 2376 5626 et
2400 5572 2602 5643 caput,
2635 5570 3118 5643 patriarcharum
3145 5585 3277 5628 esse
3303 5565 3896 5633 Romanum,diserte

543 5651 784 5710 scribit:
819 5675 846 5704 κ
881 5654 1040 5712 Sicut
1063 5655 1403 5736 patriarcha
1426 5657 1678 5738 imperio
1705 5661 1763 5716 et
1791 5660 2138 5718 auctoritate
2175 5675 2322 5732 erga
2357 5659 2472 5718 sibi
2507 5657 2808 5734 subjectos
2827 5659 3115 5735 praditus
3149 5664 3256 5727 est,
3289 5659 3371 5717 ita
3397 5660 3592 5716 Romae
3633 5658 3897 5715 Domnus
