  <div class='ocr_page' id='page_1' title='image "/cluster/home/n/w/nwhite01/storage/ocr_20150623/140/pst.000005714568/250.png"; bbox 0 0 4028 6308; ppageno 0'>
   <div class='ocr_carea' id='block_1_1' title="bbox 144 283 1735 359">
    <p class='ocr_par' dir='ltr' id='par_1_1' title="bbox 144 283 1735 359">
     <span class='ocr_line' id='line_1_1' title="bbox 144 283 1735 359; baseline -0.002 -17"><span class='ocrx_word' id='word_1_1' title='bbox 144 290 255 344; x_wconf 73' lang='lat' dir='ltr'><strong>m-</strong></span> <span class='ocrx_word' id='word_1_2' title='bbox 920 358 923 359; x_wconf 14' lang='grc' dir='ltr'>ί</span> <span class='ocrx_word' id='word_1_3' title='bbox 1382 283 1735 341; x_wconf 64' lang='lat' dir='ltr'><strong>COMMENT.</strong></span> 
     </span>
    </p>
   </div>
   <div class='ocr_carea' id='block_1_2' title="bbox 1937 283 3528 359">
    <p class='ocr_par' dir='ltr' id='par_1_2' title="bbox 1937 283 3528 350">
     <span class='ocr_line' id='line_1_2' title="bbox 1937 283 3528 350; baseline 0.006 -12"><span class='ocrx_word' id='word_1_4' title='bbox 1937 283 2322 341; x_wconf 77' lang='lat' dir='ltr'><strong>LITUBGICA.</strong></span> <span class='ocrx_word' id='word_1_5' title='bbox 3424 291 3528 350; x_wconf 69' lang='grc'><strong>418</strong></span> 
     </span>
    </p>
   </div>
   <div class='ocr_carea' id='block_1_3' title="bbox 142 407 3531 486">
    <p class='ocr_par' dir='ltr' id='par_1_3' title="bbox 142 407 3531 486">
     <span class='ocr_line' id='line_1_3' title="bbox 142 407 3531 486; baseline 0.001 -18"><span class='ocrx_word' id='word_1_6' title='bbox 142 411 517 469; x_wconf 79' lang='lat' dir='ltr'><strong>auctoritate</strong></span> <span class='ocrx_word' id='word_1_7' title='bbox 546 426 695 483; x_wconf 85' lang='lat' dir='ltr'><strong>erga</strong></span> <span class='ocrx_word' id='word_1_8' title='bbox 721 424 936 469; x_wconf 88' lang='lat' dir='ltr'><strong>omnes</strong></span> <span class='ocrx_word' id='word_1_9' title='bbox 964 408 1340 483; x_wconf 82' lang='lat' dir='ltr'><strong>patriarchas</strong></span> <span class='ocrx_word' id='word_1_10' title='bbox 1368 407 1586 481; x_wconf 78' lang='lat' dir='ltr'><strong>pollet:</strong></span> <span class='ocrx_word' id='word_1_11' title='bbox 1611 409 1904 482; x_wconf 90' lang='lat' dir='ltr'><strong>quoniam</strong></span> <span class='ocrx_word' id='word_1_12' title='bbox 1959 409 2087 481; x_wconf 91' lang='lat' dir='ltr'><strong>ipse</strong></span> <span class='ocrx_word' id='word_1_13' title='bbox 2117 408 2351 480; x_wconf 91' lang='lat' dir='ltr'><strong>primus</strong></span> <span class='ocrx_word' id='word_1_14' title='bbox 2381 412 2488 477; x_wconf 88' lang='lat' dir='ltr'><strong>est,</strong></span> <span class='ocrx_word' id='word_1_15' title='bbox 2520 413 2811 483; x_wconf 83' lang='lat' dir='ltr'><strong>tanquam</strong></span> <span class='ocrx_word' id='word_1_16' title='bbox 2843 413 3079 481; x_wconf 82' lang='lat' dir='ltr'><strong>Petrus;</strong></span> <span class='ocrx_word' id='word_1_17' title='bbox 3107 418 3405 486; x_wconf 86' lang='lat' dir='ltr'><strong>quatenus</strong></span> <span class='ocrx_word' id='word_1_18' title='bbox 3432 415 3531 472; x_wconf 88' lang='lat' dir='ltr'><strong>hic</strong></span> 
     </span>
    </p>
   </div>
   <div class='ocr_carea' id='block_1_4' title="bbox 144 496 3532 579">
    <p class='ocr_par' dir='ltr' id='par_1_4' title="bbox 144 496 3532 579">
     <span class='ocr_line' id='line_1_4' title="bbox 144 496 3532 579; baseline 0.003 -24"><span class='ocrx_word' id='word_1_19' title='bbox 144 500 433 557; x_wconf 73' lang='lat' dir='ltr'><strong>videlicet</strong></span> <span class='ocrx_word' id='word_1_20' title='bbox 458 500 812 558; x_wconf 82' lang='lat' dir='ltr'><strong>auctoritate</strong></span> <span class='ocrx_word' id='word_1_21' title='bbox 843 512 1023 572; x_wconf 83' lang='lat' dir='ltr'><strong>super</strong></span> <span class='ocrx_word' id='word_1_22' title='bbox 1045 513 1257 555; x_wconf 89' lang='lat' dir='ltr'><strong>omnes</strong></span> <span class='ocrx_word' id='word_1_23' title='bbox 1289 496 1743 555; x_wconf 82' lang='lat' dir='ltr'><strong>Christianitatis</strong></span> <span class='ocrx_word' id='word_1_24' title='bbox 1766 500 2051 571; x_wconf 65' lang='lat' dir='ltr'><strong>praesules</strong></span> <span class='ocrx_word' id='word_1_25' title='bbox 2089 500 2418 570; x_wconf 85' lang='lat' dir='ltr'><strong>fruebatur,</strong></span> <span class='ocrx_word' id='word_1_26' title='bbox 2447 505 2503 556; x_wconf 89' lang='lat' dir='ltr'><strong>et</strong></span> <span class='ocrx_word' id='word_1_27' title='bbox 2541 516 2682 571; x_wconf 84' lang='lat' dir='ltr'><strong>erga</strong></span> <span class='ocrx_word' id='word_1_28' title='bbox 2705 502 3169 570; x_wconf 87' lang='lat' dir='ltr'><strong>multitudinem,</strong></span> <span class='ocrx_word' id='word_1_29' title='bbox 3201 521 3269 562; x_wconf 85' lang='lat' dir='ltr'><strong>ex</strong></span> <span class='ocrx_word' id='word_1_30' title='bbox 3289 522 3412 579; x_wconf 90' lang='lat' dir='ltr'><strong>qua</strong></span> <span class='ocrx_word' id='word_1_31' title='bbox 3430 507 3532 566; x_wconf 87' lang='lat' dir='ltr'><strong>illa</strong></span> 
     </span>
    </p>
   </div>
   <div class='ocr_carea' id='block_1_5' title="bbox 141 586 3530 665">
    <p class='ocr_par' dir='ltr' id='par_1_5' title="bbox 141 586 3530 665">
     <span class='ocr_line' id='line_1_5' title="bbox 141 586 3530 665; baseline 0.002 -19"><span class='ocrx_word' id='word_1_32' title='bbox 141 589 491 646; x_wconf 80' lang='lat' dir='ltr'><strong>conﬂatur:</strong></span> <span class='ocrx_word' id='word_1_33' title='bbox 522 593 731 662; x_wconf 87' lang='lat' dir='ltr'><strong>utpote</strong></span> <span class='ocrx_word' id='word_1_34' title='bbox 758 588 969 646; x_wconf 87' lang='lat' dir='ltr'><strong>Christi</strong></span> <span class='ocrx_word' id='word_1_35' title='bbox 990 586 1227 646; x_wconf 87' lang='lat' dir='ltr'><strong>Domini</strong></span> <span class='ocrx_word' id='word_1_36' title='bbox 1254 586 1442 644; x_wconf 87' lang='lat' dir='ltr'><strong>nostri</strong></span> <span class='ocrx_word' id='word_1_37' title='bbox 1473 602 1803 659; x_wconf 85' lang='lat' dir='ltr'><strong>successor,</strong></span> <span class='ocrx_word' id='word_1_38' title='bbox 1838 588 2064 661; x_wconf 78' lang='lat' dir='ltr'><strong>populo</strong></span> <span class='ocrx_word' id='word_1_39' title='bbox 2098 590 2230 661; x_wconf 88' lang='lat' dir='ltr'><strong>ejus</strong></span> <span class='ocrx_word' id='word_1_40' title='bbox 2271 588 2663 662; x_wconf 84' lang='lat' dir='ltr'><strong>Ecclesiisque</strong></span> <span class='ocrx_word' id='word_1_41' title='bbox 2691 593 3078 663; x_wconf 67' lang='lat' dir='ltr'><strong>praepositus.</strong></span> <span class='ocrx_word' id='word_1_42' title='bbox 3124 614 3152 643; x_wconf 86' lang='grc'><strong>››</strong></span> <span class='ocrx_word' id='word_1_43' title='bbox 3184 593 3271 665; x_wconf 89' lang='lat' dir='ltr'><strong>(Et</strong></span> <span class='ocrx_word' id='word_1_44' title='bbox 3300 595 3385 651; x_wconf 90' lang='lat' dir='ltr'><strong>sic</strong></span> <span class='ocrx_word' id='word_1_45' title='bbox 3417 599 3530 653; x_wconf 82' lang='lat' dir='ltr'><strong>Leo</strong></span> 
     </span>
    </p>
   </div>
   <div class='ocr_carea' id='block_1_6' title="bbox 142 675 3530 750">
    <p class='ocr_par' dir='ltr' id='par_1_6' title="bbox 142 675 3530 750">
     <span class='ocr_line' id='line_1_6' title="bbox 142 675 3530 750; baseline 0.002 -15"><span class='ocrx_word' id='word_1_46' title='bbox 142 683 366 735; x_wconf 83' lang='lat' dir='ltr'><strong>noster</strong></span> <span class='ocrx_word' id='word_1_47' title='bbox 394 692 684 749; x_wconf 88' lang='lat' dir='ltr'><strong>magnus,</strong></span> <span class='ocrx_word' id='word_1_48' title='bbox 712 692 892 735; x_wconf 88' lang='lat' dir='ltr'><strong>serm.</strong></span> <span class='ocrx_word' id='word_1_49' title='bbox 922 689 1015 744; x_wconf 86' lang='lat' dir='ltr'><strong>Iv,</strong></span> <span class='ocrx_word' id='word_1_50' title='bbox 1046 681 1115 732; x_wconf 87' lang='lat'><strong>2:</strong></span> <span class='ocrx_word' id='word_1_51' title='bbox 1150 695 1179 725; x_wconf 73' lang='grc' dir='ltr'><strong><em>κ</em></strong></span> <span class='ocrx_word' id='word_1_52' title='bbox 1211 677 1415 731; x_wconf 87' lang='lat' dir='ltr'><strong>Petrus</strong></span> <span class='ocrx_word' id='word_1_53' title='bbox 1439 675 1666 731; x_wconf 90' lang='lat' dir='ltr'><strong>cunctis</strong></span> <span class='ocrx_word' id='word_1_54' title='bbox 1691 676 1959 733; x_wconf 66' lang='lat' dir='ltr'><strong>Ecclesiae</strong></span> <span class='ocrx_word' id='word_1_55' title='bbox 1988 676 2264 733; x_wconf 87' lang='lat' dir='ltr'><strong>Patribus</strong></span> <span class='ocrx_word' id='word_1_56' title='bbox 2303 678 2684 750; x_wconf 65' lang='lat' dir='ltr'><strong>praepositus.</strong></span> <span class='ocrx_word' id='word_1_57' title='bbox 2717 700 2745 728; x_wconf 82' lang='lat'><strong>»</strong></span> <span class='ocrx_word' id='word_1_58' title='bbox 2783 681 2847 735; x_wconf 90' lang='lat' dir='ltr'><strong>Et</strong></span> <span class='ocrx_word' id='word_1_59' title='bbox 2874 682 3044 743; x_wconf 83' lang='lat' dir='ltr'><strong>Joan,</strong></span> <span class='ocrx_word' id='word_1_60' title='bbox 3075 683 3530 742; x_wconf 70' lang='lat' dir='ltr'><strong>Cmsariensisin</strong></span> 
     </span>
    </p>
   </div>
   <div class='ocr_carea' id='block_1_7' title="bbox 139 763 3498 844">
    <p class='ocr_par' dir='ltr' id='par_1_7' title="bbox 139 763 3498 844">
     <span class='ocr_line' id='line_1_7' title="bbox 139 763 3498 844; baseline 0.002 -20"><span class='ocrx_word' id='word_1_61' title='bbox 139 767 383 825; x_wconf 90' lang='lat' dir='ltr'><strong>inedito</strong></span> <span class='ocrx_word' id='word_1_62' title='bbox 409 781 597 840; x_wconf 87' lang='lat' dir='ltr'><strong>opere</strong></span> <span class='ocrx_word' id='word_1_63' title='bbox 624 765 698 822; x_wconf 92' lang='lat' dir='ltr'><strong>de</strong></span> <span class='ocrx_word' id='word_1_64' title='bbox 728 780 901 821; x_wconf 91' lang='lat' dir='ltr'><strong>conc.</strong></span> <span class='ocrx_word' id='word_1_65' title='bbox 928 763 1124 821; x_wconf 90' lang='lat' dir='ltr'><strong>Chalc.</strong></span> <span class='ocrx_word' id='word_1_66' title='bbox 1148 764 1291 821; x_wconf 88' lang='lat' dir='ltr'><strong>dicit</strong></span> <span class='ocrx_word' id='word_1_67' title='bbox 1316 764 1517 836; x_wconf 88' lang='lat' dir='ltr'><strong>ipsum</strong></span> <span class='ocrx_word' id='word_1_68' title='bbox 1546 766 1803 821; x_wconf 87' lang='lat' dir='ltr'><strong>Leonem</strong></span> <span class='ocrx_word' id='word_1_69' title='bbox 1834 770 2015 839; x_wconf 85' lang='lat' dir='ltr'><strong>caput</strong></span> <span class='ocrx_word' id='word_1_70' title='bbox 2039 767 2646 839; x_wconf 83' lang='lat' dir='ltr'><strong>episcOporum).Quo</strong></span> <span class='ocrx_word' id='word_1_71' title='bbox 2677 782 2909 824; x_wconf 89' lang='lat' dir='ltr'><strong>canone</strong></span> <span class='ocrx_word' id='word_1_72' title='bbox 2929 773 3065 841; x_wconf 91' lang='lat' dir='ltr'><strong>post</strong></span> <span class='ocrx_word' id='word_1_73' title='bbox 3094 772 3346 844; x_wconf 89' lang='lat' dir='ltr'><strong>Coptum</strong></span> <span class='ocrx_word' id='word_1_74' title='bbox 3377 773 3498 830; x_wconf 90' lang='lat' dir='ltr'><strong>Ben</strong></span> 
     </span>
    </p>
   </div>
   <div class='ocr_carea' id='block_1_8' title="bbox 141 852 3528 929">
    <p class='ocr_par' dir='ltr' id='par_1_8' title="bbox 141 852 3528 929">
     <span class='ocr_line' id='line_1_8' title="bbox 141 852 3528 929; baseline 0.002 -16"><span class='ocrx_word' id='word_1_75' title='bbox 141 856 348 913; x_wconf 76' lang='lat' dir='ltr'><strong>Assali</strong></span> <span class='ocrx_word' id='word_1_76' title='bbox 376 872 523 912; x_wconf 90' lang='lat' dir='ltr'><strong>usus</strong></span> <span class='ocrx_word' id='word_1_77' title='bbox 553 859 647 911; x_wconf 89' lang='lat' dir='ltr'><strong>est</strong></span> <span class='ocrx_word' id='word_1_78' title='bbox 676 854 856 911; x_wconf 89' lang='lat' dir='ltr'><strong>etiam</strong></span> <span class='ocrx_word' id='word_1_79' title='bbox 876 853 1174 912; x_wconf 88' lang='lat' dir='ltr'><strong>Naironus</strong></span> <span class='ocrx_word' id='word_1_80' title='bbox 1203 852 1488 911; x_wconf 76' lang='lat' dir='ltr'><strong>Maronita</strong></span> <span class='ocrx_word' id='word_1_81' title='bbox 1513 853 1574 909; x_wconf 93' lang='lat' dir='ltr'><strong>in</strong></span> <span class='ocrx_word' id='word_1_82' title='bbox 1604 854 1889 925; x_wconf 80' lang='lat' dir='ltr'><strong>Evoplia,</strong></span> <span class='ocrx_word' id='word_1_83' title='bbox 1907 870 1971 927; x_wconf 90' lang='lat' dir='ltr'><strong>p.</strong></span> <span class='ocrx_word' id='word_1_84' title='bbox 2009 855 2111 909; x_wconf 81' lang='lat'><strong>276</strong></span> <span class='ocrx_word' id='word_1_85' title='bbox 2136 858 2193 910; x_wconf 89' lang='lat' dir='ltr'><strong>et</strong></span> <span class='ocrx_word' id='word_1_86' title='bbox 2206 858 2330 910; x_wconf 86' lang='lat'><strong>293.</strong></span> <span class='ocrx_word' id='word_1_87' title='bbox 2357 857 2568 912; x_wconf 63' lang='lat' dir='ltr'><strong>Praeter</strong></span> <span class='ocrx_word' id='word_1_88' title='bbox 2584 855 2686 912; x_wconf 88' lang='lat' dir='ltr'><strong>illa</strong></span> <span class='ocrx_word' id='word_1_89' title='bbox 2715 872 2851 929; x_wconf 63' lang='lat' dir='ltr'><strong>quia</strong></span> <span class='ocrx_word' id='word_1_90' title='bbox 2873 856 2949 913; x_wconf 90' lang='lat' dir='ltr'><strong>de</strong></span> <span class='ocrx_word' id='word_1_91' title='bbox 2971 857 3232 929; x_wconf 86' lang='lat' dir='ltr'><strong>primatu</strong></span> <span class='ocrx_word' id='word_1_92' title='bbox 3255 861 3528 919; x_wconf 83' lang='lat' dir='ltr'><strong>Romano</strong></span> 
     </span>
    </p>
   </div>
   <div class='ocr_carea' id='block_1_9' title="bbox 141 941 3531 1024">
    <p class='ocr_par' dir='ltr' id='par_1_9' title="bbox 141 941 3531 1024">
     <span class='ocr_line' id='line_1_9' title="bbox 141 941 3531 1024; baseline 0.001 -23"><span class='ocrx_word' id='word_1_93' title='bbox 141 945 495 1017; x_wconf 77' lang='lat' dir='ltr'><strong>disputavit</strong></span> <span class='ocrx_word' id='word_1_94' title='bbox 518 943 669 1001; x_wconf 81' lang='lat' dir='ltr'><strong>alter</strong></span> <span class='ocrx_word' id='word_1_95' title='bbox 683 943 880 1000; x_wconf 89' lang='lat' dir='ltr'><strong>clarus</strong></span> <span class='ocrx_word' id='word_1_96' title='bbox 908 944 1219 1012; x_wconf 82' lang='lat' dir='ltr'><strong>Maronita,</strong></span> <span class='ocrx_word' id='word_1_97' title='bbox 1240 941 1622 999; x_wconf 77' lang='lat' dir='ltr'><strong>Abrahamus</strong></span> <span class='ocrx_word' id='word_1_98' title='bbox 1641 942 2057 1011; x_wconf 87' lang='lat' dir='ltr'><strong>Ecchellensis,</strong></span> <span class='ocrx_word' id='word_1_99' title='bbox 2082 944 2143 999; x_wconf 92' lang='lat' dir='ltr'><strong>in</strong></span> <span class='ocrx_word' id='word_1_100' title='bbox 2166 948 2420 1001; x_wconf 86' lang='lat' dir='ltr'><strong>tractatu</strong></span> <span class='ocrx_word' id='word_1_101' title='bbox 2440 946 2522 1001; x_wconf 89' lang='lat' dir='ltr'><strong>De</strong></span> <span class='ocrx_word' id='word_1_102' title='bbox 2541 946 2774 1016; x_wconf 75' lang='lat' dir='ltr'><strong>origine</strong></span> <span class='ocrx_word' id='word_1_103' title='bbox 2790 946 3042 1003; x_wconf 76' lang='lat' dir='ltr'><strong>nominis</strong></span> <span class='ocrx_word' id='word_1_104' title='bbox 3056 962 3256 1017; x_wconf 66' lang='lat' dir='ltr'><strong>papae.</strong></span> <span class='ocrx_word' id='word_1_105' title='bbox 3277 949 3531 1024; x_wconf 62' lang='lat' dir='ltr'><strong>Addesig</strong></span> 
     </span>
    </p>
   </div>
   <div class='ocr_carea' id='block_1_10' title="bbox 140 1030 3530 1110">
    <p class='ocr_par' dir='ltr' id='par_1_10' title="bbox 140 1030 3530 1110">
     <span class='ocr_line' id='line_1_10' title="bbox 140 1030 3530 1110; baseline 0.001 -19"><span class='ocrx_word' id='word_1_106' title='bbox 140 1050 294 1107; x_wconf 66' lang='lat' dir='ltr'><strong>quae</strong></span> <span class='ocrx_word' id='word_1_107' title='bbox 310 1032 703 1091; x_wconf 76' lang='lat' dir='ltr'><strong>S.Anselmus</strong></span> <span class='ocrx_word' id='word_1_108' title='bbox 717 1032 1002 1088; x_wconf 84' lang='lat' dir='ltr'><strong>Lucencis</strong></span> <span class='ocrx_word' id='word_1_109' title='bbox 1029 1030 1402 1102; x_wconf 86' lang='lat' dir='ltr'><strong>amplissime</strong></span> <span class='ocrx_word' id='word_1_110' title='bbox 1418 1030 1494 1087; x_wconf 92' lang='lat' dir='ltr'><strong>de</strong></span> <span class='ocrx_word' id='word_1_111' title='bbox 1515 1031 1626 1087; x_wconf 88' lang='lat' dir='ltr'><strong>hac</strong></span> <span class='ocrx_word' id='word_1_112' title='bbox 1655 1047 1718 1088; x_wconf 86' lang='lat' dir='ltr'><strong>re</strong></span> <span class='ocrx_word' id='word_1_113' title='bbox 1745 1030 1952 1087; x_wconf 84' lang='lat' dir='ltr'><strong>scribit</strong></span> <span class='ocrx_word' id='word_1_114' title='bbox 2002 1030 2106 1086; x_wconf 88' lang='lat' dir='ltr'><strong>lib.</strong></span> <span class='ocrx_word' id='word_1_115' title='bbox 2137 1034 2302 1088; x_wconf 89' lang='lat' dir='ltr'><strong>letll.</strong></span> <span class='ocrx_word' id='word_1_116' title='bbox 2339 1032 2397 1087; x_wconf 90' lang='lat' dir='ltr'><strong>in</strong></span> <span class='ocrx_word' id='word_1_117' title='bbox 2441 1049 2551 1088; x_wconf 90' lang='lat' dir='ltr'><strong>sua</strong></span> <span class='ocrx_word' id='word_1_118' title='bbox 2603 1033 2948 1090; x_wconf 89' lang='lat' dir='ltr'><strong>collectione</strong></span> <span class='ocrx_word' id='word_1_119' title='bbox 2988 1036 3299 1106; x_wconf 87' lang='lat' dir='ltr'><strong>canonica,</strong></span> <span class='ocrx_word' id='word_1_120' title='bbox 3356 1039 3530 1110; x_wconf 87' lang='lat' dir='ltr'><strong>cujus</strong></span> 
     </span>
    </p>
   </div>
   <div class='ocr_carea' id='block_1_11' title="bbox 141 1113 3523 1197">
    <p class='ocr_par' dir='ltr' id='par_1_11' title="bbox 141 1113 3523 1197">
     <span class='ocr_line' id='line_1_11' title="bbox 141 1113 3523 1197; baseline 0.001 -18"><span class='ocrx_word' id='word_1_121' title='bbox 141 1139 263 1179; x_wconf 84' lang='lat' dir='ltr'><strong>nos</strong></span> <span class='ocrx_word' id='word_1_122' title='bbox 293 1122 503 1179; x_wconf 89' lang='lat' dir='ltr'><strong>titulos</strong></span> <span class='ocrx_word' id='word_1_123' title='bbox 554 1120 873 1177; x_wconf 88' lang='lat' dir='ltr'><strong>edidimus.</strong></span> <span class='ocrx_word' id='word_1_124' title='bbox 901 1119 1070 1177; x_wconf 77' lang='lat' dir='ltr'><strong>Adde</strong></span> <span class='ocrx_word' id='word_1_125' title='bbox 1092 1119 1236 1176; x_wconf 84' lang='lat' dir='ltr'><strong>item</strong></span> <span class='ocrx_word' id='word_1_126' title='bbox 1269 1120 1394 1176; x_wconf 92' lang='lat' dir='ltr'><strong>duo</strong></span> <span class='ocrx_word' id='word_1_127' title='bbox 1414 1135 1576 1177; x_wconf 85' lang='lat' dir='ltr'><strong>nova</strong></span> <span class='ocrx_word' id='word_1_128' title='bbox 1595 1119 1933 1177; x_wconf 89' lang='lat' dir='ltr'><strong>testimonia</strong></span> <span class='ocrx_word' id='word_1_129' title='bbox 1959 1119 2018 1175; x_wconf 88' lang='lat' dir='ltr'><strong>in</strong></span> <span class='ocrx_word' id='word_1_130' title='bbox 2041 1122 2260 1176; x_wconf 89' lang='lat' dir='ltr'><strong>nostris</strong></span> <span class='ocrx_word' id='word_1_131' title='bbox 2288 1121 2600 1192; x_wconf 80' lang='lat' dir='ltr'><strong>Augustini</strong></span> <span class='ocrx_word' id='word_1_132' title='bbox 2628 1122 3006 1179; x_wconf 87' lang='lat' dir='ltr'><strong>sermonibus</strong></span> <span class='ocrx_word' id='word_1_133' title='bbox 3034 1113 3331 1182; x_wconf 78' lang='lat' dir='ltr'><strong>Vaticanis</strong></span> <span class='ocrx_word' id='word_1_134' title='bbox 3357 1128 3469 1197; x_wconf 71' lang='grc' dir='ltr'>ιιι,</span> <span class='ocrx_word' id='word_1_135' title='bbox 3500 1130 3523 1184; x_wconf 78' lang='grc'><strong>1</strong></span> 
     </span>
    </p>
   </div>
   <div class='ocr_carea' id='block_1_12' title="bbox 143 1207 3526 1285">
    <p class='ocr_par' dir='ltr' id='par_1_12' title="bbox 143 1207 3526 1285">
     <span class='ocr_line' id='line_1_12' title="bbox 143 1207 3526 1285; baseline 0.002 -19"><span class='ocrx_word' id='word_1_136' title='bbox 143 1216 204 1266; x_wconf 91' lang='lat' dir='ltr'><strong>et</strong></span> <span class='ocrx_word' id='word_1_137' title='bbox 244 1212 406 1280; x_wconf 80' lang='lat' dir='ltr'><strong>CXX,</strong></span> <span class='ocrx_word' id='word_1_138' title='bbox 444 1212 534 1266; x_wconf 78' lang='grc'><strong>13.</strong></span> <span class='ocrx_word' id='word_1_139' title='bbox 562 1209 826 1282; x_wconf 88' lang='lat' dir='ltr'><strong>Denique</strong></span> <span class='ocrx_word' id='word_1_140' title='bbox 858 1208 1052 1266; x_wconf 85' lang='lat' dir='ltr'><strong>Casin.</strong></span> <span class='ocrx_word' id='word_1_141' title='bbox 1108 1207 1460 1265; x_wconf 88' lang='lat' dir='ltr'><strong>Parisiensis</strong></span> <span class='ocrx_word' id='word_1_142' title='bbox 1487 1224 1687 1265; x_wconf 86' lang='lat' dir='ltr'><strong>sermo</strong></span> <span class='ocrx_word' id='word_1_143' title='bbox 1729 1210 1909 1276; x_wconf 87' lang='lat' dir='ltr'><strong>XXIII,</strong></span> <span class='ocrx_word' id='word_1_144' title='bbox 1951 1210 2096 1281; x_wconf 87' lang='lat' dir='ltr'><strong>quia</strong></span> <span class='ocrx_word' id='word_1_145' title='bbox 2122 1209 2301 1265; x_wconf 88' lang='lat' dir='ltr'><strong>nobis</strong></span> <span class='ocrx_word' id='word_1_146' title='bbox 2333 1210 2392 1266; x_wconf 91' lang='lat' dir='ltr'><strong>in</strong></span> <span class='ocrx_word' id='word_1_147' title='bbox 2424 1210 2567 1267; x_wconf 89' lang='lat' dir='ltr'><strong>item</strong></span> <span class='ocrx_word' id='word_1_148' title='bbox 2605 1210 2741 1267; x_wconf 89' lang='lat' dir='ltr'><strong>cod.</strong></span> <span class='ocrx_word' id='word_1_149' title='bbox 2775 1213 2902 1268; x_wconf 90' lang='lat' dir='ltr'><strong>Vat.</strong></span> <span class='ocrx_word' id='word_1_150' title='bbox 2937 1212 3132 1270; x_wconf 90' lang='lat' dir='ltr'><strong>Ottob.</strong></span> <span class='ocrx_word' id='word_1_151' title='bbox 3155 1220 3280 1283; x_wconf 84' lang='lat'><strong>977,</strong></span> <span class='ocrx_word' id='word_1_152' title='bbox 3330 1215 3372 1272; x_wconf 88' lang='lat' dir='ltr'><strong>f.</strong></span> <span class='ocrx_word' id='word_1_153' title='bbox 3399 1219 3526 1285; x_wconf 78' lang='lat'><strong>262,</strong></span> 
     </span>
    </p>
   </div>
   <div class='ocr_carea' id='block_1_13' title="bbox 145 1296 3083 1372">
    <p class='ocr_par' dir='ltr' id='par_1_13' title="bbox 145 1296 3083 1372">
     <span class='ocr_line' id='line_1_13' title="bbox 145 1296 3083 1372; baseline 0.001 -17"><span class='ocrx_word' id='word_1_154' title='bbox 145 1299 495 1370; x_wconf 82' lang='lat' dir='ltr'><strong>legebatur,</strong></span> <span class='ocrx_word' id='word_1_155' title='bbox 528 1298 613 1355; x_wconf 89' lang='lat' dir='ltr'><strong>ita</strong></span> <span class='ocrx_word' id='word_1_156' title='bbox 633 1297 1032 1355; x_wconf 88' lang='lat' dir='ltr'><strong>concluditur.</strong></span> <span class='ocrx_word' id='word_1_157' title='bbox 1075 1318 1104 1348; x_wconf 86' lang='grc'><strong>‹‹</strong></span> <span class='ocrx_word' id='word_1_158' title='bbox 1132 1296 1544 1355; x_wconf 89' lang='lat' dir='ltr'><strong>Communicet</strong></span> <span class='ocrx_word' id='word_1_159' title='bbox 1571 1300 1760 1370; x_wconf 87' lang='lat' dir='ltr'><strong>Petro,</strong></span> <span class='ocrx_word' id='word_1_160' title='bbox 1793 1298 1901 1371; x_wconf 85' lang='lat' dir='ltr'><strong>qui</strong></span> <span class='ocrx_word' id='word_1_161' title='bbox 1930 1298 2057 1355; x_wconf 82' lang='lat' dir='ltr'><strong>vult</strong></span> <span class='ocrx_word' id='word_1_162' title='bbox 2082 1303 2316 1372; x_wconf 88' lang='lat' dir='ltr'><strong>partem</strong></span> <span class='ocrx_word' id='word_1_163' title='bbox 2344 1297 2568 1357; x_wconf 86' lang='lat' dir='ltr'><strong>habere</strong></span> <span class='ocrx_word' id='word_1_164' title='bbox 2597 1316 2736 1357; x_wconf 88' lang='lat' dir='ltr'><strong>cum</strong></span> <span class='ocrx_word' id='word_1_165' title='bbox 2768 1301 3020 1360; x_wconf 89' lang='lat' dir='ltr'><strong>Christo.</strong></span> <span class='ocrx_word' id='word_1_166' title='bbox 3054 1323 3083 1352; x_wconf 87' lang='grc'><strong>››</strong></span> 
     </span>
    </p>
   </div>
   <div class='ocr_carea' id='block_1_14' title="bbox 600 1621 3103 1738">
    <p class='ocr_par' dir='ltr' id='par_1_14' title="bbox 600 1621 3103 1738">
     <span class='ocr_line' id='line_1_14' title="bbox 600 1621 3103 1738; baseline -0.002 0"><span class='ocrx_word' id='word_1_167' title='bbox 600 1621 1385 1738; x_wconf 84' lang='grc' dir='ltr'><strong>ΘΕΟΔΩΡΟΥ</strong></span> <span class='ocrx_word' id='word_1_168' title='bbox 1459 1621 2346 1736; x_wconf 80' lang='grc' dir='ltr'><strong>ΕΠΙΣΚΟΠΟΥ</strong></span> <span class='ocrx_word' id='word_1_169' title='bbox 2421 1621 3103 1736; x_wconf 85' lang='grc' dir='ltr'><strong>ΑΝΔΙΔΩΝ</strong></span> 
     </span>
    </p>
   </div>
   <div class='ocr_carea' id='block_1_15' title="bbox 1404 1806 2291 1857">
    <p class='ocr_par' dir='ltr' id='par_1_15' title="bbox 1404 1806 2291 1857">
     <span class='ocr_line' id='line_1_15' title="bbox 1404 1806 2291 1857; baseline 0 -3"><span class='ocrx_word' id='word_1_170' title='bbox 1404 1806 1781 1857; x_wconf 80' lang='grc' dir='ltr'><strong>ΠΡΟΘΕΩΡΙΑ</strong></span> <span class='ocrx_word' id='word_1_171' title='bbox 1826 1806 2291 1855; x_wconf 66' lang='grc' dir='ltr'><strong>ΚΕΦΑΛΛΙΩΔΗΣ</strong></span> 
     </span>
    </p>
   </div>
   <div class='ocr_carea' id='block_1_16' title="bbox 525 1931 3159 2001">
    <p class='ocr_par' dir='ltr' id='par_1_16' title="bbox 525 1931 3159 2001">
     <span class='ocr_line' id='line_1_16' title="bbox 525 1931 3159 2001; baseline -0 -16"><span class='ocrx_word' id='word_1_172' title='bbox 525 1934 675 1985; x_wconf 85' lang='grc' dir='ltr'><strong>ΗΕΡΙ</strong></span> <span class='ocrx_word' id='word_1_173' title='bbox 715 1936 847 1984; x_wconf 80' lang='grc' dir='ltr'>ΤΩΝ</span> <span class='ocrx_word' id='word_1_174' title='bbox 891 1935 977 1981; x_wconf 84' lang='grc' dir='ltr'><strong>ΕΝ</strong></span> <span class='ocrx_word' id='word_1_175' title='bbox 1015 1934 1100 2001; x_wconf 83' lang='grc' dir='ltr'><strong>Ἰᾚ</strong></span> <span class='ocrx_word' id='word_1_176' title='bbox 1143 1932 1299 1999; x_wconf 71' lang='grc' dir='ltr'><strong>ΘΕΙᾼ</strong></span> <span class='ocrx_word' id='word_1_177' title='bbox 1342 1932 1737 1999; x_wconf 70' lang='grc' dir='ltr'><strong>ΛΕΙΤΟΥΡΓΙᾼ</strong></span> <span class='ocrx_word' id='word_1_178' title='bbox 1778 1932 2177 1980; x_wconf 78' lang='grc' dir='ltr'><strong>ΓΙΝΟΜΕΝΩΝ</strong></span> <span class='ocrx_word' id='word_1_179' title='bbox 2218 1931 2579 1979; x_wconf 80' lang='grc' dir='ltr'><strong>ΣΥΜΒΟΛΩΝ</strong></span> <span class='ocrx_word' id='word_1_180' title='bbox 2622 1933 2733 1981; x_wconf 73' lang='grc' dir='ltr'><strong>ΚΑΙ</strong></span> <span class='ocrx_word' id='word_1_181' title='bbox 2774 1934 3159 1984; x_wconf 83' lang='grc' dir='ltr'><strong>ΜΥΣἸἮΡΙΩΝ</strong></span> 
     </span>
    </p>
   </div>
   <div class='ocr_carea' id='block_1_17' title="bbox 1714 2051 2011 2108">
    <p class='ocr_par' dir='ltr' id='par_1_17' title="bbox 1714 2051 2011 2108">
     <span class='ocr_line' id='line_1_17' title="bbox 1714 2051 2011 2108; baseline -0.003 -4"><span class='ocrx_word' id='word_1_182' title='bbox 1714 2051 2011 2108; x_wconf 71' lang='grc' dir='ltr'>Πονηθείσει</span> 
     </span>
    </p>
   </div>
   <div class='ocr_carea' id='block_1_18' title="bbox 739 2173 2939 2253">
    <p class='ocr_par' dir='ltr' id='par_1_18' title="bbox 739 2173 2939 2253">
     <span class='ocr_line' id='line_1_18' title="bbox 739 2173 2939 2253; baseline -0.002 -21"><span class='ocrx_word' id='word_1_183' title='bbox 739 2178 796 2232; x_wconf 79' lang='grc' dir='ltr'><em>ἐκ</em></span> <span class='ocrx_word' id='word_1_184' title='bbox 826 2185 1123 2253; x_wconf 74' lang='grc' dir='ltr'><strong>προτροπῆς</strong></span> <span class='ocrx_word' id='word_1_185' title='bbox 1151 2181 1242 2229; x_wconf 79' lang='grc' dir='ltr'><strong>καὶ</strong></span> <span class='ocrx_word' id='word_1_186' title='bbox 1274 2174 1531 2239; x_wconf 78' lang='grc' dir='ltr'>ἀξιώσεως</span> <span class='ocrx_word' id='word_1_187' title='bbox 1558 2182 1651 2228; x_wconf 82' lang='grc' dir='ltr'>τοῦ</span> <span class='ocrx_word' id='word_1_188' title='bbox 1682 2174 2074 2248; x_wconf 72' lang='grc' dir='ltr'><strong>θεοφιλεστάτου</strong></span> <span class='ocrx_word' id='word_1_189' title='bbox 2106 2173 2391 2228; x_wconf 74' lang='grc' dir='ltr'><strong>ἐπισκόπου</strong></span> <span class='ocrx_word' id='word_1_190' title='bbox 2423 2174 2638 2237; x_wconf 70' lang='grc' dir='ltr'>Φυτείας</span> <span class='ocrx_word' id='word_1_191' title='bbox 2668 2176 2939 2230; x_wconf 87' lang='grc' dir='ltr'>Βασιλείου</span> 
     </span>
    </p>
   </div>
   <div class='ocr_carea' id='block_1_19' title="bbox 438 2442 3264 2574">
    <p class='ocr_par' dir='ltr' id='par_1_19' title="bbox 438 2442 3264 2574">
     <span class='ocr_line' id='line_1_19' title="bbox 438 2442 3264 2574; baseline -0.002 -1"><span class='ocrx_word' id='word_1_192' title='bbox 438 2448 1306 2574; x_wconf 85' lang='lat' dir='ltr'><strong>THEODORI</strong></span> <span class='ocrx_word' id='word_1_193' title='bbox 1393 2442 2144 2566; x_wconf 86' lang='lat' dir='ltr'><strong>EPISCOPI</strong></span> <span class='ocrx_word' id='word_1_194' title='bbox 2232 2443 3264 2568; x_wconf 85' lang='lat' dir='ltr'><strong>ANDIDORUM</strong></span> 
     </span>
    </p>
   </div>
   <div class='ocr_carea' id='block_1_20' title="bbox 1465 2648 2234 2696">
    <p class='ocr_par' dir='ltr' id='par_1_20' title="bbox 1465 2648 2234 2696">
     <span class='ocr_line' id='line_1_20' title="bbox 1465 2648 2234 2696; baseline -0.003 0"><span class='ocrx_word' id='word_1_195' title='bbox 1465 2650 1714 2696; x_wconf 74' lang='lat' dir='ltr'><strong>BREVIS</strong></span> <span class='ocrx_word' id='word_1_196' title='bbox 1751 2649 2028 2695; x_wconf 78' lang='lat' dir='ltr'><strong>COMMEN</strong></span> <span class='ocrx_word' id='word_1_197' title='bbox 2036 2648 2234 2694; x_wconf 75' lang='lat' dir='ltr'><strong>TATIO</strong></span> 
     </span>
    </p>
   </div>
   <div class='ocr_carea' id='block_1_21' title="bbox 1018 2762 2687 2822">
    <p class='ocr_par' dir='ltr' id='par_1_21' title="bbox 1018 2762 2687 2822">
     <span class='ocr_line' id='line_1_21' title="bbox 1018 2762 2687 2822; baseline -0.003 0"><span class='ocrx_word' id='word_1_198' title='bbox 1018 2768 1105 2822; x_wconf 79' lang='lat' dir='ltr'><strong>DE</strong></span> <span class='ocrx_word' id='word_1_199' title='bbox 1146 2764 1398 2821; x_wconf 62' lang='grc' dir='ltr'><strong>ῡινΙΝΑς</strong></span> <span class='ocrx_word' id='word_1_200' title='bbox 1442 2764 1781 2819; x_wconf 71' lang='grc' dir='ltr'><strong>ΙΛΤΠΗΩΗΣ</strong></span> <span class='ocrx_word' id='word_1_201' title='bbox 1824 2762 2162 2818; x_wconf 74' lang='lat' dir='ltr'><strong>SYMBOLIS</strong></span> <span class='ocrx_word' id='word_1_202' title='bbox 2199 2762 2289 2817; x_wconf 83' lang='lat' dir='ltr'><strong>AC</strong></span> <span class='ocrx_word' id='word_1_203' title='bbox 2326 2763 2687 2818; x_wconf 81' lang='lat' dir='ltr'><strong>MYSTERIIS</strong></span> 
     </span>
    </p>
   </div>
   <div class='ocr_carea' id='block_1_22' title="bbox 1678 2885 2026 2958">
    <p class='ocr_par' dir='ltr' id='par_1_22' title="bbox 1678 2885 2026 2958">
     <span class='ocr_line' id='line_1_22' title="bbox 1678 2885 2026 2958; baseline 0 -17"><span class='ocrx_word' id='word_1_204' title='bbox 1678 2885 1822 2942; x_wconf 91' lang='lat' dir='ltr'><strong>Com</strong></span> <span class='ocrx_word' id='word_1_205' title='bbox 1831 2886 2026 2958; x_wconf 87' lang='lat' dir='ltr'><strong>posita</strong></span> 
     </span>
    </p>
   </div>
   <div class='ocr_carea' id='block_1_23' title="bbox 797 3009 2923 3086">
    <p class='ocr_par' dir='ltr' id='par_1_23' title="bbox 797 3009 2923 3086">
     <span class='ocr_line' id='line_1_23' title="bbox 797 3009 2923 3086; baseline -0.004 -13"><span class='ocrx_word' id='word_1_206' title='bbox 797 3016 1074 3073; x_wconf 85' lang='lat' dir='ltr'><strong>hortante</strong></span> <span class='ocrx_word' id='word_1_207' title='bbox 1104 3029 1176 3071; x_wconf 89' lang='lat' dir='ltr'><strong>ac</strong></span> <span class='ocrx_word' id='word_1_208' title='bbox 1203 3011 1549 3086; x_wconf 86' lang='lat' dir='ltr'><strong>postulante</strong></span> <span class='ocrx_word' id='word_1_209' title='bbox 1572 3012 1691 3067; x_wconf 92' lang='lat' dir='ltr'><strong>Deo</strong></span> <span class='ocrx_word' id='word_1_210' title='bbox 1721 3009 2077 3066; x_wconf 88' lang='lat' dir='ltr'><strong>charissimo</strong></span> <span class='ocrx_word' id='word_1_211' title='bbox 2102 3011 2389 3082; x_wconf 89' lang='lat' dir='ltr'><strong>episcopo</strong></span> <span class='ocrx_word' id='word_1_212' title='bbox 2428 3009 2651 3082; x_wconf 73' lang='lat' dir='ltr'><strong>Phytias</strong></span> <span class='ocrx_word' id='word_1_213' title='bbox 2683 3010 2923 3067; x_wconf 86' lang='lat' dir='ltr'><strong>Basilio.</strong></span> 
     </span>
    </p>
   </div>
   <div class='ocr_carea' id='block_1_24' title="bbox 237 3310 1828 3393">
    <p class='ocr_par' dir='ltr' id='par_1_24' title="bbox 237 3313 1828 3393">
     <span class='ocr_line' id='line_1_24' title="bbox 237 3313 1828 3393; baseline -0.008 -17"><span class='ocrx_word' id='word_1_214' title='bbox 237 3324 305 3379; x_wconf 87' lang='grc' dir='ltr'><strong>α’.</strong></span> <span class='ocrx_word' id='word_1_215' title='bbox 363 3323 551 3377; x_wconf 72' lang='grc' dir='ltr'>Πολλοὶ</span> <span class='ocrx_word' id='word_1_216' title='bbox 606 3330 707 3374; x_wconf 78' lang='grc' dir='ltr'>τῶν</span> <span class='ocrx_word' id='word_1_217' title='bbox 777 3321 1018 3393; x_wconf 83' lang='grc' dir='ltr'>ἱερᾶσθαι</span> <span class='ocrx_word' id='word_1_218' title='bbox 1077 3316 1370 3390; x_wconf 75' lang='grc' dir='ltr'><strong>ἠξιωμένων</strong></span> <span class='ocrx_word' id='word_1_219' title='bbox 1446 3317 1600 3368; x_wconf 80' lang='grc' dir='ltr'>ἴσασι</span> <span class='ocrx_word' id='word_1_220' title='bbox 1675 3314 1763 3385; x_wconf 70' lang='grc' dir='ltr'>μὶν</span> <span class='ocrx_word' id='word_1_221' title='bbox 1795 3313 1828 3365; x_wconf 71' lang='grc' dir='ltr'>Α</span> 
     </span>
    </p>
   </div>
   <div class='ocr_carea' id='block_1_25' title="bbox 1942 3310 3533 3393">
    <p class='ocr_par' dir='ltr' id='par_1_25' title="bbox 1960 3310 3533 3385">
     <span class='ocr_line' id='line_1_25' title="bbox 1960 3310 3533 3385; baseline 0.004 -20"><span class='ocrx_word' id='word_1_222' title='bbox 1960 3312 2009 3365; x_wconf 73' lang='grc'><strong>1.</strong></span> <span class='ocrx_word' id='word_1_223' title='bbox 2045 3312 2201 3369; x_wconf 83' lang='lat' dir='ltr'><strong>Multi</strong></span> <span class='ocrx_word' id='word_1_224' title='bbox 2230 3311 2334 3385; x_wconf 88' lang='lat' dir='ltr'><strong>qui</strong></span> <span class='ocrx_word' id='word_1_225' title='bbox 2367 3310 2685 3368; x_wconf 87' lang='lat' dir='ltr'><strong>sacerdotii</strong></span> <span class='ocrx_word' id='word_1_226' title='bbox 2704 3310 2902 3367; x_wconf 72' lang='lat' dir='ltr'><strong>omcio</strong></span> <span class='ocrx_word' id='word_1_227' title='bbox 2935 3311 3287 3383; x_wconf 81' lang='lat' dir='ltr'><strong>funguntur,</strong></span> <span class='ocrx_word' id='word_1_228' title='bbox 3340 3314 3533 3372; x_wconf 89' lang='lat' dir='ltr'><strong>sciunt</strong></span> 
     </span>
    </p>
   </div>
   <div class='ocr_carea' id='block_1_26' title="bbox 159 3398 1750 3487">
    <p class='ocr_par' dir='ltr' id='par_1_26' title="bbox 159 3403 1750 3487">
     <span class='ocr_line' id='line_1_26' title="bbox 159 3403 1750 3487; baseline -0.007 -23"><span class='ocrx_word' id='word_1_229' title='bbox 159 3419 256 3467; x_wconf 81' lang='grc' dir='ltr'><strong>καὶ</strong></span> <span class='ocrx_word' id='word_1_230' title='bbox 302 3412 620 3487; x_wconf 70' lang='grc' dir='ltr'><strong>ὁμολογοῦσι</strong></span> <span class='ocrx_word' id='word_1_231' title='bbox 670 3412 736 3463; x_wconf 82' lang='grc' dir='ltr'>τὰ</span> <span class='ocrx_word' id='word_1_232' title='bbox 784 3413 832 3462; x_wconf 73' lang='grc' dir='ltr'>ἓν</span> <span class='ocrx_word' id='word_1_233' title='bbox 887 3416 951 3481; x_wconf 73' lang='grc' dir='ltr'>τῇ</span> <span class='ocrx_word' id='word_1_234' title='bbox 1007 3410 1118 3480; x_wconf 69' lang='grc' dir='ltr'>θείᾳ</span> <span class='ocrx_word' id='word_1_235' title='bbox 1177 3409 1441 3483; x_wconf 76' lang='grc' dir='ltr'><strong>ἱερουργίᾳ</strong></span> <span class='ocrx_word' id='word_1_236' title='bbox 1490 3403 1750 3471; x_wconf 70' lang='grc' dir='ltr'><strong>τελούμενα</strong></span> 
     </span>
    </p>
   </div>
   <div class='ocr_carea' id='block_1_27' title="bbox 1942 3398 3533 3487">
    <p class='ocr_par' dir='ltr' id='par_1_27' title="bbox 1942 3398 3533 3480">
     <span class='ocr_line' id='line_1_27' title="bbox 1942 3398 3533 3480; baseline -0.002 -18"><span class='ocrx_word' id='word_1_237' title='bbox 1942 3406 2159 3480; x_wconf 85' lang='lat' dir='ltr'><strong>[uidem</strong></span> <span class='ocrx_word' id='word_1_238' title='bbox 2190 3409 2246 3459; x_wconf 92' lang='lat' dir='ltr'><strong>et</strong></span> <span class='ocrx_word' id='word_1_239' title='bbox 2271 3398 2651 3469; x_wconf 66' lang='lat' dir='ltr'><strong>comitentur,</strong></span> <span class='ocrx_word' id='word_1_240' title='bbox 2681 3415 2753 3456; x_wconf 89' lang='lat' dir='ltr'><strong>ea</strong></span> <span class='ocrx_word' id='word_1_241' title='bbox 2788 3415 2926 3474; x_wconf 70' lang='lat' dir='ltr'><strong>quae</strong></span> <span class='ocrx_word' id='word_1_242' title='bbox 2950 3400 3009 3458; x_wconf 92' lang='lat' dir='ltr'><strong>in</strong></span> <span class='ocrx_word' id='word_1_243' title='bbox 3062 3400 3268 3459; x_wconf 86' lang='lat' dir='ltr'><strong>divina</strong></span> <span class='ocrx_word' id='word_1_244' title='bbox 3293 3401 3533 3473; x_wconf 87' lang='lat' dir='ltr'><strong>liturgia</strong></span> 
     </span>
    </p>
   </div>
   <div class='ocr_carea' id='block_1_28' title="bbox 160 3487 1751 3571">
    <p class='ocr_par' dir='ltr' id='par_1_28' title="bbox 160 3498 1751 3571">
     <span class='ocr_line' id='line_1_28' title="bbox 160 3498 1751 3571; baseline -0.009 -15"><span class='ocrx_word' id='word_1_245' title='bbox 160 3506 327 3556; x_wconf 73' lang='grc' dir='ltr'>τύπον</span> <span class='ocrx_word' id='word_1_246' title='bbox 388 3502 516 3555; x_wconf 82' lang='grc' dir='ltr'>εἰναι</span> <span class='ocrx_word' id='word_1_247' title='bbox 568 3508 660 3553; x_wconf 75' lang='grc' dir='ltr'>τοῦ</span> <span class='ocrx_word' id='word_1_248' title='bbox 727 3503 991 3571; x_wconf 79' lang='grc' dir='ltr'>Σωτηρίου</span> <span class='ocrx_word' id='word_1_249' title='bbox 1045 3498 1245 3558; x_wconf 77' lang='grc' dir='ltr'>πάθους</span> <span class='ocrx_word' id='word_1_250' title='bbox 1294 3501 1384 3547; x_wconf 84' lang='grc' dir='ltr'><strong>καὶ</strong></span> <span class='ocrx_word' id='word_1_251' title='bbox 1439 3502 1531 3555; x_wconf 83' lang='grc' dir='ltr'><strong>τῆς</strong></span> <span class='ocrx_word' id='word_1_252' title='bbox 1599 3500 1751 3566; x_wconf 59' lang='grc' dir='ltr'>ταφῆς</span> 
     </span>
    </p>
   </div>
   <div class='ocr_carea' id='block_1_29' title="bbox 1942 3487 3533 3571">
    <p class='ocr_par' dir='ltr' id='par_1_29' title="bbox 1942 3487 3533 3565">
     <span class='ocr_line' id='line_1_29' title="bbox 1942 3487 3533 3565; baseline -0.003 -13"><span class='ocrx_word' id='word_1_253' title='bbox 1942 3500 2046 3562; x_wconf 78' lang='lat' dir='ltr'><strong>int,</strong></span> <span class='ocrx_word' id='word_1_254' title='bbox 2075 3492 2335 3561; x_wconf 76' lang='lat' dir='ltr'><strong>ﬁguram</strong></span> <span class='ocrx_word' id='word_1_255' title='bbox 2361 3505 2492 3545; x_wconf 89' lang='lat' dir='ltr'><strong>esse</strong></span> <span class='ocrx_word' id='word_1_256' title='bbox 2521 3487 2844 3546; x_wconf 86' lang='lat' dir='ltr'><strong>Salvatoris</strong></span> <span class='ocrx_word' id='word_1_257' title='bbox 2875 3490 3198 3562; x_wconf 82' lang='lat' dir='ltr'><strong>passionis,</strong></span> <span class='ocrx_word' id='word_1_258' title='bbox 3249 3495 3306 3549; x_wconf 90' lang='lat' dir='ltr'><strong>et</strong></span> <span class='ocrx_word' id='word_1_259' title='bbox 3336 3492 3533 3565; x_wconf 82' lang='lat' dir='ltr'><strong>sepul-</strong></span> 
     </span>
    </p>
   </div>
   <div class='ocr_carea' id='block_1_30' title="bbox 160 3577 1751 3660">
    <p class='ocr_par' dir='ltr' id='par_1_30' title="bbox 160 3585 1743 3660">
     <span class='ocr_line' id='line_1_30' title="bbox 160 3585 1743 3660; baseline -0.009 -15"><span class='ocrx_word' id='word_1_260' title='bbox 160 3598 378 3652; x_wconf 80' lang='grc' dir='ltr'><strong>καὶτῆς</strong></span> <span class='ocrx_word' id='word_1_261' title='bbox 448 3589 785 3648; x_wconf 76' lang='grc' dir='ltr'><strong>ἀναστάσεως</strong></span> <span class='ocrx_word' id='word_1_262' title='bbox 833 3595 924 3640; x_wconf 77' lang='grc' dir='ltr'>τοῦ</span> <span class='ocrx_word' id='word_1_263' title='bbox 980 3593 1207 3660; x_wconf 83' lang='grc' dir='ltr'>Χριοτοῡ</span> <span class='ocrx_word' id='word_1_264' title='bbox 1264 3589 1354 3637; x_wconf 83' lang='grc' dir='ltr'>καὶ</span> <span class='ocrx_word' id='word_1_265' title='bbox 1408 3589 1541 3637; x_wconf 76' lang='grc' dir='ltr'>Θεοῦ</span> <span class='ocrx_word' id='word_1_266' title='bbox 1597 3585 1743 3654; x_wconf 79' lang='grc' dir='ltr'>ἡμῶν</span> 
     </span>
    </p>
   </div>
   <div class='ocr_carea' id='block_1_31' title="bbox 1939 3577 3530 3660">
    <p class='ocr_par' dir='ltr' id='par_1_31' title="bbox 1939 3577 3530 3641">
     <span class='ocr_line' id='line_1_31' title="bbox 1939 3577 3530 3641; baseline -0.001 -2"><span class='ocrx_word' id='word_1_267' title='bbox 1939 3601 2023 3641; x_wconf 69' lang='grc' dir='ltr'><strong>,τω</strong></span> <span class='ocrx_word' id='word_1_268' title='bbox 2054 3598 2123 3640; x_wconf 90' lang='lat' dir='ltr'><strong>ac</strong></span> <span class='ocrx_word' id='word_1_269' title='bbox 2152 3578 2600 3638; x_wconf 90' lang='lat' dir='ltr'><strong>resurrectionis</strong></span> <span class='ocrx_word' id='word_1_270' title='bbox 2629 3577 2949 3635; x_wconf 88' lang='lat' dir='ltr'><strong>Salvatoris</strong></span> <span class='ocrx_word' id='word_1_271' title='bbox 2978 3578 3189 3636; x_wconf 83' lang='lat' dir='ltr'><strong>Christi</strong></span> <span class='ocrx_word' id='word_1_272' title='bbox 3211 3580 3530 3638; x_wconf 88' lang='lat' dir='ltr'><strong>Deinostri.</strong></span> 
     </span>
    </p>
   </div>
   <div class='ocr_carea' id='block_1_32' title="bbox 162 3666 1753 3750">
    <p class='ocr_par' dir='ltr' id='par_1_32' title="bbox 162 3666 1753 3750">
     <span class='ocr_line' id='line_1_32' title="bbox 162 3666 1753 3750; baseline -0.008 -17"><span class='ocrx_word' id='word_1_273' title='bbox 162 3683 246 3733; x_wconf 87' lang='grc' dir='ltr'>ὅτι</span> <span class='ocrx_word' id='word_1_274' title='bbox 276 3676 339 3733; x_wconf 67' lang='grc' dir='ltr'><strong>δὲ</strong></span> <span class='ocrx_word' id='word_1_275' title='bbox 375 3684 467 3730; x_wconf 78' lang='grc' dir='ltr'><strong>καὶ</strong></span> <span class='ocrx_word' id='word_1_276' title='bbox 493 3679 673 3738; x_wconf 76' lang='grc' dir='ltr'>πάσης</span> <span class='ocrx_word' id='word_1_277' title='bbox 699 3684 794 3738; x_wconf 83' lang='grc' dir='ltr'><strong>τῆς</strong></span> <span class='ocrx_word' id='word_1_278' title='bbox 836 3675 997 3728; x_wconf 70' lang='grc' dir='ltr'>αὑτοῦ</span> <span class='ocrx_word' id='word_1_279' title='bbox 1025 3678 1156 3750; x_wconf 86' lang='grc' dir='ltr'>πρὸς</span> <span class='ocrx_word' id='word_1_280' title='bbox 1208 3676 1347 3745; x_wconf 83' lang='grc' dir='ltr'>ἡμᾶς</span> <span class='ocrx_word' id='word_1_281' title='bbox 1397 3666 1753 3747; x_wconf 68' lang='grc' dir='ltr'>σωτηριῳδους</span> 
     </span>
    </p>
   </div>
   <div class='ocr_carea' id='block_1_33' title="bbox 1945 3666 3536 3750">
    <p class='ocr_par' dir='ltr' id='par_1_33' title="bbox 1945 3667 3536 3739">
     <span class='ocr_line' id='line_1_33' title="bbox 1945 3667 3536 3739; baseline -0.003 -9"><span class='ocrx_word' id='word_1_282' title='bbox 1945 3672 2049 3730; x_wconf 86' lang='lat' dir='ltr'><strong>10d</strong></span> <span class='ocrx_word' id='word_1_283' title='bbox 2070 3676 2272 3728; x_wconf 88' lang='lat' dir='ltr'><strong>autem</strong></span> <span class='ocrx_word' id='word_1_284' title='bbox 2302 3668 2576 3739; x_wconf 86' lang='lat' dir='ltr'><strong>ejusdem</strong></span> <span class='ocrx_word' id='word_1_285' title='bbox 2630 3682 2874 3739; x_wconf 76' lang='lat' dir='ltr'><strong>quoque</strong></span> <span class='ocrx_word' id='word_1_286' title='bbox 2926 3667 3205 3725; x_wconf 78' lang='lat' dir='ltr'><strong>salutaris</strong></span> <span class='ocrx_word' id='word_1_287' title='bbox 3236 3668 3536 3726; x_wconf 81' lang='lat' dir='ltr'><strong>adventus</strong></span> 
     </span>
    </p>
   </div>
   <div class='ocr_carea' id='block_1_34' title="bbox 161 3754 1752 3841">
    <p class='ocr_par' dir='ltr' id='par_1_34' title="bbox 161 3762 1752 3841">
     <span class='ocr_line' id='line_1_34' title="bbox 161 3762 1752 3841; baseline -0.008 -19"><span class='ocrx_word' id='word_1_288' title='bbox 161 3766 456 3841; x_wconf 73' lang='grc' dir='ltr'><strong>ἐπιδημίας</strong></span> <span class='ocrx_word' id='word_1_289' title='bbox 508 3785 563 3819; x_wconf 88' lang='grc' dir='ltr'><strong>τε</strong></span> <span class='ocrx_word' id='word_1_290' title='bbox 616 3770 707 3818; x_wconf 81' lang='grc' dir='ltr'>καὶ</span> <span class='ocrx_word' id='word_1_291' title='bbox 755 3765 1049 3838; x_wconf 82' lang='grc' dir='ltr'>οἰκονομίας</span> <span class='ocrx_word' id='word_1_292' title='bbox 1108 3767 1428 3835; x_wconf 73' lang='grc' dir='ltr'><strong>σημαίνουσι</strong></span> <span class='ocrx_word' id='word_1_293' title='bbox 1478 3762 1543 3812; x_wconf 77' lang='grc' dir='ltr'>τὰ</span> <span class='ocrx_word' id='word_1_294' title='bbox 1597 3777 1752 3833; x_wconf 82' lang='grc' dir='ltr'>παρη·</span> 
     </span>
    </p>
   </div>
   <div class='ocr_carea' id='block_1_35' title="bbox 1945 3754 3536 3841">
    <p class='ocr_par' dir='ltr' id='par_1_35' title="bbox 1955 3754 3536 3830">
     <span class='ocr_line' id='line_1_35' title="bbox 1955 3754 3536 3830; baseline -0.003 -12"><span class='ocrx_word' id='word_1_295' title='bbox 1955 3759 2383 3819; x_wconf 87' lang='lat' dir='ltr'><strong>incarnationis</strong></span> <span class='ocrx_word' id='word_1_296' title='bbox 2412 3772 2535 3829; x_wconf 70' lang='lat' dir='ltr'><strong>prec</strong></span> <span class='ocrx_word' id='word_1_297' title='bbox 2575 3772 2637 3812; x_wconf 91' lang='lat' dir='ltr'><strong>se</strong></span> <span class='ocrx_word' id='word_1_298' title='bbox 2668 3754 2861 3813; x_wconf 88' lang='lat' dir='ltr'><strong>ferant</strong></span> <span class='ocrx_word' id='word_1_299' title='bbox 2888 3763 3359 3830; x_wconf 89' lang='lat' dir='ltr'><strong>consequentem</strong></span> <span class='ocrx_word' id='word_1_300' title='bbox 3388 3758 3536 3814; x_wconf 88' lang='lat' dir='ltr'><strong>noti-</strong></span> 
     </span>
    </p>
   </div>
   <div class='ocr_carea' id='block_1_36' title="bbox 161 3846 1752 3930">
    <p class='ocr_par' dir='ltr' id='par_1_36' title="bbox 161 3847 1752 3930">
     <span class='ocr_line' id='line_1_36' title="bbox 161 3847 1752 3930; baseline -0.008 -20"><span class='ocrx_word' id='word_1_301' title='bbox 161 3858 529 3915; x_wconf 69' lang='grc' dir='ltr'>κολουθηκότα</span> <span class='ocrx_word' id='word_1_302' title='bbox 574 3859 939 3930; x_wconf 74' lang='grc' dir='ltr'><strong>γνωρίσματα,</strong></span> <span class='ocrx_word' id='word_1_303' title='bbox 973 3850 1057 3904; x_wconf 78' lang='grc' dir='ltr'>ἀπ’</span> <span class='ocrx_word' id='word_1_304' title='bbox 1086 3853 1250 3912; x_wconf 72' lang='grc' dir='ltr'>αὐτῆς</span> <span class='ocrx_word' id='word_1_305' title='bbox 1298 3849 1475 3924; x_wconf 77' lang='grc' dir='ltr'>ἀρχῆς</span> <span class='ocrx_word' id='word_1_306' title='bbox 1518 3856 1615 3910; x_wconf 80' lang='grc' dir='ltr'><strong>τῆς</strong></span> <span class='ocrx_word' id='word_1_307' title='bbox 1646 3847 1752 3899; x_wconf 77' lang='grc' dir='ltr'>συλ-</span> 
     </span>
    </p>
   </div>
   <div class='ocr_carea' id='block_1_37' title="bbox 1942 3846 3533 3930">
    <p class='ocr_par' dir='ltr' id='par_1_37' title="bbox 1942 3846 3533 3924">
     <span class='ocr_line' id='line_1_37' title="bbox 1942 3846 3533 3924; baseline -0.003 -16"><span class='ocrx_word' id='word_1_308' title='bbox 1942 3870 2039 3922; x_wconf 80' lang='grc' dir='ltr'><strong>ιω,</strong></span> <span class='ocrx_word' id='word_1_309' title='bbox 2060 3852 2191 3924; x_wconf 88' lang='lat' dir='ltr'><strong>jam</strong></span> <span class='ocrx_word' id='word_1_310' title='bbox 2219 3849 2357 3906; x_wconf 91' lang='lat' dir='ltr'><strong>inde</strong></span> <span class='ocrx_word' id='word_1_311' title='bbox 2386 3847 2465 3903; x_wconf 89' lang='lat' dir='ltr'><strong>ab</strong></span> <span class='ocrx_word' id='word_1_312' title='bbox 2492 3846 2680 3911; x_wconf 90' lang='lat' dir='ltr'><strong>initio,</strong></span> <span class='ocrx_word' id='word_1_313' title='bbox 2704 3846 3113 3917; x_wconf 61' lang='lat' dir='ltr'><strong>conceptionfs</strong></span> <span class='ocrx_word' id='word_1_314' title='bbox 3164 3848 3315 3919; x_wconf 87' lang='lat' dir='ltr'><strong>ejus,</strong></span> <span class='ocrx_word' id='word_1_315' title='bbox 3346 3851 3403 3905; x_wconf 92' lang='lat' dir='ltr'><strong>et</strong></span> <span class='ocrx_word' id='word_1_316' title='bbox 3424 3862 3533 3904; x_wconf 87' lang='lat' dir='ltr'><strong>na-</strong></span> 
     </span>
    </p>
   </div>
   <div class='ocr_carea' id='block_1_38' title="bbox 155 3932 1746 4019">
    <p class='ocr_par' dir='ltr' id='par_1_38' title="bbox 155 3939 1746 4019">
     <span class='ocr_line' id='line_1_38' title="bbox 155 3939 1746 4019; baseline -0.008 -20"><span class='ocrx_word' id='word_1_317' title='bbox 155 3947 369 4019; x_wconf 62' lang='grc' dir='ltr'>ὶήψεως</span> <span class='ocrx_word' id='word_1_318' title='bbox 405 3946 613 4017; x_wconf 73' lang='grc' dir='ltr'>τοῦτου,</span> <span class='ocrx_word' id='word_1_319' title='bbox 660 3948 805 4016; x_wconf 80' lang='grc' dir='ltr'>γεννή</span> <span class='ocrx_word' id='word_1_320' title='bbox 817 3948 945 4005; x_wconf 81' lang='grc' dir='ltr'>σεώς</span> <span class='ocrx_word' id='word_1_321' title='bbox 973 3961 1028 3995; x_wconf 91' lang='grc' dir='ltr'><strong>τε</strong></span> <span class='ocrx_word' id='word_1_322' title='bbox 1056 3945 1146 3993; x_wconf 79' lang='grc' dir='ltr'><strong>καὶ</strong></span> <span class='ocrx_word' id='word_1_323' title='bbox 1176 3939 1445 4011; x_wconf 78' lang='grc' dir='ltr'>ἁναλωγῆς</span> <span class='ocrx_word' id='word_1_324' title='bbox 1470 3946 1566 3999; x_wconf 81' lang='grc' dir='ltr'><strong>τῆς</strong></span> <span class='ocrx_word' id='word_1_325' title='bbox 1608 3956 1746 4009; x_wconf 89' lang='grc' dir='ltr'>τρια-</span> 
     </span>
    </p>
   </div>
   <div class='ocr_carea' id='block_1_39' title="bbox 1941 3932 3532 4019">
    <p class='ocr_par' dir='ltr' id='par_1_39' title="bbox 1941 3932 3532 4010">
     <span class='ocr_line' id='line_1_39' title="bbox 1941 3932 3532 4010; baseline -0.003 -14"><span class='ocrx_word' id='word_1_326' title='bbox 1941 3942 2087 4007; x_wconf 75' lang='lat' dir='ltr'><strong>ratis,</strong></span> <span class='ocrx_word' id='word_1_327' title='bbox 2117 3942 2385 4010; x_wconf 70' lang='lat' dir='ltr'><strong>actaeque</strong></span> <span class='ocrx_word' id='word_1_328' title='bbox 2444 3950 2552 4007; x_wconf 91' lang='lat' dir='ltr'><strong>per</strong></span> <span class='ocrx_word' id='word_1_329' title='bbox 2580 3932 2819 4003; x_wconf 77' lang='lat' dir='ltr'><strong>triginta</strong></span> <span class='ocrx_word' id='word_1_330' title='bbox 2848 3948 3045 3990; x_wconf 90' lang='lat' dir='ltr'><strong>annos</strong></span> <span class='ocrx_word' id='word_1_331' title='bbox 3065 3933 3197 3990; x_wconf 63' lang='lat' dir='ltr'><strong>vita;</strong></span> <span class='ocrx_word' id='word_1_332' title='bbox 3222 3953 3239 4000; x_wconf 88' lang='lat'><strong>;</strong></span> <span class='ocrx_word' id='word_1_333' title='bbox 3269 3949 3381 3990; x_wconf 88' lang='lat' dir='ltr'><strong>nec</strong></span> <span class='ocrx_word' id='word_1_334' title='bbox 3410 3950 3532 3992; x_wconf 91' lang='lat' dir='ltr'><strong>non</strong></span> 
     </span>
    </p>
   </div>
   <div class='ocr_carea' id='block_1_40' title="bbox 155 4021 1746 4103">
    <p class='ocr_par' dir='ltr' id='par_1_40' title="bbox 155 4024 1746 4103">
     <span class='ocr_line' id='line_1_40' title="bbox 155 4024 1746 4103; baseline -0.008 -13"><span class='ocrx_word' id='word_1_335' title='bbox 155 4043 479 4096; x_wconf 67' lang='lat' dir='ltr'><strong>xovtaﬂoﬁg&#39;</strong></span> <span class='ocrx_word' id='word_1_336' title='bbox 525 4037 657 4101; x_wconf 85' lang='grc' dir='ltr'>πρὸς</span> <span class='ocrx_word' id='word_1_337' title='bbox 710 4029 770 4084; x_wconf 71' lang='grc' dir='ltr'><strong>δὲ</strong></span> <span class='ocrx_word' id='word_1_338' title='bbox 820 4036 1044 4093; x_wconf 79' lang='grc' dir='ltr'>καὶτῆς</span> <span class='ocrx_word' id='word_1_339' title='bbox 1092 4037 1183 4082; x_wconf 83' lang='grc' dir='ltr'>τοῦ</span> <span class='ocrx_word' id='word_1_340' title='bbox 1232 4024 1545 4103; x_wconf 71' lang='grc' dir='ltr'>Προδρόμου</span> <span class='ocrx_word' id='word_1_341' title='bbox 1600 4025 1746 4078; x_wconf 75' lang='grc' dir='ltr'>αὐτοί</span> 
     </span>
    </p>
   </div>
   <div class='ocr_carea' id='block_1_41' title="bbox 1942 4021 3533 4103">
    <p class='ocr_par' dir='ltr' id='par_1_41' title="bbox 1960 4021 3533 4103">
     <span class='ocr_line' id='line_1_41' title="bbox 1960 4021 3533 4103; baseline -0.003 -19"><span class='ocrx_word' id='word_1_342' title='bbox 1960 4028 2151 4103; x_wconf 80' lang='lat' dir='ltr'><strong>ipsius</strong></span> <span class='ocrx_word' id='word_1_343' title='bbox 2181 4026 2647 4089; x_wconf 74' lang='lat' dir='ltr'><strong>Prrecursorls,et</strong></span> <span class='ocrx_word' id='word_1_344' title='bbox 2666 4021 2877 4078; x_wconf 87' lang='lat' dir='ltr'><strong>Christi</strong></span> <span class='ocrx_word' id='word_1_345' title='bbox 2907 4021 2969 4077; x_wconf 94' lang='lat' dir='ltr'><strong>in</strong></span> <span class='ocrx_word' id='word_1_346' title='bbox 3009 4021 3373 4094; x_wconf 87' lang='lat' dir='ltr'><strong>baptismate</strong></span> <span class='ocrx_word' id='word_1_347' title='bbox 3399 4038 3533 4079; x_wconf 90' lang='lat' dir='ltr'><strong>ma-</strong></span> 
     </span>
    </p>
   </div>
   <div class='ocr_carea' id='block_1_42' title="bbox 153 4109 1744 4198">
    <p class='ocr_par' dir='ltr' id='par_1_42' title="bbox 153 4112 1744 4198">
     <span class='ocr_line' id='line_1_42' title="bbox 153 4112 1744 4198; baseline -0.006 -22"><span class='ocrx_word' id='word_1_348' title='bbox 153 4125 507 4198; x_wconf 75' lang='grc' dir='ltr'>).ειτουργίας,</span> <span class='ocrx_word' id='word_1_349' title='bbox 560 4127 649 4175; x_wconf 83' lang='grc' dir='ltr'><strong>καὶ</strong></span> <span class='ocrx_word' id='word_1_350' title='bbox 693 4128 783 4181; x_wconf 80' lang='grc' dir='ltr'><strong>τῆς</strong></span> <span class='ocrx_word' id='word_1_351' title='bbox 830 4118 878 4172; x_wconf 77' lang='grc' dir='ltr'>ἓν</span> <span class='ocrx_word' id='word_1_352' title='bbox 929 4128 1001 4191; x_wconf 82' lang='grc' dir='ltr'>τῷ</span> <span class='ocrx_word' id='word_1_353' title='bbox 1059 4117 1390 4191; x_wconf 81' lang='grc' dir='ltr'><strong>βαπτίσματι</strong></span> <span class='ocrx_word' id='word_1_354' title='bbox 1434 4115 1592 4168; x_wconf 69' lang='grc' dir='ltr'>αὐτοῦ</span> <span class='ocrx_word' id='word_1_355' title='bbox 1641 4112 1744 4166; x_wconf 75' lang='grc' dir='ltr'>ἀνα.</span> 
     </span>
    </p>
   </div>
   <div class='ocr_carea' id='block_1_43' title="bbox 1940 4109 3531 4198">
    <p class='ocr_par' dir='ltr' id='par_1_43' title="bbox 1942 4109 3531 4186">
     <span class='ocr_line' id='line_1_43' title="bbox 1942 4109 3531 4186; baseline -0.004 -13"><span class='ocrx_word' id='word_1_356' title='bbox 1942 4115 2267 4173; x_wconf 81' lang='lat' dir='ltr'><strong>festationis</strong></span> <span class='ocrx_word' id='word_1_357' title='bbox 2291 4133 2304 4182; x_wconf 88' lang='lat'><strong>;</strong></span> <span class='ocrx_word' id='word_1_358' title='bbox 2337 4116 2622 4186; x_wconf 72' lang='lat' dir='ltr'><strong>prmterea</strong></span> <span class='ocrx_word' id='word_1_359' title='bbox 2676 4114 2734 4167; x_wconf 88' lang='lat' dir='ltr'><strong>et</strong></span> <span class='ocrx_word' id='word_1_360' title='bbox 2762 4109 3067 4167; x_wconf 88' lang='lat' dir='ltr'><strong>electionis</strong></span> <span class='ocrx_word' id='word_1_361' title='bbox 3096 4109 3531 4184; x_wconf 86' lang='lat' dir='ltr'><strong>apostolorum,</strong></span> 
     </span>
    </p>
   </div>
   <div class='ocr_carea' id='block_1_44' title="bbox 158 4198 1749 4284">
    <p class='ocr_par' dir='ltr' id='par_1_44' title="bbox 158 4204 1749 4284">
     <span class='ocr_line' id='line_1_44' title="bbox 158 4204 1749 4284; baseline -0.006 -17"><span class='ocrx_word' id='word_1_362' title='bbox 158 4211 392 4277; x_wconf 71' lang='grc' dir='ltr'><strong>δείξεως*</strong></span> <span class='ocrx_word' id='word_1_363' title='bbox 446 4216 531 4264; x_wconf 85' lang='grc' dir='ltr'>ναὶ</span> <span class='ocrx_word' id='word_1_364' title='bbox 582 4215 685 4284; x_wconf 75' lang='grc' dir='ltr'>μὴν</span> <span class='ocrx_word' id='word_1_365' title='bbox 734 4214 825 4261; x_wconf 81' lang='grc' dir='ltr'><strong>καὶ</strong></span> <span class='ocrx_word' id='word_1_366' title='bbox 864 4217 960 4270; x_wconf 85' lang='grc' dir='ltr'><strong>τῆς</strong></span> <span class='ocrx_word' id='word_1_367' title='bbox 1010 4216 1110 4260; x_wconf 83' lang='grc' dir='ltr'>τῶν</span> <span class='ocrx_word' id='word_1_368' title='bbox 1164 4205 1465 4259; x_wconf 63' lang='grc' dir='ltr'>ἀποστόλων</span> <span class='ocrx_word' id='word_1_369' title='bbox 1524 4204 1749 4278; x_wconf 46' lang='grc' dir='ltr'><strong>ἐκλογῆςι</strong></span> 
     </span>
    </p>
   </div>
   <div class='ocr_carea' id='block_1_45' title="bbox 1943 4198 3534 4284">
    <p class='ocr_par' dir='ltr' id='par_1_45' title="bbox 1957 4198 3534 4276">
     <span class='ocr_line' id='line_1_45' title="bbox 1957 4198 3534 4276; baseline -0.003 -16"><span class='ocrx_word' id='word_1_370' title='bbox 1957 4203 2260 4262; x_wconf 87' lang='lat' dir='ltr'><strong>triennalis</strong></span> <span class='ocrx_word' id='word_1_371' title='bbox 2311 4204 2683 4276; x_wconf 86' lang='lat' dir='ltr'><strong>patratorum</strong></span> <span class='ocrx_word' id='word_1_372' title='bbox 2730 4198 3162 4255; x_wconf 87' lang='lat' dir='ltr'><strong>miraculorum</strong></span> <span class='ocrx_word' id='word_1_373' title='bbox 3222 4199 3534 4274; x_wconf 66' lang='lat' dir='ltr'><strong>temporis:</strong></span> 
     </span>
    </p>
   </div>
   <div class='ocr_carea' id='block_1_46' title="bbox 153 4288 1744 4371">
    <p class='ocr_par' dir='ltr' id='par_1_46' title="bbox 153 4293 1744 4371">
     <span class='ocr_line' id='line_1_46' title="bbox 153 4293 1744 4371; baseline -0.008 -15"><span class='ocrx_word' id='word_1_374' title='bbox 153 4307 240 4356; x_wconf 80' lang='grc' dir='ltr'><strong>καὶ</strong></span> <span class='ocrx_word' id='word_1_375' title='bbox 285 4309 381 4355; x_wconf 82' lang='grc' dir='ltr'>τοῦ</span> <span class='ocrx_word' id='word_1_376' title='bbox 428 4309 532 4353; x_wconf 83' lang='grc' dir='ltr'>τῶν</span> <span class='ocrx_word' id='word_1_377' title='bbox 583 4301 889 4371; x_wconf 83' lang='grc' dir='ltr'>θαυμασίων</span> <span class='ocrx_word' id='word_1_378' title='bbox 944 4303 1179 4371; x_wconf 69' lang='grc' dir='ltr'>τριετοῦς</span> <span class='ocrx_word' id='word_1_379' title='bbox 1233 4298 1451 4367; x_wconf 84' lang='grc' dir='ltr'>χρόνου,</span> <span class='ocrx_word' id='word_1_380' title='bbox 1506 4293 1558 4357; x_wconf 77' lang='grc' dir='ltr'><strong>ἐξ</strong></span> <span class='ocrx_word' id='word_1_381' title='bbox 1608 4302 1677 4345; x_wconf 86' lang='grc' dir='ltr'>ῶν</span> <span class='ocrx_word' id='word_1_382' title='bbox 1734 4315 1744 4346; x_wconf 79' lang='grc' dir='ltr'><strong>ι</strong></span> 
     </span>
    </p>
   </div>
   <div class='ocr_carea' id='block_1_47' title="bbox 1945 4288 3536 4371">
    <p class='ocr_par' dir='ltr' id='par_1_47' title="bbox 1945 4288 3536 4367">
     <span class='ocr_line' id='line_1_47' title="bbox 1945 4288 3536 4367; baseline -0.004 -16"><span class='ocrx_word' id='word_1_383' title='bbox 1945 4312 2008 4352; x_wconf 74' lang='lat' dir='ltr'><strong>lae</strong></span> <span class='ocrx_word' id='word_1_384' title='bbox 2026 4294 2137 4367; x_wconf 89' lang='lat' dir='ltr'><strong>ipsi</strong></span> <span class='ocrx_word' id='word_1_385' title='bbox 2158 4291 2395 4348; x_wconf 79' lang='lat' dir='ltr'><strong>invidiae</strong></span> <span class='ocrx_word' id='word_1_386' title='bbox 2415 4294 2473 4346; x_wconf 89' lang='lat' dir='ltr'><strong>et</strong></span> <span class='ocrx_word' id='word_1_387' title='bbox 2493 4288 2684 4345; x_wconf 90' lang='lat' dir='ltr'><strong>crucis</strong></span> <span class='ocrx_word' id='word_1_388' title='bbox 2715 4288 3301 4358; x_wconf 83' lang='lat' dir='ltr'><strong>causaexstiterunt;</strong></span> <span class='ocrx_word' id='word_1_389' title='bbox 3332 4288 3415 4359; x_wconf 92' lang='lat' dir='ltr'><strong>id,</strong></span> <span class='ocrx_word' id='word_1_390' title='bbox 3446 4289 3536 4345; x_wconf 91' lang='lat' dir='ltr'><strong>in-</strong></span> 
     </span>
    </p>
   </div>
   <div class='ocr_carea' id='block_1_48' title="bbox 154 4375 1745 4464">
    <p class='ocr_par' dir='ltr' id='par_1_48' title="bbox 154 4386 1745 4464">
     <span class='ocr_line' id='line_1_48' title="bbox 154 4386 1745 4464; baseline -0.006 -20"><span class='ocrx_word' id='word_1_391' title='bbox 154 4394 344 4464; x_wconf 71' lang='grc' dir='ltr'>φθόνος</span> <span class='ocrx_word' id='word_1_392' title='bbox 376 4390 485 4457; x_wconf 83' lang='grc' dir='ltr'>(αι.</span> <span class='ocrx_word' id='word_1_393' title='bbox 536 4388 661 4444; x_wconf 85' lang='lat' dir='ltr'><strong>cod.</strong></span> <span class='ocrx_word' id='word_1_394' title='bbox 693 4387 860 4460; x_wconf 73' lang='grc' dir='ltr'>φόνος)</span> <span class='ocrx_word' id='word_1_395' title='bbox 885 4390 975 4438; x_wconf 77' lang='grc' dir='ltr'><strong>καὶ</strong></span> <span class='ocrx_word' id='word_1_396' title='bbox 1018 4387 1043 4437; x_wconf 88' lang='grc' dir='ltr'><strong>ὁ</strong></span> <span class='ocrx_word' id='word_1_397' title='bbox 1096 4387 1323 4460; x_wconf 80' lang='grc' dir='ltr'>σταυρὸς</span> <span class='ocrx_word' id='word_1_398' title='bbox 1372 4386 1745 4436; x_wconf 75' lang='grc' dir='ltr'>κατεσκεύαστι</span> 
     </span>
    </p>
   </div>
   <div class='ocr_carea' id='block_1_49' title="bbox 1944 4375 3535 4464">
    <p class='ocr_par' dir='ltr' id='par_1_49' title="bbox 1944 4375 3535 4451">
     <span class='ocr_line' id='line_1_49' title="bbox 1944 4375 3535 4451; baseline -0.004 -11"><span class='ocrx_word' id='word_1_399' title='bbox 1944 4400 2083 4448; x_wconf 70' lang='lat' dir='ltr'><strong>iam,</strong></span> <span class='ocrx_word' id='word_1_400' title='bbox 2110 4381 2277 4438; x_wconf 87' lang='lat' dir='ltr'><strong>haud</strong></span> <span class='ocrx_word' id='word_1_401' title='bbox 2307 4378 2431 4436; x_wconf 88' lang='lat' dir='ltr'><strong>scio</strong></span> <span class='ocrx_word' id='word_1_402' title='bbox 2460 4392 2566 4433; x_wconf 91' lang='lat' dir='ltr'><strong>cur</strong></span> <span class='ocrx_word' id='word_1_403' title='bbox 2589 4376 2705 4443; x_wconf 92' lang='lat' dir='ltr'><strong>isti,</strong></span> <span class='ocrx_word' id='word_1_404' title='bbox 2735 4379 2800 4433; x_wconf 90' lang='lat' dir='ltr'><strong>ut</strong></span> <span class='ocrx_word' id='word_1_405' title='bbox 2842 4380 3011 4449; x_wconf 86' lang='lat' dir='ltr'><strong>puto,</strong></span> <span class='ocrx_word' id='word_1_406' title='bbox 3036 4375 3330 4446; x_wconf 77' lang='lat' dir='ltr'><strong>ignorent.</strong></span> <span class='ocrx_word' id='word_1_407' title='bbox 3359 4379 3535 4451; x_wconf 80' lang='lat' dir='ltr'><strong>Atqui</strong></span> 
     </span>
    </p>
   </div>
   <div class='ocr_carea' id='block_1_50' title="bbox 154 4464 1745 4546">
    <p class='ocr_par' dir='ltr' id='par_1_50' title="bbox 154 4470 1745 4546">
     <span class='ocr_line' id='line_1_50' title="bbox 154 4470 1745 4546; baseline -0.006 -14"><span class='ocrx_word' id='word_1_408' title='bbox 154 4479 249 4532; x_wconf 68' lang='grc' dir='ltr'><strong>οὐκ</strong></span> <span class='ocrx_word' id='word_1_409' title='bbox 303 4474 412 4531; x_wconf 80' lang='grc' dir='ltr'><strong>οἵδ’</strong></span> <span class='ocrx_word' id='word_1_410' title='bbox 463 4476 622 4537; x_wconf 87' lang='grc' dir='ltr'>όίπως</span> <span class='ocrx_word' id='word_1_411' title='bbox 678 4473 834 4540; x_wconf 82' lang='grc' dir='ltr'>επεῖν,</span> <span class='ocrx_word' id='word_1_412' title='bbox 887 4476 956 4535; x_wconf 85' lang='grc' dir='ltr'><strong>ὡς</strong></span> <span class='ocrx_word' id='word_1_413' title='bbox 996 4470 1143 4546; x_wconf 67' lang='grc' dir='ltr'>οζααί</span> <span class='ocrx_word' id='word_1_414' title='bbox 1173 4478 1442 4544; x_wconf 81' lang='grc' dir='ltr'>αγνοοῦσι.</span> <span class='ocrx_word' id='word_1_415' title='bbox 1490 4476 1672 4524; x_wconf 80' lang='grc' dir='ltr'>Καίτοι</span> <span class='ocrx_word' id='word_1_416' title='bbox 1701 4493 1745 4545; x_wconf 66' lang='grc' dir='ltr'>γε</span> 
     </span>
    </p>
   </div>
   <div class='ocr_carea' id='block_1_51' title="bbox 1947 4464 3538 4546">
    <p class='ocr_par' dir='ltr' id='par_1_51' title="bbox 1978 4464 3538 4543">
     <span class='ocr_line' id='line_1_51' title="bbox 1978 4464 3538 4543; baseline -0.004 -15"><span class='ocrx_word' id='word_1_417' title='bbox 1978 4487 2194 4543; x_wconf 89' lang='lat' dir='ltr'><strong>corpus</strong></span> <span class='ocrx_word' id='word_1_418' title='bbox 2237 4468 2480 4542; x_wconf 90' lang='lat' dir='ltr'><strong>quidem</strong></span> <span class='ocrx_word' id='word_1_419' title='bbox 2529 4465 2676 4521; x_wconf 88' lang='lat' dir='ltr'><strong>illud</strong></span> <span class='ocrx_word' id='word_1_420' title='bbox 2734 4464 3132 4538; x_wconf 86' lang='lat' dir='ltr'><strong>appellabitur</strong></span> <span class='ocrx_word' id='word_1_421' title='bbox 3160 4464 3324 4539; x_wconf 92' lang='lat' dir='ltr'><strong>quod</strong></span> <span class='ocrx_word' id='word_1_422' title='bbox 3357 4471 3538 4538; x_wconf 87' lang='lat' dir='ltr'><strong>caput</strong></span> 
     </span>
    </p>
   </div>
   <div class='ocr_carea' id='block_1_52' title="bbox 154 4553 1745 4638">
    <p class='ocr_par' dir='ltr' id='par_1_52' title="bbox 154 4559 1739 4638">
     <span class='ocr_line' id='line_1_52' title="bbox 154 4559 1739 4638; baseline -0.009 -18"><span class='ocrx_word' id='word_1_423' title='bbox 154 4565 279 4620; x_wconf 63' lang='grc' dir='ltr'>οὐδε</span> <span class='ocrx_word' id='word_1_424' title='bbox 325 4574 483 4638; x_wconf 78' lang='grc' dir='ltr'>σῶμα</span> <span class='ocrx_word' id='word_1_425' title='bbox 536 4564 734 4616; x_wconf 81' lang='grc' dir='ltr'>καλοῖτ’</span> <span class='ocrx_word' id='word_1_426' title='bbox 780 4564 841 4615; x_wconf 78' lang='grc' dir='ltr'>ἄν</span> <span class='ocrx_word' id='word_1_427' title='bbox 871 4581 994 4615; x_wconf 85' lang='grc' dir='ltr'>ποτε</span> <span class='ocrx_word' id='word_1_428' title='bbox 1044 4565 1103 4613; x_wconf 85' lang='grc' dir='ltr'>τὸ</span> <span class='ocrx_word' id='word_1_429' title='bbox 1160 4565 1320 4633; x_wconf 74' lang='grc' dir='ltr'>μόνην</span> <span class='ocrx_word' id='word_1_430' title='bbox 1374 4559 1560 4618; x_wconf 60' lang='lat' dir='ltr'><strong>maliis</strong></span> <span class='ocrx_word' id='word_1_431' title='bbox 1616 4563 1739 4633; x_wconf 78' lang='grc' dir='ltr'>ἔχον</span> 
     </span>
    </p>
   </div>
   <div class='ocr_carea' id='block_1_53' title="bbox 1945 4553 3536 4638">
    <p class='ocr_par' dir='ltr' id='par_1_53' title="bbox 1945 4553 3536 4628">
     <span class='ocr_line' id='line_1_53' title="bbox 1945 4553 3536 4628; baseline -0.003 -11"><span class='ocrx_word' id='word_1_432' title='bbox 1945 4559 2294 4617; x_wconf 89' lang='lat' dir='ltr'><strong>ntummodo</strong></span> <span class='ocrx_word' id='word_1_433' title='bbox 2331 4556 2586 4625; x_wconf 87' lang='lat' dir='ltr'><strong>habens,</strong></span> <span class='ocrx_word' id='word_1_434' title='bbox 2602 4553 2864 4628; x_wconf 89' lang='lat' dir='ltr'><strong>pedibus</strong></span> <span class='ocrx_word' id='word_1_435' title='bbox 2882 4569 2953 4610; x_wconf 92' lang='lat' dir='ltr'><strong>ac</strong></span> <span class='ocrx_word' id='word_1_436' title='bbox 2984 4554 3268 4611; x_wconf 87' lang='lat' dir='ltr'><strong>manibus</strong></span> <span class='ocrx_word' id='word_1_437' title='bbox 3283 4554 3536 4628; x_wconf 89' lang='lat' dir='ltr'><strong>aliisque</strong></span> 
     </span>
    </p>
   </div>
   <div class='ocr_carea' id='block_1_54' title="bbox 152 4644 1743 4727">
    <p class='ocr_par' dir='ltr' id='par_1_54' title="bbox 152 4648 1743 4727">
     <span class='ocr_line' id='line_1_54' title="bbox 152 4648 1743 4727; baseline -0.003 -18"><span class='ocrx_word' id='word_1_438' title='bbox 152 4654 337 4710; x_wconf 77' lang='grc' dir='ltr'>ποδῶν</span> <span class='ocrx_word' id='word_1_439' title='bbox 376 4651 437 4707; x_wconf 69' lang='grc' dir='ltr'><strong>δί</strong></span> <span class='ocrx_word' id='word_1_440' title='bbox 488 4658 579 4706; x_wconf 78' lang='grc' dir='ltr'><strong>καὶ</strong></span> <span class='ocrx_word' id='word_1_441' title='bbox 626 4660 820 4727; x_wconf 82' lang='grc' dir='ltr'>χειρῶν</span> <span class='ocrx_word' id='word_1_442' title='bbox 862 4655 952 4703; x_wconf 78' lang='grc' dir='ltr'><strong>καὶ</strong></span> <span class='ocrx_word' id='word_1_443' title='bbox 997 4659 1095 4703; x_wconf 83' lang='grc' dir='ltr'>τῶν</span> <span class='ocrx_word' id='word_1_444' title='bbox 1140 4649 1302 4701; x_wconf 79' lang='grc' dir='ltr'>ἄλλων</span> <span class='ocrx_word' id='word_1_445' title='bbox 1332 4649 1498 4723; x_wconf 78' lang='grc' dir='ltr'>μελῶν</span> <span class='ocrx_word' id='word_1_446' title='bbox 1538 4648 1743 4704; x_wconf 81' lang='grc' dir='ltr'>ἀπεστε-</span> 
     </span>
    </p>
   </div>
   <div class='ocr_carea' id='block_1_55' title="bbox 1942 4644 3533 4727">
    <p class='ocr_par' dir='ltr' id='par_1_55' title="bbox 1942 4644 3533 4718">
     <span class='ocr_line' id='line_1_55' title="bbox 1942 4644 3533 4718; baseline -0.004 -11"><span class='ocrx_word' id='word_1_447' title='bbox 1942 4651 2161 4707; x_wconf 90' lang='lat' dir='ltr'><strong>embris</strong></span> <span class='ocrx_word' id='word_1_448' title='bbox 2182 4654 2404 4706; x_wconf 87' lang='lat' dir='ltr'><strong>careat.</strong></span> <span class='ocrx_word' id='word_1_449' title='bbox 2435 4649 2587 4704; x_wconf 91' lang='lat' dir='ltr'><strong>Sane</strong></span> <span class='ocrx_word' id='word_1_450' title='bbox 2614 4644 2781 4718; x_wconf 92' lang='lat' dir='ltr'><strong>quod</strong></span> <span class='ocrx_word' id='word_1_451' title='bbox 2828 4659 3049 4717; x_wconf 91' lang='lat' dir='ltr'><strong>corpus</strong></span> <span class='ocrx_word' id='word_1_452' title='bbox 3079 4644 3410 4717; x_wconf 82' lang='lat' dir='ltr'><strong>perfectum</strong></span> <span class='ocrx_word' id='word_1_453' title='bbox 3441 4645 3533 4710; x_wconf 90' lang='lat' dir='ltr'><strong>sit,</strong></span> 
     </span>
    </p>
   </div>
   <div class='ocr_carea' id='block_1_56' title="bbox 151 4732 1742 4821">
    <p class='ocr_par' dir='ltr' id='par_1_56' title="bbox 151 4739 1742 4821">
     <span class='ocr_line' id='line_1_56' title="bbox 151 4739 1742 4821; baseline -0.004 -23"><span class='ocrx_word' id='word_1_454' title='bbox 151 4749 401 4821; x_wconf 76' lang='grc' dir='ltr'>ρημὲνον.</span> <span class='ocrx_word' id='word_1_455' title='bbox 446 4741 565 4795; x_wconf 84' lang='grc' dir='ltr'>Ὀτι</span> <span class='ocrx_word' id='word_1_456' title='bbox 614 4739 674 4795; x_wconf 82' lang='grc' dir='ltr'><strong>δέ</strong></span> <span class='ocrx_word' id='word_1_457' title='bbox 732 4749 886 4813; x_wconf 82' lang='grc' dir='ltr'>σῶμα</span> <span class='ocrx_word' id='word_1_458' title='bbox 929 4739 1113 4793; x_wconf 62' lang='grc' dir='ltr'>τεἊειον</span> <span class='ocrx_word' id='word_1_459' title='bbox 1161 4742 1220 4791; x_wconf 87' lang='grc' dir='ltr'>τὸ</span> <span class='ocrx_word' id='word_1_460' title='bbox 1279 4741 1541 4811; x_wconf 76' lang='grc' dir='ltr'>θυόμενον,</span> <span class='ocrx_word' id='word_1_461' title='bbox 1593 4741 1742 4792; x_wconf 61' lang='grc' dir='ltr'>ἄκουη</span> 
     </span>
    </p>
   </div>
   <div class='ocr_carea' id='block_1_57' title="bbox 1939 4732 3530 4821">
    <p class='ocr_par' dir='ltr' id='par_1_57' title="bbox 1939 4732 3530 4806">
     <span class='ocr_line' id='line_1_57' title="bbox 1939 4732 3530 4806; baseline -0.003 -11"><span class='ocrx_word' id='word_1_462' title='bbox 1939 4741 2040 4797; x_wconf 78' lang='lat' dir='ltr'><strong>iod</strong></span> <span class='ocrx_word' id='word_1_463' title='bbox 2064 4738 2433 4799; x_wconf 82' lang='lat' dir='ltr'><strong>immolatur,</strong></span> <span class='ocrx_word' id='word_1_464' title='bbox 2455 4733 2597 4792; x_wconf 86' lang='lat' dir='ltr'><strong>audi</strong></span> <span class='ocrx_word' id='word_1_465' title='bbox 2630 4733 2928 4790; x_wconf 87' lang='lat' dir='ltr'><strong>Christum</strong></span> <span class='ocrx_word' id='word_1_466' title='bbox 2956 4734 3161 4806; x_wconf 92' lang='lat' dir='ltr'><strong>ipsum</strong></span> <span class='ocrx_word' id='word_1_467' title='bbox 3200 4732 3530 4791; x_wconf 87' lang='lat' dir='ltr'><strong>dicentem:</strong></span> 
     </span>
    </p>
   </div>
   <div class='ocr_carea' id='block_1_58' title="bbox 154 4821 1745 4904">
    <p class='ocr_par' dir='ltr' id='par_1_58' title="bbox 154 4827 1737 4904">
     <span class='ocr_line' id='line_1_58' title="bbox 154 4827 1737 4904; baseline -0.004 -16"><span class='ocrx_word' id='word_1_468' title='bbox 154 4844 257 4888; x_wconf 59' lang='grc' dir='ltr'>Ἴκον</span> <span class='ocrx_word' id='word_1_469' title='bbox 290 4832 456 4885; x_wconf 65' lang='grc' dir='ltr'><strong>αὗτοῦ</strong></span> <span class='ocrx_word' id='word_1_470' title='bbox 485 4838 577 4884; x_wconf 75' lang='grc' dir='ltr'>τοῦ</span> <span class='ocrx_word' id='word_1_471' title='bbox 624 4830 854 4904; x_wconf 73' lang='grc' dir='ltr'>χριστοᾶ</span> <span class='ocrx_word' id='word_1_472' title='bbox 890 4828 1147 4900; x_wconf 69' lang='grc' dir='ltr'>λεγοντος·</span> <span class='ocrx_word' id='word_1_473' title='bbox 1193 4850 1220 4878; x_wconf 75' lang='grc' dir='ltr'><strong>ιι</strong></span> <span class='ocrx_word' id='word_1_474' title='bbox 1276 4827 1491 4893; x_wconf 71' lang='grc' dir='ltr'>Λάϐετε,</span> <span class='ocrx_word' id='word_1_475' title='bbox 1552 4829 1737 4901; x_wconf 69' lang='grc' dir='ltr'>φάγετε</span> 
     </span>
    </p>
   </div>
   <div class='ocr_carea' id='block_1_59' title="bbox 1945 4821 3536 4904">
    <p class='ocr_par' dir='ltr' id='par_1_59' title="bbox 1945 4821 3536 4899">
     <span class='ocr_line' id='line_1_59' title="bbox 1945 4821 3536 4899; baseline -0.006 -18"><span class='ocrx_word' id='word_1_476' title='bbox 1945 4828 2214 4899; x_wconf 71' lang='lat' dir='ltr'><strong>Accipite,</strong></span> <span class='ocrx_word' id='word_1_477' title='bbox 2249 4824 2632 4887; x_wconf 73' lang='lat' dir='ltr'><strong>manducata,</strong></span> <span class='ocrx_word' id='word_1_478' title='bbox 2688 4821 2804 4877; x_wconf 91' lang='lat' dir='ltr'><strong>hoc</strong></span> <span class='ocrx_word' id='word_1_479' title='bbox 2828 4826 2920 4876; x_wconf 90' lang='lat' dir='ltr'><strong>est</strong></span> <span class='ocrx_word' id='word_1_480' title='bbox 2948 4836 3170 4893; x_wconf 88' lang='lat' dir='ltr'><strong>corpus</strong></span> <span class='ocrx_word' id='word_1_481' title='bbox 3200 4835 3405 4875; x_wconf 89' lang='lat' dir='ltr'><strong>meum</strong></span> <span class='ocrx_word' id='word_1_482' title='bbox 3433 4821 3470 4875; x_wconf 86' lang='lat'><strong>&#39;.</strong></span> <span class='ocrx_word' id='word_1_483' title='bbox 3508 4842 3536 4871; x_wconf 85' lang='grc'><strong>››</strong></span> 
     </span>
    </p>
   </div>
   <div class='ocr_carea' id='block_1_60' title="bbox 150 4906 1741 4992">
    <p class='ocr_par' dir='ltr' id='par_1_60' title="bbox 150 4914 1737 4992">
     <span class='ocr_line' id='line_1_60' title="bbox 150 4914 1737 4992; baseline -0.004 -15"><span class='ocrx_word' id='word_1_484' title='bbox 150 4927 308 4977; x_wconf 76' lang='grc' dir='ltr'>τοῦτό</span> <span class='ocrx_word' id='word_1_485' title='bbox 354 4925 471 4974; x_wconf 68' lang='grc' dir='ltr'>ἐστι</span> <span class='ocrx_word' id='word_1_486' title='bbox 494 4923 553 4973; x_wconf 85' lang='grc' dir='ltr'><strong>τό</strong></span> <span class='ocrx_word' id='word_1_487' title='bbox 584 4920 737 4992; x_wconf 65' lang='grc' dir='ltr'>σῶμα</span> <span class='ocrx_word' id='word_1_488' title='bbox 783 4936 943 4991; x_wconf 76' lang='grc' dir='ltr'>μου.»</span> <span class='ocrx_word' id='word_1_489' title='bbox 974 4915 1109 4971; x_wconf 74' lang='grc' dir='ltr'><strong>Ἀλλ’</strong></span> <span class='ocrx_word' id='word_1_490' title='bbox 1159 4914 1283 4971; x_wconf 70' lang='grc' dir='ltr'>οὐδε</span> <span class='ocrx_word' id='word_1_491' title='bbox 1314 4915 1438 4990; x_wconf 79' lang='grc' dir='ltr'>βίον</span> <span class='ocrx_word' id='word_1_492' title='bbox 1485 4922 1577 4970; x_wconf 80' lang='grc' dir='ltr'><strong>καὶ</strong></span> <span class='ocrx_word' id='word_1_493' title='bbox 1615 4917 1737 4971; x_wconf 83' lang='grc' dir='ltr'>πολι</span> 
     </span>
    </p>
   </div>
   <div class='ocr_carea' id='block_1_61' title="bbox 1943 4906 3534 4992">
    <p class='ocr_par' dir='ltr' id='par_1_61' title="bbox 1946 4906 3534 4981">
     <span class='ocr_line' id='line_1_61' title="bbox 1946 4906 3534 4981; baseline -0.008 -8"><span class='ocrx_word' id='word_1_494' title='bbox 1946 4917 1986 4971; x_wconf 91' lang='lat' dir='ltr'><strong>d</strong></span> <span class='ocrx_word' id='word_1_495' title='bbox 2018 4931 2128 4972; x_wconf 91' lang='lat' dir='ltr'><strong>nec</strong></span> <span class='ocrx_word' id='word_1_496' title='bbox 2160 4920 2307 4972; x_wconf 64' lang='lat' dir='ltr'><strong>acta:</strong></span> <span class='ocrx_word' id='word_1_497' title='bbox 2337 4913 2468 4969; x_wconf 69' lang='lat' dir='ltr'><strong>vitae</strong></span> <span class='ocrx_word' id='word_1_498' title='bbox 2514 4911 2717 4980; x_wconf 80' lang='lat' dir='ltr'><strong>imago</strong></span> <span class='ocrx_word' id='word_1_499' title='bbox 2774 4906 3107 4981; x_wconf 82' lang='lat' dir='ltr'><strong>probabilis</strong></span> <span class='ocrx_word' id='word_1_500' title='bbox 3136 4923 3174 4963; x_wconf 90' lang='lat' dir='ltr'><strong>a</strong></span> <span class='ocrx_word' id='word_1_501' title='bbox 3222 4920 3534 4979; x_wconf 88' lang='lat' dir='ltr'><strong>quoquam</strong></span> 
     </span>
    </p>
   </div>
   <div class='ocr_carea' id='block_1_62' title="bbox 150 4992 1741 5082">
    <p class='ocr_par' dir='ltr' id='par_1_62' title="bbox 150 5007 1736 5082">
     <span class='ocr_line' id='line_1_62' title="bbox 150 5007 1736 5082; baseline -0.003 -17"><span class='ocrx_word' id='word_1_502' title='bbox 150 5018 286 5073; x_wconf 83' lang='grc' dir='ltr'>τείας</span> <span class='ocrx_word' id='word_1_503' title='bbox 344 5010 497 5063; x_wconf 76' lang='grc' dir='ltr'>εἰκὼν</span> <span class='ocrx_word' id='word_1_504' title='bbox 569 5011 596 5067; x_wconf 73' lang='grc' dir='ltr'>ἡ</span> <span class='ocrx_word' id='word_1_505' title='bbox 644 5007 824 5079; x_wconf 76' lang='grc' dir='ltr'>λογικὴ</span> <span class='ocrx_word' id='word_1_506' title='bbox 883 5007 1092 5081; x_wconf 81' lang='grc' dir='ltr'>ἱστορία</span> <span class='ocrx_word' id='word_1_507' title='bbox 1142 5008 1285 5081; x_wconf 71' lang='grc' dir='ltr'>παρά</span> <span class='ocrx_word' id='word_1_508' title='bbox 1336 5026 1475 5070; x_wconf 85' lang='grc' dir='ltr'>τινος</span> <span class='ocrx_word' id='word_1_509' title='bbox 1531 5008 1736 5082; x_wconf 55' lang='lat' dir='ltr'><strong>{mor/pd</strong></span> 
     </span>
    </p>
   </div>
   <div class='ocr_carea' id='block_1_63' title="bbox 1943 4992 3534 5082">
    <p class='ocr_par' dir='ltr' id='par_1_63' title="bbox 1949 4992 3534 5069">
     <span class='ocr_line' id='line_1_63' title="bbox 1949 4992 3534 5069; baseline -0.004 -11"><span class='ocrx_word' id='word_1_510' title='bbox 1949 5003 2259 5069; x_wconf 84' lang='lat' dir='ltr'><strong>scribetur,</strong></span> <span class='ocrx_word' id='word_1_511' title='bbox 2326 5000 2445 5057; x_wconf 90' lang='lat' dir='ltr'><strong>nisi</strong></span> <span class='ocrx_word' id='word_1_512' title='bbox 2492 4998 2571 5055; x_wconf 90' lang='lat' dir='ltr'><strong>ab</strong></span> <span class='ocrx_word' id='word_1_513' title='bbox 2604 4997 2770 5053; x_wconf 88' lang='lat' dir='ltr'><strong>initio</strong></span> <span class='ocrx_word' id='word_1_514' title='bbox 2818 5011 2911 5052; x_wconf 88' lang='lat' dir='ltr'><strong>res</strong></span> <span class='ocrx_word' id='word_1_515' title='bbox 2969 5010 3105 5067; x_wconf 66' lang='lat' dir='ltr'><strong>quas</strong></span> <span class='ocrx_word' id='word_1_516' title='bbox 3162 4992 3534 5051; x_wconf 85' lang='lat' dir='ltr'><strong>nativitatem</strong></span> 
     </span>
    </p>
   </div>
   <div class='ocr_carea' id='block_1_64' title="bbox 150 5083 1741 5174">
    <p class='ocr_par' dir='ltr' id='par_1_64' title="bbox 150 5093 1741 5174">
     <span class='ocr_line' id='line_1_64' title="bbox 150 5093 1741 5174; baseline -0.004 -21"><span class='ocrx_word' id='word_1_517' title='bbox 150 5119 315 5174; x_wconf 66' lang='grc' dir='ltr'>φοιτο,</span> <span class='ocrx_word' id='word_1_518' title='bbox 351 5099 396 5151; x_wconf 83' lang='grc' dir='ltr'>εἰ</span> <span class='ocrx_word' id='word_1_519' title='bbox 428 5097 502 5170; x_wconf 81' lang='grc' dir='ltr'>μὴ</span> <span class='ocrx_word' id='word_1_520' title='bbox 530 5099 597 5149; x_wconf 82' lang='grc' dir='ltr'>τὰ</span> <span class='ocrx_word' id='word_1_521' title='bbox 641 5094 694 5160; x_wconf 72' lang='grc' dir='ltr'><strong>ἐξ</strong></span> <span class='ocrx_word' id='word_1_522' title='bbox 732 5094 909 5171; x_wconf 75' lang='grc' dir='ltr'>ἀρχῆς</span> <span class='ocrx_word' id='word_1_523' title='bbox 959 5093 1007 5148; x_wconf 72' lang='grc' dir='ltr'>ἓν</span> <span class='ocrx_word' id='word_1_524' title='bbox 1145 5099 1381 5167; x_wconf 74' lang='grc' dir='ltr'>γεννήσει</span> <span class='ocrx_word' id='word_1_525' title='bbox 1429 5095 1741 5169; x_wconf 62' lang='grc' dir='ltr'>παρηκολον·</span> 
     </span>
    </p>
   </div>
   <div class='ocr_carea' id='block_1_65' title="bbox 1939 5083 3530 5174">
    <p class='ocr_par' dir='ltr' id='par_1_65' title="bbox 1945 5083 3530 5170">
     <span class='ocr_line' id='line_1_65' title="bbox 1945 5083 3530 5170; baseline -0.006 -21"><span class='ocrx_word' id='word_1_526' title='bbox 1945 5094 2165 5150; x_wconf 71' lang='lat' dir='ltr'><strong>mitatte</strong></span> <span class='ocrx_word' id='word_1_527' title='bbox 2217 5095 2376 5157; x_wconf 92' lang='lat' dir='ltr'><strong>sunt,</strong></span> <span class='ocrx_word' id='word_1_528' title='bbox 2407 5093 2463 5145; x_wconf 91' lang='lat' dir='ltr'><strong>et</strong></span> <span class='ocrx_word' id='word_1_529' title='bbox 2491 5103 2628 5162; x_wconf 69' lang='lat' dir='ltr'><strong>qua:</strong></span> <span class='ocrx_word' id='word_1_530' title='bbox 2658 5087 2718 5142; x_wconf 92' lang='lat' dir='ltr'><strong>in</strong></span> <span class='ocrx_word' id='word_1_531' title='bbox 2739 5083 2940 5141; x_wconf 87' lang='lat' dir='ltr'><strong>medio</strong></span> <span class='ocrx_word' id='word_1_532' title='bbox 2982 5098 3164 5138; x_wconf 89' lang='lat' dir='ltr'><strong>cursu</strong></span> <span class='ocrx_word' id='word_1_533' title='bbox 3180 5088 3530 5170; x_wconf 57' lang='lat' dir='ltr'><strong>evenerunt,</strong></span> 
     </span>
    </p>
   </div>
   <div class='ocr_carea' id='block_1_66' title="bbox 152 5170 1743 5257">
    <p class='ocr_par' dir='ltr' id='par_1_66' title="bbox 152 5183 1743 5257">
     <span class='ocr_line' id='line_1_66' title="bbox 152 5183 1743 5257; baseline -0.004 -14"><span class='ocrx_word' id='word_1_534' title='bbox 152 5192 370 5253; x_wconf 73' lang='grc' dir='ltr'>θηκότα,</span> <span class='ocrx_word' id='word_1_535' title='bbox 400 5190 493 5238; x_wconf 77' lang='grc' dir='ltr'><strong>καὶ</strong></span> <span class='ocrx_word' id='word_1_536' title='bbox 550 5187 613 5237; x_wconf 72' lang='grc' dir='ltr'>τὰ</span> <span class='ocrx_word' id='word_1_537' title='bbox 667 5183 715 5236; x_wconf 76' lang='grc' dir='ltr'>ἓν</span> <span class='ocrx_word' id='word_1_538' title='bbox 764 5188 908 5257; x_wconf 79' lang='grc' dir='ltr'>μέσῳ</span> <span class='ocrx_word' id='word_1_539' title='bbox 952 5187 1220 5256; x_wconf 73' lang='grc' dir='ltr'>γεγονότα,</span> <span class='ocrx_word' id='word_1_540' title='bbox 1272 5189 1362 5237; x_wconf 83' lang='grc' dir='ltr'>καὶ</span> <span class='ocrx_word' id='word_1_541' title='bbox 1410 5183 1457 5236; x_wconf 78' lang='grc' dir='ltr'>ἓν</span> <span class='ocrx_word' id='word_1_542' title='bbox 1502 5192 1571 5255; x_wconf 71' lang='grc' dir='ltr'>τῷ</span> <span class='ocrx_word' id='word_1_543' title='bbox 1627 5184 1743 5237; x_wconf 56' lang='grc' dir='ltr'>τεἿιει</span> 
     </span>
    </p>
   </div>
   <div class='ocr_carea' id='block_1_67' title="bbox 1943 5170 3534 5257">
    <p class='ocr_par' dir='ltr' id='par_1_67' title="bbox 1943 5170 3534 5255">
     <span class='ocr_line' id='line_1_67' title="bbox 1943 5170 3534 5255; baseline -0.008 -16"><span class='ocrx_word' id='word_1_544' title='bbox 1943 5198 2078 5255; x_wconf 86' lang='lat' dir='ltr'><strong>quae</strong></span> <span class='ocrx_word' id='word_1_545' title='bbox 2107 5181 2167 5236; x_wconf 91' lang='lat' dir='ltr'><strong>in</strong></span> <span class='ocrx_word' id='word_1_546' title='bbox 2194 5181 2313 5236; x_wconf 87' lang='lat' dir='ltr'><strong>tine</strong></span> <span class='ocrx_word' id='word_1_547' title='bbox 2344 5177 2742 5246; x_wconf 86' lang='lat' dir='ltr'><strong>contigerunt,</strong></span> <span class='ocrx_word' id='word_1_548' title='bbox 2764 5172 3145 5229; x_wconf 78' lang='lat' dir='ltr'><strong>adnotantur.</strong></span> <span class='ocrx_word' id='word_1_549' title='bbox 3180 5170 3238 5227; x_wconf 92' lang='lat' dir='ltr'><strong>Si</strong></span> <span class='ocrx_word' id='word_1_550' title='bbox 3268 5184 3412 5242; x_wconf 88' lang='lat' dir='ltr'><strong>ergo</strong></span> <span class='ocrx_word' id='word_1_551' title='bbox 3439 5186 3534 5228; x_wconf 89' lang='lat' dir='ltr'><strong>re-</strong></span> 
     </span>
    </p>
   </div>
   <div class='ocr_carea' id='block_1_68' title="bbox 150 5260 1741 5351">
    <p class='ocr_par' dir='ltr' id='par_1_68' title="bbox 150 5272 1741 5351">
     <span class='ocr_line' id='line_1_68' title="bbox 150 5272 1741 5351; baseline -0.004 -21"><span class='ocrx_word' id='word_1_552' title='bbox 150 5275 547 5351; x_wconf 70' lang='grc' dir='ltr'>συμϐεϐηκότα,</span> <span class='ocrx_word' id='word_1_553' title='bbox 617 5272 1033 5345; x_wconf 79' lang='grc' dir='ltr'>ἐνσημανθῶσιν.</span> <span class='ocrx_word' id='word_1_554' title='bbox 1093 5273 1154 5327; x_wconf 83' lang='grc' dir='ltr'>Εἰ</span> <span class='ocrx_word' id='word_1_555' title='bbox 1209 5281 1298 5326; x_wconf 77' lang='grc' dir='ltr'>οὖν</span> <span class='ocrx_word' id='word_1_556' title='bbox 1354 5276 1497 5347; x_wconf 74' lang='grc' dir='ltr'>παρὰ</span> <span class='ocrx_word' id='word_1_557' title='bbox 1563 5272 1741 5346; x_wconf 70' lang='grc' dir='ltr'>ἀνθρώ</span> 
     </span>
    </p>
   </div>
   <div class='ocr_carea' id='block_1_69' title="bbox 1944 5260 3535 5351">
    <p class='ocr_par' dir='ltr' id='par_1_69' title="bbox 1953 5260 3535 5334">
     <span class='ocr_line' id='line_1_69' title="bbox 1953 5260 3535 5334; baseline -0.006 -5"><span class='ocrx_word' id='word_1_558' title='bbox 1953 5287 2148 5328; x_wconf 64' lang='lat' dir='ltr'><strong>manas</strong></span> <span class='ocrx_word' id='word_1_559' title='bbox 2179 5270 2262 5326; x_wconf 87' lang='lat' dir='ltr'><strong>ita</strong></span> <span class='ocrx_word' id='word_1_560' title='bbox 2292 5270 2688 5325; x_wconf 87' lang='lat' dir='ltr'><strong>conectuntur</strong></span> <span class='ocrx_word' id='word_1_561' title='bbox 2717 5268 2783 5319; x_wconf 89' lang='lat' dir='ltr'><strong>ut</strong></span> <span class='ocrx_word' id='word_1_562' title='bbox 2814 5262 2934 5317; x_wconf 88' lang='lat' dir='ltr'><strong>sint</strong></span> <span class='ocrx_word' id='word_1_563' title='bbox 2960 5260 3141 5334; x_wconf 88' lang='lat' dir='ltr'><strong>plane</strong></span> <span class='ocrx_word' id='word_1_564' title='bbox 3171 5260 3326 5316; x_wconf 90' lang='lat' dir='ltr'><strong>inter</strong></span> <span class='ocrx_word' id='word_1_565' title='bbox 3353 5276 3418 5317; x_wconf 85' lang='lat' dir='ltr'><strong>se</strong></span> <span class='ocrx_word' id='word_1_566' title='bbox 3439 5278 3535 5320; x_wconf 66' lang='lat' dir='ltr'><strong>cc“</strong></span> 
     </span>
    </p>
   </div>
   <div class='ocr_carea' id='block_1_70' title="bbox 146 5349 1737 5437">
    <p class='ocr_par' dir='ltr' id='par_1_70' title="bbox 146 5361 1737 5437">
     <span class='ocr_line' id='line_1_70' title="bbox 146 5361 1737 5437; baseline -0.002 -18"><span class='ocrx_word' id='word_1_567' title='bbox 146 5387 252 5420; x_wconf 79' lang='grc' dir='ltr'>ττων</span> <span class='ocrx_word' id='word_1_568' title='bbox 302 5368 556 5437; x_wconf 79' lang='grc' dir='ltr'>γενόμενα</span> <span class='ocrx_word' id='word_1_569' title='bbox 603 5363 739 5415; x_wconf 76' lang='grc' dir='ltr'>οὕτω</span> <span class='ocrx_word' id='word_1_570' title='bbox 800 5361 1204 5434; x_wconf 80' lang='grc' dir='ltr'>συμπλέκονται,</span> <span class='ocrx_word' id='word_1_571' title='bbox 1258 5365 1329 5425; x_wconf 81' lang='grc' dir='ltr'>ὡς</span> <span class='ocrx_word' id='word_1_572' title='bbox 1385 5364 1514 5417; x_wconf 78' lang='grc' dir='ltr'>εἶναι</span> <span class='ocrx_word' id='word_1_573' title='bbox 1582 5361 1737 5416; x_wconf 76' lang='grc' dir='ltr'>πάνττ</span> 
     </span>
    </p>
   </div>
   <div class='ocr_carea' id='block_1_71' title="bbox 1944 5349 3535 5437">
    <p class='ocr_par' dir='ltr' id='par_1_71' title="bbox 1949 5349 3535 5432">
     <span class='ocr_line' id='line_1_71' title="bbox 1949 5349 3535 5432; baseline -0.006 -15"><span class='ocrx_word' id='word_1_574' title='bbox 1949 5361 2084 5417; x_wconf 68' lang='lat' dir='ltr'><strong>latae</strong></span> <span class='ocrx_word' id='word_1_575' title='bbox 2106 5363 2286 5432; x_wconf 86' lang='lat' dir='ltr'><strong>atque</strong></span> <span class='ocrx_word' id='word_1_576' title='bbox 2311 5355 2612 5420; x_wconf 64' lang='lat' dir='ltr'><strong>involutae,</strong></span> <span class='ocrx_word' id='word_1_577' title='bbox 2636 5352 2772 5425; x_wconf 89' lang='lat' dir='ltr'><strong>quis</strong></span> <span class='ocrx_word' id='word_1_578' title='bbox 2793 5365 2886 5414; x_wconf 89' lang='lat' dir='ltr'><strong>ca,</strong></span> <span class='ocrx_word' id='word_1_579' title='bbox 2919 5364 3056 5423; x_wconf 72' lang='lat' dir='ltr'><strong>qum</strong></span> <span class='ocrx_word' id='word_1_580' title='bbox 3088 5349 3333 5405; x_wconf 88' lang='lat' dir='ltr'><strong>divinus</strong></span> <span class='ocrx_word' id='word_1_581' title='bbox 3358 5350 3535 5423; x_wconf 87' lang='lat' dir='ltr'><strong>Spiri-</strong></span> 
     </span>
    </p>
   </div>
   <div class='ocr_carea' id='block_1_72' title="bbox 152 5438 1743 5528">
    <p class='ocr_par' dir='ltr' id='par_1_72' title="bbox 152 5450 1743 5528">
     <span class='ocr_line' id='line_1_72' title="bbox 152 5450 1743 5528; baseline -0.002 -20"><span class='ocrx_word' id='word_1_582' title='bbox 152 5452 619 5528; x_wconf 73' lang='grc' dir='ltr'>συμπεπλεγμένα</span> <span class='ocrx_word' id='word_1_583' title='bbox 653 5454 745 5504; x_wconf 82' lang='grc' dir='ltr'><strong>καὶ</strong></span> <span class='ocrx_word' id='word_1_584' title='bbox 826 5450 1169 5526; x_wconf 79' lang='grc' dir='ltr'>ἀνιστόρητοι,</span> <span class='ocrx_word' id='word_1_585' title='bbox 1222 5460 1332 5513; x_wconf 80' lang='grc' dir='ltr'><strong>πῶς</strong></span> <span class='ocrx_word' id='word_1_586' title='bbox 1397 5452 1456 5505; x_wconf 78' lang='grc' dir='ltr'>οἷν</span> <span class='ocrx_word' id='word_1_587' title='bbox 1518 5454 1585 5505; x_wconf 78' lang='grc' dir='ltr'>τὰ</span> <span class='ocrx_word' id='word_1_588' title='bbox 1634 5458 1743 5526; x_wconf 71' lang='grc' dir='ltr'>περὶ</span> 
     </span>
    </p>
   </div>
   <div class='ocr_carea' id='block_1_73' title="bbox 1944 5438 3535 5528">
    <p class='ocr_par' dir='ltr' id='par_1_73' title="bbox 1944 5438 3535 5521">
     <span class='ocr_line' id='line_1_73' title="bbox 1944 5438 3535 5521; baseline -0.005 -16"><span class='ocrx_word' id='word_1_589' title='bbox 1944 5468 1957 5505; x_wconf 77' lang='lat' dir='ltr'><strong>s</strong></span> <span class='ocrx_word' id='word_1_590' title='bbox 1984 5450 2204 5521; x_wconf 75' lang='lat' dir='ltr'><strong>ﬁgurat</strong></span> <span class='ocrx_word' id='word_1_591' title='bbox 2226 5463 2294 5505; x_wconf 89' lang='lat' dir='ltr'><strong>ac</strong></span> <span class='ocrx_word' id='word_1_592' title='bbox 2315 5445 2835 5519; x_wconf 86' lang='lat' dir='ltr'><strong>representat,tam</strong></span> <span class='ocrx_word' id='word_1_593' title='bbox 2866 5438 3289 5511; x_wconf 83' lang='lat' dir='ltr'><strong>imperfectam</strong></span> <span class='ocrx_word' id='word_1_594' title='bbox 3326 5439 3535 5511; x_wconf 80' lang='lat' dir='ltr'><strong>imagi‘</strong></span> 
     </span>
    </p>
   </div>
   <div class='ocr_carea' id='block_1_74' title="bbox 221 5575 776 5643">
    <p class='ocr_par' dir='ltr' id='par_1_74' title="bbox 221 5575 776 5643">
     <span class='ocr_line' id='line_1_74' title="bbox 221 5575 776 5643; baseline -0.014 -6"><span class='ocrx_word' id='word_1_595' title='bbox 221 5582 233 5615; x_wconf 86' lang='lat'>&#39;</span> <span class='ocrx_word' id='word_1_596' title='bbox 266 5575 471 5637; x_wconf 71' lang='lat' dir='ltr'><strong>Matth.</strong></span> <span class='ocrx_word' id='word_1_597' title='bbox 499 5589 659 5643; x_wconf 79' lang='lat' dir='ltr'><strong>xxv1,</strong></span> <span class='ocrx_word' id='word_1_598' title='bbox 687 5576 776 5629; x_wconf 88' lang='lat'><strong>27.</strong></span> 
     </span>
    </p>
   </div>
  </div>
