4028 6308
468 265 575 322 619

1744 247 2110 308 THEODORI
2147 247 2556 307 ANDIDENSIS

3729 261 3898 315 420

470 404 613 448 nem
639 385 866 445 habere
895 382 1091 439 dicat?
1112 383 1265 452 Ergo
1317 394 1394 435 ne
1421 378 1603 450 hujus
1631 375 1879 450 quidem
1909 373 2133 439 viviﬁci

2261 380 2334 426 τοῦ
2401 376 2540 428 θείου
2603 377 2898 450 Πνεύματος
2963 382 3262 449 τυπούμενοι
3334 388 3426 437 καὶ
3487 383 3896 458 εἰσηγούμενοι

475 476 744 552 corporis
767 490 874 548 per
897 471 1103 530 omnia
1132 468 1339 525 similis
1389 469 1614 538 imago,
1675 481 1897 522 manca
1926 464 2132 520 ullate-

473 585 592 626 nus
616 563 1034 636 comperietur,
1061 575 1257 632 neque
1297 557 1416 614 ullo
1460 555 1734 613 membro
1759 555 2129 611 destituetur.

476 659 915 715 Verumtamem
945 650 1090 724 quia
1147 648 1476 720 adoperata
1501 650 1640 702 sunt
1667 645 1854 702 divini
1885 644 2133 716 Spiritus

477 745 742 815 oracula,
766 749 821 800 et
849 741 993 814 quia
1021 739 1135 796 sub
1159 738 1445 794 brevibus
1494 752 1652 808 saepe
1694 735 1893 792 verbis
1951 738 2132 805 atque

473 836 705 907 ﬁguris,
739 833 939 890 multae
971 845 1254 886 sensuum
1297 827 1687 899 difﬁcilesque
1718 824 2017 881 intellectu
2038 822 2134 878 di-

474 925 632 982 vitiae
663 919 1296 994 comprehenduntur;
1321 917 1406 985 id,
1431 915 1725 988 inquiam,
1751 918 1970 970 nostrae
2001 916 2139 969 aeta-

475 1016 549 1074 tis
576 1012 924 1071 hominibus
952 1013 1276 1082 purgatam
1331 1009 1594 1062 mentem
1627 1004 1874 1060 minime
1911 1002 2139 1058 haben-

475 1104 654 1171 tibus,
685 1097 1222 1165 oﬂ‘enditnebulas,
1249 1099 1306 1152 et
1326 1093 1675 1167 imperfecta
1693 1109 1822 1150 esse
1843 1107 1976 1164 quae
1999 1093 2140 1147 sunt

475 1192 741 1268 perfecta
762 1189 996 1246 suadet.

547 1287 600 1338 '2.
645 1280 819 1347 Quod
857 1282 1060 1336 autem
1115 1274 1350 1348 prolata
1392 1273 1521 1329 hmo
1572 1271 1824 1328 indubia
1893 1270 2140 1326 veritate

475 1371 684 1440 verba,
715 1367 997 1426 maximis
1027 1361 1641 1421 demonstrationibus
1668 1360 2008 1416 ﬁrmissime
2033 1358 2141 1414 ful-

477 1461 730 1526 ciantur,
754 1457 892 1513 inde
916 1455 981 1511 ﬁt
1002 1453 1397 1527 exploratum,
1457 1451 1600 1523 quia
1631 1450 1914 1521 graphica
1943 1463 2140 1504 sacro-

475 1565 614 1606 rum
670 1546 1178 1616 evangelistarum
1229 1541 1495 1607 historia,
1542 1545 1834 1613 tanquam
1900 1541 1978 1594 ab
2008 1540 2140 1612 ipso

478 1640 705 1696 Christo
739 1640 856 1693 Deo
882 1641 1086 1691 nostro
1121 1633 1432 1704 inspirata,
1466 1631 1547 1686 sic
1579 1632 1703 1702 jam
1733 1629 1871 1686 inde
1904 1629 1982 1686 ab
2007 1630 2139 1700 ejus

2243 463 2402 525 οὕτως
2448 463 2626 525 ἐλλιπῆ
2659 470 2754 525 τὴν
2784 468 2956 522 εἰκόνα
2985 472 3133 542 potin’
3160 491 3240 535 τις
3288 472 3348 526 ἄν
3376 469 3628 538 δέξασθαι
3663 491 3677 542 ;
3737 475 3890 526 Οὐ·-

2242 560 2364 607 κοῦν
2396 551 2522 606 οὐδὲ
2552 558 2581 614 ὴ
2631 563 2723 608 τοῦ
2782 556 3091 633 ζωαρχικοῦ
3135 564 3322 615 τούτου
3365 568 3456 615 καὶ
3491 564 3628 616 θείου
3660 568 3891 635 σώμαι-

2242 661 2326 704 τος
2377 642 2774 716 ἀπαράλλακτος
2823 647 2969 700 εἰκὼν
3027 648 3235 713 ἕλλιπής
3280 651 3405 712 ὅλως
3472 654 3879 725 εὑρεθήσεται,

2243 732 2288 787 εἰ
2324 741 2424 785 τῶν
2449 733 2612 805 μελῶν
2662 754 2716 787 τι
2761 739 2865 810 έρει
2910 757 3308 814 περιῃρημενον·
3362 740 3468 794 ἀλλ’
3500 740 3548 794 ἓν
3591 749 3664 814 τῷ
3714 739 3888 794 εἶναι

2246 822 2710 896 συγκεκαλυμμένοι
2750 828 2817 878 τὰ
2866 834 2959 880 τοῦ
3007 830 3145 882 θείου
3195 834 3493 904 Πνεύματος
3517 830 3689 903 λόγια,
3749 835 3884 883 καὶ

2246 909 2294 964 ἓν
2351 909 2589 984 βραχέσι
2643 912 2887 977 πολλάκις
2933 917 3142 991 ῥημασι
3182 923 3272 971 καὶ
3304 922 3485 980 τύποις
3535 919 3696 972 πολὺν
3755 938 3887 972 πι-

2245 1003 2523 1074 ριέχεσθαι
2551 1005 2820 1075 νοημάτων
2866 1004 3085 1059 πλοῦτον
3132 1013 3222 1061 καὶ
3252 1005 3638 1084 δυσθεώρητον,
3685 1016 3887 1061 τοῦτο

2247 1097 2357 1151 τοῖς
2421 1092 2536 1144 κατ’
2599 1091 2686 1165 ἐμὲ
2748 1102 2850 1146 τῶν
2913 1102 3026 1148 δοῦν
3092 1102 3163 1169 μὴ
3231 1100 3600 1174 καθαρομένοις
3653 1102 3886 1170 γνόφος

2248 1182 2584 1247 καθίσταται,
2639 1188 2729 1236 καὶ
2766 1181 2948 1242 ἁτελην
3000 1181 3130 1239 εἶναι
3183 1190 3248 1240 τὰ
3288 1188 3453 1240 τέλεια
3504 1189 3885 1246 ὑποτίθησιν.

2322 1270 2398 1342 ﬁ"
2455 1269 2576 1324 Ὀτι
2609 1269 2669 1325 δὲ
2715 1275 2782 1326 τὰ
2835 1274 3223 1349 προϐεϐλημὲνα
3272 1282 3427 1330 ταυτί
3477 1277 3691 1352 ῥήματα
3721 1276 3847 1335 ἄλη
3877 1311 3888 1316 -

2253 1361 2365 1431 θείᾳ
2431 1359 2806 1436 ἁναμφηρίστῳ
2872 1370 3136 1436 μεγίστοις
3215 1367 3554 1440 στηρίζονται
3592 1363 3889 1438 ὑποδείγ-

2251 1468 2382 1521 μασι
2440 1455 2813 1523 κραταιότατα,
2871 1452 3095 1506 ἐντεῦθέν
3149 1455 3264 1507 ἐστι
3305 1452 3482 1514 δηλον-
3545 1454 3702 1531 όγᾶιρ
3750 1459 3884 1520 ζω-

2249 1541 2448 1612 γράφος
2480 1548 2576 1592 τῶν
2626 1543 2770 1594 θείων
2820 1543 3196 1616 εῦαγγελιστῶν
3241 1545 3409 1616 λόγος,
3465 1549 3532 1608 ὡς
3580 1544 3633 1608 ἐξ
3685 1545 3885 1597 αὐτοῦ

2254 1635 2487 1701 Χριστοῦ
2517 1638 2608 1683 τοῦ
2657 1638 2790 1684 Θεοῦ
2815 1633 2960 1706 ἡμῶν
3000 1635 3410 1706 ὑποσημανθεὶς,
3441 1636 3575 1688 οὕτω
3623 1637 3690 1688 τὰ
3747 1636 3880 1687 ὑπὸ

478 1727 891 1798 conceptione,
957 1723 1138 1779 utitur
1191 1719 1555 1790 imaginibus
1606 1720 1766 1776 vocis
1842 1723 1898 1776 et
1951 1718 2136 1786 verbi,

2261 1727 2346 1781 τῆς
2379 1719 2703 1791 συλλὴψεως,
2733 1743 2829 1785 της
2877 1733 3041 1796 φωνῆς
3084 1731 3172 1778 καὶ
3222 1733 3314 1778 τοῦ
3351 1725 3525 1798 λόγου,
3559 1732 3649 1778 τοῦ
3697 1725 3881 1798 φίλου

479 1817 657 1874 amici
685 1820 740 1872 et
771 1814 1000 1887 sponsi,
1030 1813 1288 1868 lucernae
1320 1815 1376 1866 et
1405 1809 1564 1882 solis,
1601 1823 1789 1882 usque
1808 1808 1887 1866 ad
1915 1813 2142 1882 postre-

478 1921 645 1962 mam
690 1903 898 1960 Christi
947 1902 1016 1958 in
1063 1901 1246 1958 caelos
1285 1900 1724 1965 ascensionem,
1762 1902 1818 1954 et
1866 1898 2142 1969 ejusdem

477 1979 637 2050 illinc
652 1992 985 2049 novissimo
1001 1991 1211 2056 reditu,
1231 2005 1355 2045 non
1369 1989 1630 2062 sparsim
1648 2003 1843 2060 neque
1868 1988 2140 2060 abrupte,

481 2083 588 2141 sed
621 2082 800 2140 simul
830 2081 1037 2139 omnia
1082 2079 1513 2152 complectitur.
1567 2079 1670 2136 Cui
1713 2079 1798 2134 rei
1847 2079 2148 2150 sapienter

478 2179 744 2232 mentem
800 2172 1175 2229 intendentes
1232 2171 1293 2237 ii,
1342 2171 1446 2241 qui
1497 2169 1772 2241 primitus
1820 2166 2147 2241 pontiﬁcali

478 2279 727 2321 munere
771 2263 940 2332 digni
970 2261 1226 2331 fuerunt,
1284 2264 1340 2316 et
1368 2259 1472 2330 qui
1500 2263 1638 2331 post
1679 2274 1782 2314 eos
1813 2257 2002 2314 sancti
2040 2259 2146 2312 Pa-

480 2369 599 2429 tres
657 2352 1026 2416 exstiterunt,
1076 2365 1269 2422 usque
1295 2349 1374 2405 ad
1424 2353 1699 2420 tempora
1742 2346 1965 2419 quibus
2019 2351 2151 2402 orta

483 2446 624 2500 sunt
653 2451 879 2512 magna
923 2439 1265 2506 luminaria,
1289 2441 1346 2494 et
1395 2436 1785 2494 ecclesiarum
1831 2437 1931 2494 Dei
1959 2437 2147 2492 aediﬁ-

483 2536 736 2593 catores,
765 2528 1034 2600 Basilius,
1064 2529 1124 2585 in
1147 2537 1355 2600 quam,
1397 2533 1455 2583 et
1487 2529 1745 2584 Joannes
1803 2528 2152 2600 Chrysosto-

484 2637 646 2690 mus,
677 2620 858 2693 primi
887 2618 1186 2691 pontiﬁcis
1212 2618 1369 2675 circa
1394 2617 1575 2673 ritum
1620 2618 1782 2674 hunc
1841 2617 2147 2683 mandata,

485 2712 696 2766 sancto
723 2708 944 2780 Spiritu
976 2707 1330 2772 deducente,
1363 2707 1620 2762 exsecuti
1651 2710 1811 2764 sunt.
1863 2707 2149 2771 Quasnam

487 2801 686 2853 autem
742 2797 870 2852 haec
930 2795 1221 2851 mandata
1268 2794 1554 2850 fuerunt?
1583 2794 1772 2851 multa
1816 2793 2061 2866 quidem
2095 2797 2150 2849 et

488 2885 627 2953 alia,
669 2885 775 2942 sed
815 2884 1114 2957 praecipue
1143 2900 1279 2957 qua:
1311 2885 1388 2940 ad
1436 2885 1858 2956 purgationem
1879 2885 2148 2939 nostram

486 2979 544 3032 et
578 2975 752 3048 quasi
781 2975 1041 3031 reditum
1069 2974 1130 3030 in
1178 2974 1365 3030 vitam
1431 2973 1760 3046 pertinent:
1801 2997 1821 3023 ι
1864 2973 2148 3045 Accipite,

2251 1811 2337 1860 καὶ
2359 1815 2453 1861 τοῦ
2478 1815 2721 1882 νυμφίου,
2763 1820 2853 1864 τοῦ
2877 1812 3062 1866 λύκνου
3093 1819 3181 1866 καὶ
3206 1823 3297 1868 τοῦ
3336 1815 3506 1886 ἡλίου,
3560 1816 3695 1888 ἄχρι
3754 1823 3838 1874 τῆ
3856 1837 3885 1878 ς

2251 1899 2543 1960 τελευταίας
2597 1897 2786 1954 ἀνόδου
2861 1911 3096 1977 Χριστοῦ
3152 1912 3243 1966 τῆς
3309 1905 3383 1968 εἰς
3436 1906 3704 1982 οὐρανοὺς,
3762 1910 3882 1957 καὶ

2251 1996 2347 2050 τῆς
2394 1987 2582 2042 ἐκεῖθεν
2634 1990 2794 2044 αύτοῦ
2850 1988 3095 2068 δευτέρας
3145 2000 3462 2070 παρουσίας,
3504 1998 3701 2070 ἄριστα
3730 1995 3884 2058 ἐξει-

2254 2081 2474 2143 κόνισεν,
2529 2079 2586 2130 ού
2647 2076 3058 2156 διεσπαρμένως,
3107 2081 3221 2137 οὐδ’
3273 2083 3689 2161 ἁπερῥηγμένως,
3745 2084 3879 2137 ἀλλ’

2255 2167 2338 2239 ὑφ’
2390 2167 2437 2220 ἓν
2467 2171 2599 2242 πρὸς
2643 2171 2810 2222 πάντα
2858 2177 3289 2246 κατηρτισμένος.
3339 2174 3407 2247 ᾫ.
3456 2171 3524 2234 δὴ
3584 2179 3677 2227 καὶ
3726 2195 3870 2226 νου-

2257 2259 2562 2330 νεχέστερον
2621 2264 2973 2330 προσεχόντες
2999 2263 3048 2312 οἱ
3087 2267 3304 2336 πρώτως
3356 2262 3735 2339 ἀρχιερατικοῦ
3767 2283 3882 2315 κοι-

2258 2343 2590 2408 ταξιωθέντες
2648 2352 3003 2423 χαρίσματος,
3062 2355 3152 2403 καὶ
3208 2353 3256 2404 ὁὶ
3308 2351 3418 2426 μετ’
3477 2353 3665 2413 αύτούς
3732 2354 3889 2406 θεῖοι

2259 2439 2502 2507 Πατέρες,
2548 2436 2683 2510 οἶχρι
2729 2445 2828 2488 τῶν
2877 2443 3082 2512 χρόνων
3134 2449 3231 2502 τῆς
3280 2446 3566 2514 γεννήσεως
3612 2448 3714 2494 τῶν
3776 2460 3887 2513 με-

2257 2522 2427 2594 γάλων
2478 2530 2764 2599 φωστήρων
2794 2531 2882 2579 καὶ
2911 2537 3241 2602 τεχνουργτῦν
3293 2538 3388 2591 τῆς
3443 2537 3534 2582 τοῦ
3587 2538 3723 2583 Θεοῦ
3775 2530 3889 2584 Ἐκ

2257 2611 2494 2680 κλησίοις,
2539 2615 2830 2685 Βασιλείου,
2880 2623 3032 2690 φημὶ,
3083 2623 3173 2671 καὶ
3217 2619 3453 2672 Ἰωάννου
3501 2627 3592 2672 τοῦ
3650 2628 3887 2694 Χρυσο-

2261 2706 2476 2776 στόμου,
2536 2707 2629 2767 τὰς
2685 2704 2732 2757 ἓν
2785 2707 2964 2770 αὐτοῖς
3012 2707 3210 2770 ἐντολὰς
3271 2718 3363 2763 τοῦ
3419 2716 3620 2786 πρώτου
3660 2710 3882 2784 ἀρχιε-

2257 2795 2380 2865 ρέως
2457 2796 2718 2866 Πνεύματι
2804 2797 2922 2867 θείῳ
3004 2794 3391 2871 ποδηγούμενοι
3483 2797 3876 2874 ἀνεπλήρωσαν

2255 2887 2398 2942 Τινες
2467 2877 2527 2933 δε
2592 2881 2692 2955 ἀρα
2742 2886 2800 2936 αἱ
2850 2883 3083 2953 ἐντολαί;
3139 2886 3330 2940 Πολλαὶ
3386 2891 3476 2961 μὲν
3528 2893 3618 2941 καὶ
3675 2888 3872 2952 calari,

2256 2968 2528 3046 ἐξαιρέτως
2583 2968 2641 3024 δὲ
2689 2974 2744 3024 αἱ
2784 2976 2916 3046 πρὸς
2971 2979 3064 3033 τὴν
3121 2978 3372 3050 ἡμετέραν
3437 2979 3697 3053 κάθαρσιν
3763 2999 3866 3031 και

485 3065 866 3136 manducata,
924 3064 1024 3131 ait,
1076 3065 1190 3120 hoc
1243 3069 1334 3120 est
1385 3079 1604 3135 corpus
1652 3079 1884 3119 meum.
1922 3086 1942 3111 ι
1997 3063 2148 3120 Nihil

2261 3062 2408 3112 οἱονεὶ
2457 3059 2780 3124 ἀναζώωσιν.
2807 3084 2835 3112 ι(
2885 3062 3070 3117 Λάϐετε
3126 3068 3312 3138 φάγετε
3344 3089 3395 3137 ››,
3425 3070 3576 3138 φὴσὶ·
3611 3089 3641 3116 ‹‹
3671 3064 3768 3120 τοῦ
3830 3071 3861 3119 ὁ

486 3154 647 3211 enim
672 3158 855 3220 vetat,
880 3153 1206 3224 quominus
1235 3151 1436 3208 denuo
1457 3153 1792 3208 necessaria
1813 3152 1940 3208 haec
1968 3152 2152 3208 verba

485 3248 851 3316 repetamus.
887 3245 952 3297 Et
1004 3241 1186 3314 paulo
1235 3247 1405 3314 post:
1435 3264 1462 3293 «
1499 3245 1618 3298 Hoc
1655 3241 1832 3298 facite
1855 3241 1918 3296 in
1948 3257 2149 3297 meam

487 3329 1194 3388 commemorationem.»
1246 3329 1428 3400 Igitur
1477 3333 1788 3402 tantopere
1833 3330 1999 3386 cordi
2045 3330 2153 3385 fuit

484 3419 579 3477 his
607 3419 798 3476 beatis
816 3420 1453 3475 commemorationem
1477 3419 1687 3475 Christi
1735 3420 1948 3484 facere,
1998 3423 2062 3474 ut
2097 3423 2155 3475 et

489 3523 706 3580 corpus
731 3521 837 3580 per
863 3506 1067 3563 divina
1089 3507 1368 3580 symbola
1387 3507 1684 3564 incolume
1705 3507 2155 3581 perfectumque

491 3596 874 3666 conﬁcerent,
899 3600 1098 3652 mente
1128 3599 1306 3667 atque
1332 3595 1534 3652 anima
1565 3597 1905 3669 praeditum,
1939 3596 2156 3668 injecto

489 3670 551 3742 in
589 3701 858 3742 massam
881 3685 1194 3756 fermento,
1223 3690 1282 3741 et
1305 3685 1773 3742 substantialiter
1802 3685 2017 3742 deitate
2031 3687 2158 3758 ple-

494 3774 851 3844 num;adeo
899 3775 1096 3848 utqui
1149 3774 1330 3845 digne
1395 3770 1772 3848 participant,
1821 3777 2156 3832 sanctifica-

490 3866 648 3922 tione
664 3868 722 3921 et
742 3864 933 3935 gratia
949 3863 1268 3931 donentur,
1292 3879 1776 3938 magnarumque
1802 3865 2156 3938 passionum

490 3954 792 4012 medelam
820 3959 1286 4027 consequantur.

561 4047 612 4099 3.
646 4042 759 4100 Sed
790 4042 951 4099 enim
978 4044 1148 4100 tertia
1199 4059 1443 4116 quoque
1476 4041 1706 4100 accedit
1734 4043 2158 4117 praedictarum

487 4145 690 4188 rerum
732 4131 1128 4201 confirmatio,
1162 4147 1296 4206 qum
1367 4149 1506 4188 cum
1558 4147 1732 4190 sacra
1767 4135 2009 4206 liturgia
2057 4151 2156 4191 ec-

490 4217 686 4275 clesiis
713 4219 815 4274 Dei
843 4219 1126 4291 praeclare
1165 4221 1382 4293 pieque
1430 4219 1649 4278 tradita
1695 4227 1803 4278 est.
1865 4225 2157 4290 Quaenam

489 4322 630 4362 vero
661 4306 837 4362 haec?
869 4309 1187 4363 Sacrarum
1215 4308 1499 4364 nimirum
1529 4311 1862 4380 imaginum
1913 4329 2027 4385 ope
2059 4329 2156 4368 co-

2256 3149 2370 3202 ἐστι
2398 3155 2450 3202 τὶ
2483 3152 2633 3221 σῶμά
2679 3169 2804 3222 μου·
2848 3149 2998 3204 οὐδὲν
3027 3155 3128 3229 γὰρ
3174 3154 3356 3208 κωλύει
3404 3160 3490 3208 καὶ
3546 3157 3699 3218 αὖθις
3745 3164 3868 3217 τοῖς

2259 3239 2564 3312 ἀναγκαίοις
2610 3247 2761 3292 τοῦτο
2818 3239 3274 3316 ἐπαναλαμϐάνειν
3328 3251 3417 3298 καὶ
3479 3247 3591 3319 μετ’
3657 3245 3865 3319 ὄλιγον·

2263 3351 2290 3379 ‹‹
2334 3335 2495 3382 Τοῦτο
2528 3336 2717 3381 ποιεῖτε
2771 3331 2842 3392 εἰς
2893 3337 2987 3390 τὴν
3040 3335 3166 3406 ἐμὴν
3223 3332 3530 3407 ἀνάμνησιν.
3574 3358 3603 3385 ››
3651 3335 3870 3388 Οὐκοῦν

2262 3421 2420 3478 οὕτως
2479 3419 2738 3470 ἔσπευσαν
2795 3424 2843 3472 οὶ
2899 3424 3151 3497 μακάριοι
3204 3427 3450 3477 ποεῖσθαι
3505 3429 3599 3484 τὴν
3665 3423 3870 3478 ἐκείνου

2264 3507 2573 3582 ἀνάμνησιν,
2607 3511 2672 3571 ὡς
2702 3506 2792 3563 καὶ
2846 3515 2905 3563 τὸ
2956 3521 3110 3585 σῶμα
3139 3510 3232 3566 διὰ
3260 3522 3360 3567 τῶν
3394 3517 3538 3568 θείων
3587 3515 3871 3589 συμϐόλων

2267 3608 2398 3652 σῶον
2428 3604 2518 3652 καὶ
2549 3601 2727 3676 ἄρτιον
2785 3599 3065 3670 ἀποτελεῖν,
3099 3605 3267 3656 ἔννουν
3311 3609 3402 3657 καὶ
3459 3605 3724 3678 ἔμψυχον,
3770 3601 3873 3658 δια

2264 3697 2354 3749 τῆς
2409 3689 2574 3762 ζύμης
2621 3689 3002 3764 ἐμϐαλλομένης
3053 3700 3125 3762 τῷ
3166 3696 3432 3768 φυράματι
3463 3694 3566 3767 (1),
3612 3698 3702 3747 καὶ
3757 3697 3874 3748 θεό-

2262 3799 2415 3840 τητος
2463 3778 2575 3831 κατ’
2619 3779 2801 3832 ούσίοιν
2855 3780 3269 3854 πεπληρωμενον·
3345 3784 3478 3836 ὥστε
3545 3787 3664 3844 τοὺς
3709 3783 3869 3846 ἀξίως

2265 3866 2752 3940 μεταλαμϐάνοντας
2797 3867 3060 3942 ἁγιασμοῦ
3118 3875 3208 3924 καὶ
3271 3873 3491 3946 χάριτος
3556 3870 3868 3941 ἀξιοῦσθαι,

2265 3961 2354 4008 καὶ
2374 3956 2609 4029 μεγάλων
2640 3959 2815 4010 παθῶν
2843 3961 2987 4011 ἴασιν
3019 3955 3300 4031 δέχεσθαι.

2335 4043 2404 4117 γ’.
2438 4043 2568 4098 Ἀλλ’
2619 4048 2732 4099 ἔστι
2788 4051 2876 4099 καὶ
2914 4052 3065 4123 τρίτη
3119 4047 3404 4121 βεϐαίωσις
3450 4058 3551 4102 τῶν
3600 4053 3872 4123 προτεθει-

2267 4138 2446 4206 μένων,
2513 4133 2621 4195 ἣτις
2679 4138 2812 4208 μετὰ
2871 4145 2967 4198 τῆς
3042 4138 3176 4200 θείας
3245 4140 3534 4215 ἱερουργίας
3598 4148 3709 4202 ταῖς
3772 4149 3868 4195 τοῦ

2270 4231 2402 4277 Θεοῦ
2442 4221 2744 4286 ἐκκλησίαις
2791 4225 2954 4286 καλῶς
3029 4227 3118 4279 καί
3171 4228 3416 4300 θεοφιλῶς
3474 4225 3870 4304 παραδέδοται.

2266 4316 2356 4374 Τίς
2407 4307 2466 4364 δὲ
2503 4313 2633 4371 αὕτη
2683 4311 2788 4381 ;”Π
2837 4323 2934 4366 τῶν
2985 4316 3128 4388 ἱερῶν
3182 4318 3385 4369 εἰκόνων
3419 4313 3513 4370 διά
3567 4323 3871 4391 χρωμάτων

488 4393 688 4449 lorum
713 4392 1020 4450 exhibitio.
1057 4399 1120 4450 In
1148 4395 1240 4451 his
1269 4397 1430 4452 enim
1482 4397 1913 4456 incarnationis
1945 4399 2148 4456 Christi

2270 4399 2634 4464 ἁναστὴλωσις
2847 4402 2895 4455 ἐν
2961 4407 3178 4466 ταύταις
3214 4408 3317 4480 γὰρ
3365 4408 3426 4459 τὰ
3464 4416 3554 4469 τῆς
3615 4407 3870 4482 ἐνανθρω·

492 4482 595 4538 Dei
621 4481 808 4538 nostri
835 4483 1123 4554 mysteria
1161 4486 1365 4541 omnia
1390 4502 1426 4540 a
1471 4486 1761 4557 religiosis
1807 4489 2156 4546 hominibus

492 4573 818 4627 cernuntur
838 4572 1130 4643 exposita,
1158 4571 1236 4629 ab
1259 4573 1596 4644 archangeli
1627 4575 1910 4632 Gabrielis
1941 4577 2020 4634 ad
2048 4580 2155 4634 vir-

493 4658 695 4729 ginem
725 4657 989 4715 adventu
1011 4675 1200 4732 usque
1228 4659 1307 4717 ad
1338 4661 1572 4718 Domini
1601 4664 1662 4719 in
1701 4664 1885 4720 caelos
1919 4681 2150 4722 assum-

493 4747 760 4820 ptionem
793 4761 863 4804 ac
919 4747 1312 4806 novissimum
1340 4750 1617 4808 reditum.
1652 4752 1847 4809 Habes
1878 4758 1935 4811 et
1965 4753 2153 4811 alium

564 4889 786 4957 (t)lloc
815 4889 959 4945 dicit
991 4891 1326 4947 secundum
1376 4897 1750 4950 constantem
1806 4896 2155 4954 Graecorum

495 4961 850 5041 sententiam
903 4977 973 5018 ac
995 4961 1176 5041 ritum
1234 4965 1627 5041 consecrandi
1681 4966 2151 5041 fermentatum;

493 5045 679 5102 quem
736 5033 916 5088 ritum
965 5047 1106 5106 non
1135 5033 1440 5106 improbat
1482 5036 1686 5093 Latina
1741 5039 2020 5101 Ecclesia.
2073 5033 2157 5098 ita

494 5110 701 5178 tamen
713 5106 793 5178 Aut
836 5119 872 5159 a
929 5103 1142 5178 Graecis
1166 5103 1750 5178 vicissimiazymum
1771 5110 1954 5166 nollet
1987 5110 2153 5168 dam-

493 5172 662 5252 nari.
679 5174 884 5252 Itaque
914 5175 1098 5246 paulo
1121 5172 1556 5252 vehementius
1577 5178 1836 5252 loquitur
1860 5184 1914 5238 S.
1948 5181 2154 5238 Petrus

494 5243 857 5321 Damiani’in
887 5243 998 5321 sua
1025 5247 1393 5321 praeolat-aet
1429 5243 1878 5321 religiosissima
1905 5255 2154 5308 canonis

494 5317 1096 5395 missaehexpositione
1125 5321 1209 5383 (n.
1249 5319 1330 5386 t.)
1354 5335 1389 5374 a
1414 5319 1588 5395 nobis
1609 5321 1769 5395 edita
1797 5323 2013 5395 script.
2038 5331 2151 5380 vet.

493 5386 535 5464 ι,
562 5382 624 5464 ῩΙ
647 5399 659 5436 :
683 5382 870 5464 Pariis
895 5382 1296 5464 fermentatus
1314 5382 1441 5464 ίηοη
1473 5391 1638 5447 debet
1665 5393 1871 5464 oﬂ’erm‘
1899 5382 1961 5449 th
1974 5398 2157 5451 sacri-

493 5453 1150 5536 Εσίαπιηιιιτπνᾳιίοηε
1172 5461 1346 5536 facti,
1395 5467 1517 5517 tum
1573 5453 1809 5536 ratione
1862 5467 2154 5534 mysterii.

495 5525 696 5582 Grmcz’
718 5529 915 5582 tamen
944 5527 1009 5583 in
1048 5544 1152 5584 suo
1172 5525 1512 5600 pertinaces
1539 5549 1742 5593 errore
1770 5535 1843 5591 de
1867 5525 2157 5609 fermento

2269 4496 2477 4553 πὴσεως
2521 4498 2610 4543 τοῦ
2660 4492 2897 4568 Χριστοῦ
2934 4497 3023 4545 καὶ
3081 4501 3215 4547 Θεοῦ
3261 4500 3398 4568 ὴμῶν
3428 4494 3635 4549 ἅπαντα
3663 4503 3875 4570 μυστή-

2267 4599 2358 4651 ρια
2385 4585 2494 4642 τοῖς
2543 4579 2805 4633 εύσεϐέσιν
2854 4583 3073 4656 ὁρῶνται
3119 4585 3576 4659 καθιστορούμενα
3627 4584 3714 4638 ἀπ’
3775 4608 3870 4639 αυ-

2266 4677 2361 4730 τῆς
2400 4676 2490 4730 τῆς
2539 4678 2638 4722 τσῦ
2684 4669 3016 4745 ἀρχαγγελου
3077 4671 3307 4747 Γαϐριὴλ
3357 4677 3488 4748 πρὸς
3531 4679 3624 4733 τὴν
3673 4679 3875 4751 Παρθέ-

2265 4775 2347 4809 νον
2397 4755 2611 4831 ἀφίξεως
2658 4763 2824 4834 μέχρι
2865 4766 2953 4813 καὶ
3003 4770 3094 4822 τῆς
3143 4762 3213 4824 εἰς
3262 4763 3514 4838 οὐρανούς
3575 4763 3874 4836 ἀναλήψεως

2265 4916 2370 4957 con
2375 4902 2607 4971 ﬁcium.
2631 4904 3052 4960 Verumtamen
3064 4904 3226 4961 idem
3245 4906 3452 4962 Petrus
3466 4911 3654 4964 semet
3666 4923 3873 4964 emen-

2265 4973 2370 5028 dat
2398 4976 2500 5029 aut
2529 4974 2790 5052 explicat
2814 4974 2875 5052 in
2915 4976 3312 5052 Collectaneis
3334 4981 3481 5034 tom.
3521 4979 3621 5037 cit.
3661 4995 3724 5052 p.
3747 4981 3871 5051 243,

2266 5060 2408 5099 cum
2447 5049 2650 5100 nostra
2678 5045 3086 5104 adnotatione.

2338 5115 2415 5186 (2)
2453 5115 2632 5170 Graeci
2661 5117 3378 5188 primaQuadragesimaa
3420 5121 3731 5177 Dominica
3762 5121 3877 5179 fes-

2267 5187 2832 5258 tum_venerationis
2857 5187 3189 5258 imaginum
3240 5189 3564 5254 celebrant,
3595 5192 3878 5250 subtitulo

2267 5253 2594 5334 όρθοδοξίας,
2615 5257 2694 5334 ob
2715 5253 3286 5334 eam‘dog'maticam
3298 5253 3682 5334 disciplinam
3708 5264 3767 5319 in
3795 5280 3878 5320 se-

2265 5328 2454 5404 ptimo
2485 5328 2737 5404 concilio
2757 5328 3089 5404 deﬁnitam.
3121 5334 3197 5386 De
3223 5348 3347 5404 quo
3377 5328 3532 5390 festo
3553 5334 3756 5392 multa».
3779 5353 3876 5392 ex-

2266 5399 2702 5475 tanthomiliaa,
2733 5416 2895 5475 quas
2919 5399 3366 5475 inter__memini
3398 5421 3496 5461 mc
3525 5405 3721 5475 legere
3758 5411 3875 5465 Ma—

2267 5469 2410 5526 carii
2435 5469 2920 5554 Chryrsocephaﬁ,
2953 5475 3010 5529 et
3026 5471 3210 5530 aliam
3235 5475 3297 5530 in
3319 5469 3669 5534 collectione
3689 5478 3876 5554 Agapi

2267 5540 2562 5598 monachi
2582 5540 2892 5600 Cretensis.
