4028 6308
524 318 627 376 423

1805 311 2163 370 THEODORI
2202 312 2617 370 ANDIDENSIS

3787 314 3925 369 424

526 443 799 516 Spiritus.
824 445 1029 501 Postea
1076 444 1319 513 propter
1364 438 1716 496 triennalem
1756 438 2184 496 miraculorum

2307 457 2357 489 ra
2417 439 2475 489 τὸ
2537 436 2621 489 ἐπί
2676 442 2848 509 τρισὶν
2907 436 3161 501 ἐνιαυτοῖς
3221 441 3717 515 θαυματουργοῦντα
3788 437 3924 490 ἑπι-

524 549 792 601 cursum,
809 531 1158 587 Judaeorum
1180 528 1469 585 invidiam
1494 527 1838 594 incurrisse,
1862 532 1917 583 et
1944 544 1979 583 a
2010 527 2186 583 disci-

522 626 667 701 pulo
694 622 1017 697 proditum,
1041 618 1403 690 illusumque
1425 622 1481 673 et
1502 617 1880 684 cruciﬁxum,
1906 615 2183 688 sepulcro

524 714 853 777 conditum,
880 708 1137 779 denique
1166 707 1226 762 in
1256 706 1443 762 vitam
1475 711 1848 773 revocatum,
1881 706 1941 760 in
1964 703 2185 760 caelum

527 798 965 863 conscendisse,
996 802 1053 852 et
1072 795 1341 867 judicem
1366 795 1567 851 denuo
1614 800 1935 851 venturum
1975 809 2185 865 exspe-

526 893 690 952 ctari.
728 892 870 957 Quae
903 886 1107 943 omnia
1138 886 1454 959 perspicue
1481 884 1687 941 divina
1744 884 1985 955 liturgia
2031 883 2188 940 sistit

527 1000 634 1061 per
654 978 949 1053 eaquaein
980 975 1300 1048 ipsaﬁunt,
1350 974 1684 1031 secundum
1734 973 1968 1031 Domini
2011 973 2187 1030 tradi-

528 1075 754 1132 tionem
786 1073 844 1125 et
871 1065 1162 1124 mandata
1193 1064 1449 1134 singula.

603 1168 653 1218 5.
722 1162 941 1214 Verum
991 1154 1123 1210 haec
1187 1152 1433 1226 quidem
1491 1158 1781 1224 tanquam
1826 1152 2190 1209 adumbrata

526 1248 811 1325 quedam
827 1245 1165 1301 futurarum
1186 1257 1385 1298 rerum
1401 1248 1822 1313 proponuntur
1844 1239 2186 1313 descriptio.

527 1344 600 1397 At
622 1340 834 1394 nostra
861 1329 1259 1404 particulatim
1282 1330 1504 1384 rituum
1539 1330 1634 1384 Dei
1697 1329 1888 1398 gratia
1947 1332 2192 1384 statuto-

529 1443 666 1485 rum
687 1421 1050 1496 explanatio,
1066 1423 1363 1492 quantum
1386 1417 1862 1473 inﬁrmissimum
1878 1417 2191 1487 ingenium

531 1519 804 1573 nostrum
836 1508 1104 1577 valuerit,
1134 1506 1252 1561 vim
1276 1506 1509 1561 interim
1532 1521 1740 1561 eorum
1763 1505 1968 1577 palam
1994 1507 2189 1564 faciet.

531 1616 795 1676 quorum
823 1595 1100 1669 symbola
1131 1592 1488 1649 intellexisse
1545 1592 1933 1649 arbitramur.
1994 1595 2194 1665 Neque

535 1690 697 1747 enim
710 1690 907 1744 mente
921 1682 1099 1739 talem
1112 1686 1467 1753 tantumque
1479 1685 1767 1738 conatum
1783 1682 2193 1753 concepimus,

536 1781 741 1851 utpote
764 1773 943 1831 nimis
964 1770 1870 1844 contemplativum,utfortasse
1928 1770 1990 1826 in
2055 1785 2196 1826 cun-

537 1867 647 1923 ctis
703 1868 924 1920 nostrae
976 1859 1299 1918 audaciam
1346 1858 1736 1932 expositionis
1778 1858 2196 1914 ostendamus.

537 1957 663 2012 Imo
691 1958 748 2010 et
766 1952 981 2009 diserte
1011 1948 1252 2005 veniam
1308 1963 1345 2005 a
1387 1948 1725 2019 legentibus
1778 1946 2197 2020 imploramus,

535 2060 688 2118 quos
709 2042 859 2099 scire
886 2040 1184 2104 volumus,
1217 2053 1328 2096 nos
1357 2036 1682 2093 obediendi
1705 2040 2008 2109 praecepto
2028 2035 2201 2092 obse-

535 2136 807 2206 quentes,
838 2129 928 2185 vel
953 2128 1153 2201 potius
1174 2127 1302 2181 viro
1329 2141 1437 2198 per
1457 2125 1666 2182 omnia
1684 2128 1803 2182 Deo
1826 2124 2074 2180 amabili
2099 2122 2199 2180 ad-

533 2220 795 2279 hortanti
830 2218 1128 2283 cedentes,
1162 2215 1469 2285 negotium
1514 2214 1667 2270 ultra
1696 2215 1856 2269 vires
1916 2212 2201 2269 audacter

538 2309 783 2381 aggredi
812 2323 971 2376 ;non
990 2311 1193 2363 autem
1224 2303 1473 2359 scientia
1503 2303 1766 2368 inﬂatos,
1795 2319 1891 2358 res
1930 2303 2198 2357 humano

540 2398 695 2453 nisui
724 2397 982 2453 intactas
1029 2395 1340 2462 attingere.
1377 2392 1549 2457 Quod
1599 2393 1649 2446 si
1703 2390 1852 2463 quid
1904 2390 1995 2445 vel
2039 2390 2197 2445 circa

541 2484 910 2558 pontiﬁcalia
928 2482 1302 2545 indumenta,
1328 2478 1423 2534 vel
1451 2478 1569 2534 alia
1590 2478 1819 2550 aliquot
1847 2478 1908 2533 in
1931 2478 2197 2534 ecclesiae

540 2589 710 2631 more
734 2572 951 2645 posita,
977 2585 1175 2626 sermo
1204 2573 1407 2625 noster
1426 2566 1790 2640 praeterierit,
1819 2566 1900 2633 id,
1924 2566 2195 2639 inquam,

540 2666 708 2724 haud
730 2665 961 2736 absque
990 2676 1177 2717 causa
1204 2659 1431 2716 factum
1462 2662 1575 2714 est.
1610 2659 1756 2714 Cum
1787 2657 1948 2713 enim
1979 2658 2197 2713 harum

537 2772 763 2825 rerum,
787 2752 1075 2824 scriptam
1109 2749 1445 2823 quamdam
1475 2748 1588 2804 sub
1617 2749 1823 2818 magni
1854 2747 2053 2804 Basilii
2086 2762 2197 2802 no-

538 2845 702 2902 mine
730 2841 1278 2915 interpretationem
1308 2838 1733 2905 invenerimus,
1757 2837 1832 2894 de
1882 2837 1953 2893 iis
1995 2837 2196 2894 dicen-

539 2936 685 2993 dum
716 2950 753 2991 a
783 2932 957 2989 nobis
986 2946 1105 2987 non
1124 2928 1552 3001 judicavimus.
1577 2927 2003 2999 Quamobrem,
2038 2927 2195 2983 circa

2292 528 2473 599 φθόνον
2528 529 2769 595 γενέσθαι
2826 535 2934 589 τοῖς
2991 525 3292 595 Ἰουδαίοις,
3351 534 3442 582 καὶ
3504 530 3604 581 ὑπὸ
3651 529 3921 601 μαθητοῦ

2291 613 2637 689 προδοθῆναι,
2698 615 3060 690 ἕμπαιχθῆναι
3110 638 3165 671 τε
3216 623 3304 671 καὶ
3361 620 3751 693 σταυρωθῆναιι
3789 618 3927 669 εἶτα.

2292 709 2383 756 καὶ
2440 702 2737 757 ἀναστάντα
2797 703 3174 779 ἀναληφθῆναι,
3234 711 3322 760 καὶ
3386 709 3450 767 ὡς
3513 710 3694 781 κριτὴν
3734 724 3926 778 προσ-

2296 789 2586 865 δοκώμενον
2637 793 2790 847 πάλιν
2830 792 3149 848 ἐλεύσεσθαιυ
3191 795 3225 847 ἃ
3280 799 3451 848 πάντα
3504 804 3681 867 σαφῶς
3730 800 3833 845 καὶ
3880 795 3917 850 ἡ

2298 885 2411 936 θεία
2460 884 2724 959 ἱερουργία
2772 888 3057 942 συνίστησι
3107 882 3201 937 διὰ
3246 894 3345 938 τῶν
3372 884 3421 937 ἐν
3467 885 3596 956 αὐτῇ
3658 884 3920 956 τελ.ουμέ.

2296 993 2412 1041 νων,
2472 975 2605 1026 κατά
2646 977 2740 1031 τὴν
2788 992 2878 1025 του
2935 979 3128 1049 Κυρίου
3177 971 3494 1048 παράδοσιν,
3545 976 3751 1034 καὶτὰς
3783 970 3823 1025 δ
3829 993 3927 1045 ιη-

2296 1065 2521 1137 ρημένας
2553 1060 2784 1124 ἐντολάς.

2369 1151 2427 1207 ε’.
2473 1149 2629 1203 Ἀλλά
2675 1156 2842 1203 ταῦτα
2887 1153 2977 1223 μὲν
3028 1153 3096 1214 ὡς
3146 1154 3469 1227 σκιαγραφία
3522 1158 3620 1203 τῶν
3675 1149 3927 1221 μελλόσ-

2297 1260 2396 1292 των
2452 1241 2754 1313 προτίθεται
2799 1242 2829 1298 ἡ
2888 1237 2947 1293 δὲ
2993 1243 3128 1293 κατά
3187 1245 3343 1316 μέρος
3404 1248 3504 1293 τῶν
3568 1240 3692 1313 παρ’
3754 1240 3927 1311 ἡμῶν

2299 1336 2432 1382 Θεοῦ
2498 1330 2688 1402 χάριτι
2729 1331 3170 1402 νομοθετηθέντων
3221 1329 3495 1400 ἐξήγησις,
3543 1331 3681 1381 κατά
3707 1347 3771 1399 γε
3810 1336 3925 1385 τῆν

2300 1420 2551 1492 ἡμετέραν
2605 1416 2987 1476 ἀσθενεστάτην
3041 1415 3297 1486 διὰνοιαν,
3349 1416 3574 1477 δηλωσει
3630 1422 3762 1479 τέως
3811 1436 3926 1475 την

2302 1504 2549 1580 δύναμιν,
2596 1509 2759 1581 ὧνπερ
2819 1506 3091 1579 συμϐόλων
3138 1506 3407 1579 ἐφικέσθαι
3455 1508 3720 1579 ᾠήθημεν
3780 1503 3927 1559 ούδὶ

2301 1599 2403 1669 γὰρ
2458 1595 2529 1656 εἰς
2578 1602 2695 1647 νοῦν
2749 1598 2997 1654 τοιαύτην
3053 1596 3218 1670 ὁρμήν
3275 1593 3582 1669 ἐδεξάμεθα,
3640 1596 3713 1657 ὡς
3772 1596 3925 1666 ἄγαν

2310 1686 2626 1759 θεωρητικὴν
2680 1684 2818 1736 τάχα
2871 1682 2920 1735 ἐν
2980 1690 3110 1737 πᾶσι
3165 1688 3259 1743 τὴν
3314 1684 3506 1757 τόλμαν
3560 1692 3658 1746 τῆς
3716 1683 3924 1754 ἐξηγή-

2310 1793 2439 1836 σεως
2489 1769 2872 1836 ἐπιδείξασθαι·
2931 1772 3039 1826 ἐπεὶ
3092 1771 3188 1825 κάν
3217 1780 3328 1836 τοῖς
3380 1773 3553 1845 λόγοις
3583 1778 3926 1845 συγγνώμην

2307 1863 2547 1935 αἰτοῦμεν
2622 1870 2734 1925 τοῖς
2797 1860 3232 1934 ἐντυγχάνουσιν,
3308 1859 3508 1916 εἰδόσιν
3568 1864 3634 1923 ὡς
3697 1860 3814 1914 ἕντο
3887 1868 3923 1933 ᾖ

2306 1954 2541 2013 ὑπακοῆς
2588 1953 2902 2024 πειθόμενοι,
2946 1950 3137 2024 μᾶλλον
3187 1948 3245 2005 δὲ
3289 1960 3362 2023 τῷ
3400 1955 3525 2026 πρὸς
3575 1958 3745 2004 ταῦτα
3788 1968 3930 2025 προ-

2305 2042 2615 2117 τρεψαμάνῳ
2672 2038 2828 2115 ἀνδρί
2886 2044 2952 2095 τὰ
2991 2043 3162 2094 πάντα
3217 2045 3327 2094 ὄντι
3383 2040 3605 2114 θεοφιλεῖ
3663 2044 3924 2111 εἶκον-τες,

2306 2139 2406 2184 τῶν
2449 2131 2575 2205 ὕπερ
2625 2127 2848 2203 δύναμιν
2899 2129 3372 2203 κατετόλμησαμενα
3428 2128 3535 2183 ἀλλ’
3590 2130 3721 2202 οὐχὶ
3780 2138 3899 2201 γνὼ

2309 2239 2388 2274 σει
2436 2219 2821 2295 βρενθυόμενοι,
2876 2227 2974 2271 τῶν
2999 2219 3116 2272 καθ’
3162 2220 3303 2292 ἡμᾶς
3360 2218 3644 2291 ἀψαύστων
3696 2221 3926 2296 ἡψάμε-

2309 2314 2393 2365 θα.
2449 2310 2510 2362 Εἰ
2564 2306 2624 2362 δέ
2669 2327 2787 2361 τινα
2844 2315 2944 2361 τῶν
2991 2313 3107 2382 περὶ
3137 2316 3237 2361 τῶν
3279 2306 3667 2384 ἀρχιερατικῶν
3700 2308 3922 2383 ἀμφίων

2304 2404 2395 2452 καὶ
2438 2396 2617 2471 ἐτίρων
2659 2404 2809 2449 τινῶν
2860 2404 2957 2449 τῶν
3005 2405 3067 2469 τῇ
3119 2395 3375 2469 ἐκκλησίᾳ
3426 2394 3719 2470 δεδομένων
3767 2401 3795 2451 ὁ
3836 2400 3931 2453 λό-

2304 2508 2392 2561 γος
2455 2495 2705 2562 παρῆκεν,
2771 2485 2865 2537 οὐκ
2920 2486 3039 2537 ἄνευ
3091 2484 3247 2556 λόγου
3308 2490 3593 2558 πρέποντος
3649 2482 3922 2561 δέδρακε.

2308 2578 2554 2652 Εὑρόντες
2598 2578 2700 2650 γὰρ
2743 2579 2860 2649 περὶ
2911 2577 3104 2627 τούτων
3153 2572 3229 2626 ἐπ’
3278 2578 3492 2648 ὀνόματι
3537 2582 3626 2628 νοῦ
3673 2577 3924 2648 μεγάλου

2310 2665 2576 2720 Βασιλείου
2650 2664 2726 2735 (7)
2793 2664 3065 2736 ἑρμηνείαν
3129 2666 3247 2716 τινὰ
3317 2668 3717 2738 γεγραμμένην,
3790 2663 3930 2720 οὐδε

2309 2754 2633 2828 φθέγξασθαι
2683 2757 2803 2824 περὶ
2848 2755 3043 2805 τούτων
3096 2749 3211 2805 δίον
3249 2751 3613 2825 ελογισάμεθα·
3665 2756 3811 2807 ὥστε
3876 2756 3925 2808 εἰ

2307 2849 2398 2897 καὶ
2454 2848 2570 2916 περὶ
2621 2843 2689 2895 ὧν
2737 2843 2893 2895 εἰπεῖν
2944 2842 3370 2913 ἠναγκάσθημεν,
3418 2842 3582 2915 εὑρεῖν
3637 2839 3928 2903 ἠδυνήθη-

2309 2939 2397 3008 μέν
2445 2954 2562 2987 τινα
2606 2942 2707 2987 τῶν
2758 2930 3141 3007 προειληφότων
3190 2933 3432 3005 Πατέρων
3490 2927 3724 2989 δήλωσιν
3755 2932 3787 2991 ἡ
3832 2951 3934 2985 σα-

537 3024 639 3082 illa
657 3023 836 3082 etiam
865 3022 940 3078 de
968 3020 1192 3094 quibus
1221 3018 1385 3092 loqui
1411 3018 1563 3089 jussi
1594 3018 1839 3086 fuimus,
1869 3018 1921 3073 si
1941 3016 2191 3090 quando

2310 3030 2538 3097 φήνειαν,
2595 3025 2726 3097 πρὸς
2780 3024 2976 3079 εκείνην
3029 3018 3185 3072 αὐτὸν
3241 3021 3380 3091 ἡμᾶς
3442 3021 3785 3072 συνωθοῦντα
3836 3026 3934 3096 άρ-

536 3112 805 3170 invenire
827 3109 1003 3167 nobis
1045 3108 1210 3165 licuit
1262 3107 1733 3180 praecedentium
1791 3106 2035 3163 Patrum
2090 3104 2193 3161 ali-

530 3218 729 3275 quam
753 3199 1192 3273 expositionem
1224 3201 1329 3254 aut
1351 3196 1857 3267 declarationem;
1914 3194 1990 3252 ad
2035 3195 2195 3250 hanc

535 3290 738 3364 potius
766 3289 1132 3345 hortatorem
1154 3291 1431 3343 nostrum
1483 3285 1838 3358 episcopum
1893 3283 2195 3354 ablegavi-

537 3395 710 3435 mus:
743 3376 890 3433 dum
914 3392 1029 3432 nos
1052 3375 1287 3431 interim
1316 3374 1588 3446 quietum
1646 3379 1962 3446 tutumque
2023 3373 2195 3428 silen-

538 3467 689 3524 tium
716 3470 918 3522 tenere
948 3463 1295 3520 maluimus.
1340 3462 1454 3519 Sed
1480 3462 1678 3533 agesis
1712 3462 1813 3517 Dei
1841 3461 2195 3531 benignitati

537 3554 918 3629 propositum
940 3551 1391 3623 aggrediamur.

609 3649 661 3700 6.
686 3642 923 3699 Initium
952 3640 1238 3697 doctrinae
1287 3654 1544 3709 arcanae,
1593 3644 1648 3694 et
1678 3639 2195 3694 sanctissimorum

536 3729 976 3804 symbolorum,
1007 3726 1155 3783 illud
1184 3727 1383 3799 ipsum
1419 3725 1698 3799 spiritalis
1728 3741 1925 3781 sermo
1974 3741 2195 3797 propo-

534 3821 638 3892 nit,
661 3819 829 3893 quod
854 3823 980 3875 tum
1009 3817 1277 3873 humana
1305 3819 1522 3872 natura
1543 3830 1651 3870 ceu
1673 3814 2004 3887 quamdam
2031 3814 2195 3869 obla-

534 3910 759 3967 tionem
790 3924 864 3965 ex
890 3907 1173 3963 universa
1203 3906 1475 3962 humana
1505 3919 1708 3960 massa
1763 3902 2018 3959 Domino
2074 3904 2194 3959 Deo

532 4003 738 4056 nostro
777 3996 949 4054 offert
980 4012 994 4063 ς
1023 4000 1151 4052 tum
1191 3993 1540 4067 prophetica
1570 3993 1763 4063 gratia
1790 3993 1976 4050 divini
2020 3992 2195 4068 Spiri-

536 4091 629 4143 tus
657 4087 861 4143 multis
891 4084 1263 4156 diversisque
1287 4081 1593 4139 vocabulis
1615 4082 1994 4152 signiﬁcavit,
2055 4100 2193 4140 con—

535 4190 717 4245 gruas
744 4177 992 4246 Operato
1020 4171 1307 4244 mysterio
1360 4170 1791 4243 appellationes
1850 4172 2189 4244 imponens,

536 4262 695 4333 typis
717 4261 1086 4334 quibusdam
1113 4275 1183 4315 ac
1216 4257 1505 4330 symbolis
1524 4265 2042 4331 praemonstratas.
2078 4261 2193 4318 Sed

536 4365 806 4420 congrua
827 4355 883 4406 et
910 4347 1326 4404 connaturalia
1356 4346 1607 4402 nomina
1644 4348 1727 4402 rei
1768 4354 1949 4418 gestis
2005 4350 2191 4407 modo

607 4473 1030 4545 (7)_Yerissime
1055 4470 1400 4545 Theodorus
1430 4475 1631 4545 noster
1658 4470 1799 4545 dicit
1835 4472 2189 4545 inscriptum

2307 3116 2492 3186 χιερία
2537 3108 3006 3185 παρεπεμψάμεθα·
3059 3106 3205 3159 αὐτοὶ
3256 3102 3316 3160 δὲ
3361 3110 3455 3166 τὴν
3504 3108 3774 3180 ἄπρακτον
3826 3128 3931 3176 καὶ

2306 3197 2581 3254 ἀκίνδυνον
2641 3199 2882 3271 εἱλόμεθα
2947 3201 3164 3256 σιωπήν·
3223 3198 3355 3269 όμόῦ
3422 3204 3556 3251 Θεοῦ
3621 3197 3929 3270 φιλανθρω-

2303 3296 2400 3364 πία
2453 3291 2778 3365 θαρροῦντες,
2824 3291 2914 3341 καὶ
2961 3294 3074 3347 ταῖς
3124 3286 3307 3359 εὐχαῖς
3356 3293 3448 3339 τοῦ
3472 3286 3915 3363 προτρεψαμένου

2303 3389 2394 3440 τῆς
2432 3379 2724 3439 ὑποθέσεως
2747 3375 3011 3449 ἀρχόμεθα
3039 3370 3161 3427 ὦδε·

2304 3471 2362 3524 et
2400 3466 2717 3523 hortatoris
2763 3464 2951 3521 nostri
2986 3462 3270 3536 precibus
3311 3462 3520 3519 conﬁsi
3548 3469 3911 3536 susceptum

2376 3646 2409 3707 ζ
2429 3687 2442 3700 .
2511 3646 2713 3719 Ἀρχὴν
2786 3645 2876 3716 μὲν
2945 3651 3040 3696 τῶν
3110 3643 3517 3715 μυστικωτάτων
3580 3641 3748 3715 λόγων
3816 3649 3915 3696 καὶ

2307 3738 2577 3789 θειοτάτων
2645 3732 2916 3806 συμϐόλων
2973 3732 3046 3803 (8)
3107 3732 3270 3790 αὐτὴν
3336 3730 3529 3789 ἐκείνην
3591 3732 3617 3785 ὁ
3674 3751 3913 3805 πνευμα-

2303 3827 2448 3885 τικὸς
2520 3823 2807 3880 ὑποτίθησι
2870 3820 3040 3893 λόγος,
3106 3820 3168 3880 ἣν
3234 3822 3335 3873 εἴτε
3401 3818 3696 3893 ἀνθρωπεία
3757 3823 3914 3893 φύσις

2305 3914 2410 3965 οἷον
2447 3931 2564 3965 τινα
2612 3913 2915 3984 προσφορὰν
2963 3908 3033 3981 ἐξΙ
3071 3908 3188 3962 ὅλου
3231 3916 3322 3962 τοῦ
3361 3908 3685 3983 ἀνθρωπίνου
3738 3913 3910 3983 φυρά-

2303 4020 2469 4076 ματος
2517 4005 2692 4075 Κυρίῳ
2729 4007 2801 4070 τῷ
2850 4007 2964 4070 Θεῷ
3008 4000 3152 4071 ἡμῶν
3194 4002 3520 4071 προσήγαγε·
3571 3999 3717 4056 καὶὴ
3764 4017 3910 4072 προ-

2304 4075 2494 4155 φητικὴ
2540 4082 2699 4154 χάρις
2745 4086 2836 4132 τοῦ
2882 4081 3021 4132 θείου
3079 4080 3372 4150 Πνεύματος
3418 4075 3624 4140 πολλοῖς
3669 4082 3762 4130 καὶ
3791 4097 3915 4131 ποι-

2302 4170 2465 4232 κίλοις
2515 4170 2735 4242 ὀνόμασι
2789 4164 3148 4242 παρεδήλωσε,
3198 4165 3549 4228 καταλλήλους
3591 4173 3652 4238 τῇ
3709 4168 3911 4243 ὑπουρ-

2301 4264 2395 4332 γία
2449 4265 2540 4311 τοῦ
2598 4262 2890 4331 μυστηρίου
2938 4258 3034 4319 τὰς
3093 4260 3455 4331 προσηγορίας
3516 4254 3909 4328 ἐπιφημίσας-α,

2300 4352 2484 4411 τύποις
2544 4348 2619 4418 (9)
2674 4350 2788 4398 τισὶ
2834 4350 2924 4398 καὶ
2956 4343 3239 4418 συμϐόλοις
3266 4345 3750 4417 προθεωρηθείσας,
3785 4345 3915 4397 ’Άλ-

2300 4476 2361 4531 in
2384 4473 2708 4544 Spicilegi'o
2723 4486 2871 4544 rom.
2900 4472 3404 4544 t.iV,quanquam
3418 4468 3535 4544 ﬁne
3554 4467 3905 4544 multatum.

539 4560 601 4598 se
618 4539 846 4615 vidisse
866 4543 1005 4598 divo
1029 4542 1241 4615 Basilio
1262 4539 1625 4615 opusculum
1646 4541 1720 4615 de
1742 4557 1866 4613 quo
1885 4539 2186 4615 loqu-itur;
2217 4543 2265 4598 D
2305 4539 2637 4615 Scd'exstat
2653 4543 2711 4597 in
2739 4542 2873 4598 cod.
2928 4539 3087 4615 ναις
3109 4539 3257 4615 79οζ
3275 4539 3315 4595 f.
3360 4539 3559 4607 36-40,
3605 4540 3907 4615 scriptum

539 4614 756 4671 etenim
797 4629 909 4669 nos
930 4612 1258 4684 quoquein
1281 4610 1416 4684 cod.
1445 4611 1567 4684 _Va_t.
1593 4614 1717 4678 430,
1742 4610 2187 4682 ῥοεῑτῒῐθοάοτί

536 4689 854 4764 tractatum
878 4680 1132 4764 legimus
1374 4698 1386 4737 :
1420 4680 2097 4764 t_itu_lum_ex_cerptoruui
2132 4685 2187 4738 ἐκ

537 4764 629 4817 τῆς
668 4764 758 4808 τοῦ
823 4756 872 4807 ἐν
939 4752 1105 4824 ἁγίοις
1152 4756 1365 4827 ,Πατρός
1430 4754 1574 4823 ἡμῶν
1638 4752 1907 4806 Βασιλείόυ
1967 4754 2184 4827 ἀρχιεπ.

539 4831 855 4899 Καισαρείας
942 4821 1349 4899 Καππαδοκίας-
1406 4821 1821 4899 μ-υσταγωγιηῆς
1906 4821 2186 4884 ἐκκλησια-

538 4893 744 4961 στικῆξ.
776 4901 924 4953 Tum
964 4910 1106 4951 vero
1138 4896 1196 4950 in
1242 4893 1375 4949 cod.
1408 4893 1533 4965 Vat.
1567 4896 1691 4965 662,
1716 4893 1776 4965 _f.
1825 4899 1948 4965 238,
1997 4902 2189 4954 exstat

536 4969 696 5026 idem
720 4984 873 5041 opus
895 4967 1072 5041 plane
1102 4966 1402 5041 integrum
1426 4963 1540 5019 sub
1563 4963 1834 5033 ejusdem
1860 4963 2052 5041 Basilii
2081 4985 2189 5025 no-

537 5041 717 5105 mine,
752 5035 1098 5095 uum—titulo
1148 5056 1161 5095 :
1216 5036 1445 5107 Ἰστορία
1487 5042 1869 5107 μυσταγωγικὴ
1911 5035 2189 5098 ἐκκλησια-

538 5116 713 5169 στικὴ.
738 5116 1013 5167 Attamen
1036 5108 1180 5164 nihil
1198 5106 1361 5161 aliud
1390 5106 1447 5160 id
1472 5106 1580 5162 est.
1597 5106 1710 5161 nisi
1735 5124 1871 5162 cum
1896 5112 2186 5166 varietati-

534 5181 861 5253 bus.quam
876 5176 1397 5253 opusculumillud
1417 5194 1443 5230 s
1455 5175 1896 5253 ubpatriarchze
1912 5180 2188 5237 Germani

536 5248 779 5306 nomine
798 5248 1125 5307 non'semel
1154 5249 1487 5317 vulgatum.
1536 5248 1831 5316 imprimis
1878 5258 2077 5307 autem
2124 5253 2187 5307 in

536 5320 940 5392 pulcherrima
966 5320 1281 5392 Parisiensi
1305 5316 1522 5392 Mor_elii
1553 5317 2187 5392 edition_e.ARichardus

536 5388 778 5517 goque
804 5391 1104 5473 Simonius
1125 5390 1392 5473 codicem
1416 5388 1599 5458 hujus
1620 5389 1817 5460 operis
1840 5390 2053 5449 habuit
2072 5394 2188 5449 sub

625 5477 673 5517 si
699 5478 739 5517 ιι
762 5476 1024 5517 nomine.
1047 5467 1113 5517 ut
1131 5467 1212 5517 ait
1239 5475 1302 5517 in
1327 5460 1610 5517 Catalogo
1635 5474 1696 5517 ι).
1723 5463 1848 5517 287.
1899 5468 2034 5517 nost
2083 5480 2187 5517 no-

625 5460 739 5534 silii
762 5463 1024 5534 nomine,
1047 5467 1113 5518 ut
1131 5461 1302 5534 aitin
1322 5460 1610 5534 Catalogo
1635 5474 1696 5531 p.
1723 5463 1848 5534 28],
1899 5468 2034 5534 post
2083 5480 2187 5520 no-

534 5537 627 5589 tas
649 5531 731 5606 ad
760 5532 1092 5606 Gabrielem
1132 5529 1735 5606 Philadelphiensem.
1767 5529 2052 5606 Ejusdem
2090 5550 2189 5606 ge-

534 5546 627 5589 ras
650 5546 731 5589 an
760 5546 1092 5589 uanrieiem
1136 5546 1735 5659 rnnaaeiggiensem.
1767 5546 2052 5658 rgusaem
2090 5550 2187 5606 ge-

532 5602 697 5661 neris
723 5602 895 5662 aliud
917 5600 1277 5676 opusculum
1307 5602 1362 5660 S.
1475 5600 1716 5674 phronii
1747 5616 1780 5660 ο
1826 5601 2051 5664 idimus
2071 5620 2187 5664 nos

2302 4616 2503 4673 aliud:
2556 4613 2837 4685 Ἐξήγησις
2894 4613 3185 4685 τῆς-θείας
3237 4611 3579 4685 λειτουργίας,
3628 4625 3751 4682 quo
3799 4611 3908 4667 So.

2304 4685 2539 4761 phronji
2560 4681 2825 4761 defectus
2856 4681 3457 4761 suppleriutcunquc
3484 4681 3740 4761 videtur.

2374 4758 2884 4829 (8)_Sacramenta,
2908 4749 3078 4829 e't_'res
3102 4752 3277 4808 simul
3294 4749 3718 4829 et'symbolum
3733 4756 3901 4808 sunt.

2301 4824 2474 4883 Verbi
2504 4828 2695 4897 gratia
2726 4824 3118 4897 Eucharistia,
3148 4839 3242 4897 res
3273 4828 3362 4879 est
3397 4832 3646 4897 propter
3687 4837 3904 4897 veram

2299 4892 2959 4968 Christiﬁpraeseniiam:
2993 4894 3316 4968 simulque,
3337 4892 3418 4968 ut
3438 4892 3531 4949 ait'
3558 4892 3905 4964 Critopulus

2298 4971 2360 5026 in
2387 4965 2652 5025 Confess.
2676 4966 2821 5023 eccl.
2848 4981 2983 5037 cap.
3017 4969 3068 5035 9,
3111 4965 3459 5037 symbolum
3490 4971 3583 5024 τῆς
3607 4982 3908 5037 συσσωμα-

2298 5047 2499 5099 τώσεως
2551 5044 2636 5091 καὶ
2696 5033 3063 5111 ἐγκεντρίσεως
3114 5033 3260 5108 ἡμῶν
3325 5039 3455 5108 πρὸς
3496 5039 3583 5087 τὸν
3638 5033 3907 5108 ἕνανθρω-

2297 5117 2542 5170 πήσαντα
2578 5112 2696 5161 Υίὸν
2727 5113 2817 5160 καὶ
2842 5108 2991 5179 λόγον
3033 5115 3124 5160 του
3155 5114 3310 5179 Θεοῦ.

2369 5183 2440 5252 (9)
2474 5175 3137 5236 Priecludendo'eorum
3169 5178 3257 5252 ori
3286 5178 3392 5249 qui
3421 5192 3645 5249 panem
3679 5175 3909 5252 eucha—

2295 5247 2562 5323 ris‘ticum
2572 5256 2790 5323 typum
2805 5254 3038 5323 tantum
3052 5265 3159 5305 seu
3172 5247 3438 5323 ﬁguram“
3453 5247 3724 5320 corporis
3742 5247 3912 5304 Chri-

2298 5324 2372 5402 sti
2393 5318 2836 5402 blasphemant,
2868 5320 3038 5402 adest
3061 5318 3516 5402 antiquissimus
3539 5318 3909 5402 Quoque'te-

2296 5395 2399 5450 stis
2421 5389 2674 5464 Cyrillus
2695 5391 2977 5456 Hierosol,
3022 5391 3085 5446 in
3123 5389 3369 5464 Mystag.
3417 5389 3607 5464 IV,‘_3’_:
3642 5389 3727 5464 Ἐν
3753 5391 3908 5463 τύπῳ

2296 5458 2700 5538 ἀρτοίδίδοταί
2754 5465 2954 5538 σοιῃτὸ
3005 5458 3287 5538 σῶμαξ-ἰη
3320 5458 3473 5533 'typo
3511 5458 3597 5531 (id
3647 5458 3908 5538 estspe}

2295 5528 2401 5607 cie)
2413 5535 2591 5606 panis
2602 5534 2790 5592 datur
2798 5532 2912 5607 tibi
2923 5528 3379 5607 comitatusque
3384 5528 3510 5589 non
3521 5528 3793 5607 corporis
3806 5528 3910 5590 est

2294 5601 2629 5680 ﬁgura,seu
2649 5604 2902 5679 species,
2917 5601 3096 5682 panis
3113 5608 3208 5662 est
3229 5601 3368 5672 ;s'ed
3388 5617 3610 5677 corpus
3628 5601 3747 5659 sub
3768 5617 3907 5685 spe-
