4028 6308
613 335 724 398 427
1885 343 2204 404 THEODOF

2405 344 2700 406 )IDENSIS
3395 308 3401 310 ﬁ
3883 351 3996 407 423

612 466 1023 525 inﬁrmitatem
1049 468 1422 540 indulgentia
1481 472 1637 526 Deus
1656 468 1769 525 illis
1843 470 2135 527 sacriﬁcia
2190 471 2203 526 i

2400 475 2566 542 ιινήμη
2616 479 2709 532 τῆς
2749 475 2999 533 τοιαύτης
3045 473 3304 547 λατρείας·
3368 477 3414 526 εἰ
3459 476 3562 546 γὰρ
3611 477 3681 545 μή
3729 489 3991 546 συγκατοι·

613 555 883 625 dixisset,
914 558 1064 629 quid
1093 574 1295 616 causa:
1324 563 1472 626 erat,
1497 559 1825 632 quominus
1845 559 2204 616 inuniversu

2399 558 2571 610 ἵαίνων
2614 568 2676 631 τῇ
2729 558 2970 632 ἀσθενείᾳ
3012 571 3113 613 τῶν
3158 559 3434 614 Ἰουδαίων
3480 565 3575 624 τὰς
3603 565 3796 625 θυσίας
3826 583 3990 635 προσ-

610 647 906 704 terrarum
947 646 1156 704 orbem
1185 647 1445 704 diﬂ‘undi
1509 664 1583 705 ea
1596 647 1978 717 decrevisset,
2009 664 2182 720 aeque

2397 648 2552 711 ἔταξεν
2596 651 2621 700 6
2671 653 2819 718 Θεὸς,
2869 659 2980 712 πῶς
3022 652 3116 702 οὐκ
3166 652 3239 713 εἰς
3285 658 3460 704 πᾶσαν
3489 657 3584 710 τὴν
3613 661 3712 722 γῆν
3741 650 3988 724 ἑφαπλοὺ-

609 734 730 799 illa,
757 751 895 807 quae
911 751 1020 809 per
1032 737 1524 809 praedicationem
1550 737 1986 808 apostolorum,
2020 737 2200 809 juben

2393 739 2506 789 σθαι
2547 738 2709 799 αὐτὰς
2761 736 3071 813 διωρίσατο,
3124 743 3193 800 ὡς
3236 746 3325 791 καὶ
3374 744 3468 802 τὰς
3515 741 3614 792 ὑπὸ
3658 749 3750 792 τοῦ
3800 745 3984 815 κηρύγ-

609 824 730 881 Deo
757 824 1026 882 instituta
1082 831 1241 890 sunt.
1300 842 1438 899 quae
1497 826 1607 882 soli
1639 831 1694 883 et
1746 827 1889 893 aeri,
1921 827 2200 899 casterisqi

2392 845 2540 887 ιατος
2586 835 2686 878 τῶν
2740 826 2897 898 ἁγίων
2953 827 3252 881 ἀποστόλων
3302 829 3414 880 κατ’
3467 828 3672 887 ἐντολὴν
3716 838 3811 881 τοῦ
3858 838 3983 882 Θεοῦ

606 915 821 971 mundi
850 915 1160 973 ornatibus
1192 917 1599 972 assimilantur
1619 917 1648 971 ?
1679 916 1812 985 Sed,
1877 921 1942 971 ut
1979 916 2197 972 diximt

2392 913 2690 981 ἑκτεθείσας,
2748 917 2938 978 αἵτινες
2994 917 3124 988 ἡλίῳ
3179 923 3269 969 καὶ
3325 917 3437 990 ἀέρι
3501 923 3592 970 καὶ
3647 925 3759 978 τοῖς
3817 919 3983 980 ἄλλοις

608 1003 952 1060 Iudaeorum
984 1005 1279 1062 sacriﬁcia
1299 1005 1810 1061 condescensione
1843 1005 1942 1060 Dei
1973 1005 2195 1076 permis

2391 1011 2568 1063 ιοινοῖς
2619 1002 3006 1076 ὼτρυφήμασιν
3062 1005 3455 1078 ἐξωμοίωνται;
3514 1006 3628 1057 Ἀλλ
3690 1007 3758 1066 ὠς
3819 1013 3982 1081 προείι

606 1091 867 1150 fuerunt.
918 1095 1149 1151 Etenim
1196 1094 1344 1149 dum
1400 1095 1529 1149 haec
1559 1093 1759 1149 adhuc
1801 1094 2197 1167 peragebanti

2390 1109 2552 1160 mrat,
2606 1091 3051 1161 συγκαταϐάσεως
3099 1094 3259 1146 ἕνεκεν
3286 1096 3342 1145 αἱ
3369 1096 3551 1154 θυσίας
3580 1103 3680 1146 τῶν
3708 1091 3981 1146 Ἰουδαίων

604 1183 819 1239 millies
845 1183 1050 1240 divino
1071 1184 1288 1255 Spiritu
1315 1199 1424 1255 per
1454 1182 1782 1254 prophetas
1829 1183 2130 1254 loquente,
2179 1200 2195 1238 1

2390 1182 2854 1253 τυνεχωρὴθησαν·
2903 1180 2946 1232 εἰ
3001 1184 3103 1253 γὰρ
3153 1184 3227 1233 ἔτι
3276 1190 3472 1233 τούτων
3519 1181 3836 1253 τελουμένων
3888 1203 3981 1251 μυ-

603 1275 987 1338 cusatasunt,
1036 1270 1562 1343 quemadmodum
1620 1271 1799 1326 lsaias
1866 1272 2022 1326 ait:«
2065 1273 2121 1328 Si
2151 1287 2194 1326 a:

2386 1269 2544 1328 οιάκις
2587 1269 2686 1319 ὑπὸ
2736 1278 2828 1320 τού
2881 1271 3018 1322 θείου
3072 1274 3365 1342 Πνεύματος
3415 1267 3510 1322 διὰ
3554 1279 3654 1322 τῶν
3703 1282 3977 1342 προφητῶν

600 1361 749 1417 ratis
770 1361 849 1418 ad
874 1377 970 1416 me
992 1360 1274 1430 similam,
1299 1375 1459 1416 vana
1479 1363 1567 1415 est
1594 1359 1836 1428 oblatio,
1871 1360 2191 1415 abominati

2384 1355 2756 1430 Ξινετράπησαν,
2827 1360 3000 1419 καθὼς
3066 1355 3162 1410 διὰ
3224 1358 3445 1411 Ἠσαίου
3514 1364 3690 1430 φησίν·
3766 1381 3796 1407 ‹‹
3869 1360 3975 1411 Ἐὰν

600 1450 895 1522 inquiam,
941 1450 1084 1504 mihi
1132 1451 1242 1504 est.
1279 1448 1420 1513 Quis
1477 1447 1637 1503 enim
1693 1448 1822 1502 haec
1869 1449 1945 1503 de
1984 1448 2191 1504 manib

2384 1449 2557 1518 ρέρητέ
2604 1465 2695 1516 μοι
2751 1442 3044 1517 σεμίδαλιν,
3099 1449 3320 1517 μάταιον
3380 1450 3639 1519 θυμίαμα,
3702 1445 3975 1519 βδελυγμά

600 1541 814 1595 vestris
837 1538 1152 1610 exquisivit
1171 1539 1192 1572 ³
1213 1537 1241 1592 ?
1271 1558 1300 1587 »
1332 1536 1522 1592 David
1573 1542 1775 1592 autem
1804 1554 1869 1591 ε»
1897 1540 2049 1592 Num
2089 1553 2189 1592 ma

2383 1538 2462 1584 κοί
2511 1532 2642 1585 ἐστι’
2700 1535 2778 1596 τις
2837 1537 2937 1609 γὰρ
2996 1534 3279 1595 ἐξεζὴτήσε
3323 1545 3489 1587 ταυτα
3535 1535 3590 1586 ἐκ
3637 1544 3737 1587 τῶν
3786 1546 3974 1609 χειρῶν

602 1627 842 1684 ducabo
872 1643 1082 1682 carnes
1111 1630 1446 1688 taurorum,
1474 1630 1531 1680 et
1559 1627 1918 1696 sanguinem
1956 1627 2193 1682 hircoru

2382 1623 2545 1692 ἓμῶν;
2602 1645 2630 1671 ››
2692 1626 2788 1674 Διὰ
2843 1620 2902 1675 δὲ
2951 1621 3132 1675 Δαϐίὸ·
3193 1645 3221 1673 ι(
3278 1628 3362 1681 Μὴ
3414 1627 3647 1696 φάγομαι
3697 1629 3826 1698 κρέα
3855 1629 3973 1674 ταύ-

601 1715 892 1787 potabo’?
921 1736 949 1765 ››
981 1718 1045 1770 Ει
1068 1715 1248 1771 alibi:
1286 1737 1307 1764 ‹
1372 1714 1739 1770 Sacriﬁcium
1800 1720 1856 1769 et
1895 1713 2192 1770 oblatione

2381 1729 2492 1779 οων,
2551 1712 2579 1768 ἡ
2634 1712 2765 1783 αἷμα
2811 1714 3010 1784 τράγων
3057 1716 3292 1783 πίομαι;
3340 1734 3368 1761 ››
3404 1719 3504 1764 Καὶ
3549 1713 3780 1786 ἑτέρωθι·
3817 1735 3845 1759 α
3875 1721 3972 1764 Θυ-

600 1804 860 1860 noluisti.
923 1821 1140 1875 corpus
1196 1808 1396 1858 autem
1445 1803 1666 1873 aptasti
1719 1803 1937 1856 mihi‘.
1975 1825 2002 1852 »
2031 1803 2184 1868 Quib

2380 1805 2487 1850 τίαν
2533 1805 2623 1850 καὶ
2684 1804 2984 1872 προσφορὰν
3035 1802 3127 1852 οὐκ
3195 1802 3471 1870 ἠθέλησας,
3545 1822 3698 1874 σῶμα
3761 1799 3822 1854 δὲ
3887 1822 3971 1853 κα-

596 1893 790 1948 verbis
821 1893 1133 1963 Propheta,
1168 1892 1377 1948 Christi
1427 1893 1528 1945 Dei
1594 1893 1803 1961 nostri,
1860 1897 1997 1946 ante
2037 1898 2187 1946 vetcr

2378 1893 2608 1962 τηρτίσω
2654 1906 2780 1961 μοι·
2830 1913 2856 1938 )›
2906 1894 2963 1942 τὸ
3009 1899 3104 1952 τῆς
3151 1901 3242 1942 του
3275 1899 3509 1965 Χριστου
3538 1896 3627 1942 καὶ
3659 1899 3796 1943 Θεού
3832 1894 3969 1962 ἡμῶν

599 1982 1010 2053 generationes
1038 1980 1395 2052 dispositum
1429 1979 1858 2035 incarnationis
1902 1981 2190 2051 mysteriu

2376 1980 2572 2028 πάντων
2633 1985 2990 2049 σωματώσεως
3046 1983 3146 2051 πρὸ
3204 1988 3384 2049 γενεῶν
3438 1978 3675 2053 ἀρχαίων
3732 1979 3967 2051 ηὐτρεπι-

595 2071 862 2128 denotat.
897 2069 1214 2136 Quomodo
1239 2069 1420 2139 igitur
1442 2073 1580 2140 post
1612 2084 1784 2123 novae
1813 2069 2016 2137 gratiae
2031 2069 2182 2124 adve

2375 2070 2550 2136 σμένον
2605 2069 2815 2136 φάσκων
2867 2072 3160 2139 μυστὴριον
3187 2085 3198 2095 ·
3245 2077 3355 2130 πῶς
3402 2070 3504 2142 ἄρα
3549 2072 3679 2140 μετὰ
3724 2073 3819 2125 τὴν
3868 2067 3966 2119 ἑπι-

595 2165 749 2228 tum,
816 2161 1132 2231 vestigium
1182 2158 1429 2230 aliquod
1479 2162 1746 2214 veterum
1798 2158 2186 2213 sacriﬁciorui

2374 2157 2571 2224 ράνειαν
2635 2164 2725 2216 τῆς
2777 2161 2891 2216 νέας
2956 2159 3181 2230 χάριτος
3246 2161 3399 2228 ἴχνος
3463 2157 3826 2228 ὑπολελεῖφθαι
3875 2167 3965 2207 τῶν

592 2250 938 2322 quicunque
969 2248 1185 2304 mentis
1215 2252 1306 2303 est
1339 2246 1782 2318 compos,dicat
1835 2246 2183 2318 superfuiss:

2369 2243 2592 2294 παλαιῶν
2644 2247 2838 2296 θυσιῶν
2894 2250 3102 2317 φήσειεν
3159 2248 3219 2297 οἶν
3267 2266 3349 2306 τις
3394 2255 3494 2298 τῶν
3536 2267 3653 2298 νουν
3704 2245 3960 2318 ἐχόντωνς

596 2339 708 2396 Sed
741 2340 867 2395 haec
889 2339 1182 2394 hactenus
1204 2336 1280 2392 de
1305 2335 1594 2406 legalium
1607 2335 2042 2390 sacriﬁciorum
2062 2350 2187 2390 cess

2372 2332 2517 2382 Ἀλλὰ
2581 2341 2748 2385 ταῦτα
2808 2337 2898 2406 μὲν
2978 2339 3096 2408 περὶ
3159 2344 3256 2394 τῆς
3320 2343 3421 2386 τῶν
3485 2344 3709 2406 νομικῶν
3779 2337 3963 2386 θυσιῶν

589 2427 752 2484 tione
779 2427 870 2484 vel
894 2427 1228 2499 abjectione
1257 2430 1315 2482 et
1343 2425 1550 2480 vetito.

2358 2422 2561 2483 παύλης
2587 2426 2616 2479 ἦ
2648 2421 2908 2484 ἀποϐολῆς
2932 2429 3021 2475 καὶ
3053 2423 3464 2496 ἀπαγορεύσεως.

662 2522 718 2574 8.
779 2517 893 2576 Sed
940 2517 1192 2574 fortasse
1239 2515 1396 2571 dicet
1455 2514 1671 2587 aliquis
1726 2531 1799 2570 ex
1843 2514 2246 2570 adversariis:

2429 2509 2495 2568 η’.
2557 2511 2690 2562 Ἀλλ’
2748 2515 2878 2571 ἴσως
2930 2515 3097 2585 ἔροιτο
3153 2533 3235 2573 τις
3291 2522 3389 2565 τῶν
3445 2512 3758 2565 ἀντιθέτων·
3803 2512 3961 2584 ’Υμεῐς

589 2609 725 2675 Vos,
754 2624 825 2663 ex
844 2607 1067 2680 quibus
1096 2604 1529 2678 prophetarum
1542 2603 2010 2659 indicationibus
2027 2619 2180 2675 pane

2365 2595 2418 2650 δὲ
2462 2599 2517 2650 ἐκ
2561 2605 2723 2651 ποίων
2778 2620 3112 2674 προφητικῶν
3162 2598 3474 2664 ἀποδείξεων
3523 2605 3611 2653 τὸν
3657 2602 3785 2676 παρ’
3827 2603 3956 2673 ὑμῶν

587 2697 916 2769 vinumque
937 2712 1049 2752 ceu
1076 2699 1292 2768 typum
1312 2692 1580 2765 corporis
1601 2709 1671 2748 ac
1701 2693 2011 2761 sanguinis
2038 2694 2172 2748 Chri

2368 2695 2766 2762 προσφερόμενον
2826 2691 2978 2762 ἄρτον
3033 2696 3121 2742 καὶ
3181 2689 3313 2742 οἶνον
3364 2690 3435 2750 εἰς
3492 2694 3650 2742 τύπον
3715 2698 3810 2743 τού
3871 2697 3959 2742 σῶ-

591 2786 802 2842 oﬁ'erre
855 2785 1144 2841 didicistis
1173 2785 1202 2838 ‘I
1231 2784 1298 2838 In
1323 2782 1535 2854 primis
1575 2782 1755 2853 igitur
1781 2782 2182 2852 respondemu

2367 2797 2519 2837 κατος
2566 2783 2657 2829 καὶ
2707 2781 2923 2849 αἳματος
2971 2787 3063 2830 τού
3110 2786 3345 2854 Χριστοῦ
3389 2785 3697 2852 προσφέρειν
3748 2779 3958 2854 παρελά,

589 2875 803 2933 Christi
827 2875 946 2942 Dei,
979 2875 1086 2947 qui
1131 2877 1222 2928 est
1249 2872 1385 2944 ipsa
1423 2871 1664 2938 veritas,
1707 2870 1862 2926 facta
1892 2875 1949 2925 et
1977 2871 2180 2927 traditi

2367 2865 2508 2933 ξετε;
2569 2869 2734 2938 Φαμὲν
2793 2864 2880 2917 οὖν
2929 2870 3066 2919 κατὰ
3121 2877 3325 2942 πρῶτον
3381 2867 3532 2939 λόγον
3588 2869 3658 2928 ὠς
3708 2872 3781 2920 τὰ
3826 2873 3958 2941 παρὰ

588 2981 697 3021 nes
723 2965 1026 3020 neminem
1068 2977 1250 3034 posse
1291 2959 1545 3016 scrutari
1587 2976 1600 3014 :
1635 2980 1663 3008 «
1696 2958 1818 3013 Hoc
1856 2959 2019 3014 enim
2051 2959 2179 3015 facit

2366 2963 2446 3014 τῆς
2503 2954 2873 3015 αύτοαληθείας
2923 2963 3158 3029 Χριστού
3212 2965 3303 3008 τού
3363 2957 3496 3008 Θεοῦ
3538 2959 3851 3031 πραχθέντα
3878 2963 3957 3007 και

589 3054 782 3126 inquit
811 3055 898 3125 (ut
925 3053 1127 3108 denuo
1158 3049 1379 3119 dicam)
1409 3048 1472 3104 in
1499 3063 1700 3104 meam
1715 3050 2180 3104 commemorati

2365 3040 2721 3117 παραδοθέντα
2766 3041 2936 3104 οὐδεὶς
2983 3045 3333 3107 ἡντεξετάζειν
3385 3043 3639 3097 δύναταιο
3703 3068 3732 3094 (ι
3802 3053 3956 3098 Τοῦτο

587 3158 749 3199 nem.
786 3163 815 3191 ››
842 3139 1016 3206 Quod
1065 3139 1116 3194 si
1145 3137 1528 3209 propheticas
1586 3136 1661 3191 de
1704 3137 1797 3191 his
1825 3138 2177 3208 praediction

2364 3135 2455 3204 γὰρ
2513 3140 2722 3198 ποιεῖτε,
2783 3155 2811 3181 ››
2866 3138 3044 3204 φησιν,
3105 3135 3188 3185 ῖνα
3228 3140 3318 3186 καὶ
3363 3135 3509 3194 αὖθις
3559 3133 3676 3209 ἐρῶ,
3712 3157 3742 3183 ι(
3776 3135 3844 3195 εἰς
3871 3139 3955 3190 τὴν

587 3230 829 3301 quaeris,
861 3228 1004 3284 audi
1028 3227 1220 3281 virum
1233 3225 1539 3296 propheta:
1561 3224 1743 3279 simul
1752 3225 2030 3296 regisque
2043 3232 2178 3281 auct

2360 3221 2482 3294 ἐμὴν
2543 3222 2852 3294 ἀνάμνησιν.
2903 3241 2935 3275 ν
2995 3223 3054 3274 Εἰ
3103 3220 3163 3275 δὲ
3215 3226 3538 3296 προφητικὰς
3593 3230 3713 3295 περὶ
3771 3229 3951 3276 τούτων

589 3315 1165 3372 ritatemhabentem
1193 3331 1207 3380 ;
1238 3314 1361 3368 imo
1387 3329 1532 3368 vero
1564 3312 1764 3383 ipsum
1791 3313 2090 3368 caelestem
2135 3317 2180 3368 Ρ.

2362 3310 2664 3384 πρθριδήσεις
2719 3311 2908 3378 ζητεῖς,
2965 3313 3192 3363 ἄκουσον
3245 3318 3514 3386 προφήτου
3559 3317 3650 3363 καὶ
3697 3310 3953 3384 βασιλέως

592 3409 767 3474 trem,
801 3405 999 3474 genito
1025 3402 1104 3458 ab
1135 3417 1196 3456 se
1244 3405 1381 3457 ante
1421 3401 1738 3457 luciferum
1789 3401 2167 3458 ineffabiliter

2360 3399 2541 3470 ἀμφοῖν
2585 3402 2644 3451 τὸ
2693 3398 2997 3462 ἀξιόπιστον
3048 3403 3293 3472 ἔχοντος·
3341 3401 3531 3472 μᾶλλον
3581 3396 3641 3453 δε
3673 3402 3840 3453 αὐτου
3867 3410 3951 3452 τον

594 3491 1042 3564 impassibiliter
1113 3488 1248 3544 Filio
1312 3488 1648 3543 dicentem:
1685 3509 1715 3536 «
1762 3488 1994 3544 Juravit
2042 3493 2185 3546 Dom

2359 3485 2659 3560 ἐπουρανίου
2713 3492 2912 3561 Πατρός
2962 3492 3088 3561 πρὸς
3143 3494 3231 3541 τὸν
3287 3493 3388 3564 πρὸ
3456 3490 3724 3563 ἑωσφόρον
3784 3510 3950 3562 γεννη-

595 3595 733 3649 nus,
763 3585 822 3637 et
869 3594 992 3635 non
1028 3575 1344 3650 paenitebit
1397 3591 1556 3646 eum,
1615 3581 1680 3631 tu
1736 3592 1800 3631 es
1865 3579 2186 3634 sacerdos:

2358 3576 2504 3627 θέντα
2558 3575 2611 3638 ἐξ
2668 3576 2828 3628 αὐτοῦ
2875 3575 3110 3650 ἀρρήτως
3163 3582 3253 3629 καὶ
3315 3580 3532 3641 ἀπαθῶς
3574 3595 3587 3608 ·
3663 3602 3690 3628 ε(
3760 3578 3949 3651 Ὠμοσε

595 3675 889 3726 aeternum
901 3665 1238 3724 secundum
1259 3663 1534 3720 ordinem
1549 3663 1929 3720 Melchisedec
1945 3668 1993 3720 ⁵.
2034 3689 2053 3717 ι
2089 3669 2186 3734 Qu:

2357 3667 2563 3737 Κύριος,
2612 3670 2700 3716 καὶ
2748 3666 2806 3716 οὗ
2854 3665 3334 3737 μεταμεληθήσεται
3363 3683 3375 3695 ·
3430 3671 3496 3718 σὺ
3551 3667 3711 3739 ἱερεύς
3763 3668 3834 3728 εἰς
3869 3671 3948 3718 τὸν

591 3759 688 3816 hic
711 3773 894 3832 porro
919 3759 1040 3813 Deo
1067 3754 1390 3812 oﬂ‘erebat?
1417 3768 1641 3825 panem
1669 3770 1741 3810 ac
1765 3755 1994 3818 vinum,
2021 3757 2182 3828 quibi

2358 3754 2514 3805 αἰῶνα
2573 3757 2708 3805 κατὰ
2758 3758 2852 3811 τὴν
2900 3755 3046 3816 τάξιν
3103 3752 3482 3826 Μελχισεδέκ,
3545 3778 3574 3806 ››
3633 3756 3735 3808 Καὶ
3792 3762 3841 3809 τί
3892 3757 3949 3806 τὰ

590 3847 1006 3905 Abrahamum
1034 3843 1319 3901 divinitus
1363 3847 1714 3899 muneratus
1735 3848 1842 3909 est,
1875 3849 2010 3915 post
2061 3845 2181 3901 vict

2361 3843 2474 3917 παρ’
2531 3843 2692 3895 αὑτοῦ
2730 3848 3124 3917 προσφερόμενα
3165 3851 3234 3913 τῷ
3283 3852 3439 3914 Θεῷ;
3485 3843 3678 3916 "Apro;
3735 3851 3829 3897 καὶ
3885 3843 3952 3894 οῖ-

587 3939 743 3996 riam
771 3937 851 3994 ab
880 3952 952 3993 eo
1006 3937 1328 4008 patratam.
1361 3932 1419 3989 Si
1447 3946 1590 4002 ergo
1619 3932 1910 3988 oriundus
1947 3948 2019 3988 ex
2048 3933 2178 3990 alie]

2354 3951 2452 3998 νος,
2518 3934 2594 3993 οἷς
2661 3936 2748 3984 τὸν
2811 3930 3052 4005 Ἀϐρααμ
3111 3928 3372 3994 ἐδεξιοῦτο
3440 3934 3756 4007 θεοπρεπῶς,
3811 3939 3945 3990 νίκην

586 4027 816 4100 populo
841 4023 1243 4092 Melchisedec,
1301 4020 1499 4091 ﬁgura
1548 4020 1763 4078 Christi
1789 4022 2164 4079 existimatur

2356 4019 2789 4094 ἐπεργασάμενον.
2848 4020 2909 4073 Εἰ
2972 4015 3059 4072 οὖν
3118 4018 3170 4082 ἐξ
3222 4020 3399 4096 ἐτέρας
3453 4021 3616 4092 φυλῆς
3667 4024 3692 4074 6
3762 4023 3947 4095 Μελχι-

588 4115 869 4181 creditur,
899 4115 1106 4186 utique
1135 4110 1454 4182 expulsum
1483 4115 1575 4165 est
1616 4110 1917 4166 leviticum
1965 4112 2179 4168 sacerd

2357 4106 2530 4180 σεδὲκ,
2594 4113 2756 4170 τύπος
2824 4105 2882 4160 δὲ
2946 4117 3038 4160 τοῦ
3097 4116 3334 4182 Χριστοῦ
3401 4115 3491 4162 καὶ
3547 4110 3817 4181 λογίζεται
3867 4116 3947 4162 καὶ

587 4203 762 4260 tium.
779 4200 1158 4273 Impossibile
1173 4200 1334 4255 enim
1351 4203 1439 4254 est
1451 4201 1637 4254 Deum
1650 4199 1904 4267 mentiri,
1920 4205 2178 4272 postqua

2354 4203 2674 4266 πιστεύεται,
2743 4196 3045 4254 ἐκϐέϐληται
3106 4199 3212 4271 ἄρα
3271 4200 3301 4255 ἡ
3364 4197 3596 4256 λευῖτικὴ
3655 4199 3942 4273 ἱερωσύνη·

580 4289 978 4363 jurejurando
1041 4287 1317 4360 promisit
1381 4302 1444 4342 se
1502 4287 1895 4343 excitaturum
1981 4289 2171 4360 alique

2357 4283 2612 4339 ἀδύνατον
2660 4290 2761 4359 γὰρ
2802 4285 3105 4355 ψεύσασθαι
3153 4289 3305 4358 Θεὸν,
3336 4291 3426 4338 καὶ
3454 4294 3622 4338 ταῦτα
3650 4289 3766 4359 μεθ’
3798 4291 3943 4363 ὅρκου

587 4378 924 4436 secundum
965 4376 1242 4433 ordinem
1290 4373 1690 4445 Melchisedec,
1757 4377 1862 4446 qui
1926 4377 2178 4433 carnalit

2355 4374 2783 4447 ἐπαγγειλάμενον
2831 4377 2968 4426 κατὰ
3007 4379 3101 4432 τὴν
3144 4374 3292 4436 τάξιν
3343 4371 3677 4447 Μελχισεδὲκ
3724 4375 3942 4432 ἀναστή-

589 4471 748 4523 esset
777 4465 854 4521 de
883 4464 1124 4521 Dav1dis
1151 4463 1378 4518 semine
1430 4461 1701 4534 pontifex
1757 4464 1939 4519 simul
1973 4467 2180 4537 Deusql

2355 4467 2542 4517 σεσθαι
2607 4468 2692 4516 τὸν
2753 4462 2809 4515 ἐκ
2877 4467 3165 4535 σπέρματος
3233 4460 3401 4515 Δαϐὶό
3454 4468 3513 4515 τὸ
3571 4467 3704 4516 κατά
3755 4470 3936 4536 σάρκα,

587 4560 727 4614 ante
756 4553 994 4610 saecula.
1029 4551 1242 4623 Ejectis
1269 4551 1451 4620 igitur
1473 4550 1579 4623 qui
1602 4551 1677 4606 de
1705 4552 1837 4607 Levi
1866 4553 2025 4608 tribu
2050 4570 2178 4610 erat

2351 4552 2604 4626 ἀρχιερέα
2645 4556 2731 4604 τὸν
2779 4551 2934 4603 αὐτὸν
2986 4556 3108 4602 sum
3153 4557 3243 4603 καὶ
3293 4555 3420 4604 Θεὸν
3473 4558 3805 4625 προαιῶνιον.
3834 4560 3933 4605 Τῶν

586 4649 652 4699 ut
669 4641 1144 4715 suprascriptum
1174 4644 1280 4707 est,
1313 4654 1556 4694 necesse
1591 4639 1858 4695 vicissim
1914 4640 2021 4696 fuit
2050 4647 2114 4697 ut
2141 4659 2176 4698 v

2347 4640 2402 4692 ἐκ
2450 4648 2544 4702 τῆς
2603 4639 2865 4699 λευίτικῆς
2918 4641 3089 4689 τοίνυν
3164 4637 3328 4706 φυλῆς
3393 4637 3810 4711 ἐκϐεϐλημένων,
3872 4639 3933 4699 ὠς

585 4732 724 4790 teris
752 4737 883 4788 tum
903 4729 1050 4801 legis
1075 4733 1205 4786 tum
1235 4726 1428 4784 cultus
1480 4727 1822 4784 immutatio
1858 4729 2026 4785 ﬁeret
2049 4746 2062 4795 ;
2087 4731 2176 4786 sic

2344 4732 2758 4803 προγέγραπται,
2819 4726 3099 4798 ἀναγκαῖον
3152 4725 3309 4778 πάλιν
3366 4728 3480 4778 ἐστὶ
3535 4732 3626 4779 καὶ
3687 4736 3784 4780 τοῦ
3846 4746 3933 4780 πα-

584 4821 804 4881 alicubi
832 4835 1092 4891 magnus
1119 4831 1365 4890 quoque
1415 4816 1634 4873 Paulus
1677 4817 1851 4873 dicit:
1884 4819 2175 4876 Universu

2343 4816 2490 4869 λαιοῦ
2537 4821 2694 4888 νόμου
2741 4821 2832 4868 καὶ
2890 4824 2984 4877 τῆς
3035 4814 3274 4890 λατρείας
3328 4817 3568 4885 γενέσθαι
3621 4818 3927 4888 μετάθεσιν·

583 4912 744 4968 enim
764 4909 1111 4966 Iudaeorum
1139 4904 1366 4961 cultum
1394 4920 1503 4977 per
1534 4905 1744 4962 levitas
1781 4912 1842 4962 et
1870 4908 2174 4965 contribui.

2342 4909 2409 4969 ὥς
2457 4927 2557 4959 που
2606 4912 2696 4958 καὶ
2744 4905 2946 4967 Παῦλος
2997 4907 3022 4956 6
3073 4909 3232 4977 μέγας
3278 4922 3444 4977 φησι·
3475 4912 3633 4958 Πᾶσα
3656 4909 3759 4979 γὰρ
3790 4911 3818 4966 ὴ
3850 4915 3933 4964 τῆς

582 4999 861 5067 exerceri,
889 4998 1021 5068 lege
1071 4999 1317 5052 cautum
1370 4999 1535 5062 erat;
1562 4994 1786 5066 quibus
1836 4997 2173 5054 cessantibu

2340 4995 2576 5070 λατρείας
2664 5003 2764 5046 τῶν
2842 4990 3113 5046 Ἰουδαίων
3192 4999 3532 5066 πραγματεία
3607 5000 3697 5047 καὶ
3766 4994 3928 5050 ἐντολὴ

581 5089 677 5145 lex
700 5103 945 5161 quoque
965 5087 1128 5144 irrita
1153 5085 1344 5140 evasit
1367 5086 1409 5138 ⁸.
1454 5084 1568 5141 Sed
1596 5089 1652 5140 et
1675 5100 1782 5156 per
1831 5085 2020 5142 alium
2079 5103 2172 5159 prc

2342 5082 2437 5137 διὰ
2490 5093 2588 5137 τῶν
2635 5083 2846 5136 λευῖτῶν
2893 5088 2982 5135 καὶ
3031 5082 3361 5154 συμφυλετῶν
3412 5083 3580 5134 αὐτῶν
3621 5083 3931 5156 ἐνεργεῖσθαι

578 5177 844 5249 phetam,
895 5177 971 5232 de
998 5180 1204 5232 nostro
1253 5172 1546 5229 sacriﬁcio
1596 5177 1654 5229 et
1681 5172 1845 5230 cultu
1897 5175 2029 5231 haec
2077 5179 2169 5232 ΒΘ]

2339 5183 2412 5244 τῷ
2495 5179 2634 5245 νόμῳ
2714 5171 3032 5226 ἐκτέτακται.
3120 5174 3428 5242 Παυομένων
3525 5169 3584 5224 δὲ
3677 5172 3925 5238 ἔκείνών,

577 5264 855 5338 praedixit
880 5264 1121 5320 dicens:
1153 5284 1182 5312 ‹‹
1213 5265 1358 5318 Ecce
1377 5261 1714 5334 thymiama
1742 5263 1890 5318 mihi
1919 5264 2168 5320 exhibet]

2337 5268 2668 5336 κατήργηται
2712 5265 2803 5312 καὶ
2854 5262 2879 5311 6
2927 5265 3098 5332 νόμος,
3155 5259 3308 5312 Ἀλλά
3355 5264 3446 5312 καὶ
3479 5257 3553 5312 δι’
3612 5261 3788 5336 ἐτέρου
3818 5279 3928 5336 προ-

575 5353 640 5410 in
664 5353 949 5410 universa
975 5355 1196 5411 terra7.
1232 5374 1260 5403 »
1307 5356 1498 5424 Atque
1550 5351 1679 5407 haec
1726 5351 1886 5407 dicta
1939 5357 2116 5408 sunto
2154 5371 2166 5408 ι

2339 5357 2502 5424 φήτου
2550 5355 2668 5424 περὶ
2710 5356 2801 5402 τοῦ
2845 5351 3095 5424 ἡμετέρου
3147 5350 3370 5420 θύματος
3415 5354 3505 5401 καὶ
3553 5359 3648 5411 τῆς
3699 5350 3926 5428 λατρείας

576 5441 901 5499 abolitione
921 5443 1306 5499 Judaicorum
1349 5440 1785 5498 sacriﬁciorum
1823 5455 1894 5495 ac
1919 5439 2145 5498 rituum

2338 5449 2556 5494 τοιαῦτα
2615 5446 2973 5513 προαναφωνεῖ
3032 5437 3192 5509 λέγων
3227 5455 3238 5467 ·
3299 5460 3321 5488 ι
3385 5435 3529 5491 Ἰδοὺ
3581 5441 3822 5514 θυμίαμά
3847 5458 3926 5513 μοι

644 5623 682 5696 ,³.
701 5623 820 5677 ιεειο
842 5635 884 5687 ι,
917 5624 1006 5677 13.
1036 5621 1057 5656 ³
1085 5618 1239 5677 Psal.
1269 5634 1422 5690 των,
1450 5622 1541 5677 73.
1567 5619 1590 5653 ‘
1628 5617 1784 5675 Psal.
1806 5633 2008 5690 xxxix,
2027 5625 2086 5682 7.
2110 5622 2132 5657 ⁵
2158 5621 2234 5677 Ps

1996 5625 2086 5688 ,7.
2110 5622 2132 5657 ⁵
2158 5620 2536 5692 ΡεαΙ.(ξιι,4.
2565 5621 2588 5657 ⁶
2618 5619 2792 5677 Hebr.
2835 5635 2932 5686 vn,
2967 5619 3052 5675 11.
3083 5618 3103 5652 ⁷
3145 5617 3397 5675 Malach.
3431 5635 3468 5686 ι,
3505 5623 3587 5674 11.
