4028 6308
29 107 148 803 ᾗ

38 634 148 803 ιε

320 642 429 691 τῶν
458 622 767 693 Ἰουδαίκῶν
806 622 897 691 καὶ
945 640 1139 692 θυσιῶν
1192 643 1283 691 καὶ
1331 637 1479 709 ἆθὼν,
1526 630 1658 714 προ-

78 726 224 803 ἑῇσιν
264 720 333 780 ἐξ
374 734 478 779 τῶν
506 728 767 801 ἡμετέρων
794 732 900 781 καὶ
940 731 1084 803 πάσῃ
1134 730 1199 801 τῇ
1245 734 1313 801 γῇ
1346 726 1659 802 τελουμένων

82 810 156 869 διὰ
174 818 262 877 τῆς
291 814 624 890 ἀναίμακτον
652 816 860 879 θυσίας.

135 904 188 958 θ’.
254 904 396 960 Ἀλλ’
474 904 783 958 ἔπανακτέον
848 910 936 958 τὸν
997 906 1148 978 λόγον
1210 907 1322 959 ὅθεν
1398 906 1656 980 ἐξέϐημεν

30 1008 35 1070 ξ
82 993 115 1046 εἰ
157 996 246 1047 καὶ
294 991 701 1068 παραϐατικῶς
772 998 973 1070 εῖρηται
1025 1002 1211 1059 ταῦτα,
1275 992 1368 1049 διὰ
1423 999 1509 1048 τὸν
1562 1004 1660 1047 τῶν

30 1054 37 1159 ξ
78 1080 455 1156 χριστοκτόνων
502 1082 742 1154 ἔλεγχον.
802 1082 954 1135 Οὕτω
983 1089 1153 1136 τοίνυν
1194 1089 1281 1136 καὶ
1315 1080 1408 1136 διὰ
1436 1087 1499 1136 τὰ
1527 1103 1661 1157 προ-

80 1171 296 1244 ειρημένα
332 1174 366 1231 ἡ
421 1176 720 1247 προσφορὰ,
767 1177 859 1225 καὶ
909 1175 934 1223 6
979 1174 1151 1247 ἄρτος,
1198 1178 1289 1225 καὶ
1336 1176 1365 1231 ἡ
1433 1173 1659 1244 εὐλογία,

30 1282 31 1287 η
81 1262 212 1319 καἰὸ
268 1259 524 1335 ἀπαρχὴ,
558 1261 629 1323 εἰς
671 1265 830 1313 τύπον
861 1270 956 1324 τῆς
1008 1260 1343 1336 ἁιιπαρθένου
1391 1267 1480 1315 καὶ
1530 1271 1662 1314 Θεο-

82 1356 207 1401 τοκον
245 1349 575 1421 λαμϐάνεται
621 1352 752 1421 (12).
803 1352 920 1412 ἣτις
963 1351 1077 1402 κατ’
1122 1347 1365 1403 εὐδοκίαν
1412 1358 1504 1403 τοῦ
1550 1357 1664 1403 [Ια-

83 1442 197 1512 τρὸς,
239 1444 332 1492 καὶ
391 1439 603 1497 θέλησιν
647 1447 738 1491 τοῦ
786 1444 912 1493 Υίοῡ
965 1440 1126 1491 αὐτοῦ
1174 1443 1264 1492 καὶ
1324 1444 1520 1511 Λόγου,
1573 1445 1663 1491 καὶ

84 1527 313 1580 ἑπελεύσει
368 1532 467 1580 τοῦ
518 1528 671 1599 ἁγίου
725 1531 1044 1600 Πνεύματος,
1093 1531 1177 1580 τὸν
1230 1529 1317 1581 ἕνα
1366 1536 1455 1589 τῆς
1508 1528 1664 1599 ἁγίας

83 1613 278 1688 Τριάδος
330 1618 459 1670 Υἱόν
513 1624 606 1669 τοῦ
659 1625 793 1670 Θεοῦ
839 1622 929 1669 καὶ
978 1621 1145 1689 Λόγον
1195 1614 1555 1690 εἰσδεξαμένη,
1588 1618 1664 1669 τέ-

83 1705 190 1756 λειον
230 1708 355 1758 Θεὸν
404 1712 498 1757 καὶ
555 1705 741 1758 τέλειον
784 1707 1054 1778 ἄνθρωπον
1116 1704 1427 1763 ἀπεκύησεν
1487 1709 1661 1779 ὥσπερ

87 1788 132 1843 ei:
179 1794 321 1845 πάλιν
353 1794 381 1846 ὁ
413 1796 728 1867 ύπερούσιος
783 1799 923 1862 Θεὸς,
986 1797 1156 1868 σάρκα
1205 1793 1260 1846 ἐκ
1312 1796 1508 1856 ταύτης
1568 1797 1662 1845 λα-

85 1879 271 1952 Signo;
314 1880 365 1933 ἓν
412 1884 513 1954 μιᾷ
551 1883 861 1947 ὑποστάσει,
911 1882 1096 1944 τέλειος
1145 1878 1206 1954 ᾖν
1253 1888 1343 1934 καὶ
1372 1880 1662 1957 ἅνθρωπος,

86 1970 238 2040 ὅμοιος
277 1972 410 2043 ἡμῖν
461 1973 593 2022 κατὰ
639 1970 810 2023 πάντα
858 1976 1026 2044 χωρὶς
1068 1970 1347 2045 ἁμαρτίας·
1394 1969 1526 2023 οὓτω
1576 1975 1666 2022 καὶ

88 2064 132 2109 τὸ
161 2062 418 2131 κυριακὸν
454 2067 626 2130 σῶμα,
654 2061 721 2120 ὡς
760 2061 815 2110 ἔκ
862 2078 998 2121 τινος
1040 2058 1235 2119 κοιλίας
1276 2064 1367 2110 και¹
1410 2060 1664 2130 αἱμάτων,

88 2152 161 2197 καὶ
205 2150 396 2220 σαρκὸς
443 2153 539 2199 τοῦ
583 2149 899 2221 παρθενικοῦ
965 2153 1221 2220 σώματος,
1271 2155 1362 2199 τοῦ
1411 2147 1530 2200 ὅλου
1579 2148 1671 2219 ἄρ-

88 2255 182 2297 τον,
224 2240 378 2308 φημὶ,
433 2244 526 2296 τῆς
570 2235 802 2307 εύλογίας
848 2240 939 2288 καὶ
998 2242 1090 2296 τῆς
1143 2242 1467 2310 προσφορᾶς,
1528 2239 1672 2308 παρὰ

91 2331 163 2374 τοῦ
192 2320 462 2392 διακόνου,
490 2328 561 2387 ὡς
603 2326 634 2383 ἠ
668 2324 881 2396 Μεγάλη
914 2325 1201 2383 Ἐκκλησία
1241 2326 1353 2397 (l3)
1393 2323 1667 2399 παρέλαϐε,

90 2410 395 2487 ὃιατέμνεται
444 2412 651 2488 σιδήρῳ
705 2420 829 2485 τινὶ,
908 2416 1029 2488 ὅπερ
1068 2419 1157 2467 καὶ
1226 2414 1430 2487 λόγχην
1486 2413 1671 2485 λέγου-

93 2520 159 2553 σιν
182 2504 311 2573 (14),
362 2504 410 2556 εἰ
457 2508 550 2556 καὶ
602 2508 760 2575 μήπω
814 2506 1014 2565 ταύτης
1064 2502 1204 2556 ἐστὶν
1249 2503 1275 2555 6
1321 2507 1524 2578 καιρός·
1583 2508 1674 2555 καὶ

92 2591 231 2653 οὕτως
269 2588 693 2653 ἱδιοῡποστάτως
743 2594 860 2663 (15)
908 2591 966 2644 ἐκ
995 2595 1158 2664 μέσου
1187 2594 1381 2652 ταύτης
1433 2589 1674 2665 ἀφιεροῦ-

91 2696 181 2734 ται.
223 2681 280 2731 '0
335 2684 519 2753 μέντοι
575 2676 839 2748 διάκονος,
901 2681 928 2731 ὁ
973 2688 1128 2732 τοῦτο
1180 2677 1476 2755 διενεργῶν,
1532 2678 1673 2732 ἐτοι-

94 2771 243 2837 adeat;
276 2773 374 2821 σὺν
436 2768 580 2839 αὐτῷ
622 2774 712 2822 καὶ
744 2772 803 2821 τὸ
855 2768 1034 2841 μέλλον
1091 2768 1455 2821 ἀποτελεῖσθαι
1485 2774 1650 2820 Δεσπο

91 2877 212 2910 τικον
252 2860 387 2933 αἱμα
457 2857 505 2910 ἓν
568 2866 643 2929 τῷ
707 2862 1027 2934 προσήκοντι
1091 2866 1185 2911 τού
1247 2860 1444 2919 πάθους
1508 2866 1674 2931 καιρῷ

95 2943 171 2998 διὰ
232 2955 325 3009 τῆς
400 2954 498 2999 τοῦ
573 2947 832 3007 ζωοποιοῡ
908 2950 1205 3020 Πνεύματος
1278 2946 1672 3019 ἐπιφοιτήσεως,

93 3033 258 3106 ἀφίησι
309 3043 487 3088 ταῦτα
540 3034 589 3087 ἕν
760 3037 1024 3109 προθέσει,
1088 3040 1185 3094 τὴν
1252 3038 1444 3097 ταύτης
1509 3038 1674 3108 εὐχὴν

94 3121 386 3196 ἐπιλέγοντος
412 3132 509 3177 τοῦ
542 3126 731 3199 ἱερέως.

152 3211 196 3267 ι’.
248 3214 415 3275 Αὐτὸς
449 3209 509 3265 δὲ
552 3214 578 3264 6
606 3216 663 3265 τὸ
714 3215 846 3266 θεῖον
895 3222 1047 3285 σῶμα
1096 3210 1385 3286 διατέμνων
1432 3210 1675 3277 διάκονος
1705 3249 1745 3303 C

96 3300 176 3352 ἀπὸ
224 3310 318 3363 τῆς
392 3302 647 3373 εὐλογίας,
719 3305 806 3354 τὸν
854 3302 1071 3374 ἄγγελον
1133 3310 1393 3375 μιμεῖται,
1446 3307 1534 3355 τὸν
1606 3311 1670 3375 τῇ

97 3394 313 3465 Παρθένῳ
340 3397 404 3445 τὸ
439 3413 469 3441 ‹‹
494 3399 661 3465 Χαῖρε
694 3414 723 3443 n
761 3393 1265 3467 προσφθεθξάμενον.
1300 3393 1360 3447 Εἰ
1385 3390 1446 3446 δὲ
1474 3399 1562 3445 καὶ
1607 3395 1675 3446 ἱε-

96 3488 178 3553 ρεῖς
218 3492 372 3535 τοῦτο
426 3484 724 3553 τέμνουσιν,
773 3480 881 3533 ἀλλ’
929 3479 979 3534 ἰν
1024 3488 1086 3555 τῇ
1145 3482 1358 3555 Μεγάλῃ
1392 3481 1678 3555 Ἐκκλησία

96 3570 238 3633 οὕτως
282 3570 503 3624 ἄτελεῖτο
560 3570 743 3641 πάλαι,
800 3575 891 3623 καὶ
954 3574 1100 3640 παρὰ
1160 3580 1260 3623 τῶν
1329 3568 1584 3624 διακόνων
1640 3573 1670 3630 ἡ

94 3663 347 3734 προσφορὰ
403 3655 715 3731 διετίμνετο.
779 3659 839 3711 Ὀ
899 3663 1073 3732 μέντοι
1131 3657 1388 3727 διάκονος,
1453 3661 1479 3713 6
1540 3661 1676 3712 κατὰ

94 3749 169 3798 τὸν
222 3752 381 3801 τύπον
448 3754 542 3810 τῆς
606 3747 847 3819 Μιγαλης
911 3747 1231 3811 Ἐκκλησίας
1297 3749 1458 3802 πάλαι
1523 3736 1719 3801 τοῦτο’

98 3832 371 3909 δίενεργῶν,
419 3836 705 3909 ἑτοιμάσας
750 3841 846 3889 σὺν
894 3836 1033 3908 αύτῴ
1080 3842 1171 3889 καὶ
1206 3841 1262 3890 τὸ
1311 3838 1488 3909 μέλλον
1551 3837 1677 3889 ἁπο-

96 3924 333 3979 ἐλείσθαι
380 3930 697 3979 Δεσποτικὸν
740 3924 873 3998 αἷμα
918 3925 968 3979 ἄν
1009 3934 1081 3998 τῷ
1138 3931 1461 4000 προσήκοντι
1508 3934 1675 4002 καιρῷ

94 4022 171 4065 τοῦ
199 4017 390 4077 πάθους
430 4011 527 4068 διὰ
561 4023 653 4075 τῆς
683 4022 775 4067 τοῦ
796 4015 1055 4076 ζωοποιοῦ
1086 4018 1381 4089 Πνεύματος
1411 4015 1676 4089 ἐπιφοίτη-

100 4120 221 4169 mg,
268 4104 460 4178 ἀφίησι
498 4112 668 4157 ταῦτα
709 4103 758 4156 ἐν
795 4111 859 4177 τῇ
899 4106 1165 4180 προθέσει,
1210 4111 1303 4164 τὴν
1351 4110 1546 4169 ταύτης
1597 4106 1676 4158 εύ-

98 4196 187 4260 χήν
209 4192 530 4265 ἐπιλέγοντος
578 4200 670 4245 τοῦ
703 4195 896 4269 ἱερέως,
946 4193 1098 4246 Οὕτω
1144 4202 1420 4269 τοιγαροῦν
1469 4193 1676 4267 ἀφίεται

96 4282 145 4330 τὸ
169 4279 292 4334 θεῖον
340 4290 501 4355 σῶμα
528 4280 577 4333 ἓν
718 4283 985 4355 προθέσει,
1034 4284 1208 4356 ὥσπερ
1252 4283 1501 4357 Βηθλεὲμ,
1546 4285 1674 4337 ὅπου

95 4373 376 4439 γεγέννηται
404 4372 432 4423 6
458 4374 711 4444 Χριστὸς,
744 4371 803 4422 ού
835 4374 890 4423 αί
937 4366 1111 4433 ἔξοδοι
1139 4369 1228 4423 ἀπ’
1267 4370 1444 4445 ἀρχῆς
1472 4374 1675 4446 ἡμερῶν

98 4456 279 4521 αἰῶνος.
329 4459 506 4532 Ὀμοῦ
538 4455 598 4512 δὴ
626 4464 716 4511 καὶ
744 4461 809 4519 ὡς
839 4457 889 4510 ἐν
918 4466 981 4531 τῇ
1032 4459 1295 4535 Ναζαρὲτ,
1342 4464 1469 4536 πρὸς
1496 4459 1555 4514 δὲ
1584 4465 1675 4513 καὶ

29 4608 34 4630 ὸ
100 4553 174 4606 τῆς
208 4546 257 4599 ἐν
308 4552 660 4623 Καπερναοὺμ
699 4543 999 4621 διατριϐῆς,
1049 4552 1137 4600 τὸν
1170 4553 1326 4601 τόπον
1356 4550 1386 4608 ἡ
1429 4552 1678 4623 πρόθεσις

29 5806 39 5837 ι

101 4632 345 4711 ἐκπληροῖ·
389 4640 579 4691 τούτου
607 4640 709 4712 γὰρ
751 4638 910 4690 ἕνεκεν
959 4635 1006 4688 ἓν
1041 4642 1337 4710 προοιμίοις
1362 4642 1675 4714 προίφημιν,

101 4723 249 4778 ὅτιτὸ
277 4727 326 4779 ἓν
368 4735 473 4779 τῶν
497 4733 586 4777 νῦν
626 4729 958 4799 τυπουμένων
1006 4725 1056 4778 ἐν
1101 4724 1232 4780 δυσὶ
1273 4732 1363 4780 καὶ
1391 4733 1537 4801 τρισὶ
1580 4732 1680 4780 τῶν

102 4816 198 4865 τότε
220 4815 437 4869 τελεῖται
462 4820 553 4868 καὶ
576 4814 752 4876 ἁπλῶς
782 4814 941 4867 εἰπεῖν
978 4819 1065 4868 τὸν
1094 4823 1465 4890 τριακονταετῆ
1490 4820 1682 4889 χρόνον

105 5059 115 5067 ,
161 4993 265 5067 (ιε)
288 4994 376 5067 Ita
399 4992 1171 5067 Christophorushngelus,
1197 4995 1434 5051 Graecus
1472 4994 1678 5065 homo,

103 5064 519 5121 inEnchiridio
548 5064 810 5122 de'stalu
857 5065 1281 5122 hodiernorum
1333 5067 1682 5124 ereorum

104 5137 309 5209 captu
339 5154 352 5192 :
382 5140 637 5209 Σημαίνει
657 5132 887 5209 ὁδὶ-οὗτος
911 5139 1308 5209 τὴνγΠαρθένον.

192 5207 270 5277 13)
280 5206 769 5282 MagnaEcclesia
787 5206 1131 5282 intelligitur
1144 5206 1683 5282 Constantinopoli-

106 5275 259 5352 tana,
278 5276 340 5352 id
370 5275 460 5352 est
486 5279 543 5334 S.
575 5277 817 5352 Sophim,
834 5275 1144 5352 templum.

166 5348 271 5417 (14)
297 5349 635 5421 Stephanus
654 5348 1333 5421 Aldoensis'gpatriarcha
1372 5350 1683 5407 Antioche-

105 5428 205 5492 ηυξ
238 5419 662 5492 gerendarum
684 5420 745 5475 in
764 5419 1149 5492 Expositione
1181 5421 1400 5490 missae,
1426 5427 1566 5477 sect.
1626 5425 1679 5487 3,

106 5486 223 5543 cod.
249 5488 381 5546 Vat.
413 5494 576 5553 7410,
598 5490 639 5546 f.
668 5495 737 5547 90
757 5491 816 5547 b.
846 5486 949 5547 sic.
1009 5492 1126 5548 ait:
1180 5486 1396 5549 Cultro
1426 5486 1684 5549 utuntur

110 5557 286 5616 θνανοὶ
294 5563 469 5632 quasi
478 5561 560 5634 ad
575 5563 990 5631 cogitationem
1007 5560 1249 5632 lancem,
1266 5579 1383 5634 qua
1395 5565 1682 5634 transfos-

109 5641 220 5704 sfum
239 5638 321 5686 est
338 5634 498 5689 latus
513 5633 925 5699 Christi,unde
941 5635 1179 5704 quando
1187 5633 1464 5692 sacerdos
1486 5636 1687 5690 immo-

114 5697 572 5772 latpanem,ante
585 5697 768 5776 quam
782 5697 1250 5777 sacriﬁcetjerit
1261 5706 1441 5763 illum
1465 5706 1691 5762 acumi-

90 398 170 499 ᾗ
1274 394 1769 484 commuto
1811 422 2199 485 LITURGICA.

533 538 680 623 nam
730 544 793 622 ιῇ
822 534 922 623 ἐνῇ.
980 568 1009 599 ››
1037 554 1218 604 Ταῦτα
1257 546 1347 622 μέν
1398 549 1469 613 εἰς
1515 548 1656 637 ams

1785 550 1842 607 ie
1871 550 2218 624 praelatione
2257 548 2603 637 nostrorum
2619 562 2756 624 quae
2815 550 2879 608 in
2930 552 3214 611 universa
3268 556 3429 611 terra

3321 424 3427 489 430

1768 636 1874 712 per
1901 639 2283 697 incruentum
2311 632 2673 697 sacriﬁcium
2700 639 2875 697 ﬁunt.

1841 910 1892 963 9.
1919 905 2034 961 Sed
2063 906 2224 962 enim
2248 905 2385 962 illuc
2405 906 2535 977 jam
2556 906 2742 963 oratio
2764 907 3110 963 revocanda
3135 910 3243 973 est,
3264 907 3427 964 unde

1770 994 2075 1051 discessit:
2110 995 2217 1051 etsi
2238 996 2364 1051 haec
2392 995 2526 1066 ipsa
2560 1000 2941 1052 transeunter
2985 995 3145 1052 dicta
3190 995 3431 1053 fuerunt

1771 1084 1851 1140 ob
1889 1083 2227 1139 occisorum
2260 1084 2469 1140 Christi
2505 1083 3055 1155 reprehensionem.
3088 1085 3178 1141 Sic
3200 1084 3424 1157 itaque,

1773 1173 1857 1228 uti
1887 1172 2113 1228 dictum
2151 1177 2262 1239 est,
2285 1172 2535 1242 oblatio,
2562 1178 2617 1228 et
2638 1174 2833 1245 panis,
2877 1179 2934 1229 et
2982 1173 3341 1242 benedictio,
3370 1177 3428 1229 et

1773 1262 2068 1334 primitiae,
2102 1263 2160 1317 in
2186 1268 2402 1335 typum
2421 1278 2659 1334 semper
2690 1262 2941 1333 Virginis
2967 1263 3234 1335 Deiparte
3259 1280 3428 1319 assu-

1773 1356 2021 1407 muntur
2053 1369 2066 1418 ;
2099 1367 2238 1424 quae
2266 1350 2640 1424 beneplacito
2680 1350 2891 1416 Patris,
2947 1352 3253 1408 voluntate
3306 1351 3431 1408 Filii

1772 1440 1980 1513 ipsius,
2013 1443 2071 1496 et
2098 1440 2360 1497 adventu
2392 1441 2583 1497 sancti
2607 1442 2876 1513 Spiritus,
2900 1457 3091 1497 unum
3120 1440 3195 1498 de
3220 1448 3430 1498 sancta

1773 1530 2072 1597 Trinitate,
2103 1530 2309 1587 Filium
2340 1531 2439 1587 Dei
2469 1546 2540 1587 ac
2587 1532 2843 1587 Verbum
2889 1531 2950 1586 in
3001 1548 3064 1587 se
3102 1532 3426 1605 excipiens,

1774 1619 2103 1691 perfectum
2138 1620 2324 1674 Deum
2355 1622 2412 1675 et
2457 1618 2787 1693 perfectum
2845 1619 3155 1676 hominem
3177 1619 3426 1692 peperit.

1775 1706 1987 1781 Sicque
2010 1708 2231 1779 pariter
2262 1708 2853 1781 supersubstantialis
2882 1711 3035 1764 Deus
3065 1725 3309 1765 carnem
3357 1722 3431 1764 ex

1773 1797 1887 1852 hac
1911 1812 2180 1867 sumens,
2217 1797 2396 1853 unica
2427 1797 2541 1852 sub
2561 1796 2900 1869 hypostasi,
2932 1797 3231 1869 perfectus
3260 1808 3431 1870 neque

1773 1887 1958 1941 homo
1988 1885 2116 1955 fuit,
2141 1886 2348 1941 similis
2371 1886 2545 1941 nobis
2566 1902 2673 1958 per
2688 1887 2894 1942 omnia
2910 1886 3140 1959 absque
3161 1890 3429 1958 peccato.

1779 1973 1871 2030 Sic
1899 1977 2078 2029 etiam
2095 1974 2469 2029 dominicum
2502 1990 2742 2045 corpus,
2760 1980 3052 2046 tanquam
3070 1990 3143 2029 ex
3161 1974 3432 2047 quodam

1778 2067 1945 2116 utero
1974 2066 2030 2116 et
2061 2060 2459 2130 sanguinibus
2485 2062 2541 2117 et
2564 2078 2744 2117 carne
2776 2061 3021 2132 virginei
3042 2062 3331 2134 corporis,
3358 2077 3432 2117 ex

1780 2154 1923 2217 toto,
1947 2148 2221 2222 inquam,
2255 2165 2411 2222 pane
2441 2152 2494 2206 et
2521 2148 2937 2205 benedictione
2996 2152 3053 2205 et
3101 2149 3428 2220 oblatione,

1782 2254 1818 2295 a
1843 2238 2123 2309 diacono,
2158 2239 2300 2295 utin
2322 2241 2533 2308 Magna
2564 2237 2825 2294 Ecclesia
2884 2253 3015 2294 mos
3073 2242 3180 2304 est,
3238 2236 3431 2295 ferreo

1779 2327 2176 2383 instrumento
2206 2322 2634 2398 secatur,quod
2657 2324 2932 2382 lanceam
2953 2324 3434 2393 vocant,etiamsi

1782 2416 2039 2472 necdum
2079 2417 2194 2472 hac
2219 2415 2425 2472 utendi
2453 2420 2692 2487 tempus
2713 2419 2841 2481 est;
2872 2416 3053 2488 atque
3082 2414 3166 2470 ita
3207 2426 3315 2486 per
3370 2430 3433 2473 se

1782 2500 2115 2561 subsistens
2146 2520 2220 2561 ex
2249 2504 2450 2560 media
2491 2503 2729 2573 eulogia
2771 2508 3175 2560 consecratur.
3206 2503 3270 2559 Et
3304 2502 3434 2560 dia-

1781 2608 1972 2648 conus
2003 2592 2273 2666 quidem,
2301 2590 2482 2663 hujus
2506 2590 2818 2648 divisionis
2843 2597 3072 2658 auctor,
3100 2602 3325 2664 parans
3359 2595 3436 2646 sl-

1782 2681 1910 2739 mul
1927 2680 2097 2739 illum
2134 2682 2238 2755 qui
2260 2681 2706 2738 consecrandus
2734 2682 2826 2738 est
2859 2681 3237 2753 sanguinem,
3289 2692 3433 2738 con-

1783 2785 1932 2841 gruo
1962 2770 2263 2844 passionis
2294 2776 2585 2843 tempore,
2616 2784 2724 2842 per
2781 2768 3001 2826 viviﬁci
3044 2768 3292 2842 Spiritus
3330 2767 3436 2825 ad-

1781 2867 2049 2933 ventum,
2080 2861 2326 2933 deponit
2370 2861 2501 2916 haac
2538 2860 2601 2916 in
2651 2859 2934 2934 prothesi,
2993 2859 3142 2915 dum
3193 2858 3434 2915 interim

1782 2950 2094 3024 propriam
2121 2949 2303 3021 hujus
2329 2950 2415 3006 rei
2435 2948 2767 3006 orationem
2786 2944 2929 3004 dicit
2989 2946 3291 3005 sacerdos.

1858 3221 1942 3272 10.
1976 3217 2107 3289 Ipse
2126 3230 2267 3271 vero
2297 3215 2402 3288 qui
2428 3214 2699 3271 divinum
2743 3229 2963 3287 corpus
3014 3213 3255 3270 desecat
3310 3211 3433 3270 dia-

1784 3322 1975 3361 conus
1995 3305 2075 3361 ah
2112 3305 2367 3376 eulogia,
2397 3304 2681 3375 angelum
2722 3303 3005 3374 imitatur,
3065 3303 3169 3377 qui
3217 3300 3436 3373 virgini

1783 3395 1931 3451 dixit
1944 3414 1994 3450 :«
2017 3399 2190 3451 Ave.»
2211 3393 2383 3461 Quod
2402 3392 2453 3449 si
2473 3393 2653 3450 etiam
2676 3392 3020 3449 sacerdotes
3048 3391 3111 3448 id
3127 3390 3433 3461 desecant,

1784 3487 2051 3540 attamen
2078 3482 2138 3539 in
2159 3484 2372 3553 Magna
2392 3482 2654 3539 Ecclesia
2682 3481 2769 3538 sic
2799 3480 2876 3538 ab
2933 3481 3180 3553 antiquo
3230 3480 3436 3553 ﬁebat,

1784 3577 1840 3629 et
1860 3589 1896 3628 a
1920 3571 2191 3629 diaconis
2216 3571 2440 3629 oblatio
2457 3572 2794 3629 secabatur.
2816 3571 2998 3641 Igitur
3024 3571 3317 3628 diaconus
3332 3571 3437 3644 qui

1784 3678 1856 3718 ex
1879 3664 2105 3731 Magna:
2127 3660 2399 3718 Ecclesiae
2428 3675 2596 3718 more
2625 3660 2709 3717 sic
2738 3658 2881 3717 olim
2913 3660 3153 3731 agebat,
3209 3675 3435 3733 parans

1785 3750 1896 3806 sim
1908 3750 1966 3806 ul
1976 3766 2118 3806 mox
2130 3750 2398 3806 futurum
2413 3749 2680 3806 Dominic
2688 3765 2789 3805 um
2804 3748 3161 3818 sanguinem
3174 3762 3435 3819 congruo

1786 3840 2089 3911 passionis
2120 3844 2411 3911 tempore,
2435 3854 2543 3911 per
2563 3836 2779 3893 viviﬁci
2832 3836 3082 3908 Spiritus
3136 3837 3436 3891 interven-

1785 3934 1933 3996 tum,
1958 3928 2239 4001 relinquit
2266 3929 2396 3983 heec
2417 3927 2479 3982 in
2516 3923 2959 3999 prothesi,dum
2989 3925 3170 3995 hujus
3194 3938 3436 3995 precem

1786 4017 2068 4074 sacerdos
2098 4017 2321 4072 recitat.
2368 4015 2459 4073 Sic
2506 4014 2708 4087 itaque
2753 4012 3108 4085 relinquitur
3161 4011 3436 4069 divinum

1784 4121 2004 4178 corpus
2033 4106 2093 4161 in
2122 4104 2409 4178 prothesi,
2443 4101 2621 4159 veluti
2645 4103 2708 4157 in
2739 4101 3078 4157 Bethlehem
3108 4100 3213 4157 ubi
3258 4104 3437 4157 natus

1785 4199 1872 4252 est
1893 4194 2180 4263 Christus,
2203 4193 2374 4263 cujus
2399 4192 2593 4248 exitus
2624 4190 2703 4247 ab
2732 4189 2897 4246 initio
2922 4188 3157 4245 dierum
3214 4188 3435 4246 saeculi.

1787 4283 1973 4341 Simul
1994 4282 2172 4338 etiam
2210 4286 2504 4353 tanquam
2533 4279 2594 4335 in
2634 4277 3310 4351 Nazareth,insuperque
3348 4277 3439 4333 in-

1785 4377 1907 4428 star
1932 4369 2228 4427 incolatus
2256 4370 2317 4426 in
2348 4368 2796 4442 Capharnaum,
2834 4367 2964 4423 vice
3002 4365 3270 4439 fungitur
3306 4380 3441 4440 pro—

1786 4460 1992 4517 thesis.
2032 4460 2225 4525 Quam
2250 4458 2329 4515 ob
2358 4474 2487 4514 rem
2516 4458 2577 4513 in
2626 4455 2924 4529 prooemio
2972 4455 3102 4527 jam
3148 4456 3436 4522 diximus,

1790 4549 1957 4622 quod
1986 4564 2144 4604 unus
2166 4563 2238 4604 ex
2263 4546 2657 4621 praesentibus
2675 4544 2853 4618 typis,
2871 4543 3111 4600 duobus
3135 4544 3231 4602 vel
3251 4545 3440 4601 tribus

1790 4643 1934 4695 tunc
1953 4638 2100 4694 actis
2122 4637 2303 4693 rebus
2348 4636 2769 4709 aaquiparetur.
2833 4635 2903 4689 Ut
2965 4637 3314 4691 summatim
3356 4633 3443 4689 di-

1791 4743 1946 4794 cam,
1972 4726 2294 4784 tricennale
2323 4726 2584 4798 spatium
2614 4729 2672 4781 et
2690 4723 2876 4779 vitam
2905 4727 3042 4778 ante
3062 4722 3442 4796 baptismum

1790 4815 2088 4889 prothesis
2115 4818 2521 4889 repraesentat.
2552 4812 2832 4871 Concedit
2859 4820 3000 4882 ergo
3021 4816 3259 4884 tempus
3288 4824 3441 4882 pon-

1789 5009 1865 5052 ηε
1893 4992 2077 5050 cultri
2100 4993 2165 5048 in
2202 4997 2381 5061 parte
2424 4991 2785 5059 dextera,ita
2806 4994 2874 5045 ut
2894 4986 3442 5061 capulusgattingat

1780 5066 2037 5122 calicem
2067 5078 2089 5134 ,·
2109 5058 2891 5135 αρῂανεαιᾳαεβαηθιιίηεηι
2916 5062 3121 5135 quiest
3138 5059 3210 5135 in
3232 5058 3440 5135 calice,

1790 5136 2062 5209 eumdem
2067 5129 2199 5209 esse
2225 5136 2330 5209 qui
2357 5148 2387 5190 e
2412 5129 2610 5209 latere
2627 5129 2855 5209 Ch_ristz'
2876 5129 3445 5209 nianavitzLegatur

1790 5208 1970 5264 etiam
2000 5199 2252 5264 Allatius
2291 5205 2368 5262 de
2413 5204 2646 5278 templis
2700 5205 3060 5264 Graecorum,
3106 5199 3202 5256 ed.
3248 5199 3443 5256 Paris.

1837 5321 1849 5335 .
1890 5280 2007 5334 145.

1788 5288 2464 5420 β’(ἑίξῗἈάνθι-ὺίθιίιθτ.
2504 5342 2619 5420 Sed
2643 5349 2699 5400 et
2725 5358 2835 5420 pro
2861 5341 3156 5420 adjectivo
3207 5339 3444 5420 ιδζιοῡτιςὸτ

1794 5414 1981 5483 πάτος
2013 5421 2271 5476 citantur
2307 5435 2344 5474 a
2386 5417 2458 5473 cl.
2508 5414 2875 5473 Boissonado
2924 5416 2987 5472 in
3037 5429 3196 5471 nova
3252 5414 3448 5470 Lexici

1794 5491 2181 5568 Stephaniani
2229 5490 2503 5568 editione
2582 5487 2861 5568 exempla
2911 5486 3308 5568 Areopagitas,
3334 5557 3348 5568 _
3392 5490 3450 5541 et

1799 5557 2133 5619 scholiastae
2172 5561 2252 5618 ad
2280 5558 2612 5632 Epictetum
2639 5576 2657 5630 ;
2695 5557 2793 5614 cui
2842 5557 3263 5615 Lexico’nunc
3333 5557 3455 5612 hoe

1798 5634 2158 5691 adverbium
2186 5632 2529 5704 adjiciatur.
