4028 6308
602 407 699 461 431

1874 384 2231 444 THEODORI
2266 380 2684 443 ANDIDENSIS

3883 383 4007 440 432

591 527 734 585 tifex
763 525 960 601 primo
989 522 1302 588 sacerdoti,
1322 518 1425 595 qui
1441 514 1710 574 divinam
1733 511 1996 586 incipere
2018 513 2245 601 mysta-

2370 511 2440 562 τὸν
2470 511 2571 581 πρὸ
2599 514 2692 560 τοῦ
2722 505 3096 581 βαπτίσματος
3133 509 3223 561 καὶ
3251 507 3340 569 τὰς
3384 501 3662 583 διατριϐὰς
3780 510 4004 580 πρόθε-

591 599 840 688 gogiam
865 614 1078 671 debet:
1102 611 1166 670 id
1203 614 1406 669 autem
1425 603 1714 679 temporis
1744 602 2010 676 spatium
2068 599 2247 671 signi-

590 708 731 764 ﬁcat
755 703 905 763 illud
943 720 980 762 a
1034 701 1334 777 propheta
1384 698 1540 756 Isaia
1595 693 1952 770 praedictum
1981 695 2244 763 tempus,

589 792 913 852 nativitatis
941 791 1213 850 videlicet
1238 788 1544 864 prophette
1560 783 1806 843 Joannis
1834 780 2245 856 praecursoris,

593 881 924 955 Christique
949 881 1029 938 ad
1047 896 1160 938 nos
1182 879 1499 937 adventus.
1546 878 1771 932 Horum
1826 871 1988 928 enim
2030 868 2246 926 ambo—

496 1014 501 1017 -
589 988 746 1035 rum,
786 985 1010 1044 nempe
1031 973 1088 1027 et
1115 967 1436 1026 nativitatis
1470 970 1728 1037 tempus,
1779 966 1839 1018 et
1884 959 2095 1018 Christi
2141 956 2248 1015 ad-

590 1065 857 1131 ventum,
886 1063 1102 1133 praeter
1122 1057 1270 1116 alios
1293 1055 1611 1128 deiloquos
1624 1050 1995 1119 viros,lsaias
2021 1046 2249 1121 perspi-

592 1167 702 1208 cue
724 1149 1087 1209 vaticinatus
1108 1153 1216 1220 est,
1245 1147 1320 1204 de
1344 1148 1572 1203 Joanne
1600 1141 1846 1216 quidem
1876 1138 1961 1195 ita
2000 1137 2207 1194 dicens
2232 1152 2245 1193 :

593 1262 621 1291 «
641 1243 787 1297 Ecce
811 1254 925 1311 ego
941 1238 1113 1296 mitto
1131 1235 1415 1310 angelum
1438 1248 1644 1291 meum
1667 1234 1806 1287 ante
1830 1228 2045 1286 faciem
2057 1231 2247 1290 tuam,

591 1329 697 1403 qui
725 1328 968 1403 parabit
990 1328 1155 1385 viam
1180 1332 1348 1384 tuam
1385 1339 1594 1382 coram
1642 1336 1741 1377 me
1766 1321 1813 1375 θ.
1871 1337 1901 1372 ›
1931 1317 2078 1374 Item
2133 1314 2252 1373 alia

593 1423 896 1492 quotquot
925 1417 1001 1475 de
1034 1415 1251 1474 eodem
1297 1410 1741 1489 praenuntiavit.
1772 1411 1853 1465 De
1877 1407 2110 1464 Christo
2150 1420 2252 1462 au-

596 1515 752 1566 tem:
784 1529 811 1560 «
842 1510 987 1564 Ecce
1015 1505 1186 1575 virgo
1207 1505 1271 1561 in
1308 1506 1479 1561 utero
1526 1498 1777 1558 habebit
1809 1501 1853 1552 9.
1901 1518 1928 1548 ››
1960 1498 2027 1553 Et
2075 1494 2252 1568 quid-

594 1596 744 1669 quid
775 1595 872 1652 ille
896 1595 973 1651 de
996 1593 1303 1667 passione,
1330 1589 1664 1664 sepultura,
1695 1604 1766 1645 ac
1816 1583 2252 1644 resurrectione

594 1683 893 1758 praedixit.
926 1686 1200 1756 Namque
1226 1681 1344 1739 hoc
1370 1684 1659 1753 tempore,
1689 1674 1979 1734 reconditi
2008 1687 2253 1747 quoque

594 1788 633 1830 a
644 1771 1063 1830 constitutione
1087 1767 1301 1827 mundi
1314 1767 1586 1842 mysterii
1609 1763 2011 1824 manifestatio
2029 1761 2254 1819 exitum

594 1864 778 1919 nacta
805 1864 911 1918 est.

2359 617 2439 659 σις
2488 596 2756 673 ἐκπληροῖ.
2806 593 3024 651 Δίδοται
3067 601 3239 651 τοίνυν
3264 600 3447 671 καιρός
3485 599 3630 672 παρά
3651 604 3748 650 τοῦ
3782 595 4004 671 ἀρχιε-

2355 690 2481 761 ρέως
2530 694 2603 758 τῷ
2658 692 2843 763 πρώτῳ
2891 694 2990 740 τῶν
3044 689 3211 763 ἱερέων
3261 686 3496 760 μελλοντι
3541 688 3827 761 ἄρχεσθαι
3891 693 4002 748 τῆς

2359 778 2499 840 θείας
2548 781 2946 850 μυσταγωγίας·
2980 778 3130 841 οὗτος
3162 774 3221 830 δε
3250 779 3276 830 6
3306 780 3483 853 καιρὸς
3515 780 3867 849 σχηματιζει
3901 780 3999 829 τὸν

2356 867 2500 939 παρά
2589 874 2680 920 τοῦ
2768 872 3040 941 προφήτου
3140 866 3357 921 Ἠσαίου

2356 958 2558 1030 καιρὸν,
2613 963 2703 1017 τῆς
2749 964 2841 1009 τοῦ
2889 962 3152 1030 προφήτου
3207 957 3442 1009 Ἰωάννου
3494 960 3584 1008 καὶ
3642 950 3998 1030 Προδρόμου

2357 1048 2663 1117 γεννήσεως,
2706 1050 2797 1098 καὶ
2847 1054 2943 1109 τῆς
2988 1054 3080 1098 τοῦ
3130 1052 3363 1119 Χριστοῦ
3406 1048 3535 1120 πρὸς
3576 1046 3715 1117 ἡμᾶς
3766 1040 4000 1101 ἐπιδη-

2357 1150 2499 1206 μιας·
2577 1133 2874 1209 ἀμφοτέρων
2948 1138 3046 1209 γὰρ
3112 1138 3307 1188 τούτων
3380 1142 3477 1198 τῆς
3548 1153 3604 1186 τε
3673 1139 3999 1206 γεννήσεως

2357 1225 2446 1276 τὸν
2492 1226 2693 1298 καιρὸν,
2738 1230 2828 1276 καὶ
2891 1232 2986 1286 τῆς
3032 1231 3124 1277 τοῦ
3176 1230 3410 1299 Χριστοῦ
3459 1219 3764 1295 ἐπιδημίας,
3845 1223 4003 1295 μετά

2359 1319 2460 1364 τῶν
2516 1311 2680 1364 ἄλλων
2739 1315 2997 1388 θεηγόρων
3050 1314 3076 1365 ό
3123 1313 3341 1374 Ἠσαίας
3398 1308 3669 1385 ἀριδήλως
3722 1315 3995 1384 11903396-

2360 1419 2531 1455 τευσε·
2580 1407 2700 1475 περὶ
2751 1406 2840 1475 μεν
2893 1410 2986 1456 τοῦ
3032 1403 3268 1457 Ἰωάννου
3336 1402 3498 1464 οὕτως
3547 1401 3719 1455 εἰπών·
3789 1398 3995 1453 ιἸδού

3454 885 3812 941 προαναφωνη
3825 867 4000 918 θέντα

2361 1489 2458 1563 ἐγὼ
2504 1489 2800 1545 ἀποστέλλω
2846 1495 2934 1545 τὸν
2983 1492 3199 1566 ἄγγελόν
3228 1511 3329 1566 μου
3382 1495 3485 1565 πρὸ
3525 1497 3819 1565 προσώπου
3852 1511 3990 1546 σου.

2361 1582 2413 1641 ὃς
2468 1582 2854 1635 κατασκευάσει
2917 1585 3006 1641 τὴν
3066 1579 3190 1634 ὀδόν
3249 1600 3345 1634 σου
3397 1582 3686 1656 ἔμπροσθέν
3741 1599 3888 1653 μου.
3957 1597 3994 1632 ι

2361 1672 2454 1721 καὶ
2509 1667 2672 1722 τᾶλλα
2723 1669 2824 1723 ὅσα
2873 1675 3013 1746 περὶ,
3072 1670 3233 1723 αὐτοῦ
3288 1675 3665 1746 προηγόρευσε·
3722 1675 3858 1742 περὶ
3927 1664 3995 1721 δε

2360 1764 2451 1810 τοῦ
2502 1766 2758 1832 Χριστοῦ,
2807 1778 2839 1815 ‹
2896 1756 3033 1814 Ἰδού
3082 1764 3111 1818 ἠ
3154 1761 3409 1835 Παρθένος
3453 1762 3727 1835 ἐνγαστρὶ
3776 1758 3921 1821 ἕξει.
3956 1776 3993 1811 δ

2362 1851 2454 1900 καὶ
2510 1848 2611 1901 ὅσα
2660 1847 2844 1910 ἐκεῖνος
2898 1854 3015 1922 περὶ
3070 1856 3163 1902 τοῦ
3216 1850 3432 1916 πάθους,
3481 1853 3571 1902 καὶ
3627 1856 3719 1909 τῆς
3768 1855 3986 1920 ταφῆς,

594 1955 686 2003 καὶ
736 1949 1073 2011 ἀναστάσεως
1120 1951 1526 2022 προηγόρευσεν·
1578 1943 1627 1999 ἐν
1672 1946 1836 2016 τούτῳ
1883 1944 1983 2018 γὰρ
2023 1948 2097 2013 τῷ
2144 1944 2312 2015 καιρῷ
2359 1940 2449 1990 καὶ
2489 1943 2583 1990 τοῦ
2632 1935 3135 2014 ἀποκεκρυμμένου;
3178 1942 3476 2012 μυστηρίου
3520 1940 3622 2014 1196
3673 1935 3992 1996 καταϐολῆς

592 2043 796 2112 κόσμου
827 2040 856 2099 ἡ
888 2042 1170 2113 φανέρωσις
1196 2040 1257 2091 τὸ
1288 2041 1447 2113 πέρας
1473 2032 1708 2099 ἐδέξατο.

666 2131 752 2186 11.
774 2131 908 2186 Jam
926 2143 1071 2186 vero
1096 2125 1405 2196 sacerdos,
1436 2125 1542 2198 qui
1579 2124 1819 2182 initium
1848 2120 2070 2179 divinae
2092 2118 2254 2177 litur-
2285 2118 2325 2173 Β

592 2218 702 2292 giae
720 2218 879 2289 facit,
910 2216 1244 2288 imaginem
1274 2219 1466 2287 gestat
1501 2212 1750 2270 Joannis
1794 2210 2076 2284 Baptistae
2105 2225 2256 2281 prte-

594 2305 877 2371 cursoris,
897 2305 1005 2377 qui
1034 2302 1313 2360 videlicet
1338 2301 1831 2376 praedicationem
1861 2314 2111 2356 exorsus
2166 2301 2256 2355 est

594 2392 805 2451 dicens
827 2410 887 2449 :«
904 2391 1321 2450 Paenitentiam
1342 2391 1502 2461 agite
1523 2408 1536 2458 ;
1563 2387 2076 2462 appropinquavit
2094 2385 2255 2442 enim

595 2498 854 2554 regnum
868 2482 1215 2539 coelorum'0
1252 2500 1268 2551 ;
1294 2504 1323 2532 »
1355 2485 1412 2538 et
1440 2479 1795 2536 accedentes
1821 2492 2034 2535 omnes
2060 2474 2257 2548 bapti-

596 2570 792 2630 zabat.
836 2574 1041 2643 Coepta
1063 2570 1248 2640 igitur
1276 2569 1356 2626 ab
1375 2569 1492 2625 hoc
1518 2567 1778 2638 liturgia,
1797 2565 2094 2624 accedunt
2121 2566 2257 2637 post

595 2658 863 2739 primam
892 2673 1135 2732 precem
1161 2658 1526 2732 propheticae
1553 2656 1862 2724 lectiones,
1890 2669 2046 2728 quas
2097 2653 2257 2710 Anti-

595 2748 806 2822 phona
824 2746 1357 2823 appellamus,tum
1372 2746 1517 2820 quia
1530 2746 1840 2820 propheta:
1850 2743 2258 2818 praedixerunt

598 2853 742 2897 eum
776 2838 1035 2911 quijam
1063 2843 1243 2895 natus
1259 2841 1386 2905 est;
1431 2841 1561 2893 tum
1607 2835 1752 2909 quia
1814 2849 2030 2907 reapse
2075 2835 2255 2890 Vetus

596 2930 1043 2986 Testamentum
1074 2926 1396 3000 praecessit,
1425 2926 1601 2999 cujus
1651 2924 1957 2997 legislator
2004 2923 2113 2980 fuit
2156 2923 2256 2981 hic

595 3014 784 3075 modo
808 3020 989 3074 natus
1018 3014 1082 3073 in
1109 3016 1232 3073 ﬁne
1261 3015 1517 3073 dierum.
1566 3014 1891 3073 Sciendum
1939 3028 2081 3071 vero
2144 3015 2253 3080 est,

600 3107 769 3180 quod
797 3106 967 3164 initio
1018 3105 1338 3177 cujuslibet
1375 3103 1573 3171 ofﬁcii,
1625 3107 1751 3160 tum
1797 3102 2075 3161 matutini
2128 3105 2257 3158 tum

598 3195 948 3269 vespertini,
1008 3195 1206 3268 primo
1250 3195 1475 3251 Veteris
1537 3193 1899 3251 Testamenti
1959 3195 2259 3249 canuntur

600 3283 825 3343 Psalmi
850 3302 864 3353 ;
892 3284 1111 3341 deinde
1156 3298 1332 3341 novae
1376 3282 1581 3356 gratiae
1637 3282 1891 3352 cantica,
1936 3285 2002 3338 ut
2046 3295 2259 3338 omnes

605 3377 943 3447 agnoscant
966 3388 1159 3430 unum
1185 3372 1592 3445 eumdemque
1620 3388 1750 3428 esse
1780 3371 2123 3440 Dominum,
2153 3371 2260 3443 qui

2437 2115 2525 2174 ια’.
2573 2115 2631 2170 Ὁ
2673 2114 2732 2171 δέ
2784 2136 2846 2190 γε
2893 2119 3052 2191 ἱερεὺς
3106 2118 3132 2170 6
3182 2122 3277 2178 τὴν
3319 2117 3519 2194 έναρξιν
3555 2124 3650 2180 τῆς
3706 2118 3857 2176 Θείας
3912 2118 3988 2168 ἱε-

2362 2211 2614 2280 ρουργίας
2677 2210 2982 2280 ποιούμενος
3055 2207 3227 2261 εἱκόνα
3289 2212 3429 2281 φέρει
3486 2213 3578 2259 τοῦ
3643 2202 3987 2281 Προδρόμου

2365 2294 2600 2348 Ἰωάννου
2654 2301 2745 2349 καὶ
2802 2303 3121 2366 Βαπτιστοῦ,
3177 2296 3670 2372 προκαταρξαμένου
3726 2302 3830 2348 τοῦ
3885 2314 3987 2352 κη-

2362 2386 2625 2456 ρύγματος
2680 2389 2771 2438 καὶ
2814 2384 3069 2458 λέγοντος,
3105 2408 3127 2436 ι
3189 2392 3512 2440 Μετανοεῖτε·
3565 2385 3753 2457 ἣγγικε
3804 2385 3920 2457 γὰρ
3950 2384 3983 2441 ὴ

2367 2471 2614 2545 βασιλεία
2658 2482 2758 2526 τῶν
2814 2474 3063 2548 ούρανων,
3117 2492 3150 2528 ›
3201 2479 3292 2528 καὶ
3353 2472 3703 2547 βαπτίζοντος
3766 2474 3989 2534 πάντας

2363 2565 2483 2624 τούς
2553 2567 3019 2637 προσερχομένους.
3108 2563 3427 2638 Ἀρχομένου
3489 2559 3548 2617 δὲ
3610 2564 3807 2616 τούτου
3885 2569 3988 2623 τῆς

2367 2655 2509 2714 θείας
2594 2653 2898 2727 ἱερουργίας,
2971 2655 3294 2728 παράγονται
3366 2653 3497 2726 μετά
3567 2656 3662 2711 τὴν
3750 2656 3986 2725 πρώτην

2366 2743 2576 2800 αἴτησιν
2645 2744 2714 2795 161
2777 2745 3076 2818 προφητικὰ
3154 2743 3282 2818 ἅπερ
3348 2740 3607 2815 ἀντίφωνα
3683 2739 3983 2815 καλοῦμεν·

2364 2830 2477 2903 ἁμα
2521 2833 2613 2903 μὲν
2668 2832 2735 2892 ὡς
2796 2831 3296 2906 προανακηρύξαντα
3367 2834 3455 2883 τόν
3519 2834 3984 2904 προαναφανέντα,

2365 2919 2477 2992 ἅμα
2523 2915 2584 2972 δε
2628 2924 2719 2974 καὶ
2766 2923 2836 2983 ὡς
2884 2924 3325 2994 προηγησαμένης
3353 2927 3444 2981 τῆς
3497 2918 3733 2982 Παλαιᾶς
3773 2921 3987 2976 Διαθη-

2366 3028 2478 3075 κης,
2507 3017 2573 3071 ἧς
2620 3010 2897 3082 νομοθέτης
2953 3011 3142 3071 οὗτοςὸ
3182 3011 3442 3082 γεννηθεὶς
3470 3007 3548 3062 ἐπ’
3594 3007 3820 3082 ἐσχάτω
3877 3016 3983 3060 τῶν

2366 3098 2571 3172 ἡμερῶν
2611 3096 2986 3171 ἐχρημάτισεν.
3035 3103 3149 3173 Χρὴ
3193 3095 3254 3151 δε
3298 3104 3573 3171 γινώσκειν
3621 3100 3701 3151 ὅτι
3735 3096 3785 3150 ἐν
3821 3100 3980 3171 ἀρχῆ

2367 3189 2545 3249 πάσης
2607 3187 2811 3250 τελετης
2866 3189 3108 3262 ὁρθρινῆς
3169 3206 3226 3240 τε
3288 3192 3380 3240 καὶ
3441 3191 3697 3259 λυχνικῆς
3760 3194 3987 3263 πρῶτον

2367 3283 2459 3337 τῆς
2516 3275 2748 3339 Ηαλαιᾶς
2795 3272 3009 3347 ᾅδονται
3066 3276 3116 3329 οἰ
3164 3275 3386 3350 ψαλμοὶ,
3437 3274 3551 3329 εἶτα
3601 3277 3666 3329 161
3713 3282 3811 3336 τῆς
3867 3279 3983 3337 νέας

2367 3368 2593 3438 χάριτος
2639 3367 2873 3438 ᾅσματα,
2906 3366 2969 3418 ἶν’
3001 3364 3170 3438 ἐχοίεν
3200 3362 3393 3419 εἰδέναι
3442 3368 3623 3427 πάντες
3651 3367 3719 3426 ὡς
3773 3372 3857 3428 εἷς
3887 3370 3980 3418 καῖ

605 3468 662 3519 et
689 3464 819 3520 haec
839 3467 897 3518 et
919 3462 1022 3519 illa
1050 3461 2024 3527 mandavit,Christum.Canuntur
2058 3460 2258 3531 igitur,

2370 3454 2521 3515 αὐτὸς
2569 3459 2829 3516 Δεσπότης
2876 3453 3017 3507 ἐστίν
3055 3456 3081 3507 ό
3133 3462 3302 3508 ταῦτα
3349 3456 3562 3508 κάκεῖνα
3614 3457 3982 3527 νομοθετήσας

604 3556 672 3609 ut
689 3550 976 3617 diximus,
1002 3554 1142 3623 post
1160 3550 1421 3623 primam
1447 3564 1689 3622 precem
1707 3549 2055 3622 Antiphona
2085 3565 2259 3623 ;quae

603 3639 802 3713 primo
825 3638 1123 3710 ingerunt,
1148 3637 1316 3711 quod
1343 3638 1579 3695 bonum
1602 3638 1677 3694 sit
1705 3638 1974 3694 conﬁteri
1991 3642 2133 3694 nato
2150 3640 2261 3695 Do-

606 3727 774 3785 mino
793 3742 904 3800 pro
926 3725 1180 3784 humani
1203 3726 1438 3797 generis
1462 3725 1652 3783 salute
1675 3743 1690 3794 ;
1707 3725 1926 3783 deinde
1946 3726 2102 3783 elata
2118 3742 2262 3784 voce

607 3818 874 3876 clamant
906 3816 1089 3874 illud:
1123 3839 1153 3869 ι(
1182 3816 1475 3875 Dominus
1494 3816 1773 3887 regnavit
1802 3834 1816 3886 ;
1847 3838 1876 3866 »
1913 3815 1976 3872 id
1996 3819 2085 3872 est
2100 3831 2262 3872 nunc

605 3908 804 3978 magis
842 3909 1055 3978 regnat
1077 3911 1334 3964 aeternus
1356 3908 1476 3962 Rex
1502 3910 1560 3962 et
1586 3904 1895 3971 Dominus,
1936 3910 2264 3978 postquam

605 3995 901 4067 humilem
919 3996 1078 4053 hanc
1095 3995 1211 4053 sibi
1236 4010 1481 4053 carnem
1514 3994 1731 4065 induit,
1754 4010 1943 4068 quam
1968 3994 2265 4051 fortitudi-

607 4101 751 4146 nem
770 4084 1263 4158 appellaverunt:
1299 4084 1452 4141 sicut
1478 4083 1683 4140 multis
1713 4084 2070 4141 aestimatam
2093 4084 2267 4155 igno-

608 4174 887 4242 miniam,
912 4174 1106 4230 crucis
1133 4172 1373 4245 scilicet,
1401 4172 1656 4243 gloriam
1705 4173 1973 4230 Salvator
1998 4173 2272 4230 nomina-

610 4263 699 4319 vit
720 4264 786 4318 ιι.
807 4261 969 4320 Sicut
1004 4261 1164 4319 enim
1183 4277 1309 4332 rex,
1330 4277 1686 4336 quanquam
1715 4278 1954 4335 semper
2006 4262 2275 4335 potentia

613 4365 686 4406 ac
713 4348 1058 4407 fortitudine
1084 4349 1389 4422 praeditus,
1420 4349 1589 4407 haud
1617 4350 1919 4407 interdum
1948 4350 2045 4407 his
2088 4351 2274 4409 utitur

614 4436 697 4496 ad
713 4437 1128 4511 reprimendos
1154 4437 1357 4494 hostes
1385 4438 1491 4510 qui
1518 4437 1771 4494 subditis
1801 4440 1924 4495 suis
1951 4439 2072 4496 vim
2126 4439 2274 4496 infe-

611 4530 756 4585 runt
781 4541 795 4593 ;
813 4528 1026 4599 postea
1046 4541 1184 4583 vero
1201 4525 1533 4583 ulciscendi
1553 4532 1730 4599 capto
1755 4527 2005 4584 consilio
2021 4544 2273 4586 consur-

614 4630 785 4687 gens,
806 4615 1027 4685 exigua
1054 4613 1260 4687 aliqua
1302 4631 1442 4671 cum
1490 4620 1821 4687 armatura,
1888 4618 2272 4691 propriarum

611 4702 833 4762 virium
861 4702 1131 4775 pondere
1158 4703 1359 4760 hostes
1407 4705 1773 4777 prosternit;
1828 4708 2009 4779 atque
2067 4706 2163 4763 his
2210 4706 2274 4763 in

2367 3548 2623 3620 Χριστός.
2662 3539 2916 3598 Ἃδονται
2969 3552 3266 3619 τοιγαροῦν,
3300 3547 3369 3605 ὡς
3409 3547 3628 3618 εἴρηται,
3681 3545 3823 3616 μετὰ
3882 3548 3981 3602 τὴν

2368 3638 2580 3709 πρώτην
2632 3636 2844 3692 αἴτησιν
2898 3631 3174 3706 ἀντίφωνα·
3205 3641 3409 3706 πρῶτον
3574 3636 3980 3706 προτρεπόμενοι

2369 3725 2428 3775 1'6
2457 3724 2527 3784 ὡς
2576 3721 2771 3795 ἀγαθόν
2813 3725 2872 3775 16
2920 3720 3342 3794 ἐξομολογεῖσθαι
3385 3730 3459 3794 τῷ
3500 3723 3742 3794 τεχθέντι
3792 3727 3979 3797 Κυρίῳ

2372 3810 2456 3865 ἐπὶ
2515 3816 2752 3886 σωτηρίᾳ
2798 3819 2891 3865 τοῦ
2936 3812 3255 3885 ἀνθρωπείου
3311 3815 3488 3884 γένους
3545 3817 3976 3886 παραγενομένῳ·

2375 3899 2613 3976 δεύτερον
2651 3904 2997 3978 κηρύττονται
3041 3901 3413 3975 μεγαλοφώνως
3449 3904 3532 3971 τὸ,
3583 3923 3606 3951 ι
3655 3898 3714 3953 Ὀ
3783 3904 3982 3968 Κύριος

2375 3990 2698 4058 ἐϐασίλευσε,
2748 4014 2778 4043 ››
2827 3996 3064 4045 τουτέστι
3105 3998 3193 4043 νῦν
3240 3991 3490 4064 μειζόνως
3521 3989 3796 4063 βασιλεύει
3828 3994 3979 4066 ὀπρό

2377 4080 2573 4133 αἰώνων
2628 4079 2877 4153 βασιλεύς
2924 4085 3016 4133 καὶ
3075 4082 3284 4155 Κύριος,
3336 4076 3678 4153 ἐνδυσάμενος
3734 4085 3836 4140 τὴν
3893 4100 3986 4133 τα-

2375 4174 2553 4229 πεινὴν
2599 4172 2791 4228 ταύτην
2849 4172 3037 4244 σάρκα,
3090 4172 3151 4229 ἣν
3206 4173 3296 4222 καὶ
3348 4165 3571 4243 δύναμιν
3615 4174 3985 4245 προσηγόρευ-

2381 4273 2496 4312 σαν·
2547 4260 2778 4332 καθάπερ
2826 4266 2937 4322 τοῖς
2983 4257 3191 4320 πολλοῖς
3255 4254 3519 4312 δοκοῦσαν
3571 4260 3843 4330 αἰσχύνην
3889 4264 3984 4318 τὴν

2378 4351 2462 4402 ἐπὶ
2510 4355 2601 4402 τοῦ
2655 4356 2885 4424 σταυροῦ
2934 4344 3090 4411 δόξαν
3154 4349 3183 4399 6
3240 4352 3416 4422 Σωτὴρ
3475 4346 3813 4421 ἐπονόμασεν·
3878 4350 3987 4400 ὧσ-

2378 4457 2471 4511 περ
2518 4439 2620 4513 γάρ
2668 4457 2748 4500 τις
2806 4436 3070 4511 βασιλεὺς,
3128 4434 3208 4489 ἀεὶ
3260 4440 3352 4509 μεν
3397 4439 3457 4489 τὸ
3507 4438 3694 4512 κράτος
3750 4442 3847 4490 καὶ
3890 4441 3986 4495 τὴν

2381 4523 2603 4600 δύναμιν
2651 4528 2789 4599 ἔχων
2841 4525 2889 4578 ἐν
2941 4526 3127 4597 ἐαυτῷ,
3181 4524 3241 4577 ού
3289 4528 3551 4599 κέχρηται
3595 4528 3799 4586 τούτοις
3852 4529 3983 4599 πρὸς

2379 4617 2578 4689 ἄμυναν
2623 4624 2722 4669 τῶν
2753 4614 2956 4689 ἐχθρῶν
2982 4623 3082 4669 τῶν
3129 4617 3515 4690 τυραννούντων
3552 4618 3674 4678 τοὺς
3713 4616 3980 4677 ὑπηκόους

2380 4705 2561 4758 αὐτοῦ·
2617 4705 2832 4780 ὕστερον
2906 4701 2967 4757 δὲ
3030 4703 3311 4778 βουληθείς
3382 4700 3671 4763 ἐκδικῆσαι
3732 4708 3983 4777 τούτους,

610 4792 967 4863 barathrum
988 4791 1339 4865 perditionis
1367 4793 1670 4866 projectis,
1694 4798 1942 4851 cunctos
1968 4812 2124 4868 quos
2181 4800 2261 4869 ty-

2382 4791 2671 4858 δίαναστὰς
2718 4794 2766 4846 ἐν
2815 4801 2988 4869 μικρῷ
3033 4813 3134 4847 τινι
3184 4793 3344 4867 ὅπλῳ,
3386 4798 3555 4867 οίκείᾳ
3599 4794 3732 4868 ῥοπῇ
3799 4797 3983 4869 θραύει

612 4883 866 4942 rannide
930 4880 1129 4938 hostili
1185 4880 1485 4949 liberavit,
1538 4881 1710 4939 audit
1779 4882 1891 4940 sibi
1958 4884 2268 4942 dicentes:

613 4994 646 5024 ε(
689 4976 854 5030 Nunc
881 4971 1155 5042 regnavit
1175 4970 1465 5029 Dominus
1487 4976 1875 5044 noster,nunc
1897 4973 2094 5031 induit
2114 4974 2275 5032 forti-

610 5061 902 5129 tudinem,
915 5082 937 5113 ι
971 5060 1118 5134 quia
1132 5058 1422 5118 nimirum
1437 5061 1818 5134 propositum
1835 5063 1888 5135 ej
1897 5080 1966 5120 us
1979 5079 2050 5121 ac
2063 5065 2274 5121 volun-

612 5155 800 5209 tatem
842 5149 1196 5221 ulciscendi,
1263 5150 1439 5222 reqm'
1484 5154 1543 5206 et
1591 5152 1976 5222 fortitudinis
2028 5153 2274 5210 nomine

616 5240 923 5313 appellant
946 5240 1060 5310 ;sic
1086 5239 1266 5297 etiam
1282 5238 1577 5313 Propheta
1592 5241 1930 5313 praevidens
1961 5243 2196 5301 venturi
2210 5243 2274 5299 in

616 5344 796 5386 carne
829 5328 930 5385 Dei
959 5328 1133 5386 Verbi
1156 5333 1416 5402 tempus,
1439 5333 1497 5387 et
1524 5329 1779 5387 humani
1795 5331 2028 5402 generis
2063 5332 2272 5390 defen-

616 5416 869 5486 sionem,
912 5417 1213 5491 simulque
1241 5418 1433 5476 hostis
1462 5422 1519 5476 et
1547 5420 1849 5477 sociorum
1879 5420 2010 5492 ejus
2048 5421 2274 5479 daemo-

614 5520 764 5563 num
816 5504 1055 5564 cladem
1108 5523 1478 5581 supremam,
1532 5508 1779 5582 insuper
1819 5509 2013 5583 ipsius
2065 5511 2273 5569 mortis

2381 4884 2499 4946 106;
2553 4884 2850 4958 πολεμίους,
2908 4889 2999 4937 καὶ
3048 4882 3196 4957 βυθῷ
3246 4882 3487 4945 ἀπολείας
3544 4885 3756 4944 τούτους
3815 4904 3985 4958 παρα-

2384 4970 2530 5043 δοὺς,
2580 4973 2756 5027 ἀκούει
2804 4976 2948 5046 παρά
2992 4974 3197 5026 πάντων
3249 4980 3347 5025 τῶν
3403 4970 3842 5045 ἐλευθερωθέντων
3890 4981 3983 5035 τῆς

2378 5060 2702 5138 τυραννίδος,
2760 5084 2791 5114 ι(
2843 5069 2972 5127 Νῦν,
3032 5061 3365 5115 ἐϐασιλευσεν
3413 5062 3439 5113 6
3498 5066 3766 5122 Δεσπότης
3812 5064 3979 5136 ἡμῶν,

2380 5161 2468 5207 νῦν
2507 5149 2789 5206 ἐνεδύσατο
2842 5149 3124 5225 δύναμιν,››
3174 5155 3269 5210 τὴν
3304 5149 3501 5224 βουλὴν
3548 5150 3709 5204 αὐτοῦ
3750 5157 3846 5205 καὶ
3896 5154 3980 5209 τὴν

2385 5242 2591 5301 θελησιν
2634 5250 2731 5305 τῆς
2768 5238 3089 5304 ἐκδικήσεως
3140 5238 3413 5313 βασιλείαν
3464 5244 3551 5293 καὶ
3600 5236 3830 5313 δύναμιν
3879 5243 3983 5293 ὀνο-

2380 5332 2672 5406 μαζόντων·
2724 5332 2859 5384 οὕτω
2904 5334 2991 5384 καὶ
3045 5332 3072 5383 6
3128 5335 3400 5403 προφήτης
3475 5338 3707 5403 προορῶν
3775 5339 3871 5391 τῆς
3934 5328 3978 5381 ἐν

2384 5425 2542 5494 σαρκὶ
2592 5425 2883 5496 παρουσίας
2925 5427 3016 5472 τοῦ
3065 5426 3199 5473 Θεοῦ
3248 5422 3423 5490 Λόγου
3480 5421 3567 5470 τόν
3619 5420 3838 5492 χρόνον,
3895 5422 3978 5469 καὶ

2380 5515 2475 5570 τὴν
2537 5506 2814 5571 ἐκδίκησιν
2836 5516 2929 5564 τοῦ
2985 5507 3308 5587 ἀνθρωπίνου
3364 5510 3560 5582 γένους,
3616 5512 3711 5567 τήν
3771 5526 3831 5562 τε
3892 5515 3977 5561 του

682 5682 708 5751 π⁶
733 5684 846 5748 Isa.
875 5703 971 5762 κε,
1002 5687 1059 5748 3.
1087 5688 1107 5725 9
1139 5690 1252 5747 lsa.
1284 5699 1390 5759 v11,
1426 5686 1517 5745 14.
1551 5687 1598 5727 ¹⁰
1627 5686 1831 5748 Matth.
1854 5703 1935 5760 Ill,
1970 5690 2018 5749 l.
2064 5690 2106 5730 υ
2137 5685 2316 5753 Joan.
2352 5706 2457 5759 xu,
2490 5692 2581 5753 32.
