4028 6308
72 290 175 345 433

1305 277 1797 337 COMMENTATIO
1835 276 2226 336 LlTURGlCA.

3340 275 3446 330 434

73 412 279 486 ἐχθροῦ
329 410 427 462 καὶ
473 414 578 462 τῶν
627 408 721 462 σὺν
764 408 907 481 αὐτῷ
965 404 1226 480 δαιμόνων
1273 404 1576 471 κατάλυσιν,
1619 406 1693 457 ἔτι

1820 403 2276 468 axstinctionem,
2309 400 2369 456 et
2392 398 2472 458 ab
2513 414 2586 456 ea
2610 398 2986 457 detentorum
3014 396 3454 466 liberationem,

77 522 133 574 γε
151 505 262 574 μὴν
290 503 391 553 καὶ
414 502 513 557 τὴν
545 500 769 553 θανάτου
809 502 1079 573 νέκρωσιν,
1138 500 1229 549 καὶ
1265 498 1361 554 τὴν
1409 502 1509 546 τῶν
1570 494 1694 567 παρ’

79 592 241 645 αὐτοῦ
269 592 650 663 κατεχομένων
706 588 1017 664 ἑλευθερίαν,
1049 591 1141 641 καὶ
1187 592 1289 638 τῶν
1345 591 1409 658 τῇ
1456 587 1694 656 γεννήσει

80 685 285 755 Κυρίου
307 683 485 753 παρὸν
530 681 590 731 τὸ
617 678 897 745 σπήλαιον,
928 679 1010 743 τὸ,
1060 697 1089 726 (ι
1130 681 1238 729 Νῦν
1269 672 1619 737 ἐϐασίλευσεν,
1664 692 1694 723 ››

79 772 438 844 ἱξεςοώνησεν·
472 773 563 822 καὶ
600 790 632 817 «
657 774 766 820 Νῦν
804 763 1084 821 ἐνεδύσατο
1114 762 1356 838 δύναμιν·
1390 785 1420 814 »
1469 762 1576 835 οὐχ
1626 763 1695 827 ὡς

77 860 132 915 οὗ
190 865 328 933 πρὶν
381 864 454 931 μή
515 858 869 930 ὑπάρχουσαν
938 856 1060 928 παρ’
1100 854 1263 925 αὐτῷ,
1325 852 1433 905 ἀλλ’
1493 854 1561 914 ὡς
1617 851 1695 905 ἀεὶ

80 956 380 1015 τιναοῦσαν,
432 947 507 1010 εἰς
547 951 942 1023 παρωρισμένον
1010 942 1070 998 δὲ
1098 946 1280 1017 καιρόν
1322 945 1694 1016 ταμιευομένην

78 1038 381 1127 ἐκλάμψαι.
438 1039 599 1091 Εῖωθε
652 1032 712 1089 δί
759 1037 785 1095 ἦ
837 1042 932 1088 τοῦ
996 1036 1135 1087 θείου
1191 1035 1491 1106 Πνεῦματος
1536 1033 1697 1108 χάρις

75 1131 140 1180 τὰ
193 1118 465 1200 μέλλοντα
519 1126 589 1187 ὡς
656 1123 912 1180 ἕνεστῶτα
966 1128 1055 1177 καὶ
1116 1125 1430 1196 γεγενημένα
1504 1118 1695 1179 ἀνακηο

77 1235 315 1292 gmw.

146 1305 252 1378 ιβ’·
289 1308 643 1359 Συντέτακται
690 1300 750 1357 δὲ
803 1310 877 1375 τῷ
903 1301 1035 1356 τέλει
1073 1309 1166 1355 τοῦ
1208 1305 1417 1378 πρώτου
1467 1298 1693 1372 ἀντιφώ-

76 1415 164 1449 νου
238 1398 322 1462 τό,
409 1414 438 1445 ε(
489 1400 596 1457 Τῆς
674 1391 975 1469 πρεσϐείαις
1030 1399 1125 1455 τῆς
1197 1393 1454 1444 Θεοτόκου
1524 1395 1695 1442 σὼσον

82 1488 309 1558 ἡμᾶς.»
359 1487 513 1546 Τίνος
571 1484 771 1557 χάριν;
817 1483 847 1542 ἦ
919 1482 1127 1543 πάντως
1167 1481 1250 1533 ἶνα
1298 1478 1561 1553 βεϐαιωθῇ
1630 1480 1697 1531 τὰ

84 1577 345 1648 πρότερον
416 1571 661 1645 εἰρημένα
718 1574 841 1640 περὶ
897 1576 991 1623 τοῦ
1056 1572 1221 1622 τύπου
1252 1575 1348 1630 τῆς
1390 1568 1695 1641 Ἀειπαρθέ-

84 1682 194 1729 νου,
260 1663 347 1715 ὅτι
396 1661 529 1719 αὖτή
581 1669 677 1722 τῆς
721 1662 972 1722 τοιαύτης
1046 1664 1358 1733 προηγεῖται
1425 1653 1698 1719 διακονίας

1804 495 1863 549 et
1884 490 2010 547 nati
2039 488 2251 548 Christi
2280 487 2633 561 speluncam
2663 502 2870 544 coram
2901 487 3224 560 aspiciens,
3244 485 3453 542 verba:

1807 601 1836 633 «
1861 584 2029 638 Nunc
2052 577 2344 649 regnavit,
2381 598 2410 628 »
2433 575 2750 645 inclamat;
2784 580 2876 633 et:
2908 597 2937 627 ‹‹
2969 578 3134 632 Nunc
3180 574 3295 632 sibi
3316 575 3431 630 for-

1802 669 2124 728 titudinem
2142 667 2366 725 induit:
2399 688 2420 716 ι
2448 681 2573 724 non
2607 665 2777 739 quod
2806 669 2985 722 antea
3034 665 3164 721 haec
3202 664 3285 720 illi
3330 678 3457 720 non

1804 759 2060 831 adesset,
2090 757 2198 815 sed
2223 755 2370 829 quia
2397 760 2691 829 tanquam
2717 758 3009 828 perpetuo
3035 753 3452 820 inhaerentem,

1804 852 1967 906 certo
1982 851 2186 904 tamen
2199 844 2456 918 tempori
2474 849 2836 902 reservatam
2849 842 2928 900 ad
2950 840 3452 915 comparendum.

1805 937 1966 995 Solet
1989 936 2150 993 enim
2175 933 2363 990 divini
2395 932 2647 1005 Spiritus
2685 933 2901 1002 gratia,
2934 930 3133 989 futura
3160 934 3454 1000 tanquam

1803 1025 2127 1102 prmsentia
2145 1027 2202 1081 et
2220 1023 2350 1096 jam
2382 1025 2517 1081 acta
2543 1020 2895 1097 praedicare.

1879 1297 1964 1349 t2.
1999 1291 2458 1364 Subjunguntur
2485 1291 2688 1347 autem
2736 1287 2844 1345 ﬁni
2899 1286 3080 1362 primi
3129 1285 3456 1360 Antiphoni

1802 1382 2084 1440 verba:«
2148 1378 2678 1438 Interressionibus
2720 1378 3008 1451 Deiparaa,
3065 1374 3234 1434 salva
3260 1391 3395 1433 nos.
3427 1396 3456 1425 »

1805 1473 1997 1538 Quam
2027 1470 2107 1527 ob
2135 1484 2386 1526 causam
2406 1469 2435 1525 ?
2472 1482 2719 1540 prorsus
2747 1471 2816 1522 ut
2843 1466 3272 1522 conﬁrmentur
3295 1464 3457 1521 dicta

1805 1566 1984 1618 antea
2007 1560 2082 1617 de
2112 1563 2258 1633 typo
2272 1562 2577 1632 perpetuae
2602 1556 2877 1627 Virginis,
2898 1554 3064 1627 quod
3083 1568 3302 1625 nempe
3320 1552 3457 1625 ipsa

1804 1651 1946 1708 huic
1973 1648 2306 1706 ministerio
2317 1651 2376 1703 et
2396 1644 2749 1703 oeconomiae
2768 1647 3011 1718 praeeat.
3042 1640 3299 1700 Secundi
3315 1655 3455 1696 vero

86 1758 177 1804 καὶ
238 1749 474 1813 ἀληθοῦς
510 1749 822 1822 οἰκονομίαςι
874 1756 967 1800 τοῦ
1017 1744 1261 1821 δευτέρου
1322 1744 1382 1799 δε
1436 1749 1496 1798 τό
1535 1745 1696 1818 ἐφύμ-

1820 1738 2133 1813 Αιιῑὶρὶιοηὶ
2161 1737 2543 1809 subsequens
2573 1749 2819 1791 carmen
2848 1737 2968 1789 est:
3003 1753 3033 1781 (ι
3082 1728 3457 1786 Intercessio-

85 1861 196 1893 νιον
231 1843 376 1913 (16),
448 1861 478 1889 (ι
509 1844 630 1900 Ταῖς
668 1836 967 1913 πρεσϐείαις
1013 1845 1112 1889 τῶν
1153 1836 1313 1908 ἁγίων
1352 1850 1468 1888 σου⁸
1504 1857 1534 1885 ››
1591 1833 1699 1888 ἐπεὶ

88 1933 191 2005 γὰρ
226 1930 362 2003 ὑπὲρ
405 1933 668 2001 σωτηρίας
714 1926 906 2000 ψυχῶν
935 1931 1026 1978 καὶ
1056 1930 1452 2001 συγχωρήσεως
1510 1943 1701 1977 πταισ-

91 2021 272 2093 μάτων
359 2018 457 2076 τὴν
542 2019 681 2070 θείαν
747 2016 987 2089 τελοῦμεν
1029 2019 1424 2088 μυσταγωγίαν,
1491 2013 1702 2076 εἰκότως

92 2112 164 2171 ὡς
222 2109 510 2180 ὑπερτέραν
569 2101 730 2158 οὖσαν
813 2109 908 2163 τὴν
984 2107 1292 2177 Θεομήτορα
1355 2104 1558 2154 πάντων
1600 2109 1701 2153 τῶν

91 2198 283 2269 ἁγίων,
356 2198 386 2256 ἦ
447 2200 540 2248 καὶ
579 2195 747 2248 αὐτῶν
805 2197 1122 2268 ἐπουρανίων
1155 2189 1443 2265 δυνάμεων,
1491 2190 1557 2252 εἰς
1597 2193 1701 2244 ἱκε-

96 2293 217 2340 σίαν
264 2284 728 2360 προσκαλούμεθα·
790 2281 900 2337 εἶτα
962 2285 1080 2344 τούς
1126 2281 1574 2356 εὖαρεστὴσαντας
1629 2287 1702 2351 τῷ

94 2379 291 2439 ταύτης
342 2377 471 2446 Υἱῷ⁹
532 2374 578 2427 εἰ
630 2376 731 2446 γὰρ
789 2377 880 2426 καὶ
929 2376 1124 2445 προῖὼν
1177 2372 1203 2423 6
1259 2369 1408 2441 λόγος
1478 2370 1704 2443 εὑρίσκει

96 2471 215 2529 τοὺς
273 2466 469 2537 ἁγίους
526 2462 775 2530 ἅπαντας,
832 2461 961 2514 ἀλλὰ
1026 2464 1117 2514 καὶ
1188 2459 1349 2518 αὐτὴν
1422 2462 1515 2518 τὴν
1567 2477 1703 2511 παν-

99 2555 368 2628 ἁχραντον
427 2555 584 2605 οἱονεὶ
638 2554 782 2626 παρὰ
823 2558 917 2603 τοῦ
969 2549 1251 2625 ἀρχιερέως
1304 2552 1705 2621 μεσιτευομένην

101 2645 168 2707 εἰς
188 2648 272 2710 τό,
305 2666 338 2693 ι(
370 2641 488 2696 Ἔτι
516 2645 869 2715 προσφέρομέν
896 2659 980 2692 σοι
1015 2643 1110 2697 τήν
1142 2637 1357 2709 λογικὴν
1416 2637 1528 2708 (17)
1579 2638 1707 2688 ταύ-

103 2754 191 2792 την
220 2733 495 2808 λατρείαν,
525 2749 558 2783 ›
609 2726 767 2784 Ἀλλὰ
794 2731 894 2782 καθ
933 2729 1100 2803 ἕτερον
1155 2727 1305 2798 λόγον
1355 2725 1558 2796 λέγεται
1598 2730 1709 2786 τοῖς

102 2825 353 2897 Πατράσι
401 2827 575 2873 ταῦτα
648 2815 1003 2892 διορίζεσθαι,
1055 2817 1109 2869 ὃν
1161 2812 1506 2887 ἀποδώσομεν
1574 2818 1708 2866 Θεοῦ

103 2918 471 2986 χορηγοῦντος
546 2907 624 2961 ἐπ’
674 2908 797 2960 αὐτὸ
863 2909 923 2959 τὸ
995 2910 1193 2979 χωρίον
1248 2912 1344 2965 τῆς
1400 2902 1709 2964 ἀκολουθίας

105 3000 333 3061 ἑκόντες.
381 3003 517 3051 Νυνὶ
561 2993 621 3050 δί
681 3004 782 3048 τῶν
837 2993 1018 3069 ἐφεξῆς
1065 2996 1091 3046 ό
1137 2993 1288 3065 λόγος
1339 2992 1566 3064 ἐχέσθω·
1603 2988 1707 3050 ἢδη

1807 1825 1987 1882 nibus
2018 1830 2369 1882 sanctorum
2395 1828 2659 1879 tuorum.
2694 1844 2723 1872 »
2757 1822 2908 1888 Quia
2932 1820 3094 1876 enim
3123 1833 3236 1891 pro
3266 1816 3458 1873 salute

1808 1915 1905 1972 ani
1916 1918 2235 1982 marum,et
2246 1916 2632 1987 peccatorum
2647 1910 2818 1967 venia
2828 1909 3098 1965 divinam
3112 1906 3459 1980 peragimus

1808 2004 2274 2078 mystagogiam,
2300 2002 2514 2060 merito
2539 2017 2648 2057 ceu
2678 1999 3059 2057 excelsiorem
3080 1997 3184 2054 Dei
3212 1998 3459 2052 Matrem

1810 2094 2032 2151 sanctis
2043 2092 2352 2159 omnibus,
2383 2091 2463 2147 ad
2491 2088 2985 2147 intercedendum
3003 2085 3387 2151 invocamus,
3402 2089 3460 2140 et

1809 2182 2027 2240 deinde
2053 2181 2264 2239 charos
2286 2179 2562 2252 ejusdem
2588 2178 2729 2235 Filio
2752 2180 3014 2234 sanctos.
3042 2177 3191 2231 Nam
3224 2172 3332 2229 etsi
3363 2187 3450 2227 se-

1810 2288 2005 2346 quens
2031 2274 2238 2328 noster
2257 2284 2475 2341 sermo,
2504 2268 2779 2325 omnium
2808 2279 3054 2338 quoque
3112 2265 3460 2319 sanctorum

1810 2360 2072 2418 inveniet
2091 2359 2556 2427 invocationem,
2579 2360 2845 2412 attamen
2873 2353 3077 2426 ipsam
3105 2348 3461 2406 immacula-

1813 2457 1960 2519 tam,
1991 2453 2285 2523 tanquam
2313 2447 2391 2504 ab
2421 2447 2558 2520 ipso
2578 2445 2869 2518 episcopo
2890 2440 3306 2514 interpositam
3350 2435 3464 2494 illis

1812 2540 2047 2597 verbis:
2079 2561 2107 2590 «
2131 2538 2343 2595 Adhuc
2373 2535 2727 2592 exhibemus
2747 2533 2851 2589 tibi
2887 2532 3051 2588 hunc
3108 2525 3466 2585 rationalem

1814 2629 2063 2687 cultum.
2087 2649 2116 2679 »
2148 2627 2263 2685 Sed
2293 2626 2453 2683 enim
2482 2625 2544 2680 id
2575 2640 2612 2680 a
2638 2621 2913 2696 patribus
2950 2619 3290 2677 institutum
3318 2614 3468 2672 dici-

1816 2723 1930 2787 tur,
1963 2718 2299 2774 secundum
2324 2715 2509 2772 aliam
2539 2714 2720 2769 etiam
2748 2709 3066 2777 rationem,
3088 2722 3276 2780 quam
3327 2719 3469 2759 cum

1819 2809 1899 2866 ad
1928 2808 2239 2881 proprium
2264 2803 2718 2879 pervenerimus
2749 2799 2931 2857 ofﬁcii
2976 2797 3202 2865 locum,
3235 2799 3353 2851 Deo
3374 2793 3469 2849 fa-

1816 2884 2013 2969 vente,
2029 2896 2360 2953 trademus.
2381 2897 2548 2949 Nunc
2569 2891 2802 2962 reliqua
2824 2903 3021 2944 sermo
3043 2887 3468 2959 prosequatur.

1816 2989 1950 3044 Jam
2002 2986 2163 3042 enim
2210 2983 2290 3040 ad
2338 2982 2578 3039 tertium
2635 2977 3039 3049 antiphonum
3092 2971 3468 3028 devenimus.

106 3093 201 3164 γὰρ
248 3093 388 3164 πρός
440 3090 501 3149 τὸ
543 3089 718 3159 τρίτον
765 3082 1043 3157 ἀντίφωνον
1089 3082 1494 3156 ἐπεραιώθημεν.
1537 3083 1607 3133 Τό
1652 3076 1709 3133 δὲ

1820 3075 2172 3149 Troparium
2196 3078 2397 3131 autem
2418 3072 2479 3128 in
2499 3071 2620 3127 ﬁne
2639 3066 2887 3124 secundi
2908 3061 3220 3135 antiphoni
3243 3060 3472 3117 dictum

1892 3169 1936 3174 _-
1986 3167 1996 3174 .
2129 3164 2160 3174 ..
2275 3162 2370 3174 HIII
2520 3165 2529 3174 .
2564 3158 2613 3174 νγ
2670 3156 2707 3174 ,I,
2728 3171 2822 3174 nd-
2863 3153 2961 3174 “-2
3076 3167 3101 3174 _
3137 3150 3303 3174 L--L-
3331 3162 3470 3174 ..ιιι-ι.

106 3182 392 3254 τροπάριον
436 3180 497 3229 τὸ
540 3176 676 3228 κατα
717 3177 775 3227 τὸ
828 3173 966 3234 τελος
1016 3180 1108 3225 τοῦ
1138 3168 1382 3225 δευτέτου
1425 3169 1709 3242 ἀντιφώνου

106 3268 397 3341 λεγόμενον,
457 3268 539 3333 τό,
606 3285 636 3313 ιι
665 3264 724 3316 Ὀ
769 3266 1046 3336 μονογενὴς
1100 3264 1219 3322 rio;
1269 3264 1360 3313 καὶ
1406 3263 1579 3330 Λόγος
1622 3265 1712 3311 τοῦ

110 3364 258 3428 Θεοῦ,
298 3377 331 3406 π
387 3356 537 3427 παρὰ
576 3360 670 3407 τοῦ
708 3359 770 3425 τῇ
816 3354 929 3423 θείᾳ
983 3349 1127 3413 λήξει
1175 3347 1438 3422 βασιλέως
1492 3349 1713 3400 Ἰοῦστι-

844 3436 1056 3513 σφόδρα
1111 3440 1212 3513 φάρ
1265 3442 1355 3490 καὶ
1409 3437 1537 3490 αὐτὸ
1602 3442 1712 3499 τοῖς

78 3535 395 3609 συμϐόλοις
460 3536 553 3585 καὶ
615 3537 707 3585 τοῦ
775 3536 1012 3604 Χριστοῦ
1067 3532 1347 3600 γεννήσεως
1399 3525 1709 3601 ἔφαρμόζον·

107 3453 279 3499 νιανοῦ
369 3443 633 3515 ἱκπεφώνη
641 3462 727 3495 ται
769 3458 782 3471 ·

113 3626 276 3688 Οὗτος
301 3628 428 3699 γὰρ,
460 3625 640 3695 φησὶν,
672 3621 1001 3693 όγεννηθεὶς,
1055 3620 1081 3671 6
1131 3621 1407 3690 μονογενὴς
1457 3618 1575 3679 Υἰος
1623 3620 1714 3668 καὶ

117 3720 278 3786 Λόγος
302 3720 401 3766 τοῦ
428 3712 772 3788 προανάρχου
821 3711 1022 3783 Πατρός
1080 3708 1362 3778 ὑπάρχων,
1408 3702 1713 3767 καταδεξά-

115 3824 259 3877 μενος
317 3800 414 3856 διά
498 3805 593 3860 τὴν
635 3802 886 3873 ἡμετέραν
945 3800 1209 3873 σωτηρίαν
1270 3796 1607 3868 σαρκωθῆναι
1658 3791 1715 3845 ἐκ

116 3903 206 3958 τῆς
242 3894 396 3966 ἁγίας
447 3894 727 3956 Θεοτόκου,
778 3887 1034 3963 ἀτρέπτου
1091 3886 1347 3960 μεινάσης
1396 3892 1493 3946 τῆς
1536 3884 1714 3940 θεότη-

117 4003 195 4046 τος
232 3965 327 4036 καὶ
402 3979 738 4052 ἀσυγχύτου,
800 3977 874 4039 εἷς
951 3974 1066 4028 ἔστι
1122 3981 1221 4036 τῆς
1282 3975 1438 4045 ἁγίας
1489 3965 1715 4047 Τριάδος

116 4072 535 4149 ὶνανθρωπήσας,
626 4071 717 4120 καὶ
826 4065 1195 4141 σταυρωθῆναι
1274 4058 1710 4133 καταδεξάμενος·

116 4162 496 4235 ἂνεκφοιτητως
572 4158 675 4230 γὰρ
737 4159 828 4207 καὶ
886 4152 1197 4227 ἂχωρίστως
1271 4158 1371 4203 τῶν
1439 4155 1714 4224 Πατρικῶν

1823 3188 1852 3218 ‹‹
1892 3164 2242 3235 Unigenitus
2273 3162 2450 3218 Filius
2480 3165 2537 3215 et
2564 3156 2831 3214 Verbum
2863 3153 2966 3230 Dei
3004 3174 3034 3203 »
3073 3167 3109 3208 a
3134 3150 3308 3206 beato
3331 3162 3474 3218 rege

1818 3253 2150 3312 Iustiniano
2216 3249 2486 3306 additum
2533 3246 2663 3314 fuit,
2704 3243 2870 3316 quod
2914 3242 3115 3313 ipsum
3139 3235 3468 3295 nativitatis

1823 3341 2035 3400 Christi
2066 3337 2357 3412 symbolis
2386 3334 2565 3391 valde
2594 3329 3015 3403 congruit:Hic
3037 3327 3219 3398 enim,
3253 3323 3467 3398 inquit,

1821 3430 2162 3503 unigenitus
2185 3427 2358 3485 Filius
2388 3430 2445 3482 et
2470 3424 2729 3480 Verbum
2760 3419 2967 3477 aeterni
2996 3416 3207 3484 Patris,
3262 3413 3473 3484 digna-

1820 3526 1916 3578 tus
1944 3534 2055 3593 pro
2083 3522 2291 3574 nostra
2320 3514 2509 3572 salute
2533 3508 2837 3569 incarnari
2853 3524 2927 3564 ex
2957 3507 3232 3578 Deipara,
3259 3503 3472 3559 immu-

1822 3590 1987 3668 tabili
2017 3611 2297 3664 manente
2326 3609 2382 3662 et
2418 3601 2742 3660 inconfusa
2770 3598 3009 3668 deitate,
3042 3610 3203 3651 unus
3253 3596 3342 3649 est
3395 3590 3473 3647 de

1822 3703 2031 3757 sancta
2054 3697 2351 3765 Trinitate,
2370 3694 2475 3768 qui
2504 3688 2894 3749 inhumanari
2922 3692 2980 3744 et
3000 3684 3269 3755 cruciﬁgi
3299 3681 3475 3739 susti-

1820 3789 1971 3846 nuit.
2005 3787 2236 3844 Etenim
2262 3785 2392 3842 sine
2443 3783 2710 3855 discessu
2741 3783 2799 3835 et
2846 3778 2974 3833 sine
3031 3770 3475 3847 separatione'a

1821 3876 2090 3953 paternis
2122 3876 2378 3932 sinubus
2404 3870 2802 3933 descendens,
2834 3867 3186 3923 incarnatus
3210 3866 3299 3919 est
3327 3877 3341 3916 :
3369 3859 3475 3932 qui

1822 3948 2002 4025 etiam
2031 3965 2094 4022 in
2112 3963 2359 4032 trisagio
2385 3961 2618 4034 hymno
2644 3973 2681 4013 a
2705 3953 3069 4028 spiritalibus
3099 3948 3473 4007 cmlestibus-

1822 4072 1941 4131 que
1969 4052 2289 4112 virtutibus
2314 4047 2730 4107 collaudatur:
2762 4044 2891 4118 ipse
2907 4056 3052 4114 ergo
3081 4043 3172 4099 est
3201 4037 3476 4097 Salvator

1822 4149 2045 4204 noster.

236 4217 249 4235 .
362 4217 380 4234 ι
482 4217 493 4220 -
580 4217 656 4230 .,
919 4217 1017 4227 .-.
1554 4217 1564 4224 ,

116 4251 313 4304 κόλπων
370 4245 624 4315 καταϐὰς,
684 4245 1034 4319 σεσάρκωται·
1090 4243 1117 4294 ό
1156 4244 1248 4293 καὶ
1313 4237 1362 4292 ἐν
1418 4240 1492 4310 τῴ
1555 4239 1818 4313 τρισαγίῳ
1877 4235 2020 4309 ὕμνῳ
2080 4227 2526 4303 συνδοξαζόμενος
2569 4227 2670 4280 ὑπό
2718 4230 2818 4277 τῶν
2897 4227 3081 4296 νοερῶν
3151 4221 3243 4272 καὶ
3316 4217 3476 4270 ὑπου-

116 4345 297 4416 ρανίων
330 4336 623 4411 δυνάμεων·
646 4333 800 4394 αὐτὸς
819 4328 908 4384 οὖν
934 4328 1075 4384 ἔστιν
1101 4331 1127 4383 6
1158 4329 1341 4390 σώζων
1362 4330 1391 4387 ἠ
1399 4332 1522 4402 μᾶς.

183 4429 268 4502 ιγ’,
328 4428 485 4481 Οὕτω
553 4425 916 4496 συνήρμοσται
973 4421 1115 4494 παρὰ
1159 4425 1261 4471 τῶν
1333 4418 1574 4490 Πατίρων
1626 4417 1717 4467 καὶ
1753 4415 1797 4469 D

118 4520 143 4572 6
184 4518 464 4594 τρισάγιος
512 4514 691 4587 ὕμνος,
751 4512 836 4563 ἵνα
885 4513 972 4562 καὶ
1022 4509 1048 4561 6
1094 4504 1190 4560 διὰ
1266 4512 1358 4559 τοῦ
1430 4507 1716 4578 τροπαρίου

120 4587 435 4681 ὑμνούμενος
489 4605 558 4664 εἷς
622 4606 690 4653 ὢν
745 4599 996 4675 κηρυχθῇ
1060 4604 1158 4659 τῆς
1215 4594 1368 4666 ἁγίας
1467 4587 1716 4665 Τριάδος,

121 4700 398 4772 ὁμοούσιος
435 4700 510 4764 τῷ
542 4695 711 4766 Πατρὶ
740 4693 831 4741 καὶ
859 4695 932 4759 τῷ
964 4685 1114 4759 ,ἁγίῳ
1168 4685 1431 4756 Πνεύματι
1461 4686 1552 4734 καὶ
1583 4700 1718 4752 συμ-

122 4771 243 4861 φυὴς
288 4789 384 4838 καὶ
422 4779 741 4857 ἀδιαίρετος
782 4780 843 4831 τὸ
892 4778 994 4851 γὰρ
1044 4774 1229 4846 ’Ἄγιος
1286 4777 1312 4825 ό
1367 4774 1494 4833 Θεὸς
1538 4771 1587 4823 οἱ
1625 4773 1718 4831 τὰς

123 4876 480 4936 ὑποστατικὰς
510 4868 780 4931 ἰδιότητας
823 4865 1149 4943 διαιροῦντες
1204 4872 1277 4936 τῷ
1333 4865 1504 4936 Πατρὶ
1547 4878 1720 4935 προσ-

124 4969 353 5042 νέμουσιο
385 4967 447 5018 τό
479 4959 539 5016 δέ
584 4959 768 5034 Ἃφιος
813 4958 1043 5030 ἰσχυρός
1082 4962 1146 5014 τῆ
1199 4950 1433 5011 ἰδιότητι
1470 4957 1562 5012 τῆς
1591 4951 1722 5003 ὑπο-ι

192 5118 305 5189 (16)
337 5111 686 5189 Citatur_hi_c
714 5106 1073 5189 Andidensis
1088 5104 1266 5189 locus
1288 5118 1362 5159 ex
1392 5097 1726 5189 inﬂabat-

126 5172 503 5249 lat‘iocontra
529 5182 949 5251 Hottingerum
970 5178 1177 5252 p.182.
1207 5175 1355 5232 Item
1381 5172 1457 5229 de
1481 5174 1720 5241 Purgat.

130 5263 618 5401 p.(itg?.i‘iicolaus
644 5320 952 5401 Cabasilas
977 5318 1039 5401 in
1070 5332 1294 5374 comm.
1321 5330 1438 5401 cap
1455 5315 1552 5401 ει,
1574 5312 1714 5401 ξιξ-ξιξ

130 5384 437 5483 κὴῦξεέυοᾶ
466 5396 725 5476 dicimus
749 5392 1138 5483 Rationalem,
1160 5384 1724 5483 mavuilt‘z‘ierbalem

135 5456 475 5546 intelligere,
533 5465 681 5546 quia
702 5463 851 5546 nihil
893 5460 1059 5520 aliud
1111 5456 1147 5516 a
1172 5456 1725 5546 sacerrdpéteiquam

133 5528 813 5603 verbausacramentalia
846 5547 1182 5608 precesque
1205 5529 1359 5588 ﬂant
1384 5528 1449 5586 in
1489 5528 1604 5586 hoc
1628 5540 1722 5583 sa-

1900 4414 1988 4470 13.
2019 4411 2112 4468 Sic
2134 4410 2189 4468 ei
2216 4404 2712 4467 accommodatus
2745 4404 2834 4460 est
2860 4415 2899 4458 a
2938 4396 3218 4456 Patribus
3248 4394 3478 4465 trisagii

1827 4518 2073 4579 quoque
2092 4502 2380 4575 hymnus,
2402 4501 2469 4554 ut
2494 4499 2547 4552 te
2563 4494 2660 4551 ille
2680 4493 2786 4567 qui
2806 4492 2867 4548 in
2887 4487 3149 4563 tropario
3170 4485 3474 4579 laudatur,

1832 4574 1993 4652 unus
2016 4591 2093 4649 de
2118 4592 2327 4647 sancta
2352 4585 2634 4643 Trinitate
2665 4580 3044 4655 praedicetur,
3079 4574 3479 4634 consubstan-

1830 4684 1982 4742 tialis
2004 4682 2160 4738 Patri
2181 4683 2237 4736 et
2261 4680 2471 4735 sancto
2494 4672 3001 4748 Spiritui,naturee
3022 4666 3297 4740 ejusdem
3318 4668 3376 4721 et
3392 4664 3479 4719 in-

1831 4769 2206 4846 separabilis.
2223 4769 2253 4823 J
2259 4783 2361 4824 am
2374 4763 2562 4822 verba
2579 4785 2601 4813 ι
2619 4764 2861 4818 sanctus
2874 4762 3051 4829 Deus,
3071 4776 3094 4846 ν
3115 4755 3157 4812 ii
3171 4754 3277 4846 qui
3288 4754 3480 4846 hypo-

1831 4840 2071 4919 staticas
2098 4856 2492 4932 proprietates
2521 4851 2920 4922 distinguunt,
2945 4844 3100 4920 patri
3126 4840 3475 4932 attribuunt:

1830 4956 1963 5011 tum
1972 4924 2158 5007 verba
2168 4969 2197 4998 «
2212 4924 2467 5004 Sanctus
2478 4941 2666 5009 fortis,
2676 4962 2703 4991 ››
2718 4936 2979 5013 propriae
2991 4928 3305 5007 hypostasi
3347 4924 3473 4984 Filii

1833 5093 2075 5153 oriﬁcio.
2114 5088 2406 5148 Nimirum
2444 5086 2634 5159 λόγος,
2683 5086 2743 5159 et
2787 5079 2943 5137 ratio
2974 5079 3079 5147 est,
3133 5076 3211 5159 etﬂ
3226 5069 3480 5159 uerbum

1836 5139 2634 5223 Qéii'ib'ciiiééiibéiériortd
2647 5157 2849 5211 autem
2876 5139 3125 5206 sensum
3171 5139 3483 5223 Qabasilas

1832 5210 2108 5319 ii‘e‘etﬁm-
2138 5233 2316 5319 ᾼιίίεέτ
2330 5210 2924 5319 ,ίαῶἒὶἕέθεξιξξιξιιιξν
2953 5234 3091 5319 :22.
3117 5210 3484 5319 «193311.83?

1836 5287 2477 5379 Sj'dé‘ﬁ'éihiﬁé'igtpns,
2509 5297 2619 5379 ed.
2639 5287 2923 5379 Pariskp.
2950 5293 3092 5379 360:
3139 5287 3357 5371 λατινοῐ
3385 5287 3479 5356 χέ-

1835 5360 2419 5453 γουσιῂϋραξιονάϐιλε·
2461 5360 2477 5373 ’
2510 5368 2751 5428 Ἕλληνες
2816 5360 2883 5418 δῖ
2950 5362 3168 5435 λεγουσι
3229 5360 3485 5434 φρόνησιν

1836 5451 1927 5505 καὶ
1956 5451 2261 5522 λογιότητα.
