4028 6308
521 208 626 283 εδδ
1790 203 2149 263 THEDDOBI
2182 204 2601 267 mummsrs

523 327 1038 403 Verbiassignant.
1055 327 2177 400 DeniquezcSanctusimmortalis,vivi-

2311 330 2516 400 πτάσεῳς
2578 334 2670 380 τοῦ
2748 330 2872 385 Υίοῦ
2930 331 3021 383 xui
3079 330 3251 400 Λόγου
3327 326 3655 401 ἀφορίζουσι·
3705 330 3776 381 τὸ

524 418 625 475 ﬁci
653 422 711 475 et
740 416 1269 475 consubstantialis
1300 417 1551 489 Spiritus
1579 432 1857 492 personae
1883 416 2172 475 tribuunt:

528 523 884 582 quanquam
911 511 967 561 et
989 505 1313 578 unicuique
1336 506 1515 563 trium
1565 521 1963 579 personarum
1999 506 2178 563 unius

530 594 1174 667 deitatis,triplicatum
1230 595 1346 651 hoc
1389 594 1759 652 vocabulum
1819 599 2117 651 «sanctus
2148 617 2176 646 »

532 684 829 743 convenit.
850 683 1077 740 Harum
1098 684 1259 740 enim
1285 699 1672 758 unaquaeque
1701 689 1758 741 et
1784 689 1993 741 sancta
2013 689 2181 741 estet

529 773 697 830 fortis
726 777 785 830 et
810 771 1191 829 immortalis.
1223 773 1590 844 Conjunctus
1614 779 1818 833 autem
1847 772 1957 833 fuit
1985 777 2184 845 tropa-

3802 202 3981 269 536

3880 321 3977 379 δὲ

2281 415 2469 488 Ἀγιος
2544 414 2791 476 ἀθάνατος
2833 423 2894 488 τῇ
2950 424 3042 469 τοῦ
3101 416 3358 478 ζωοποιοῦ
3437 420 3529 471 xui
3599 417 3969 488 ὀμοουσὶου

2286 509 2583 579 Πνεύματος
2663 501 2982 579 ἀφιεροῦσιν.
3048 505 3320 580 Ἀρμόττει
3389 501 3449 558 δε
3534 511 3627 565 xui
3683 503 3766 577 ἐφ’
3858 505 3973 556 ἑνὶ

2287 594 2490 666 ἑκάστῳ
2566 602 2665 647 τῶν
2733 602 2888 667 τριῶν
2962 613 3257 668 προσωπων
3308 601 3403 654 τῆς
3480 600 3602 667 μιᾶς
3645 595 3972 653 θεότητος

2286 685 2354 734 τὰ
2436 686 2557 759 τρία
2653 686 2806 734 ταυτὶ
2856 682 3004 753 ἅγιον
3068 685 3284 739 ἕκαστον
3356 685 3459 756 γὰρ
3539 685 3739 735 τούτων
3816 685 3963 735 καὶ

2288 772 2432 844 ἅγιός
2500 769 2631 836 ἐστι,
2703 776 2793 822 καὶ
2878 770 3098 845 ἰσχυρός
3152 776 3242 829 xui
3290 770 3563 845 ἀθάνατος,
3620 779 3969 831 Συνῆπται

529 862 620 918 rio
646 860 865 931 trisagii
898 860 1185 932 hymnus,
1209 861 1290 916 ob
1322 861 1784 931 signiﬁcandam
1804 866 2032 918 naturae
2054 860 2183 916 uni-

530 951 785 1021 tatemlet
798 949 1479 1005 consubstantialitatem
1496 948 1617 1005 Filii
1640 965 1776 1006 cum
1799 949 2183 1022 duabuslper-

535 1038 699 1094 sonis
718 1037 982 1110 reliquis.
1012 1040 1234 1094 Natura
1259 1054 1402 1094 sane
1426 1038 2040 1094 etsubstantiatribus
2063 1053 2184 1092 una

535 1131 646 1196 est,
673 1142 897 1182 nomen
912 1141 1055 1182 vero
1072 1141 1394 1182 commune
1420 1126 1669 1182 unicum
1691 1126 1884 1182 deitas
1906 1145 1923 1197 ;
1952 1125 2186 1182 etiamsi

537 1216 788 1290 singulae
818 1221 935 1273 tres
955 1232 1230 1289 personae
1259 1216 1637 1289 appellentur
1682 1216 1981 1288 perfectus
2027 1219 2184 1271 Deus

535 1311 602 1364 ln
629 1306 724 1363 his
751 1322 896 1363 vero
950 1305 1232 1361 brevibus
1283 1306 1477 1361 verbis
1513 1304 1798 1378 praeclare
1844 1304 2188 1375 intelligitur

538 1395 719 1452 etiam
740 1393 888 1451 illud
917 1394 1127 1465 magni
1142 1394 1424 1463 Theologi
1450 1393 1675 1450 dictum
1700 1412 1712 1450 :
1735 1396 1884 1451 Nam
1906 1392 2187 1451 dividitur

537 1483 812 1550 indivise,
836 1487 900 1538 ut
920 1482 1003 1538 ita
1030 1482 1264 1554 loquar,
1293 1487 1349 1538 et
1380 1482 1769 1555 conjungitur
1820 1481 2075 1538 divisim.
2124 1483 2188 1536 Et

540 1572 683 1629 alibi
710 1571 873 1627 idem
906 1574 1072 1627 Pater
1100 1589 1113 1625 :
1142 1574 1271 1626 Non
1292 1586 1548 1644 possum
1582 1571 1693 1626 tria
1740 1569 2028 1640 dividere,
2080 1567 2186 1624 sed

2290 863 2381 932 μὲν
2448 854 2534 911 οὖν
2590 866 2663 929 τῷ
2706 864 2972 933 τροπόιρίῳ
3043 864 3134 911 xui
3190 861 3215 912 ό
3255 863 3528 934 τρισάγιος
3580 861 3765 932 ὕμνος,
3856 860 3963 919 εἰς

2293 945 2525 1007 δήλωσιν
2563 955 2654 1008 τῆς
2701 956 2959 1020 συμφυῖας
3004 953 3093 1000 καὶ
3149 949 3557 1020 ὁμοουσιοτητος
3611 956 3705 1007 τοῦ
3765 954 3965 1002 Tim.)

2291 1040 2421 1110 μετά
2467 1044 2567 1088 τῶν
2624 1035 2813 1087 λοιπῶν
2863 1038 3200 1089 ὑποστάσεων
3252 1033 3367 1089 δύο·
3417 1040 3574 1111 φύσις
3794 1040 3958 1111 γὰρ

2292 1130 2382 1177 xui
2459 1123 2615 1176 οὐσία
2691 1131 2796 1183 τοῖς
2861 1130 3004 1197 τρισὶ
3071 1130 3185 1196 μία,
3259 1129 3420 1196 ὄνομα
3481 1123 3541 1178 δὲ
3600 1128 3777 1179 κοινόν
3886 1129 3961 1177 ἓν

2292 1216 2323 1272 ἡ
2398 1214 2593 1273 θεότης·
2645 1212 2688 1264 εἰ
2751 1216 2841 1264 καὶ
2905 1215 3121 1265 ἕκαστον
3192 1221 3291 1265 τῶν
3370 1222 3525 1288 τριῶν
3585 1220 3949 1289 προσώπων

2295 1306 2424 1364 Θεὸς
2464 1301 2780 1374 ὀναμάζεται
2820 1301 3027 1362 τέλειος.
3088 1301 3169 1354 Ἐν
3221 1305 3422 1363 τούτοις
3475 1299 3534 1356 δὲ
3589 1310 3702 1365 τοῖς
3754 1301 3957 1379 βρα-

2295 1394 2422 1462 χέσι
2471 1390 2677 1464 ῥήμασι
2717 1389 2888 1452 καλῶς
2916 1398 3107 1442 νοεῖται
3151 1395 3241 1441 καὶ
3298 1393 3357 1442 τὸ
3405 1391 3549 1464 παρά
3600 1398 3694 1444 τοῦ
3740 1392 3959 1462 μεθιεὶ-

2293 1479 2383 1531 λου
2453 1477 2691 1548 θεολόγον
2767 1479 2899 1530 οὕτω
2974 1497 3081 1539 πως
3117 1478 3400 1552 εἰρημένον
3467 1485 3757 1552 Διαιρεῖται
3796 1482 3955 1553 γὰρ

2296 1563 2626 1641 ἀδιαιρέτως,
2679 1566 2740 1618 ἵν’
2790 1566 2953 1627 οὕτως
3001 1568 3145 1626 εῖπω,
3200 1573 3289 1619 xui
3340 1570 3654 1620 συνάπτεται
3693 1565 3955 1641 διῃρη-

537 1660 601 1716 in
623 1675 813 1716 unum
862 1659 1124 1715 confero.
1171 1662 1356 1716 Nemo
1392 1675 1534 1715 vero
1565 1657 1904 1715 testimonia
1933 1658 2061 1714 haec
2087 1656 2184 1713 tri-

2311 1659 2477 1716 ιένωςο
2532 1660 2621 1707 xui
2678 1654 2907 1728 ἀλλοχοῦ
2964 1658 2989 1708 ὁ
3053 1657 3220 1721 αὐτός·
3291 1657 3367 1708 Οὐ
3420 1658 3591 1731 φθάνω
3660 1660 3731 1710 τὰ
3780 1662 3955 1733 τρία

543 1748 697 1818 sagii
727 1748 1000 1804 audiens.
1034 1747 1582 1804 existimetinitium
1614 1748 1846 1820 cepisse
1869 1746 2187 1817 trisagium

539 1836 817 1893 aChristi
871 1835 971 1892 Dei
1028 1836 1218 1914 nostri
1270 1835 1795 1892 inhumanatione.
1851 1835 2188 1908 Antiquitus

540 1924 698 1981 enim
720 1940 757 1981 θ,
779 1923 1073 1998 deiloquis
1103 1924 1410 1997 prophetis
1439 1926 1691 1997 mystice
1716 1924 1777 1979 in
1810 1924 2017 1996 spiritu
2042 1939 2189 1996 prae-

539 2018 846 2070 cantatum
876 2018 1021 2069 erat.
1054 2014 1242 2085 Hujus
1256 2013 1415 2070 cnim
1445 2013 1707 2070 formam
1730 2028 1802 2069 ac
1826 2012 2013 2068 verba
2033 2012 2189 2067 evol-

535 2119 683 2159 vens
733 2101 940 2170 David,
1010 2102 1273 2158 breviter
1332 2102 1511 2169 .idem
1577 2101 1863 2158 exhibet:
1927 2100 2185 2167 «Sitivit,

536 2191 768 2258 dicens,
801 2192 1007 2248 anima
1036 2207 1172 2247 mea
1201 2191 1279 2246 ad
1310 2191 1498 2246 Deum
1524 2190 1736 2247 fortem
1753 2191 1950 2246 vivum
1980 2192 2045 2245 ³³.
2068 2211 2095 2240 ››
2124 2191 2192 2245 Et

537 2280 725 2337 alibi:
779 2303 806 2334 ς
832 2281 1025 2337 Verbo
1066 2279 1305 2336 Domini
1354 2279 1488 2335 caeli
1538 2278 1757 2336 ﬁrmati
1789 2285 1946 2345 sunt,
1973 2284 2030 2334 et
2073 2277 2190 2351 spi-

537 2369 654 2425 ritu
673 2369 794 2424 oris
822 2369 952 2439 ejus
968 2368 1166 2424 omnis
1195 2368 1385 2423 virtus
1411 2382 1622 2423 eorum
1641 2369 1706 2418 ‘3.
1738 2387 1766 2416 »
1799 2370 1867 2423 Et
1896 2366 2012 2424 alio
2032 2367 2186 2422 loco:

541 2478 569 2507 ‹‹
592 2459 658 2512 In
685 2456 911 2513 lumine
943 2461 1043 2511 tuo
1075 2455 1417 2511 videbimus
1461 2456 1673 2511 lumen
1718 2458 1782 2511 η.
1837 2478 1864 2505 ››
1920 2458 2050 2511 Jam
2094 2454 2192 2510 ille

539 2548 815 2602 cantatus
864 2544 943 2599 ab
973 2544 1127 2600 Isaia
1152 2544 1422 2616 hymnus
1454 2544 1803 2617 seraphicus
1834 2546 1901 2614 ³⁵,
1923 2544 2027 2617 qui
2058 2559 2191 2599 san-

539 2639 636 2690 cta
664 2634 778 2690 tria
806 2637 860 2689 et
890 2649 1076 2689 unam
1107 2632 1583 2689 dominationem
1609 2633 1839 2690 confert
1861 2639 2041 2706 atque
2072 2632 2192 2688 dei-

538 2726 1103 2795 tatem,quamnam
1133 2737 1258 2794 prie
1289 2738 1351 2778 se
1377 2722 1489 2779 fert
1542 2722 1942 2779 differentiam
1992 2723 2071 2778 ab
2122 2737 2191 2778 eo

539 2811 709 2885 quod
738 2827 775 2867 a
804 2810 981 2866 nobis
1010 2814 1286 2867 cantatur
1334 2811 1580 2882 trisagio
1605 2813 1632 2869 ?
1681 2812 1889 2885 Itaque
1944 2810 2192 2884 troparii

541 2916 682 2957 cum
711 2899 956 2970 trisagio
987 2900 1357 2956 connectitur
1403 2900 1608 2971 dictio,
1660 2905 1979 2974 propterea
2026 2898 2192 2973 quod

541 2994 865 3062 utrumque
887 2988 965 3044 ad
995 2988 1280 3046 deitatem
1306 2989 1553 3046 refertur
1582 3007 1595 3057 ;
1629 3005 1822 3064 eaque
1843 2989 2024 3045 dictio
2071 3004 2193 3044 me-

2311 2988 2537 3059 συνάγων
2611 2995 2701 3043 xui
2790 2991 3027 3063 ϐιότητα,
3104 2992 3222 3040 τίνα

542 3076 709 3133 dium
738 3077 952 3134 dividit
980 3078 1247 3153 episcopi
1270 3078 1695 3151 procedentem
1717 3079 2047 3135 introitum.

542 3170 734 3241 παρίου
814 3169 945 3240 μετὰ
1006 3174 1096 3219 τοῦ
1168 3171 1446 3239 τρισαγίου
1507 3176 1772 3227 συνῆπται
1825 3168 1850 3218 ό
1922 3165 2069 3238 λόγος
2127 3161 2220 3217 διὰ
2266 3168 2361 3224 τὴν
2417 3170 2547 3238 πρὸς
2601 3171 2695 3225 τὴν
2748 3170 2967 3227 θεότητα
3033 3171 3229 3220 τούτων
3279 3165 3559 3241 ἀναφορὰν,

542 3259 636 3313 τήν
658 3253 705 3305 ἐν
726 3259 868 3328 μέσῳ
895 3253 1279 3331 προϐαίνουσαν
1299 3263 1388 3307 τοῦ
1416 3254 1701 3331 ἀρχιερέως
1731 3252 1957 3308 εἴσοδον·

622 3346 707 3397 14.
740 3343 821 3398 De
850 3344 966 3398 hoc
991 3359 1134 3415 ergo
1187 3345 1453 3416 introitu,
1507 3349 1687 3417 prout
1744 3348 1900 3400 Deus
1947 3342 2199 3413 dederit,

548 3435 891 3502 nostraeque
917 3431 1115 3487 valent
1133 3432 1315 3503 vires,
1336 3432 1686 3506 loquamur.
1720 3435 2008 3488 Putamus
2039 3432 2199 3486 enim

553 3517 763 3573 Christi
796 3519 895 3574 Dei
920 3520 1108 3574 nostri
1133 3522 1538 3577 ostensionem
1570 3521 1737 3593 apud
1769 3522 2117 3589 Jordanem,
2150 3524 2208 3575 et

552 3605 1127 3676 manifestationem,
1161 3608 1239 3663 ab
1268 3609 1536 3683 episcopi
1569 3610 1809 3665 introitu
1839 3610 2027 3665 innui.
2061 3610 2206 3665 Hinc

553 3695 774 3769 itaque,
801 3699 868 3751 ut
896 3696 1155 3761 videtur,
1187 3696 1445 3753 ﬂumina
1476 3698 1859 3772 appellantur
1883 3698 1984 3755 illa
2008 3698 2070 3754 in
2096 3701 2209 3755 Ma-

556 3801 692 3856 gnae
712 3785 988 3842 Ecclesiae
1013 3793 1358 3860 pav1mento
1372 3789 1574 3843 stricta
1600 3794 1657 3843 et
1674 3788 1847 3858 nigra
1866 3803 2204 3843 marmorea

554 3874 732 3948 quasi
782 3873 1047 3943 ordines,
1091 3876 1498 3932 mediocribus
1553 3876 1877 3937 intervallis
1936 3877 2088 3932 inter
2146 3891 2208 3931 se

555 3960 860 4020 distantia.
880 3967 1027 4021 Nam
1050 3980 1243 4039 usque
1265 3965 1339 4020 ad
1358 3966 1665 4022 introitum
1685 3982 2037 4038 quanquam
2062 3980 2209 4037 pon-

2299 1740 2503 1811 διελέῖν,
2557 1748 2646 1796 xui
2694 1744 2763 1805 εἰς
2818 1749 2876 1796 τὸ
2930 1747 2977 1798 ἓν
3026 1744 3365 1819 ἀναφέρομαι.
3435 1745 3591 1799 Ἀλλά
3662 1751 3737 1821 μή
3797 1766 3951 1823 ⁸εἰς,

2295 1835 2384 1891 τὰς
2434 1836 2727 1908 μαρτυρίας
2775 1836 2965 1896 ταύτας
3023 1841 3115 1885 τοῦ
3169 1838 3448 1907 τρισαγίου
3532 1833 3759 1903 ἀκούων,
3826 1853 3943 1885 νο-

2297 1924 2430 1994 μίσῃ
2489 1924 2584 1977 τὴν
2637 1920 2806 1995 ἀρχὴν
2862 1921 3032 1974 λαϐεῖν
3090 1920 3190 1974 ἀπὸ
3234 1929 3330 1984 τῆς
3377 1930 3468 1975 τοῦ
3510 1929 3752 1999 Χριστοῦ
3815 1927 3949 1974 καὶ

2298 2015 2430 2061 Θεοῦ
2513 2011 2661 2083 ἡμῶν
2737 2009 3191 2085 ἐνανθρωπήσεως·
3252 2011 3416 2064 πάλαι
3485 2014 3583 2084 γὰρ
3645 2013 3746 2063 ὑπὸ
3803 2020 3940 2063 τῶν

2300 2100 2559 2172 θεηγόρων
2635 2108 2910 2172 προφητῶν
2980 2108 3249 2172 μυστικῶς
3326 2108 3398 2171 τῷ
3458 2104 3714 2171 πνεύματι
3776 2120 3943 2175 προς

2299 2190 2713 2260 αναφωνούμενον
2773 2184 2854 2246 ἧν·
2911 2192 3096 2241 τούτου
3146 2191 3247 2263 γὰρ
3296 2193 3383 2241 τόν
3444 2192 3606 2242 τύπον
3672 2194 3768 2242 xui
3814 2192 3941 2251 τὰς

2297 2277 2476 2350 ῥήσεις
2536 2278 2754 2349 ἱστορῶν
2788 2278 2813 2328 ὁ
2841 2273 3028 2345 Δαϐὶδ,
3069 2274 3162 2330 διά
3199 2276 3566 2353 βραχυλογίαν
3607 2282 3943 2350 παρίστησι

2296 2372 2498 2416 τοῦτον
2571 2387 2599 2413 ‹‹
2631 2361 2910 2438 Ἐδίψησε,
2943 2387 2970 2416 ››
3037 2365 3216 2438 λέγων,
3268 2388 3290 2415 ‹
3324 2367 3354 2424 ἡ
3414 2365 3571 2437 ψυχή
3625 2385 3728 2438 μου
3775 2373 3943 2440 πρὸς

2298 2458 2386 2507 τὸν
2441 2458 2570 2507 Θεὸν
2627 2459 2714 2507 τόν
2762 2455 3006 2531 ἰσχυρόν,
3053 2459 3141 2508 τόν
3195 2457 3385 2517 ζῶνταο
3415 2478 3436 2506 ι
3497 2461 3588 2508 xui
3640 2455 3936 2529 ἀλλαχοῡο

2305 2566 2325 2592 ι
2378 2549 2461 2613 Τῷ
2536 2542 2673 2615 λόγῳ
2761 2550 2956 2619 Κυρίου
3029 2544 3240 2618 οὐρανοὶ
3318 2547 3728 2620 ἐστερεώθησαν,

2299 2639 2372 2702 τῷ
2416 2634 2671 2706 πνεύματι
2715 2642 2806 2685 τοῦ
2864 2638 3122 2707 στόματος
3179 2633 3339 2686 αὐτοῦ
3380 2639 3527 2687 πᾶσα
3582 2636 3613 2693 ἡ
3676 2631 3937 2707 δύναμις

2300 2720 2492 2772 αὐτῶνθ
2526 2741 2553 2770 ››
2608 2726 2698 2774 xui
2779 2722 3009 2796 ἑτέρωθι.
3072 2745 3092 2771 ι
3148 2722 3229 2776 Ἐν
3293 2731 3364 2793 τῷ
3444 2727 3574 2797 φωτί
3617 2726 3715 2774 σόν
3779 2722 3934 2794 6350'-

3821 2552 3939 2597 καὶ

2300 2810 2432 2883 μεθα
2478 2817 2598 2882 φῶς.
2642 2832 2671 2860 ››
2721 2811 2780 2864 Ὀ
2826 2809 2874 2864 δ’
2921 2813 3020 2865 ὑπό
3067 2810 3285 2864 Ἠσαίου
3334 2809 3641 2883 sxw-mea;
3695 2831 3939 2885 σεραφι-

2299 2900 2392 2960 κός
2455 2896 2633 2971 ὕμνος,
2671 2905 2762 2953 καὶ
2818 2904 2884 2952 τὰ
2940 2904 3063 2974 τρία
3107 2898 3237 2973 ἅγια
3282 2899 3354 2962 εἰς
3413 2905 3537 2973 μίαν
3617 2907 3937 2972 κυριότητα

3319 2985 3576 3062 διαφοράν
3631 2993 3774 3063 φέρει
3822 2997 3937 3042 τοῦ

2300 3076 2423 3150 παρ’
2482 3078 2627 3150 ἡμῶν
2675 3075 2931 3152 ᾀδομένου
2977 3083 3307 3153 τρισαγίους
3367 3084 3469 3129 Τοῦ
3523 3080 3614 3150 μὲν
3658 3073 3750 3129 οὖν
3797 3098 3941 3152 τρο-

3643 3164 3931 3240 διατεμὼν

2383 3339 2469 3396 ιδ’·
2528 3347 2773 3417 Λεγέσθω
2830 3353 3107 3419 τοιγαροῦν
3158 3350 3276 3420 περὶ
3338 3349 3531 3408 ταύτης
3601 3345 3702 3397 ὃσα
3790 3342 3930 3403 δοίη

2312 3436 2434 3495 Θεὸς
2487 3437 2623 3486 κατὰ
2673 3437 2725 3486 τό
2774 3436 2898 3507 ἡμῖν
2968 3433 3258 3511 ἐγχωροῦν.
3345 3440 3613 3508 Λοκοῡμεν
3657 3436 3763 3508 γὰρ
3820 3440 3932 3492 τὴν

2314 3521 2398 3573 ἐπὶ
2465 3529 2558 3573 τοῦ
2617 3519 2883 3596 Ἰορδάνου
2953 3519 3214 3585 ἀνάδειξιν
3294 3527 3384 3575 xui
3459 3527 3745 3596 φανέρωσιν
3825 3530 3932 3575 τοῦ

2313 3617 2549 3685 Χριστοῦ
2602 3615 2691 3663 xui
2742 3619 2875 3663 Θεοῦ
2922 3612 3064 3683 ἡμῶν
3110 3615 3202 3672 τὴν
3244 3619 3336 3663 τοῦ
3383 3610 3658 3686 ἀργιερέως
3699 3608 3930 3663 εἶσοδον

2314 3699 2731 3755 ὑπαινίττεσθαι.
2806 3700 2895 3755 Ἐκ
2969 3703 3155 3752 τούτου
3214 3697 3321 3768 οὖν,
3376 3703 3440 3761 ὡς
3484 3699 3635 3769 ἔοικε,
3684 3708 3930 3770 ποταμοί

2317 3788 2661 3859 ὀνομάζονται
2741 3792 2804 3841 τά
2882 3788 2932 3839 ἐν
3008 3796 3081 3860 τῷ
3124 3786 3304 3863 ἐδάφει
3372 3797 3466 3851 τῆς
3519 3788 3761 3858 Μεγάλης
3802 3788 3928 3842 Ἐκ-

2316 3876 2539 3939 κλησίας
2629 3882 2837 3951 κείμενα
2928 3881 3234 3952 μααμάρινα
3307 3880 3461 3930 στενά
3538 3883 3627 3929 καὶ
3718 3876 3930 3951 μέλανα

2321 3961 2476 4023 δίκην
2533 3962 2773 4042 ὀρδίνων,
2832 3971 2922 4018 καὶ
2987 3966 3211 4039 μετατξὺ
3259 3970 3475 4045 μετρίων
3536 3962 3928 4038 διαστημάτων

559 4051 703 4107 tifex
721 4053 989 4108 Christus
1004 4030 1341 4119 erat,.haud
1373 4055 1659 4110 omnibus
1691 4030 2044 4110 manifestus
2064 4030 2197 4108 erat

2322 4054 2549 4113 ἀλλήλων
2621 4052 2981 4131 διαιρούμενα*
3046 4060 3209 4130 μέχρι
3278 4058 3379 4130 γὰρ
3439 4063 3531 4115 τῆς
3586 4050 3821 4124 εἰσόδου,
3884 4056 3931 4108 εἰ

546 4144 618 4195 ‘et
637 4142 911 4210 cognitus
937 4160 951 4209 ;
980 4144 1219 4198 tametsi
1241 4144 1299 4198 in
1325 4144 1524 4199 medio
1555 4159 1828 4213 versans,
1851 4146 2208 4216 supernatu-

560 4228 714 4284 ralia
767 4234 825 4285 et
866 4231 1168 4287 immensa
1214 4232 1494 4287 faciebat.
1533 4235 1693 4288 Tunc
1724 4239 1900 4305 capto
1945 4238 2213 4303 tempore

565 4316 870 4387 sacerdos,
902 4321 1006 4391 qui
1032 4319 1091 4377 in
1117 4320 1318 4375 medio
1350 4321 1517 4377 altari
1551 4322 1917 4378 consistebat
1940 4328 2077 4378 ante
2093 4318 2215 4391 epi-

566 4405 737 4477 scopi
762 4405 1091 4477 introitum,
1110 4408 1272 4463 velut
1303 4411 1638 4464 Praecursor
1666 4414 1807 4465 tunc
1837 4409 2217 4465 ministrabat

564 4492 929 4566 paenitentiae
955 4494 1280 4566 baptisma,
1341 4496 1744 4552 introeuntem
1795 4514 2045 4553 cernens
2096 4499 2210 4573 epi-

568 4596 846 4653 scopum,
870 4582 1123 4649 secedit;
1152 4585 1593 4655 propemodum
1622 4585 1767 4640 illud
1790 4586 1961 4641 tacite
1987 4586 2212 4652 dicens,

566 4670 733 4749 quod
747 4671 1008 4727 Joannes
1031 4671 1232 4726 aiebat
1260 4690 1272 4727 :
1299 4695 1325 4721 «
1359 4672 1530 4728 Hunc
1562 4679 1795 4746 oportet
1821 4691 2216 4742 crescere,me

567 4764 768 4818 autem
788 4759 977 4815 minui
1002 4762 1076 4829 '3;
1098 4782 1118 4810 ι
1152 4760 1409 4834 ideoque
1436 4762 1745 4819 confestim
1765 4763 2218 4836 ceditepiscopo

567 4849 804 4920 majora
834 4850 1092 4922 operari.
1116 4852 1247 4905 Jam
1278 4866 1415 4906 cum
1443 4852 1503 4907 in
1530 4852 1771 4907 introitu
1798 4857 2019 4907 canunt
2059 4852 2217 4925 psal-

566 4942 673 4994 tae:
743 4961 771 4989 «
818 4937 1020 4994 Venite
1074 4939 1444 4995 exsultemus
1501 4942 1775 5007 Domino,
1854 4941 2040 4997 verba
2086 4947 2221 5015 post

568 5026 942 5103 baptismum
965 5028 1261 5101 signiﬁcat
1275 5030 1708 5101 apostolorum,
1730 5047 1867 5103 quae
1894 5031 1967 5086 de
1991 5028 2220 5088 Christo

569 5117 1181 5189 «licebantzNamque
1212 5122 1351 5174 ante
1398 5119 1775 5175 vocationem
1826 5120 1924 5175 alii
1971 5121 2219 5193 quidem

571 5205 857 5261 aiebant:
912 5208 1186 5278 «Venite,
1231 5207 1592 5268 invenimus.
1650 5225 1829 5281 quem
1892 5210 2220 5283 exoptaba—

571 5309 740 5363 mus;
776 5286 893 5349 alii
958 5312 1117 5352 vero.
1172 5296 1379 5353 «Veni
1405 5303 1461 5354 et
1499 5296 1701 5353 vide.»
1756 5298 1865 5354 Alii
1920 5297 2215 5371 denique:

2320 4150 2410 4197 xui
2458 4142 2518 4202 ἧν
2569 4143 2861 4219 ἀρχιερεύς,
2913 4143 3020 4197 ἀλλ’
3051 4143 3180 4216 οὐχὶ
3224 4150 3359 4196 πᾶσι
3417 4140 3578 4203 δῆλος
3648 4148 3738 4194 καὶ
3784 4150 3931 4215 γνώ-

2320 4253 2492 4309 ριμος·
2552 4233 2595 4286 εἰ
2665 4230 2724 4284 δὲ
2794 4233 2865 4294 εἰς
2921 4238 3078 4307 μέσον
3141 4231 3323 4298 ἑστὼς,
3390 4237 3479 4283 xui
3545 4234 3611 4283 τὰ
3681 4232 3925 4307 ὑπερφυῆ

2322 4327 2413 4374 xui
2469 4321 2675 4384 ἐξαίσια
2731 4318 3002 4373 διατελῶν·
3058 4319 3165 4372 ἀλλ’
3245 4322 3271 4372 ό
3341 4323 3427 4372 τὸν
3497 4319 3676 4395 καιρόν
3748 4319 3928 4372 λαϐὼν

2326 4414 2506 4486 ἱερεῦς,
2558 4411 2588 4462 ὖ
2637 4415 2727 4461 καὶ
2796 4414 2953 4481 μέσον
3017 4416 3109 4461 τοῦ
3182 4411 3565 4483 θυσιαστηρίου
3626 4410 3924 4479 ἱστάμενος.

2320 4503 2420 4573 πρὸ
2484 4506 2578 4561 τῆς
2649 4494 2861 4550 εἰσόδου
2936 4505 3030 4550 τοῦ
3104 4496 3407 4572 ἀρχιερέως,
3480 4500 3551 4559 ὡς
3612 4493 3926 4571 Πρόδρομος

2325 4587 2526 4664 ἐνήργει
2574 4590 2630 4639 το
2673 4584 2767 4639 διὰ
2811 4591 3080 4661 μετανοίας
3144 4585 3450 4661 βάπτισμα·
3518 4585 3568 4647 ὂς
3624 4585 3925 4639 εἰσελθόντα

2329 4675 2453 4730 ἰδὼν
2517 4680 2604 4728 τὸν
2663 4675 2933 4752 ἀρχιερέα,
2992 4677 3328 4747 μεθίσταται·
3411 4680 3697 4751 μονονουχὶ
3779 4676 3924 4727 τοῦτ’

2328 4766 2485 4819 έκεῖνο
2555 4768 2725 4841 ἡρέμα
2769 4761 3150 4837 διαλεγόμενος,
3189 4764 3344 4839 ,ὅπερ
3391 4766 3550 4837 ἔφησε
3607 4768 3695 4815 xui
3747 4763 3924 4816 Ἰωάν-

2326 4875 2439 4922 νης,
2469 4878 2497 4904 ‹‹
2523 4862 2716 4907 Τοῦτον
2747 4849 2829 4906 δεῖ
2860 4853 3195 4920 αὐξάνεσθαι,
3247 4850 3333 4924 ἐμὲ
3390 4848 3450 4905 δὲ
3506 4851 3867 4904 ἐλαττοῦσθαι·
3894 4874 3922 4903 »

2329 4940 2415 4995 διό
2472 4946 2563 4993 καὶ
2614 4941 2759 5001 εὐθὺς
2804 4946 3118 5015 παραχωρεῖ
3174 4947 3247 5010 τῷ
3312 4940 3551 5013 ἀρχιερεῖ
3595 4941 3659 4991 τὰ
3709 4943 3925 5011 μείζονα

2328 5032 2724 5104 τελεσιουργείν,
2764 5033 2862 5082 Τόν
2930 5025 2989 5082 δὲ
3035 5024 3286 5102 ᾀδόμενον
3342 5032 3487 5103 παρά
3538 5036 3636 5081 τῶν
3690 5028 3921 5099 ψαλτῶν,

2327 5144 2354 5173 ‹‹
2416 5129 2581 5189 Διὺτε,
2636 5118 3074 5190 ἀγαλλιασώμεθα
3141 5125 3213 5188 τῷ
3303 5122 3496 5192 Κυρίῳ,
3557 5140 3579 5167 ι
3638 5121 3756 5177 τοὺς
3797 5122 3925 5189 μιτά

2326 5214 2384 5262 τό
2435 5209 2717 5283 βάπτισμα
2763 5207 2951 5279 λύγους
2990 5206 3222 5279 ἐμφαίνει
3295 5214 3397 5258 τῶν
3458 5205 3779 5273 ἀποστόλων,
3838 5207 3923 5268 οὓς

2326 5298 2495 5371 ἔλεγον
2547 5302 2665 5374 περὶ
2718 5303 2808 5349 τοῦ
2868 5302 3126 5371 Χριστοῠο
3193 5298 3285 5347 xui
3341 5298 3443 5371 πρὸ
3505 5302 3598 5348 τοῦ
3669 5291 3923 5353 κληθῆναι

646 5467 1076 5543 1’Psal,x1..r,3.
1153 5474 1672 5547 13P3a1.xxx11,5.
1769 5474 2186 5565 ftPsal.xxxv,_

2388 5477 2431 5521 ⁸³
2462 5475 2576 5537 Isa.
2605 5490 2687 5542 γι,
2716 5478 2769 5533 3.
2804 5474 2849 5513 ³⁸
2875 5475 3047 5562 Joan.
3084 5487 3171 5545 ut,
3203 5475 3293 5557 3Q.
