4028 6308
67 279 195 335 ‘37

72 404 123 454 si
161 406 273 475 μὴν
312 402 511 475 ἕλε-νον,
543 423 575 453 α
611 407 782 473 Δεῦτε,
829 404 1119 477 εὑρήκαμεν
1159 406 1246 456 τὸν
1291 400 1626 474 ποθούμενον
1678 423 1709 452 n
1737 398 1785 456 A

76 495 125 544 οἱ
156 490 260 559 δὲ,
296 515 319 544 ε
351 492 569 565 Ἔρχου
600 497 686 545 καὶ
717 488 820 545 ἴδεν
856 515 886 545 »
912 499 1003 548 καὶ
1031 494 1218 568 ἕτεροι,
1250 513 1271 541 ι
1311 490 1523 559 Ἦλθον,
1556 509 1712 563 φησι,

76 583 173 631 καὶ
250 576 398 634 εἶδον
442 588 550 635 που
612 583 772 653 μένει,
824 585 917 633 καὶ
970 581 1095 653 παρ’
1158 580 1300 649 αύτῷ
1362 581 1563 651 ἔμειναν
1620 582 1714 636 τὴν

80 671 300 741 ἑμέραν
362 670 586 727 ἐκείνην·
650 689 681 720 »
733 673 824 722 καὶ
882 669 1049 723 τᾶλλα
1103 667 1274 728 ἁπλῶς
1328 668 1431 721 ὅσα
1488 665 1717 738 ἐχόμενα

77 764 181 809 τοῦ
245 755 634 830 βαπτίσματος
696 761 799 833 πρὸ
871 766 971 819 τῆς
1024 757 1307 819 καθολικῆς
1371 754 1601 816 κλήσεως
1665 756 1716 809 οἱ

78 848 343 919 μαθηται
400 852 534 923 πρός
600 847 850 910 ἀλλήλους
904 848 1096 919 ἔλεγον.
1162 850 1233 900 Τὸ
1284 843 1369 914 δὲ,
1414 868 1443 897 ι(
1471 846 1715 919 Προφθά-

81 954 275 1007 ευμεν
303 940 371 990 τὸ
399 941 684 1011 πρόσωπον
728 936 889 991 αὐτοῦ
945 936 994 990 ἄν
1044 935 1432 1008 ἐξομολογήσει,
1488 956 1518 986 »
1559 940 1714 989 τοῦτο

78 1022 281 1083 διελοῦ
349 1023 592 1095 Ἐπειδὴ,
660 1032 841 1099 φησὶν,
908 1026 1057 1089 οὗτος
1120 1028 1147 1077 ό
1210 1032 1299 1079 νῦν
1359 1028 1528 1097 φανεὶς
1589 1042 1715 1097 προ-

77 1120 312 1177 asinis;
377 1119 470 1188 μὲν
523 1115 640 1170 ἰστι
697 1120 850 1179 Θεὸς,
910 1121 1002 1168 καὶ
1050 1115 1271 1190 ούρανοῦ
1325 1118 1416 1167 καὶ
1469 1120 1571 1185 γῆς
1623 1117 1710 1166 καὶ

82 1202 387 1267 θαλάσσης
448 1202 794 1278 δημιουργός,
872 1208 1050 1277 γέγονε
1128 1208 1219 1257 καὶ
1281 1210 1368 1255 νῦν
1441 1202 1714 1276 ἄνθρωπος

77 1294 211 1345 καθ’
275 1295 445 1366 ἡμᾶς,
494 1295 667 1347 πάντα
718 1296 787 1346 τὰ
840 1300 939 1356 τῆς
980 1292 1305 1365 ἀντρωπίνης
1355 1293 1555 1363 φύσεως
1595 1288 1715 1343 ἴδια

80 1384 263 1451 ἔχων,
322 1381 462 1440 πλήν
529 1387 688 1455 μόνης
754 1390 852 1444 τῆς
917 1382 1200 1456 ἁμαρτίας·
1262 1380 1431 1453 με’λλει
1497 1376 1557 1434 δε
1614 1376 1714 1432 αὗ-

84 1471 177 1531 θις
227 1469 281 1522 ἐν
333 1472 579 1543 ὑστέροις
615 1478 817 1543 καιροῖς
871 1474 1003 1545 μετὰ
1057 1477 1149 1523 τοῦ
1207 1469 1369 1522 αὐτοῦ
1427 1472 1713 1541 προσώπου

83 1563 187 1611 καὶ
232 1566 338 1621 τῆς
392 1559 560 1621 αὐτῆς
606 1560 943 1620 ὑποστάσεως
993 1560 1248 1632 ἔρχεσθαι
1287 1564 1462 1629 κρῖυαι
1518 1557 1716 1618 ζῶντας

84 1653 187 1698 καὶ
236 1652 486 1720 νεκρούς,
518 1648 692 1700 οὐκέτι
891 1651 1112 1719 τοιούτῳ
1171 1652 1398 1719 σώματι,
1447 1646 1541 1698 οὐκ
1571 1648 1713 1698 ὰσὼ-

1325 275 1818 335 ΟΟΙΠΕΝΤΛΤΙΟ
1856 275 2254 335 Ll’l‘URGICA.

3356 279 3468 345 438

1894 423 1924 452 ι(
1937 402 2193 471 lverunt,
2205 398 2421 472 inquit,
2437 401 2496 456 et
2513 397 2792 459 viderunt
2814 399 2918 456 ubi
2937 403 3213 461 maneret
3229 405 3289 461 et
3305 405 3476 476 apud

1821 505 1963 546 eum
1982 492 2339 547 manserunt
2369 487 2467 543 die
2492 486 2598 544 illa
2619 488 2661 522 ¹⁷
2689 505 2705 555 ;
2737 508 2768 538 »
2799 491 2857 544 et
2883 487 3005 547 alia
3048 505 3471 565 quacumque,

1819 577 1980 634 circa
2006 580 2247 649 tempus
2298 574 2605 648 baptismi,
2635 578 2774 632 ante
2820 576 3165 646 generalem
3214 580 3476 638 vocatio-

1820 679 1982 727 nem.
2041 662 2288 737 dicipuli
2342 662 2497 719 inter
2549 678 2612 719 se
2685 662 2950 727 aiebant.
3004 667 3188 723 Porro
3235 667 3472 729 verba:

1826 777 1846 803 ι
1874 755 2369 826 Ρτωοοοιιροωιιε
2392 750 2608 809 faciem
2635 751 2687 822 ej
2696 767 2766 809 us
2789 751 2854 809 in
2871 752 3271 825 confessione,
3297 776 3327 806 »
3356 756 3475 814 hoc

1819 842 2088 899 indicant
2124 863 2137 897 :
2160 840 2479 912 Quoniam,
2505 840 2720 913 inquit,
2748 840 2848 896 hic
2875 841 2981 914 qui
3003 843 3306 916 apparuit,
3321 859 3477 903 sem-

1818 934 2088 1005 piternus
2116 934 2204 986 est
2233 932 2409 999 Deus,
2445 927 2579 985 cceli
2602 933 2772 986 terrae
2799 930 3108 1004 marisque
3136 936 3389 1004 creator,
3417 938 3477 1007 et

1817 1036 1981 1078 nunc
2028 1019 2221 1077 factus
2251 1023 2340 1075 est
2392 1018 2604 1074 similis
2634 1017 2812 1074 nobis
2856 1019 3061 1093 homo,
3102 1022 3312 1079 omnia
3358 1022 3473 1079 hu-

1818 1127 2017 1167 manas
2069 1113 2300 1166 naturae
2329 1108 2575 1181 propria
2601 1106 2857 1179 habens,
2888 1113 3140 1183 excepto
3168 1115 3416 1185 peccato
3456 1128 3473 1168 :

1818 1215 2148 1271 rursusque
2185 1196 2504 1271 postremis
2532 1196 2906 1269 temporibus
2937 1214 3079 1255 cum
3107 1198 3323 1258 eadem
3342 1215 3475 1274 per-

1820 1304 1972 1347 sona
1999 1293 2058 1344 et
2103 1286 2444 1343 substantia
2498 1285 2713 1343 eadem
2759 1290 3046 1344 venturus
3091 1292 3181 1345 est
3201 1289 3474 1360 judicare

1818 1378 1991 1435 vivos
2029 1382 2088 1435 et
2110 1381 2420 1434 mortuos:
2451 1375 2622 1433 haud
2657 1375 2942 1448 equidem
2989 1376 3053 1433 in
3103 1377 3476 1449 ejuscemodi

1821 1481 2092 1539 corpore,
2123 1480 2321 1538 neque
2352 1469 2555 1521 tamen
2572 1465 2984 1537 incorporeus,
3008 1465 3117 1521 sed
3144 1482 3220 1522 ea
3244 1467 3476 1525 ratione

1820 1571 2007 1629 quam
2035 1556 2167 1628 ipse
2192 1554 2355 1611 novit
2382 1553 2693 1610 divinioris
2731 1554 3001 1626 corporis
3032 1572 3045 1610 :
3074 1555 3291 1626 venite,
3321 1556 3476 1614 ado-

1820 1659 2025 1702 remus
2071 1644 2262 1711 illum,
2321 1643 2629 1699 credentes
2676 1642 2731 1698 ei
2782 1646 2849 1699 ut
2902 1645 3045 1712 Deo,
3097 1643 3478 1717 procidentes

84 1755 269 1805 ματος
322 1733 409 1791 δί.
455 1733 532 1797 οἷς
584 1732 722 1790 οἶδεν
771 1737 931 1798 αὐτὸς
984 1739 1151 1808 λόγοις
1184 1730 1562 1807 θεοειδεστέρου
1612 1738 1708 1786 σώ-

1821 1739 2065 1806 propter
2101 1748 2177 1788 ea
2203 1748 2341 1804 quas
2376 1730 2781 1802 peccavimus.
2806 1731 3246 1788 Prmveniamus
3272 1735 3477 1797 autem

82 1844 284 1894 ματος,
386 1821 536 1878 δεῦτε
626 1830 1073 1899 προσκυνήσωμεν
1145 1824 1309 1894 αύτῷ,
1383 1825 1712 1884 πιστεύοντες

82 1917 161 1974 ὡς
221 1921 367 1983 Θεῷ,
426 1920 839 1988 προσπίπτοντες
896 1916 1022 1989 ὑπερ
1078 1912 1144 1966 ὧν
1200 1915 1515 1988 ἡμάρτομεν.
1576 1918 1710 1986 Προ-

85 2003 389 2075 φθοῐσωμεν
457 1999 518 2055 δὲ
590 2008 681 2055 καὶ
740 2002 1213 2076 προκαταλάϐωμεν
1288 2005 1346 2054 τό
1428 2005 1709 2076 πρόσωπον

82 2092 263 2145 αὐτοῦ
322 2091 375 2143 ἐν
426 2091 804 2164 ἐξομολογήσει
857 2097 948 2146 καὶ
1008 2090 1259 2167 συντριϐῇ
1321 2087 1563 2164 καρδίας·
1627 2092 1710 2142 ἵνα

84 2181 261 2234 αὐτόν
352 2180 541 2236 ἐκεῖνον
616 2182 804 2236 ἐκεῖθεν
905 2182 1049 2235 ῖλεων
1124 2182 1347 2256 εὕρωμεν

85 2269 146 2321 ἓν
198 2274 305 2345 γὰρ
364 2279 438 2342 τῷ
490 2267 597 2343 ᾅδῃ
651 2271 745 2324 οὐκ
802 2270 945 2324 ἔστιν
1001 2270 1395 2344 ἐξομολόγησις⁸
1451 2266 1538 2322 διό
1595 2275 1705 2345 χρὴ

84 2366 185 2408 νῦν
234 2362 328 2410 καὶ
357 2357 771 2432 προκαταλαϐεῖν
796 2364 885 2411 καὶ
910 2361 1232 2432 προφθάσαι.

169 2446 250 2501 Ls"
304 2446 471 2510 Εἱθύς
523 2443 614 2499 οὖν
666 2450 799 2521 μετὰ
853 2452 949 2506 τήν
1012 2444 1242 2512 εἴσοδον,
1295 2452 1386 2501 καὶ
1440 2451 1500 2500 τό
1573 2447 1712 2509 τέλος

86 2543 191 2587 τοῦ
224 2541 533 2609 τρισαγὶου,
594 2538 625 2594 η
679 2535 783 2589 ἆνω
838 2533 1075 2611 καθέδρα
1118 2536 1257 2609 (18),
1313 2540 1429 2598 ἣτις
1466 2541 1561 2596 τήν
1610 2536 1713 2589 ἀπὸ

86 2632 199 2693 γῆς
249 2624 324 2686 εἰς
378 2625 595 2699 ούρανον
650 2622 860 2694 ἄνοδον,
928 2631 1019 2676 καὶ
1076 2630 1171 2684 τήν
1218 2625 1319 2679 ἀπὸ
1371 2635 1462 2687 τῆς
1512 2646 1713 2699 χαμαι-

89 2720 295 2786 ptumi;
352 2713 619 2775 πολιτείας
667 2722 767 2767 τῶν
823 2711 1115 2785 Ἰουδαίων,
1184 2720 1274 2768 καὶ
1334 2719 1430 2774 τήν
1490 2713 1545 2768 ἐκ
1620 2722 1711 2769 τοῦ

88 2806 263 2872 νόμου
329 2807 423 2855 καὶ
479 2812 576 2863 τῆς
642 2802 871 2864 Παλαιᾶς
936 2805 1197 2866 Διαθήκης
1244 2803 1711 2876 συγκαταϐατικώς

90 2889 511 2963 ἕγχωρηθείσης
596 2891 792 2954 αὐτοῖς,
861 2889 1015 2950 δηλοί
1092 2892 1400 2964 μετάϐασιν·
1479 2896 1547 2954 ὡς
1625 2892 1710 2945 ἐν-

90 2980 273 3033 τεῦθεν
344 2976 503 3037 δῆλον
569 2978 651 3032 ὅτι
714 2981 845 3052 μετά
894 2984 988 3039 τήν
1045 2978 1307 3044 ἀνάδειξιν
1367 2988 1460 3033 τοῦ
1520 2979 1709 3053 βαπτί-

1445 2185 1704 2252 κρίνοντα·

94 3086 269 3135 ματος
327 3066 507 3139 ἀρχὴν
563 3067 934 3140 λαμϐανούσης
990 3077 1084 3131 τῆς
1144 3071 1284 3130 Θείας
1340 3072 1580 3142 χάριτος·
1639 3070 1706 3121 ὧν
1738 3097 1780 3154 C

92 3160 260 3224 μέσον
348 3159 510 3210 ἔνεστι
611 3160 671 3209 τὸ
770 3157 1036 3229 λεγόμενον
1132 3162 1482 3233 προκείμενον
1584 3162 1705 3233 ὅπερ

92 3247 265 3306 οὕτως
347 3248 569 3319 εἴρηται.
635 3242 774 3299 διότι
825 3251 1096 3319 πρόκειται
1139 3249 1344 3299 πάντων
1406 3256 1505 3299 τῶν
1572 3266 1707 3320 συμ-

94 3332 261 3384 sum:
319 3342 414 3393 τῆς
455 3338 572 3396 νέας
636 3337 883 3408 χάριτος·
958 3339 1090 3406 μετὰ
1142 3338 1244 3409 γὰρ
1302 3343 1457 3388 τοῦτο
1521 3341 1611 3388 καὶ
1672 3338 1703 3393 ἡ

93 3430 197 3473 τῶν
288 3420 593 3474 ἀποστόλων
671 3422 875 3493 κλῆσις,
966 3428 1055 3476 καὶ
1116 3426 1146 3482 ἡ
1214 3420 1473 3487 ἀνάδειξις
1539 3424 1706 3477 αὐτῶν

95 3508 439 3582 ἀναφαίνεται
494 3507 589 3563 διὰ
644 3520 741 3573 τῆς
794 3520 896 3564 τῶν
949 3511 1191 3584 Πράξεῶν
1249 3512 1437 3581 αὐτῶν,
1497 3516 1527 3572 ἤ
1605 3520 1707 3566 τῶν

93 3597 391 3651 ἐπιστολῶν
447 3596 807 3669 ἀναγνώσεως·
854 3603 986 3675 πρὸς
1045 3597 1125 3669 δὲ,
1187 3606 1277 3654 καὶ
1330 3603 1359 3660 ἡ
1419 3600 1473 3664 ἐξ
1538 3600 1707 3654 αὐτῶν

93 3694 197 3738 τῶν
262 3692 602 3761 γεγραφότων
669 3690 737 3741 τὰ
820 3690 932 3740 θεῖα
973 3674 977 3678 ’
1015 3689 1305 3761 Εὐαγγέλια
1384 3691 1568 3762 χάρις.
1648 3689 1705 3743 Ἠ

98 3772 155 3828 δὲ
217 3780 448 3849 σφραγὶς
504 3777 566 3834 ἦν
624 3777 649 3828 ό
703 3775 982 3852 ἀρχιερεύς
1042 3780 1233 3831 ἔσωθεν
1297 3787 1464 3832 ποιεῖν
1532 3781 1706 3831 εἴωθεν

95 3862 142 3914 ἐν
199 3873 275 3935 τῷ
342 3864 476 3917 re?“
536 3872 627 3917 τοῦ
687 3870 991 3937 τρίσαγίου,
1054 3866 1120 3927 εἰς
1148 3867 1409 3940 πλήρωμα
1467 3870 1557 3940 μὲν
1614 3874 1708 3923 καὶ

94 3955 247 4005 οἱονεὶ
309 3951 690 4025 ἐκσφράγισμα
744 3962 844 4005 τῶν
920 3959 1036 4028 περὶ
1104 3962 1338 4029 Χριστοῦ
1402 3962 1708 4032 προειρημέ-

95 4047 188 4092 νων
224 4050 572 4114 προφητικῶν
653 4051 828 4114 φωνῶν
918 4044 1397 4118 χαρακτηρίζεται·
1486 4047 1516 4104 ἡ
1604 4049 1705 4121 γὰρ

98 4126 188 4181 διὰ
242 4134 452 4205 σαρκὸς
502 4130 664 4184 αὐτοῦ
712 4136 983 4205 παρουσία
1040 4137 1265 4206 σφραγὶς
1339 4132 1534 4205 ἐγένετο
1590 4133 1707 4187 ἐπι-

94 4228 338 4292 κυροῦσα
392 4222 460 4271 τὰ
516 4219 602 4271 ὑπ’
657 4218 859 4272 ἐκείνων
912 4226 1339 4295 προηγορευμένα
1383 4225 1452 4284 ὡς
1514 4222 1703 4281 ἀληθῆ·

94 4309 217 4365 αῦτη
290 4304 355 4360 δὲ
416 4311 506 4359 καὶ
567 4307 640 4368 εἰς
715 4307 892 4382 ἀρχὴν
972 4317 1072 4361 τῶν
1158 4312 1448 4384 θεοπρεπῶν
1522 4314 1701 4385 ἔργων,

94 4402 178 4448 καὶ
245 4404 351 4457 τῆς
406 4402 523 4458 τοῦ,
563 4395 883 4471 ἀνθρωπείου
968 4402 1143 4468 γένους
1228 4398 1563 4461 ἀναπλάσεως
1623 4404 1704 4452 τέο

92 4503 303 4538 τακται·
374 4482 504 4536 ἀλλά
570 4491 660 4536 καὶ
728 4491 956 4559 σφραγὶς
1031 4486 1194 4557 ἐστιν,
1265 4488 1509 4561 Εἰρήνης,
1592 4490 1705 4552 ἣτις

94 4575 182 4634 τὰς
210 4580 334 4626 τότε
371 4576 585 4645 μερικὰς
637 4572 812 4648 ἀρχὰς
865 4574 1136 4644 κατελυσε,
1191 4581 1280 4628 καὶ
1336 4584 1447 4639 τοῖς
1499 4583 1704 4654 μακρὰν

93 4663 286 4715 ἔθνεσιν
391 4664 599 4734 εἰρήνην
696 4661 1021 4737 ἐϐράϐευσεν.
1109 4666 1221 4718 ὅθεν
1316 4672 1406 4719 καὶ

1508 4671 1683 4742 είρήνη
1776 4671 1939 4726 πᾶσιν
2030 4669 2166 4741 (19),
2270 4670 2296 4721 ὁ

1818 1829 1878 1880 et
1905 1836 2403 1895 praeoccupemus
2452 1820 2668 1893 faciem
2709 1820 2842 1891 ejus
2888 1820 2954 1876 in
3000 1820 3377 1883 confessione
3420 1827 3478 1883 et

1815 1912 2017 1969 cordis
2065 1910 2439 1977 contritione,
2474 1913 2539 1965 ut
2564 1924 2705 1967 eum
2741 1907 2861 1964 illic
2888 1909 3342 1967 misericordem
3384 1911 3478 1982 ju-

1814 1987 2011 2058 dicem
2050 1999 2540 2071 comperiamus:
2581 1996 2644 2052 in
2688 1996 2922 2053 inferno
2960 1997 3122 2054 enim
3172 1996 3340 2055 nulla
3387 2002 3477 2059 est

1813 2088 2114 2146 confessio
2142 2105 2156 2143 :
2181 2090 2498 2160 propterea
2535 2088 2771 2160 oportet
2786 2099 2951 2143 nunc
2967 2088 3025 2142 et
3048 2100 3475 2161 praeoccupare

1813 2182 1872 2235 et
1897 2177 2243 2251 praevenire.

1892 2448 1979 2502 t5.
2011 2445 2221 2503 Statim
2250 2444 2455 2519 itaque
2502 2446 2644 2517 post
2676 2444 2988 2502 introitum
3035 2449 3095 2502 et
3142 2446 3373 2517 trisagii
3408 2445 3477 2502 ﬁ-

1816 2550 1981 2604 nem,
2007 2534 2089 2590 ad
2115 2532 2470 2590 cathedram
2498 2532 2950 2605 conscenditur,
2977 2550 3116 2608 quas
3157 2549 3254 2591 res
3301 2549 3339 2591 a
3364 2537 3474 2592 ter-

1816 2640 1885 2682 ra
1912 2624 1972 2680 in
1995 2623 2214 2680 coelum
2243 2636 2669 2691 conscensum,
2706 2625 2764 2677 et
2789 2622 2870 2679 ab
2889 2621 3101 2679 inﬁma
3123 2623 3475 2681 Judworum

1819 2714 1958 2779 vita,
1993 2718 2050 2768 et
2074 2729 2112 2769 a
2136 2712 2267 2782 lege
2294 2726 2367 2768 ac
2390 2714 2590 2767 vetere
2632 2710 2858 2769 foedere
2904 2711 3290 2784 indulgenter
3331 2712 3478 2786 ipsis

1819 2796 2130 2864 concesso,
2150 2799 2451 2871 signiﬁcat
2466 2800 2785 2857 transitum
2805 2818 2819 2855 :
2842 2803 2907 2857 ut
2924 2800 3065 2857 hinc
3079 2800 3186 2858 ﬁat
3205 2801 3477 2873 explora-

1816 2893 1966 2961 tum,
2009 2890 2178 2963 quod
2225 2892 2362 2961 post
2405 2887 2696 2961 baptismi
2724 2888 3184 2959 institutionem,
3237 2889 3476 2947 initium

1816 2980 1974 3052 cepit
2014 2980 2220 3036 divina
2245 2978 2459 3050 gratia.
2492 2979 2672 3034 Porro
2698 2976 2849 3034 illud
2874 2977 3270 3050 interponitur
3309 2977 3477 3050 quod

1816 3068 2031 3127 dicitur
2075 3074 2428 3142 προκείμενον,
2472 3072 2793 3142 propterea
2829 3066 2997 3140 quod
3033 3066 3261 3127 cunctis
3300 3082 3477 3125 novae

1816 3157 2023 3228 gratim
2045 3156 2336 3229 symbolis
2352 3158 2540 3229 praeit.
2564 3154 2843 3212 Posthinc
2864 3155 3026 3211 enim
3063 3155 3478 3228 apostolorum

1815 3261 2059 3320 quoque
2098 3246 2334 3302 vocatio
2364 3252 2424 3304 et
2467 3243 2804 3315 designatio
2832 3243 3196 3315 divulgatur,
3245 3245 3480 3302 actibus

1815 3335 2054 3391 illorum
2080 3339 2259 3406 atque
2285 3334 2553 3407 epistolis
2580 3331 2880 3404 legendis:
2913 3346 3025 3389 nec
3055 3347 3180 3390 non
3204 3333 3481 3405 ipsorum

1816 3440 1920 3497 qm
1948 3423 2154 3480 divina
2182 3422 2504 3493 Evangelia
2545 3423 2919 3495 scripserunt
2954 3420 3167 3491 gratia.
3223 3422 3480 3480 Benedi-

1818 3512 1995 3569 cendi
2018 3528 2162 3569 vero
2192 3516 2363 3569 actus
2396 3528 2503 3568 seu
2524 3511 2934 3582 signaculum,
2959 3509 3129 3583 quod
3157 3510 3479 3584 episcopus

1816 3604 1978 3660 intus
2007 3602 2204 3661 facere
2233 3602 2383 3659 solet
2404 3602 2467 3659 in
2494 3601 2615 3659 ﬁne
2662 3600 2907 3671 trisagii,
2940 3599 3379 3673 plenitudinem
3421 3605 3480 3661 et

1816 3691 1995 3765 quasi
2025 3690 2287 3761 sigillum
2317 3691 2810 3764 propheticorum
2839 3688 2915 3746 de
2947 3689 3177 3746 Christo
3223 3688 3475 3762 prmlec-

1816 3787 2018 3839 torum
2047 3779 2370 3837 verborum
2399 3779 2665 3837 denotat.
2694 3781 2967 3851 Namque
2996 3777 3180 3848 hujus
3203 3777 3267 3833 in
3293 3792 3474 3835 carne

1817 3870 2133 3935 adventus,
2169 3868 2432 3940 sigillum
2458 3867 2572 3924 fuit
2591 3866 2760 3940 quod
2788 3865 3217 3939 praedictorum
3248 3864 3463 3922 abillis

1815 3959 2126 4014 veritatem
2161 3956 2521 4026 obsignavit.
2558 3960 2751 4028 Atque
2788 3954 2904 4011 hoc
2930 3952 3364 4010 benedictionis
3394 3954 3474 4012 si-

1816 4045 2144 4118 gnaculum
2156 4045 2325 4102 initio
2341 4059 2588 4116 quoque
2603 4043 2947 4100 divinorum
2958 4056 3215 4114 operum
3232 4045 3290 4099 et
3306 4057 3473 4100 crea-

1818 4135 1994 4193 tionis
2023 4133 2289 4190 hominis
2319 4133 2594 4190 adhitum
2644 4132 2773 4189 fuit.
2825 4133 2925 4188 Est
2972 4132 3221 4203 insuper
3271 4131 3475 4203 signa-

1816 4225 2019 4282 culum
2041 4224 2206 4297 pacis
2232 4223 2384 4294 ejus,
2407 4237 2545 4295 quae
2566 4220 2848 4294 partiales
2869 4219 3239 4293 principatus
3260 4219 3476 4279 dissol-

1814 4314 1919 4380 vit,
1952 4312 2303 4384 cunctisque
2330 4312 2456 4367 sive
2485 4311 2776 4384 proximis
2803 4311 2928 4367 sive
2946 4309 3301 4382 longinquis
3325 4325 3472 4382 gen-

1814 4403 1977 4461 tibus
1987 4416 2200 4474 pacem
2219 4400 2486 4457 sancivit.
2504 4399 2766 4472 Ideoque
2786 4417 2799 4456 :
2820 4401 2978 4455 «Pax
2993 4398 3340 4467 omnibus,»
3352 4399 3472 4472 epi-

1820 4507 2040 4563 scopus
2064 4489 2387 4547 inclamat:
2415 4489 2674 4545 innuens
2699 4487 2992 4558 videlicet,
3012 4486 3181 4561 quod
3202 4487 3472 4546 Christus

1820 4582 1988 4654 pacis
2018 4580 2211 4647 Pater,
2242 4578 2543 4636 terrestria
2570 4594 2643 4635 ac
2671 4578 2935 4636 ccelestia
2956 4593 3149 4635 unum
3172 4576 3336 4636 fecit.

2398 4668 2675 4742 ἀρχιερεύς
2767 4664 3003 4741 ἓκφωνεῖ,
3096 4667 3467 4740 αἰνιττόμενος,

96 4754 228 4812 δπῶς
259 4751 288 4802 ό
318 4753 549 4824 Χριστός
576 4752 602 4802 ό
632 4758 725 4813 τῆς
752 4751 961 4827 εἰρήνης
995 4758 1174 4826 Πατήρ
1207 4753 1274 4815 εἰς
1305 4754 1540 4814 ἑνότητα.
1601 4761 1767 4832 ἤγαγε
1791 4767 1879 4814 καὶ
1911 4762 1976 4812 τὰ
2004 4758 2207 4830 ἐπίγεια
2229 4762 2321 4811 καὶ
2352 4760 2417 4811 τὰ
2445 4757 2681 4832 οὐράνια.

162 4838 239 4901 ις’.
307 4843 413 4891 Καὶ
468 4843 539 4909 μή
594 4859 675 4899 τις
738 4837 1173 4902 πανδαλιζέσθω
1237 4841 1438 4896 ἁκούων
1507 4853 1697 4917 ταῦτα,

92 4932 178 4980 καὶ
227 4927 421 5000 λέγων,
464 4934 581 4989 Πῶς
626 4930 695 4980 τὰ
750 4931 879 5001 μετὰ
944 4933 1033 4988 τὴν
1091 4929 1381 4983 ἀνάστασιν
1456 4938 1703 5005 γεγονότα

94 5020 231 5091 παρὰ
278 5025 382 5069 τῶν
440 5015 765 5089 ἀποστόλων,
818 5026 989 5071 ταῦτα
1047 5024 1113 5071 σὺ
1162 5018 1211 5073 ἐν
1264 5019 1408 5094 ἀρχῇ
1453 5032 1551 5076 τῶν
1598 5028 1699 5099 πρὸ

160 5161 201 5195 ¹⁷
242 5162 420 5216 Joan.
447 5177 483 5227 ι,
520 5162 616 5226 38,
648 5164 735 5217 39.

161 5337 272 5405 (18)
333 5336 792 5413 cathedrahoc
837 5336 973 5393 loco
1026 5338 1214 5413 idem,
1242 5339 1476 5413 videtur
1528 5341 1696 5413 quod

101 5407 279 5473 bema,
305 5423 342 5463 a
376 5408 596 5485 Latinis
625 5407 852 5485 dictum
873 5409 1334 5485 presbyterium.
1363 5407 1691 5485 Alioquita-

99 5493 227 5551 men
258 5478 531 5551 pontifex
559 5485 698 5551 post
728 5479 953 5551 dictum
990 5481 1319 5551 introitum,
1378 5478 1587 5540 reve'ra
1637 5485 1697 5540 in

99 5550 442 5606 cathedram
466 5549 666 5621 suam,
686 5549 747 5605 id
776 5554 867 5605 est
893 5551 1122 5618 sedem,
1147 5549 1517 5611 consCendit.

1885 4852 1972 4905 16.
2005 4847 2122 4903 Nec
2148 4862 2289 4903 vero
2317 4846 2645 4919 quisquam
2671 4846 2801 4903 haec
2825 4845 3078 4903 audiens
3106 4843 3465 4902 scandalum

1809 4937 2092 5009 patiatur,
2117 4936 2397 5008 dicatque
2428 4954 2440 4992 :
2470 4937 2724 4993 Curnam
2748 4951 2887 5008 quae
2910 4934 2990 4991 ab
3013 4931 3308 5005 apostolis
3324 4936 3467 5004 post

1808 5024 2305 5082 resurrectionem
2328 5027 2464 5081 acta
2492 5023 2755 5094 fuerunt,
2780 5023 2912 5080 haec
2938 5019 3107 5079 initio
3153 5023 3293 5082 ante
3321 5035 3462 5093 pas-

1811 5414 1822 5424 .
1879 5342 1991 5415 (19)
2014 5343 2256 5400 Latinus
2277 5343 2600 5470 episcopus
2631 5341 2802 5424 dicit;
2823 5342 2963 5399 Pax
2977 5342 3139 5399 vobis
3162 5361 3176 5410 ;
3197 5344 3455 5426 Grmcus,

1811 5417 2070 5470 Itemque
2099 5420 2438 5470 Armenius.
2531 5430 2617 5470 ax
2639 5413 2928 5470 omnibus.
2961 5429 3099 5470 ante
3128 5415 3349 5470 locutio
3376 5414 3455 5470 1a-

1808 5413 2070 5487 itemque
2099 5413 2438 5482 Armenius,
2478 5413 2617 5471 Pax
2639 5413 2928 5487 omnibus,
2961 5429 3099 5486 qua:
3128 5415 3349 5471 locutio
3376 5414 3460 5471 la-

1806 5485 1923 5559 tius
1961 5484 2153 5559 patet;
2187 5492 2620 5559 quanquarnet
2648 5484 2888 5540 Latinus
2919 5484 3242 5543 et‘Grmcus
3298 5500 3454 5543 non-

1806 5556 1923 5612 nisi
1959 5556 2227 5614 astantes
2242 5556 2453 5614 omrfes
2482 5556 2883 5633 alloquamur.
