4028 6308
104 320 216 379 44(

1343 306 1838 380 commuto
1875 319 2266 381 LITUBGICA.

3384 300 3491 380 5&2

106 452 211 501 καὶ
245 450 352 499 τῶν
371 443 504 520 πρὸς
539 444 601 500 τὸ
631 443 915 519 βῆπτισμα
942 445 1350 522 εὖτρεπισμίνων
1373 451 1681 520 κατήχησιν
1706 464 1720 478 ·

1854 447 2006 506 ionis
2056 448 2168 515 vis,
2209 450 2268 505 et
2308 444 2671 505 miraculum
2724 447 2996 520 operatio
3030 444 3294 505 attraxit.
3326 446 3488 501 Tunc

113 536 192 609 ἦγ’
299 538 529 599 τούτόυς
556 537 588 594 ἠ
630 542 732 589 τῶν
759 534 924 607 λόγων
956 533 1200 610 δύναμις,
1231 538 1319 589 καὶ
1337 536 1368 595 ἡ
1396 543 1495 588 τῶν
1535 539 1732 610 θαυμα-

109 644 221 677 των
258 624 496 700 ἐνέργεια
538 624 912 697 συνιφιίλκετο.
939 627 1067 679 Τότε
1105 621 1172 684 δὴ
1204 629 1295 679 καὶ
1324 626 1374 679 οἱ
1401 629 1734 699 κατηχούμε-

110 735 219 784 νοι,
260 719 359 767 καὶ
382 718 546 787 μήπω
570 714 973 777 καταξιωθεντις
1002 721 1102 768 τῶν
1139 722 1232 768 τοῦ
1261 722 1499 789 Χριστοῦ
1525 734 1733 789 μυστη-

110 809 266 880 ρίων,
326 804 426 868 ἔξω
464 806 830 877 μεθίστανται.
874 805 936 857 Αἰ
976 800 1036 858 δέ
1094 803 1143 857 ἕν
1197 812 1270 876 τῷ
1308 804 1501 878 μεταξὺ
1538 807 1734 859 τούτων

111 897 393 966 γινόμεναι
432 893 593 965 εὐχαὶ
621 894 749 968 ὑπὲρ
788 892 958 945 αὐτῶν
996 912 1051 947 τε
1073 897 1308 965 γίνονται
1330 902 1429 946 τῶν
1467 913 1735 967 κατηχου-

112 985 311 1055 μένων,
344 986 438 1035 καὶ
467 990 568 1035 τῶν
604 989 828 1047 πιστῶν,
857 986 950 1035 καὶ
980 982 1139 1035 αὐτοῦ
1174 980 1233 1036 δὲ
1265 990 1359 1035 τοῦ
1399 981 1684 1060 ἀρχιερέως
1718 1004 1730 1017 ·

116 1070 411 1133 ἐννοοῦντες
438 1075 539 1146 γὰρ
572 1074 621 1124 οἱ
661 1073 929 1125 θεσπέσιοι
971 1075 1218 1146 Πατέρες,
1258 1073 1439 1125 ὁποίαν
1467 1070 1595 1126 εἶναι
1621 1077 1731 1147 χρὴ

114 1164 217 1219 τήν
242 1160 442 1234 ψυχὴν
466 1166 558 1214 καὶ
585 1165 681 1219 τὴν
716 1168 878 1236 χεῖρα
914 1168 1008 1213 τοῦ
1045 1160 1314 1233 μέλλοντος
1349 1163 1608 1214 ἅπτεσθαι
1643 1168 1735 1215 τοῦ

115 1253 509 1325 ποιναχράντου
532 1255 772 1323 σώματος
798 1256 1032 1323 Χριστοῦ
1057 1255 1149 1302 τοῦ
1180 1257 1312 1303 Θεοῦ
1336 1252 1366 1309 ἡ
1374 1258 1503 1323 μῶν,
1535 1252 1617 1303 ὃτι
1646 1270 1737 1303 καφ

118 1340 431 1411 θαρωτέραν
460 1346 562 1391 τῶν
591 1338 817 1397 ἡλιακῶν
849 1337 1069 1392 ἀκτίνων
1098 1341 1292 1397 ταύτην
1318 1335 1401 1391 δεῖ
1429 1330 1733 1412 τυγχάνειν,

116 1430 218 1487 τὰς
264 1428 401 1500 ὑπὲρ
432 1436 526 1489 τῆς
572 1432 969 1501 συγχωρήσιως
1005 1430 1200 1480 τούτων
1239 1428 1400 1501 εὐχὰς
1428 1424 1523 1481 διὰ
1559 1428 1735 1504 φιλαν-

123 1517 366 1588 θρωπίαν
392 1524 530 1570 Θεοῦ
568 1516 815 1590 ἐσομένης
845 1516 1091 1581 ἐξέθεντο.

197 1604 291 1663 ιη’.
352 1605 411 1658 Ἠ
477 1602 537 1659 δὲ
587 1614 685 1659 τῶν
745 1606 903 1678 ἁγίων
965 1608 1263 1679 μετάθεσις,
1327 1613 1417 1659 τοῦ
1472 1611 1735 1680 σώματος,

124 1697 288 1766 οημὶ,
318 1699 416 1745 τοῦ
456 1700 773 1747 Δεσποτικοῦ
810 1698 901 1748 καὶ
950 1702 1044 1747 τοῦ
1082 1696 1300 1767 αἳματος
1343 1692 1445 1747 ἀπὸ
1482 1703 1579 1756 τῆς
1614 1714 1739 1769 προ-

1838 554 1983 596 vero
2004 536 2715 605 catechumeni,nondum
2742 537 2953 594 Christi
2971 539 3491 595 sacramentorum

1841 627 2027 700 digni,
2061 631 2228 685 extra
2250 627 2582 684 mittuntur.
2610 628 2752 694 Quae
2779 631 2984 684 autem
3029 628 3146 683 hoc
3178 625 3491 683 intervallo

1841 718 2176 776 funduntur
2203 734 2430 792 preces,
2444 721 2574 774 tum
2593 717 2869 791 ipsorum
2895 718 3491 785 catechumenorum,

1841 825 1953 866 nec
1982 824 2105 866 non
2128 812 2186 864 et
2204 807 2495 874 ﬁdelium,
2512 810 2691 881 atque
2724 808 2911 880 ipsius
2932 807 3192 879 denique
3223 804 3493 878 episcopi

1844 914 2028 955 causa
2050 897 2221 953 ﬁunt.
2257 897 2593 967 Cogitantes
2624 896 2786 952 enim
2826 897 2950 953 divi
2978 899 3199 964 Patres,
3247 894 3492 970 qualem

1843 1003 1973 1044 esse
2007 989 2280 1060 oporteat
2308 986 2577 1042 animam
2603 984 2868 1059 itemque
2907 1001 3157 1042 manum
3189 983 3347 1041 illius
3388 983 3493 1059 qui

1841 1075 2298 1133 immaculatum
2329 1078 2738 1131 contracturus
2782 1077 2871 1130 est
2916 1072 3126 1131 Christi
3158 1071 3259 1128 Dei
3305 1071 3492 1127 nostri

1844 1180 2082 1237 corpus,
2116 1178 2335 1239 nempe
2364 1165 2638 1235 oportere
2686 1162 2980 1219 solaribus
3017 1161 3203 1219 radiis
3230 1176 3359 1216 esse
3383 1174 3494 1232 pu-

1842 1254 2085 1322 riorem,
2138 1252 2275 1308 ideo
2323 1266 2532 1325 preces
2578 1267 2689 1325 pro
2725 1251 3107 1324 impetranda
3163 1250 3258 1307 his
3286 1250 3485 1321 venia,

1844 1359 2033 1418 quam
2063 1358 2100 1399 a
2127 1341 2230 1399 Dei
2254 1341 2570 1399 clementia
2589 1344 2962 1416 exspectant,
2984 1339 3382 1399 instituerunt.

1918 1614 2004 1669 18.
2030 1612 2152 1682 Age
2180 1625 2324 1667 vero
2350 1611 2696 1665 sanctarum
2724 1623 2926 1665 rerum
2957 1624 2994 1665 a
3020 1607 3287 1685 prothesi
3311 1609 3498 1665 trans-

1845 1701 2009 1770 latio,
2042 1699 2330 1772 corporis,
2357 1700 2629 1771 inquam,
2659 1698 2951 1755 Dominici
2981 1702 3038 1753 et
3064 1697 3398 1768 sanguinis,
3440 1699 3500 1753 et

127 1785 318 1843 θέσεως
358 1784 497 1854 (2|),
529 1787 619 1835 καὶ
655 1786 687 1842 ἠ
717 1786 912 1836 τούτων
933 1787 1065 1857 πρὸς
1102 1787 1160 1836 τὸ
1203 1785 1581 1858 θυσιαστήριον
1607 1787 1741 1837 εἵσο-

1854 1792 2066 1849 horum
2089 1790 2168 1846 ad
2190 1789 2373 1846 altare
2402 1789 2677 1844 introitus
2696 1791 3014 1845 resonante
3038 1786 3272 1861 hymno
3289 1787 3496 1843 cheru-

128 1867 223 1932 θος
252 1873 397 1923 κατὰ
420 1875 483 1924 τὸ
513 1871 848 1947 χερουϐικὸν,
872 1876 966 1931 τὴν
998 1870 1099 1925 ἀπὸ
1134 1874 1385 1933 Βηθανίας
1411 1872 1741 1948 πρὸςἸερου-

130 1959 312 2033 σαλὴμ
338 1956 497 2019 δηλοῖ
525 1968 617 2013 τοῦ
649 1966 843 2036 Κυρίου
876 1960 1181 2015 εἰσίλευσινο
1213 1969 1504 2020 τηνικαῦτα
1526 1966 1626 2037 γὰρ
1652 1967 1742 2015 καὶ

129 2049 155 2100 ὁ
183 2048 439 2110 πλεῖστος
477 2049 639 2123 ὄχλος
678 2055 767 2103 καὶ
797 2052 846 2102 οἰ
883 2058 984 2103 τῶν
1023 2048 1273 2124 Ἐϐραίων
1310 2047 1497 2113 παῖδες
1536 2054 1606 2113 ὡς
1645 2050 1739 2124 βα-

132 2136 266 2190 σιλεῖ
318 2142 413 2190 καὶ
477 2146 664 2212 νικητῇ
723 2146 816 2192 τοῦ
881 2141 1101 2192 θανάτου
1158 2143 1245 2192 τὸν
1296 2141 1453 2213 ὕμνον
1506 2139 1740 2214 ἀνέφερον

127 2227 406 2290 αἰσθητῶς
444 2249 458 2262 ·
514 2238 709 2290 νοητῶς
766 2226 826 2283 δὲ
877 2229 1090 2302 ἄγγελοι
1155 2232 1285 2303 μετά
1340 2238 1442 2282 τῶν
1480 2229 1742 2304 χιρουϐὶμ

127 2321 213 2370 τὸν
277 2321 566 2392 τρισάγιον
630 2316 957 2373 ἀπεδίδοσαν
1021 2319 1179 2393 ὕμνον
1211 2341 1223 2354 ·
1266 2324 1356 2373 καὶ
1392 2323 1459 2372 τὰ
1499 2329 1743 2395 σκῆπτρα

124 2412 211 2460 καὶ
273 2410 371 2469 τὰς
425 2409 689 2482 ῥομφαίας
745 2410 882 2480 (22),
924 2408 987 2470 ἃς
1051 2412 1110 2462 τὸ
1168 2409 1387 2478 παλαιόν
1440 2411 1633 2485 ἔφερον,
1673 2412 1742 2472 ὡς

131 2496 375 2569 σύμϐολα
417 2496 690 2571 βασιλείας
737 2497 1067 2571 ἐπιφέρουσιν
1123 2501 1172 2551 οἱ
1232 2496 1467 2552 διάκονοι
1496 2514 1509 2528 ⁶
1550 2502 1639 2551 καὶ
1676 2500 1743 2551 τὰ

125 2583 365 2660 ῥιπίδα,
392 2586 429 2638 οὶ
466 2592 557 2640 καὶ
592 2584 803 2662 ῥιπίδες
839 2590 1147 2660 γράφονται,
1188 2588 1259 2649 εἰς
1298 2592 1458 2640 τύπον
1498 2588 1601 2640 εἰσὶ
1642 2594 1741 2640 τῶν

130 2675 416 2748 χερονϐίμ.
485 2677 597 2747 (23)
645 2676 707 2729 Ὀ
774 2673 834 2730 δί
898 2674 1147 2750 ᾀδόμενος
1211 2675 1527 2752 χερουϐικὸς
1590 2676 1744 2749 ὕμνος

130 2770 482 2837 προτρέπεται
536 2768 727 2827 πάντας
780 2768 1004 2819 ἐντεῦθεν
1069 2770 1160 2818 καὶ
1217 2770 1381 2839 μέχρι
1437 2772 1529 2818 τοῦ
1569 2766 1742 2829 τέλους

129 2862 222 2917 τῆς
303 2857 609 2929 ἱερουργίας
681 2860 1155 2930 προσεκτικωτερον
1240 2857 1381 2927 ἔχειν
1467 2858 1555 2907 τὸν
1626 2863 1743 2907 νοῦν

129 2950 306 2995 πᾶσαν
379 2942 642 3015 βιωτικὴν
692 2948 943 3018 μέριμναν
1009 2944 1236 2995 κάτωθεν
1303 2940 1622 3015 ἀφιεμένους,
1682 2945 1745 3003 ὡς

132 3031 362 3106 βασιλέα
400 3037 566 3105 μέγαν
604 3032 878 3105 μέλλοντας
908 3029 1166 3105 δέχεσθαι
1196 3029 1290 3085 διὰ
1322 3040 1417 3094 τῆς
1454 3036 1742 3095 κοινωνίας.

1848 1881 2008 1950 bico,
2029 1879 2255 1937 indicat
2285 1878 2518 1935 Domini
2539 1894 2611 1934 ex
2641 1878 2932 1933 Bethania
2971 1877 3052 1933 ad
3080 1877 3295 1933 urbem
3325 1876 3497 1932 Jeru—

1850 1970 2038 2028 salem
2074 1984 2448 2042 processum.
2479 1969 2641 2023 Tunc
2672 1965 2833 2022 enim
2855 1971 2911 2022 et
2934 1966 3109 2022 turba
3128 1965 3410 2038 plurima,
3443 1966 3501 2021 et

1852 2059 2235 2115 Hebraeorum
2263 2056 2755 2129 pueri,tanquam
2777 2054 2903 2125 regi
2922 2054 3249 2125 mortisque
3268 2053 3496 2125 victori,

1849 2148 2147 2222 hymnum
2167 2163 2314 2204 voce
2343 2145 2608 2201 sensibili
2625 2146 2970 2200 cecinerunt
2992 2161 3005 2212 ;
3030 2142 3500 2199 intellectualiter

1851 2242 2051 2295 autem
2085 2236 2281 2307 angeli
2337 2252 2476 2292 cum
2526 2234 2869 2291 cherubinis
2918 2233 3145 2304 trisagii
3197 2233 3499 2305 hymnum

1851 2325 2222 2382 dixerunt.Et
2240 2328 2474 2396 sceptra
2499 2320 2879 2394 gladiosque,
2899 2337 3160 2394 quorum
3187 2320 3331 2376 olim
3351 2334 3500 2375 usus

1852 2418 1979 2472 erat
2004 2418 2294 2487 tanquam
2320 2411 2490 2482 regni
2518 2409 2794 2485 symbola
2814 2413 3051 2480 gestant
3075 2407 3336 2465 diaconi.
3352 2408 3501 2463 Tum

1852 2508 1909 2561 et
1930 2503 2286 2570 ventilabra,
2315 2502 2579 2572 ﬁguram
2609 2500 3079 2557 cherubinorum
3118 2498 3352 2573 gerunt.
3392 2495 3504 2562 Qui

1852 2599 2054 2651 autem
2086 2592 2317 2649 canitur
2354 2591 2614 2663 hymnus
2645 2589 3021 2655 cherubicus,
3047 2588 3336 2645 admonet
3367 2601 3503 2641 om-

1850 2697 1981 2753 nes,
2014 2686 2080 2739 ut
2107 2697 2287 2743 nunc,
2316 2684 2372 2736 ct
2419 2695 2615 2752 usque
2658 2678 2738 2735 ad
2782 2678 3030 2748 liturgiae
3079 2676 3290 2741 ﬁnem,
3322 2680 3507 2732 atten-

1853 2773 2000 2829 tiore
2020 2774 2225 2827 animo
2248 2770 2616 2837 sint,omissa
2635 2768 2803 2824 omni
2819 2767 3131 2823 mundana
3151 2770 3505 2837 terrenaque

1854 2877 2018 2928 cura,
2046 2876 2153 2916 ceu
2180 2859 2285 2932 qui
2312 2874 2605 2929 magnum
2659 2859 2881 2926 Regem
2909 2856 2971 2911 in
3013 2871 3184 2911 sacra
3238 2868 3505 2910 commu-

1852 2950 2034 3006 nione
2069 2947 2398 3020 suscepturi
2420 2950 2580 3002 sunt.
2607 2948 2738 3001 lam
2760 2949 2817 3000 et
2839 2960 3041 3000 rerum
3066 2947 3415 2998 sanctarum
3444 2941 3508 2997 in

1855 3040 2063 3094 sancta
2089 3052 2301 3092 mensa
2319 3033 2624 3106 repositio,
2648 3033 2916 3087 imitatur
2944 3026 3202 3085 stratum
3225 3029 3369 3084 illud
3392 3044 3505 3083 coe-

144 3129 183 3174 Η
213 3120 276 3175 δὲ
328 3126 463 3196 πρὸς
517 3127 612 3181 τὴν
651 3122 803 3193 ἁγίαν
842 3122 1105 3198 τράπεζαν
1147 3130 1245 3174 τῶν
1286 3121 1447 3193 ἁγίων
1495 3122 1741 3183 ἀπόθεσις

1854 3126 2160 3195 naculum,
2193 3128 2249 3179 et
2277 3123 2458 3195 paulo
2489 3126 2645 3195 post,
2671 3121 2733 3175 in
2771 3135 3011 3174 crucem
3041 3117 3466 3173 exaltationem
3493 3134 3506 3186 ;

129 3216 359 3284 μίμησιν
418 3214 534 3283 ἔχει
589 3219 878 3268 τηνικαῦτα
934 3214 1023 3283 μὲν
1084 3218 1177 3263 τοῦ
1244 3209 1566 3283 ἐστρωμένον
1607 3211 1742 3263 ἀνω-

129 3306 272 3371 γέου,
310 3300 428 3373 μετ’
461 3300 630 3372 ὀλίγον
662 3296 721 3353 δὲ
759 3302 788 3358 ἠ
824 3300 955 3359 αὐτὴ
1009 3305 1100 3352 καὶ
1128 3303 1220 3358 τὴν
1250 3297 1336 3351 ἐπὶ
1373 3307 1466 3352 τοῦ
1514 3306 1744 3374 σταυροῦ

459 3388 508 3441 ἐν
570 3386 630 3441 δὲ
680 3398 752 3460 τῷ
804 3389 937 3442 τέλει
991 3393 1086 3447 τὴν
1147 3392 1314 3460 ταφὴν
1355 3387 1616 3455 εἰκονίζει,
1656 3393 1746 3440 καὶ

134 3484 225 3537 τὴν
281 3477 599 3548 ἀνάστασιν,
648 3483 738 3531 καὶ
784 3483 880 3538 τὴν
920 3478 1107 3531 ἐκεῖθεν
1175 3476 1432 3547 ἀνάληψιν
1467 3498 1480 3510 -
1524 3477 1607 3528 ἵνα
1642 3478 1744 3550 γὰρ

136 3572 201 3639 μὴ
262 3571 326 3620 τὸ
364 3568 485 3619 καθ’
524 3568 741 3619 ἕκαστον
798 3575 900 3619 τῶν
955 3571 1069 3621 τότε
1120 3570 1401 3638 γινομένων
1455 3568 1548 3623 τὴν
1607 3566 1745 3639 ὥραν

134 3662 221 3709 καὶ
248 3660 343 3709 τὸν
370 3660 555 3731 καιρὸν
607 3662 693 3708 και
740 3660 827 3708 τὸν
878 3658 1035 3708 τόπον
1085 3653 1417 3727 ἀφορίζοντες
1466 3656 1515 3706 οἱ
1571 3655 1747 3727 μακά-

136 3389 347 3461 ὗψωσιν
383 3411 395 3422 ·

136 3766 239 3819 ριοι
302 3749 548 3818 Πατέρις,
587 3748 665 3798 ἔτι
729 3750 819 3798 καὶ
865 3747 1186 3818 μεταθέσεαν
1254 3743 1435 3818 ἐτέρων
1496 3748 1586 3796 καὶ
1650 3745 1744 3795 θυ-

140 3839 470 3907 σιαστηρίων
529 3834 773 3888 πλειόνων
841 3831 1095 3903 δεηθῶσι,
1142 3831 1243 3885 κάκ
1304 3836 1496 3885 τούτων
1558 3835 1745 3884 ὡσανιὶ

138 3930 383 3999 μωμητὸν
460 3929 518 3977 τὸ
586 3934 679 3986 τῆς
752 3924 1052 3997 οἰκονομίας
1115 3927 1407 3997 μυστήριον
1481 3928 1743 3993 καταστῇ,

136 4015 278 4078 ἄξιον
316 4022 417 4076 τῆς
458 4015 706 4088 θιουργοῦ
751 4010 1102 4087 δημιουργίας
1154 4017 1345 4085 τρόπον
1396 4009 1743 4083 ἐμιμήσαντο,

136 4107 197 4166 ὡς
253 4106 364 4157 οἷον
422 4123 479 4155 τε
534 4102 788 4175 ἀνθρώπῳ
837 4104 905 4156 τὰ
955 4104 1068 4155 θεῖα
1122 4102 1400 4174 μιμεῖσθαι
1438 4105 1528 4152 καὶ
1565 4118 1747 4174 κατιρ-

135 4194 419 4265 γάζεσθαι.
456 4196 557 4244 Καὶ
588 4188 656 4250 δὴ
711 4193 781 4253 ὡς
837 4192 1051 4266 οὐρανὸν
1092 4193 1181 4262 μὲν
1234 4192 1292 4242 τὸ
1349 4187 1601 4241 ἒπάνωθιν
1652 4196 1748 4249 τῆς

137 4282 290 4354 ἁγίας
348 4280 617 4356 τραπέζης
674 4282 883 4353 ὁροφιον
944 4277 1343 4353 ἀπαρτίζουσιι
1412 4279 1482 4338 ὡς
1519 4277 1639 4334 ὃλην
1688 4272 1747 4328 δὲ

135 4381 231 4442 γῆν
273 4370 548 4444 ὁρίζονται
583 4374 640 4422 τὸ
671 4371 772 4423 ὑπὸ
819 4370 1088 4444 τεσσάρων
1127 4371 1308 4419 κιόνων
1347 4373 1440 4418 τοῦ
1496 4364 1746 4438 κιϐωρίου

141 4459 540 4531 συγκλειόμενον
601 4459 631 4518 ᾖ
692 4476 1132 4532 περιγραφομινον
1193 4458 1325 4530 ἱερὸν
1389 4450 1581 4527 ἔδαφος
1612 4469 1625 4482 ⁸
1697 4454 1746 4505 ἐν

142 4547 178 4621 ᾧ
228 4549 529 4621 πληροῦται
564 4551 655 4600 καὶ
711 4549 737 4600 ὁ
798 4549 1123 4623 προφητικὸς
1185 4545 1352 4615 λόγος,
1393 4546 1438 4614 ὃ,
1487 4566 1508 4594 ι
1552 4543 1747 4615 Εἰργά-

147 4658 271 4691 σατο
312 4642 582 4712 σωτηρίαν
630 4636 678 4689 ἄν
735 4640 877 4709 μέσῳ
916 4643 1008 4697 τῆς
1053 4644 1154 4707 γῆς
1193 4635 1219 4687 ὁ
1260 4637 1386 4694 Θιός
1420 4653 1433 4666 ο
1479 4654 1507 4682 ι)
1547 4634 1749 4685 πάντων

143 4732 237 4804 γὰρ
315 4726 704 4799 ὁμολογούντων
783 4724 832 4778 ἓν
894 4723 1269 4798 Ἰεροσολύμοις
1334 4722 1749 4796 περιγεγράφθω

145 4826 233 4880 τῆς
270 4825 377 4890 γῆς
414 4820 474 4869 τὸ
513 4821 843 4889 μεσαίτατον,
903 4816 1021 4868 ἔνθα
1060 4810 1128 4872 δὴ
1168 4817 1259 4865 καὶ
1311 4812 1484 4865 πάντα
1527 4813 1595 4864 τὰ
1655 4817 1747 4863 τοῦ

214 4961 259 4995 ¹⁹
291 4957 449 5016 Psal.
477 4972 675 5028 Lxxtn,
704 4961 786 5013 12.

212 5123 330 5192 (2|)
382 5118 471 5176 ΑΙ.
535 5119 726 5177 codex
774 5117 943 5192 addit
992 5114 1519 5192 i_azeuopp}aziou,
1563 5119 1671 5171 aut
1710 5128 1747 5170 a

145 5187 639 5262 scévophylacio;
687 5189 856 5263 quod
887 5188 1178 5263 mendum
1237 5187 1559 5263 rideretur,
1600 5200 1746 5263 cum

148 5279 265 5320 non
288 5256 506 5335 eadem
537 5256 751 5318 mensa
776 5260 952 5335 fuerit
968 5261 1221 5335 πρόθεσις.
1241 5264 1298 5314 et
1318 5256 1742 5335 σκινοφυλάκέον,

147 5335 309 5407 quod
328 5334 920 5407 etiamgdiqcoinieum
950 5327 1225 5407 nonnulli
1252 5327 1589 5407 appellant.
1618 5327 1747 5407 _Se_d

148 5398 346 5463 tamen
384 5406 449 5460 in
472 5404 673 5460 libello
704 5402 1124 5459 Delineationis
1147 5398 1408 5457 ecclesiae
1431 5398 1745 5456 Orientalis

152 5479 381 5543 Grmcte,
428 5480 673 5531 auctore
714 5472 1052 5533 Eustrathio
1100 5470 1393 5529 Joannide
1448 5470 1740 5534 Rutheno,

152 5563 209 5619 p.
240 5552 362 5614 H7,
390 5546 651 5619 legimus
679 5563 693 5602 :
728 5546 920 5619 Prius
943 5559 1125 5617 quam
1155 5543 1243 5619 _a_d
1268 5544 1506 5619 altare,
1543 5556 1743 5598 conse-

156 5613 434 5675 crationis
451 5613 676 5688 gratia,
700 5613 1082 5688 deferrentur
1112 5615 1461 5688 obiationes,
1482 5613 1545 5688 in
1568 5627 1742 5688 gazo-

152 5684 500 5760 phylacium
527 5688 716 5762 (idem
766 5684 933 5761 quod
961 5684 1510 5758 scevophylacium)
1535 5687 1742 5755 porta-

1853 3216 1988 3272 etin
2014 3214 2132 3270 ﬂne
2152 3213 2400 3268 demum
2425 3209 2798 3283 sepulturam
2823 3210 3298 3281 repraesentat,et
3314 3220 3509 3261 resur-

1849 3304 2176 3362 rectionem
2208 3306 2264 3357 et
2300 3300 2518 3356 deinde
2573 3298 3077 3369 assumptionem.
3130 3299 3211 3352 Ne
3267 3295 3429 3351 enim
3460 3295 3510 3351 si

1853 3394 2123 3450 omnium
2147 3390 2447 3462 sigillatim
2475 3394 2618 3445 tunc
2648 3391 2918 3444 actorum
2936 3386 3150 3442 horam
3173 3401 3243 3442 ac
3275 3389 3510 3457 tempus

1852 3483 2173 3554 locumque
2194 3479 2514 3536 deﬁnirent
2533 3477 2694 3533 beati
2716 3474 3145 3543 Patres,adhuc
3170 3474 3300 3531 aliis
3320 3477 3514 3530 trans-

1850 3570 2197 3638 lationibus,
2215 3567 2614 3641 pluribusque
2633 3565 2920 3622 altaribus
2950 3563 3306 3635 indigerent,
3332 3567 3511 3635 atque

1853 3661 1993 3717 hinc
2017 3658 2195 3733 quasi
2227 3658 2377 3713 risui
2407 3660 2745 3729 expositum
2776 3653 3127 3710 mconomim
3159 3651 3512 3726 mysterium

1856 3750 2151 3811 evaderet,
2184 3749 2470 3803 decoram
2504 3745 2831 3801 mundanae
2863 3742 2962 3799 Dei
3003 3740 3318 3797 creationis
3338 3739 3509 3795 ratio—

1853 3856 1993 3897 nem
2033 3838 2246 3894 imitati
2285 3840 2443 3901 sunt,
2472 3840 2772 3907 quatenus
2800 3831 3029 3887 homini
3062 3829 3265 3885 divina
3293 3826 3515 3883 imitari

1853 3929 1989 3986 licet
2036 3932 2217 4000 atque
2266 3924 2529 3997 operari.
2585 3922 2791 3994 Itaque
2841 3919 2974 3975 coeli
3022 3918 3207 3973 instar
3237 3915 3513 3988 superius

1856 4023 2077 4074 sanctae
2102 4030 2326 4072 mensae
2346 4012 2598 4068 lacunar
2617 4008 3204 4066 fabricarunt.lnstar
3219 4019 3361 4060 vero
3382 4003 3489 4058 uni
3508 4035 3515 4043 ι

1854 4123 2041 4163 versae
2067 4110 2234 4161 terrae
2266 4118 2395 4159 esse
2426 4099 2859 4156 constituerunt
2878 4097 2994 4152 sub
3017 4099 3276 4168 quatuor
3305 4092 3514 4150 ciborii

1856 4194 2153 4254 columnis
2184 4194 2457 4250 clausum
2487 4195 2545 4247 et
2580 4187 3101 4259 circumscriptum
3135 4200 3378 4240 sacrum
3405 4200 3512 4256 pa-

1854 4286 2210 4342 vimentum.
2244 4283 2373 4348 Qua
2396 4281 2458 4336 in
2499 4294 2564 4335 re
2587 4276 2869 4349 impletur
2900 4273 3317 4347 propheticum
3363 4271 3513 4328 illud

1855 4375 2128 4432 dictum:
2164 4393 2193 4422 ‹‹
2245 4371 2355 4437 Qui
2410 4371 2695 4441 operatus
2749 4369 2841 4421 est
2889 4363 3144 4420 salutem
3200 4361 3261 4418 in
3304 4360 3514 4418 ~medio

1861 4470 2028 4522 terras
2057 4465 2124 4520 ‘9.
2154 4484 2183 4514 ι»
2207 4465 2354 4518 Nam
2386 4475 2524 4515 cum
2573 4471 2786 4514 omnes
2816 4454 3215 4512 confiteantur
3244 4451 3516 4509 Hieroso-

1859 4554 2090 4629 lymam
2123 4554 2183 4610 in
2227 4550 2430 4609 media
2482 4554 2648 4606 terrae
2692 4547 2947 4604 statione
2976 4561 3105 4603 esse
3134 4544 3510 4610 collocatam,

1858 4660 1981 4717 qua
2008 4644 2071 4700 in
2102 4643 2337 4700 civitate
2362 4640 2713 4697 universam
2751 4636 3099 4710 passionem
3131 4650 3304 4690 suam
3332 4631 3514 4688 susti-

1856 4735 1987 4793 nuit
2038 4733 2348 4802 Dominus,
2392 4729 2815 4803 proditionem,
2842 4725 3162 4797 judicium,
3193 4728 3249 4780 et
3278 4738 3348 4779 ea
3376 4736 3512 4793 quae

1857 4839 2099 4882 crucem
2119 4815 2561 4895 praecesserunt
2589 4834 2659 4874 ac
2692 4816 3020 4873 subsecuta
3053 4817 3226 4882 sunt;
3260 4826 3398 4867 cum
3427 4809 3514 4864 in—

1857 5111 2097 5180 bantur,
2115 5108 2302 5165 donec
2327 5105 2633 5180 inquisitio
2656 5104 2831 5180 factg
2842 5100 3076 5180 fuisset,
3095 5110 3240 5180 12th
3251 5108 3339 5180 ῥέε
3364 5093 3514 5180 (ales

1854 5164 2066 5245 essent,
2085 5164 2225 5251 ’τινα
2248 5164 2505 5233 Domino
2535 5164 2713 5244 digne
2743 5164 3126 5251 offerrentur".
3159 5165 3273 5248 Sed
3300 5164 3514 5251 legesis

1853 5239 2139 5309 Allatium
2172 5253 2256 5306 De
2284 5239 2625 5305 Graecorum
2659 5239 2907 5312 tempus,
2942 5239 3038 5312 ed.
3062 5239 3245 5312 Paris.
3276 5253 3341 5310 p.
3378 5239 3504 5293 136.

1925 5326 2034 5396 (22)
2081 5323 2224 5378 Hinc
2276 5322 2339 5396 in
2364 5317 2614 5392 picturis
2645 5309 2859 5396 Grmcae
2888 5309 3293 5396 missae‘vi‘des
3324 5322 3510 5377 ango-

1851 5381 1966 5466 los,
1998 5381 2260 5466 quorum
2285 5381 2479 5466 vicem
2511 5382 3015 5466 geruntdiaconi,
3051 5381 3273 5466 gladiis
3319 5394 3515 5466 arma-

1851 5451 1966 5523 tos:
1996 5451 2064 5522 Et
2081 5451 2577 5521 caeremoniarum
2596 5455 2762 5529 apud
2790 5470 2902 5512 nos
2922 5452 3229 5526 magistris
3257 5451 3512 5508 baculus

1851 5538 2040 5605 instar
2070 5535 2286 5607 sceptri
2315 5537 2424 5589 est.

2070 5596 2190 5684 Hiq-
2208 5619 2452 5684 quoque
2478 5603 2952 5684 tractatusque
2978 5596 3062 5656 ad
3091 5596 3381 5663 κοινωνίας,
3417 5608 3516 5650 ex-

1851 5672 2053 5740 statin
2083 5676 2213 5736 solo
2227 5672 2444 5734 "codice
2473 5675 2600 5742 632,
2631 5686 2693 5746 p.
2730 5673 2783 5729 6.
2808 5672 2868 5729 a;
