4028 6308
541 273 645 353 H3

1807 285 2163 359 THEODORI
2195 282 2623 359 mleausis

3817 276 3999 363 εει

547 412 730 473 super
757 402 1031 459 sanctam
1057 418 1338 465 mensam
1381 405 1653 467 medium
1689 407 1841 467 inter
1870 409 2088 467 coelum
2118 426 2177 471 ac

2292 415 2494 476 πάθους
2522 417 2720 476 ὑπέστη
2764 419 2789 471 6
2822 421 3029 495 Κύριος,
3061 425 3156 481 τὴν
3203 420 3521 498 προδοσίαν,
3561 430 3655 486 τὴν
3692 432 3939 501 κρίσιν.

544 491 769 549 terram
800 493 996 547 tenere
1021 490 1222 549 locum
1259 501 1569 570 appareat,
1602 497 1939 573 eademque
1991 500 2191 563 media

544 575 700 633 inter
728 577 1041 639 columnas
1067 595 1138 636 ac
1166 583 1499 641 ventilabra
1536 586 1630 655 sit,
1653 587 1864 645 merito
1888 588 2021 662 ipsa
2039 588 2190 645 caelo

547 665 865 739 supposita
893 682 1025 727 esse
1052 668 1312 735 dicetur:
1335 678 1515 746 atque
1545 674 1669 733 sive
1698 676 1760 733 in
1790 676 1961 735 India
1986 677 2108 735 sive
2129 678 2192 737 in

545 753 894 815 Britannicis
924 756 1139 817 insulis
1177 774 1249 816 ea
1277 762 1591 836 consistat,
1618 764 1872 825 salutem
1901 767 1964 823 in
1990 767 2191 825 medio

541 845 712 905 terras
737 849 1036 915 patratum
1063 847 1245 905 fuisse
1270 850 1515 909 denotat
1560 869 1667 933 per
1693 870 1766 912 ea
1792 872 1930 931 quas
1953 857 2014 913 in
2057 856 2195 931 ipsa

539 938 913 1011 peraguntur
939 939 1434 1009 mysteria.Quod
1466 942 1515 998 si
1544 944 1679 1017 quis
1710 943 1891 1013 dicat,
1922 961 2043 1002 non
2067 962 2193 1007 om-

539 1033 681 1079 nem
717 1021 1031 1080 ecclesiam
1061 1025 1285 1085 habere
1316 1029 1611 1089 ciborium
1643 1038 1701 1089 et
1730 1034 2068 1106 crepidines
2099 1040 2194 1092 at-

539 1122 657 1180 que
683 1108 1018 1180 columnas,
1054 1117 1218 1184 satis,
1241 1116 1516 1191 inquam,
1541 1121 1650 1177 erit
1678 1121 1728 1176 si
1758 1123 2194 1181 semicirculare

536 1195 721 1254 bema
755 1198 999 1273 habeat,
1032 1204 1199 1275 quod
1229 1205 1289 1265 in
1322 1207 1590 1280 qualibet
1611 1209 1861 1269 ecclesia
1888 1209 2017 1267 ﬁeri
2056 1227 2195 1268 con-

541 1284 812 1347 stitutum
832 1293 941 1361 est,
985 1292 1159 1362 cujus
1188 1309 1440 1357 curvum
1477 1297 1727 1357 lacunar
1754 1299 1993 1356 cceleste
2014 1300 2198 1356 hemi-

539 1373 869 1445 sphaerium
898 1386 1305 1450 repraesentat,
1328 1385 1593 1443 mediam
1617 1387 1851 1444 habens
1880 1404 1954 1443 ex
1982 1389 2192 1445 adver-

539 1478 610 1520 so
639 1471 913 1522 sanctam
934 1484 1233 1528 mensam.

610 1645 846 1702 19.Jam
870 1651 1008 1719 post
1036 1655 1379 1710 sanctorum
1409 1655 1710 1715 donorum
1737 1661 2190 1735 repositionem,

2298 507 2366 558 τὰ
2393 508 2493 578 πρὸ
2534 514 2625 559 τοῦ
2655 517 2905 582 σταυροῦ,
2944 515 3034 563 καὶ
3070 514 3137 564 τὰ
3190 515 3318 584 μενά
3350 516 3435 566 τὸν
3466 519 3691 590 σταυρόν
3730 530 3751 546 ’
3804 515 3934 571 ἐπεί

2299 599 2383 647 καὶ
2450 597 2480 654 ἡ
2532 595 2659 668 ἁγία
2694 598 2932 673 τράπεζα
2993 602 3234 674 μεθόριον
3272 601 3494 674 ούρανοῦ
3546 610 3637 659 καὶ
3686 612 3817 677 γῆς
3862 608 3943 667 ὡς

2298 682 2729 757 παραὸιίκνυται,
2777 692 2868 740 καί
2917 692 3051 743 κατὰ
3095 694 3156 745 τὸ
3218 695 3375 764 μέσον
3410 701 3513 747 τῶν
3577 698 3778 749 κιόνων
3839 700 3942 748 καὶ

2299 782 2399 831 τῶν
2465 774 2636 847 κύκλῳ
2681 774 2907 851 ῥιπίδων
2963 781 3077 850 ἔχει
3140 784 3233 839 τὴν
3296 784 3503 854 στάσιν,
3565 783 3794 845 εἰκότως
3848 782 3937 836 ἐπ’

2301 861 2515 937 οὐρανὸν
2578 867 2657 924 εἴη
2705 866 2859 929 αὕτη,
2927 870 3025 920 εἴτε
3076 868 3129 922 έν
3184 865 3371 942 Ἰνδίᾳ,
3419 874 3514 925 εἶτε
3570 871 3619 925 έν
3657 879 3940 946 Βρετανι-

2301 960 2419 1015 καῖς
2476 955 2586 1025 (24)
2611 960 2806 1027 νήσοις,
2848 955 2896 1009 έν
2946 962 3090 1030 μέσῳ
3142 968 3239 1021 τῆς
3274 968 3370 1031 γῆς
3403 961 3518 1033 (25)
3573 966 3668 1020 τήν
3723 981 3936 1020 σωτη-

2300 1048 2419 1116 ρίαν
2476 1042 2788 1116 ἐργάζεσθαι
2836 1048 3142 1119 ύπεμφαίνει
3200 1045 3295 1102 διὰ
3342 1057 3443 1107 τῶν
3497 1049 3837 1123 τελουμένων
3880 1050 3937 1103 ἐν

2304 1132 2433 1204 αὐτῇ
2470 1150 2483 1163 ·
2534 1141 2606 1203 τῷ
2647 1130 2705 1186 δὲ
2743 1135 2961 1206 λέγοντι,
2995 1135 3128 1189 Ἀλλ’
3168 1145 3230 1195 οὗ
3260 1143 3409 1195 πᾶσα
3436 1138 3693 1198 ἐκκλησία
3745 1139 3937 1193 κιϐώ-

2302 1241 2413 1296 ριον
2464 1224 2578 1294 ἔχει
2628 1229 2718 1275 καὶ
2768 1221 3032 1296 κρηπῖδας
3082 1230 3173 1279 καὶ
3215 1232 3410 1299 κίονας,
3464 1226 3673 1302 ἀρκέσει
3710 1233 3784 1281 τὸ
3829 1237 3937 1283 τοῦ

2305 1310 2542 1384 βήματος
2616 1313 2924 1384 ἡμικύκλιον
2976 1313 3024 1366 ἐν
3080 1318 3226 1388 πάσῃ
3295 1316 3550 1390 ἐκκλησίᾳ
3609 1321 3935 1391 νομοθετη-

2304 1404 2385 1454 θέν
2416 1406 2558 1473 (26)’
2593 1402 2653 1455 οὗ
2682 1407 2771 1455 καὶ
2797 1405 2822 1455 6
2860 1404 2999 1477 μύαξ
3027 1408 3085 1458 τὸ
3110 1405 3349 1480 οὐράνιον
3380 1409 3729 1482 ἡμισφαίριον
3770 1427 3934 1479 σχη-

2300 1491 2531 1563 ματίζει,
2590 1491 2638 1542 έν
2694 1496 2838 1564 μέσῳ
2898 1496 3022 1564 ἕχον
3069 1499 3384 1571 καταντικρύ
3450 1501 3544 1554 τὴν
3786 1498 3933 1569 τρά-

2297 1580 2480 1641 πέζαν.

2375 1668 2458 1725 ιϐ’.
2498 1670 2643 1723 Μετὰ
2698 1665 2757 1727 δὲ
2794 1673 2879 1728 τὴν
2926 1669 3179 1725 ἀπόθεσιν
3228 1679 3329 1724 τῶν
3361 1672 3521 1744 ἁγίων
3562 1669 3772 1746 δώρων,
3819 1676 3928 1730 τήν

536 1746 779 1833 precem
808 1735 1127 1810 episcopus
1150 1755 1267 1821 pro
1298 1759 1360 1799 se
1378 1749 1435 1800 et
1447 1747 1675 1819 populo
1693 1749 1970 1819 recitans,
1984 1759 2177 1827 postu-

2291 1758 2455 1830 εὐχὴν
2487 1760 2513 1811 6
2553 1757 2828 1831 ἀρχιερεὺς
2865 1761 2991 1833 ὑπὲρ
3033 1759 3216 1814 ἑαυτοῦ
3262 1766 3353 1814 καὶ
3411 1768 3504 1815 τοῦ
3552 1760 3681 1814 λαοῦ
3709 1764 3923 1817 ποιού-

538 1819 714 1912 latut
742 1828 980 1912 gratum
1013 1828 1088 1883 sit
1135 1819 1254 1885 Deo
1282 1834 1435 1891 Patri
1492 1836 1855 1894 sacriﬁcium
1900 1819 2021 1896 Filii
2058 1842 2188 1912 ejus

537 1909 829 1981 unigeniti
867 1915 970 1987 qui
1020 1915 1392 1979 immolatur.
1442 1925 1674 1981 Etenim
1717 1927 1813 1985 hic
1843 1909 2192 1987 immolatus

534 1995 808 2090 hostiam
826 2017 890 2057 se
941 2003 999 2059 in
1031 2006 1122 2061 sui
1168 2010 1354 2067 Patris
1401 2011 1698 2071 honorem
1728 2014 1959 2086 obtulit,
1991 2032 2189 2090 quan-

534 2099 721 2176 quam
752 2087 815 2144 id
844 2091 1017 2148 Pater
1059 2110 1183 2155 non
1236 2098 1516 2168 exigeret.
1548 2105 1740 2175 Atque
1767 2087 2028 2176 sanguis
2061 2107 2190 2176 ejus

534 2172 848 2264 liberando
871 2180 1151 2239 universo
1170 2184 1490 2249 hominum
1516 2172 1718 2259 generi
1735 2172 1992 2264 pretium
2019 2172 2191 2255 exsti-

531 2261 618 2329 tit,
646 2267 702 2319 et
725 2268 905 2338 quasi
931 2270 1505 2344 redemptio.Postea
1531 2278 1685 2336 elata
1703 2261 1877 2337 voce:
1898 2283 2187 2339 Amemus

532 2350 811 2420 invicem,
867 2356 1091 2415 clamat
1140 2359 1473 2434 diaconus;
1507 2366 1588 2422 ita
1636 2372 1700 2427 ut
1728 2370 2022 2427 sensibilis
2051 2386 2188 2444 quas

536 2444 677 2499 tunc
704 2440 771 2499 ﬁt
800 2442 1096 2510 salutatio,
1136 2448 1610 2510 intellectualiter
1629 2456 1785 2513 intra
1809 2473 1909 2514 cor
1934 2440 2186 2531 recipia-

532 2532 649 2597 tur,
701 2533 757 2618 et
807 2533 1004 2589 omnis
1055 2535 1412 2606 injuriarum
1458 2545 1761 2607 memoria
1789 2545 2182 2618 abstergatur.

531 2618 679 2672 Tum
700 2616 795 2672 bis
819 2619 1113 2680 diaconus
1140 2626 1477 2687 inclamans
1505 2632 1613 2689 ait:
1640 2654 1669 2683 ι(
1701 2636 1927 2705 Portas,
1947 2616 2182 2709 portas;

530 2703 594 2760 in
625 2706 916 2797 sapientia
946 2713 1327 2773 attendamus
1357 2735 1370 2784 ;
1404 2741 1431 2768 »
1481 2720 1541 2776 id
1581 2726 1688 2789 est,
1724 2726 1803 2780 Ne
1833 2703 2185 2797 insipienter

532 2807 727 2866 neque
747 2795 1186 2861 inconsiderate
1212 2812 1423 2864 sancta
1449 2808 1578 2866 haec
1611 2816 1864 2868 tractare
1887 2795 2178 2881 misimus,

531 2896 642 2937 nec
668 2887 842 2957 quasi
863 2890 1217 2961 quotidiana
1245 2900 1679 2956 consuetudine
1704 2900 2047 2958 inviolabile
2066 2903 2182 2960 hoc

529 2986 894 3046 peragamus
910 2978 1177 3039 ofﬁcium
1194 2989 1251 3041 et
1277 2991 1571 3055 actum,ut
1593 2992 1960 3065 acceptabile
1980 2993 2159 3050 videa

2295 1866 2461 1921 μενος,
2515 1847 2738 1900 αἰτεῖται
2796 1846 3220 1922 εύπροσδὸκητον
3271 1852 3512 1921 γενέσθαι
3567 1855 3663 1908 τὴν
3720 1869 3925 1925 προτεο

2300 1938 2474 1989 θεῖσαν
2513 1944 2585 2006 τῷ
2639 1944 2752 2007 Θεῷ
2807 1942 2897 1989 καὶ
2938 1943 3107 2012 Πατρὶ
3148 1940 3332 1991 θυσίαν
3371 1946 3463 1991 τοῦ
3523 1940 3780 2011 θυομένου
3816 1959 3919 2012 μο-

2296 2032 2527 2096 νογενοῦς
2586 2028 2709 2079 Υἱοῡ
2771 2025 2930 2079 αὐτοῦ
2964 2042 2977 2056 ·
3042 2026 3187 2087 οὗτος
3247 2029 3344 2100 γὰρ
3412 2028 3437 2080 6
3499 2029 3746 2100 θυόμενος
3835 2028 3916 2090 εἰς

2297 2118 2454 2185 τιμὴν
2510 2121 2603 2169 τοῦ
2666 2114 2860 2166 οἰκείου
2924 2119 3143 2188 Πατρός,
3200 2115 3379 2168 ἑαυτὸν
3446 2116 3513 2176 εἰς
3552 2118 3735 2169 θυσίαν
3810 2115 3921 2170 ἀπ-

2297 2198 2483 2255 έδωκει
2520 2207 2609 2255 καὶ
2647 2210 2814 2256 ταῦτα
2861 2207 2933 2276 μὴ
2977 2204 3284 2264 αἰτήσαντος
3313 2210 3405 2256 τοῦ
3436 2210 3636 2277 Πατρός
3661 2226 3675 2238 ο
3706 2209 3808 2258 καὶ
3852 2209 3917 2259 τὸ

2298 2291 2369 2353 εἰς
2416 2296 2567 2364 τιμὴν
2604 2296 2864 2365 πατρικὴν
2914 2294 3078 2364 χυθεν
3137 2294 3287 2365 αἷμα,
3331 2300 3484 2346 τοῦτο
3522 2298 3648 2365 τιμή
3702 2295 3917 2365 ἐγένετο

2293 2383 2422 2453 πρὸς
2497 2378 2781 2454 ἐλευθερίαν
2849 2384 3025 2443 πάσης
3086 2382 3504 2457 ἁνθρωπὸτητος,
3578 2387 3670 2435 καὶ
3747 2385 3919 2435 οἱονεί

2294 2488 2370 2529 τις
2425 2469 2671 2532 ἐξώνησις
2707 2487 2718 2499 ·
2780 2467 2888 2523 εἷνα
2933 2474 3010 2540 τὸ,
3056 2493 3085 2521 ‹‹
3122 2471 3501 2544 ’Δγαπήσωμεν
3556 2469 3836 2541 ἀλλήλους,
3884 2492 3915 2521 ››

2294 2558 2505 2630 ἐκφωνεί
2565 2559 2590 2611 ὁ
2657 2555 2917 2624 διάκονος,
2977 2561 3111 2612 ὥστε
3173 2563 3259 2611 τὸν
3316 2560 3568 2618 αἰσθητὸν
3627 2564 3914 2632 γινόμενον

2292 2647 2575 2718 ἀσπασμὸν
2634 2655 2827 2708 νοητὼς
2891 2648 2940 2699 ἐν
3002 2655 3063 2719 τῇ
3124 2644 3324 2720 καρδίᾳ
3376 2645 3745 2720 εἰσδέχεσθαι,
3811 2654 3913 2701 καὶ

2290 2741 2464 2788 πᾶσαν
2530 2735 2776 2811 ἐξορίζειν
2845 2742 3219 2809 μνησικακίαν.
3289 2734 3758 2799 Ἀναδιπλασιάζει
3847 2734 3912 2790 δε

2288 2832 2717 2899 παρεγγυώμενος
2773 2827 2799 2877 6
2857 2821 3096 2888 διάκονος
3148 2825 3328 2897 λέγων,
3362 2849 3389 2875 ‹‹
3430 2828 3530 2887 Τὰς
3569 2828 3749 2899 θύρας,
3809 2828 3909 2887 τὰς

2292 2915 2450 2987 θύρας
2486 2929 2497 2941 ·
2544 2914 2592 2965 ἐν
2647 2918 2804 2986 σοφίᾳ
2830 2918 3187 2987 πρόσσχωμεν
3212 2936 3223 2946 ·
3259 2936 3289 2965 ν
3334 2918 3593 2985 τουτέστι,
3639 2919 3728 2973 Μὴ
3762 2913 3905 2968 ἀσό-

2287 3022 2388 3073 φως
2426 3007 2515 3054 καὶ
2572 3001 2861 3074 ἀλογίστως
2910 3001 3175 3074 τολμῶμεν
3234 3008 3389 3057 ταυτὶ
3450 3006 3517 3055 τὰ
3561 3003 3711 3074 ἅγια,
3758 3001 3904 3076 μηδ’

527 3076 666 3119 mur
712 3066 966 3124 Domino
1012 3073 1369 3132 sacriﬁcium
1406 3077 1620 3135 offerre
1653 3095 1665 3133 :
1716 3080 1821 3137 sed
1851 3086 2177 3155 postquam

2290 3093 2387 3143 ὑπὸ
2430 3100 2526 3152 τῆς
2575 3093 2691 3144 καθ’
2723 3091 2948 3150 ἑκάστην
3005 3094 3200 3164 ἡμέραν
3241 3094 3515 3152 συνηθείας
3563 3096 3623 3144 τὸ
3679 3090 3902 3146 ἀνεπισ-

527 3164 667 3240 cum
708 3153 973 3240 puritate
1031 3164 1493 3232 cognoverimus
1548 3166 1643 3223 cui
1672 3168 1766 3225 vel
1793 3169 1959 3240 quali
1990 3153 2174 3226 modo

527 3238 764 3310 singula
784 3249 1268 3322 prototypa,qua=.
1288 3268 1450 3310 nunc
1473 3238 1870 3329 ﬁunt,utiliter
1887 3274 2175 3330 congrue-

525 3339 648 3419 que
691 3337 1056 3419 competant.
1090 3337 1331 3409 Oportet
1382 3341 1584 3415 itaque
1634 3350 1696 3400 ut
1752 3352 1962 3418 mystae
1993 3353 2176 3419 atque

524 3411 851 3505 initiatores
895 3418 1113 3476 harum
1139 3439 1358 3491 rerum,
1392 3411 1752 3499 sacerdotes,
1785 3411 2175 3505 inquam,.at-

525 3514 646 3572 que
675 3502 963 3578 episcopi,
990 3512 1305 3585 cunctique
1333 3517 1612 3586 ministri,
1644 3502 1939 3578 rationein
1993 3539 2172 3578 nove-

523 3589 641 3645 rint
670 3590 1007 3651 ofiiciorum
1035 3598 1274 3667 horum,
1308 3609 1364 3660 et
1389 3608 1483 3661 cui
1512 3610 1993 3684 unumquodque
2021 3612 2173 3667 refe-

522 3683 707 3772 ratur.
741 3682 913 3772 Quod
941 3690 1029 3743 est
1058 3688 1218 3747 enim
1244 3691 1551 3751 rationalis
1578 3704 1809 3759 naturae
1837 3682 2171 3772 proprium,

520 3767 582 3822 id
612 3767 701 3823 his
731 3771 953 3842 verbis,
987 3798 1015 3826 «
1044 3777 1109 3832 In
1140 3780 1437 3854 sapientia
1458 3767 1898 3858 attendamus,»
1920 3767 2177 3861 impera-

523 3860 636 3913 tur.
674 3859 990 3933 Sequitur:
1026 3888 1053 3915 ‹‹
1097 3867 1331 3925 Stemus
1360 3871 1635 3940 honeste,
1677 3881 1903 3937 stemus
1937 3859 2075 3935 cum
2105 3878 2171 3934 ti-

521 3961 690 4003 more
720 3952 1104 4010 attendamus
1149 3964 1372 4016 sancta:
1420 3965 1770 4037 anaphora.
1822 3989 1849 4018 »
1882 3969 2170 4034 Quasnam

520 4050 701 4106 porro
726 4042 1079 4114 anaphora?
1100 4049 1322 4119 Nempe
1343 4050 1421 4106 ad
1444 4059 1765 4129 prototypa
1780 4058 2170 4129 perﬁciendo-

518 4138 654 4179 rum
672 4129 1087 4198 symbolorum
1114 4143 1991 4208 respectus.Demonstrativum
2009 4146 2171 4202 enim

521 4215 630 4305 est,
665 4218 722 4267 et
750 4215 1154 4275 similitudinis
1184 4224 1596 4298 indicativum,
1641 4234 1965 4305 anaphorae
1995 4250 2169 4297 voca-

518 4296 750 4394 bulum.
784 4302 1042 4378 Ideoque
1070 4314 1388 4370 trementes
1409 4296 1629 4387 pariter
1658 4326 1715 4377 et
1740 4296 2166 4394 lacrymantes.

2284 3180 2435 3251 φαλες
2490 3182 2857 3255 κατορθοῦντες
2907 3188 3004 3241 τῆς
3057 3180 3293 3253 πράξεως
3343 3186 3434 3233 καὶ
3488 3187 3579 3253 τῇς
3632 3180 3902 3253 ἐνεργείας

2285 3268 2472 3338 αὐτῶν,
2543 3265 2775 3340 δοκῶμεν
2853 3271 3038 3321 θυσίαν
3113 3265 3495 3342 εύπρόσδεκτον
3568 3276 3643 3339 τῷ
3715 3274 3900 3342 Κυρίῳ

2283 3361 2626 3432 προσφέρεινο
2684 3357 2789 3409 ἀλλ’
2831 3358 2951 3410 ὅταν
3008 3361 3140 3430 μετὰ
3204 3360 3561 3433 καθαρότητος
3607 3358 3896 3429 ἐπιγινώσ-

2284 3467 2484 3520 κωμεν,
2560 3468 2662 3499 τινι
2735 3452 2825 3500 καὶ
2898 3452 3031 3519 ποίῳ
3103 3451 3280 3521 τρόπῳ
3355 3456 3455 3500 τῶν
3528 3450 3895 3520 πρωτοτύπων

2283 3537 2498 3589 ἕκαστον
2535 3544 2633 3587 τῶν
2686 3543 2774 3587 νῦν
2823 3534 3132 3608 τελουμένων
3189 3540 3500 3611 προσφόρως
3544 3541 3635 3587 καὶ
3693 3534 3894 3587 καταλ-

2282 3624 2448 3686 λήλως
2489 3627 2824 3679 συνάπτεται.
2888 3629 2999 3697 Χρὴ
3055 3620 3144 3676 οὖν
3196 3627 3314 3685 τοὺς
3365 3628 3573 3696 μύστας
3614 3627 3701 3676 καὶ
3752 3643 3894 3696 μυσ-

2282 3718 2548 3785 ταγαγούς
2582 3722 2680 3765 τῶν
2728 3716 2996 3779 τοιούτων,
3055 3713 3223 3787 ἱερεῖς,
3257 3718 3411 3786 φημί,
3463 3718 3552 3766 καὶ
3598 3712 3891 3787 ἀρχιερεῖς,

2282 3808 2372 3856 καὶ
2428 3805 2626 3865 πάντας
2673 3806 2791 3862 τούς
2846 3811 3013 3855 ταῦτα
3052 3799 3501 3874 διακονουμένους,
3551 3800 3746 3856 εἰδέναι
3798 3807 3891 3855 τὸν

2281 3891 2429 3962 λόγον
2464 3900 2563 3942 τῶν
2610 3890 2939 3963 τελουμένων,
3001 3896 3091 3942 καὶ
3147 3893 3279 3963 πρὸς
3334 3899 3386 3943 τί
3437 3892 3653 3944 ἕκαστον
3702 3889 3891 3963 ἀναφέ-

2279 3999 2427 4055 ρεται
2453 4001 2465 4013 ο
2523 3986 2672 4031 τοῦτο
2714 3982 2815 4051 γὰρ
2849 3976 2983 4031 ἴδιον
3014 3988 3109 4040 τῆς
3137 3979 3350 4051 λογικῆς
3406 3983 3623 4052 φύσεως,
3675 3979 3742 4040 ὡς
3794 3984 3891 4033 καὶ

2279 4072 2359 4134 τὸ,
2402 4089 2431 4116 ‹‹
2472 4068 2553 4120 Ἐν
2619 4072 2776 4139 σοφίᾳ
2830 4072 3208 4142 πρὸσσχωμεν,
3251 4090 3279 4119 ››
3336 4064 3691 4123 διεντέλλεται.
3752 4071 3889 4120 Tou-

2278 4176 2385 4216 τοις
2422 4156 2595 4208 ἕπεται
2647 4160 2738 4207 καὶ
2792 4159 2870 4225 τὸ,
2934 4177 2963 4205 ‹‹
3015 4163 3213 4227 Στῶμεν
3253 4155 3442 4222 καλῶς,
3498 4164 3695 4226 στῶμεν
3751 4159 3891 4229 μετά

2279 4244 2436 4317 φοϐον
2469 4260 2481 4272 ·
2532 4248 2887 4316 πρόσσχωμεν
2926 4252 2989 4316 τῇ·
3038 4242 3165 4316 ἀγίᾳ
3212 4243 3466 4318 ἀναφορᾷ.
3512 4266 3540 4295 ››
3597 4250 3687 4306 Τίς
3731 4242 3793 4298 δε
3853 4248 3885 4304 ἡ

2274 4334 2552 4405 ἀναφορά;
2601 4339 2660 4385 Ἡ
2726 4336 2856 4407 πρὸς
2911 4336 2977 4384 τὰ
3049 4337 3369 4408 πρωτότυπα
3422 4342 3521 4385 τῶν
3568 4333 3888 4406 τελουμένων

518 4386 691 4498 quasi
716 4387 915 4498 insum
933 4410 1093 4452 nunc
1113 4386 1493 4458 cerneremus
1514 4407 1839 4476 patientem
1862 4386 1971 4485 pro
1992 4416 2167 4473 nobis

2384 4386 2395 4404 Ι
2445 4386 2453 4405 Ι
2542 4386 2551 4397 ¹
2766 4386 2775 4407 Ι
2841 4386 2855 4394 ’
3088 4386 3098 4408 Ι
3717 4386 3729 4406 Ι

2290 4420 2548 4494 τυμϐολων
2574 4420 2758 4491 ἔποψις
2804 4418 3045 4479 δηλονότι
3074 4439 3086 4451 '
3136 4419 3397 4474 δεικτικὸν
3424 4424 3523 4497 γὰρ
3572 4427 3663 4474 καὶ
3691 4423 3884 4494 ὁμοίω-

521 4473 1115 4573 ίὴθεῐιιῇτορυω,ᾲὶῑδ
1158 4492 1383 4544 stemus
1414 4473 1609 4550 sob—rie
1629 4501 1686 4550 et
1715 4473 2065 4573 composite,
2100 4512 2165 4562 ut

520 4577 657 4664 cum
690 4580 856 4662 pace,
890 4576 945 4664 et
975 4571 1100 4627 sine
1152 4579 1521 4636 terrenarum
1578 4571 2007 4651 cogitationum
2039 4608 2168 4664 per-

519 4650 878 4750 turbatione,
897 4655 1025 4713 haac
1054 4661 1421 4733 exhibentes,
1446 4667 1609 4739 digni
1632 4650 1850 4730 fiamus
1880 4650 2168 4751 inclytam

518 4739 649 4838 ejus
684 4746 1177 4838 resurrectionem
1222 4769 1484 4824 cernere,
1544 4770 1722 4832 atque
1754 4764 1894 4820 hinc
1945 4739 2169 4838 gaudio

518 4829 769 4928 repleri;
800 4836 1099 4928 praecipue
1130 4841 1253 4911 qui,
1284 4851 1461 4914 prout
1488 4846 1603 4903 loci
1632 4829 1918 4911 sanctitas
1945 4829 2169 4928 "postu-

517 4917 619 4987 lat,
652 4937 872 4993 corpus
907 4927 1265 4999 suscipiunt.
1322 4934 1383 4988 Hi
1432 4938 1593 4993 enim
1621 4944 1677 4995 et
1706 4942 1756 4996 ei
1790 4917 2172 5018 compatiun-

446 5092 451 5099 .
519 5011 634 5101 tur,
665 5016 720 5066 et
746 5016 1100 5086 consepulti,
1132 5026 1342 5091 postea
1368 5024 1541 5081 simul
1564 5040 1900 5101 resurgunt.

2272 4512 2492 4583 ματικόν
2554 4512 2612 4560 τὸ
2678 4517 2767 4570 τῆς
2825 4508 3081 4584 ἀναφορᾶς
3156 4514 3355 4582 ὄνομα·
3415 4516 3505 4563 καὶ
3572 4508 3667 4564 διὰ
3724 4518 3884 4564 τοῦτο

2276 4603 2545 4672 τρέμοντες
2597 4598 2726 4669 ὁμοῦ
2773 4604 2863 4650 καὶ
2914 4595 3248 4673 δακρύοντες,
3280 4599 3349 4660 ὡς
3375 4606 3463 4652 νῦν
3518 4599 3672 4653 αὑτὸν
3716 4602 3880 4675 ὀρῶν-

2275 4707 2359 4748 τες
2431 4689 2714 4757 πάσχοντα
2787 4689 2912 4761 ὑπὲρ
2981 4690 3125 4760 ἡμῶν
3186 4693 3272 4741 τὸν
3337 4691 3681 4763 θεάνθρωπον,
3741 4692 3882 4743 οὕτω

2279 4783 2475 4847 στῶμεν
2517 4782 2775 4847 νηφόντως
2825 4780 2915 4827 καὶ
2956 4777 3243 4839 εὐσταθῶς,
3297 4779 3435 4838 ὅπως
3473 4777 3522 4829 ἐν
3570 4777 3745 4852 εἰρήνῃ
3788 4786 3883 4832 καὶ

2279 4863 2538 4936 ἀταραξίᾳ
2567 4872 2666 4914 τῶν
2715 4866 2943 4916 κάτωθεν
2981 4865 3268 4938 λογισμῶν,
3298 4873 3465 4919 ταῦτα
3507 4872 3882 4941 προσφέροντες

2278 4954 2308 5011 ᾖ
2367 4952 2713 5026 ἀναφέροντες,
2755 4954 3155 5026 καταξιωθὼμεν
3207 4952 3336 5008 ἰδεῖν
3374 4956 3535 5008 αὐτοῦ
3588 4960 3681 5014 τὴν
3738 4958 3880 5009 θείαν

2280 5040 2590 5111 ἀνάστασιν,
2637 5046 2727 5094 καὶ
2752 5050 2846 5103 τῆς
2877 5042 3097 5095 ἐντεῦθεν
3128 5050 3305 5117 χαρᾶς
3331 5044 3735 5118 ἐμπλησθώμεν·
3786 5053 3879 5099 καὶ

581 5100 592 5112 ο
813 5104 825 5117 Ρ
867 5101 879 5113 ,
932 5108 942 5120 Ι
1119 5114 1137 5123 η
1741 5097 1761 5101 ν
2576 5097 2589 5111 ι
2801 5097 2808 5100 -
2832 5097 2845 5103 -
3128 5097 3171 5115 Iv
3209 5097 3218 5117 ι
3291 5097 3305 5106 ’
3355 5097 3365 5117 ι
3484 5097 3494 5102 “
3619 5097 3628 5118 t
3867 5097 3874 5099 '

518 5097 752 5173 μαλιστα
778 5120 826 5153 οι
857 5102 1015 5167 αξιως
1046 5126 1138 5179 rev
1170 5111 1307 5162 θείου
1350 5117 1511 5166 τόπου
1553 5118 2029 5193 μεταλαμϐάνοντες
2070 5133 2311 5201 σώματος
2346 5151 2359 5163 ·
2413 5131 2557 5182 οὗτοι
2594 5134 2693 5205 γὰρ
2734 5137 2824 5184 καὶ
2877 5134 3296 5205 συμπάσχουσιν
3341 5134 3501 5206 αὐτῷ,
3543 5139 3632 5187 καὶ
3666 5137 3877 5195 συνθα-

522 5190 770 5259 πτάμενοῐ
798 5199 1219 5261 συνανέστανται.

595 5361 905 5452 (ἓξλιᾊᾷίς
949 5351 1114 5452 apud
1150 5377 1523 5452 _Germanum
1570 5380 1874 5452 βενετικαίς,
1925 5392 2163 5449 venalis,

523 5433 839 5532 Ilfit‘ftﬂfllri‘bi
869 5433 1116 5512 ἀνώγαιον
1141 5445 1529 5523 έσταυρωμένον
1558 5433 1668 5525 pro
1707 5433 2040 5532 ἐστρωμένῐὶ

528 5518 531 5533 τ
737 5506 1143 5601 Bigerescum
1167 5523 1363 5601 poetis
1388 5522 1437 5573 ἐν
1467 5523 1677 5601 ὁμφάλῳ
1706 5506 1944 5601 τῆςΓονῆς.

595 5571 710 5655 (26)
737 5576 912 5674 Vides
938 5581 1134 5679 legem
1163 5571 1432 5677 crassa
1468 5571 2170 5687 éﬁa’SEBiEiréBiéri.pre-

962 5724 1081 5741 ,μς
1164 5726 1246 5740 ι,.

2275 5393 2563 5468 sbyterio,
2594 5399 2659 5451 ut
2682 5397 2844 5468 apud
2871 5396 3153 5453 Allatium
3180 5400 3268 5454 De
3293 5400 3531 5467 templis
3555 5401 3743 5456 Graec.
3776 5401 3872 5457 ed.

2274 5466 2458 5523 Paris.
2495 5481 2554 5537 p.
2597 5466 2741 5541 16(ξῖ
2764 5469 2925 5541 Quin,
2964 5468 3115 5541 adeo
3146 5466 3430 5526 decoram
3483 5472 3637 5526 hanc
3678 5473 3872 5541 legem

2277 5542 2576 5611 servatam
2605 5538 2875 5611 videmus
2900 5540 2973 5595 in
3006 5540 3219 5611 priscis
3250 5543 3433 5598 etiam
3464 5545 3666 5598 Roma:
3698 5538 3766 5600 et
3791 5546 3871 5599 ci-‘

2275 5607 2470 5665 vitatis
2495 5609 2798 5666 'l‘oscaniae
2823 5607 3109 5666 basilicis.
