4028 6308
76 280 206 341 445

1324 278 1813 345 ΕΟΠΠΕΝΤΑἸἸΟ
1852 278 2242 345 LITURGICA.

3359 292 3468 355 466

178 402 236 458 κ’.
274 408 653 475 Παρεγγυᾶται
695 399 757 461 δε
792 404 922 479 πρὸς
962 404 1165 464 τούτοις
1212 401 1239 454 6
1282 401 1560 479 ἀρχιερεύς
1605 403 1711 459 ἅνω

1890 406 1981 465 20.
2023 407 2299 469 Hortatur
2326 423 2469 467 mox
2497 409 2844 483 episcopus,
2875 427 3122 473 sursum
3161 411 3347 473 corda
3381 416 3468 471 to-

88 494 199 555 τὰς
238 488 470 566 καρδίας
502 494 664 564 ἔχειν,
699 512 789 545 και
829 491 943 545 ὅλον
988 495 1077 545 τόν
1129 498 1269 547 νοῦν.
1303 494 1368 547 Οἱ
1408 511 1591 546 πιστοι
1630 487 1710 561 δὲ,

84 585 296 634 τούτων
353 581 659 654 λεγομένων,
702 580 1099 655 ίπαγγελλονται
1150 599 1459 656 προσφερειν
1510 589 1713 656 πρῶτον

84 673 195 741 μὲν
248 669 408 740 ἔλεον,
458 667 571 723 εἶτα
626 669 832 744 εἰρήνην
881 669 952 732 ὠς
1001 671 1187 725 θυσίαν
1234 669 1499 732 αἰνέσεως,
1559 669 1715 742 Ὀμο-

84 758 322 831 λογοῦσι
366 754 426 811 δὲ
482 763 573 811 καὶ
623 761 718 822 τάς
758 754 983 835 καρδίας
1029 758 1193 820 οὕτως
1238 760 1380 831 ἔχειν
1426 761 1552 832 πρὸς
1611 760 1715 813 Κύ-

86 867 236 920 ριον,
293 849 471 927 ὥσπερ
521 846 853 903 ἓντελλονται.
908 847 1024 902 Ἐπι
1075 849 1280 909 τούτοις
1328 850 1386 901 τὸ
1438 848 1570 901 θεῖον
1619 854 1714 910 τῆς

86 932 395 1012 ὀρθοδόξου
453 939 673 999 πίστεως
738 935 994 1009 σύμϐολον
1050 934 1298 1007 λέγεσθαι
1350 930 1713 1009 διατέτακται,

87 1025 166 1075 ἶν’
217 1023 274 1076 ἐκ
318 1025 508 1077 τούτου
551 1030 811 1098 γνώριμον
858 1027 935 1083 εἴη
986 1030 1097 1084 τοῖς
1131 1029 1294 1076 πᾶσιν
1337 1024 1417 1075 ὅτι
1445 1024 1471 1075 6
1512 1021 1578 1084 εἷς
1619 1031 1714 1085 τῆς

82 1109 338 1188 Τριάδος
392 1114 420 1164 6
472 1116 751 1185 μονογενής
801 1114 916 1174 Υἱὸς
966 1132 1055 1164 και
1112 1117 1282 1184 Λόγος
1335 1119 1427 1164 τοῦ
1478 1109 1713 1188 ἀνάρχου

86 1204 336 1274 Πατρός,
383 1200 534 1261 οὗτος
584 1197 679 1253 διὰ
724 1206 819 1259 την
875 1202 1129 1274 ἡμετέραν
1184 1205 1447 1273 σωτηρίαν
1495 1219 1586 1251 και
1629 1201 1714 1251 οἶνο

86 1291 307 1365 θρωπος
359 1293 561 1369 γέγονε,
619 1291 907 1365 σαρκωθεὶς
965 1288 1013 1342 ἰν
1074 1298 1168 1351 τῆν
1222 1289 1379 1361 ἁγίας
1427 1289 1709 1362 Παρθένου,

84 1381 452 1452 σταυρωθεις,
494 1398 585 1433 και
635 1398 829 1451 ταφεις,
874 1398 964 1430 και
1003 1376 1230 1439 ἀναστάς
1261 1398 1273 1410 ·
1324 1377 1384 1430 οὗ
1436 1380 1571 1429 κατά
1621 1380 1716 1442 τὰς

90 1470 249 1530 θείας
306 1465 517 1529 imm;
566 1469 633 1521 τὰ
682 1467 961 1543 τελούμενα
1009 1474 1179 1518 ταῦτα
1230 1468 1580 1540 πράττομενα,
1634 1466 1717 1519 ἵνα

88 1563 171 1628 μη
225 1556 405 1629 λόγοις
448 1560 623 1629 μόνον,
670 1553 799 1608 ἀλλά
846 1575 936 1608 και
982 1557 1155 1630 ἔργοις
1202 1554 1365 1607 εἰσαει
1406 1562 1502 1617 τῆς
1548 1574 1716 1613 σωτη-

92 1651 225 1719 ρίας
291 1645 445 1716 ἡμῶν
510 1642 904 1719 ἐνεργουμένης,
971 1644 1105 1695 οὕτω
1170 1645 1471 1715 φαινώμεθα
1531 1643 1718 1707 ζῶντες

1818 496 2067 567 tamque
2095 500 2357 557 mentem
2388 496 2630 557 habere.
2662 498 2885 555 Fideles
2916 505 3138 573 autem,
3160 501 3310 561 dum
3338 502 3470 559 haec

1820 582 2122 650 dicuntur,
2153 586 2511 661 promittunt
2548 586 2827 645 exhibere
2851 589 3050 662 primo
3074 591 3320 663 quidem
3362 591 3469 659 mi-

1821 671 2228 737 sericordiam,
2263 673 2481 732 deinde
2520 691 2756 751 pacem,
2798 692 2908 735 ceu
2940 678 3297 737 sacriﬁcium
3340 680 3470 739 lau-

1821 758 1932 819 dis.
1976 763 2253 821 Fatentur
2288 763 2450 830 item,
2483 780 2547 821 se
2588 764 2669 823 ita
2696 764 2919 823 habere
2948 767 3134 825 corda
3175 782 3319 839 erga
3359 769 3472 826 Do-

1821 849 2076 914 minum,
2124 856 2189 909 ut
2234 850 2540 922 jubentur.
2590 855 2728 911 Post
2768 853 2898 911 haec
2946 853 3222 915 divinum
3265 856 3468 915 ortho-

1820 938 1995 995 doxae
2034 937 2171 1001 ﬁdei
2202 940 2547 1011 symbolum
2580 941 2695 999 dici
2726 942 3068 1005 ordinatum
3098 949 3206 1009 est,
3233 949 3299 1001 ut
3329 944 3469 1006 hinc

1821 1026 2105 1082 omnibus
2131 1026 2233 1083 fiat
2269 1027 2670 1101 exploratum,
2703 1029 2872 1103 quod
2899 1047 3056 1091 unus
3088 1031 3164 1091 de
3191 1031 3470 1088 Trinitate

1821 1116 2162 1189 unigenitus
2213 1116 2389 1177 Filius
2438 1122 2496 1177 et
2545 1118 2805 1179 Verbum
2857 1119 3152 1195 principio
3214 1120 3471 1179 carentis

1822 1205 2024 1258 Patris.
2061 1210 2303 1275 propter
2341 1210 2606 1265 nostram
2642 1206 2897 1265 salutem
2935 1208 3121 1265 homo
3152 1209 3224 1267 sit
3251 1209 3466 1275 factus,

1819 1292 2167 1349 incarnatus
2192 1292 2265 1349 de
2296 1299 2505 1351 sancta
2529 1295 2786 1366 Virgine,
2810 1297 3154 1364 cruciﬁxus,
3175 1299 3466 1371 sepultus,

1822 1384 1880 1437 et
1908 1381 2296 1439 resuscitatus
2323 1399 2335 1437 :
2370 1382 2543 1452 cujus
2570 1383 2776 1443 divino
2820 1385 3110 1443 mandato
3140 1385 3269 1443 haec
3299 1403 3473 1451 sacra

1822 1467 2078 1525 facimus
2113 1474 2173 1523 ut
2198 1469 2361 1525 haud
2394 1471 2590 1526 verbis
2619 1476 2872 1539 tantum,
2896 1489 3101 1531 verum
3129 1474 3307 1531 etiam
3333 1491 3471 1549 ope-

1823 1556 1989 1615 ribus
2016 1557 2273 1617 salutem
2302 1564 2575 1615 nostram
2606 1560 2847 1618 assidue
2878 1567 3221 1637 operantes,
3244 1562 3327 1620 sic
3348 1579 3470 1620 non

1823 1645 2024 1701 vivere
2067 1650 2299 1701 tantum
2332 1647 2435 1703 sed
2481 1664 2619 1703 cum
2662 1649 2875 1705 virtute
2905 1650 3101 1706 vivere
3127 1638 3467 1713 videamur:

98 1737 239 1807 ὁμοῦ
301 1754 396 1785 και
457 1733 879 1806 πολιτευόμενοι·
948 1752 1037 1784 και
1096 1734 1161 1784 τὰ
1216 1735 1307 1804 μὲν
1358 1734 1500 1789 πάθη
1562 1750 1719 1806 σαρκι

1837 1738 2005 1806 atque
2027 1734 2325 1790 cruciatus
2352 1735 2553 1808 ipsum
2583 1736 2829 1809 quidem
2853 1751 3031 1794 carne
3060 1754 3309 1815 passum
3335 1756 3473 1801 con-

98 1830 291 1895 τοῦτον
353 1824 798 1894 ὑπομεμενηκέναι
854 1820 1202 1894 ὁμολογῶμεν,
1248 1819 1421 1877 ἀπαθῆ
1485 1816 1544 1873 δε
1603 1823 1721 1872 τού-

99 1931 199 1965 του
252 1910 611 1987 φυλάττεσθαι
665 1914 760 1967 τὴν
815 1912 1070 1966 θεότητα·
1120 1910 1231 1981 ἅμα
1279 1904 1337 1960 δὲ
1388 1910 1471 1960 ἶνα
1519 1916 1582 1981 τῇ
1642 1907 1722 1960 ἐκ·

107 2006 341 2073 ρωνησει
389 1994 549 2052 τοῦδε
602 2006 695 2051 τοῦ
750 2000 887 2051 θείου
946 1996 1207 2070 συμϐόλου
1264 2017 1352 2048 και
1404 1999 1453 2049 οἱ
1502 1994 1722 2069 ἀγνῶτες

104 2108 200 2139 και
258 2086 505 2159 ἀμαθεῖς,
563 2089 750 2139 τούτου
813 2086 1080 2146 ἀκούοντες
1136 2092 1226 2138 τοῦ
1285 2081 1564 2158 ἀδομένου,
1629 2081 1723 2138 διὰ

106 2179 302 2236 παντὸς
353 2175 405 2228 ἒν
459 2180 650 2249 γνώσει
699 2177 868 2247 ἔχωσι
924 2178 986 2228 τά
1034 2177 1224 2250 ἔκφορα
1282 2182 1371 2227 τοῦ
1425 2178 1721 2247 μυστηρίου

104 2273 204 2327 τῆς
246 2268 485 2335 πίστεως
530 2282 621 2315 και
658 2272 767 2326 ταῖς
816 2272 916 2316 τῶν
955 2263 1153 2317 πολλῶν
1197 2262 1381 2326 ἀκοαῖς
1425 2263 1519 2316 οὐκ
1565 2261 1723 2338 ἀπόρ-

108 2355 274 2433 ῥητα.

177 2441 281 2496 κα’.
326 2441 387 2495 Ἡ
430 2437 490 2494 δὲ
528 2448 629 2494 τῶν
672 2442 838 2515 θυρῶν
881 2439 1092 2512 κλεῖσις,
1124 2461 1215 2492 και
1254 2442 1283 2499 ἡ
1331 2438 1499 2493 ἑπάνω
1527 2443 1723 2493 τούτων

110 2528 412 2592 ἓξάπλωσις
467 2537 559 2581 τοῦ
625 2531 1114 2602 καταπετάσματος,
1170 2530 1235 2591 ὠς
1291 2528 1340 2581 ἐν
1392 2536 1502 2590 τοῖς
1562 2548 1721 2602 μονα-

114 2623 357 2693 στηρίοις
410 2617 652 2684 εἰώθασι,
698 2638 790 2670 και
835 2620 865 2675 ἡ
927 2626 1018 2670 τοῦ
1075 2617 1348 2691 λεγομένου
1412 2616 1560 2692 ἀέρος
1610 2615 1723 2687 (‘27)

113 2716 213 2760 τῶν
270 2710 423 2761 θείων
473 2704 655 2781 δώρων
701 2707 1035 2781 ἐπικάλυψις,
1091 2708 1161 2770 ὡς
1212 2705 1381 2781 οἶμαι,
1432 2712 1528 2765 τὴν
1566 2709 1727 2758 νύκτα

116 2796 322 2854 ἐκείνην
390 2793 566 2862 δηλοῖ,
632 2795 751 2848 καθ’
798 2795 858 2855 ἣν
918 2797 949 2853 ἡ
1008 2803 1099 2849 τοῦ
1166 2799 1403 2870 μαθητοῦ
1462 2791 1729 2870 προδοσία

113 2883 341 2960 3606612,
379 2904 472 2936 και
525 2885 555 2943 ἡ
610 2888 739 2960 πρὸς
783 2887 1021 2959 Καῑάφαν
1067 2883 1347 2957 ἀπαγωγὴ,
1384 2904 1474 2936 και
1516 2886 1544 2942 ἡ
1601 2888 1727 2958 πρὸς

113 2972 311 3027 ’Δνναν
375 2974 742 3049 παράστασις,
812 2993 901 3026 και
967 2976 1021 3025 αἱ
1084 2969 1577 3049 ψευδομαρτυρίαι,
1643 2992 1728 3024 ναι

1824 1822 2120 1885 ﬁteamur,
2156 1822 2262 1877 sed
2294 1823 2564 1895 ejusdem
2595 1824 3026 1897 impassibilem
3066 1828 3362 1885 mansisse
3389 1827 3473 1884 di-

1826 1910 2167 1983 vinitatem;
2203 1911 2504 1984 simulque
2555 1917 2618 1967 ut
2654 1912 2802 1971 dum
2833 1915 2960 1969 hac
2990 1915 3175 1972 divini
3215 1916 3475 1989 symboli

1828 1998 1984 2055 elata
2012 2015 2158 2055 voce
2189 1999 2453 2057 recitatio
2483 1999 2568 2065 fit,
2602 2001 2805 2059 idiotas
2833 2002 3146 2077 ignarique
3176 2005 3475 2077 homines,

1828 2088 2129 2145 canticum
2165 2089 2280 2145 hoc
2309 2089 2639 2157 audientes,
2667 2095 2865 2146 mente
2896 2092 3230 2166 percipiant
3258 2097 3476 2166 myste-

1827 2176 1899 2232 rii
1940 2176 2231 2248 notitiam,
2265 2192 2402 2249 quas
2439 2176 2564 2249 jam
2605 2177 2927 2236 multorum
2978 2180 3227 2237 auribus
3280 2180 3475 2236 divul-

1830 2269 2026 2336 gatur.

1902 2448 1989 2499 2i.
2031 2446 2339 2500 Portarum
2368 2460 2512 2507 vero
2554 2444 2855 2514 clausura,
2893 2461 3005 2502 nec
3054 2462 3173 2504 non
3215 2446 3332 2503 veli
3380 2446 3477 2509 his

1832 2532 2417 2604 superimpendentis
2447 2534 2696 2606 apertio,
2730 2538 2797 2589 ut
2833 2534 2893 2589 in
2924 2534 3307 2591 monasteriis
3352 2533 3482 2591 ﬁeri

1832 2618 1999 2684 solet,
2026 2623 2154 2679 tum
2186 2625 2241 2677 et
2269 2619 2415 2676 illud
2440 2620 2781 2677 divinorum
2814 2622 3115 2678 donorum
3146 2623 3482 2695 operimen-

1832 2713 1984 2775 tum,
1998 2708 2165 2781 quod
2185 2708 2367 2780 vulgo
2397 2708 2614 2766 dicitur
2635 2725 2757 2775 aer,
2785 2710 2970 2779 illam,
2986 2715 3053 2767 ut
3075 2726 3227 2777 reor,
3242 2715 3481 2768 noctem

1835 2795 1895 2857 in
1934 2811 2056 2871 qua
2098 2795 2377 2869 discipuli
2420 2796 2677 2870 proditio
2724 2798 2937 2867 evenit,
2969 2798 3277 2867 denotant,
3309 2804 3365 2857 et
3403 2798 3483 2854 ad

1836 2884 2127 2958 Caipham
2157 2884 2603 2956 deductionem,
2633 2891 2691 2943 et
2719 2902 2921 2942 coram
2951 2891 3123 2944 Anna
3162 2892 3485 2965 praesenta-

1836 2972 2080 3044 tionem,
2115 2978 2173 3028 et
2209 2972 2361 3029 falsa
2390 2974 2748 3041 testimonia,
2781 2980 2839 3031 et
2879 2975 3211 3045 illusiones,
3240 2979 3297 3030 et
3325 2973 3484 3031 cola-

113 3067 219 3139 μήν
260 3082 358 3114 και
401 3064 453 3114 οἱ
498 3060 804 3136 ἐμπαιγμοι,
839 3081 923 3114 και
971 3064 1020 3114 οἰ
1057 3062 1397 3136 κολαφισμοι,
1438 3081 1529 3113 και
1570 3060 1727 3113 τᾶλλα

1837 3061 2014 3139 phos,
2042 3066 2097 3117 et
2121 3077 2499 3135 quascunque
2539 3062 2889 3135 hujusmodi
2920 3068 3061 3119 tunc
3089 3063 3482 3133 contigerunt.

116 3154 219 3205 ὅσα
265 3154 331 3204 τό
377 3159 667 3209 τηνικαῦτα
714 3150 1041 3225 συμϐέϐηκε·
1076 3148 1170 3203 διὰ
1211 3170 1264 3204 τι
1300 3152 1402 3225 γάρ
1445 3154 1504 3202 τό
1535 3149 1730 3223 κάλυμ-

116 3261 208 3313 μα·
224 3248 385 3293 τοῦτο
437 3238 537 3313 ἀὴρ
587 3240 889 3313 ὠνομάσθη,
932 3240 961 3299 ἢ
1015 3242 1218 3302 πάντως
1256 3235 1349 3292 διὰ
1387 3241 1445 3291 τὸ
1490 3241 1577 3291 τὸν
1623 3237 1731 3290 ἐπι-

114 3330 509 3402 καλῦπτὸμενον
550 3330 676 3404 παρ’
725 3329 886 3382 αὑτοῦ
945 3332 1206 3382 σκοτεινόν
1265 3326 1390 3401 ἀέρα
1445 3337 1535 3389 τῆς
1583 3328 1729 3402 εἰρη-

115 3422 273 3491 piam;
334 3420 523 3479 νυκτός
581 3417 962 3483 εἰκονίζεσθαις
1019 3418 1137 3469 καθ’
1190 3416 1245 3468 ὃν
1305 3437 1394 3470 και
1460 3422 1649 3491 Πέτρος
1704 3418 1729 3469 6

117 3513 290 3581 μέγας
346 3508 445 3570 ἔξω
496 3515 590 3566 τῆν
646 3509 804 3582 θύρας
862 3506 1045 3573 ἑστὼς,
1092 3506 1342 3581 πρεσϐείᾳ
1396 3515 1489 3559 τοῦ
1542 3505 1732 3578 ἐγνωσ-

117 3604 276 3675 μένου
319 3606 393 3670 τῷ
448 3596 686 3672 ἀρχιερεί
740 3598 1004 3671 μαθητοῦ,
1044 3593 1191 3649 ἔνδον
1246 3596 1438 3668 ἐγένετο
1492 3605 1586 3659 τῆς
1642 3596 1731 3648 αύ-

115 3685 211 3747 λῆς
234 3708 249 3720 ο
287 3687 413 3741 ἔνθα
452 3705 543 3737 και
580 3687 610 3743 ἡ
652 3681 915 3742 παιδίσκη
961 3688 1130 3756 τούτῳ
1169 3684 1468 3758 ἐντυχοῦσα
1495 3701 1507 3713 ·
1550 3705 1637 3737 και
1684 3686 1733 3739 οἱ

120 3778 250 3851 πρὸς
314 3781 379 3847 τῇ
458 3779 601 3848 πυρᾷ
672 3782 1031 3846 παρεστῶτες,
1097 3770 1384 3845 διήλεγχον
1414 3792 1427 3803 ·
1506 3793 1596 3826 και
1669 3775 1736 3826 τὰ

118 3863 283 3915 λοιπά
337 3864 507 3934 τούτῳ
561 3861 987 3920 ἐπηκολούθησαν
1039 3863 1139 3914 ὅσα
1186 3866 1317 3935 πρὸς
1361 3865 1446 3914 τὸν
1507 3865 1735 3935 κρημνόν

122 3961 215 4013 τῆς
275 3950 543 4027 ἀρνήσεως
582 3955 980 4022 κατηπείγοντο,
1029 3946 1122 4003 διὰ
1176 3955 1235 4003 τὸ
1280 3959 1469 4024 πτῶμα
1524 3970 1736 4022 συγχω-

120 4042 341 4114 ρηθέντι
394 4040 530 4091 οὕτω
579 4039 823 4109 γενέσθαι
869 4047 962 4099 τῆς
1014 4038 1279 4110 ἑπάρσεως
1319 4039 1348 4096 ἣ
1400 4042 1733 4110 καυχήσεως.

120 4131 450 4207 Αἱρουμὲνου
519 4123 577 4178 δέ
631 4133 725 4178 τοῦ
777 4124 920 4201 ἀέρος
976 4145 1064 4177 και
1123 4134 1215 4177 τοῦ
1272 4127 1738 4198 καταπετάσματος

123 4215 561 4289 συστελλομένου,
614 4223 714 4266 τῶν
770 4216 937 4287 θυρῶν
980 4233 1030 4267 τε
1087 4212 1451 4288 ἀνοιγομένων,
1493 4216 1522 4273 ἠ
1566 4218 1740 4289 πρωῖα

124 4302 505 4369 διατυποῦται,
540 4302 656 4355 καθ’
697 4303 751 4354 ὃν
792 4301 1068 4373 ἀπήγαγον
1108 4303 1264 4354 αὐτόν
1303 4323 1394 4355 και
1430 4300 1738 4378 παρέδωκαν

1839 3152 1954 3206 Cur
1982 3151 2142 3206 enim
2172 3151 2612 3224 operimentum
2650 3152 2767 3208 hoc
2813 3151 3170 3225 appellatur,
3206 3167 3327 3216 aer,
3370 3150 3485 3207 nisi

1838 3240 1983 3313 quia
2003 3238 2330 3312 adopertus
2352 3239 2615 3296 tenebris
2639 3256 2741 3295 aer
2758 3240 2952 3296 noctis
2974 3240 3129 3295 illius
3146 3240 3225 3296 ab
3246 3255 3317 3295 eo
3335 3239 3487 3309 ﬁgu-

1837 3332 2005 3384 ratur
2024 3328 2051 3383 ?
2082 3344 2207 3401 qua
2234 3333 2291 3384 et
2319 3345 2580 3400 magnus
2610 3331 2832 3395 Petrus,
2865 3346 3004 3385 cum
3042 3334 3210 3385 extra
3233 3330 3486 3401 januam

1840 3419 2040 3481 staret,
2081 3421 2298 3487 rogatu
2348 3416 2647 3489 discipuli,
2682 3417 2785 3491 qui
2833 3422 2959 3474 erat
2987 3416 3253 3491 pontifici
3282 3419 3487 3481 notus,

1839 3504 2219 3561 intromissus
2257 3505 2319 3561 in
2363 3506 2581 3562 atrium
2611 3504 2763 3563 fuit:
2797 3506 2901 3562 ubi
2940 3511 2998 3563 et
3047 3505 3265 3562 ancilla
3300 3505 3354 3561 ei
3382 3520 3488 3560 oc-

1842 3609 2107 3660 currens,
2150 3600 2203 3651 et
2252 3594 2357 3669 qui
2398 3594 2689 3651 sedebant
2728 3594 2808 3651 ad
2846 3610 3092 3668 prunas,
3148 3610 3287 3651 eum
3326 3608 3491 3650 coar-

1842 3688 2136 3754 guerunt;
2168 3687 2226 3738 et
2261 3682 2379 3739 alia
2430 3684 2482 3738 ei
2508 3688 2856 3753 evenerunt,
2879 3701 3018 3759 quae
3046 3683 3124 3741 ad
3150 3682 3490 3754 negationis

1842 3771 2236 3844 praecipitium
2263 3771 2664 3845 impulerunt;
2699 3772 2847 3833 dum
2880 3773 2992 3829 hos
3018 3771 3196 3845 lapsu
3216 3786 3493 3826 corruere

1843 3860 2172 3931 permissus
2210 3864 2302 3915 est
2342 3860 2613 3915 elationis
2652 3875 2772 3916 sum
2802 3875 2987 3915 causa
3016 3865 3072 3916 et
3102 3857 3492 3926 gloriationis.

1844 3949 2057 4005 Ablato
2114 3953 2314 4004 autem
2368 3965 2526 4016 aere,
2572 3954 2630 4004 et
2682 3954 2935 4006 retracto
2989 3949 3141 4017 velo,
3186 3948 3493 4023 portisque

1846 4037 2207 4111 patentibus,
2248 4053 2427 4092 mane
2477 4036 2625 4092 illud
2669 4036 2982 4106 ﬁguratur,
3021 4053 3145 4111 quo
3194 4036 3494 4093 Christum

1849 4126 2179 4181 abductum
2218 4125 2424 4181 Pontio
2452 4125 2633 4181 Pilato
2662 4124 2905 4199 praetori
2943 4125 3342 4183 tradiderunt.
3373 4127 3495 4181 Hoc

1848 4214 2009 4270 enim
2033 4219 2319 4285 tempore,
2350 4229 2566 4285 nempe
2597 4213 2747 4270 dum
2786 4219 2972 4287 portae
3004 4212 3222 4269 clausae
3255 4219 3414 4278 sunt,
3440 4217 3499 4268 et

1847 4302 2047 4357 velum
2091 4307 2478 4374 prmtensum,
2514 4302 2920 4358 subdiaconos
2972 4302 3114 4358 foris
3155 4317 3397 4357 manere
3435 4302 3495 4358 in

124 4399 333 4465 Ποντίῳ
380 4392 591 4463 Πιλάτῳ
638 4399 710 4462 τῷ
754 4394 1011 4463 ἡγεμόνι⁸
1054 4390 1102 4443 ἐν
1150 4393 1316 4464 τούτῳ
1355 4395 1455 4465 γὰρ
1496 4401 1567 4463 τῷ
1623 4412 1727 4444 και-

1850 4389 2209 4446 venerabilis
2260 4389 2464 4462 templi
2512 4392 2742 4464 spatiis,
2774 4392 2946 4465 quasi
2990 4391 3050 4447 in
3098 4392 3250 4446 sacri
3297 4390 3500 4447 altaris

124 4492 197 4557 ρῷ
265 4488 369 4542 τῆς
432 4489 533 4533 τῶν
601 4476 828 4555 θυρίδων
898 4475 1107 4537 δηλαδὴ
1175 4479 1413 4541 κλείσεως
1485 4500 1574 4531 και
1647 4489 1739 4533 τοῦ

126 4572 602 4643 καταπετάσματος
655 4572 774 4630 τούς
829 4563 1212 4630 ὑποδιακόνους
1256 4568 1435 4630 ἔξωθεν
1490 4571 1741 4621 ῖστασθαι

129 4660 176 4712 ἐν
212 4668 289 4731 τῷ
336 4659 521 4711 πλάτει
567 4664 659 4710 τοῦ
688 4659 826 4709 θείου
874 4663 1019 4723 ναοῦ,
1072 4656 1140 4716 ὠς
1188 4655 1238 4708 ἓν
1282 4654 1411 4728 αὐλῇ
1464 4658 1612 4728 τάχα
1649 4664 1740 4708 τοῦ

131 4756 330 4802 σεπτοῦ
382 4749 789 4823 θυσιαστηρίου,
822 4747 871 4796 οἱ
929 4745 1057 4797 θεῖοι
1106 4748 1321 4817 Πατέρες
1362 4740 1739 4815 διατετάχασι,

129 4842 194 4891 τὰ
245 4832 527 4890 σκάνδαλα
576 4834 631 4887 ἐκ
679 4839 844 4907 μέσου
902 4835 1152 4907 αἴροντες,
1201 4838 1291 4885 καὶ
1346 4836 1462 4893 τοὺς
1515 4830 1740 4896 ἀναιδῶς

130 4948 218 4979 και
278 4925 698 5000 ἀνερυθριάστως
759 4917 865 4973 ὧδε
917 4920 1128 4974 κάκεῖσε
1193 4925 1600 4999 περιτρέχοντας
1659 4921 1743 4974 ἔπι

135 5013 308 5088 βλάϐῃ
361 5021 465 5064 τῶν
518 5010 885 5085 ἀφελεστίρων,
927 5011 1010 5061 οἶά
1053 5029 1171 5063 τινα
1212 5006 1502 5067 παιδίσκην
1551 5010 1741 5064 ἀποσο-

134 5101 357 5162 ϐοῦντας
430 5120 520 5152 και
583 5096 1000 5163 ἀναστῧιλοντας,
1041 5098 1092 5151 οῖ
1164 5116 1223 5168 γε
1289 5102 1379 5150 καὶ
1419 5102 1552 5168 τό,‹‹
1586 5097 1742 5151 Ὀσοι

134 5210 358 5257 πιστοι,
432 5212 462 5239 ιι
529 5187 862 5261 ἑκφωνοῦντες
925 5189 1043 5243 τοὺς
1108 5178 1448 5261 παρεστῶτας
1527 5186 1742 5260 ἀσφαλί-

136 5281 355 5349 ζονται,
423 5284 520 5330 τοῦ
590 5283 869 5349 πτώματος
944 5282 1037 5327 τοῦ
1102 5280 1390 5348 κορυφαίου
1472 5285 1744 5348 μυστικῶς

134 5373 268 5423 κατά
339 5370 540 5426 ταύτην
603 5369 698 5426 τήν
762 5364 899 5435 ὤραν
964 5361 1479 5437 ἀναμιμνήσκοντες,
1550 5365 1614 5426 ὠς
1679 5364 1739 5417 ἃν

1851 4480 2023 4541 atrio,
2051 4477 2239 4534 sancti
2278 4480 2475 4533 Patres
2505 4479 2893 4545 mandarunt,
2918 4479 3207 4535 scandala
3235 4494 3266 4534 e
3296 4478 3499 4535 medio

1851 4568 2277 4637 subduceutes,
2313 4574 2369 4623 et
2397 4583 2500 4622 eos
2525 4567 2629 4641 qui
2661 4567 3059 4624 inverecunde
3097 4568 3503 4641 impudenter-

1850 4673 1968 4729 que
1988 4657 2106 4712 huc
2124 4655 2261 4711 illuc
2282 4656 2625 4711 discurrunt
2643 4672 2778 4710 cum
2799 4655 3230 4729 simpliciorum
3251 4656 3498 4722 damno,

1851 4746 2079 4801 ancillas
2110 4744 2431 4816 cujusdam
2478 4745 2668 4801 instar
2698 4745 3005 4823 abigentes
3036 4750 3091 4801 et
3119 4738 3493 4820 cohibentes:

1851 4836 1995 4889 Item
2045 4833 2126 4889 illi
2164 4835 2266 4907 qui
2306 4832 2406 4889 illa
2436 4833 2619 4889 verba
2667 4833 3039 4889 inclamant:
3081 4855 3107 4883 ‹‹
3148 4832 3502 4904 Quicunque

1850 4922 2076 4991 ﬁdeles,
2094 4944 2121 4971 ››
2142 4928 2468 4995 praesentes
2492 4938 2703 4977 omnes
2726 4937 2761 4976 a
2784 4921 2962 4995 lapsu
2991 4918 3197 4974 cavere
3223 4922 3501 4986 monent;

1852 5011 1998 5065 dum
2044 5009 2158 5065 illis
2190 5010 2578 5082 coryphaeum
2612 5010 2727 5065 hoc
2758 5015 3025 5081 tempore
3055 5008 3112 5062 iu
3142 5008 3502 5062 memoriam

1852 5105 2175 5165 revocant;
2215 5115 2291 5155 ne
2339 5101 2477 5172 quis
2516 5100 2755 5165 horum,
2799 5106 2960 5154 metu
3000 5101 3101 5152 aut
3132 5093 3271 5151 dolo
3311 5094 3503 5151 subri-

1851 5188 2069 5261 piente,
2089 5188 2167 5243 ab
2198 5187 2269 5243 iis
2297 5189 2400 5261 qui
2432 5203 2670 5261 semper
2689 5188 2746 5242 in
2773 5185 3101 5258 punitionis
3127 5184 3334 5257 prunis
3365 5188 3505 5241 sunt

1852 5276 2263 5341 daemonibus,
2302 5278 2509 5346 igneas
2560 5276 2948 5346 cogitationes
2999 5272 3403 5344 injicientibus
3442 5272 3505 5329 in

1850 5367 2035 5422 corda
2093 5367 2478 5440 potissimum
2539 5364 2751 5420 virtute
2800 5362 3244 5429 sublimiorum,
3305 5366 3503 5418 mente

203 5565 322 5655 (27)
357 5561 573 5622 Velum
598 5574 821 5635 nempe
845 5559 1195 5659 persubtile,
1225 5575 1349 5673 quo
1378 5576 1474 5627 res
1503 5576 1692 5641 sacrae
1718 5561 1783 5649 in
1820 5561 1993 5645 altari
2022 5562 2394 5654 operiuntur.

852 5714 861 5755 ί
878 5735 881 5741 ,

2351 5702 2357 5725 l
