4028 6308
548 313 652 371 447

1826 302 2183 362 THEODORI
2217 297 2638 359 ANDIDENSIS

3817 302 3947 358 448

549 437 819 511 torpeat;
857 431 1093 491 etiamsi
1131 445 1257 490 non
1301 432 1482 504 sputa
1525 431 1760 487 tantum
1801 432 1858 486 et
1911 428 2199 501 colaphos

2316 430 2386 499 μή
2439 445 2516 487 τις
2563 425 2778 493 τούτων,
2832 422 2969 496 φόϐῳ
3021 424 3052 484 ἣ
3102 421 3238 499 δόλῳ
3280 425 3517 495 κλαπεὶς,
3567 426 3666 479 ὑπὸ
3716 431 3836 479 τῶν
3893 425 3942 477 ἐν

548 528 805 600 reputet,
844 539 1056 582 verum
1109 522 1288 578 etiam
1343 520 1706 591 sanguinem
1752 523 1811 576 et
1857 517 2199 592 passionem

2312 523 2376 588 τῇ
2431 519 2577 587 πυρᾷ
2629 522 2725 575 τῆς
2780 512 3043 577 κολάσεως
3108 511 3188 568 ἀεὶ
3256 515 3547 575 ἑστηκότων
3609 511 3939 588 δαιμόνων,

550 620 928 686 mortemque
959 611 1060 669 Dei
1084 610 1407 668 memorari
1445 609 1692 666 audiat:
1728 611 1785 665 et
1810 606 2205 665 nihilominus

551 705 726 778 quasi
770 703 870 759 Dei
913 699 1383 775 impassibilitati
1412 699 1644 769 favens,
1673 698 1923 755 omnino
1950 700 2005 753 et
2034 695 2204 752 indo-

547 793 796 850 lentiam
843 790 1075 863 absque
1112 788 1237 846 ulla
1274 788 1555 846 molestia
1595 788 1945 861 insipienter
1988 783 2205 855 largia-

550 885 675 938 tur:
707 884 888 953 atque
918 879 999 936 ita
1020 878 1082 935 in
1106 878 1524 935 haereticorum
1553 875 2073 949 phantasticorum
2101 872 2207 929 ba-

546 971 821 1029 rathrum
868 968 1192 1037 deferatur,
1223 971 1281 1025 et
1329 971 1515 1024 totam
1547 966 1761 1022 Christi
1799 961 2206 1021 oeconomiam

544 1062 609 1118 in
635 1074 860 1118 arcana
884 1058 1103 1115 mentis
1135 1073 1262 1114 suae
1293 1055 1538 1113 ofﬁcina
1565 1055 1840 1112 videatur
1870 1067 2113 1124 negare.

2312 607 2566 678 πυρίνους
2616 606 2737 665 τούς
2780 601 3064 676 λογισμούς
3113 602 3342 657 ἐνιέντων
3390 605 3461 668 εἰς
3506 607 3601 668 τὰς
3650 601 3938 679 καρδίας,

2313 693 2545 767 μάλιστα
2574 700 2673 746 τῶν
2716 693 3046 765 ὑψηλοτέρων
3080 695 3196 748 κατ’
3225 693 3433 771 ἀρετήν,
3465 693 3663 773 όκλάση
3703 699 3803 749 τὸν
3848 694 3941 746 λο-

2312 784 2505 855 γισμὸν
2535 780 2595 835 ού
2623 786 2776 855 μόνον
2816 781 3148 855 ἐκπτυσμοὺς
3185 787 3273 835 καὶ
3312 784 3664 857 κολαφισμοὺς
3712 783 3935 846 ἐννοῶν,

2314 870 2444 924 ἀλλὰ
2480 874 2569 924 καὶ
2613 871 2746 945 αἷμα
2793 875 2883 923 καὶ
2920 873 3083 934 πάθος
3122 871 3322 925 ἀκούων
3367 881 3501 927 Θεοῦ
3531 878 3623 927 καὶ
3656 876 3896 926 θάνατον
3922 894 3936 906 ·

2311 958 2582 1014 κάντεῦθεν
2643 963 2712 1022 ὡς
2766 966 3051 1035 συνήγορος
3115 958 3273 1021 δῆθεν
3330 966 3478 1031 Θεοῦ,
3534 966 3591 1016 τὸ
3657 961 3941 1024 παντελῶς

2315 1048 2599 1122 ἀνάλγητον
2648 1049 2789 1120 αύτῷ
2837 1054 2928 1102 καὶ
2986 1047 3246 1103 ἀνώδυνον
3300 1050 3522 1112 ἀνοήτως
3572 1056 3897 1126 χαρίσηται
3924 1073 3936 1084 ·

547 1155 635 1203 καὶ
675 1149 835 1210 οὕτως
866 1148 932 1210 εἰς
972 1151 1030 1200 τό
1070 1151 1434 1200 Φανταστικῶν
1464 1147 1843 1217 κατενεχθῆναι
1894 1141 2185 1217 βάραθρον,
2211 1142 2302 1190 καὶ
2344 1139 2565 1212 ἄρνησιν
2602 1138 2899 1212 οἰκονομίας
2936 1146 3028 1200 τῆς
3058 1138 3180 1202 ὅλης
3228 1147 3464 1215 Χριστοῦ
3495 1139 3543 1193 ἕν
3588 1148 3663 1211 τῷ
3700 1148 3939 1216 κρυπτῷ

546 1246 638 1300 τῆς
669 1236 904 1300 διανοίας
931 1236 1263 1313 ἐργαστηρίῳ
1295 1236 1471 1309 ὀφθείη
1504 1237 1829 1307 ποιούμενος.

619 1332 706 1383 22.
740 1327 974 1384 Videsis
1003 1330 1205 1383 autem
1232 1324 1543 1399 quomodo
1569 1322 1693 1379 divi
1724 1325 1925 1379 Patres
1950 1335 2048 1377 res
2074 1334 2199 1376 ma-

550 1420 653 1491 gni
686 1419 840 1476 Petri
884 1419 1003 1474 hoc
1031 1418 1165 1474 loco
1212 1414 1630 1489 repraesentari
1657 1412 1973 1477 voluerint,
2006 1414 2072 1468 ut
2115 1425 2202 1466 re-

548 1513 761 1583 putare
792 1508 1124 1581 possimus,
1146 1506 1311 1579 quod
1340 1505 1385 1561 si
1412 1504 1686 1561 Ecclesiae
1714 1500 2199 1567 fundamentum,

550 1613 732 1671 super
760 1613 883 1670 quo
912 1597 1046 1669 ipsa
1084 1594 1443 1651 mdiﬁcanda
1485 1610 1627 1650 mox
1654 1596 1798 1662 crat,
1828 1590 2205 1648 Providentia

550 1687 634 1743 sic
675 1687 1051 1759 disponente,
1088 1700 1261 1741 sacro
1311 1684 1660 1757 episcopatu
1708 1681 1971 1754 spoliari,
2006 1685 2061 1737 et
2103 1680 2205 1737 tali

550 1779 841 1848 tantoque
867 1775 1043 1848 lapsu
1067 1789 1349 1848 proruere
1381 1773 1779 1847 periclitatum
1809 1774 1916 1841 est,
1943 1770 2048 1844 qui
2075 1769 2204 1826 ﬁeri

550 1864 785 1939 poterit,
834 1868 901 1920 ut
947 1862 1223 1920 hodierni
1266 1861 1452 1936 aliqui
1501 1877 1742 1919 sacrum
1787 1863 2203 1933 episcopatum

548 1953 798 2010 minime
842 1952 957 2009 sibi
1003 1952 1460 2009 convenientem
1511 1950 1734 2023 adepti,
1761 1950 1823 2006 in
1869 1949 1985 2006 tale
2030 1948 2206 2004 bara-

548 2043 749 2100 thrum
780 2058 903 2099 non
930 2042 1245 2099 incidant?
1283 2040 1562 2099 Nonnulli
1591 2056 1730 2097 vero
1756 2040 1926 2097 aiunt
1954 2038 2203 2095 subdia-

548 2148 733 2189 conos
758 2131 932 2205 quasi
962 2132 1286 2207 imaginem
1312 2135 1544 2202 gestare
1570 2130 1780 2200 legalis
1797 2129 1997 2200 virgae,
2016 2144 2201 2202 quam

548 2222 689 2279 olim
717 2237 905 2279 manu
948 2222 1234 2279 tenebant
1270 2221 1308 2276 ii
1340 2221 1443 2294 qui
1482 2221 1714 2293 pascha
1740 2218 1888 2275 illud
1930 2218 2205 2275 comede-

546 2312 728 2368 bant:
759 2311 907 2383 quia
931 2310 1222 2366 nimirum
1254 2309 1610 2366 subdiaconi
1638 2308 1782 2365 foris
1808 2308 2201 2364 consistentes

547 2399 809 2473 quietem
858 2414 896 2454 a
945 2398 1224 2455 ﬁdelibus
1280 2398 1544 2469 exigunt,
1598 2401 1665 2453 ut
1712 2396 2203 2453 commoditatem

546 2487 813 2543 habeant
835 2487 938 2559 qui
968 2487 1128 2543 intus
1159 2490 1298 2542 sunt
1318 2486 1658 2543 sacerdotes
1686 2485 1891 2542 divina
1919 2483 2205 2558 mysteria

542 2574 981 2647 imperturbate
1012 2574 1363 2646 peragendi.

617 2665 710 2720 23.
751 2662 909 2729 Quid
944 2666 1145 2718 autem
1186 2662 1508 2719 dicendum
1536 2662 1610 2719 de
1649 2661 2020 2729 ventilabris,
2065 2677 2201 2736 quas

552 2750 795 2808 diaconi
824 2752 1061 2808 interim
1096 2767 1282 2808 manu
1310 2756 1533 2818 tenent,
1562 2756 1618 2808 et
1644 2751 1908 2809 celeriter
1936 2768 2202 2809 commo-

550 2844 692 2898 vent
734 2857 919 2914 supra
952 2857 1043 2897 res
1089 2845 1357 2911 sanctas,
1389 2842 1564 2914 quasi
1604 2842 1856 2909 attoniti,
1888 2858 2081 2914 usque
2123 2841 2202 2898 ad

548 2929 1060 3003 complementum
1090 2937 1368 3001 augustas
1414 2930 1641 3003 precis:
1678 2952 1705 2980 «
1732 2930 1885 2987 Mitte
1919 2929 2201 3003 Spiritum

548 3023 825 3075 sanctum
854 3024 1025 3077 tuum
1054 3034 1236 3091 super
1259 3035 1372 3076 nos
1405 3024 1462 3076 et
1494 3035 1674 3093 super
1700 3020 2011 3093 proposita
2039 3019 2202 3077 dona

544 3107 716 3164 haec?
738 3130 765 3159 »
788 3107 1049 3165 Audacis
1076 3125 1239 3165 same
1268 3108 1491 3179 lingua:
1517 3113 1605 3165 est
1624 3108 1699 3164 de
1727 3108 1821 3164 his
1849 3109 2065 3177 dicere,
2094 3108 2200 3164 sed

543 3196 689 3269 quia
730 3196 915 3254 semel
944 3197 1235 3254 mandato
1260 3198 1526 3269 jubentis
1552 3198 1865 3268 cessimus,
1895 3198 2095 3268 agesis
2125 3197 2200 3254 de

544 3285 639 3341 his
670 3300 916 3357 quoque
960 3286 1306 3358 loquamur,
1333 3291 1514 3358 prout
1546 3290 1700 3342 Deus
1744 3287 2110 3343 concesserit
2145 3290 2202 3343 et

545 3372 844 3444 siquidem
869 3373 999 3429 aliis
1020 3390 1265 3447 quoque
1288 3375 1447 3431 dicta
1468 3380 1675 3431 nostra
1694 3360 1911 3431 fuerint
1929 3379 2196 3447 accepta,

546 3464 666 3518 Deo
698 3462 814 3518 sint
853 3463 1090 3532 gratias;
1125 3468 1280 3520 certe
1311 3464 1480 3520 haud
1518 3465 1767 3521 omnino
1802 3464 2201 3536 vituperanda

545 3551 673 3607 fore
703 3551 842 3619 scio,
874 3566 1071 3624 neque
1114 3556 1282 3609 extra
1310 3552 1451 3608 ﬁdei
1491 3553 1833 3609 christianae
1875 3553 2189 3623 dogmata.

546 3639 810 3697 Dicimus
835 3655 998 3710 ergo,
1031 3640 1259 3714 ubique
1285 3645 1343 3697 et
1372 3657 1612 3710 semper
1640 3642 1900 3697 astitisse
1930 3642 2200 3699 ccelestes

543 3732 870 3803 potestates
910 3730 1140 3787 Christo
1184 3731 1456 3801 Domino,
1498 3731 1598 3787 illa
1634 3747 1778 3788 vero
1816 3732 2199 3804 potissimum

543 3822 719 3876 nocte
761 3836 885 3893 qua
926 3820 1177 3876 traditus
1220 3820 1348 3878 fuit.
1382 3824 1532 3893 lpste
1572 3820 1752 3890 igitur
1791 3820 2059 3877 videntes
2097 3821 2198 3878 ab-

542 3906 890 3965 ductionem
918 3908 995 3965 ad
1024 3909 1334 3983 Caipham,
1360 3924 1560 3965 coram
1594 3915 1766 3966 Anna
1790 3910 2200 3983 praesentatio-

542 4010 701 4069 nem,
732 3996 887 4054 falsa
919 3997 1278 4067 testimonia,
1309 3997 1492 4068 virgte
1522 3997 1966 4071 percussiones,
1999 4001 2197 4072 sputa,

543 4085 854 4157 colaphos,
896 4085 998 4142 illa
1038 4087 1383 4143 Iudaeorum
1433 4087 1724 4159 convicia,
1769 4087 2118 4144 coccineum
2164 4103 2200 4143 a

542 4173 831 4229 militibus
857 4175 1208 4246 impositum
1247 4175 1693 4244 indumentum,
1735 4176 2008 4249 spineam
2035 4190 2201 4233 coro-

542 4275 709 4329 nam,
751 4260 1133 4318 adorationes
1178 4278 1317 4319 cum
1365 4262 1513 4333 risu,
1556 4269 1611 4319 et
1656 4279 2036 4337 quaecunque
2083 4263 2202 4321 alia

542 4349 888 4406 divinorum
939 4351 1397 4423 evangeliorum
1450 4358 1766 4409 enumerat
1813 4354 2100 4422 narratio,
2145 4356 2202 4409 et

2243 1801 2283 1856 Β

2242 3126 2283 3182 C

542 4440 841 4527 quotquot
864 4442 1110 4510 propter
1130 4440 1578 4497 multitudinem
1612 4442 1864 4497 fortasse
1890 4441 2197 4514 praeteriit;
2230 4473 2275 4527 Β

543 4526 623 4583 ad
651 4526 782 4582 haec
830 4527 1069 4595 singula
1101 4528 1497 4600 ambigentes,
1536 4534 1592 4586 et
1631 4530 1934 4602 patientia:
1965 4531 2199 4600 magni-

541 4613 750 4672 tudine
779 4614 1299 4687 obstupescentes,
1324 4616 1506 4673 facies
1538 4633 1680 4675 suas
1704 4618 1989 4685 velantes,
2013 4622 2202 4675 semet

542 4702 934 4761 avertebant:
995 4718 1328 4778 rursusque
1385 4706 1623 4763 Domini
1676 4707 1770 4763 sui
1822 4707 2199 4779 majestatem

540 4796 900 4866 reverentes,
923 4793 1221 4851 redibant.
1249 4795 1435 4868 quue
1462 4795 1724 4866 agebant
1752 4812 1943 4870 usque
1972 4796 2051 4854 ad
2080 4796 2199 4854 ela-

541 4882 764 4941 tionem
810 4883 873 4939 in
925 4898 1187 4940 crucem.
1238 4884 1393 4941 Finis
1442 4885 1603 4942 enim
1658 4886 1925 4959 corporis
1969 4886 2198 4944 crucia-

541 4976 734 5042 tuum,
768 4976 825 5029 et
864 4973 1213 5045 iguominite
1256 4989 1330 5030 ex
1381 4974 1477 5032 his
1514 4976 1839 5043 manantis,
1873 4991 2019 5032 crux
2044 4975 2195 5046 fuit;

542 5075 678 5133 quae
727 5076 942 5134 rcapse
971 5060 1162 5131 gloria
1199 5061 1436 5127 exstitit,
1487 5077 1612 5118 non
1658 5063 2018 5134 ignominia;
2057 5064 2200 5121 hinc

543 5150 703 5207 enim
748 5149 1168 5223 operationum
1212 5165 1283 5206 ac
1325 5151 1616 5207 virtutum
1657 5152 1892 5210 deitatis
1921 5152 2196 5219 initium;

542 5235 683 5292 hinc
703 5235 799 5293 ille
825 5237 1118 5308 generalis
1143 5238 1502 5295 universalis
1524 5242 1919 5309 terraamotus,
1942 5245 2000 5298 et
2020 5242 2200 5298 trium

542 5322 830 5379 horarum
860 5324 1125 5382 tenebrae
1159 5326 1222 5383 in
1252 5325 1540 5383 universa
1564 5331 1758 5396 terra;
1790 5343 1902 5385 nec
1931 5344 2055 5386 non
2083 5327 2202 5384 veli

542 5427 614 5468 ac
654 5417 962 5481 petrarum
1011 5414 1241 5485 scissio,
1269 5419 1328 5473 et
1372 5420 1907 5474 monumentorum
1949 5417 2198 5491 apertio,

542 5498 804 5571 denique
851 5505 1234 5559 mortuorum
1281 5504 1659 5575 resurrectio,
1707 5508 1766 5562 et
1819 5520 2201 5579 quaecunque

544 5588 620 5645 ad
652 5587 878 5647 inferos
909 5588 1285 5651 descendens
1317 5592 1589 5653 Salvator
1617 5593 1772 5653 fecit.

2380 1317 2488 1391 κβ.
2538 1322 2724 1371 Σκόπει
2776 1314 2836 1371 δὲ
2876 1326 2983 1380 πῶς
3030 1320 3079 1371 οἱ
3124 1321 3394 1373 θεσπέσιοι
3444 1324 3667 1395 Πατέρες
3718 1322 3795 1373 τὰ
3839 1327 3937 1372 τοῦ

2310 1407 2538 1478 μεγάλου
2597 1410 2794 1479 Πέτρου
2845 1405 3294 1482 παραδεδώκασιν
3349 1408 3572 1463 ἐνταῦθα
3636 1405 3937 1464 εἰδοποιεῖ-

2313 1496 2458 1562 σθαι,
2513 1494 2575 1546 ἵν’
2632 1498 2842 1569 ἔχοιμεν
2904 1496 3206 1569 λογίζεσθαι
3260 1499 3346 1568 ὡς,
3409 1501 3547 1571 εἴπερ
3606 1498 3632 1550 ό
3689 1498 3935 1571 θεμέλιος

2310 1592 2406 1645 τῆς
2446 1582 2780 1654 Ἐκκλησίας,
2832 1583 2906 1657 ἐφ’
2965 1585 3019 1638 ὃν
3072 1587 3204 1644 αὕτη
3254 1583 3652 1660 οἰκοδομεῖσθαι
3690 1585 3930 1660 ἔμελλεν,

2312 1672 2651 1745 οἰκονομικῶς
2691 1680 2784 1735 τῆς
2836 1675 2972 1734 θείας
3019 1672 3313 1736 ἐπισκοπῆς
3355 1673 3644 1749 ἀμοιρῆσαι
3689 1683 3764 1746 τῷ
3824 1695 3931 1733 τη-

2311 1768 2532 1817 νικαῦτα
2567 1766 2657 1815 καὶ
2707 1770 2900 1835 πτῶμα
2942 1770 3175 1816 τοιοῦτον
3214 1766 3542 1837 κατενεχθεὶς
3583 1762 3931 1817 ἀπόλλυσθαι

2313 1847 2620 1917 ἐκινδύνευε,
2672 1859 2783 1914 πῶς
2831 1848 3052 1906 δυνατόν
3104 1872 3249 1916 τινας
3303 1861 3404 1905 τῶν
3459 1861 3546 1906 νῦν
3598 1858 3782 1922 ὄντων,
3847 1859 3923 1926 μὴ

2311 1949 2403 2001 τῆς
2462 1942 2834 2013 προσηκούσης
2906 1943 3046 2003 θείας
3110 1941 3404 2003 ἐπισκοπῆς
3467 1946 3557 1995 καὶ
3621 1942 3927 2016 ἐπιμελείας

2310 2031 2687 2101 τυγχάνοντας,
2747 2033 2879 2105 πρὸς
2937 2036 3171 2084 τοιοῦτον
3231 2036 3303 2104 μὴ
3362 2038 3669 2084 καταπεσεῖν
3740 2030 3927 2106 βάρα-

2314 2120 2472 2193 θρον;
2520 2122 2664 2181 Τινὲς
2708 2115 2767 2172 δὲ
2803 2118 3042 2190 λέγουσιν
3093 2123 3158 2181 ὡς
3203 2123 3364 2175 τύπον
3412 2125 3577 2195 φέρειν
3618 2124 3742 2183 τοὺς
3789 2123 3927 2173 ὑπο-

2313 2204 2588 2269 διακόνους
2633 2217 2723 2269 τῆς
2776 2218 2996 2281 νομικῆς
3042 2205 3245 2284 ῥάϐδου
3303 2218 3393 2270 τῆς
3450 2209 3926 2285 ἐγκεχειρισμένης

2310 2304 2422 2359 τοῖς
2457 2302 2516 2349 1'6
2550 2300 2750 2370 Πάσχα
2779 2297 2939 2351 έκεῖνο
2984 2297 3224 2351 ἐσθίουσι
3251 2320 3263 2333 ·
3307 2294 3451 2351 διότι
3486 2307 3588 2351 τῶν
3624 2295 3927 2351 ὑποδιακό-

2310 2406 2406 2438 νων
2455 2386 2634 2449 ἔξωθεν
2678 2385 3030 2441 ἀπαιτούντων
3081 2391 3206 2449 τοὺς
3258 2390 3500 2453 πιστοὺς,
3541 2391 3637 2447 τὴν
3685 2386 3777 2440 ὑπ’
3827 2388 3929 2440 αύ-

2310 2482 2409 2526 τῶν
2449 2473 2728 2550 ἀταραξίαν
2774 2478 2963 2529 ὡσανεὶ
3007 2475 3168 2550 βάσιν
3212 2478 3413 2549 ἔχοντες
3457 2471 3603 2529 ἔνδον
3649 2478 3701 2529 οἱ
3743 2478 3926 2550 ἱερεῖς,

2312 2562 2592 2637 ἀταράχως
2631 2574 2730 2617 τῶν
2777 2567 2921 2619 θείων
2965 2570 3271 2641 μυστηρίων
3310 2565 3797 2639 μεταλαμϐάνουσι.

2381 2654 2460 2726 κγ’
2497 2659 2560 2709 Τί
2609 2651 2662 2707 δ’
2708 2656 2769 2707 ἄν
2818 2675 2899 2717 τις
2946 2658 3080 2708 εἴποι
3126 2661 3244 2731 περὶ
3290 2664 3389 2708 τῶν
3440 2658 3585 2709 θείων
3634 2653 3922 2731 ῥιπιδίων,

2310 2743 2431 2816 ἄρτι
2473 2741 2937 2819 ἐγκεχειρισμένων
2992 2751 3102 2808 τοῖς
3141 2742 3428 2811 διακόνοις,
3476 2749 3567 2797 καὶ
3618 2744 3703 2797 ὑπ’
3742 2745 3922 2798 αὐτῶν

2313 2836 2662 2904 στρεφομένων
2729 2832 2896 2885 ἐπάνω
2960 2842 3061 2885 τῶν
3126 2834 3287 2906 ἁγίων
3314 2873 3329 2900 ,
3398 2836 3461 2895 ὡς
3527 2833 3574 2886 ἐν
3644 2833 3919 2903 ἐκπλήξει,

2310 2921 2445 2995 ἄχρι
2476 2921 2900 2997 συμπληρώσεως
2931 2922 3005 2985 εἰς
3046 2926 3126 2990 τό,
3156 2946 3184 2975 ‹‹
3219 2923 3571 2997 Κατάπεμψον
3608 2926 3667 2976 τὸ
3702 2927 3924 2998 Πνεῦμά

2312 3028 2406 3062 σου
2450 3014 2508 3062 1'6
2557 3011 2704 3082 ἅγιον
2749 3011 2845 3084 ἔφη
2869 3014 3011 3084 ἡμᾶς
3048 3016 3138 3065 καὶ
3177 3011 3261 3065 ἐπὶ
3304 3015 3372 3065 τὰ
3410 3016 3723 3086 προκείμενα
3765 3011 3925 3090 δῶρα

2309 3106 2494 3165 ταῦτα,
2543 3120 2572 3150 »
2624 3109 2722 3160 τῆς
2770 3099 3034 3154 θεολέκτου
3079 3109 3435 3176 προσευχῆςς
3495 3102 3767 3175 Τολμηρόν
3827 3104 3921 3177 μὲν

2309 3184 2396 3240 ούν
2444 3191 2501 3240 τό
2546 3193 2665 3264 περὶ
2724 3192 2919 3242 τούτων
2968 3192 3286 3262 φθέγγεσθαι
3334 3194 3446 3243 ἔτιο
3505 3189 3611 3244 ἐπεὶ
3659 3187 3716 3244 δ’
3772 3192 3924 3254 ἅπαξ

2308 3277 2583 3350 ύπείξαμεν
2633 3286 2696 3351 τῇ
2746 3277 2916 3350 ἐντολῇ
2966 3285 3059 3330 τοῦ
3117 3278 3471 3347 κελεύσαντος,
3506 3283 3621 3354 φέρε
3658 3284 3753 3333 καὶ
3796 3286 3920 3355 περὶ

2307 3368 2501 3419 τούτων
2528 3370 2764 3438 εἴπωμεν,
2801 3363 3048 3430 διδόντος
3086 3375 3220 3421 Θεοῦ
3242 3386 3256 3401 ·
3299 3369 3345 3420 εἰ
3375 3372 3466 3439 μὶν
3493 3373 3578 3420 καὶ
3609 3375 3718 3430 τοῖς
3744 3368 3922 3429 ἄλλοις

2310 3451 2490 3521 δεκτὰ,
2518 3463 2590 3526 τῷ
2645 3463 2757 3514 Θεώ
2803 3458 2966 3531 χάρις
2987 3473 3000 3487 ⁸
3035 3456 3093 3509 ού
3127 3460 3229 3531 γὰρ
3261 3459 3429 3515 πάντη
3470 3456 3639 3528 ψεκτά
3671 3454 3728 3510 εὖ
3767 3456 3916 3526 οἶδα,

2308 3541 2423 3596 οὐδ’
2464 3544 2559 3606 ἔξω
2595 3552 2695 3596 τῶν
2728 3541 3001 3617 δογμάτων
3030 3553 3123 3607 τῆς
3158 3553 3258 3597 τῶν
3302 3554 3635 3620 Χριστιανῶν
3662 3552 3916 3610 πίστεως.

2310 3635 2475 3704 Φαμὲν
2518 3629 2606 3685 οὖν
2651 3633 2715 3694 ὡς
2761 3636 2981 3687 πάντοτε
3026 3637 3117 3708 μὲν
3156 3631 3493 3697 ἀδιαστάτως
3540 3643 3787 3710 παρῆσαν
3828 3641 3916 3689 καὶ

2309 3718 2557 3794 δυνάμεις
2607 3721 2844 3796 οὐράνιαι
2890 3731 2964 3794 τῷ
3022 3728 3255 3797 Δεσπότῃ
3320 3732 3576 3799 Χριστῷ,
3634 3723 3916 3797 ἐξαιρέτως

2309 3807 2369 3863 δὲ
2421 3809 2469 3863 ἓν
2519 3818 2583 3883 τῇ
2641 3816 2788 3864 νυκτὶ
2845 3814 3010 3885 ταύτῃ
3161 3809 3454 3885 παρεδόθη.
3515 3811 3682 3867 Αὖται
3737 3818 3913 3867 τοίνυν

2308 3899 2508 3974 ὁρῶσαι
2535 3904 2628 3958 τὴν
2656 3902 2788 3973 πρός
2819 3902 3058 3973 Καῑάφαν
3098 3899 3405 3973 ἀπαγωγὴν,
3434 3906 3530 3960 τὴν
3558 3905 3688 3977 πρὸς
3723 3901 3913 3955 ’Ἀνναν

2308 3991 2662 4064 παράστασιν,
2704 3992 2796 4051 τὰς
2842 3986 3323 4065 ψευδομαρτυρίας,
3363 3992 3431 4043 τὰ
3470 3991 3802 4065 ῥαπίσματα,
3850 3994 3916 4044 τὰ

2309 4075 2673 4151 ἐμπτύσματα,
2729 4080 2798 4131 τὰ
2852 4077 3237 4151 κολαφίσματα,
3305 4082 3400 4137 τὴν
3456 4078 3653 4152 χλεύην
3715 4081 3915 4138 ἐκείνην

2308 4174 2408 4218 τῶν
2455 4162 2751 4237 Ἰουδαίων,
2777 4175 2877 4220 τῶν
2925 4174 3258 4242 στρατιωτῶν
3297 4171 3534 4221 κόκκινον
3573 4165 3792 4240 ἔνδυμα,
3827 4173 3915 4222 τόν

2310 4252 2363 4318 ἐξ
2397 4254 2631 4307 ἀκανθῶν
2669 4260 2936 4329 στέφανον,
2967 4258 3060 4319 τὰς
3089 4258 3221 4329 μετὰ
3245 4258 3468 4328 γέλωτος
3495 4261 3909 4331 προσκυνήσεις,

2309 4343 2470 4397 τᾶλλα
2521 4345 2693 4397 πάντα
2743 4346 2846 4397 ὅσα
2896 4346 2927 4403 ἡ
2983 4353 3084 4398 τῶν
3144 4347 3290 4398 θείων
3337 4345 3660 4417 Εύαγγελὶων
3715 4347 3919 4421 ἱστορεί

2311 4429 2347 4486 δ
2352 4438 2582 4505 ιὴγησις,
2610 4436 2699 4486 καὶ
2727 4434 2829 4486 ὅσα
2865 4429 2960 4486 διὰ
2986 4437 3045 4486 τὸ
3074 4433 3273 4497 πλῆθος
3316 4436 3439 4496 ῖσως
3465 4433 3794 4509 παρέλειψεν,
3840 4434 3915 4507 ἐφ’

2310 4521 2515 4593 ἑκάστῳ
2567 4529 2668 4574 τῶν
2725 4525 3004 4595 γινομένων
3071 4517 3426 4595 διαποροῦσαι
3479 4527 3571 4575 καὶ
3627 4520 3914 4581 ἐκπληττό-

2310 4629 2458 4684 μεναι
2500 4618 2593 4672 τῆς
2640 4612 3003 4684 μακροθυμίας
3040 4613 3099 4664 τὸ
3147 4611 3380 4683 μέγεθος,
3412 4609 3778 4664 καλύπτουσαι
3818 4614 3914 4674 τὰς

2311 4698 2505 4752 ἑαυτῶν
2545 4700 2709 4771 ἅψεις,
2740 4698 3115 4774 ἀπεστρέφοντο
3134 4716 3150 4734 ·
3182 4704 3272 4752 καὶ
3297 4699 3449 4752 πάλιν
3476 4704 3571 4758 τὴν
3603 4695 3914 4754 δεσποτείαν

2311 4784 2639 4862 αἰδούμεναι,
2673 4789 3106 4861 ἀνθυπέστρεφον.
3134 4795 3298 4842 Τοῦτο
3330 4784 3390 4841 δε
3419 4786 3626 4841 ἐποίουν
3656 4789 3795 4860 οῖχρι
3821 4796 3915 4849 τῆς

2310 4875 2394 4930 ἔπι
2434 4884 2663 4952 σταυροῦ
2700 4876 3011 4948 ἀενυψὼσεως
3037 4893 3050 4908 ·
3078 4877 3221 4939 τέλος
3257 4878 3359 4949 γὰρ
3395 4884 3497 4929 τῶν
3533 4884 3625 4929 τοῦ
3675 4882 3915 4950 σώματος

2308 4967 2486 5020 παθῶν
2515 4985 2606 5019 και
2633 4975 2729 5029 τῆς
2758 4965 2842 5018 ἐπι
2867 4968 3069 5028 τούτοις
3093 4966 3360 5038 αἰσχύνης
3391 4967 3417 5018 ὁ
3448 4969 3675 5040 σταυρὸς
3702 4971 3911 5039 γέγονε·

2310 5055 2366 5119 ὃς
2413 5052 2544 5120 δόξα
2586 5055 2777 5129 μᾶλλον
2818 5075 2910 5108 και
2952 5055 3047 5107 οὐκ
3095 5055 3328 5128 αἰσχύνη
3362 5072 3375 5087 ·
3426 5053 3571 5130 ἀρχὴ
3615 5057 3718 5129 γάρ
3768 5056 3915 5116 οὗτος

2309 5153 2409 5198 τῶν
2460 5143 2721 5218 ἐνεργειῶν
2762 5164 2854 5198 και
2905 5141 3171 5218 δυνάμεων
3217 5152 3309 5205 τῆς
3361 5146 3637 5206 θεότητος’
3688 5142 3914 5198 ἐντεῦθεν

2308 5237 2406 5311 γὰρ
2448 5236 2474 5287 ό
2510 5238 2765 5307 κοσμικὸς
2794 5233 2981 5298 ἐκεῖνος
3014 5236 3230 5307 σεισμὸς
3268 5253 3358 5286 και
3386 5237 3445 5287 τὸ
3476 5238 3695 5309 τρίωρον
3726 5239 3914 5297 σκότος

2309 5321 2394 5377 ἔπι
2423 5330 2599 5378 πᾶσαν
2638 5328 2731 5383 την
2760 5333 2882 5397 γῆν,
2914 5327 2944 5384 ἦ
2985 5343 3040 5377 τε
3068 5330 3161 5376 τοῦ
3190 5325 3658 5397 καταπετάσματος
3693 5343 3793 5376 και
3818 5332 3915 5377 τῶν

2308 5421 2503 5489 πετρῶν
2535 5410 2571 5466 δ
2575 5412 2831 5489 ιάρῥηξις,
2859 5433 2948 5466 και
2989 5414 3019 5472 ἡ
3052 5421 3153 5465 τῶν
3197 5414 3482 5486 μνημάτων
3521 5411 3771 5475 ἐξάνοιξις
3793 5428 3808 5443 ·
3840 5415 3916 5464 ἔτι

2309 5523 2369 5576 γε
2414 5508 2517 5578 μὴν
2560 5505 2589 5562 ἡ
2640 5522 2737 5555 των
2781 5511 2969 5578 νεκρῶν
3017 5501 3324 5568 ἀνάστασις,
3374 5521 3466 5555 και
3512 5502 3613 5555 ὅσα
3670 5500 3721 5554 ἓν
3778 5496 3911 5572 ᾅδου

2309 5593 2565 5649 κατελθὼν
2594 5594 2621 5648 ό
2651 5598 2828 5671 Σωτὴρ
2857 5593 3162 5669 εἰργάσατο.
