4028 6308
506 365 609 432 451

511 681 667 741 runt,
717 674 1010 730 dicamus.
1054 673 1334 730 Absolute
1378 675 1606 731 dictum
1663 682 1767 730 est.
1803 699 1829 725 ‹‹
1877 676 2160 748 Accipite,

511 765 891 834 manducate,
924 787 952 813 »
985 763 1139 836 stylo
1192 764 1557 820 didascalico
1584 769 1642 821 et
1681 766 2010 821 hortatorio
2040 771 2164 820 tan-

511 871 697 926 quam
745 853 822 909 ad
853 869 1064 909 omnes
1108 853 1406 925 homines,
1441 870 1596 926 quos
1648 863 1899 927 paterno
1946 854 2164 910 affectu

510 944 630 999 divi
676 946 872 998 Patres
924 943 1346 1011 cohortantur;
1383 949 1445 998 ut
1486 942 1758 999 infideles
1805 943 2052 1015 quidem
2083 943 2164 998 ad

509 1033 693 1087 ﬁdem
715 1031 1024 1098 accedant,
1048 1031 1214 1087 haud
1263 1033 1322 1086 vi
1362 1032 1456 1088 vel
1480 1034 1827 1088 necessitate
1849 1033 2031 1101 ducti,
2057 1032 2164 1086 sed

510 1121 906 1194 persuasione
952 1121 1152 1192 potius
1211 1125 1390 1192 atque
1435 1122 1620 1177 animi
1672 1122 1997 1192 proposito,
2026 1136 2163 1192 quae

511 1225 722 1281 reapse
754 1214 841 1264 est
861 1208 1054 1263 cultus
1101 1208 1362 1276 fideique
1407 1209 1526 1264 lex.
1560 1211 1886 1281 Postquam
1911 1225 2049 1264 vero
2071 1224 2163 1264 ac-

513 1299 953 1362 cesserimus,et
975 1312 1144 1352 sacro
1165 1297 1527 1369 baptismate
1560 1298 1832 1354 mundati
1852 1297 2159 1367 fuerimus,

514 1388 597 1442 sic
627 1387 873 1442 demum
904 1386 1069 1454 digni
1102 1388 1289 1441 simus
1314 1387 1662 1442 solidiorem
1690 1387 2045 1456 dogmatum
2064 1387 2169 1442 ali-

514 1477 786 1532 moniam
817 1475 1096 1547 recipere.
1118 1475 1210 1529 Ait
1235 1475 1390 1530 enim
1425 1492 1684 1545 magnus
1716 1477 1963 1532 Basilius
1995 1492 2166 1533 sacro

513 1565 876 1637 baptismate
925 1563 1197 1618 nondum
1229 1563 1423 1619 tinctis
1459 1582 1470 1619 :
1506 1587 1532 1614 «
1567 1565 1744 1621 Mellis
1788 1565 2166 1620 dulcedinem

515 1653 826 1726 quomodo
873 1650 1202 1721 signiﬁcem
1241 1652 1656 1720 ignorantibus
1677 1655 1704 1709 ?
1733 1655 1976 1710 Gustate
2003 1659 2056 1710 et
2088 1656 2168 1710 vi-

518 1744 664 1804 dete,
699 1743 978 1811 quoniam
1018 1743 1216 1796 suavis
1248 1747 1329 1796 est
1357 1743 1644 1798 Dominus
1673 1745 1741 1796 ³ο.
1773 1765 1800 1793 ››
1829 1744 1938 1809 Qui
1966 1749 2168 1799 tamen

513 1831 642 1902 jam
659 1828 1117 1896 crediderunt,et
1146 1829 1462 1884 orthodoxi
1493 1837 1678 1885 cmtus
1707 1833 1982 1887 membra
2005 1836 2166 1898 sunt,
2201 1855 2238 1908 Β

517 1935 590 1975 ne
615 1919 861 1974 omnino
887 1917 1289 1973 indifferenter
1303 1925 1359 1973 et
1383 1919 1507 1974 sine
1526 1919 1879 1992 probatione
1903 1925 2166 1975 sumant.

519 2007 665 2063 Dicit
718 2007 877 2062 enim
919 2006 1283 2077 Apostolus:
1317 2027 1344 2055 «
1379 2009 1592 2064 Probet
1635 2016 1833 2064 autem
1881 2025 1942 2064 se
1968 2010 2168 2080 ipsum

517 2098 956 2168 unusquisque,
991 2103 1047 2152 et
1075 2097 1157 2152 sic
1197 2097 1271 2152 de
1293 2113 1449 2170 pane
1476 2098 1576 2153 illo
1621 2100 1778 2167 edat,
1803 2104 1856 2154 et
1884 2099 1957 2154 de
1989 2098 2170 2154 calice

516 2187 769 2242 bibat”.
798 2209 825 2234 ››
859 2187 1362 2256 Unumquemque
1384 2193 1586 2241 autem
1617 2187 1730 2242 hoc
1760 2188 1892 2242 loco
1935 2187 2076 2242 dicit
2106 2187 2172 2241 ﬁ~

517 2277 734 2332 delem.
764 2276 874 2340 Qui
912 2290 1054 2344 ergo
1104 2277 1378 2330 conscius
1425 2282 1513 2331 est
1573 2293 1636 2332 se
1690 2293 1821 2332 esse
1851 2278 2171 2346 indignum

518 2365 733 2419 horum
755 2363 1230 2434 participatione,
1246 2378 1440 2434 neque
1462 2380 1699 2420 sumere
1726 2366 1945 2420 audeat
1975 2382 2171 2436 neque

519 2451 908 2508 manducare.
933 2451 1156 2506 Idcirco
1181 2451 1423 2506 dictioni
1445 2473 1474 2501 «
1499 2454 1745 2524 accipite
1776 2475 1802 2503 »
1827 2471 1947 2509 non
1965 2463 2050 2510 est
2071 2454 2172 2511 ad-

521 2540 714 2595 ditum
744 2561 772 2589 «
825 2554 1060 2594 omnes.
1095 2561 1121 2587 ››
1168 2539 1227 2594 Id
1284 2545 1391 2606 est,
1445 2541 1714 2612 accipite,
1765 2542 1867 2613 qui
1918 2543 2174 2614 probata

523 2627 889 2683 conscientia
919 2629 1078 2681 estis.
1110 2631 1173 2681 In
1219 2627 1518 2684 locutione
1546 2635 1745 2686 autem
1773 2653 1800 2680 ‹‹
1825 2631 2009 2686 bibite
2040 2648 2171 2686 om-

523 2733 631 2772 nes
665 2739 692 2766 η
713 2717 805 2771 lex
859 2715 1043 2770 fertur
1088 2716 1581 2790 participantibus
1620 2719 1893 2776 divinum
1932 2737 2170 2793 corpus,

527 2805 828 2860 mandans
857 2804 948 2861 his
987 2804 1315 2876 dicensque
1362 2823 1375 2860 :
1430 2809 1614 2863 Nemo
1672 2824 1880 2864 eorum
1931 2809 2036 2880 qui
2094 2809 2173 2864 ad

525 2909 760 2949 sacram
786 2893 1063 2965 synaxim
1099 2893 1513 2963 admittuntur,
1537 2912 1740 2952 secum
1771 2896 1949 2965 dicat,
1972 2913 2174 2953 necess

524 2983 752 3038 sarium
801 2997 923 3038 non
966 2996 1095 3037 esse
1125 2981 1200 3037 de
1227 2983 1519 3053 sanguine
1548 3000 1793 3057 quoque
1819 2985 2040 3056 bibere,
2066 2987 2172 3042 sed

523 3087 734 3128 omnes
783 3075 1079 3144 quotquot
1129 3071 1402 3127 divinum
1443 3089 1662 3146 corpus
1706 3075 2071 3148 sumpsistis,
2097 3075 2172 3130 de

522 3160 705 3215 calice
733 3176 978 3232 quoque
1010 3160 1286 3215 divinum
1312 3162 1665 3234 sanguinem
1696 3163 1879 3219 bibite
1914 3183 1926 3218 :
1962 3169 2026 3219 ut
2056 3165 2174 3221 hoc

521 3250 703 3304 etiam
729 3249 845 3304 ritu
874 3253 1121 3304 naturas
1150 3249 1303 3306 duas
1334 3251 1394 3304 in
1414 3266 1675 3322 persona
1694 3268 1817 3308 una
1839 3253 2047 3308 Christi
2073 3252 2172 3308 Dei

523 3337 710 3391 nostri
739 3336 1141 3392 conﬁteamini
1165 3355 1177 3404 ;
1209 3343 1389 3408 atque
1418 3339 1601 3401 hunc,
1623 3345 1913 3412 tanquam
1936 3340 2174 3396 liberta-

524 3423 598 3479 tis
663 3423 874 3478 mundi
925 3424 1181 3494 pretium
1231 3432 1444 3496 sponte
1502 3427 1786 3483 collatum
1844 3435 2168 3484 sumentes.

525 3517 832 3585 postremo
857 3527 964 3567 vos
1007 3513 1121 3583 ipsi
1173 3513 1502 3569 libertatem
1553 3518 2025 3588 consequemini.
2055 3521 2174 3573 Hoc

525 3606 724 3658 autem
756 3600 815 3655 in
841 3599 1000 3655 illius
1038 3604 1674 3659 commemorationem
1721 3606 1917 3661 facere
1965 3607 2174 3661 admo-

524 3705 776 3746 nemur.
825 3691 892 3744 Et
941 3689 1185 3761 quidem
1236 3689 1454 3746 locutio
1516 3709 1529 3746 :
1597 3715 1625 3743 «
1685 3693 2173 3767 Quotiescunque

523 3778 967 3836 manducabitis
1015 3795 1233 3851 panem
1281 3780 1444 3835 hunc
1481 3786 1539 3836 et
1580 3782 1826 3837 calicem
1882 3783 2171 3851 bibetis,»

522 3869 914 3938 demonstrat,
936 3867 1152 3925 debere
1208 3869 1322 3925 hoc
1373 3871 1638 3942 quotidie
1688 3872 1817 3927 ﬁeri
1858 3872 1936 3928 ab
1967 3873 2038 3927 iis
2069 3874 2174 3944 qui

521 3964 798 4028 possunt,
828 3957 1082 4030 ejusque
1103 3974 1212 4030 pro
1237 3958 1412 4014 nobis
1441 3960 1789 4032 passionem
1830 3961 2170 4030 gloriﬁcari,

521 4052 580 4102 et
609 4063 800 4120 usque
834 4047 913 4103 ad
958 4048 1292 4104 secundum
1322 4049 1452 4119 ejus
1483 4049 1809 4119 gloriosum
1843 4051 2173 4108 adventum

523 4135 946 4191 concelebrari.

593 4315 682 4364 27.
719 4313 782 4365 Et
808 4315 941 4382 post
964 4313 1270 4370 recitatam
1301 4329 1541 4385 precem
1567 4317 1828 4372 ostendit
1852 4319 2174 4391 episcopus

522 4414 619 4454 res
651 4403 890 4454 sanctas
919 4398 1126 4454 dicens
1152 4418 1164 4454 :
1201 4422 1230 4450 ι(
1254 4404 1318 4457 Et
1347 4401 1439 4457 fac
1461 4408 1526 4457 ut
1563 4407 1738 4474 panis
1766 4405 1861 4460 hic
1880 4406 1953 4461 sit
1972 4407 2173 4477 ipsum

523 4486 852 4558 pretiosum
883 4503 1101 4557 corpus
1127 4490 1361 4544 Domini
1394 4491 1494 4545 Dei
1533 4507 1602 4546 ac
1633 4494 1960 4548 Servatoris
1987 4494 2173 4549 nostri

522 4577 664 4631 Jesu
689 4574 893 4629 Christi
918 4593 930 4641 ;
963 4576 1129 4646 quod
1159 4583 1357 4633 autem
1387 4579 1552 4636 estin
1577 4581 1692 4636 hoc
1721 4581 1919 4650 calice,
1947 4581 2019 4637 sit
2043 4582 2173 4653 ipse

525 4661 821 4735 pretiosus
869 4663 1116 4732 sanguis
1168 4665 1377 4722 Christi
1429 4667 1533 4737 tui,
1584 4668 1913 4725 immutans
1963 4679 2172 4727 sancto

527 4751 747 4825 Spiritu
771 4756 894 4819 tuo,
919 4751 1026 4822 qui
1050 4751 1276 4808 effusus
1296 4753 1403 4811 fuit
1431 4771 1541 4827 pro
1571 4757 1785 4813 mundi
1823 4761 1965 4814 vita.
1995 4760 2172 4824 »Qua=:

1200 4870 1243 4903 ²¹
1289 4872 1306 4922 l
1335 4873 1466 4926 Cor.
1496 4888 1576 4939 x1,
1609 4875 1698 4926 28.

598 4984 712 5062 (29)
742 4984 1020 5062 Proponit
1060 4983 1156 5062 hic
1195 4985 1433 5062 Graecus
1474 4986 1664 5062 homo
1702 4992 1997 5062 tanquam
2043 5006 2173 5062 per-

525 5055 892 5125 emptionem
947 5055 1157 5111 Christi
1207 5055 1403 5125 legem
1451 5057 1525 5112 de
1582 5055 2007 5116 communione
2044 5055 2174 5116 'sub

524 5130 776 5204 utraque
802 5127 1018 5204 specie.
1047 5126 1159 5182 Sed
1191 5126 1409 5182 videsis
1437 5129 1600 5204 apud
1634 5130 1942 5204 theologos
1972 5133 2175 5204 apolo-

526 5195 656 5284 gi‘as
682 5195 974 5284 plurimas
995 5213 1136 5284 Δι)ιότ
1159 5195 1604 5284 communionis
1631 5200 1745 5255 sub
1772 5195 1948 5284 unica
1977 5195 2175 5284 specie

523 5269 661 5341 ritu,
688 5282 811 5341 quo
837 5267 1086 5341 utuntur
1115 5267 1322 5324 Latini.
1349 5271 1545 5341 Exstat
1571 5286 1813 5341 quoque
1840 5267 2033 5329 Allatii
2061 5275 2175 5330 hac

527 5335 600 5415 de
629 5335 1042 5415 redisputatio
1080 5355 1191 5415 pro
1241 5340 1490 5406 Latinis;
1534 5335 1736 5413 neque
1778 5344 1938 5399 enim
1964 5361 2176 5400 omnes

524 5403 710 5460 Graeci
738 5403 1170 5464 contradicunt.

597 5477 712 5545 (30)
755 5481 809 5554 ε.
857 5481 1058 5534 Petrus
1100 5479 1386 5554 Damiani
1437 5497 1537 5554 op.
1572 5483 1666 5538 cit.
1709 5499 1772 5539 n.
1820 5488 1851 5540 8
1895 5503 1907 5539 :
1961 5487 2176 5543 Faciat

525 5550 931 5626 unusquisque
951 5550 1111 5620 quod
1124 5553 1292 5626 pium
1313 5550 1632 5626 crediderit
1658 5570 1780 5611 esse
1796 5557 2173 5626 faciendum;

526 5619 737 5675 hortor
771 5619 978 5677 tamen
1006 5621 1278 5676 omnibus
1325 5623 1532 5680 diebus
1574 5619 1902 5684 Dominicis
1934 5643 2056 5686 esse
2076 5619 2176 5686 su;

593 4867 643 4902 ²⁰
681 4865 833 4923 Psal.
859 4883 1046 4939 xxxui,
1072 4872 1123 4924 9.

1771 361 2126 433 THEODORI
2162 355 2584 432 ANDIDENSIS

582 504 672 555 26.
701 498 1017 571 Reliquum
1043 501 1151 569 est,
1183 500 1247 554 ut
1273 497 1450 555 etiam
1475 497 1641 571 quod
1665 497 1743 555 ad
1773 515 2163 556 communem
2197 506 2244 556 Α

431 640 436 644 .
511 587 821 644 utilitatem
843 601 913 642 ac
935 586 1347 656 magisterium
1375 590 1587 658 postea
1609 587 1846 660 mystici
1875 604 2162 660 exposue-

3809 355 3951 422 452

2343 497 2434 560 κς.
2477 503 2674 550 Λοιπον
2734 493 2793 548 δὲ
2848 501 2938 548 καὶ
2996 498 3054 547 τὸ
3109 493 3175 556 εἰς
3241 498 3417 552 κοινὴν
3486 493 3758 566 ὠφέλειαν
3832 496 3951 542 καὶ

2273 583 2626 639 διδασκαλίαν
2670 587 2798 658 μετὰ
2842 591 3009 636 ταῦτα
3060 585 3159 636 ὑπὸ
3208 592 3307 636 τῶν
3354 583 3716 655 μυστηπόλων
3792 576 3954 632 δια-

2271 679 2588 748 τυπούμενον
2643 672 2941 745 διηγητέον.
2995 673 3177 734 Απλώς
3225 675 3428 748 εἴρηται
3467 676 3523 724 τὸ
3584 694 3610 721 ι(
3655 670 3947 734 Λάϐετε,

2273 765 2478 836 φάγετε,
2518 785 2546 813 »
2602 768 2741 835 νόμῳ
2799 759 3157 823 διδασκαλίας
3198 765 3286 813 καὶ
3343 765 3696 833 παραινέσεως
3775 762 3952 831 πρὸς

2270 855 2468 912 πάντας
2564 849 2866 924 ἀνθρώπους
2898 893 2910 915 ,
2986 855 3365 922 πατρικώτερον
3453 852 3674 911 τούτους
3813 856 3946 898 τῶν

2275 942 2418 993 θείων
2483 943 2721 1012 Πατέρων
2780 939 3234 1013 παρακαλούντων,
3257 939 3342 990 ἱνα
3394 941 3442 990 οἱ
3504 942 3592 1010 {ra
3661 938 3946 989 ἄπιστοι

2272 1037 2333 1101 τῇ
2369 1035 2540 1081 πίστει
2588 1028 2964 1102 προσέλθωσιν,
3015 1028 3073 1079 οὗ
3115 1026 3212 1100 βίᾳ
3241 1033 3341 1079 τινὶ
3374 1029 3404 1086 ἦ
3438 1025 3635 1099 ἀνάγκη
3680 1029 3943 1098 ἀἹόι“ε’

2271 1138 2350 1169 νοι
2376 1162 2390 1185 ,
2426 1119 2600 1169 πειθοῖ
2651 1113 2709 1168 δὲ
2767 1116 2955 1187 μᾶλλον
2996 1121 3084 1166 καὶ
3132 1119 3430 1190 προαιρέσει
3470 1115 3678 1185 ψυχῆς,
3719 1117 3942 1185 ὅσπερ

2275 1203 2341 1263 δὴ
2406 1212 2556 1276 νόμος
2613 1205 2850 1278 λατρείας
2902 1208 2992 1255 καὶ
3042 1208 3268 1264 πίστεως
3323 1225 3335 1237 ο
3387 1203 3774 1276 προσελθόντες
3834 1200 3938 1268 δὲ,

2273 1301 2362 1347 καὶ
2412 1292 2505 1346 διὰ
2550 1303 2640 1346 τού
2697 1296 2833 1346 θείου
2899 1292 3272 1365 βαπτίσματος
3330 1295 3687 1366 καθορθέντες,
3757 1292 3940 1343 οὓτω

2273 1384 2670 1455 χαταξιωθὼμεν
2743 1379 2998 1444 δέξασθαι
3047 1389 3139 1442 τῆς
3186 1388 3394 1455 στερεᾶς
3440 1391 3536 1433 τῶν
3599 1379 3939 1454 δογμάτων

2272 1480 2465 1546 τροφῆς
2494 1492 2505 1504 ·
2539 1471 2674 1541 λέγει
2718 1473 2818 1544 γὰρ
2869 1471 2894 1521 ὁ
2943 1475 3105 1542 μέγας
3155 1470 3421 1532 Βασίλειος
3467 1478 3577 1530 τοῖς
3627 1469 3943 1542 ἀμυήτοις

2276 1569 2366 1612 τού
2422 1562 2558 1611 θείου
2602 1557 3010 1630 βαπτίσματος,
3066 1581 3092 1607 ‹‹
3149 1559 3448 1617 Γλυκύτητα
3517 1558 3726 1630 μέλιτος
3796 1566 3940 1617 πῶς

2278 1647 2563 1719 ἀναγγείλω
2634 1654 2740 1708 τοίς
2818 1646 3101 1718 ἁγνοούσι;
3145 1649 3409 1699 Γεύσασθε
3469 1652 3557 1699 καὶ
3612 1644 3760 1699 ἴδετε
3827 1647 3930 1697 ὅτι

2277 1739 2518 1809 χρηστός
2573 1737 2598 1786 ὁ
2650 1738 2860 1808 Κύριος.
2895 1757 2922 1784 ›)
2975 1737 3040 1786 Οἱ
3094 1741 3267 1807 μέντοι
3314 1731 3420 1793 ἤδη
3484 1739 3928 1797 πιστεύσαντες,

2278 1829 2368 1876 καὶ
2420 1833 2512 1876 τοῦ
2559 1833 2659 1875 τῶν
2725 1821 3016 1899 ὀρθοδοξων
3079 1830 3415 1896 συστήματος
3469 1829 3622 1896 μέρος
3664 1825 3926 1894 τυγχά-

2278 1931 2474 1980 νοντες,
2543 1916 2614 1984 μὴ
2675 1915 2878 1974 πάντως
2940 1911 3115 1972 ἁπλῶς
3183 1909 3553 1984 ἀδοκιμάστως
3628 1911 3860 1963 λάϐωσι
3905 1933 3921 1942 ·

2277 2002 2409 2073 λέγει
2446 2005 2544 2075 γὰρ
2577 2003 2602 2052 ὁ
2644 2001 2962 2063 Ἀπόστολος
3007 2019 3020 2032 ο
3073 2024 3101 2051 ι(
3144 2003 3476 2064 Δοκιμαζετω
3533 1998 3592 2052 δὲ
3664 2001 3922 2060 ἕκαστος

2281 2090 2502 2157 ἑαυτὸν,
2551 2110 2639 2142 και
2692 2089 2850 2150 οὕτως
2904 2089 2958 2141 ἐκ
3015 2098 3105 2141 τοῦ
3174 2089 3332 2164 ἄρτου
3393 2089 3625 2151 ἐσθιέτω,
3682 2095 3778 2140 καὶ
3852 2093 3922 2140 ἐκ

2279 2188 2370 2231 τού
2434 2184 2688 2253 ποτηρίου
2745 2183 2950 2232 πινέτω.
2998 2202 3025 2227 ››
3085 2177 3340 2230 Ἐκαστον
3400 2174 3458 2230 δὲ
3513 2176 3740 2229 ἐνταῦθα
3809 2182 3916 2230 τόν

2278 2273 2464 2320 πιστόν
2526 2287 2703 2339 φησιν.
2762 2267 2854 2329 ’ος
2926 2276 3048 2338 γοῦν
3113 2265 3349 2319 σύνοιδεν
3419 2270 3600 2318 εαυτόν
3673 2265 3916 2328 ἀνάξιον

2281 2357 2403 2408 ὂντα
2435 2364 2532 2416 τῆς
2584 2359 2774 2408 τούτων
2827 2355 3158 2427 μεταλήψεως
3180 2400 3195 2425 ,
3229 2361 3352 2427 μήτε
3401 2355 3573 2407 λαϐεῖν
3639 2355 3908 2427 τολμήσῃ

2281 2451 2413 2516 μήτε
2459 2451 2638 2516 φαγεῖν
2686 2464 2702 2478 ο
2745 2448 2932 2496 τούτου
2998 2447 3098 2516 γὰρ
3158 2442 3316 2496 ἕνεκεν
3381 2442 3654 2514 ἆπέλειῲον
3717 2442 3770 2495 ἄν
3826 2452 3916 2513 τῷ

2283 2555 2311 2584 ‹‹
2344 2533 2522 2586 λάϐετε
2552 2556 2580 2583 ››
2624 2537 2706 2596 τὸ,
2757 2555 2785 2583 ι(
2827 2537 3012 2593 πάντες
3047 2555 3058 2565 ·
3095 2555 3123 2582 n
3165 2538 3427 2600 τουτέστι,
3469 2531 3668 2586 Λάϐετε
3703 2535 3755 2584 οἱ
3801 2530 3914 2585 δε-

2284 2619 2658 2694 δοκιμασμένοι
2699 2627 2794 2680 τὴν
2836 2619 3161 2679 συνείδησιν.
3199 2625 3268 2674 Τὸ
3309 2619 3368 2674 δε
3415 2621 3464 2673 ἐν
3510 2631 3582 2692 τῷ
3608 2666 3622 2692 ,
3656 2643 3684 2672 «
3741 2628 3911 2674 πίετε

2280 2716 2488 2779 πάντες,
2530 2734 2558 2761 »
2617 2716 2767 2782 νόμος
2815 2710 2927 2764 ἐστὶ
2996 2710 3100 2771 τοῖς
3164 2712 3496 2784 μετειληφόσι
3577 2720 3672 2764 τοῦ
3743 2714 3910 2764 θείου

3765 2807 3906 2857 Μη-

2284 2887 2392 2952 δεὶς
2448 2899 2548 2942 τῶν
2584 2896 2676 2941 τοῦ
2727 2891 2864 2942 θείου
2919 2894 3158 2961 σώματος
3205 2889 3622 2951 καταξιωθέντων
3662 2889 3909 2961 μεταλα-

2285 2807 2525 2874 σὼματος
2552 2843 2566 2868 ,
2603 2800 3074 2875 παρακελευόμενος
3129 2804 3334 2862 τούτοις
3369 2807 3458 2853 καὶ
3522 2801 3682 2873 λέγων
3716 2821 3728 2833 ·

2282 2982 2386 3030 ὅεῖν
2433 2982 2570 3030 εἴποι
2597 2981 2726 3052 πρὸς
2757 2977 2936 3030 ἑαυτὸν
2993 2981 3060 3039 ὡς
3102 2978 3196 3029 οὐκ
3259 2981 3536 3049 ἀναγκαῖόν
3576 2977 3721 3029 ἐστὶν
3750 2986 3907 3030 πιεῖν

2281 3072 2371 3118 καὶ
2447 3065 2547 3118 ἀπὸ
2613 3073 2704 3117 του
2762 3068 2977 3138 αἳματος
3053 3067 3210 3135 (29)⁶
3245 3066 3372 3118 ἀλλὰ
3436 3069 3622 3126 πάντες
3660 3067 3783 3118 ὅσοι
3843 3065 3906 3116 ἐκ

2282 3163 2373 3207 τοῦ
2411 3161 2648 3226 σώματος
2693 3153 3011 3227 μετελάϐετε,
3040 3160 3129 3206 καὶ
3177 3153 3232 3205 ἐκ
3285 3163 3378 3207 τοῦ
3433 3153 3480 3205 ἐν
3524 3162 3598 3224 τῷ
3646 3160 3904 3228 ποτηρίῳ

2284 3245 2420 3295 θείου
2466 3243 2678 3315 αἳματος
2725 3248 2866 3295 πίετε
2899 3265 2910 3275 ·
2945 3242 3029 3294 ἱνα
3074 3248 3164 3294 καὶ
3202 3246 3368 3314 τούτῳ
3401 3247 3495 3303 τας
3553 3240 3652 3294 δύο
3707 3247 3902 3314 φύσεις

2280 3338 2371 3383 τοῦ
2429 3329 2478 3381 ἐν
2531 3337 2630 3402 μ.ιᾴ
2688 3330 2980 3383 ὑποστάσει
3040 3337 3272 3404 Χριστοῦ
3347 3338 3481 3383 Θεοῦ
3543 3331 3693 3402 ἡμῶν
3756 3332 3896 3383 ὑπο-

2277 3419 2514 3494 γράψητε
2541 3440 2553 3452 ·
2595 3424 2684 3470 καὶ
2723 3422 2792 3480 ὡς
2843 3424 3000 3490 τιμὴν
3055 3427 3207 3470 τούτο
3237 3419 3364 3493 ὑπὲρ
3405 3426 3496 3479 τῆς
3537 3427 3631 3471 τού
3676 3424 3895 3490 κόσμου

2280 3506 2566 3580 ἐλευθερίας
2632 3507 2878 3568 ἑκουσίοις
2929 3507 3345 3565 καταϐληθεῖσαν
3411 3504 3726 3579 δεχόμενοι,
3797 3525 3893 3560 τε-

2278 3596 2424 3658 λείως
2475 3602 2567 3648 καὶ
2616 3596 2764 3648 αὐτοὶ
2821 3596 3059 3659 τεύξεσθε
3102 3604 3197 3658 τῆς
3257 3596 3564 3670 ἐλευθερίας.
3605 3601 3772 3649 Τοῦτο
3827 3594 3890 3649 δε

2280 3694 2441 3738 ποιεῖν
2495 3682 2588 3738 διὰ
2666 3688 2852 3746 παντὸς
2908 3686 2975 3746 εἰς
3026 3691 3119 3744 τὴν
3168 3685 3354 3738 ἐκείνου
3422 3685 3712 3759 ἀνάμνησιν
3783 3685 3887 3739 ἐπ-

2279 3777 2572 3847 ετράπημεν
2605 3795 2617 3806 ·
2650 3778 2708 3826 τὸ
2891 3795 2918 3822 ι(
2957 3776 3173 3836 Ὁσάκις
3230 3774 3291 3826 ἂν
3347 3773 3555 3832 ἐσθίητε
3585 3779 3672 3826 τὸν
3725 3775 3887 3847 ὶρτσν

2278 3871 2479 3926 τοῦτον,
2512 3866 2602 3913 καὶ
2633 3867 2690 3913 τὸ
2742 3868 2990 3936 ποτήριον
3030 3870 3180 3914 τοῦτο
3227 3867 3424 3934 πίνητε,
3455 3885 3484 3912 »
3525 3870 3673 3914 τοῦτο
3703 3859 3885 3932 δηλοῖ,

2280 3952 2351 4011 ὡς
2393 3951 2512 4002 καθ’
2560 3950 2784 4007 ἑκάστην
2838 3953 3033 4024 ἡμέραν
3079 3955 3188 4022 χρὴ
3226 3959 3376 4003 τοῦτο
3439 3949 3696 4003 τελεῖσθαι
3737 3953 3890 4024 παρὰ

2279 4048 2379 4091 τῶν
2433 4035 2729 4110 δυναμένων
2761 4042 2898 4109 (30),
2931 4043 3020 4092 καὶ
3069 4043 3136 4091 τὰ
3179 4041 3306 4114 ὑπὲρ
3355 4041 3501 4112 ἡμῶν
3536 4039 3697 4092 αὑτοῦ
3736 4041 3887 4096 πάθη

2282 4125 2544 4195 δοξάζειν,
2574 4131 2664 4178 καὶ
2690 4125 2926 4198 ἁνυμνιῖν
2966 4127 3100 4199 ἁχρι
3147 4135 3243 4188 τῆς
3291 4124 3538 4202 δευτέρας
3593 4131 3756 4180 αὑτοῦ
3793 4134 3891 4181 καὶ

2281 4212 2494 4278 ἐνδόξου
2515 4219 2830 4289 παρουσίας.

2351 4321 2450 4382 κζ’.
2498 4327 2597 4374 Καὶ
2646 4325 2777 4394 μετὰ
2818 4327 2910 4380 τὴν
2977 4321 3297 4395 ἐπαγομένην
3355 4323 3520 4395 εὐχὴν
3573 4321 3887 4376 ἀναδείκνυ-

2282 4431 2364 4463 σιν
2391 4413 2417 4462 ό
2476 4409 2753 4484 ἀρχιερεύς
2794 4414 2860 4463 τὰ
2906 4411 3034 4482 ἅγια
3069 4454 3083 4478 ,
3143 4412 3300 4484 λέγων
3333 4431 3347 4443 ο
3385 4418 3485 4466 Καὶ
3535 4418 3754 4470 ποίησον
3794 4417 3885 4466 τὸν

2279 4504 2369 4571 μὲν
2417 4498 2572 4573 ἆρτον
2620 4507 2800 4551 τοῦτον
2846 4500 2972 4552 αύτὸ
3025 4505 3102 4552 τὸ-
3140 4505 3311 4572 τίμιον
3371 4510 3525 4573 σῶμα
3551 4511 3640 4554 τοῦ
3682 4507 3882 4576 κυρίου

2279 4593 2369 4640 καὶ
2395 4594 2521 4641 Θεου
2577 4593 2664 4640 καὶ
2704 4595 2941 4660 Σωτῆρος
2983 4590 3128 4661 ἡμῶν
3183 4589 3359 4646 Ἰησοῦ
3410 4597 3648 4662 Χριστοῦ
3675 4605 3690 4620 ⁸
3725 4594 3783 4642 τὸ
3820 4587 3883 4643 δὲ

2281 4675 2329 4728 ἐν
2393 4685 2466 4746 τῷ
2531 4682 2766 4749 ποτηρίῳ
2821 4681 2986 4748 τούτῳ
3056 4678 3183 4730 αὐτὸ
3239 4683 3298 4730 τὸ
3364 4684 3536 4751 τίμιον
3592 4681 3724 4751 «Eua:
3787 4685 3882 4732 τού

2279 4771 2516 4838 Χριστοῦ
2575 4784 2690 4833 σου,
2736 4765 3037 4837 μεταϐαλὼν
3075 4767 3187 4835 (⁸31)
3226 4775 3298 4836 τῷ
3356 4770 3618 4839 Πνεύματί
3673 4787 3768 4821 σου
3807 4777 3880 4839 τῷ

2282 4995 2579 5068 mendum,
2604 4996 2657 5050 si
2685 5001 2885 5068 tamen
2936 5011 3097 5052 mens
3147 5012 3268 5052 non
3299 4998 3375 5052 sit
3397 4999 3458 5053 in
3491 5000 3714 5068 a/fectu
3740 5014 3879 5066 pec-

2281 5067 2478 5141 candi.
2521 5067 2704 5121 Graeci
2747 5066 3042 5141 hodierni,
3074 5073 3138 5122 ut
3189 5068 3392 5135 audio,
3421 5066 3632 5141 quater
3668 5069 3878 5126 saltem

2281 5138 2340 5191 in
2373 5151 2534 5191 anno
2565 5139 3034 5192 communicant.

2354 5210 2464 5272 (31)
2505 5207 2886 5280 Concorditer
2916 5208 3099 5264 Graeci
3130 5209 3475 5265 mutationis
3496 5210 3723 5280 dogma
3743 5226 3878 5267 con-

2281 5277 2543 5352 fitentur,
2575 5279 2679 5333 sed
2704 5293 2824 5352 non
2847 5295 3058 5335 omnes
3085 5281 3334 5352 modum
3359 5277 3683 5352 explicant.
3706 5283 3877 5338 Crito-

2281 5348 2461 5426 pulus
2520 5364 2656 5426 cap.
2697 5349 2941 5426 9:'_f_Za-n
3004 5353 3106 5422 γὰρ
3165 5349 3366 5426 ἀληθῶς
3435 5348 3588 5424 σῶμα
3645 5361 3879 5426 Χριστοῦ

2282 5421 2308 5470 ὁ
2351 5421 2768 5498 ἱερουργούμενος
2789 5423 2980 5502 ὀὶρτος,
3021 5421 3207 5502 καὶσὺ
3266 5421 3316 5474 ἐν
3373 5432 3446 5494 τῷ
3483 5421 3720 5496 ποτηρὶᾠ
3752 5423 3877 5495 αἷμα

2283 5488 2538 5565 Χριστού
2586 5488 2944 5565 ἀναμφιϐόλως
2979 5508 2993 5521 ⁸
3035 5494 3060 5543 ὁ
3103 5488 3162 5565 δὲ
3222 5488 3424 5565 τρόπος
3473 5503 3565 5556 τῆς
3622 5488 3876 5556 ’τοιαύτης

2283 5560 2569 5642 gemens}
2629 5560 2890 5642 (ξ’)νῲστος
2925 5568 3035 5642 ,καί
3085 5560 3486 5642 ἀνερμῆνερυτοφ
3543 5569 3645 5642 En_
3675 5571 3874 5642 tamen

2280 5632 2346 5688 in
2373 5632 2494 5691 alia
2527 5632 2792 5690 Ecclesia.
2842 5633 3155 5691 Orientalis
3178 5632 3582 5694 confessione
3628 5637 3876 5696 Nectarii
