4028 6308
109 371 220 446 ἃδε

1344 375 1839 453 COMMENTAle
1878 375 2268 454 LlTURGlCA.

3379 377 3485 456 1154

312 513 448 585 (32),
501 518 562 566 τὸ
608 513 829 586 ἰκχυθὲν
878 518 1006 591 ὑπὲρ
1037 525 1240 578 τῆςτοῦ
1266 521 1469 591 κόσμον
1502 520 1662 581 ζωῆς
1697 541 1724 569 )›

1849 519 2044 592 utique
2072 521 2460 591 agnoscimus
2481 525 2537 579 et
2566 522 2890 590 credimus,
2926 521 3011 578 ita
3039 522 3482 593 transmutaris,

107 603 144 652 ἁ
199 599 278 661 δή
343 609 434 655 καὶ
492 610 815 677 γινώσκομεν
871 612 961 659 καὶ
1011 610 1342 680 πιστεύομεν,
1394 612 1528 661 οὕτω
1575 629 1728 681 μετα-

109 694 376 744 ποςῖσθαι
431 695 496 753 ὡς
542 695 571 751 ἡ
625 692 894 754 ἐπίκλησις
949 697 1082 765 ἔχει.
1144 695 1278 748 Ἀλλ’
1330 698 1546 768 ὀμέγας
1577 702 1730 749 Βασί-

109 781 251 840 λειος
308 779 425 833 ἀντὶ
475 784 591 852 (33)
635 790 725 834 τοῦ
767 783 1065 853 μεταϐαλὼν
1108 794 1180 854 τῷ
1226 789 1486 857 Πνεῦματί
1533 806 1626 837 σον
1657 795 1729 858 τῷ

108 868 278 939 ἁγίῳ,
357 875 414 922 τὸ
479 871 737 942 Ἐηχυθεν
768 873 890 946 ὑπὲρ
948 880 1040 924 τοῦ
1084 892 1284 945 κοσμου
1346 878 1480 936 ζωῆς
1517 877 1730 930 τέθεικε.

105 961 303 1012 Ταῦτα
356 956 415 1011 δὲ
459 960 552 1012 οῦκ
591 963 729 1012 ἔστιν
775 960 1014 1021 ἀλλήλοις
1059 961 1282 1013 ἐναντία·
1325 965 1350 1014 6
1392 967 1480 1035 μὲν
1505 968 1605 1038 γὰρ
1637 968 1731 1020 τὴν

112 1044 380 1105 ἰδιότητα
431 1067 524 1100 τοῦ
582 1049 889 1120 ζωαρχικοῦ
956 1047 1128 1107 δηλῶν
1197 1055 1511 1123 Πνεῦματος,
1579 1060 1731 1104 τοῦτο

109 1136 368 1209 ἔγραψεν·
434 1139 462 1188 6
515 1135 574 1189 δὲ
621 1138 1012 1211 οὐρανοφαντωρ
1071 1144 1129 1191 τὸ
1173 1143 1362 1191 ταυτὸν
1405 1150 1498 1202 τῆς
1547 1141 1732 1202 οὐσίας

106 1231 203 1276 καὶ
265 1231 556 1297 ἐνεργείας,
610 1231 737 1298 πρὸς
787 1225 846 1279 δὲ
901 1234 989 1280 καὶ
1046 1229 1298 1290 θελήσεως
1342 1236 1432 1282 καὶ
1464 1227 1732 1302 δυνάμεως

109 1323 202 1374 τῆς
257 1311 496 1388 Τριαδος
541 1321 886 1387 παρίστησιν,
941 1314 1234 1378 ἀποδιδοὺς
1284 1323 1375 1376 τὴν
1432 1323 1730 1392 συνέργειαν

106 1410 209 1462 τῆς
256 1409 663 1474 μεταποιήσεως
705 1412 774 1473 τῷ
836 1410 1028 1479 Πατρίο
1086 1409 1356 1458 καντεῦθεν
1413 1417 1729 1460 σννιστώσιν

109 1490 412 1565 ἀμφότεροι
458 1497 541 1558 τὸ,
593 1492 732 1544 Ὀσα
785 1494 810 1543 6
865 1498 1044 1567 Πατὴρ
1093 1498 1303 1568 ἐνεργεῖ,
1355 1505 1516 1547 ταῦτα
1570 1503 1659 1548 καὶ
1703 1499 1730 1548 6

113 1581 239 1641 Υἱὸς
288 1586 382 1631 καὶ
428 1601 486 1632 το
543 1588 749 1653 Πνεῦμα
797 1587 855 1634 τὸ
886 1584 1053 1652 ἅγιον·
1083 1590 1172 1635 καὶ
1203 1586 1302 1634 ὅσα
1333 1586 1357 1634 6
1397 1588 1532 1649 Υἱὸς,
1565 1593 1731 1637 ταῦτα

110 1674 204 1720 καὶ
257 1672 288 1720 6
341 1674 525 1742 Πατὴρ
557 1676 646 1721 καὶ
677 1672 702 1722 6
734 1671 1094 1744 Παράκλητος·
1124 1678 1213 1724 καὶ
1239 1674 1339 1724 ὅσα
1365 1673 1530 1743 οὗτος,
1564 1682 1731 1726 ταῦτα

109 1763 204 1810 καὶ
257 1760 286 1809 6
343 1763 526 1829 Πατὴρ
565 1764 654 1810 καὶ
697 1765 1001 1830 Μονογενὴς.
1036 1763 1291 1812 Ἐντεῦθεν
1329 1761 1506 1813 λοιπὸν
1537 1765 1566 1820 ἡ
1601 1765 1731 1834 μετὰ

1839 626 1946 665 ceu
1967 611 2267 666 invocatio
2284 610 2484 668 habet.
2497 613 2609 668 Sed
2627 627 2889 683 magnus
2907 611 3159 668 Basilius
3174 611 3307 668 loco
3329 612 3484 669 illius

1838 698 2136 768 μεταϐαλών
2170 700 2382 770 Spiritu
2431 706 2638 757 sancto
2687 706 2810 766 tuo,
2856 699 3096 772 posuit:
3127 701 3230 771 qui
3257 701 3485 757 effusus

1839 792 1931 843 est
1956 804 2066 858 pro
2089 789 2299 843 mundi
2326 790 2465 846 vita.
2496 793 2624 846 Haec
2660 795 2862 846 autem
2913 790 3066 844 inter
3112 805 3173 844 se
3224 805 3347 844 non
3395 790 3485 846 di-

1839 881 2145 949 screpant;
2178 877 2276 932 ille
2323 878 2482 933 enim
2521 880 3024 950 (Chrysostomus)
3062 879 3485 950 proprietatem

1836 966 2052 1020 viviﬁci
2073 966 2320 1036 Spiritus
2341 965 2613 1022 indicans
2634 967 2870 1040 scripsit
2892 983 2904 1031 ;
2929 967 3247 1037 deiloquus
3278 973 3482 1022 autem

1841 1055 2137 1125 (Basilius)
2168 1072 2352 1111 unam
2404 1056 2803 1129 eamdemque
2841 1057 3163 1112 essentiam
3195 1059 3251 1112 et
3279 1072 3485 1128 opera-

1836 1145 2082 1208 tionem,
2147 1160 2257 1199 nec
2308 1147 2363 1199 et
2419 1145 2793 1200 voluntatem
2847 1161 2917 1200 ac
2981 1146 3259 1200 virtutem
3305 1145 3483 1200 Trini-

1837 1233 1976 1288 tatis
2005 1232 2412 1297 demonstrat;
2455 1234 2941 1304 cooperationem
2970 1233 3486 1289 transmutationis

1839 1321 1996 1377 Patri
2017 1336 2321 1391 regerens.
2356 1321 2616 1393 Indeque
2639 1327 2887 1394 uterque
2921 1322 3300 1394 comprobat,
3323 1339 3484 1394 quae-

1838 1425 2078 1481 cunque
2126 1407 2298 1466 Pater
2341 1417 2641 1480 operatur,
2692 1409 2792 1465 illa
2837 1410 3049 1465 eadem
3089 1415 3145 1464 et
3191 1409 3398 1466 Filium
3430 1416 3486 1466 et

1841 1499 2123 1570 Spiritum
2156 1504 2430 1553 sanctum
2458 1500 2693 1570 operari
2722 1515 2735 1553 :
2779 1503 2836 1554 et
2874 1515 3256 1571 quaecunque
3289 1500 3481 1570 Filius,

1838 1587 2050 1643 eadem
2081 1592 2138 1642 et
2174 1591 2404 1642 Patrem
2454 1593 2508 1643 et
2556 1588 2963 1645 Paracletum:
3011 1594 3066 1644 et
3108 1605 3487 1661 quacunque

1839 1676 2200 1740 Paracletus,
2216 1677 2430 1731 eadem
2445 1681 2501 1731 et
2516 1679 2746 1732 Patrem
2765 1683 2820 1731 et
2841 1677 3219 1745 Unigenitum
3243 1678 3487 1733 .Deinde

1838 1767 2029 1821 oratio
2058 1772 2198 1837 post
2223 1765 2564 1821 divinorum
2598 1766 2900 1822 donorum
2933 1770 3340 1822 ostensionem
3371 1767 3489 1822 dici

110 1851 208 1902 τήν
245 1843 520 1907 ἀνάδειξιν
553 1856 651 1898 τῶν
685 1849 829 1899 θείων
860 1845 1039 1920 δώρων
1069 1849 1312 1921 λεγομένη
1348 1851 1501 1922 εὐχὴ,
1538 1849 1728 1911 διπλῆν

1849 1854 2031 1923 solita,
2070 1871 2206 1926 qua:
2239 1859 2294 1909 et
2321 1855 2454 1926 ipsa
2501 1854 2803 1926 duplicem
2844 1855 3024 1910 habet
3063 1855 3488 1925 signiﬁcatum,

115 1939 358 2007 νέρονσα
410 1941 502 1987 καὶ
552 1936 679 1993 αὐτὴ
739 1942 833 1993 τὴν
891 1944 1160 2009 σημασίαν
1201 1938 1301 1990 ἀπὸ
1359 1959 1410 1992 τε
1461 1949 1552 1992 τοῦ
1614 1946 1730 2004 νοὸς

115 2033 208 2074 τοῦ
271 2024 501 2096 μεγάλου
558 2025 825 2077 Βασιλείον
874 2032 961 2078 καὶ
1008 2037 1100 2078 τοῦ
1149 2039 1360 2099 χρυσοῦ
1407 2034 1596 2092 παντὸς
1655 2052 1730 2082 τι-

115 2119 379 2185 μιὼτερον
441 2116 650 2184 ἔχοντος
719 2119 910 2184 στόμα,
972 2116 1205 2168 Ἰωάννου
1261 2125 1354 2168 τοῦ
1406 2121 1560 2181 πάνυ,
1621 2127 1729 2181 τοῖς

119 2202 354 2260 ζητοῦσι
413 2205 478 2253 τὰ
535 2202 788 2254 κάλλιστα
844 2206 1156 2276 καθορᾶται·
1213 2208 1239 2256 6
1297 2211 1387 2278 μὲν
1447 2210 1549 2280 γὰρ
1598 2210 1731 2268 θεῖος

123 2289 396 2351 Βασίλειος
437 2296 534 2347 τὴν
587 2296 796 2364 μνήμην
841 2301 939 2341 τῶν
985 2290 1144 2362 ἁγίων
1189 2294 1324 2343 οὕτω
1366 2303 1476 2355 πῶς
1517 2314 1708 2368 παρεισ

115 2380 240 2447 άγει
301 2377 506 2448 λέγων·
581 2378 669 2431 Ἰν’
744 2377 969 2450 εὕρωμεν
1033 2380 1166 2431 ὒεον
1233 2391 1322 2433 καὶ
1378 2385 1540 2454 χάριν
1601 2388 1733 2455 μετὰ

119 2469 331 2517 παντων
391 2475 491 2518 τῶν
546 2465 701 2537 ἁγίων
770 2471 1030 2540 [Ιατέρων,
1073 2474 1429 2542 προπατέρων,
1490 2478 1577 2522 καὶ
1630 2481 1731 2524 τῶν

118 2555 246 2614 ἑξῆς
306 2557 515 2605 πάντων
567 2551 826 2606 δικαίων·
882 2557 907 2606 6
963 2552 1022 2607 δὲ
1071 2557 1484 2631 χρυσορρἡμων,
1539 2561 1603 2619 ὼς
1649 2566 1733 2631 ’γέ-

119 2662 382 2714 γραπ-ται,
427 2648 519 2694 καί
566 2645 693 2715 ὑπὲρ
739 2645 906 2696 αὐτῶν
952 2641 1154 2696 δικαιοῖ
1205 2651 1590 2720 προσφέρεσθαι
1640 2655 1732 2707 τὴν

122 2733 319 2783 θνσίαν
369 2734 505 2802 (34).
564 2739 664 2785 Καὶ
715 2733 926 2794 εἰκότως
957 2751 967 2761 ’
1026 2739 1084 2785 οῦ
1123 2738 1224 2808 γὰρ
1270 2735 1394 2808 ὑπὲρ
1427 2737 1730 2810 αμαρτολών

123 2826 277 2891 μόνον
328 2825 386 2872 τὸ
438 2823 570 2892 αἷμα
615 2821 818 2893 εζέχεει
865 2824 891 2872 6
939 2828 1137 2894 Ποιμήν
1188 2826 1213 2874 6
1253 2824 1427 2888 καλὸς,
1461 2831 1550 2876 καί
1573 2828 1733 2878 θυσία

120 2919 193 2979 τῷ
261 2914 439 2982 Πατρί
501 2909 568 2969 εἰς
629 2909 958 2980 καταλλαγὴν
1031 2915 1226 2962 τούτων
1299 2917 1504 2983 γέγονεν
1532 2957 1547 2982 ,
1624 2914 1729 2966 ἀλλ’

120 2995 228 3056 ἤδη
291 2999 388 3048 καὶ
431 2998 558 3068 ὑπὲρ
617 2998 780 3050 αὐτῶν
832 3006 933 3050 τῶν
982 2996 1234 3051 δικαίων·
1291 3001 1348 3052 οὐ
1405 3003 1506 3076 γάρ
1567 3007 1728 3067 εστιν,

1838 1960 2056 2015 nempe
2095 1948 2152 1998 et
2194 1943 2361 1997 illum
2404 1944 2577 2012 juxta
2621 1949 2882 1998 mentem
2931 1944 3134 2011 magni
3167 1943 3380 2011 Basilii,
3428 1949 3485 2000 et

1839 2032 2023 2086 alium
2053 2031 2260 2098 magni
2284 2031 2529 2086 Joannis
2560 2031 2897 2102 prmtiosius
2925 2032 3090 2086 omni
3115 2047 3262 2086 auro
3289 2047 3357 2087 os
3383 2031 3488 2088 ha-

1838 2120 2036 2175 bentis
2063 2139 2079 2187 ;
2115 2125 2177 2174 ut
2203 2120 2434 2174 curiose
2461 2119 2871 2175 scrutantibus
2893 2120 3126 2190 egregie
3149 2120 3485 2191 apparebit.

1840 2212 1986 2264 Nam
2014 2208 2188 2262 divus
2223 2207 2473 2262 Basilius
2522 2212 2871 2263 sanctorum
2899 2209 3256 2264 memoriam
3285 2205 3368 2264 ita
3394 2210 3484 2264 in-

1840 2295 2006 2351 ducit
2062 2296 2268 2350 dicens
2312 2312 2324 2349 :
2371 2298 2440 2352 Ut
2492 2296 2869 2352 inveniamus
2902 2296 3377 2352 misericordiam
3425 2303 3482 2354 et

1840 2383 2095 2454 gratiam
2124 2400 2264 2439 cum
2287 2385 2510 2440 sanctis
2529 2385 2820 2452 Patribus,
2851 2384 3230 2456 patriarchis,
3259 2390 3316 2441 et
3345 2401 3486 2440 cun-

1842 2473 1949 2528 ctis
1983 2472 2270 2544 deinceps
2313 2473 2512 2543 justis.
2563 2473 3030 2544 Chrysostomus
3059 2479 3282 2540 autem,
3313 2478 3380 2529 ut
3405 2473 3485 2530 ibi

1841 2561 2130 2632 scriptum
2153 2565 2262 2626 est,
2287 2561 2467 2616 etiam
2483 2577 2589 2632 pro
2607 2561 2750 2633 ipsis
2771 2577 3015 2632 aequum
3033 2561 3267 2631 judicat
3287 2561 3489 2618 offerri

1841 2648 2224 2704 sacriﬁcium.
2258 2651 2320 2704 Et
2349 2649 2562 2704 merito
2592 2667 2604 2715 ;
2649 2664 2844 2720 neque
2877 2649 3038 2703 enim
3067 2664 3178 2721 pro
3213 2654 3491 2720 peccato-

1841 2737 2006 2791 ribus
2037 2741 2271 2792 tantum
2330 2737 2690 2804 sanguinem
2733 2737 2884 2792 fudit
2932 2738 3141 2792 Pastor
3179 2738 3400 2806 bonus,
3431 2744 3490 2795 et

1841 2825 2101 2880 hostiam
2128 2841 2189 2880 se
2212 2825 2366 2880 Patri
2398 2825 2478 2879 ob
2504 2825 2720 2879 horum
2743 2825 3286 2881 reconciliationem
3313 2826 3490 2882 obtu-

1839 2914 1924 2981 lit,
1942 2914 2048 2970 sed
2064 2930 2173 2986 pro
2197 2914 2342 2986 ipsis
2365 2929 2608 2985 quoque
2627 2913 2824 2983 justis.
2848 2917 2975 2968 Non
2999 2915 3160 2968 enim
3198 2921 3307 2980 est,
3341 2931 3488 2977 non,

1843 3002 2118 3073 inquam,
2164 3008 2268 3068 est,
2310 3001 2414 3072 qui
2458 3001 2635 3069 vivet,
2681 3007 2737 3055 et
2781 3017 2904 3056 non
2931 3003 3221 3073 peccabit,
3254 3002 3491 3059 etiamsi

117 3087 211 3138 οὐκ
239 3090 388 3138 ἔστιν
433 3086 490 3144 ὃς
543 3086 761 3146 ζήσεται
812 3087 902 3138 καὶ
950 3087 1054 3158 οὐχ
1102 3088 1418 3162 ἁμαρτήσει,
1452 3087 1572 3142 σύὁ“
1603 3090 1662 3142 ἂν
1689 3101 1732 3151 εἰ

1849 3091 2024 3145 unius
2055 3091 2170 3145 diei
2202 3090 2322 3144 vita
2339 3091 2468 3160 ejus
2516 3089 2687 3144 fuerit
2711 3105 2723 3143 :
2751 3089 2888 3144 ideo
2931 3104 3072 3160 ergo
3101 3091 3243 3161 quia
3273 3106 3486 3147 omnes

1056 3177 1158 3229 ὶκεί
1197 3175 1256 3229 δὲ
1286 3180 1564 3232 ὑπεύθυνοι
1607 3184 1734 3232 me...

121 3283 218 3330 τες,
275 3267 411 3337 ὑπερ
464 3265 668 3314 πάντων
727 3263 1015 3316 ἀπέθανεν’
1086 3267 1164 3317 ὅτι
1219 3267 1309 3317 καί
1356 3270 1404 3318 οἱ
1469 3273 1568 3342 πρὸ
1641 3277 1732 3320 τοῦ

121 3181 217 3246 μία
267 3177 448 3247 ἡμέρα
494 3176 524 3232 ἡ
568 3175 675 3234 ζωὴ
725 3177 886 3227 αὑτοῦ

122 3359 366 3426 σταυροῦ
414 3354 600 3412 πάντες
647 3355 702 3404 ὲκ
741 3361 836 3414 τῆς
884 3361 977 3405 τοῦ
1029 3355 1444 3426 πρωτοπλάστον
1498 3356 1732 3429 παραϐά-

126 3461 258 3501 σεως
332 3439 425 3491 καὶ
483 3448 582 3490 τῶν
639 3446 1058 3514 προογινομένων
1117 3443 1278 3494 οὓ.λτ.›ν
1343 3453 1516 3495 κακῶν
1581 3447 1734 3497 ὑπεύ-

125 3531 274 3581 θυνοι
337 3531 650 3598 ὲτνννχανον,
717 3529 808 3579 καὶ
866 3525 1078 3600 δέσμιοι
1138 3539 1211 3600 τῷ
1280 3533 1501 3602 θανάτῳ.
1570 3532 1734 3585 Ἀλλ’-

123 3615 250 3670 οῦδξ
321 3621 478 3688 νόμος
532 3621 797 3677 Μωϋσέως
861 3620 977 3668 τινὰ
1035 3621 1229 3670 τούτων
1291 3620 1598 3674 ὲτελείωσεν.
1651 3622 1734 3681 Εἷς

124 3704 214 3758 οὖν
260 3712 383 3759 τότε
431 3705 558 3781 ὑπὲρ
604 3708 810 3758 πάντων
853 3706 1125 3762 ἀπέθανεν.
1165 3712 1262 3760 Τὸν
1306 3710 1461 3762 αὐτὸν
1493 3707 1552 3762 δὲ
1583 3713 1734 3763 θάνα-

122 3815 208 3848 τον
268 3795 366 3847 καί
422 3799 516 3853 τήν
580 3794 867 3848 ἀνάστασιν
931 3796 1277 3869 ὁμολογοῦμεν
1330 3800 1454 3870 ὁρᾲν
1505 3795 1599 3852 διὰ
1637 3808 1736 3851 τῶν

123 3886 478 3955 μυστηρίων·
538 3884 709 3934 πάντα
765 3879 923 3942 δῆλον
970 3883 1059 3935 καὶ
1106 3893 1194 3934 νῦν
1262 3885 1554 3957 πληροῦται
1627 3893 1738 3946 τοῖς

124 3971 239 4022 κατ’
283 3969 440 4032 ἀξίαν
463 3975 869 4045 προσφέρουσιν,
912 3974 1014 4023 ὅσα
1033 3979 1125 4023 τοῦ
1153 3977 1266 4025 τότε
1286 3983 1490 4044 καιροῦ,

193 4059 304 4114 κθ’.
375 4058 478 4111 Καὶ
533 4064 604 4130 μή
658 4078 735 4120 τις
785 4059 990 4130 λεγέτω,
1036 4067 1153 4121 Πῶς
1181 4060 1241 4112 ἂν
1269 4066 1441 4122 αὐτοῖς
1467 4061 1737 4138 ἀρχιερεῦ-

126 4167 210 4199 σιν
258 4150 370 4200 ὲνόν
420 4146 548 4219 ὑπὲρ
605 4151 854 4199 τοιούτων
912 4151 1198 4220 μεσιτεύειν
1247 4149 1407 4220 ἁγίων
1434 4155 1589 4220 (35);
1624 4154 1739 4204 Μοί-

129 4305 694 4396 llierosolymorum
723 4308 1099 4396 pﬁri'archlga,
1256 4307 1329 4364 de
1367 4309 1495 4396 boc‘
1540 4326 1736 4396 sacra-
1753 4331 1812 4390 ι)

127 4384 342 4434 mento
373 4377 571 4454 agitur
598 4378 680 4449 (p.
720 4377 838 4445 {67)
870 4380 951 4434 ita
972 4379 1304 4454 afﬁrmatur
1328 4397 1340 4434 :
1367 4383 1509 4454 Μετὰ
1547 4384 1612 4432 τὰ
1638 4382 1730 4454 ῥή-

129 4468 275 4519 ματα
314 4456 489 4500 ταῦτα
531 4451 560 4506 ἠ
603 4454 950 4521 μετονσξῳγσις
996 4450 1597 4520 (transubstantiatio)
1639 4450 1733 4504 ἆτα-

130 4523 325 4592 ρενθῦς
371 4525 570 4589 γίνεται
593 4519 611 4549 ί
659 4520 748 4571 καί
798 4519 1046 4572 ἀλλάσσει
1092 4523 1118 4572 6
1161 4523 1314 4595 οῖρτος
1361 4522 1429 4582 είς
1472 4526 1529 4574 τὸ
1556 4521 1736 4580 ἀληθι-

131 4596 213 4663 νρν
245 4601 410 4663 σῶμα
437 4598 530 4663 τοῦ
561 4598 796 4663 Χριστοῦ
827 4597 936 4646 etc.
969 4593 1234 4663 Denique
1263 4593 1430 4649 tertia
1468 4595 1735 4650 Orienta-

132 4661 235 4733 lis,
273 4659 555 4733 Ecclesia:
609 4659 916 4733 confessio
980 4678 1086 4717 seu
1137 4659 1452 4733 apologia,
1493 4671 1736 4720 auctore

135 4731 827 4807 Gabrielemetropolita
876 4731 1397 4807 Philadelphiensi,
1453 4751 1512 4806 p.
1573 4738 1605 4807 4
1663 4737 1738 4807 (et

134 4819 298 4876 saepe
349 4801 518 4876 alibi)
546 4801 660 4876 ed.‘
702 4803 886 4876 Paris.
942 4801 1392 4876 utitur'pariter
1436 4801 1739 4862 vocabulo

132 4873 839 4947 tra'nssabstantiationis
868 4889 892 4929 .'
923 4878 1066 4947 Κατά
1096 4873 1466 4947 μετουσίωσιν,
1493 4879 1614 4928 ὅταν
1645 4882 1739 4934 τὴν

134 4943 276 4998 ἰδίαν
332 4943 625 5019 ⁸αντοϐοἱλλῃ
701 4944 932 5019 ἅπασαν-
982 4943 1165 4997 οὐσίαν
1231 4956 1326 5007 τῆς
1389 4947 1735 5019 ψωμότητος,

131 5018 218 5068 καί
298 5015 415 5091 εἰς-
460 5014 635 5090 σαρκα
711 5016 810 5091 καὶ.
872 5014 1004 5088 αἷμα
1070 5025 1302 5090 Χριστοῦ
1364 5014 1738 5091 μετουσιωθῇ,

130 5087 244 5142 Sed
287 5086 368 5158 de
400 5085 516 5158 hac
529 5085 604 5142 're
622 5085 1173 5158 praeclarediuque
1202 5085 1528 5144 Richardus
1552 5085 1740 5146 Simo-

131 5158 268 5213 nius
301 5157 364 5211 in
387 5157 546 5212 notis
576 5156 953 5212 uberioribus
975 5157 1052 5212 ad
1075 5156 1425 5214 Gabrielem.
1451 5161 1739 5216 Caeterum

128 5228 301 5300 quod
332 5227 417 5282 ait
447 5227 811 5296 Anglicanus
835 5229 1083 5284 Cavaaus
1105 5236 1214 5285 art.
1247 5231 1626 5286 Innocentius
1646 5231 1738 5286 III

129 5300 205 5355 ab
245 5300 368 5354 hoc
399 5313 567 5370 papa
594 5304 992 5370 monstrosum
1043 5302 1739 5358 lranssubstantiationis

127 5372 486 5444 ﬁgmentum
516 5369 668 5444 inter
695 5369 838 5444 ﬁdei
867 5371 1148 5444 articulos
1175 5373 1356 5428 fuisse
1387 5375 1735 5444 repositum,

132 5439 293 5515 nunc
314 5439 601 5515 videmus
622 5439 686 5515 in
707 5441 886 5515 citato
910 5442 1058 5497 Petri
1080 5445 1352 5499 Damiani
1373 5439 1499 5515 (qui
1518 5439 1738 5515 saeculo

130 5511 321 5566 ferme
352 5526 427 5582 ac
452 5509 706 5565 dimidio
733 5512 931 5567 senior
949 5519 1059 5572 est)
1080 5529 1142 5568 n.
1165 5520 1218 5582 7,
1251 5519 1307 5569 et
1332 5509 1740 5582 lli-{vocabula

134 5581 795 5652 transubstantiatiqet
806 5586 1566 5642 transubsantiaraltecole
1578 5585 1740 5641 dicta

132 5654 246 5711 hoc
279 5658 500 5711 nostro
547 5652 860 5710 volumine
895 5669 958 5726 p,
1009 5659 1134 5711 449.
1176 5657 1389 5728 (supra
1444 5657 1558 5714 col.
1584 5657 1736 5728 419.)

1841 3179 2106 3246 obnoxii,
2129 3193 2238 3250 pro
2273 3178 2560 3233 omnibus
2603 3184 2879 3233 mortuus
2901 3184 3006 3233 est.
3045 3181 3191 3233 Nam
3210 3183 3267 3235 et
3285 3179 3368 3235 illi
3384 3180 3491 3252 qui

1842 3273 1980 3324 ante
2046 3282 2286 3322 crucem
2346 3267 2698 3321 exstiterunt
2762 3267 3081 3328 omnes,ob
3141 3267 3492 3340 protoplasti

1840 3355 2401 3426 transgressionem,
2458 3360 2514 3411 et
2559 3356 3043 3426 supervenientia
3079 3356 3197 3412 alia
3222 3362 3490 3429 peccata,

1841 3445 2088 3501 obnoxii
2143 3451 2330 3509 erant,
2402 3448 2458 3499 et
2517 3445 2693 3499 morti
2748 3443 2954 3501 dediti.
3021 3445 3135 3500 Sed
3167 3462 3362 3518 neque
3398 3447 3495 3503 lex

1843 3533 2058 3605 Moysis
2087 3547 2460 3604 quemquam
2508 3531 2727 3587 horum
2750 3532 3118 3602 justiﬁcavit.
3155 3535 3320 3590 Unus
3350 3539 3494 3591 tunc

1842 3623 2022 3691 igitur
2051 3637 2160 3693 pro
2191 3621 2476 3676 omnibus
2527 3626 2801 3676 mortuus
2848 3626 2954 3678 est.
2977 3622 3267 3678 Eamdem
3311 3639 3492 3694 porro

1844 3717 2101 3768 mortem
2123 3726 2193 3766 ac
2212 3709 2710 3765 resurrectionem
2727 3709 3082 3766 conﬁtemur
3101 3712 3495 3782 contemplari

1845 3801 1906 3855 in
1933 3798 2253 3871 mysteriis,
2282 3803 2462 3868 atque
2493 3798 2699 3853 omnia
2740 3812 2901 3852 nunc
2927 3798 3173 3868 perinde
3207 3798 3495 3870 compleri

1845 3887 2221 3960 exploratum
2268 3889 2356 3940 est
2407 3884 2485 3939 ab
2538 3885 2608 3938 iis
2660 3885 2764 3955 qui
2792 3885 2971 3953 digne
2996 3885 3270 3952 oﬂerunt,
3317 3890 3497 3957 prout

1844 3971 1946 4026 illo
1975 3976 2244 4041 tempore
2275 3973 2478 4024 actum
2505 3967 2630 4022 fuit.

1915 4064 2003 4115 28.
2056 4062 2172 4115 Nec
2215 4057 2543 4129 quisquam
2572 4056 2766 4113 dicat:
2815 4042 3133 4122 Quomodo
3170 4057 3320 4130 ipsis
3361 4059 3492 4131 epi-

1847 4150 2045 4221 scopis
2068 4147 2207 4204 licat
2236 4161 2346 4219 pro
2368 4145 2585 4202 talibus
2613 4146 2835 4202 sanctis
2862 4147 3267 4204 intercedere?
3297 4149 3495 4204 Enim-

1921 4309 2034 4380 (32)
2077 4307 2545 4380 Huncquoque
2588 4306 2792 4362 locum
2833 4306 2975 4363 citat
3001 4323 3075 4363 ex
3100 4324 3215 4363 ms.
3247 4307 3497 4366 Allatius

1849 4377 2339 4449 Depurgatorio,
2367 4391 2426 4448 p.
2458 4377 2578 4449 198.

1920 4445 2036 4524 (33)
2076 4445 2172 4524 ita
2209 4445 2445 4503 codices
2485 4445 3499 4524 irati,cujusloco_mihi_videretur

1851 4519 2241 4578 scribendum
2270 4523 2555 4592 npc,an_l_e.
2589 4520 2817 4592 Etenim
2843 4519 2903 4574 in
2947 4520 3311 4576 editionibus
3343 4527 3499 4578 certe

1851 4593 2050 4649 missae
2103 4589 2319 4664 sancti
2355 4589 2552 4644 Basilii
2612 4603 2735 4644 non
2777 4589 2998 4646 desunt
3042 4592 3228 4664 verba
3274 4593 3498 4664 μεταϐα-

1849 4665 1947 4716 λὼν
2001 4671 2134 4725 etc.,
2179 4660 2288 4733 sed
2318 4666 2779 4733 postponuntur.
2808 4667 2898 4733 At,
2928 4667 3130 4733 noster
3152 4660 3499 4720 Theodorus

1849 4736 2022 4791 aliter
2065 4749 2129 4788 se
2176 4732 2389 4804 legisse
2441 4732 2845 4804 demonstrat,
2887 4732 2951 4788 id
3011 4739 3102 4788 est
3150 4734 3376 4789 omisso
3424 4742 3500 4804 τῷ

1851 4809 2115 4877 Πνεύματι
2161 4801 2404 4877 τςξίὰσγίῳ
2452 4801 2951 4877 quandoquidem
2991 4819 3132 4860 mox
3162 4801 3499 4877 conversio-

1848 4878 1941 4933 nis
1968 4860 2328 4930 miraculum
2359 4860 2511 4928 Patri
2533 4860 2753 4928 tribuit.
2787 4875 3059 4929 Judicent
3087 4873 3322 4929 eruditi.

1921 4950 2036 5017 (34)
2067 4946 2167 5001 Hic
2223 4943 2472 5017 ingcod.
2533 4947 2658 5017 430,
2712 4943 2767 5017 _t‘.
2804 4949 2952 5017 με,
3007 4944 3068 5010 b,
3119 4958 3230 4998 nec
3274 4957 3398 5017 non
3437 4941 3500 4997 in

1849 5013 2056 5074 codice
2109 5019 2232 5083 856,
2289 5013 2328 5068 f.
2385 5018 2508 5078 335,
2567 5015 2629 5080 b,
2689 5013 3062 5070 desideratur
3106 5013 3501 5070 nonullorum

1847 5103 2130 5145 versuum
2174 5084 2678 5156 comma;,_quod
2717 5101 2855 5140 cum
2885 5100 3030 5140 casu
3071 5085 3501 5156 comperissem

1849 5159 2083 5236 recitari
2101 5174 2171 5212 ex
2195 5173 2314 5236 ms._
2323 5155 2402 5211 ab
2421 5154 2858 5236 Allatio‘contra
2871 5154 3283 5236 preygtonam
3303 5160 3500 5236 p.519,

1848 5230 2071 5285 recurri
2097 5244 2210 5298 ego
2241 5227 2319 5283 ad
2351 5242 2517 5298 meos
2543 5225 2798 5298 codices,
2831 5225 3013 5297 idque
3043 5239 3255 5298 reapse
3297 5225 3501 5283 inveni

1848 5303 1908 5358 in
1942 5300 2072 5356 solo
2102 5296 2306 5355 codice
2336 5302 2439 5354 632
2467 5296 2507 5351 f.
2539 5300 2592 5358 9.
2624 5297 2683 5352 b.

1918 5373 2038 5444 (35)
2063 5369 2235 5444 Quod
2261 5370 2470 5444 attinet
2517 5367 2622 5444 ad__
2648 5382 2876 5438 preces,
2907 5367 3222 5444 quasi‘pro
3255 5368 3498 5444 sanctis,

1847 5443 1911 5499 in
1928 5437 2180 5512 ‘liturgia
2201 5439 2537 5514 praesertim
2567 5437 2971 5514 Clirxsostonii
2995 5437 3270 5514 scriptas,
3290 5441 3502 5514 audia-

1849 5519 1946 5570 tur
1964 5508 2332 5583 Augustinus
2352 5510 2581 5584 mentis_
2601 5508 2873 5584 Ecclesiae
2888 5508 3198 5584 legitimus
3219 5510 3502 5584 explana:

1848 5590 1942 5660 tor
1997 5579 2089 5640 in'
2107 5586 2276 5639 Joan.
2329 5584 2506 5637 tract.
2564 5579 2821 5660 LXXXIV,
2872 5579 3130 5638 1:'1deo
3169 5579 3388 5654 quiﬁpe
3422 5582 3505 5638 ad

1849 5658 2044 5726 ipsam
2073 5668 2337 5712 mensam
2370 5666 2493 5707 non
2519 5657 2605 5707 sic
2627 5657 2929 5724 martyres
2953 5667 3502 5718 commemoramus,
