  <div class='ocr_page' id='page_1' title='image "/cluster/home/n/w/nwhite01/storage/ocr_20150623/140/pst.000005714568/269.png"; bbox 0 0 4028 6308; ppageno 0'>
   <div class='ocr_carea' id='block_1_1' title="bbox 553 333 663 405">
    <p class='ocr_par' dir='ltr' id='par_1_1' title="bbox 553 333 663 405">
     <span class='ocr_line' id='line_1_1' title="bbox 553 333 663 405; baseline -0.009 0"><span class='ocrx_word' id='word_1_1' title='bbox 553 333 663 405; x_wconf 67' lang='grc'>435</span> 
     </span>
    </p>
   </div>
   <div class='ocr_carea' id='block_1_2' title="bbox 1814 331 2630 405">
    <p class='ocr_par' dir='ltr' id='par_1_2' title="bbox 1814 331 2630 405">
     <span class='ocr_line' id='line_1_2' title="bbox 1814 331 2630 405; baseline 0.004 -6"><span class='ocrx_word' id='word_1_2' title='bbox 1814 331 2172 402; x_wconf 73' lang='lat' dir='ltr'>THEODORI</span> <span class='ocrx_word' id='word_1_3' title='bbox 2206 331 2630 405; x_wconf 73' lang='lat' dir='ltr'>ANDIDENSIS</span> 
     </span>
    </p>
   </div>
   <div class='ocr_carea' id='block_1_3' title="bbox 3840 342 3952 408">
    <p class='ocr_par' dir='ltr' id='par_1_3' title="bbox 3840 342 3952 408">
     <span class='ocr_line' id='line_1_3' title="bbox 3840 342 3952 408; baseline -0.009 0"><span class='ocrx_word' id='word_1_4' title='bbox 3840 342 3952 408; x_wconf 62' lang='lat'>6‘56</span> 
     </span>
    </p>
   </div>
   <div class='ocr_carea' id='block_1_4' title="bbox 557 463 2211 549">
    <p class='ocr_par' dir='ltr' id='par_1_4' title="bbox 557 463 2206 544">
     <span class='ocr_line' id='line_1_4' title="bbox 557 463 2206 544; baseline -0.001 -16"><span class='ocrx_word' id='word_1_5' title='bbox 557 486 723 541; x_wconf 77' lang='lat' dir='ltr'>vero,</span> <span class='ocrx_word' id='word_1_6' title='bbox 745 469 1019 544; x_wconf 88' lang='lat' dir='ltr'>inquam,</span> <span class='ocrx_word' id='word_1_7' title='bbox 1039 467 1331 543; x_wconf 90' lang='lat' dir='ltr'>quoniam</span> <span class='ocrx_word' id='word_1_8' title='bbox 1351 463 1521 536; x_wconf 84' lang='lat' dir='ltr'>digni</span> <span class='ocrx_word' id='word_1_9' title='bbox 1543 464 1681 523; x_wconf 83' lang='lat' dir='ltr'>facti</span> <span class='ocrx_word' id='word_1_10' title='bbox 1704 471 1863 537; x_wconf 87' lang='lat' dir='ltr'>sunt,</span> <span class='ocrx_word' id='word_1_11' title='bbox 1894 472 1962 525; x_wconf 86' lang='lat' dir='ltr'>ut</span> <span class='ocrx_word' id='word_1_12' title='bbox 1996 469 2206 543; x_wconf 85' lang='lat' dir='ltr'><strong>magni</strong></span> 
     </span>
    </p>
   </div>
   <div class='ocr_carea' id='block_1_5' title="bbox 2320 463 3955 549">
    <p class='ocr_par' dir='ltr' id='par_1_5' title="bbox 2320 467 3955 549">
     <span class='ocr_line' id='line_1_5' title="bbox 2320 467 3955 549; baseline 0.002 -26"><span class='ocrx_word' id='word_1_13' title='bbox 2320 470 2473 524; x_wconf 87' lang='grc' dir='ltr'>λιστα</span> <span class='ocrx_word' id='word_1_14' title='bbox 2517 474 2608 545; x_wconf 69' lang='grc' dir='ltr'>μεν</span> <span class='ocrx_word' id='word_1_15' title='bbox 2651 467 2738 525; x_wconf 74' lang='grc' dir='ltr'>οὖν</span> <span class='ocrx_word' id='word_1_16' title='bbox 2785 478 2896 535; x_wconf 82' lang='grc' dir='ltr'>τοῖς</span> <span class='ocrx_word' id='word_1_17' title='bbox 2945 471 3127 544; x_wconf 86' lang='grc' dir='ltr'>ἀξίοις,</span> <span class='ocrx_word' id='word_1_18' title='bbox 3172 474 3238 535; x_wconf 82' lang='grc' dir='ltr'>ὡς</span> <span class='ocrx_word' id='word_1_19' title='bbox 3265 474 3323 527; x_wconf 90' lang='grc' dir='ltr'>τὸ</span> <span class='ocrx_word' id='word_1_20' title='bbox 3351 480 3441 527; x_wconf 79' lang='grc' dir='ltr'>τοῦ</span> <span class='ocrx_word' id='word_1_21' title='bbox 3469 472 3697 547; x_wconf 87' lang='grc' dir='ltr'>μεγάλου</span> <span class='ocrx_word' id='word_1_22' title='bbox 3748 473 3955 549; x_wconf 76' lang='grc' dir='ltr'>ἀρχιεο</span> 
     </span>
    </p>
   </div>
   <div class='ocr_carea' id='block_1_6' title="bbox 560 554 2207 633">
    <p class='ocr_par' dir='ltr' id='par_1_6' title="bbox 560 554 2207 633">
     <span class='ocr_line' id='line_1_6' title="bbox 560 554 2207 633; baseline -0.001 -14"><span class='ocrx_word' id='word_1_23' title='bbox 560 559 856 633; x_wconf 87' lang='lat' dir='ltr'>pontiﬁcis</span> <span class='ocrx_word' id='word_1_24' title='bbox 895 574 1220 633; x_wconf 82' lang='lat' dir='ltr'>personam</span> <span class='ocrx_word' id='word_1_25' title='bbox 1268 558 1497 628; x_wconf 79' lang='lat' dir='ltr'>gerant,</span> <span class='ocrx_word' id='word_1_26' title='bbox 1550 554 1615 611; x_wconf 90' lang='lat' dir='ltr'>id</span> <span class='ocrx_word' id='word_1_27' title='bbox 1641 555 1772 613; x_wconf 86' lang='lat' dir='ltr'>ﬁeri</span> <span class='ocrx_word' id='word_1_28' title='bbox 1809 562 2021 631; x_wconf 87' lang='lat' dir='ltr'>potest.</span> <span class='ocrx_word' id='word_1_29' title='bbox 2055 562 2207 617; x_wconf 84' lang='lat' dir='ltr'>Nam</span> 
     </span>
    </p>
   </div>
   <div class='ocr_carea' id='block_1_7' title="bbox 561 644 2210 721">
    <p class='ocr_par' dir='ltr' id='par_1_7' title="bbox 561 644 2210 721">
     <span class='ocr_line' id='line_1_7' title="bbox 561 644 2210 721; baseline 0.001 -15"><span class='ocrx_word' id='word_1_30' title='bbox 561 655 619 706; x_wconf 84' lang='lat' dir='ltr'>et</span> <span class='ocrx_word' id='word_1_31' title='bbox 645 648 912 721; x_wconf 85' lang='lat' dir='ltr'>alioquin</span> <span class='ocrx_word' id='word_1_32' title='bbox 936 647 1052 712; x_wconf 88' lang='lat' dir='ltr'>isti,</span> <span class='ocrx_word' id='word_1_33' title='bbox 1081 662 1218 721; x_wconf 81' lang='lat' dir='ltr'>quae</span> <span class='ocrx_word' id='word_1_34' title='bbox 1255 644 1505 720; x_wconf 85' lang='lat' dir='ltr'>quidem</span> <span class='ocrx_word' id='word_1_35' title='bbox 1544 660 1618 701; x_wconf 83' lang='lat' dir='ltr'>ex</span> <span class='ocrx_word' id='word_1_36' title='bbox 1663 661 1923 719; x_wconf 84' lang='lat' dir='ltr'>persona</span> <span class='ocrx_word' id='word_1_37' title='bbox 1960 648 2210 721; x_wconf 89' lang='lat' dir='ltr'>propria</span> 
     </span>
    </p>
   </div>
   <div class='ocr_carea' id='block_1_8' title="bbox 559 733 2208 811">
    <p class='ocr_par' dir='ltr' id='par_1_8' title="bbox 559 733 2208 811">
     <span class='ocr_line' id='line_1_8' title="bbox 559 733 2208 811; baseline 0.001 -17"><span class='ocrx_word' id='word_1_38' title='bbox 559 738 766 794; x_wconf 89' lang='lat' dir='ltr'>dicunt</span> <span class='ocrx_word' id='word_1_39' title='bbox 808 736 904 793; x_wconf 85' lang='lat' dir='ltr'>vel</span> <span class='ocrx_word' id='word_1_40' title='bbox 927 740 1115 809; x_wconf 87' lang='lat' dir='ltr'>agunt</span> <span class='ocrx_word' id='word_1_41' title='bbox 1134 737 1197 793; x_wconf 93' lang='lat' dir='ltr'>in</span> <span class='ocrx_word' id='word_1_42' title='bbox 1238 734 1442 792; x_wconf 89' lang='lat' dir='ltr'>divina</span> <span class='ocrx_word' id='word_1_43' title='bbox 1483 733 1747 809; x_wconf 89' lang='lat' dir='ltr'>liturgia,</span> <span class='ocrx_word' id='word_1_44' title='bbox 1778 736 1940 794; x_wconf 86' lang='lat' dir='ltr'>velut</span> <span class='ocrx_word' id='word_1_45' title='bbox 1959 741 2208 811; x_wconf 89' lang='lat' dir='ltr'>accepta</span> 
     </span>
    </p>
   </div>
   <div class='ocr_carea' id='block_1_9' title="bbox 560 824 2209 900">
    <p class='ocr_par' dir='ltr' id='par_1_9' title="bbox 560 824 2209 900">
     <span class='ocr_line' id='line_1_9' title="bbox 560 824 2209 900; baseline -0.001 -17"><span class='ocrx_word' id='word_1_46' title='bbox 560 825 638 883; x_wconf 92' lang='lat' dir='ltr'>ab</span> <span class='ocrx_word' id='word_1_47' title='bbox 665 824 1012 883; x_wconf 89' lang='lat' dir='ltr'>hominibus</span> <span class='ocrx_word' id='word_1_48' title='bbox 1037 824 1403 895; x_wconf 75' lang='lat' dir='ltr'>auctoritate;</span> <span class='ocrx_word' id='word_1_49' title='bbox 1431 832 1499 886; x_wconf 91' lang='lat' dir='ltr'>ut</span> <span class='ocrx_word' id='word_1_50' title='bbox 1536 825 1803 900; x_wconf 88' lang='lat' dir='ltr'>episcopi</span> <span class='ocrx_word' id='word_1_51' title='bbox 1828 825 2097 885; x_wconf 80' lang='lat' dir='ltr'>factitare</span> <span class='ocrx_word' id='word_1_52' title='bbox 2125 826 2209 882; x_wconf 89' lang='lat' dir='ltr'>vi-</span> 
     </span>
    </p>
   </div>
   <div class='ocr_carea' id='block_1_10' title="bbox 558 914 2208 991">
    <p class='ocr_par' dir='ltr' id='par_1_10' title="bbox 558 914 2208 991">
     <span class='ocr_line' id='line_1_10' title="bbox 558 914 2208 991; baseline 0.001 -20"><span class='ocrx_word' id='word_1_53' title='bbox 558 914 775 972; x_wconf 89' lang='lat' dir='ltr'>dentur</span> <span class='ocrx_word' id='word_1_54' title='bbox 789 933 802 984; x_wconf 91' lang='lat'><strong>;</strong></span> <span class='ocrx_word' id='word_1_55' title='bbox 816 914 916 972; x_wconf 90' lang='lat' dir='ltr'>illa</span> <span class='ocrx_word' id='word_1_56' title='bbox 932 918 1136 972; x_wconf 90' lang='lat' dir='ltr'>tamen</span> <span class='ocrx_word' id='word_1_57' title='bbox 1155 931 1294 988; x_wconf 81' lang='lat' dir='ltr'>quae</span> <span class='ocrx_word' id='word_1_58' title='bbox 1317 933 1500 991; x_wconf 85' lang='lat' dir='ltr'>supra</span> <span class='ocrx_word' id='word_1_59' title='bbox 1514 915 1780 975; x_wconf 80' lang='lat' dir='ltr'>hominis</span> <span class='ocrx_word' id='word_1_60' title='bbox 1801 915 2208 973; x_wconf 89' lang='lat' dir='ltr'>conditionem</span> 
     </span>
    </p>
   </div>
   <div class='ocr_carea' id='block_1_11' title="bbox 559 1003 2208 1078">
    <p class='ocr_par' dir='ltr' id='par_1_11' title="bbox 559 1003 2208 1078">
     <span class='ocr_line' id='line_1_11' title="bbox 559 1003 2208 1078; baseline -0.001 -17"><span class='ocrx_word' id='word_1_61' title='bbox 559 1003 862 1074; x_wconf 83' lang='lat' dir='ltr'>exhibent,</span> <span class='ocrx_word' id='word_1_62' title='bbox 894 1004 1060 1061; x_wconf 81' lang='lat' dir='ltr'>velut</span> <span class='ocrx_word' id='word_1_63' title='bbox 1086 1004 1350 1077; x_wconf 85' lang='lat' dir='ltr'>hymnos</span> <span class='ocrx_word' id='word_1_64' title='bbox 1376 1005 1732 1063; x_wconf 85' lang='lat' dir='ltr'>cherubicos</span> <span class='ocrx_word' id='word_1_65' title='bbox 1762 1020 1835 1062; x_wconf 89' lang='lat' dir='ltr'>ac</span> <span class='ocrx_word' id='word_1_66' title='bbox 1859 1004 2208 1078; x_wconf 88' lang='lat' dir='ltr'>seraphicos</span> 
     </span>
    </p>
   </div>
   <div class='ocr_carea' id='block_1_12' title="bbox 560 1093 2209 1168">
    <p class='ocr_par' dir='ltr' id='par_1_12' title="bbox 560 1093 2209 1168">
     <span class='ocr_line' id='line_1_12' title="bbox 560 1093 2209 1168; baseline 0 -18"><span class='ocrx_word' id='word_1_67' title='bbox 560 1098 617 1150; x_wconf 93' lang='lat' dir='ltr'>et</span> <span class='ocrx_word' id='word_1_68' title='bbox 641 1093 760 1151; x_wconf 88' lang='lat' dir='ltr'>alia</span> <span class='ocrx_word' id='word_1_69' title='bbox 780 1094 1008 1163; x_wconf 85' lang='lat' dir='ltr'>omnia,</span> <span class='ocrx_word' id='word_1_70' title='bbox 1048 1094 1255 1167; x_wconf 82' lang='lat' dir='ltr'>utique</span> <span class='ocrx_word' id='word_1_71' title='bbox 1299 1095 1431 1152; x_wconf 72' lang='lat' dir='ltr'>haec</span> <span class='ocrx_word' id='word_1_72' title='bbox 1472 1102 1691 1168; x_wconf 64' lang='lat' dir='ltr'>praeter</span> <span class='ocrx_word' id='word_1_73' title='bbox 1717 1094 1987 1167; x_wconf 90' lang='lat' dir='ltr'>ipsorum</span> <span class='ocrx_word' id='word_1_74' title='bbox 2012 1094 2209 1165; x_wconf 87' lang='lat' dir='ltr'>digni-</span> 
     </span>
    </p>
   </div>
   <div class='ocr_carea' id='block_1_13' title="bbox 560 1182 2211 1255">
    <p class='ocr_par' dir='ltr' id='par_1_13' title="bbox 560 1182 2211 1255">
     <span class='ocr_line' id='line_1_13' title="bbox 560 1182 2211 1255; baseline 0.001 -17"><span class='ocrx_word' id='word_1_75' title='bbox 560 1186 767 1253; x_wconf 88' lang='lat' dir='ltr'>tatem,</span> <span class='ocrx_word' id='word_1_76' title='bbox 798 1187 929 1239; x_wconf 89' lang='lat' dir='ltr'>tum</span> <span class='ocrx_word' id='word_1_77' title='bbox 969 1183 1126 1240; x_wconf 90' lang='lat' dir='ltr'>elata</span> <span class='ocrx_word' id='word_1_78' title='bbox 1153 1188 1285 1239; x_wconf 85' lang='lat' dir='ltr'>tum</span> <span class='ocrx_word' id='word_1_79' title='bbox 1316 1183 1626 1240; x_wconf 88' lang='lat' dir='ltr'>submissa</span> <span class='ocrx_word' id='word_1_80' title='bbox 1662 1198 1807 1241; x_wconf 91' lang='lat' dir='ltr'>voce</span> <span class='ocrx_word' id='word_1_81' title='bbox 1832 1182 2211 1255; x_wconf 89' lang='lat' dir='ltr'>pronuntiari</span> 
     </span>
    </p>
   </div>
   <div class='ocr_carea' id='block_1_14' title="bbox 561 1271 2211 1346">
    <p class='ocr_par' dir='ltr' id='par_1_14' title="bbox 561 1271 2211 1346">
     <span class='ocr_line' id='line_1_14' title="bbox 561 1271 2211 1346; baseline -0.001 -17"><span class='ocrx_word' id='word_1_82' title='bbox 561 1271 638 1329; x_wconf 91' lang='lat' dir='ltr'>ab</span> <span class='ocrx_word' id='word_1_83' title='bbox 660 1272 743 1328; x_wconf 90' lang='lat' dir='ltr'>eis</span> <span class='ocrx_word' id='word_1_84' title='bbox 786 1275 1043 1343; x_wconf 88' lang='lat' dir='ltr'>constat,</span> <span class='ocrx_word' id='word_1_85' title='bbox 1091 1271 1243 1329; x_wconf 90' lang='lat' dir='ltr'>sicut</span> <span class='ocrx_word' id='word_1_86' title='bbox 1292 1288 1554 1344; x_wconf 91' lang='lat' dir='ltr'>magnus</span> <span class='ocrx_word' id='word_1_87' title='bbox 1602 1286 1847 1346; x_wconf 88' lang='lat' dir='ltr'>quoque</span> <span class='ocrx_word' id='word_1_88' title='bbox 1893 1271 2211 1344; x_wconf 83' lang='lat' dir='ltr'>Dionysius</span> 
     </span>
    </p>
   </div>
   <div class='ocr_carea' id='block_1_15' title="bbox 559 1360 2211 1419">
    <p class='ocr_par' dir='ltr' id='par_1_15' title="bbox 559 1360 2211 1419">
     <span class='ocr_line' id='line_1_15' title="bbox 559 1360 2211 1419; baseline -0.002 0"><span class='ocrx_word' id='word_1_89' title='bbox 559 1361 935 1419; x_wconf 83' lang='lat' dir='ltr'>manifestius</span> <span class='ocrx_word' id='word_1_90' title='bbox 991 1360 1170 1418; x_wconf 92' lang='lat' dir='ltr'>nobis</span> <span class='ocrx_word' id='word_1_91' title='bbox 1210 1361 1378 1418; x_wconf 88' lang='lat' dir='ltr'>sistit.</span> <span class='ocrx_word' id='word_1_92' title='bbox 1426 1366 1480 1418; x_wconf 91' lang='lat' dir='ltr'>ls</span> <span class='ocrx_word' id='word_1_93' title='bbox 1526 1361 1688 1418; x_wconf 85' lang='lat' dir='ltr'>enim</span> <span class='ocrx_word' id='word_1_94' title='bbox 1733 1364 2003 1418; x_wconf 89' lang='lat' dir='ltr'>nostram</span> <span class='ocrx_word' id='word_1_95' title='bbox 2050 1360 2211 1417; x_wconf 89' lang='lat' dir='ltr'>hanc</span> 
     </span>
    </p>
   </div>
   <div class='ocr_carea' id='block_1_16' title="bbox 560 1450 2211 1522">
    <p class='ocr_par' dir='ltr' id='par_1_16' title="bbox 560 1450 2211 1522">
     <span class='ocr_line' id='line_1_16' title="bbox 560 1450 2211 1522; baseline -0.001 -14"><span class='ocrx_word' id='word_1_96' title='bbox 560 1451 831 1509; x_wconf 89' lang='lat' dir='ltr'>divinam</span> <span class='ocrx_word' id='word_1_97' title='bbox 849 1451 1153 1522; x_wconf 90' lang='lat' dir='ltr'>liturgiam</span> <span class='ocrx_word' id='word_1_98' title='bbox 1180 1451 1259 1508; x_wconf 91' lang='lat' dir='ltr'>ad</span> <span class='ocrx_word' id='word_1_99' title='bbox 1286 1451 1682 1509; x_wconf 77' lang='lat' dir='ltr'>imitationem</span> <span class='ocrx_word' id='word_1_100' title='bbox 1718 1450 1847 1507; x_wconf 85' lang='lat' dir='ltr'>ﬁeri</span> <span class='ocrx_word' id='word_1_101' title='bbox 1876 1450 2211 1507; x_wconf 66' lang='lat' dir='ltr'>caelestium</span> 
     </span>
    </p>
   </div>
   <div class='ocr_carea' id='block_1_17' title="bbox 560 1539 2211 1613">
    <p class='ocr_par' dir='ltr' id='par_1_17' title="bbox 560 1539 2211 1613">
     <span class='ocr_line' id='line_1_17' title="bbox 560 1539 2211 1613; baseline -0.002 -16"><span class='ocrx_word' id='word_1_102' title='bbox 560 1544 948 1613; x_wconf 87' lang='lat' dir='ltr'>potestatum,</span> <span class='ocrx_word' id='word_1_103' title='bbox 972 1545 1027 1596; x_wconf 88' lang='lat' dir='ltr'>et</span> <span class='ocrx_word' id='word_1_104' title='bbox 1048 1539 1332 1597; x_wconf 84' lang='lat' dir='ltr'>ordinum</span> <span class='ocrx_word' id='word_1_105' title='bbox 1353 1540 1615 1608; x_wconf 89' lang='lat' dir='ltr'>illorum,</span> <span class='ocrx_word' id='word_1_106' title='bbox 1658 1553 1920 1613; x_wconf 85' lang='lat' dir='ltr'>quorum</span> <span class='ocrx_word' id='word_1_107' title='bbox 1949 1539 2211 1610; x_wconf 90' lang='lat' dir='ltr'>ﬁguram</span> 
     </span>
    </p>
   </div>
   <div class='ocr_carea' id='block_1_18' title="bbox 561 1626 2208 1703">
    <p class='ocr_par' dir='ltr' id='par_1_18' title="bbox 561 1626 2208 1703">
     <span class='ocr_line' id='line_1_18' title="bbox 561 1626 2208 1703; baseline -0.001 -18"><span class='ocrx_word' id='word_1_108' title='bbox 561 1633 778 1699; x_wconf 88' lang='lat' dir='ltr'>gerunt</span> <span class='ocrx_word' id='word_1_109' title='bbox 805 1628 959 1685; x_wconf 87' lang='lat' dir='ltr'>sacri</span> <span class='ocrx_word' id='word_1_110' title='bbox 986 1628 1264 1701; x_wconf 85' lang='lat' dir='ltr'>ministri,</span> <span class='ocrx_word' id='word_1_111' title='bbox 1313 1628 1414 1686; x_wconf 88' lang='lat' dir='ltr'>alii</span> <span class='ocrx_word' id='word_1_112' title='bbox 1451 1628 1702 1703; x_wconf 88' lang='lat' dir='ltr'>quidem</span> <span class='ocrx_word' id='word_1_113' title='bbox 1731 1628 1990 1702; x_wconf 82' lang='lat' dir='ltr'>primam</span> <span class='ocrx_word' id='word_1_114' title='bbox 2024 1626 2208 1684; x_wconf 88' lang='lat' dir='ltr'>sortiti</span> 
     </span>
    </p>
   </div>
   <div class='ocr_carea' id='block_1_19' title="bbox 561 1716 2210 1787">
    <p class='ocr_par' dir='ltr' id='par_1_19' title="bbox 561 1716 2210 1787">
     <span class='ocr_line' id='line_1_19' title="bbox 561 1716 2210 1787; baseline 0 -14"><span class='ocrx_word' id='word_1_115' title='bbox 561 1718 878 1775; x_wconf 82' lang='lat' dir='ltr'>stationem</span> <span class='ocrx_word' id='word_1_116' title='bbox 910 1722 968 1775; x_wconf 90' lang='lat' dir='ltr'>et</span> <span class='ocrx_word' id='word_1_117' title='bbox 1003 1717 1297 1783; x_wconf 87' lang='lat' dir='ltr'>ordinem,</span> <span class='ocrx_word' id='word_1_118' title='bbox 1338 1718 1438 1776; x_wconf 90' lang='lat' dir='ltr'>alii</span> <span class='ocrx_word' id='word_1_119' title='bbox 1488 1718 1851 1787; x_wconf 88' lang='lat' dir='ltr'>secundum,</span> <span class='ocrx_word' id='word_1_120' title='bbox 1876 1722 1933 1775; x_wconf 88' lang='lat' dir='ltr'>et</span> <span class='ocrx_word' id='word_1_121' title='bbox 1963 1718 2047 1774; x_wconf 92' lang='lat' dir='ltr'>sic</span> <span class='ocrx_word' id='word_1_122' title='bbox 2069 1716 2210 1774; x_wconf 90' lang='lat' dir='ltr'>reli-</span> 
     </span>
    </p>
   </div>
   <div class='ocr_carea' id='block_1_20' title="bbox 2316 558 3953 636">
    <p class='ocr_par' dir='ltr' id='par_1_20' title="bbox 2316 558 3953 636">
     <span class='ocr_line' id='line_1_20' title="bbox 2316 558 3953 636; baseline 0.001 -23"><span class='ocrx_word' id='word_1_123' title='bbox 2316 564 2439 633; x_wconf 79' lang='grc' dir='ltr'>ρέως</span> <span class='ocrx_word' id='word_1_124' title='bbox 2484 565 2699 636; x_wconf 77' lang='grc' dir='ltr'>φέρουσι</span> <span class='ocrx_word' id='word_1_125' title='bbox 2752 566 3053 636; x_wconf 88' lang='grc' dir='ltr'>πρόσωπον,</span> <span class='ocrx_word' id='word_1_126' title='bbox 3099 562 3195 616; x_wconf 85' lang='grc' dir='ltr'>ούκ</span> <span class='ocrx_word' id='word_1_127' title='bbox 3243 558 3540 616; x_wconf 76' lang='grc' dir='ltr'>ἀδύνατονο</span> <span class='ocrx_word' id='word_1_128' title='bbox 3598 569 3693 617; x_wconf 82' lang='grc' dir='ltr'>καὶ</span> <span class='ocrx_word' id='word_1_129' title='bbox 3767 563 3953 625; x_wconf 72' lang='grc' dir='ltr'>ἄλλως</span> 
     </span>
    </p>
   </div>
   <div class='ocr_carea' id='block_1_21' title="bbox 2319 644 3951 728">
    <p class='ocr_par' dir='ltr' id='par_1_21' title="bbox 2319 644 3951 728">
     <span class='ocr_line' id='line_1_21' title="bbox 2319 644 3951 728; baseline 0.002 -27"><span class='ocrx_word' id='word_1_130' title='bbox 2319 644 2369 701; x_wconf 70' lang='grc' dir='ltr'>δ’</span> <span class='ocrx_word' id='word_1_131' title='bbox 2409 650 2553 703; x_wconf 76' lang='grc' dir='ltr'>οὗτοι</span> <span class='ocrx_word' id='word_1_132' title='bbox 2589 653 2657 704; x_wconf 85' lang='grc' dir='ltr'>τά</span> <span class='ocrx_word' id='word_1_133' title='bbox 2692 654 2783 725; x_wconf 74' lang='grc' dir='ltr'>μεν</span> <span class='ocrx_word' id='word_1_134' title='bbox 2831 660 2930 705; x_wconf 84' lang='grc' dir='ltr'>τῶν</span> <span class='ocrx_word' id='word_1_135' title='bbox 2970 651 3094 725; x_wconf 86' lang='grc' dir='ltr'>παρ’</span> <span class='ocrx_word' id='word_1_136' title='bbox 3143 656 3318 715; x_wconf 79' lang='grc' dir='ltr'>αὐτοῖς</span> <span class='ocrx_word' id='word_1_137' title='bbox 3363 652 3642 726; x_wconf 86' lang='grc' dir='ltr'>λεγομένων</span> <span class='ocrx_word' id='word_1_138' title='bbox 3690 654 3727 713; x_wconf 75' lang='grc' dir='ltr'><strong>ἦ</strong></span> <span class='ocrx_word' id='word_1_139' title='bbox 3764 673 3951 728; x_wconf 85' lang='grc' dir='ltr'>πρατ-</span> 
     </span>
    </p>
   </div>
   <div class='ocr_carea' id='block_1_22' title="bbox 2319 739 3946 819">
    <p class='ocr_par' dir='ltr' id='par_1_22' title="bbox 2319 739 3946 819">
     <span class='ocr_line' id='line_1_22' title="bbox 2319 739 3946 819; baseline 0.001 -29"><span class='ocrx_word' id='word_1_140' title='bbox 2319 743 2536 812; x_wconf 78' lang='grc' dir='ltr'>τομένων</span> <span class='ocrx_word' id='word_1_141' title='bbox 2612 739 2661 792; x_wconf 76' lang='grc' dir='ltr'>ἓν</span> <span class='ocrx_word' id='word_1_142' title='bbox 2738 748 2801 814; x_wconf 71' lang='grc' dir='ltr'>τῇ</span> <span class='ocrx_word' id='word_1_143' title='bbox 2882 743 2993 815; x_wconf 83' lang='grc' dir='ltr'>θείᾳ</span> <span class='ocrx_word' id='word_1_144' title='bbox 3068 744 3332 817; x_wconf 79' lang='grc' dir='ltr'>ἱερουργίᾳ</span> <span class='ocrx_word' id='word_1_145' title='bbox 3392 745 3461 805; x_wconf 84' lang='grc' dir='ltr'>ὡς</span> <span class='ocrx_word' id='word_1_146' title='bbox 3515 741 3567 805; x_wconf 81' lang='grc' dir='ltr'>ἐξ</span> <span class='ocrx_word' id='word_1_147' title='bbox 3630 742 3946 819; x_wconf 74' lang='grc' dir='ltr'>ἀνθρώπων</span> 
     </span>
    </p>
   </div>
   <div class='ocr_carea' id='block_1_23' title="bbox 2315 827 3947 907">
    <p class='ocr_par' dir='ltr' id='par_1_23' title="bbox 2315 827 3947 907">
     <span class='ocr_line' id='line_1_23' title="bbox 2315 827 3947 907; baseline 0.002 -26"><span class='ocrx_word' id='word_1_148' title='bbox 2315 827 2691 904; x_wconf 76' lang='grc' dir='ltr'>λαμϐανόμενοι</span> <span class='ocrx_word' id='word_1_149' title='bbox 2764 829 3025 907; x_wconf 73' lang='grc' dir='ltr'>ἀρχιερεῖς</span> <span class='ocrx_word' id='word_1_150' title='bbox 3096 839 3260 886; x_wconf 79' lang='grc' dir='ltr'>ποιεῖν</span> <span class='ocrx_word' id='word_1_151' title='bbox 3335 837 3605 905; x_wconf 74' lang='grc' dir='ltr'>φαίνονται</span> <span class='ocrx_word' id='word_1_152' title='bbox 3633 854 3646 866; x_wconf 78' lang='grc' dir='ltr'><strong>ο</strong></span> <span class='ocrx_word' id='word_1_153' title='bbox 3730 835 3812 887; x_wconf 84' lang='grc' dir='ltr'>τά</span> <span class='ocrx_word' id='word_1_154' title='bbox 3884 829 3947 885; x_wconf 73' lang='grc' dir='ltr'>δὲ</span> 
     </span>
    </p>
   </div>
   <div class='ocr_carea' id='block_1_24' title="bbox 2317 917 3945 995">
    <p class='ocr_par' dir='ltr' id='par_1_24' title="bbox 2317 917 3945 995">
     <span class='ocr_line' id='line_1_24' title="bbox 2317 917 3945 995; baseline 0.002 -26"><span class='ocrx_word' id='word_1_155' title='bbox 2317 917 2444 991; x_wconf 65' lang='grc' dir='ltr'>ὑπὲρ</span> <span class='ocrx_word' id='word_1_156' title='bbox 2515 920 2782 994; x_wconf 80' lang='grc' dir='ltr'>ἄνθρωπον</span> <span class='ocrx_word' id='word_1_157' title='bbox 2851 923 3116 992; x_wconf 75' lang='grc' dir='ltr'>πεφυκότα</span> <span class='ocrx_word' id='word_1_158' title='bbox 3180 924 3554 995; x_wconf 74' lang='grc' dir='ltr'>προσφέρουσι,</span> <span class='ocrx_word' id='word_1_159' title='bbox 3617 923 3749 982; x_wconf 83' lang='grc' dir='ltr'>τούς</span> <span class='ocrx_word' id='word_1_160' title='bbox 3834 939 3945 992; x_wconf 82' lang='grc' dir='ltr'>χε-</span> 
     </span>
    </p>
   </div>
   <div class='ocr_carea' id='block_1_25' title="bbox 2316 1005 3946 1083">
    <p class='ocr_par' dir='ltr' id='par_1_25' title="bbox 2316 1005 3946 1083">
     <span class='ocr_line' id='line_1_25' title="bbox 2316 1005 3946 1083; baseline 0.001 -23"><span class='ocrx_word' id='word_1_161' title='bbox 2316 1005 2597 1081; x_wconf 81' lang='grc' dir='ltr'>ρουϐικούς</span> <span class='ocrx_word' id='word_1_162' title='bbox 2651 1013 2741 1061; x_wconf 81' lang='grc' dir='ltr'>καὶ</span> <span class='ocrx_word' id='word_1_163' title='bbox 2793 1013 3103 1083; x_wconf 74' lang='grc' dir='ltr'>σεραφικούς</span> <span class='ocrx_word' id='word_1_164' title='bbox 3147 1009 3360 1081; x_wconf 80' lang='grc' dir='ltr'>ὕμνους,</span> <span class='ocrx_word' id='word_1_165' title='bbox 3405 1014 3495 1063; x_wconf 83' lang='grc' dir='ltr'>καὶ</span> <span class='ocrx_word' id='word_1_166' title='bbox 3532 1009 3701 1063; x_wconf 74' lang='grc' dir='ltr'>τᾶλλα</span> <span class='ocrx_word' id='word_1_167' title='bbox 3753 1013 3946 1063; x_wconf 78' lang='grc' dir='ltr'>πάντα</span> 
     </span>
    </p>
   </div>
   <div class='ocr_carea' id='block_1_26' title="bbox 2318 1096 3944 1172">
    <p class='ocr_par' dir='ltr' id='par_1_26' title="bbox 2318 1096 3944 1172">
     <span class='ocr_line' id='line_1_26' title="bbox 2318 1096 3944 1172; baseline 0.001 -23"><span class='ocrx_word' id='word_1_168' title='bbox 2318 1099 2420 1150; x_wconf 84' lang='grc' dir='ltr'>ὅσα</span> <span class='ocrx_word' id='word_1_169' title='bbox 2482 1097 2608 1172; x_wconf 70' lang='grc' dir='ltr'>ύπὶρ</span> <span class='ocrx_word' id='word_1_170' title='bbox 2665 1102 2760 1156; x_wconf 76' lang='grc' dir='ltr'>τὴν</span> <span class='ocrx_word' id='word_1_171' title='bbox 2827 1097 3019 1151; x_wconf 72' lang='grc' dir='ltr'>ἑαυτῶν</span> <span class='ocrx_word' id='word_1_172' title='bbox 3086 1096 3234 1161; x_wconf 82' lang='grc' dir='ltr'>ἀξίαν</span> <span class='ocrx_word' id='word_1_173' title='bbox 3296 1097 3633 1171; x_wconf 71' lang='grc' dir='ltr'>ἐκφωνοῡντες</span> <span class='ocrx_word' id='word_1_174' title='bbox 3695 1101 3731 1160; x_wconf 68' lang='grc' dir='ltr'>ᾖ</span> <span class='ocrx_word' id='word_1_175' title='bbox 3814 1099 3944 1151; x_wconf 77' lang='grc' dir='ltr'>καθ’</span> 
     </span>
    </p>
   </div>
   <div class='ocr_carea' id='block_1_27' title="bbox 2319 1184 3947 1262">
    <p class='ocr_par' dir='ltr' id='par_1_27' title="bbox 2319 1184 3947 1262">
     <span class='ocr_line' id='line_1_27' title="bbox 2319 1184 3947 1262; baseline 0.001 -23"><span class='ocrx_word' id='word_1_176' title='bbox 2319 1186 2532 1248; x_wconf 79' lang='grc' dir='ltr'>ἑαυτούς</span> <span class='ocrx_word' id='word_1_177' title='bbox 2613 1184 2837 1249; x_wconf 80' lang='grc' dir='ltr'>ἐπιόντες</span> <span class='ocrx_word' id='word_1_178' title='bbox 2902 1184 3194 1241; x_wconf 79' lang='grc' dir='ltr'>δείκνυνται</span> <span class='ocrx_word' id='word_1_179' title='bbox 3231 1208 3243 1220; x_wconf 94' lang='grc'><strong>·</strong></span> <span class='ocrx_word' id='word_1_180' title='bbox 3309 1189 3449 1241; x_wconf 86' lang='grc' dir='ltr'>καθά</span> <span class='ocrx_word' id='word_1_181' title='bbox 3507 1192 3597 1241; x_wconf 88' lang='grc' dir='ltr'>καὶ</span> <span class='ocrx_word' id='word_1_182' title='bbox 3663 1189 3692 1241; x_wconf 85' lang='grc' dir='ltr'>ό</span> <span class='ocrx_word' id='word_1_183' title='bbox 3761 1193 3947 1262; x_wconf 79' lang='grc' dir='ltr'>μέγας</span> 
     </span>
    </p>
   </div>
   <div class='ocr_carea' id='block_1_28' title="bbox 2320 1272 3945 1354">
    <p class='ocr_par' dir='ltr' id='par_1_28' title="bbox 2320 1272 3945 1354">
     <span class='ocr_line' id='line_1_28' title="bbox 2320 1272 3945 1354; baseline 0.001 -27"><span class='ocrx_word' id='word_1_184' title='bbox 2320 1278 2587 1336; x_wconf 91' lang='grc' dir='ltr'>Διονύσιος</span> <span class='ocrx_word' id='word_1_185' title='bbox 2651 1272 3016 1353; x_wconf 76' lang='grc' dir='ltr'>ἀριδηλότερον</span> <span class='ocrx_word' id='word_1_186' title='bbox 3089 1282 3408 1354; x_wconf 81' lang='grc' dir='ltr'>παρίστησιν</span> <span class='ocrx_word' id='word_1_187' title='bbox 3476 1277 3592 1350; x_wconf 84' lang='grc'>(36)</span> <span class='ocrx_word' id='word_1_188' title='bbox 3629 1295 3643 1309; x_wconf 84' lang='lat'>&#39;</span> <span class='ocrx_word' id='word_1_189' title='bbox 3732 1277 3945 1340; x_wconf 78' lang='grc' dir='ltr'>ἐκεῖνος</span> 
     </span>
    </p>
   </div>
   <div class='ocr_carea' id='block_1_29' title="bbox 2317 1365 3944 1442">
    <p class='ocr_par' dir='ltr' id='par_1_29' title="bbox 2317 1365 3944 1442">
     <span class='ocr_line' id='line_1_29' title="bbox 2317 1365 3944 1442; baseline -0.001 -24"><span class='ocrx_word' id='word_1_190' title='bbox 2317 1367 2419 1439; x_wconf 80' lang='grc' dir='ltr'>γὰρ</span> <span class='ocrx_word' id='word_1_191' title='bbox 2463 1369 2557 1423; x_wconf 80' lang='grc' dir='ltr'>τὴν</span> <span class='ocrx_word' id='word_1_192' title='bbox 2604 1373 2875 1440; x_wconf 80' lang='grc' dir='ltr'>παροῦσαν</span> <span class='ocrx_word' id='word_1_193' title='bbox 2934 1367 3071 1419; x_wconf 90' lang='grc' dir='ltr'>θείαν</span> <span class='ocrx_word' id='word_1_194' title='bbox 3116 1365 3444 1442; x_wconf 77' lang='grc' dir='ltr'>λειτουργίαν</span> <span class='ocrx_word' id='word_1_195' title='bbox 3501 1369 3635 1420; x_wconf 86' lang='grc' dir='ltr'>κατά</span> <span class='ocrx_word' id='word_1_196' title='bbox 3666 1371 3944 1440; x_wconf 78' lang='grc' dir='ltr'>μίμησιν</span> 
     </span>
    </p>
   </div>
   <div class='ocr_carea' id='block_1_30' title="bbox 2321 1453 3942 1530">
    <p class='ocr_par' dir='ltr' id='par_1_30' title="bbox 2321 1453 3942 1530">
     <span class='ocr_line' id='line_1_30' title="bbox 2321 1453 3942 1530; baseline -0.001 -23"><span class='ocrx_word' id='word_1_197' title='bbox 2321 1456 2451 1526; x_wconf 70' lang='grc' dir='ltr'>φησί</span> <span class='ocrx_word' id='word_1_198' title='bbox 2502 1453 2763 1507; x_wconf 81' lang='grc' dir='ltr'>τελεῖσθαι</span> <span class='ocrx_word' id='word_1_199' title='bbox 2812 1463 2913 1506; x_wconf 85' lang='grc' dir='ltr'>τῶν</span> <span class='ocrx_word' id='word_1_200' title='bbox 2959 1453 3273 1530; x_wconf 75' lang='grc' dir='ltr'>ἐπουρανίων</span> <span class='ocrx_word' id='word_1_201' title='bbox 3329 1453 3619 1528; x_wconf 77' lang='grc' dir='ltr'>δυνάμεων,</span> <span class='ocrx_word' id='word_1_202' title='bbox 3671 1460 3773 1509; x_wconf 82' lang='grc' dir='ltr'>καὶ</span> <span class='ocrx_word' id='word_1_203' title='bbox 3836 1463 3942 1509; x_wconf 81' lang='grc' dir='ltr'>τῶν</span> 
     </span>
    </p>
   </div>
   <div class='ocr_carea' id='block_1_31' title="bbox 2318 1541 3946 1620">
    <p class='ocr_par' dir='ltr' id='par_1_31' title="bbox 2318 1541 3946 1620">
     <span class='ocr_line' id='line_1_31' title="bbox 2318 1541 3946 1620; baseline 0 -25"><span class='ocrx_word' id='word_1_204' title='bbox 2318 1545 2598 1616; x_wconf 87' lang='grc' dir='ltr'>ταγμάτων</span> <span class='ocrx_word' id='word_1_205' title='bbox 2656 1541 2857 1596; x_wconf 78' lang='grc' dir='ltr'>ἐκείνων</span> <span class='ocrx_word' id='word_1_206' title='bbox 2881 1584 2896 1609; x_wconf 86' lang='grc'>,</span> <span class='ocrx_word' id='word_1_207' title='bbox 2947 1544 3014 1595; x_wconf 86' lang='grc' dir='ltr'>ὧν</span> <span class='ocrx_word' id='word_1_208' title='bbox 3070 1547 3228 1597; x_wconf 83' lang='grc' dir='ltr'>τύπον</span> <span class='ocrx_word' id='word_1_209' title='bbox 3286 1549 3528 1620; x_wconf 75' lang='grc' dir='ltr'>φέρουσιν</span> <span class='ocrx_word' id='word_1_210' title='bbox 3590 1547 3641 1597; x_wconf 84' lang='grc' dir='ltr'>οἱ</span> <span class='ocrx_word' id='word_1_211' title='bbox 3690 1544 3946 1618; x_wconf 80' lang='grc' dir='ltr'>λειτουρ-</span> 
     </span>
    </p>
   </div>
   <div class='ocr_carea' id='block_1_32' title="bbox 2319 1632 3943 1709">
    <p class='ocr_par' dir='ltr' id='par_1_32' title="bbox 2319 1632 3943 1709">
     <span class='ocr_line' id='line_1_32' title="bbox 2319 1632 3943 1709; baseline 0 -24"><span class='ocrx_word' id='word_1_212' title='bbox 2319 1640 2541 1705; x_wconf 72' lang='grc' dir='ltr'>γοῦντες,</span> <span class='ocrx_word' id='word_1_213' title='bbox 2598 1634 2647 1685; x_wconf 79' lang='grc' dir='ltr'>οἱ</span> <span class='ocrx_word' id='word_1_214' title='bbox 2711 1636 2802 1704; x_wconf 67' lang='grc' dir='ltr'>μὲν</span> <span class='ocrx_word' id='word_1_215' title='bbox 2858 1641 2949 1694; x_wconf 78' lang='grc' dir='ltr'>τῆς</span> <span class='ocrx_word' id='word_1_216' title='bbox 2998 1638 3201 1709; x_wconf 83' lang='grc' dir='ltr'>πρώτης</span> <span class='ocrx_word' id='word_1_217' title='bbox 3246 1632 3495 1706; x_wconf 78' lang='grc' dir='ltr'>λαχόντες</span> <span class='ocrx_word' id='word_1_218' title='bbox 3540 1636 3785 1696; x_wconf 85' lang='grc' dir='ltr'>στάσεως</span> <span class='ocrx_word' id='word_1_219' title='bbox 3846 1638 3943 1687; x_wconf 80' lang='grc' dir='ltr'>καὶ</span> 
     </span>
    </p>
   </div>
   <div class='ocr_carea' id='block_1_33' title="bbox 2319 1718 3942 1798">
    <p class='ocr_par' dir='ltr' id='par_1_33' title="bbox 2319 1718 3942 1798">
     <span class='ocr_line' id='line_1_33' title="bbox 2319 1718 3942 1798; baseline 0.001 -25"><span class='ocrx_word' id='word_1_220' title='bbox 2319 1721 2530 1787; x_wconf 86' lang='grc' dir='ltr'>τάξεως,</span> <span class='ocrx_word' id='word_1_221' title='bbox 2587 1721 2637 1774; x_wconf 89' lang='grc' dir='ltr'>οἰ</span> <span class='ocrx_word' id='word_1_222' title='bbox 2686 1718 2745 1775; x_wconf 73' lang='grc' dir='ltr'>δὲ</span> <span class='ocrx_word' id='word_1_223' title='bbox 2792 1731 2881 1784; x_wconf 81' lang='grc' dir='ltr'>τῆς</span> <span class='ocrx_word' id='word_1_224' title='bbox 2929 1720 3196 1798; x_wconf 73' lang='grc' dir='ltr'>δευτέρας,</span> <span class='ocrx_word' id='word_1_225' title='bbox 3255 1728 3344 1776; x_wconf 84' lang='grc' dir='ltr'>καὶ</span> <span class='ocrx_word' id='word_1_226' title='bbox 3390 1732 3491 1776; x_wconf 88' lang='grc' dir='ltr'>τῶν</span> <span class='ocrx_word' id='word_1_227' title='bbox 3520 1722 3659 1786; x_wconf 80' lang='grc' dir='ltr'>ἑξῆς.</span> <span class='ocrx_word' id='word_1_228' title='bbox 3702 1727 3816 1777; x_wconf 80' lang='grc' dir='ltr'>Καὶ</span> <span class='ocrx_word' id='word_1_229' title='bbox 3846 1727 3942 1776; x_wconf 87' lang='grc' dir='ltr'>τόν</span> 
     </span>
    </p>
   </div>
   <div class='ocr_carea' id='block_1_34' title="bbox 558 1791 2211 1885">
    <p class='ocr_par' dir='ltr' id='par_1_34' title="bbox 558 1808 2209 1882">
     <span class='ocr_line' id='line_1_34' title="bbox 558 1808 2209 1882; baseline 0.001 -19"><span class='ocrx_word' id='word_1_230' title='bbox 558 1824 733 1881; x_wconf 89' lang='lat' dir='ltr'>quos.</span> <span class='ocrx_word' id='word_1_231' title='bbox 766 1811 832 1865; x_wconf 90' lang='lat' dir='ltr'>Et</span> <span class='ocrx_word' id='word_1_232' title='bbox 863 1808 1191 1866; x_wconf 88' lang='lat' dir='ltr'>diaconum</span> <span class='ocrx_word' id='word_1_233' title='bbox 1233 1808 1481 1881; x_wconf 91' lang='lat' dir='ltr'>quidem</span> <span class='ocrx_word' id='word_1_234' title='bbox 1510 1808 1778 1882; x_wconf 87' lang='lat' dir='ltr'>appellat</span> <span class='ocrx_word' id='word_1_235' title='bbox 1828 1808 2209 1881; x_wconf 83' lang='lat' dir='ltr'>expiantem;</span> 
     </span>
    </p>
   </div>
   <div class='ocr_carea' id='block_1_35' title="bbox 2320 1791 3943 1885">
    <p class='ocr_par' dir='ltr' id='par_1_35' title="bbox 2320 1806 3943 1885">
     <span class='ocr_line' id='line_1_35' title="bbox 2320 1806 3943 1885; baseline 0 -21"><span class='ocrx_word' id='word_1_236' title='bbox 2320 1814 2412 1884; x_wconf 67' lang='grc' dir='ltr'>μὲν</span> <span class='ocrx_word' id='word_1_237' title='bbox 2487 1806 2728 1863; x_wconf 77' lang='grc' dir='ltr'>διάκονον</span> <span class='ocrx_word' id='word_1_238' title='bbox 2802 1813 3117 1885; x_wconf 85' lang='grc' dir='ltr'>καθαρτικόν</span> <span class='ocrx_word' id='word_1_239' title='bbox 3183 1812 3447 1883; x_wconf 75' lang='grc' dir='ltr'>ὀνομάζει,</span> <span class='ocrx_word' id='word_1_240' title='bbox 3504 1816 3591 1865; x_wconf 88' lang='grc' dir='ltr'>τόν</span> <span class='ocrx_word' id='word_1_241' title='bbox 3661 1808 3722 1865; x_wconf 71' lang='grc' dir='ltr'>δε</span> <span class='ocrx_word' id='word_1_242' title='bbox 3794 1814 3943 1885; x_wconf 72' lang='grc' dir='ltr'>ἱερεα</span> 
     </span>
    </p>
   </div>
   <div class='ocr_carea' id='block_1_36' title="bbox 562 1896 2211 1977">
    <p class='ocr_par' dir='ltr' id='par_1_36' title="bbox 562 1896 2211 1972">
     <span class='ocr_line' id='line_1_36' title="bbox 562 1896 2211 1972; baseline 0 -19"><span class='ocrx_word' id='word_1_243' title='bbox 562 1896 954 1965; x_wconf 87' lang='lat' dir='ltr'>sacerdotem,</span> <span class='ocrx_word' id='word_1_244' title='bbox 989 1897 1467 1967; x_wconf 89' lang='lat' dir='ltr'>illuminantem;</span> <span class='ocrx_word' id='word_1_245' title='bbox 1502 1897 1874 1972; x_wconf 89' lang='lat' dir='ltr'>episcopum,</span> <span class='ocrx_word' id='word_1_246' title='bbox 1897 1897 2211 1971; x_wconf 89' lang='lat' dir='ltr'>perﬁcien-</span> 
     </span>
    </p>
   </div>
   <div class='ocr_carea' id='block_1_37' title="bbox 2320 1896 3943 1977">
    <p class='ocr_par' dir='ltr' id='par_1_37' title="bbox 2323 1897 3943 1977">
     <span class='ocr_line' id='line_1_37' title="bbox 2323 1897 3943 1977; baseline 0 -24"><span class='ocrx_word' id='word_1_247' title='bbox 2323 1905 2657 1973; x_wconf 64' lang='grc' dir='ltr'>φωτιστικόν,</span> <span class='ocrx_word' id='word_1_248' title='bbox 2709 1905 2796 1953; x_wconf 89' lang='grc' dir='ltr'>τόν</span> <span class='ocrx_word' id='word_1_249' title='bbox 2855 1897 2915 1954; x_wconf 75' lang='grc' dir='ltr'>δε</span> <span class='ocrx_word' id='word_1_250' title='bbox 2980 1900 3230 1977; x_wconf 79' lang='grc' dir='ltr'>ἀρχιερέα</span> <span class='ocrx_word' id='word_1_251' title='bbox 3280 1901 3589 1957; x_wconf 84' lang='grc' dir='ltr'>τελεστικόν.</span> <span class='ocrx_word' id='word_1_252' title='bbox 3647 1901 3823 1956; x_wconf 81' lang='grc' dir='ltr'>Ὀταν</span> <span class='ocrx_word' id='word_1_253' title='bbox 3887 1898 3943 1953; x_wconf 81' lang='grc' dir='ltr'>δ’</span> 
     </span>
    </p>
   </div>
   <div class='ocr_carea' id='block_1_38' title="bbox 562 1986 2211 2067">
    <p class='ocr_par' dir='ltr' id='par_1_38' title="bbox 562 1986 2211 2060">
     <span class='ocr_line' id='line_1_38' title="bbox 562 1986 2211 2060; baseline -0.001 -17"><span class='ocrx_word' id='word_1_254' title='bbox 562 1990 711 2043; x_wconf 85' lang='lat' dir='ltr'>tem.</span> <span class='ocrx_word' id='word_1_255' title='bbox 744 1988 892 2043; x_wconf 88' lang='lat' dir='ltr'>Cum</span> <span class='ocrx_word' id='word_1_256' title='bbox 911 1987 1116 2060; x_wconf 87' lang='lat' dir='ltr'>itaque</span> <span class='ocrx_word' id='word_1_257' title='bbox 1135 1986 1325 2043; x_wconf 84' lang='lat' dir='ltr'>verba</span> <span class='ocrx_word' id='word_1_258' title='bbox 1347 1987 1591 2044; x_wconf 82' lang='lat' dir='ltr'>audies:</span> <span class='ocrx_word' id='word_1_259' title='bbox 1623 2011 1643 2037; x_wconf 75' lang='grc' dir='ltr'><strong><em>α</em></strong></span> <span class='ocrx_word' id='word_1_260' title='bbox 1670 1987 1885 2044; x_wconf 86' lang='lat' dir='ltr'>Adhuc</span> <span class='ocrx_word' id='word_1_261' title='bbox 1901 1986 2211 2044; x_wconf 72' lang='lat' dir='ltr'>offerimus</span> 
     </span>
    </p>
   </div>
   <div class='ocr_carea' id='block_1_39' title="bbox 2320 1986 3942 2067">
    <p class='ocr_par' dir='ltr' id='par_1_39' title="bbox 2324 1989 3942 2067">
     <span class='ocr_line' id='line_1_39' title="bbox 2324 1989 3942 2067; baseline -0.001 -25"><span class='ocrx_word' id='word_1_262' title='bbox 2324 1989 2555 2063; x_wconf 74' lang='grc' dir='ltr'>ἀκούσης</span> <span class='ocrx_word' id='word_1_263' title='bbox 2625 1993 2705 2059; x_wconf 86' lang='grc' dir='ltr'>τό,</span> <span class='ocrx_word' id='word_1_264' title='bbox 2781 1989 2893 2044; x_wconf 84' lang='grc' dir='ltr'>Ἐτι</span> <span class='ocrx_word' id='word_1_265' title='bbox 2966 1995 3322 2067; x_wconf 68' lang='grc' dir='ltr'>προσφέρομεν</span> <span class='ocrx_word' id='word_1_266' title='bbox 3397 2010 3483 2044; x_wconf 89' lang='grc' dir='ltr'>σοι</span> <span class='ocrx_word' id='word_1_267' title='bbox 3555 1995 3649 2050; x_wconf 79' lang='grc' dir='ltr'>τήν</span> <span class='ocrx_word' id='word_1_268' title='bbox 3709 1990 3942 2063; x_wconf 69' lang='grc' dir='ltr'>λογικὴν</span> 
     </span>
    </p>
   </div>
   <div class='ocr_carea' id='block_1_40' title="bbox 561 2075 2211 2153">
    <p class='ocr_par' dir='ltr' id='par_1_40' title="bbox 561 2075 2211 2148">
     <span class='ocr_line' id='line_1_40' title="bbox 561 2075 2211 2148; baseline 0.001 -16"><span class='ocrx_word' id='word_1_269' title='bbox 561 2075 669 2133; x_wconf 89' lang='lat' dir='ltr'>tibi</span> <span class='ocrx_word' id='word_1_270' title='bbox 679 2076 1038 2134; x_wconf 89' lang='lat' dir='ltr'>rationalem</span> <span class='ocrx_word' id='word_1_271' title='bbox 1050 2076 1280 2134; x_wconf 90' lang='lat' dir='ltr'>cultum</span> <span class='ocrx_word' id='word_1_272' title='bbox 1294 2076 1479 2148; x_wconf 89' lang='lat' dir='ltr'>hunc,</span> <span class='ocrx_word' id='word_1_273' title='bbox 1500 2081 1557 2134; x_wconf 89' lang='lat' dir='ltr'>et</span> <span class='ocrx_word' id='word_1_274' title='bbox 1576 2077 1835 2135; x_wconf 88' lang='lat' dir='ltr'>aliorum</span> <span class='ocrx_word' id='word_1_275' title='bbox 1865 2080 2211 2134; x_wconf 90' lang='lat' dir='ltr'>sanctorum</span> 
     </span>
    </p>
   </div>
   <div class='ocr_carea' id='block_1_41' title="bbox 2320 2075 3940 2153">
    <p class='ocr_par' dir='ltr' id='par_1_41' title="bbox 2321 2078 3940 2153">
     <span class='ocr_line' id='line_1_41' title="bbox 2321 2078 3940 2153; baseline 0.001 -22"><span class='ocrx_word' id='word_1_276' title='bbox 2321 2078 2559 2153; x_wconf 74' lang='grc' dir='ltr'>λατρείαν</span> <span class='ocrx_word' id='word_1_277' title='bbox 2623 2080 2839 2150; x_wconf 86' lang='grc' dir='ltr'>ταύτην,</span> <span class='ocrx_word' id='word_1_278' title='bbox 2907 2084 2997 2133; x_wconf 85' lang='grc' dir='ltr'>καὶ</span> <span class='ocrx_word' id='word_1_279' title='bbox 3062 2088 3161 2131; x_wconf 82' lang='grc' dir='ltr'>τῶν</span> <span class='ocrx_word' id='word_1_280' title='bbox 3219 2083 3308 2153; x_wconf 77' lang='grc' dir='ltr'>μεν</span> <span class='ocrx_word' id='word_1_281' title='bbox 3365 2079 3527 2132; x_wconf 78' lang='grc' dir='ltr'>ἄλλων</span> <span class='ocrx_word' id='word_1_282' title='bbox 3593 2080 3763 2152; x_wconf 87' lang='grc' dir='ltr'>ἀγίων</span> <span class='ocrx_word' id='word_1_283' title='bbox 3846 2082 3940 2139; x_wconf 87' lang='grc' dir='ltr'>τάς</span> 
     </span>
    </p>
   </div>
   <div class='ocr_carea' id='block_1_42' title="bbox 559 2164 2214 2238">
    <p class='ocr_par' dir='ltr' id='par_1_42' title="bbox 559 2164 2214 2238">
     <span class='ocr_line' id='line_1_42' title="bbox 559 2164 2214 2238; baseline 0 -17"><span class='ocrx_word' id='word_1_284' title='bbox 559 2164 810 2223; x_wconf 91' lang='lat' dir='ltr'>nomina</span> <span class='ocrx_word' id='word_1_285' title='bbox 829 2166 1083 2237; x_wconf 88' lang='lat' dir='ltr'>mystice</span> <span class='ocrx_word' id='word_1_286' title='bbox 1101 2165 1410 2223; x_wconf 89' lang='lat' dir='ltr'>submissa</span> <span class='ocrx_word' id='word_1_287' title='bbox 1424 2181 1572 2223; x_wconf 83' lang='lat' dir='ltr'>voce</span> <span class='ocrx_word' id='word_1_288' title='bbox 1588 2167 2074 2223; x_wconf 89' lang='lat' dir='ltr'>insusurrantem</span> <span class='ocrx_word' id='word_1_289' title='bbox 2090 2164 2214 2238; x_wconf 89' lang='lat' dir='ltr'>epi-</span> 
     </span>
    </p>
   </div>
   <div class='ocr_carea' id='block_1_43' title="bbox 563 2253 2216 2327">
    <p class='ocr_par' dir='ltr' id='par_1_43' title="bbox 563 2253 2216 2327">
     <span class='ocr_line' id='line_1_43' title="bbox 563 2253 2216 2327; baseline 0 -17"><span class='ocrx_word' id='word_1_290' title='bbox 563 2270 844 2326; x_wconf 74' lang='lat' dir='ltr'>scopum;</span> <span class='ocrx_word' id='word_1_291' title='bbox 875 2260 932 2311; x_wconf 89' lang='lat' dir='ltr'>et</span> <span class='ocrx_word' id='word_1_292' title='bbox 950 2271 1093 2313; x_wconf 85' lang='lat' dir='ltr'>mox</span> <span class='ocrx_word' id='word_1_293' title='bbox 1111 2254 1274 2312; x_wconf 90' lang='lat' dir='ltr'>clara</span> <span class='ocrx_word' id='word_1_294' title='bbox 1302 2271 1446 2312; x_wconf 74' lang='lat' dir='ltr'>voce</span> <span class='ocrx_word' id='word_1_295' title='bbox 1459 2255 1848 2312; x_wconf 91' lang='lat' dir='ltr'>clamantem:</span> <span class='ocrx_word' id='word_1_296' title='bbox 1871 2276 1899 2305; x_wconf 84' lang='lat'><strong>»</strong></span> <span class='ocrx_word' id='word_1_297' title='bbox 1913 2253 2216 2327; x_wconf 74' lang='lat' dir='ltr'>Praecipue</span> 
     </span>
    </p>
   </div>
   <div class='ocr_carea' id='block_1_44' title="bbox 563 2343 2215 2417">
    <p class='ocr_par' dir='ltr' id='par_1_44' title="bbox 563 2343 2215 2417">
     <span class='ocr_line' id='line_1_44' title="bbox 563 2343 2215 2417; baseline 0.001 -19"><span class='ocrx_word' id='word_1_298' title='bbox 563 2343 1480 2414; x_wconf 71' lang='lat' dir='ltr'>sanctissimae,immaculataa,et</span> <span class='ocrx_word' id='word_1_299' title='bbox 1498 2361 1623 2417; x_wconf 66' lang='lat' dir='ltr'>prae</span> <span class='ocrx_word' id='word_1_300' title='bbox 1641 2344 1867 2401; x_wconf 72' lang='lat' dir='ltr'>caeteris</span> <span class='ocrx_word' id='word_1_301' title='bbox 1882 2343 2215 2401; x_wconf 68' lang='lat' dir='ltr'>benedictae</span> 
     </span>
    </p>
   </div>
   <div class='ocr_carea' id='block_1_45' title="bbox 562 2431 2217 2505">
    <p class='ocr_par' dir='ltr' id='par_1_45' title="bbox 562 2431 2217 2505">
     <span class='ocr_line' id='line_1_45' title="bbox 562 2431 2217 2505; baseline 0.001 -18"><span class='ocrx_word' id='word_1_302' title='bbox 562 2432 830 2488; x_wconf 74' lang='lat' dir='ltr'>Dominae</span> <span class='ocrx_word' id='word_1_303' title='bbox 850 2436 1072 2488; x_wconf 82' lang='lat' dir='ltr'>nostrae</span> <span class='ocrx_word' id='word_1_304' title='bbox 1089 2431 1418 2504; x_wconf 72' lang='lat' dir='ltr'>Deiparae,»</span> <span class='ocrx_word' id='word_1_305' title='bbox 1442 2431 1684 2502; x_wconf 90' lang='lat' dir='ltr'>qualem</span> <span class='ocrx_word' id='word_1_306' title='bbox 1707 2436 2130 2505; x_wconf 89' lang='lat' dir='ltr'>quantumque</span> <span class='ocrx_word' id='word_1_307' title='bbox 2152 2435 2217 2489; x_wconf 86' lang='lat' dir='ltr'>tu</span> 
     </span>
    </p>
   </div>
   <div class='ocr_carea' id='block_1_46' title="bbox 564 2519 2218 2578">
    <p class='ocr_par' dir='ltr' id='par_1_46' title="bbox 564 2519 2218 2578">
     <span class='ocr_line' id='line_1_46' title="bbox 564 2519 2218 2578; baseline 0 -1"><span class='ocrx_word' id='word_1_308' title='bbox 564 2519 694 2577; x_wconf 72' lang='lat' dir='ltr'>haec</span> <span class='ocrx_word' id='word_1_309' title='bbox 726 2520 1026 2576; x_wconf 90' lang='lat' dir='ltr'>dicentem</span> <span class='ocrx_word' id='word_1_310' title='bbox 1059 2536 1193 2577; x_wconf 85' lang='lat' dir='ltr'>esse</span> <span class='ocrx_word' id='word_1_311' title='bbox 1240 2519 1590 2577; x_wconf 86' lang='lat' dir='ltr'>arbitraris?</span> <span class='ocrx_word' id='word_1_312' title='bbox 1618 2521 1754 2578; x_wconf 82' lang='lat' dir='ltr'>Mihi</span> <span class='ocrx_word' id='word_1_313' title='bbox 1785 2525 1940 2578; x_wconf 90' lang='lat' dir='ltr'>certe</span> <span class='ocrx_word' id='word_1_314' title='bbox 1981 2521 2111 2577; x_wconf 84' lang='lat' dir='ltr'>haec</span> <span class='ocrx_word' id='word_1_315' title='bbox 2142 2536 2218 2577; x_wconf 81' lang='lat' dir='ltr'>ex</span> 
     </span>
    </p>
   </div>
   <div class='ocr_carea' id='block_1_47' title="bbox 565 2608 2217 2682">
    <p class='ocr_par' dir='ltr' id='par_1_47' title="bbox 565 2608 2217 2682">
     <span class='ocr_line' id='line_1_47' title="bbox 565 2608 2217 2682; baseline 0 -18"><span class='ocrx_word' id='word_1_316' title='bbox 565 2608 804 2664; x_wconf 91' lang='lat' dir='ltr'>Domini</span> <span class='ocrx_word' id='word_1_317' title='bbox 824 2623 1083 2679; x_wconf 88' lang='lat' dir='ltr'>persona</span> <span class='ocrx_word' id='word_1_318' title='bbox 1101 2608 1338 2664; x_wconf 82' lang='lat' dir='ltr'>videtur</span> <span class='ocrx_word' id='word_1_319' title='bbox 1357 2609 1766 2681; x_wconf 89' lang='lat' dir='ltr'>pronuntiare.</span> <span class='ocrx_word' id='word_1_320' title='bbox 1799 2612 2072 2682; x_wconf 87' lang='lat' dir='ltr'>Namque</span> <span class='ocrx_word' id='word_1_321' title='bbox 2099 2608 2217 2665; x_wconf 90' lang='lat' dir='ltr'>alia</span> 
     </span>
    </p>
   </div>
   <div class='ocr_carea' id='block_1_48' title="bbox 567 2696 2221 2770">
    <p class='ocr_par' dir='ltr' id='par_1_48' title="bbox 567 2696 2221 2770">
     <span class='ocr_line' id='line_1_48' title="bbox 567 2696 2221 2770; baseline 0.001 -17"><span class='ocrx_word' id='word_1_322' title='bbox 567 2697 810 2769; x_wconf 89' lang='lat' dir='ltr'>inprece</span> <span class='ocrx_word' id='word_1_323' title='bbox 829 2696 971 2753; x_wconf 90' lang='lat' dir='ltr'>dicit</span> <span class='ocrx_word' id='word_1_324' title='bbox 997 2713 1010 2752; x_wconf 90' lang='lat'><strong>:</strong></span> <span class='ocrx_word' id='word_1_325' title='bbox 1036 2720 1063 2747; x_wconf 83' lang='lat'><strong>«</strong></span> <span class='ocrx_word' id='word_1_326' title='bbox 1084 2700 1170 2753; x_wconf 92' lang='lat' dir='ltr'>Tu</span> <span class='ocrx_word' id='word_1_327' title='bbox 1205 2697 1367 2753; x_wconf 89' lang='lat' dir='ltr'>enim</span> <span class='ocrx_word' id='word_1_328' title='bbox 1387 2713 1450 2754; x_wconf 90' lang='lat' dir='ltr'>es</span> <span class='ocrx_word' id='word_1_329' title='bbox 1472 2697 1577 2770; x_wconf 91' lang='lat' dir='ltr'>qui</span> <span class='ocrx_word' id='word_1_330' title='bbox 1611 2697 1791 2754; x_wconf 83' lang='lat' dir='ltr'>oﬂ‘ers</span> <span class='ocrx_word' id='word_1_331' title='bbox 1813 2701 1870 2754; x_wconf 90' lang='lat' dir='ltr'>et</span> <span class='ocrx_word' id='word_1_332' title='bbox 1907 2696 2138 2754; x_wconf 80' lang='lat' dir='ltr'>offerris</span> <span class='ocrx_word' id='word_1_333' title='bbox 2159 2700 2221 2754; x_wconf 88' lang='lat' dir='ltr'>et</span> 
     </span>
    </p>
   </div>
   <div class='ocr_carea' id='block_1_49' title="bbox 570 2785 2218 2859">
    <p class='ocr_par' dir='ltr' id='par_1_49' title="bbox 570 2785 2218 2859">
     <span class='ocr_line' id='line_1_49' title="bbox 570 2785 2218 2859; baseline -0.001 -17"><span class='ocrx_word' id='word_1_334' title='bbox 570 2785 794 2858; x_wconf 82' lang='lat' dir='ltr'>excipis</span> <span class='ocrx_word' id='word_1_335' title='bbox 806 2790 862 2843; x_wconf 89' lang='lat' dir='ltr'>et</span> <span class='ocrx_word' id='word_1_336' title='bbox 876 2785 1006 2842; x_wconf 89' lang='lat' dir='ltr'>das.</span> <span class='ocrx_word' id='word_1_337' title='bbox 1025 2806 1053 2837; x_wconf 84' lang='lat'><strong>»</strong></span> <span class='ocrx_word' id='word_1_338' title='bbox 1066 2787 1158 2843; x_wconf 90' lang='lat' dir='ltr'>Sic</span> <span class='ocrx_word' id='word_1_339' title='bbox 1169 2801 1313 2856; x_wconf 90' lang='lat' dir='ltr'>ergo</span> <span class='ocrx_word' id='word_1_340' title='bbox 1325 2786 1787 2858; x_wconf 88' lang='lat' dir='ltr'>demonstratur,</span> <span class='ocrx_word' id='word_1_341' title='bbox 1804 2785 2006 2859; x_wconf 90' lang='lat' dir='ltr'>ipsum</span> <span class='ocrx_word' id='word_1_342' title='bbox 2019 2785 2218 2842; x_wconf 89' lang='lat' dir='ltr'>solum</span> 
     </span>
    </p>
   </div>
   <div class='ocr_carea' id='block_1_50' title="bbox 568 2876 2217 2949">
    <p class='ocr_par' dir='ltr' id='par_1_50' title="bbox 568 2876 2217 2949">
     <span class='ocr_line' id='line_1_50' title="bbox 568 2876 2217 2949; baseline -0.001 -17"><span class='ocrx_word' id='word_1_343' title='bbox 568 2890 769 2937; x_wconf 87' lang='lat' dir='ltr'>carere</span> <span class='ocrx_word' id='word_1_344' title='bbox 814 2879 1062 2949; x_wconf 88' lang='lat' dir='ltr'>peccato</span> <span class='ocrx_word' id='word_1_345' title='bbox 1116 2876 1584 2949; x_wconf 84' lang='lat' dir='ltr'>theanthropum</span> <span class='ocrx_word' id='word_1_346' title='bbox 1636 2876 1975 2947; x_wconf 90' lang='lat' dir='ltr'>Dominum,</span> <span class='ocrx_word' id='word_1_347' title='bbox 2027 2878 2085 2931; x_wconf 87' lang='lat' dir='ltr'>et</span> <span class='ocrx_word' id='word_1_348' title='bbox 2107 2889 2217 2947; x_wconf 91' lang='lat' dir='ltr'>pro</span> 
     </span>
    </p>
   </div>
   <div class='ocr_carea' id='block_1_51' title="bbox 568 2963 2211 3049">
    <p class='ocr_par' dir='ltr' id='par_1_51' title="bbox 568 2963 2211 3037">
     <span class='ocr_line' id='line_1_51' title="bbox 568 2963 2211 3037; baseline -0.001 -15"><span class='ocrx_word' id='word_1_349' title='bbox 568 2964 853 3022; x_wconf 91' lang='lat' dir='ltr'>omnibus</span> <span class='ocrx_word' id='word_1_350' title='bbox 898 2964 1247 3037; x_wconf 89' lang='lat' dir='ltr'>simpliciter</span> <span class='ocrx_word' id='word_1_351' title='bbox 1284 2965 1678 3033; x_wconf 87' lang='lat' dir='ltr'>satisfecisse;</span> <span class='ocrx_word' id='word_1_352' title='bbox 1711 2969 1768 3021; x_wconf 91' lang='lat' dir='ltr'>et</span> <span class='ocrx_word' id='word_1_353' title='bbox 1800 2963 1900 3021; x_wconf 91' lang='lat' dir='ltr'>illa</span> <span class='ocrx_word' id='word_1_354' title='bbox 1919 2964 2050 3037; x_wconf 87' lang='lat' dir='ltr'>ejus</span> <span class='ocrx_word' id='word_1_355' title='bbox 2074 2969 2211 3021; x_wconf 87' lang='lat' dir='ltr'>tem-</span> 
     </span>
    </p>
   </div>
   <div class='ocr_carea' id='block_1_52' title="bbox 2320 2963 3936 3049">
    <p class='ocr_par' dir='ltr' id='par_1_52' title="bbox 2325 2968 3936 3049">
     <span class='ocr_line' id='line_1_52' title="bbox 2325 2968 3936 3049; baseline -0.002 -22"><span class='ocrx_word' id='word_1_356' title='bbox 2325 2975 2462 3049; x_wconf 85' lang='grc' dir='ltr'>ύπάρ</span> <span class='ocrx_word' id='word_1_357' title='bbox 2520 2975 2721 3026; x_wconf 87' lang='grc' dir='ltr'>πάντων</span> <span class='ocrx_word' id='word_1_358' title='bbox 2786 2971 2965 3025; x_wconf 76' lang='grc' dir='ltr'>ἑαυτόν</span> <span class='ocrx_word' id='word_1_359' title='bbox 3032 2971 3205 3033; x_wconf 84' lang='grc' dir='ltr'>ἀπλῶς</span> <span class='ocrx_word' id='word_1_360' title='bbox 3257 2968 3478 3042; x_wconf 78' lang='grc' dir='ltr'>δέδωκε,</span> <span class='ocrx_word' id='word_1_361' title='bbox 3536 2977 3625 3024; x_wconf 85' lang='grc' dir='ltr'>καὶ</span> <span class='ocrx_word' id='word_1_362' title='bbox 3684 2973 3767 3025; x_wconf 87' lang='grc' dir='ltr'>ὅτι</span> <span class='ocrx_word' id='word_1_363' title='bbox 3834 2974 3936 3024; x_wconf 85' lang='grc' dir='ltr'>ὅσα</span> 
     </span>
    </p>
   </div>
   <div class='ocr_carea' id='block_1_53' title="bbox 566 3054 2211 3135">
    <p class='ocr_par' dir='ltr' id='par_1_53' title="bbox 566 3054 2211 3127">
     <span class='ocr_line' id='line_1_53' title="bbox 566 3054 2211 3127; baseline -0.001 -17"><span class='ocrx_word' id='word_1_364' title='bbox 566 3054 730 3127; x_wconf 86' lang='lat' dir='ltr'>poris</span> <span class='ocrx_word' id='word_1_365' title='bbox 746 3059 901 3119; x_wconf 88' lang='lat' dir='ltr'>acta,</span> <span class='ocrx_word' id='word_1_366' title='bbox 918 3054 1293 3126; x_wconf 89' lang='lat' dir='ltr'>passionem,</span> <span class='ocrx_word' id='word_1_367' title='bbox 1315 3054 1590 3127; x_wconf 90' lang='lat' dir='ltr'>inquam,</span> <span class='ocrx_word' id='word_1_368' title='bbox 1612 3054 2003 3127; x_wconf 89' lang='lat' dir='ltr'>sepulturam,</span> <span class='ocrx_word' id='word_1_369' title='bbox 2022 3068 2211 3110; x_wconf 88' lang='lat' dir='ltr'>resur-</span> 
     </span>
    </p>
   </div>
   <div class='ocr_carea' id='block_1_54' title="bbox 2320 3054 3935 3135">
    <p class='ocr_par' dir='ltr' id='par_1_54' title="bbox 2326 3060 3935 3135">
     <span class='ocr_line' id='line_1_54' title="bbox 2326 3060 3935 3135; baseline -0.003 -18"><span class='ocrx_word' id='word_1_370' title='bbox 2326 3069 2461 3135; x_wconf 82' lang='grc' dir='ltr'>τότε,</span> <span class='ocrx_word' id='word_1_371' title='bbox 2502 3066 2562 3117; x_wconf 86' lang='grc' dir='ltr'>τό</span> <span class='ocrx_word' id='word_1_372' title='bbox 2606 3065 2793 3132; x_wconf 80' lang='grc' dir='ltr'>πάθος,</span> <span class='ocrx_word' id='word_1_373' title='bbox 2842 3063 2873 3121; x_wconf 75' lang='grc' dir='ltr'>ἡ</span> <span class='ocrx_word' id='word_1_374' title='bbox 2921 3065 3082 3134; x_wconf 75' lang='grc' dir='ltr'>ταφὴ,</span> <span class='ocrx_word' id='word_1_375' title='bbox 3127 3066 3217 3115; x_wconf 85' lang='grc' dir='ltr'>καὶ</span> <span class='ocrx_word' id='word_1_376' title='bbox 3246 3064 3276 3121; x_wconf 77' lang='grc' dir='ltr'>ἡ</span> <span class='ocrx_word' id='word_1_377' title='bbox 3321 3060 3611 3122; x_wconf 87' lang='grc' dir='ltr'>ἀνάστασις</span> <span class='ocrx_word' id='word_1_378' title='bbox 3643 3061 3935 3134; x_wconf 76' lang='grc' dir='ltr'>εἰργάσατο</span> 
     </span>
    </p>
   </div>
   <div class='ocr_carea' id='block_1_55' title="bbox 566 3137 2211 3223">
    <p class='ocr_par' dir='ltr' id='par_1_55' title="bbox 566 3143 2211 3217">
     <span class='ocr_line' id='line_1_55' title="bbox 566 3143 2211 3217; baseline -0.002 -17"><span class='ocrx_word' id='word_1_379' title='bbox 566 3144 917 3213; x_wconf 87' lang='lat' dir='ltr'>rectionem,</span> <span class='ocrx_word' id='word_1_380' title='bbox 949 3158 1113 3199; x_wconf 92' lang='lat' dir='ltr'>nunc</span> <span class='ocrx_word' id='word_1_381' title='bbox 1142 3159 1251 3217; x_wconf 91' lang='lat' dir='ltr'>per</span> <span class='ocrx_word' id='word_1_382' title='bbox 1280 3143 1561 3216; x_wconf 90' lang='lat' dir='ltr'>symbola</span> <span class='ocrx_word' id='word_1_383' title='bbox 1589 3159 1626 3201; x_wconf 90' lang='lat' dir='ltr'>a</span> <span class='ocrx_word' id='word_1_384' title='bbox 1653 3143 2035 3200; x_wconf 86' lang='lat' dir='ltr'>credentibus</span> <span class='ocrx_word' id='word_1_385' title='bbox 2061 3144 2211 3198; x_wconf 84' lang='lat' dir='ltr'>recte</span> 
     </span>
    </p>
   </div>
   <div class='ocr_carea' id='block_1_56' title="bbox 2320 3137 3938 3223">
    <p class='ocr_par' dir='ltr' id='par_1_56' title="bbox 2327 3148 3938 3223">
     <span class='ocr_line' id='line_1_56' title="bbox 2327 3148 3938 3223; baseline -0.004 -16"><span class='ocrx_word' id='word_1_386' title='bbox 2327 3161 2496 3207; x_wconf 76' lang='grc' dir='ltr'>ταῦτα</span> <span class='ocrx_word' id='word_1_387' title='bbox 2538 3172 2710 3206; x_wconf 87' lang='grc' dir='ltr'>παντά</span> <span class='ocrx_word' id='word_1_388' title='bbox 2763 3155 2854 3205; x_wconf 87' lang='grc' dir='ltr'>καὶ</span> <span class='ocrx_word' id='word_1_389' title='bbox 2910 3157 2998 3202; x_wconf 82' lang='grc' dir='ltr'>νῦν</span> <span class='ocrx_word' id='word_1_390' title='bbox 3055 3148 3149 3203; x_wconf 80' lang='grc' dir='ltr'>διὰ</span> <span class='ocrx_word' id='word_1_391' title='bbox 3203 3159 3304 3203; x_wconf 86' lang='grc' dir='ltr'>τῶν</span> <span class='ocrx_word' id='word_1_392' title='bbox 3363 3149 3633 3223; x_wconf 75' lang='grc' dir='ltr'>συμϐόλων</span> <span class='ocrx_word' id='word_1_393' title='bbox 3693 3150 3809 3212; x_wconf 75' lang='grc' dir='ltr'>τοῖς</span> <span class='ocrx_word' id='word_1_394' title='bbox 3852 3170 3938 3202; x_wconf 85' lang='grc' dir='ltr'>πι-</span> 
     </span>
    </p>
   </div>
   <div class='ocr_carea' id='block_1_57' title="bbox 568 3230 2211 3315">
    <p class='ocr_par' dir='ltr' id='par_1_57' title="bbox 568 3230 2211 3305">
     <span class='ocr_line' id='line_1_57' title="bbox 568 3230 2211 3305; baseline -0.001 -17"><span class='ocrx_word' id='word_1_395' title='bbox 568 3232 775 3289; x_wconf 90' lang='lat' dir='ltr'>omnia</span> <span class='ocrx_word' id='word_1_396' title='bbox 802 3231 1028 3304; x_wconf 87' lang='lat' dir='ltr'>perﬁci.</span> <span class='ocrx_word' id='word_1_397' title='bbox 1057 3237 1247 3305; x_wconf 87' lang='lat' dir='ltr'>Atque</span> <span class='ocrx_word' id='word_1_398' title='bbox 1280 3232 1442 3288; x_wconf 91' lang='lat' dir='ltr'>idem</span> <span class='ocrx_word' id='word_1_399' title='bbox 1478 3232 1611 3305; x_wconf 87' lang='lat' dir='ltr'>pari</span> <span class='ocrx_word' id='word_1_400' title='bbox 1653 3232 1838 3290; x_wconf 94' lang='lat' dir='ltr'>modo</span> <span class='ocrx_word' id='word_1_401' title='bbox 1861 3247 1898 3289; x_wconf 90' lang='lat' dir='ltr'>a</span> <span class='ocrx_word' id='word_1_402' title='bbox 1925 3230 2211 3303; x_wconf 79' lang='lat' dir='ltr'>deiloquis</span> 
     </span>
    </p>
   </div>
   <div class='ocr_carea' id='block_1_58' title="bbox 2320 3230 3934 3315">
    <p class='ocr_par' dir='ltr' id='par_1_58' title="bbox 2332 3238 3934 3315">
     <span class='ocr_line' id='line_1_58' title="bbox 2332 3238 3934 3315; baseline -0.003 -19"><span class='ocrx_word' id='word_1_403' title='bbox 2332 3244 2574 3296; x_wconf 88' lang='grc' dir='ltr'>στεύουσι</span> <span class='ocrx_word' id='word_1_404' title='bbox 2646 3241 2995 3315; x_wconf 80' lang='grc' dir='ltr'>κάτορθοῦταί</span> <span class='ocrx_word' id='word_1_405' title='bbox 3053 3256 3067 3269; x_wconf 81' lang='grc'><strong>⁸</strong></span> <span class='ocrx_word' id='word_1_406' title='bbox 3170 3244 3260 3292; x_wconf 63' lang='lat' dir='ltr'>xii</span> <span class='ocrx_word' id='word_1_407' title='bbox 3335 3238 3492 3292; x_wconf 85' lang='grc' dir='ltr'>ταλτό</span> <span class='ocrx_word' id='word_1_408' title='bbox 3564 3246 3675 3301; x_wconf 90' lang='grc' dir='ltr'>τοῖς</span> <span class='ocrx_word' id='word_1_409' title='bbox 3748 3240 3934 3310; x_wconf 83' lang='grc' dir='ltr'>θεηγό-</span> 
     </span>
    </p>
   </div>
   <div class='ocr_carea' id='block_1_59' title="bbox 567 3320 2211 3408">
    <p class='ocr_par' dir='ltr' id='par_1_59' title="bbox 567 3320 1644 3390">
     <span class='ocr_line' id='line_1_59' title="bbox 567 3320 1644 3390; baseline 0.003 -14"><span class='ocrx_word' id='word_1_410' title='bbox 567 3320 870 3390; x_wconf 88' lang='lat' dir='ltr'>magistris</span> <span class='ocrx_word' id='word_1_411' title='bbox 901 3320 1172 3377; x_wconf 84' lang='lat' dir='ltr'>conﬁteri</span> <span class='ocrx_word' id='word_1_412' title='bbox 1190 3325 1480 3379; x_wconf 85' lang='lat' dir='ltr'>statutum</span> <span class='ocrx_word' id='word_1_413' title='bbox 1511 3322 1644 3380; x_wconf 85' lang='lat' dir='ltr'>fuit.</span> 
     </span>
    </p>
   </div>
   <div class='ocr_carea' id='block_1_60' title="bbox 2320 3320 3933 3408">
    <p class='ocr_par' dir='ltr' id='par_1_60' title="bbox 2327 3326 3933 3408">
     <span class='ocr_line' id='line_1_60' title="bbox 2327 3326 3933 3408; baseline -0.004 -23"><span class='ocrx_word' id='word_1_414' title='bbox 2327 3351 2437 3408; x_wconf 88' lang='grc' dir='ltr'>ροις</span> <span class='ocrx_word' id='word_1_415' title='bbox 2508 3336 2598 3384; x_wconf 80' lang='grc' dir='ltr'>καὶ</span> <span class='ocrx_word' id='word_1_416' title='bbox 2671 3326 3020 3391; x_wconf 73' lang='grc' dir='ltr'>διδασκάλοις</span> <span class='ocrx_word' id='word_1_417' title='bbox 3094 3331 3445 3401; x_wconf 88' lang='grc' dir='ltr'>τοιουτρόπως</span> <span class='ocrx_word' id='word_1_418' title='bbox 3518 3327 3778 3381; x_wconf 81' lang='grc' dir='ltr'>τελεῖσθαι</span> <span class='ocrx_word' id='word_1_419' title='bbox 3860 3345 3933 3379; x_wconf 82' lang='grc' dir='ltr'>τε·</span> 
     </span>
    </p>
   </div>
   <div class='ocr_carea' id='block_1_61' title="bbox 2333 3424 2635 3479">
    <p class='ocr_par' dir='ltr' id='par_1_61' title="bbox 2333 3424 2635 3479">
     <span class='ocr_line' id='line_1_61' title="bbox 2333 3424 2635 3479; baseline -0.007 -4"><span class='ocrx_word' id='word_1_420' title='bbox 2333 3424 2635 3479; x_wconf 84' lang='grc' dir='ltr'>θέσπισται.</span> 
     </span>
    </p>
   </div>
   <div class='ocr_carea' id='block_1_62' title="bbox 2323 2168 3934 2245">
    <p class='ocr_par' dir='ltr' id='par_1_62' title="bbox 2323 2168 3934 2245">
     <span class='ocr_line' id='line_1_62' title="bbox 2323 2168 3934 2245; baseline 0.001 -23"><span class='ocrx_word' id='word_1_421' title='bbox 2323 2170 2531 2232; x_wconf 83' lang='grc' dir='ltr'>κλήσεις</span> <span class='ocrx_word' id='word_1_422' title='bbox 2602 2177 2870 2243; x_wconf 84' lang='grc' dir='ltr'>μυστικῶς</span> <span class='ocrx_word' id='word_1_423' title='bbox 2944 2170 3398 2244; x_wconf 58' lang='grc' dir='ltr'>ὑπο-ψιθυρίζοντα</span> <span class='ocrx_word' id='word_1_424' title='bbox 3467 2173 3554 2223; x_wconf 86' lang='grc' dir='ltr'>τόν</span> <span class='ocrx_word' id='word_1_425' title='bbox 3626 2168 3934 2245; x_wconf 78' lang='grc' dir='ltr'>ἀρχιερέα,</span> 
     </span>
    </p>
   </div>
   <div class='ocr_carea' id='block_1_63' title="bbox 2324 2256 3939 2335">
    <p class='ocr_par' dir='ltr' id='par_1_63' title="bbox 2324 2256 3939 2335">
     <span class='ocr_line' id='line_1_63' title="bbox 2324 2256 3939 2335; baseline 0 -23"><span class='ocrx_word' id='word_1_426' title='bbox 2324 2258 2648 2332; x_wconf 71' lang='grc' dir='ltr'>ἑκφωνοῦντα</span> <span class='ocrx_word' id='word_1_427' title='bbox 2712 2256 2772 2313; x_wconf 69' lang='grc' dir='ltr'>δὲ</span> <span class='ocrx_word' id='word_1_428' title='bbox 2830 2263 3130 2334; x_wconf 82' lang='grc' dir='ltr'>τρανότερον</span> <span class='ocrx_word' id='word_1_429' title='bbox 3190 2262 3270 2329; x_wconf 86' lang='grc' dir='ltr'>τό,</span> <span class='ocrx_word' id='word_1_430' title='bbox 3346 2282 3369 2310; x_wconf 77' lang='grc' dir='ltr'>ι</span> <span class='ocrx_word' id='word_1_431' title='bbox 3443 2259 3753 2335; x_wconf 78' lang='grc' dir='ltr'>Ἐξαιρὲτως</span> <span class='ocrx_word' id='word_1_432' title='bbox 3840 2267 3939 2320; x_wconf 75' lang='grc' dir='ltr'>τῆς</span> 
     </span>
    </p>
   </div>
   <div class='ocr_carea' id='block_1_64' title="bbox 2323 2346 3939 2423">
    <p class='ocr_par' dir='ltr' id='par_1_64' title="bbox 2323 2346 3939 2423">
     <span class='ocr_line' id='line_1_64' title="bbox 2323 2346 3939 2423; baseline -0.002 -20"><span class='ocrx_word' id='word_1_433' title='bbox 2323 2353 2582 2421; x_wconf 90' lang='grc' dir='ltr'>παναγίας</span> <span class='ocrx_word' id='word_1_434' title='bbox 2682 2347 2937 2423; x_wconf 83' lang='grc' dir='ltr'>ἀκράντου</span> <span class='ocrx_word' id='word_1_435' title='bbox 3051 2346 3530 2421; x_wconf 81' lang='grc' dir='ltr'>ύπερευλογημένης</span> <span class='ocrx_word' id='word_1_436' title='bbox 3639 2353 3939 2408; x_wconf 74' lang='grc' dir='ltr'>Δεσποίνης</span> 
     </span>
    </p>
   </div>
   <div class='ocr_carea' id='block_1_65' title="bbox 2328 2434 3939 2511">
    <p class='ocr_par' dir='ltr' id='par_1_65' title="bbox 2328 2434 3939 2511">
     <span class='ocr_line' id='line_1_65' title="bbox 2328 2434 3939 2511; baseline 0.001 -21"><span class='ocrx_word' id='word_1_437' title='bbox 2328 2440 2470 2511; x_wconf 72' lang='grc' dir='ltr'>ἡμῶν</span> <span class='ocrx_word' id='word_1_438' title='bbox 2502 2441 2779 2509; x_wconf 85' lang='grc' dir='ltr'>Θεοτόκου,</span> <span class='ocrx_word' id='word_1_439' title='bbox 2838 2460 2868 2489; x_wconf 85' lang='grc'><strong>››</strong></span> <span class='ocrx_word' id='word_1_440' title='bbox 2920 2439 3152 2491; x_wconf 85' lang='grc' dir='ltr'>ποταπὸν</span> <span class='ocrx_word' id='word_1_441' title='bbox 3200 2434 3324 2490; x_wconf 81' lang='grc' dir='ltr'>εἷνοι</span> <span class='ocrx_word' id='word_1_442' title='bbox 3376 2441 3457 2511; x_wconf 74' lang='grc' dir='ltr'>οἵη</span> <span class='ocrx_word' id='word_1_443' title='bbox 3511 2440 3597 2490; x_wconf 87' lang='grc' dir='ltr'>τόν</span> <span class='ocrx_word' id='word_1_444' title='bbox 3641 2445 3804 2492; x_wconf 81' lang='grc' dir='ltr'>τοῦτο</span> <span class='ocrx_word' id='word_1_445' title='bbox 3861 2437 3939 2491; x_wconf 78' lang='grc' dir='ltr'>λέ-</span> 
     </span>
    </p>
   </div>
   <div class='ocr_carea' id='block_1_66' title="bbox 2323 2522 3938 2601">
    <p class='ocr_par' dir='ltr' id='par_1_66' title="bbox 2323 2522 3938 2601">
     <span class='ocr_line' id='line_1_66' title="bbox 2323 2522 3938 2601; baseline -0.002 -20"><span class='ocrx_word' id='word_1_446' title='bbox 2323 2546 2515 2600; x_wconf 74' lang='grc' dir='ltr'>γοντας</span> <span class='ocrx_word' id='word_1_447' title='bbox 2570 2527 2715 2600; x_wconf 86' lang='grc' dir='ltr'>Ἐμοὶ</span> <span class='ocrx_word' id='word_1_448' title='bbox 2756 2522 2901 2579; x_wconf 85' lang='grc' dir='ltr'>δοκεῖ</span> <span class='ocrx_word' id='word_1_449' title='bbox 2948 2525 3018 2588; x_wconf 84' lang='grc' dir='ltr'>ὡς</span> <span class='ocrx_word' id='word_1_450' title='bbox 3053 2525 3109 2579; x_wconf 78' lang='grc' dir='ltr'>ἐκ</span> <span class='ocrx_word' id='word_1_451' title='bbox 3162 2531 3447 2601; x_wconf 85' lang='grc' dir='ltr'>προσώπου</span> <span class='ocrx_word' id='word_1_452' title='bbox 3487 2533 3642 2580; x_wconf 81' lang='grc' dir='ltr'>τοῦτο</span> <span class='ocrx_word' id='word_1_453' title='bbox 3679 2526 3938 2599; x_wconf 79' lang='grc' dir='ltr'>λέγεσθαι</span> 
     </span>
    </p>
   </div>
   <div class='ocr_carea' id='block_1_67' title="bbox 2325 2613 3937 2693">
    <p class='ocr_par' dir='ltr' id='par_1_67' title="bbox 2325 2613 3937 2693">
     <span class='ocr_line' id='line_1_67' title="bbox 2325 2613 3937 2693; baseline -0.002 -22"><span class='ocrx_word' id='word_1_454' title='bbox 2325 2625 2417 2671; x_wconf 76' lang='grc' dir='ltr'>τοῦ</span> <span class='ocrx_word' id='word_1_455' title='bbox 2468 2621 2661 2693; x_wconf 81' lang='grc' dir='ltr'>Κυρίου</span> <span class='ocrx_word' id='word_1_456' title='bbox 2684 2631 2700 2646; x_wconf 80' lang='grc'><strong><em>⁸</em></strong></span> <span class='ocrx_word' id='word_1_457' title='bbox 2750 2615 2883 2688; x_wconf 83' lang='grc' dir='ltr'>λέγει</span> <span class='ocrx_word' id='word_1_458' title='bbox 2926 2617 3028 2688; x_wconf 82' lang='grc' dir='ltr'>γὰρ</span> <span class='ocrx_word' id='word_1_459' title='bbox 3074 2613 3123 2667; x_wconf 77' lang='grc' dir='ltr'>ἓν</span> <span class='ocrx_word' id='word_1_460' title='bbox 3166 2615 3316 2690; x_wconf 75' lang='grc' dir='ltr'>ἑτέρᾳ</span> <span class='ocrx_word' id='word_1_461' title='bbox 3357 2615 3492 2689; x_wconf 81' lang='grc' dir='ltr'>εύχῇ</span> <span class='ocrx_word' id='word_1_462' title='bbox 3519 2633 3532 2646; x_wconf 75' lang='grc' dir='ltr'><strong><em>ο</em></strong></span> <span class='ocrx_word' id='word_1_463' title='bbox 3567 2636 3595 2667; x_wconf 85' lang='grc' dir='ltr'>ιι</span> <span class='ocrx_word' id='word_1_464' title='bbox 3624 2620 3692 2669; x_wconf 84' lang='grc' dir='ltr'><strong>Σὺ</strong></span> <span class='ocrx_word' id='word_1_465' title='bbox 3720 2619 3834 2689; x_wconf 82' lang='grc' dir='ltr'>γὰρ</span> <span class='ocrx_word' id='word_1_466' title='bbox 3869 2613 3937 2675; x_wconf 79' lang='grc' dir='ltr'>εἷς</span> 
     </span>
    </p>
   </div>
   <div class='ocr_carea' id='block_1_68' title="bbox 2325 2701 3937 2782">
    <p class='ocr_par' dir='ltr' id='par_1_68' title="bbox 2325 2701 3937 2782">
     <span class='ocr_line' id='line_1_68' title="bbox 2325 2701 3937 2782; baseline -0.002 -21"><span class='ocrx_word' id='word_1_467' title='bbox 2325 2711 2627 2782; x_wconf 74' lang='grc' dir='ltr'>προσφέρων</span> <span class='ocrx_word' id='word_1_468' title='bbox 2692 2709 2783 2758; x_wconf 80' lang='grc' dir='ltr'>καὶ</span> <span class='ocrx_word' id='word_1_469' title='bbox 2860 2708 3274 2780; x_wconf 73' lang='grc' dir='ltr'>προσφερόμενος</span> <span class='ocrx_word' id='word_1_470' title='bbox 3306 2748 3323 2775; x_wconf 88' lang='grc'>,</span> <span class='ocrx_word' id='word_1_471' title='bbox 3399 2707 3424 2757; x_wconf 93' lang='grc' dir='ltr'>ό</span> <span class='ocrx_word' id='word_1_472' title='bbox 3499 2701 3937 2778; x_wconf 75' lang='grc' dir='ltr'>προσδεχόμενος</span> 
     </span>
    </p>
   </div>
   <div class='ocr_carea' id='block_1_69' title="bbox 2324 2789 3935 2867">
    <p class='ocr_par' dir='ltr' id='par_1_69' title="bbox 2324 2789 3935 2867">
     <span class='ocr_line' id='line_1_69' title="bbox 2324 2789 3935 2867; baseline -0.003 -19"><span class='ocrx_word' id='word_1_473' title='bbox 2324 2800 2415 2848; x_wconf 85' lang='grc' dir='ltr'>καὶ</span> <span class='ocrx_word' id='word_1_474' title='bbox 2461 2790 2831 2866; x_wconf 76' lang='grc' dir='ltr'>ὃιαδισόμενος</span> <span class='ocrx_word' id='word_1_475' title='bbox 2860 2809 2873 2823; x_wconf 88' lang='grc'><strong>·</strong></span> <span class='ocrx_word' id='word_1_476' title='bbox 2928 2815 2958 2843; x_wconf 84' lang='grc'><strong>››</strong></span> <span class='ocrx_word' id='word_1_477' title='bbox 3018 2791 3080 2844; x_wconf 81' lang='grc' dir='ltr'>ἶν’</span> <span class='ocrx_word' id='word_1_478' title='bbox 3124 2790 3210 2845; x_wconf 80' lang='grc' dir='ltr'>οὖν</span> <span class='ocrx_word' id='word_1_479' title='bbox 3259 2789 3453 2867; x_wconf 77' lang='grc' dir='ltr'>δειχθῇ</span> <span class='ocrx_word' id='word_1_480' title='bbox 3506 2795 3585 2846; x_wconf 84' lang='grc' dir='ltr'>ὅτι</span> <span class='ocrx_word' id='word_1_481' title='bbox 3626 2797 3786 2866; x_wconf 88' lang='grc' dir='ltr'>μόνος</span> <span class='ocrx_word' id='word_1_482' title='bbox 3843 2796 3935 2845; x_wconf 80' lang='grc' dir='ltr'>αύ-</span> 
     </span>
    </p>
   </div>
   <div class='ocr_carea' id='block_1_70' title="bbox 2325 2882 3936 2956">
    <p class='ocr_par' dir='ltr' id='par_1_70' title="bbox 2325 2882 3936 2956">
     <span class='ocr_line' id='line_1_70' title="bbox 2325 2882 3936 2956; baseline -0.003 -19"><span class='ocrx_word' id='word_1_483' title='bbox 2325 2888 2410 2946; x_wconf 91' lang='grc' dir='ltr'>τός</span> <span class='ocrx_word' id='word_1_484' title='bbox 2461 2886 2601 2944; x_wconf 76' lang='grc' dir='ltr'>ἐκτός</span> <span class='ocrx_word' id='word_1_485' title='bbox 2656 2886 2919 2956; x_wconf 82' lang='grc' dir='ltr'>αμαρτίας</span> <span class='ocrx_word' id='word_1_486' title='bbox 2974 2882 2999 2934; x_wconf 86' lang='grc' dir='ltr'><strong><em>ὁ</em></strong></span> <span class='ocrx_word' id='word_1_487' title='bbox 3060 2883 3384 2956; x_wconf 85' lang='grc' dir='ltr'>θεάνθρωπος</span> <span class='ocrx_word' id='word_1_488' title='bbox 3446 2885 3655 2956; x_wconf 84' lang='grc' dir='ltr'>Κύριος,</span> <span class='ocrx_word' id='word_1_489' title='bbox 3705 2886 3801 2935; x_wconf 83' lang='grc' dir='ltr'>καὶ</span> <span class='ocrx_word' id='word_1_490' title='bbox 3855 2883 3936 2934; x_wconf 84' lang='grc' dir='ltr'>ὅτι</span> 
     </span>
    </p>
   </div>
   <div class='ocr_carea' id='block_1_71' title="bbox 636 3495 2211 3582">
    <p class='ocr_par' dir='ltr' id='par_1_71' title="bbox 636 3495 2211 3569">
     <span class='ocr_line' id='line_1_71' title="bbox 636 3495 2211 3569; baseline 0 -17"><span class='ocrx_word' id='word_1_491' title='bbox 636 3500 725 3552; x_wconf 86' lang='grc'>29.</span> <span class='ocrx_word' id='word_1_492' title='bbox 751 3495 1089 3567; x_wconf 90' lang='lat' dir='ltr'>Simplicem</span> <span class='ocrx_word' id='word_1_493' title='bbox 1111 3501 1313 3553; x_wconf 88' lang='lat' dir='ltr'>autem</span> <span class='ocrx_word' id='word_1_494' title='bbox 1334 3497 1419 3554; x_wconf 89' lang='lat' dir='ltr'>rei</span> <span class='ocrx_word' id='word_1_495' title='bbox 1438 3498 1892 3569; x_wconf 83' lang='lat' dir='ltr'>intelligentiam</span> <span class='ocrx_word' id='word_1_496' title='bbox 1914 3513 2026 3555; x_wconf 92' lang='lat' dir='ltr'>nos</span> <span class='ocrx_word' id='word_1_497' title='bbox 2046 3497 2211 3555; x_wconf 79' lang='lat' dir='ltr'>docet</span> 
     </span>
    </p>
   </div>
   <div class='ocr_carea' id='block_1_72' title="bbox 2320 3495 3923 3582">
    <p class='ocr_par' dir='ltr' id='par_1_72' title="bbox 2399 3504 3923 3582">
     <span class='ocr_line' id='line_1_72' title="bbox 2399 3504 3923 3582; baseline -0.004 -18"><span class='ocrx_word' id='word_1_498' title='bbox 2399 3511 2503 3568; x_wconf 86' lang='grc' dir='ltr'>κθ’.</span> <span class='ocrx_word' id='word_1_499' title='bbox 2562 3510 2650 3572; x_wconf 82' lang='grc' dir='ltr'>Εἰς</span> <span class='ocrx_word' id='word_1_500' title='bbox 2706 3512 2799 3569; x_wconf 75' lang='grc' dir='ltr'>τὴν</span> <span class='ocrx_word' id='word_1_501' title='bbox 2855 3508 3022 3582; x_wconf 75' lang='grc' dir='ltr'>ἀπλῇν</span> <span class='ocrx_word' id='word_1_502' title='bbox 3077 3504 3137 3562; x_wconf 64' lang='grc' dir='ltr'>δὲ</span> <span class='ocrx_word' id='word_1_503' title='bbox 3202 3511 3389 3561; x_wconf 80' lang='grc' dir='ltr'>ἓινοιαν</span> <span class='ocrx_word' id='word_1_504' title='bbox 3454 3508 3592 3580; x_wconf 75' lang='grc' dir='ltr'>ἡμᾶς</span> <span class='ocrx_word' id='word_1_505' title='bbox 3649 3505 3832 3579; x_wconf 83' lang='grc' dir='ltr'>ἀνάγει</span> <span class='ocrx_word' id='word_1_506' title='bbox 3895 3506 3923 3562; x_wconf 80' lang='grc' dir='ltr'>ἡ</span> 
     </span>
    </p>
   </div>
   <div class='ocr_carea' id='block_1_73' title="bbox 568 3583 2211 3673">
    <p class='ocr_par' dir='ltr' id='par_1_73' title="bbox 568 3583 2211 3662">
     <span class='ocr_line' id='line_1_73' title="bbox 568 3583 2211 3662; baseline 0.002 -22"><span class='ocrx_word' id='word_1_507' title='bbox 568 3583 672 3641; x_wconf 91' lang='lat' dir='ltr'>illa</span> <span class='ocrx_word' id='word_1_508' title='bbox 682 3584 1135 3657; x_wconf 88' lang='lat' dir='ltr'>postrecitatam</span> <span class='ocrx_word' id='word_1_509' title='bbox 1162 3585 1321 3642; x_wconf 89' lang='lat' dir='ltr'>hanc</span> <span class='ocrx_word' id='word_1_510' title='bbox 1337 3588 1671 3644; x_wconf 91' lang='lat' dir='ltr'>orationem</span> <span class='ocrx_word' id='word_1_511' title='bbox 1690 3588 2068 3656; x_wconf 83' lang='lat' dir='ltr'>exclamatio,</span> <span class='ocrx_word' id='word_1_512' title='bbox 2083 3604 2211 3662; x_wconf 65' lang='lat' dir='ltr'>qua</span> 
     </span>
    </p>
   </div>
   <div class='ocr_carea' id='block_1_74' title="bbox 2320 3583 3928 3673">
    <p class='ocr_par' dir='ltr' id='par_1_74' title="bbox 2328 3594 3928 3673">
     <span class='ocr_line' id='line_1_74' title="bbox 2328 3594 3928 3673; baseline -0.004 -20"><span class='ocrx_word' id='word_1_513' title='bbox 2328 3602 2457 3673; x_wconf 87' lang='grc' dir='ltr'>μετά</span> <span class='ocrx_word' id='word_1_514' title='bbox 2499 3604 2592 3659; x_wconf 79' lang='grc' dir='ltr'>τὴν</span> <span class='ocrx_word' id='word_1_515' title='bbox 2642 3598 3020 3672; x_wconf 68' lang='grc' dir='ltr'>συμπλήρωσιν</span> <span class='ocrx_word' id='word_1_516' title='bbox 3064 3606 3159 3660; x_wconf 84' lang='grc' dir='ltr'>τῆς</span> <span class='ocrx_word' id='word_1_517' title='bbox 3210 3599 3453 3657; x_wconf 81' lang='grc' dir='ltr'>τοιαύτης</span> <span class='ocrx_word' id='word_1_518' title='bbox 3501 3596 3653 3658; x_wconf 80' lang='grc' dir='ltr'>εύκῆς</span> <span class='ocrx_word' id='word_1_519' title='bbox 3698 3594 3928 3668; x_wconf 72' lang='grc' dir='ltr'>ἐκφωνη-</span> 
     </span>
    </p>
   </div>
   <div class='ocr_carea' id='block_1_75' title="bbox 565 3673 2219 3750">
    <p class='ocr_par' dir='ltr' id='par_1_75' title="bbox 565 3673 2219 3750">
     <span class='ocr_line' id='line_1_75' title="bbox 565 3673 2219 3750; baseline 0.002 -20"><span class='ocrx_word' id='word_1_520' title='bbox 565 3677 694 3730; x_wconf 88' lang='lat' dir='ltr'>tum</span> <span class='ocrx_word' id='word_1_521' title='bbox 724 3673 910 3729; x_wconf 86' lang='lat' dir='ltr'>etiam</span> <span class='ocrx_word' id='word_1_522' title='bbox 928 3690 967 3731; x_wconf 91' lang='lat' dir='ltr'>a</span> <span class='ocrx_word' id='word_1_523' title='bbox 987 3688 1210 3745; x_wconf 88' lang='lat' dir='ltr'>magno</span> <span class='ocrx_word' id='word_1_524' title='bbox 1235 3674 1470 3745; x_wconf 87' lang='lat' dir='ltr'>Basilio,</span> <span class='ocrx_word' id='word_1_525' title='bbox 1498 3679 1626 3732; x_wconf 87' lang='lat' dir='ltr'>tum</span> <span class='ocrx_word' id='word_1_526' title='bbox 1648 3676 1827 3733; x_wconf 89' lang='lat' dir='ltr'>etiam</span> <span class='ocrx_word' id='word_1_527' title='bbox 1860 3693 1897 3734; x_wconf 96' lang='lat' dir='ltr'>a</span> <span class='ocrx_word' id='word_1_528' title='bbox 1933 3678 2219 3750; x_wconf 89' lang='lat' dir='ltr'>Chrysos-</span> 
     </span>
    </p>
   </div>
   <div class='ocr_carea' id='block_1_76' title="bbox 566 3762 2214 3830">
    <p class='ocr_par' dir='ltr' id='par_1_76' title="bbox 566 3762 2214 3830">
     <span class='ocr_line' id='line_1_76' title="bbox 566 3762 2214 3830; baseline 0.002 -11"><span class='ocrx_word' id='word_1_529' title='bbox 566 3767 734 3820; x_wconf 91' lang='lat' dir='ltr'>tomo</span> <span class='ocrx_word' id='word_1_530' title='bbox 754 3762 989 3819; x_wconf 85' lang='lat' dir='ltr'>dicitur.</span> <span class='ocrx_word' id='word_1_531' title='bbox 1017 3764 1335 3830; x_wconf 85' lang='lat' dir='ltr'>Quomodo</span> <span class='ocrx_word' id='word_1_532' title='bbox 1356 3764 1518 3821; x_wconf 89' lang='lat' dir='ltr'>enim</span> <span class='ocrx_word' id='word_1_533' title='bbox 1540 3766 1931 3822; x_wconf 88' lang='lat' dir='ltr'>concordabit</span> <span class='ocrx_word' id='word_1_534' title='bbox 1951 3766 2177 3822; x_wconf 90' lang='lat' dir='ltr'>dictum</span> <span class='ocrx_word' id='word_1_535' title='bbox 2201 3783 2214 3822; x_wconf 91' lang='lat'><strong>:</strong></span> 
     </span>
    </p>
   </div>
   <div class='ocr_carea' id='block_1_77' title="bbox 572 3852 2220 3927">
    <p class='ocr_par' dir='ltr' id='par_1_77' title="bbox 572 3852 2220 3927">
     <span class='ocr_line' id='line_1_77' title="bbox 572 3852 2220 3927; baseline 0.001 -19"><span class='ocrx_word' id='word_1_536' title='bbox 572 3874 594 3903; x_wconf 70' lang='grc' dir='ltr'>ι</span> <span class='ocrx_word' id='word_1_537' title='bbox 624 3852 1081 3908; x_wconf 86' lang='lat' dir='ltr'>Utinveniamus</span> <span class='ocrx_word' id='word_1_538' title='bbox 1102 3852 1575 3910; x_wconf 89' lang='lat' dir='ltr'>misericordiam</span> <span class='ocrx_word' id='word_1_539' title='bbox 1600 3859 1656 3910; x_wconf 90' lang='lat' dir='ltr'>et</span> <span class='ocrx_word' id='word_1_540' title='bbox 1672 3855 1947 3925; x_wconf 84' lang='lat' dir='ltr'>gratiam,</span> <span class='ocrx_word' id='word_1_541' title='bbox 1970 3878 1998 3905; x_wconf 85' lang='lat'>»</span> <span class='ocrx_word' id='word_1_542' title='bbox 2016 3855 2220 3927; x_wconf 68' lang='lat' dir='ltr'>praeci-</span> 
     </span>
    </p>
   </div>
   <div class='ocr_carea' id='block_1_78' title="bbox 564 3942 2217 4016">
    <p class='ocr_par' dir='ltr' id='par_1_78' title="bbox 564 3942 2217 4016">
     <span class='ocr_line' id='line_1_78' title="bbox 564 3942 2217 4016; baseline 0.001 -19"><span class='ocrx_word' id='word_1_543' title='bbox 564 3956 683 4014; x_wconf 89' lang='lat' dir='ltr'>pue</span> <span class='ocrx_word' id='word_1_544' title='bbox 696 3957 857 4010; x_wconf 86' lang='lat' dir='ltr'>cum,</span> <span class='ocrx_word' id='word_1_545' title='bbox 873 3962 901 3991; x_wconf 84' lang='grc'>‹‹</span> <span class='ocrx_word' id='word_1_546' title='bbox 923 3942 1710 4001; x_wconf 84' lang='lat' dir='ltr'>sanctiss1maimmaculata</span> <span class='ocrx_word' id='word_1_547' title='bbox 1732 3946 1760 4001; x_wconf 87' lang='lat'><strong>?</strong></span> <span class='ocrx_word' id='word_1_548' title='bbox 1787 3967 1807 3993; x_wconf 75' lang='grc' dir='ltr'>ι</span> <span class='ocrx_word' id='word_1_549' title='bbox 1826 3944 1889 4000; x_wconf 91' lang='lat' dir='ltr'>in</span> <span class='ocrx_word' id='word_1_550' title='bbox 1907 3960 2029 4016; x_wconf 93' lang='lat' dir='ltr'>quo</span> <span class='ocrx_word' id='word_1_551' title='bbox 2044 3943 2217 4001; x_wconf 89' lang='lat' dir='ltr'>etali-</span> 
     </span>
    </p>
   </div>
   <div class='ocr_carea' id='block_1_79' title="bbox 563 4030 2218 4105">
    <p class='ocr_par' dir='ltr' id='par_1_79' title="bbox 563 4030 2218 4105">
     <span class='ocr_line' id='line_1_79' title="bbox 563 4030 2218 4105; baseline 0.003 -21"><span class='ocrx_word' id='word_1_552' title='bbox 563 4030 646 4085; x_wconf 92' lang='lat' dir='ltr'>ud</span> <span class='ocrx_word' id='word_1_553' title='bbox 674 4045 920 4102; x_wconf 85' lang='lat' dir='ltr'>prorsus</span> <span class='ocrx_word' id='word_1_554' title='bbox 948 4031 1245 4101; x_wconf 83' lang='lat' dir='ltr'>signiﬁcat</span> <span class='ocrx_word' id='word_1_555' title='bbox 1273 4031 1589 4105; x_wconf 90' lang='lat' dir='ltr'>deiloquus</span> <span class='ocrx_word' id='word_1_556' title='bbox 1613 4050 1625 4087; x_wconf 92' lang='lat'>:</span> <span class='ocrx_word' id='word_1_557' title='bbox 1659 4048 1879 4105; x_wconf 91' lang='lat' dir='ltr'>nempe</span> <span class='ocrx_word' id='word_1_558' title='bbox 1924 4033 2218 4105; x_wconf 90' lang='lat' dir='ltr'>quoniam</span> 
     </span>
    </p>
   </div>
   <div class='ocr_carea' id='block_1_80' title="bbox 564 4118 2216 4194">
    <p class='ocr_par' dir='ltr' id='par_1_80' title="bbox 564 4118 2216 4194">
     <span class='ocr_line' id='line_1_80' title="bbox 564 4118 2216 4194; baseline 0.002 -20"><span class='ocrx_word' id='word_1_559' title='bbox 564 4132 777 4175; x_wconf 88' lang='lat' dir='ltr'>omnes</span> <span class='ocrx_word' id='word_1_560' title='bbox 792 4118 938 4190; x_wconf 86' lang='lat' dir='ltr'>justi</span> <span class='ocrx_word' id='word_1_561' title='bbox 962 4120 1024 4175; x_wconf 90' lang='lat' dir='ltr'>in</span> <span class='ocrx_word' id='word_1_562' title='bbox 1052 4119 1263 4177; x_wconf 86' lang='lat' dir='ltr'>dextra</span> <span class='ocrx_word' id='word_1_563' title='bbox 1277 4120 1498 4192; x_wconf 87' lang='lat' dir='ltr'>judicis</span> <span class='ocrx_word' id='word_1_564' title='bbox 1527 4126 1697 4194; x_wconf 90' lang='lat' dir='ltr'>parte</span> <span class='ocrx_word' id='word_1_565' title='bbox 1721 4122 2031 4178; x_wconf 88' lang='lat' dir='ltr'>constituri</span> <span class='ocrx_word' id='word_1_566' title='bbox 2056 4125 2216 4191; x_wconf 88' lang='lat' dir='ltr'>sunt,</span> 
     </span>
    </p>
   </div>
   <div class='ocr_carea' id='block_1_81' title="bbox 2329 3684 3927 3762">
    <p class='ocr_par' dir='ltr' id='par_1_81' title="bbox 2329 3684 3927 3762">
     <span class='ocr_line' id='line_1_81' title="bbox 2329 3684 3927 3762; baseline -0.004 -20"><span class='ocrx_word' id='word_1_567' title='bbox 2329 3709 2409 3751; x_wconf 88' lang='grc' dir='ltr'>σις</span> <span class='ocrx_word' id='word_1_568' title='bbox 2463 3693 2626 3749; x_wconf 74' lang='grc' dir='ltr'>οὕτως</span> <span class='ocrx_word' id='word_1_569' title='bbox 2679 3688 2951 3762; x_wconf 81' lang='grc' dir='ltr'>εἰρημένης</span> <span class='ocrx_word' id='word_1_570' title='bbox 3004 3691 3094 3740; x_wconf 87' lang='grc' dir='ltr'>καὶ</span> <span class='ocrx_word' id='word_1_571' title='bbox 3144 3689 3288 3760; x_wconf 80' lang='grc' dir='ltr'>παρὰ</span> <span class='ocrx_word' id='word_1_572' title='bbox 3343 3692 3435 3738; x_wconf 83' lang='grc' dir='ltr'>τοῦ</span> <span class='ocrx_word' id='word_1_573' title='bbox 3487 3684 3709 3758; x_wconf 80' lang='grc' dir='ltr'>μεγάλου</span> <span class='ocrx_word' id='word_1_574' title='bbox 3770 3691 3927 3737; x_wconf 79' lang='grc' dir='ltr'>Βασι-</span> 
     </span>
    </p>
   </div>
   <div class='ocr_carea' id='block_1_82' title="bbox 2325 3772 3924 3850">
    <p class='ocr_par' dir='ltr' id='par_1_82' title="bbox 2325 3772 3924 3850">
     <span class='ocr_line' id='line_1_82' title="bbox 2325 3772 3924 3850; baseline -0.004 -18"><span class='ocrx_word' id='word_1_575' title='bbox 2325 3779 2485 3849; x_wconf 86' lang='grc' dir='ltr'>λείου,</span> <span class='ocrx_word' id='word_1_576' title='bbox 2540 3782 2607 3840; x_wconf 82' lang='grc' dir='ltr'>ὡς</span> <span class='ocrx_word' id='word_1_577' title='bbox 2651 3782 2742 3830; x_wconf 85' lang='grc' dir='ltr'>καὶ</span> <span class='ocrx_word' id='word_1_578' title='bbox 2788 3782 2932 3850; x_wconf 80' lang='grc' dir='ltr'>παρὰ</span> <span class='ocrx_word' id='word_1_579' title='bbox 2990 3784 3081 3830; x_wconf 84' lang='grc' dir='ltr'>τοῦ</span> <span class='ocrx_word' id='word_1_580' title='bbox 3138 3781 3525 3849; x_wconf 77' lang='grc' dir='ltr'>Χρυσοστόμου</span> <span class='ocrx_word' id='word_1_581' title='bbox 3551 3794 3563 3809; x_wconf 90' lang='grc'><strong>·</strong></span> <span class='ocrx_word' id='word_1_582' title='bbox 3595 3783 3706 3837; x_wconf 79' lang='grc' dir='ltr'>πῶς</span> <span class='ocrx_word' id='word_1_583' title='bbox 3734 3776 3838 3847; x_wconf 79' lang='grc' dir='ltr'>γὰρ</span> <span class='ocrx_word' id='word_1_584' title='bbox 3869 3772 3924 3824; x_wconf 82' lang='grc' dir='ltr'>ἀν</span> 
     </span>
    </p>
   </div>
   <div class='ocr_carea' id='block_1_83' title="bbox 2330 3863 3922 3940">
    <p class='ocr_par' dir='ltr' id='par_1_83' title="bbox 2330 3863 3922 3940">
     <span class='ocr_line' id='line_1_83' title="bbox 2330 3863 3922 3940; baseline -0.005 -19"><span class='ocrx_word' id='word_1_585' title='bbox 2330 3870 2649 3940; x_wconf 85' lang='grc' dir='ltr'>συνταχθείη</span> <span class='ocrx_word' id='word_1_586' title='bbox 2694 3871 2751 3920; x_wconf 88' lang='grc' dir='ltr'>τό</span> <span class='ocrx_word' id='word_1_587' title='bbox 2782 3867 3065 3940; x_wconf 74' lang='grc' dir='ltr'>εἰρημένον,</span> <span class='ocrx_word' id='word_1_588' title='bbox 3096 3887 3125 3916; x_wconf 81' lang='grc' dir='ltr'>(ι</span> <span class='ocrx_word' id='word_1_589' title='bbox 3151 3865 3260 3918; x_wconf 81' lang='grc' dir='ltr'>Ἵνα</span> <span class='ocrx_word' id='word_1_590' title='bbox 3289 3865 3512 3939; x_wconf 78' lang='grc' dir='ltr'>εὕρωμεν</span> <span class='ocrx_word' id='word_1_591' title='bbox 3535 3865 3669 3924; x_wconf 83' lang='grc' dir='ltr'>ἔλεος</span> <span class='ocrx_word' id='word_1_592' title='bbox 3700 3868 3793 3915; x_wconf 83' lang='grc' dir='ltr'>καὶ</span> <span class='ocrx_word' id='word_1_593' title='bbox 3822 3863 3922 3935; x_wconf 88' lang='grc' dir='ltr'>χά-</span> 
     </span>
    </p>
   </div>
   <div class='ocr_carea' id='block_1_84' title="bbox 2325 3952 3922 4033">
    <p class='ocr_par' dir='ltr' id='par_1_84' title="bbox 2325 3952 3922 4033">
     <span class='ocr_line' id='line_1_84' title="bbox 2325 3952 3922 4033; baseline -0.007 -22"><span class='ocrx_word' id='word_1_594' title='bbox 2325 3977 2428 4033; x_wconf 90' lang='grc' dir='ltr'>ριν,</span> <span class='ocrx_word' id='word_1_595' title='bbox 2459 3980 2487 4008; x_wconf 62' lang='grc' dir='ltr'>ν)</span> <span class='ocrx_word' id='word_1_596' title='bbox 2518 3959 2650 4030; x_wconf 84' lang='grc' dir='ltr'>μετά</span> <span class='ocrx_word' id='word_1_597' title='bbox 2673 3962 2786 4025; x_wconf 84' lang='grc' dir='ltr'>τοῦ,</span> <span class='ocrx_word' id='word_1_598' title='bbox 2821 3977 2850 4004; x_wconf 80' lang='grc' dir='ltr'>ι(</span> <span class='ocrx_word' id='word_1_599' title='bbox 2884 3955 3153 4029; x_wconf 83' lang='grc' dir='ltr'>ἑξαιρετως</span> <span class='ocrx_word' id='word_1_600' title='bbox 3173 3963 3264 4015; x_wconf 82' lang='grc' dir='ltr'>τῆς</span> <span class='ocrx_word' id='word_1_601' title='bbox 3282 3958 3542 4026; x_wconf 86' lang='grc' dir='ltr'>παναγίας</span> <span class='ocrx_word' id='word_1_602' title='bbox 3566 3952 3839 4027; x_wconf 83' lang='grc' dir='ltr'>ἀχράντου</span> <span class='ocrx_word' id='word_1_603' title='bbox 3864 3971 3877 4021; x_wconf 84' lang='grc'>;</span> <span class='ocrx_word' id='word_1_604' title='bbox 3898 3972 3922 3999; x_wconf 80' lang='lat' dir='ltr'>n</span> 
     </span>
    </p>
   </div>
   <div class='ocr_carea' id='block_1_85' title="bbox 2327 4043 3920 4117">
    <p class='ocr_par' dir='ltr' id='par_1_85' title="bbox 2327 4043 3920 4117">
     <span class='ocr_line' id='line_1_85' title="bbox 2327 4043 3920 4117; baseline -0.006 -17"><span class='ocrx_word' id='word_1_605' title='bbox 2327 4049 2353 4100; x_wconf 89' lang='grc' dir='ltr'><strong><em>ὃ</em></strong></span> <span class='ocrx_word' id='word_1_606' title='bbox 2381 4048 2582 4106; x_wconf 88' lang='grc' dir='ltr'>πάντως</span> <span class='ocrx_word' id='word_1_607' title='bbox 2612 4047 2759 4117; x_wconf 88' lang='grc' dir='ltr'>τάχα</span> <span class='ocrx_word' id='word_1_608' title='bbox 2799 4044 2890 4097; x_wconf 86' lang='grc' dir='ltr'><strong>καί</strong></span> <span class='ocrx_word' id='word_1_609' title='bbox 2941 4043 3062 4096; x_wconf 74' lang='grc' dir='ltr'>ἄλλο</span> <span class='ocrx_word' id='word_1_610' title='bbox 3107 4045 3132 4095; x_wconf 87' lang='grc' dir='ltr'>ὁ</span> <span class='ocrx_word' id='word_1_611' title='bbox 3182 4044 3472 4117; x_wconf 76' lang='grc' dir='ltr'>θεοφάντωρ</span> <span class='ocrx_word' id='word_1_612' title='bbox 3522 4044 3877 4114; x_wconf 79' lang='grc' dir='ltr'>ὑποσημαίνει</span> <span class='ocrx_word' id='word_1_613' title='bbox 3908 4055 3920 4068; x_wconf 82' lang='grc'><strong>”</strong></span> 
     </span>
    </p>
   </div>
   <div class='ocr_carea' id='block_1_86' title="bbox 2327 4127 3925 4204">
    <p class='ocr_par' dir='ltr' id='par_1_86' title="bbox 2327 4127 3925 4204">
     <span class='ocr_line' id='line_1_86' title="bbox 2327 4127 3925 4204; baseline -0.004 -17"><span class='ocrx_word' id='word_1_614' title='bbox 2327 4136 2395 4199; x_wconf 84' lang='grc' dir='ltr'>ὡς</span> <span class='ocrx_word' id='word_1_615' title='bbox 2448 4134 2558 4189; x_wconf 78' lang='grc' dir='ltr'>ἐπεὶ</span> <span class='ocrx_word' id='word_1_616' title='bbox 2603 4135 2785 4194; x_wconf 91' lang='grc' dir='ltr'>πάντες</span> <span class='ocrx_word' id='word_1_617' title='bbox 2840 4135 2889 4185; x_wconf 83' lang='grc' dir='ltr'>οἱ</span> <span class='ocrx_word' id='word_1_618' title='bbox 2931 4129 3131 4185; x_wconf 75' lang='grc' dir='ltr'>ὃικαιοι</span> <span class='ocrx_word' id='word_1_619' title='bbox 3180 4130 3229 4183; x_wconf 79' lang='grc' dir='ltr'>ἐν</span> <span class='ocrx_word' id='word_1_620' title='bbox 3284 4139 3391 4194; x_wconf 89' lang='grc' dir='ltr'>τοῖς</span> <span class='ocrx_word' id='word_1_621' title='bbox 3422 4127 3609 4193; x_wconf 77' lang='grc' dir='ltr'>δεξιοῖς</span> <span class='ocrx_word' id='word_1_622' title='bbox 3628 4137 3722 4182; x_wconf 82' lang='grc' dir='ltr'>τοῦ</span> <span class='ocrx_word' id='word_1_623' title='bbox 3747 4134 3925 4204; x_wconf 73' lang='grc' dir='ltr'>κριτοῦ</span> 
     </span>
    </p>
   </div>
   <div class='ocr_carea' id='block_1_87' title="bbox 564 4204 2213 4283">
    <p class='ocr_par' dir='ltr' id='par_1_87' title="bbox 564 4204 2213 4283">
     <span class='ocr_line' id='line_1_87' title="bbox 564 4204 2213 4283; baseline 0.004 -23"><span class='ocrx_word' id='word_1_624' title='bbox 564 4204 764 4277; x_wconf 88' lang='lat' dir='ltr'>ibique</span> <span class='ocrx_word' id='word_1_625' title='bbox 794 4212 848 4263; x_wconf 90' lang='lat' dir='ltr'>et</span> <span class='ocrx_word' id='word_1_626' title='bbox 873 4207 1006 4280; x_wconf 89' lang='lat' dir='ltr'>ipsa</span> <span class='ocrx_word' id='word_1_627' title='bbox 1031 4209 1412 4282; x_wconf 88' lang='lat' dir='ltr'>theanthropi</span> <span class='ocrx_word' id='word_1_628' title='bbox 1440 4211 1677 4266; x_wconf 90' lang='lat' dir='ltr'>Domini</span> <span class='ocrx_word' id='word_1_629' title='bbox 1698 4214 1893 4283; x_wconf 84' lang='lat' dir='ltr'>Mater,</span> <span class='ocrx_word' id='word_1_630' title='bbox 1926 4215 1983 4267; x_wconf 89' lang='lat' dir='ltr'>et</span> <span class='ocrx_word' id='word_1_631' title='bbox 2004 4211 2213 4267; x_wconf 89' lang='lat' dir='ltr'>unius-</span> 
     </span>
    </p>
   </div>
   <div class='ocr_carea' id='block_1_88' title="bbox 566 4293 2214 4368">
    <p class='ocr_par' dir='ltr' id='par_1_88' title="bbox 566 4293 2214 4368">
     <span class='ocr_line' id='line_1_88' title="bbox 566 4293 2214 4368; baseline 0.004 -21"><span class='ocrx_word' id='word_1_632' title='bbox 566 4293 860 4366; x_wconf 89' lang='lat' dir='ltr'>cujusque</span> <span class='ocrx_word' id='word_1_633' title='bbox 919 4296 1144 4365; x_wconf 88' lang='lat' dir='ltr'>gradus</span> <span class='ocrx_word' id='word_1_634' title='bbox 1195 4302 1251 4354; x_wconf 88' lang='lat' dir='ltr'>et</span> <span class='ocrx_word' id='word_1_635' title='bbox 1303 4299 1481 4354; x_wconf 88' lang='lat' dir='ltr'>statio</span> <span class='ocrx_word' id='word_1_636' title='bbox 1528 4299 1845 4355; x_wconf 89' lang='lat' dir='ltr'>distinctus</span> <span class='ocrx_word' id='word_1_637' title='bbox 1909 4300 2070 4368; x_wconf 89' lang='lat' dir='ltr'>erit;</span> <span class='ocrx_word' id='word_1_638' title='bbox 2127 4299 2214 4355; x_wconf 87' lang='lat' dir='ltr'>ni-</span> 
     </span>
    </p>
   </div>
   <div class='ocr_carea' id='block_1_89' title="bbox 563 4379 2211 4476">
    <p class='ocr_par' dir='ltr' id='par_1_89' title="bbox 563 4379 2211 4459">
     <span class='ocr_line' id='line_1_89' title="bbox 563 4379 2211 4459; baseline 0.005 -23"><span class='ocrx_word' id='word_1_639' title='bbox 563 4379 1257 4456; x_wconf 85' lang='lat' dir='ltr'>hilomninus,tanquam</span> <span class='ocrx_word' id='word_1_640' title='bbox 1280 4386 1342 4440; x_wconf 93' lang='lat' dir='ltr'>in</span> <span class='ocrx_word' id='word_1_641' title='bbox 1365 4401 1487 4442; x_wconf 89' lang='lat' dir='ltr'>una</span> <span class='ocrx_word' id='word_1_642' title='bbox 1504 4402 1718 4443; x_wconf 89' lang='lat' dir='ltr'>omnes</span> <span class='ocrx_word' id='word_1_643' title='bbox 1741 4392 1941 4459; x_wconf 88' lang='lat' dir='ltr'>partes</span> <span class='ocrx_word' id='word_1_644' title='bbox 1968 4388 2060 4444; x_wconf 91' lang='lat' dir='ltr'>siti</span> <span class='ocrx_word' id='word_1_645' title='bbox 2088 4388 2211 4444; x_wconf 87' lang='lat' dir='ltr'>fue-</span> 
     </span>
    </p>
   </div>
   <div class='ocr_carea' id='block_1_90' title="bbox 2320 4379 3279 4476">
    <p class='ocr_par' dir='ltr' id='par_1_90' title="bbox 2327 4397 3279 4476">
     <span class='ocr_line' id='line_1_90' title="bbox 2327 4397 3279 4476; baseline -0.006 -18"><span class='ocrx_word' id='word_1_646' title='bbox 2327 4408 2509 4464; x_wconf 85' lang='grc' dir='ltr'>στάσις</span> <span class='ocrx_word' id='word_1_647' title='bbox 2585 4403 2806 4455; x_wconf 79' lang='grc' dir='ltr'>ἑκάστου</span> <span class='ocrx_word' id='word_1_648' title='bbox 2875 4397 3234 4476; x_wconf 76' lang='grc' dir='ltr'>ἀποδιῄρηται</span> <span class='ocrx_word' id='word_1_649' title='bbox 3267 4422 3279 4432; x_wconf 92' lang='grc'><strong>·</strong></span> 
     </span>
    </p>
   </div>
   <div class='ocr_carea' id='block_1_91' title="bbox 563 4469 2211 4548">
    <p class='ocr_par' dir='ltr' id='par_1_91' title="bbox 563 4469 2211 4548">
     <span class='ocr_line' id='line_1_91' title="bbox 563 4469 2211 4548; baseline 0.005 -24"><span class='ocrx_word' id='word_1_650' title='bbox 563 4469 782 4537; x_wconf 88' lang='lat' dir='ltr'>rimus,</span> <span class='ocrx_word' id='word_1_651' title='bbox 822 4475 996 4540; x_wconf 88' lang='lat' dir='ltr'>rogat</span> <span class='ocrx_word' id='word_1_652' title='bbox 1044 4472 1328 4528; x_wconf 88' lang='lat' dir='ltr'>sacerdos</span> <span class='ocrx_word' id='word_1_653' title='bbox 1365 4479 1432 4530; x_wconf 90' lang='lat' dir='ltr'>ut</span> <span class='ocrx_word' id='word_1_654' title='bbox 1481 4474 1723 4531; x_wconf 85' lang='lat' dir='ltr'>illorum</span> <span class='ocrx_word' id='word_1_655' title='bbox 1760 4476 2015 4533; x_wconf 86' lang='lat' dir='ltr'>statione</span> <span class='ocrx_word' id='word_1_656' title='bbox 2042 4476 2211 4548; x_wconf 90' lang='lat' dir='ltr'>digni</span> 
     </span>
    </p>
   </div>
   <div class='ocr_carea' id='block_1_92' title="bbox 561 4557 2212 4638">
    <p class='ocr_par' dir='ltr' id='par_1_92' title="bbox 561 4557 2212 4638">
     <span class='ocr_line' id='line_1_92' title="bbox 561 4557 2212 4638; baseline 0.005 -24"><span class='ocrx_word' id='word_1_657' title='bbox 561 4557 917 4626; x_wconf 87' lang='lat' dir='ltr'>habeamur,</span> <span class='ocrx_word' id='word_1_658' title='bbox 949 4560 1053 4631; x_wconf 91' lang='lat' dir='ltr'>qui</span> <span class='ocrx_word' id='word_1_659' title='bbox 1079 4560 1205 4616; x_wconf 92' lang='lat' dir='ltr'>sine</span> <span class='ocrx_word' id='word_1_660' title='bbox 1228 4566 1478 4633; x_wconf 89' lang='lat' dir='ltr'>peccato</span> <span class='ocrx_word' id='word_1_661' title='bbox 1516 4563 1793 4619; x_wconf 81' lang='lat' dir='ltr'>videlicet</span> <span class='ocrx_word' id='word_1_662' title='bbox 1822 4564 2051 4621; x_wconf 87' lang='lat' dir='ltr'>Christo</span> <span class='ocrx_word' id='word_1_663' title='bbox 2086 4565 2212 4638; x_wconf 89' lang='lat' dir='ltr'>pla-</span> 
     </span>
    </p>
   </div>
   <div class='ocr_carea' id='block_1_93' title="bbox 563 4651 2204 4717">
    <p class='ocr_par' dir='ltr' id='par_1_93' title="bbox 563 4651 2204 4717">
     <span class='ocr_line' id='line_1_93' title="bbox 563 4651 2204 4717; baseline 0.004 -15"><span class='ocrx_word' id='word_1_664' title='bbox 563 4651 852 4717; x_wconf 86' lang='lat' dir='ltr'>cuerunt;</span> <span class='ocrx_word' id='word_1_665' title='bbox 899 4663 1024 4704; x_wconf 91' lang='lat' dir='ltr'>non</span> <span class='ocrx_word' id='word_1_666' title='bbox 1071 4653 1273 4705; x_wconf 91' lang='lat' dir='ltr'>autem</span> <span class='ocrx_word' id='word_1_667' title='bbox 1318 4666 1456 4706; x_wconf 92' lang='lat' dir='ltr'>cum</span> <span class='ocrx_word' id='word_1_668' title='bbox 1507 4652 1755 4707; x_wconf 89' lang='lat' dir='ltr'>sinistris</span> <span class='ocrx_word' id='word_1_669' title='bbox 1795 4657 1854 4709; x_wconf 91' lang='lat' dir='ltr'>et</span> <span class='ocrx_word' id='word_1_670' title='bbox 1897 4653 2204 4711; x_wconf 88' lang='lat' dir='ltr'>damnatis</span> 
     </span>
    </p>
   </div>
   <div class='ocr_carea' id='block_1_94' title="bbox 561 4737 2213 4815">
    <p class='ocr_par' dir='ltr' id='par_1_94' title="bbox 561 4737 2213 4815">
     <span class='ocr_line' id='line_1_94' title="bbox 561 4737 2213 4815; baseline 0.004 -22"><span class='ocrx_word' id='word_1_671' title='bbox 561 4751 1089 4794; x_wconf 90' lang='lat' dir='ltr'>connumeremur.</span> <span class='ocrx_word' id='word_1_672' title='bbox 1115 4737 1231 4795; x_wconf 90' lang='lat' dir='ltr'>Sed</span> <span class='ocrx_word' id='word_1_673' title='bbox 1250 4738 1428 4811; x_wconf 83' lang='lat' dir='ltr'>longe</span> <span class='ocrx_word' id='word_1_674' title='bbox 1449 4744 1537 4796; x_wconf 89' lang='lat' dir='ltr'>est</span> <span class='ocrx_word' id='word_1_675' title='bbox 1564 4741 1777 4797; x_wconf 89' lang='lat' dir='ltr'>melius</span> <span class='ocrx_word' id='word_1_676' title='bbox 1808 4743 1935 4798; x_wconf 79' lang='lat' dir='ltr'>haec</span> <span class='ocrx_word' id='word_1_677' title='bbox 1964 4743 2213 4815; x_wconf 84' lang='lat' dir='ltr'>intelligi</span> 
     </span>
    </p>
   </div>
   <div class='ocr_carea' id='block_1_95' title="bbox 559 4827 2211 4900">
    <p class='ocr_par' dir='ltr' id='par_1_95' title="bbox 559 4827 2211 4900">
     <span class='ocr_line' id='line_1_95' title="bbox 559 4827 2211 4900; baseline 0.002 -15"><span class='ocrx_word' id='word_1_678' title='bbox 559 4832 911 4900; x_wconf 88' lang='lat' dir='ltr'>tanquama</span> <span class='ocrx_word' id='word_1_679' title='bbox 938 4827 1164 4883; x_wconf 89' lang='lat' dir='ltr'>Christo</span> <span class='ocrx_word' id='word_1_680' title='bbox 1201 4828 1356 4884; x_wconf 88' lang='lat' dir='ltr'>dicta</span> <span class='ocrx_word' id='word_1_681' title='bbox 1400 4832 1456 4884; x_wconf 89' lang='lat' dir='ltr'>et</span> <span class='ocrx_word' id='word_1_682' title='bbox 1498 4835 1654 4888; x_wconf 88' lang='lat' dir='ltr'>acta.</span> <span class='ocrx_word' id='word_1_683' title='bbox 1687 4832 1785 4886; x_wconf 90' lang='lat' dir='ltr'>Est</span> <span class='ocrx_word' id='word_1_684' title='bbox 1823 4831 1986 4887; x_wconf 90' lang='lat' dir='ltr'>enim</span> <span class='ocrx_word' id='word_1_685' title='bbox 2028 4832 2211 4889; x_wconf 91' lang='lat' dir='ltr'>Filius</span> 
     </span>
    </p>
   </div>
   <div class='ocr_carea' id='block_1_96' title="bbox 557 4916 2212 4993">
    <p class='ocr_par' dir='ltr' id='par_1_96' title="bbox 557 4916 2212 4993">
     <span class='ocr_line' id='line_1_96' title="bbox 557 4916 2212 4993; baseline 0.003 -19"><span class='ocrx_word' id='word_1_686' title='bbox 557 4922 618 4974; x_wconf 89' lang='lat' dir='ltr'>et</span> <span class='ocrx_word' id='word_1_687' title='bbox 634 4916 916 4985; x_wconf 88' lang='lat' dir='ltr'>Verbum,</span> <span class='ocrx_word' id='word_1_688' title='bbox 946 4916 1075 4973; x_wconf 89' lang='lat' dir='ltr'>sine</span> <span class='ocrx_word' id='word_1_689' title='bbox 1095 4916 1507 4974; x_wconf 88' lang='lat' dir='ltr'>immolatione</span> <span class='ocrx_word' id='word_1_690' title='bbox 1531 4919 1902 4989; x_wconf 90' lang='lat' dir='ltr'>immolatus,</span> <span class='ocrx_word' id='word_1_691' title='bbox 1935 4937 2131 4993; x_wconf 90' lang='lat' dir='ltr'>agnus</span> <span class='ocrx_word' id='word_1_692' title='bbox 2154 4929 2212 4980; x_wconf 87' lang='lat' dir='ltr'>et</span> 
     </span>
    </p>
   </div>
   <div class='ocr_carea' id='block_1_97' title="bbox 557 5005 2208 5083">
    <p class='ocr_par' dir='ltr' id='par_1_97' title="bbox 557 5005 2208 5083">
     <span class='ocr_line' id='line_1_97' title="bbox 557 5005 2208 5083; baseline 0.005 -22"><span class='ocrx_word' id='word_1_693' title='bbox 557 5005 803 5063; x_wconf 84' lang='lat' dir='ltr'>victima</span> <span class='ocrx_word' id='word_1_694' title='bbox 833 5006 996 5062; x_wconf 90' lang='lat' dir='ltr'>idem</span> <span class='ocrx_word' id='word_1_695' title='bbox 1034 5009 1093 5061; x_wconf 87' lang='lat' dir='ltr'>et</span> <span class='ocrx_word' id='word_1_696' title='bbox 1135 5005 1402 5078; x_wconf 83' lang='lat' dir='ltr'>pontifex</span> <span class='ocrx_word' id='word_1_697' title='bbox 1439 5006 1503 5062; x_wconf 93' lang='lat' dir='ltr'>in</span> <span class='ocrx_word' id='word_1_698' title='bbox 1544 5013 1857 5065; x_wconf 62' lang='lat' dir='ltr'>aeternum.</span> <span class='ocrx_word' id='word_1_699' title='bbox 1896 5013 2026 5083; x_wconf 87' lang='lat' dir='ltr'>lpse</span> <span class='ocrx_word' id='word_1_700' title='bbox 2064 5028 2208 5083; x_wconf 89' lang='lat' dir='ltr'>ergo</span> 
     </span>
    </p>
   </div>
   <div class='ocr_carea' id='block_1_98' title="bbox 556 5091 2210 5168">
    <p class='ocr_par' dir='ltr' id='par_1_98' title="bbox 556 5091 2210 5168">
     <span class='ocr_line' id='line_1_98' title="bbox 556 5091 2210 5168; baseline 0.003 -18"><span class='ocrx_word' id='word_1_701' title='bbox 556 5096 692 5151; x_wconf 89' lang='lat' dir='ltr'>orat</span> <span class='ocrx_word' id='word_1_702' title='bbox 728 5109 837 5166; x_wconf 91' lang='lat' dir='ltr'>pro</span> <span class='ocrx_word' id='word_1_703' title='bbox 869 5091 1048 5150; x_wconf 91' lang='lat' dir='ltr'>nobis</span> <span class='ocrx_word' id='word_1_704' title='bbox 1080 5095 1313 5149; x_wconf 88' lang='lat' dir='ltr'>Patrem</span> <span class='ocrx_word' id='word_1_705' title='bbox 1349 5110 1551 5151; x_wconf 90' lang='lat' dir='ltr'>suum.</span> <span class='ocrx_word' id='word_1_706' title='bbox 1597 5097 1826 5168; x_wconf 84' lang='lat' dir='ltr'>Reapse</span> <span class='ocrx_word' id='word_1_707' title='bbox 1869 5097 2019 5154; x_wconf 91' lang='lat' dir='ltr'>dum</span> <span class='ocrx_word' id='word_1_708' title='bbox 2066 5098 2210 5155; x_wconf 89' lang='lat' dir='ltr'>dicit</span> 
     </span>
    </p>
   </div>
   <div class='ocr_carea' id='block_1_99' title="bbox 557 5181 2207 5259">
    <p class='ocr_par' dir='ltr' id='par_1_99' title="bbox 557 5181 2207 5259">
     <span class='ocr_line' id='line_1_99' title="bbox 557 5181 2207 5259; baseline 0.004 -22"><span class='ocrx_word' id='word_1_709' title='bbox 557 5182 879 5238; x_wconf 83' lang='lat' dir='ltr'>sacerdos:</span> <span class='ocrx_word' id='word_1_710' title='bbox 910 5205 937 5233; x_wconf 92' lang='grc'>‹‹</span> <span class='ocrx_word' id='word_1_711' title='bbox 975 5181 1257 5255; x_wconf 80' lang='lat' dir='ltr'>Accipite,</span> <span class='ocrx_word' id='word_1_712' title='bbox 1301 5182 1687 5254; x_wconf 89' lang='lat' dir='ltr'>manducatc,</span> <span class='ocrx_word' id='word_1_713' title='bbox 1719 5184 1836 5241; x_wconf 90' lang='lat' dir='ltr'>hoc</span> <span class='ocrx_word' id='word_1_714' title='bbox 1873 5191 1958 5243; x_wconf 89' lang='lat' dir='ltr'>est</span> <span class='ocrx_word' id='word_1_715' title='bbox 1986 5203 2207 5259; x_wconf 90' lang='lat' dir='ltr'>corpus</span> 
     </span>
    </p>
   </div>
   <div class='ocr_carea' id='block_1_100' title="bbox 555 5270 2203 5344">
    <p class='ocr_par' dir='ltr' id='par_1_100' title="bbox 555 5270 2203 5344">
     <span class='ocr_line' id='line_1_100' title="bbox 555 5270 2203 5344; baseline 0.005 -20"><span class='ocrx_word' id='word_1_716' title='bbox 555 5285 835 5338; x_wconf 85' lang='lat' dir='ltr'>meum;»</span> <span class='ocrx_word' id='word_1_717' title='bbox 848 5286 1051 5327; x_wconf 91' lang='lat' dir='ltr'>nonne</span> <span class='ocrx_word' id='word_1_718' title='bbox 1066 5270 1183 5327; x_wconf 91' lang='lat' dir='ltr'>hoc</span> <span class='ocrx_word' id='word_1_719' title='bbox 1195 5275 1487 5344; x_wconf 89' lang='lat' dir='ltr'>tanquam</span> <span class='ocrx_word' id='word_1_720' title='bbox 1509 5271 1587 5328; x_wconf 92' lang='lat' dir='ltr'>ab</span> <span class='ocrx_word' id='word_1_721' title='bbox 1609 5273 1741 5344; x_wconf 91' lang='lat' dir='ltr'>ipso</span> <span class='ocrx_word' id='word_1_722' title='bbox 1793 5274 2023 5331; x_wconf 89' lang='lat' dir='ltr'>Christo</span> <span class='ocrx_word' id='word_1_723' title='bbox 2060 5275 2203 5332; x_wconf 90' lang='lat' dir='ltr'>dici-</span> 
     </span>
    </p>
   </div>
   <div class='ocr_carea' id='block_1_101' title="bbox 554 5358 2206 5433">
    <p class='ocr_par' dir='ltr' id='par_1_101' title="bbox 554 5358 2206 5433">
     <span class='ocr_line' id='line_1_101' title="bbox 554 5358 2206 5433; baseline 0.004 -19"><span class='ocrx_word' id='word_1_724' title='bbox 554 5358 777 5414; x_wconf 83' lang='lat' dir='ltr'>tur?Sic</span> <span class='ocrx_word' id='word_1_725' title='bbox 789 5373 924 5428; x_wconf 87' lang='lat' dir='ltr'>ergo</span> <span class='ocrx_word' id='word_1_726' title='bbox 940 5359 1653 5431; x_wconf 88' lang='lat' dir='ltr'>tripliciterintelliguntur</span> <span class='ocrx_word' id='word_1_727' title='bbox 1664 5360 1744 5416; x_wconf 86' lang='lat' dir='ltr'>ab</span> <span class='ocrx_word' id='word_1_728' title='bbox 1756 5361 2035 5433; x_wconf 88' lang='lat' dir='ltr'>episcopo</span> <span class='ocrx_word' id='word_1_729' title='bbox 2047 5363 2206 5422; x_wconf 87' lang='lat' dir='ltr'>dicta</span> 
     </span>
    </p>
   </div>
   <div class='ocr_carea' id='block_1_102' title="bbox 551 5445 2203 5522">
    <p class='ocr_par' dir='ltr' id='par_1_102' title="bbox 551 5445 2203 5522">
     <span class='ocr_line' id='line_1_102' title="bbox 551 5445 2203 5522; baseline 0.005 -21"><span class='ocrx_word' id='word_1_730' title='bbox 551 5446 615 5502; x_wconf 91' lang='lat' dir='ltr'>in</span> <span class='ocrx_word' id='word_1_731' title='bbox 640 5445 843 5503; x_wconf 86' lang='lat' dir='ltr'>divina</span> <span class='ocrx_word' id='word_1_732' title='bbox 870 5448 1286 5520; x_wconf 86' lang='lat' dir='ltr'>mystagogia;</span> <span class='ocrx_word' id='word_1_733' title='bbox 1310 5447 1429 5506; x_wconf 90' lang='lat' dir='ltr'>alia</span> <span class='ocrx_word' id='word_1_734' title='bbox 1451 5448 1700 5522; x_wconf 83' lang='lat' dir='ltr'>quidem</span> <span class='ocrx_word' id='word_1_735' title='bbox 1730 5455 1847 5507; x_wconf 88' lang='lat' dir='ltr'>uta</span> <span class='ocrx_word' id='word_1_736' title='bbox 1872 5451 2203 5510; x_wconf 78' lang='lat' dir='ltr'>mediatore</span> 
     </span>
    </p>
   </div>
   <div class='ocr_carea' id='block_1_103' title="bbox 552 5571 2200 5650">
    <p class='ocr_par' dir='ltr' id='par_1_103' title="bbox 552 5571 2200 5650">
     <span class='ocr_line' id='line_1_103' title="bbox 552 5571 2200 5650; baseline 0.004 -22"><span class='ocrx_word' id='word_1_737' title='bbox 552 5571 1051 5650; x_wconf 55' lang='lat' dir='ltr'>quemadmodum</span> <span class='ocrx_word' id='word_1_738' title='bbox 1076 5573 1225 5628; x_wconf 78' lang='lat' dir='ltr'>alios</span> <span class='ocrx_word' id='word_1_739' title='bbox 1254 5574 1359 5644; x_wconf 81' lang='lat' dir='ltr'>qui</span> <span class='ocrx_word' id='word_1_740' title='bbox 1371 5573 1440 5650; x_wconf 81' lang='lat' dir='ltr'>_z&#39;n</span> <span class='ocrx_word' id='word_1_741' title='bbox 1480 5587 1631 5650; x_wconf 66' lang='lat' dir='ltr'>pare</span> <span class='ocrx_word' id='word_1_742' title='bbox 1683 5576 2109 5650; x_wconf 65' lang='lat' dir='ltr'>requiescunt,</span> <span class='ocrx_word' id='word_1_743' title='bbox 2135 5584 2200 5635; x_wconf 77' lang='grc' dir='ltr'>ιιι</span> 
     </span>
    </p>
   </div>
   <div class='ocr_carea' id='block_1_104' title="bbox 549 5643 2199 5723">
    <p class='ocr_par' dir='ltr' id='par_1_104' title="bbox 549 5643 2199 5723">
     <span class='ocr_line' id='line_1_104' title="bbox 549 5643 2199 5723; baseline 0.004 -21"><span class='ocrx_word' id='word_1_744' title='bbox 549 5643 731 5703; x_wconf 76' lang='lat' dir='ltr'>etiam</span> <span class='ocrx_word' id='word_1_745' title='bbox 752 5657 868 5716; x_wconf 82' lang='lat' dir='ltr'>pro</span> <span class='ocrx_word' id='word_1_746' title='bbox 887 5643 969 5702; x_wconf 75' lang='lat' dir='ltr'>eis</span> <span class='ocrx_word' id='word_1_747' title='bbox 993 5643 1384 5713; x_wconf 43' lang='lat' dir='ltr'>oremus,’sed</span> <span class='ocrx_word' id='word_1_748' title='bbox 1405 5646 1597 5718; x_wconf 80' lang='lat' dir='ltr'>magis</span> <span class='ocrx_word' id='word_1_749' title='bbox 1626 5651 1694 5704; x_wconf 82' lang='lat' dir='ltr'>ut</span> <span class='ocrx_word' id='word_1_750' title='bbox 1715 5643 1832 5718; x_wconf 72' lang='grc' dir='ltr'>ίρεί</span> <span class='ocrx_word' id='word_1_751' title='bbox 1862 5663 1980 5720; x_wconf 78' lang='lat' dir='ltr'>pro</span> <span class='ocrx_word' id='word_1_752' title='bbox 2009 5643 2199 5723; x_wconf 72' lang='lat' dir='ltr'>nobis,</span> 
     </span>
    </p>
   </div>
   <div class='ocr_carea' id='block_1_105' title="bbox 2327 4217 3924 4301">
    <p class='ocr_par' dir='ltr' id='par_1_105' title="bbox 2327 4217 3924 4301">
     <span class='ocr_line' id='line_1_105' title="bbox 2327 4217 3924 4301; baseline -0.006 -22"><span class='ocrx_word' id='word_1_753' title='bbox 2327 4231 2508 4301; x_wconf 77' lang='grc' dir='ltr'>μέρεσι</span> <span class='ocrx_word' id='word_1_754' title='bbox 2544 4224 2816 4298; x_wconf 83' lang='grc' dir='ltr'>μέλλουσιν</span> <span class='ocrx_word' id='word_1_755' title='bbox 2856 4223 3131 4291; x_wconf 81' lang='grc' dir='ltr'>ἵστασθαι,</span> <span class='ocrx_word' id='word_1_756' title='bbox 3181 4225 3312 4296; x_wconf 90' lang='grc' dir='ltr'>πρός</span> <span class='ocrx_word' id='word_1_757' title='bbox 3367 4217 3427 4274; x_wconf 65' lang='grc' dir='ltr'>δὲ</span> <span class='ocrx_word' id='word_1_758' title='bbox 3475 4220 3565 4273; x_wconf 86' lang='grc' dir='ltr'><strong>καί</strong></span> <span class='ocrx_word' id='word_1_759' title='bbox 3613 4220 3747 4277; x_wconf 76' lang='grc' dir='ltr'>αὕτη</span> <span class='ocrx_word' id='word_1_760' title='bbox 3780 4222 3811 4278; x_wconf 82' lang='grc' dir='ltr'>ἡ</span> <span class='ocrx_word' id='word_1_761' title='bbox 3845 4238 3924 4271; x_wconf 82' lang='grc' dir='ltr'>τε·</span> 
     </span>
    </p>
   </div>
   <div class='ocr_carea' id='block_1_106' title="bbox 2326 4308 3920 4388">
    <p class='ocr_par' dir='ltr' id='par_1_106' title="bbox 2326 4308 3920 4388">
     <span class='ocr_line' id='line_1_106' title="bbox 2326 4308 3920 4388; baseline -0.006 -20"><span class='ocrx_word' id='word_1_762' title='bbox 2326 4319 2497 4368; x_wconf 85' lang='grc' dir='ltr'>κούσα</span> <span class='ocrx_word' id='word_1_763' title='bbox 2544 4333 2629 4367; x_wconf 90' lang='grc' dir='ltr'>τον</span> <span class='ocrx_word' id='word_1_764' title='bbox 2698 4314 3021 4388; x_wconf 84' lang='grc' dir='ltr'>θεάνθρωπον</span> <span class='ocrx_word' id='word_1_765' title='bbox 3080 4314 3288 4387; x_wconf 81' lang='grc' dir='ltr'>Κύριον,</span> <span class='ocrx_word' id='word_1_766' title='bbox 3344 4310 3434 4362; x_wconf 81' lang='grc' dir='ltr'>καί</span> <span class='ocrx_word' id='word_1_767' title='bbox 3482 4312 3511 4368; x_wconf 80' lang='grc' dir='ltr'>ἡ</span> <span class='ocrx_word' id='word_1_768' title='bbox 3567 4309 3733 4377; x_wconf 81' lang='grc' dir='ltr'>τάξις,</span> <span class='ocrx_word' id='word_1_769' title='bbox 3774 4308 3920 4363; x_wconf 75' lang='grc' dir='ltr'>καὶὴ</span> 
     </span>
    </p>
   </div>
   <div class='ocr_carea' id='block_1_107' title="bbox 3351 4394 3921 4470">
    <p class='ocr_par' dir='ltr' id='par_1_107' title="bbox 3351 4394 3921 4470">
     <span class='ocr_line' id='line_1_107' title="bbox 3351 4394 3921 4470; baseline -0.007 -19"><span class='ocrx_word' id='word_1_770' title='bbox 3351 4398 3456 4451; x_wconf 82' lang='grc' dir='ltr'>ἀλλ’</span> <span class='ocrx_word' id='word_1_771' title='bbox 3524 4400 3663 4470; x_wconf 86' lang='grc' dir='ltr'>ὅμως</span> <span class='ocrx_word' id='word_1_772' title='bbox 3737 4398 3804 4458; x_wconf 82' lang='grc' dir='ltr'>ὼς</span> <span class='ocrx_word' id='word_1_773' title='bbox 3877 4394 3921 4447; x_wconf 75' lang='grc' dir='ltr'>ἐν</span> 
     </span>
    </p>
   </div>
   <div class='ocr_carea' id='block_1_108' title="bbox 2323 4485 3920 4568">
    <p class='ocr_par' dir='ltr' id='par_1_108' title="bbox 2323 4485 3920 4568">
     <span class='ocr_line' id='line_1_108' title="bbox 2323 4485 3920 4568; baseline -0.006 -22"><span class='ocrx_word' id='word_1_774' title='bbox 2323 4498 2467 4568; x_wconf 85' lang='grc' dir='ltr'>μέρει</span> <span class='ocrx_word' id='word_1_775' title='bbox 2532 4495 2678 4552; x_wconf 82' lang='grc' dir='ltr'>ὄντας</span> <span class='ocrx_word' id='word_1_776' title='bbox 2732 4490 2979 4561; x_wconf 74' lang='grc' dir='ltr'>ἅπαντας,</span> <span class='ocrx_word' id='word_1_777' title='bbox 3037 4489 3170 4542; x_wconf 87' lang='grc' dir='ltr'>αἰτεῖ</span> <span class='ocrx_word' id='word_1_778' title='bbox 3225 4495 3316 4540; x_wconf 77' lang='grc' dir='ltr'>τοῦ</span> <span class='ocrx_word' id='word_1_779' title='bbox 3382 4491 3566 4560; x_wconf 83' lang='grc' dir='ltr'>μέρους</span> <span class='ocrx_word' id='word_1_780' title='bbox 3630 4495 3726 4549; x_wconf 80' lang='grc' dir='ltr'>τῆς</span> <span class='ocrx_word' id='word_1_781' title='bbox 3796 4485 3920 4538; x_wconf 84' lang='grc' dir='ltr'>στά-</span> 
     </span>
    </p>
   </div>
   <div class='ocr_carea' id='block_1_109' title="bbox 2326 4571 3919 4649">
    <p class='ocr_par' dir='ltr' id='par_1_109' title="bbox 2326 4571 3919 4649">
     <span class='ocr_line' id='line_1_109' title="bbox 2326 4571 3919 4649; baseline -0.006 -14"><span class='ocrx_word' id='word_1_782' title='bbox 2326 4602 2455 4645; x_wconf 84' lang='grc' dir='ltr'>σεως</span> <span class='ocrx_word' id='word_1_783' title='bbox 2496 4580 2663 4635; x_wconf 71' lang='grc' dir='ltr'>αὐτῶν</span> <span class='ocrx_word' id='word_1_784' title='bbox 2710 4579 3097 4643; x_wconf 82' lang='grc' dir='ltr'>καταξιωθῆναι</span> <span class='ocrx_word' id='word_1_785' title='bbox 3156 4579 3298 4649; x_wconf 77' lang='grc' dir='ltr'>ἡμᾶς</span> <span class='ocrx_word' id='word_1_786' title='bbox 3344 4585 3444 4628; x_wconf 83' lang='grc' dir='ltr'>τῶν</span> <span class='ocrx_word' id='word_1_787' title='bbox 3495 4574 3773 4648; x_wconf 82' lang='grc' dir='ltr'>ἀμέμπτως</span> <span class='ocrx_word' id='word_1_788' title='bbox 3827 4571 3919 4632; x_wconf 70' lang='grc' dir='ltr'>δη-</span> 
     </span>
    </p>
   </div>
   <div class='ocr_carea' id='block_1_110' title="bbox 2319 4663 3918 4744">
    <p class='ocr_par' dir='ltr' id='par_1_110' title="bbox 2319 4663 3918 4744">
     <span class='ocr_line' id='line_1_110' title="bbox 2319 4663 3918 4744; baseline -0.006 -20"><span class='ocrx_word' id='word_1_789' title='bbox 2319 4669 2455 4731; x_wconf 78' lang='grc' dir='ltr'>λαδὴ</span> <span class='ocrx_word' id='word_1_790' title='bbox 2505 4671 2960 4744; x_wconf 78' lang='grc' dir='ltr'>εύαρεστησάντων</span> <span class='ocrx_word' id='word_1_791' title='bbox 3004 4667 3164 4737; x_wconf 81' lang='grc' dir='ltr'>αύτῷ,</span> <span class='ocrx_word' id='word_1_792' title='bbox 3212 4664 3340 4718; x_wconf 86' lang='grc' dir='ltr'>ἀλλά</span> <span class='ocrx_word' id='word_1_793' title='bbox 3387 4670 3459 4738; x_wconf 76' lang='grc' dir='ltr'>μὴ</span> <span class='ocrx_word' id='word_1_794' title='bbox 3488 4673 3596 4726; x_wconf 90' lang='grc' dir='ltr'>τοῖς</span> <span class='ocrx_word' id='word_1_795' title='bbox 3629 4663 3918 4739; x_wconf 84' lang='grc' dir='ltr'>ἀριστεροῖς</span> 
     </span>
    </p>
   </div>
   <div class='ocr_carea' id='block_1_111' title="bbox 2318 4751 3913 4830">
    <p class='ocr_par' dir='ltr' id='par_1_111' title="bbox 2318 4751 3913 4830">
     <span class='ocr_line' id='line_1_111' title="bbox 2318 4751 3913 4830; baseline -0.006 -17"><span class='ocrx_word' id='word_1_796' title='bbox 2318 4761 2410 4814; x_wconf 84' lang='grc' dir='ltr'><strong>καί</strong></span> <span class='ocrx_word' id='word_1_797' title='bbox 2463 4756 3026 4829; x_wconf 67' lang='grc' dir='ltr'>καταδεδικασμένοις.</span> <span class='ocrx_word' id='word_1_798' title='bbox 3084 4759 3402 4830; x_wconf 68' lang='grc' dir='ltr'>κυριώτερον</span> <span class='ocrx_word' id='word_1_799' title='bbox 3454 4751 3512 4806; x_wconf 67' lang='grc' dir='ltr'>δὲ</span> <span class='ocrx_word' id='word_1_800' title='bbox 3570 4760 3723 4805; x_wconf 82' lang='grc' dir='ltr'>τοῦτο</span> <span class='ocrx_word' id='word_1_801' title='bbox 3768 4759 3913 4815; x_wconf 87' lang='grc' dir='ltr'>νοεῖν,</span> 
     </span>
    </p>
   </div>
   <div class='ocr_carea' id='block_1_112' title="bbox 2319 4840 3917 4923">
    <p class='ocr_par' dir='ltr' id='par_1_112' title="bbox 2319 4840 3917 4923">
     <span class='ocr_line' id='line_1_112' title="bbox 2319 4840 3917 4923; baseline -0.004 -23"><span class='ocrx_word' id='word_1_802' title='bbox 2319 4850 2388 4913; x_wconf 83' lang='grc' dir='ltr'>ὡς</span> <span class='ocrx_word' id='word_1_803' title='bbox 2428 4852 2572 4923; x_wconf 78' lang='grc' dir='ltr'>ποιρά</span> <span class='ocrx_word' id='word_1_804' title='bbox 2613 4856 2705 4901; x_wconf 77' lang='grc' dir='ltr'>τοῦ</span> <span class='ocrx_word' id='word_1_805' title='bbox 2755 4852 2991 4920; x_wconf 81' lang='grc' dir='ltr'>Χριστοῦ</span> <span class='ocrx_word' id='word_1_806' title='bbox 3038 4844 3272 4916; x_wconf 85' lang='grc' dir='ltr'>λέγονταί</span> <span class='ocrx_word' id='word_1_807' title='bbox 3321 4862 3374 4895; x_wconf 81' lang='grc' dir='ltr'>τε</span> <span class='ocrx_word' id='word_1_808' title='bbox 3420 4850 3589 4895; x_wconf 77' lang='grc' dir='ltr'>ταῦτα</span> <span class='ocrx_word' id='word_1_809' title='bbox 3638 4840 3731 4893; x_wconf 85' lang='grc' dir='ltr'><strong>καί</strong></span> <span class='ocrx_word' id='word_1_810' title='bbox 3760 4843 3917 4914; x_wconf 83' lang='grc' dir='ltr'>πράτ-</span> 
     </span>
    </p>
   </div>
   <div class='ocr_carea' id='block_1_113' title="bbox 2316 4928 3917 5010">
    <p class='ocr_par' dir='ltr' id='par_1_113' title="bbox 2316 4928 3917 5010">
     <span class='ocr_line' id='line_1_113' title="bbox 2316 4928 3917 5010; baseline -0.007 -19"><span class='ocrx_word' id='word_1_811' title='bbox 2316 4955 2511 4992; x_wconf 88' lang='grc' dir='ltr'>τονται·</span> <span class='ocrx_word' id='word_1_812' title='bbox 2545 4939 2666 4998; x_wconf 80' lang='grc' dir='ltr'>Υἱός</span> <span class='ocrx_word' id='word_1_813' title='bbox 2706 4937 2808 5010; x_wconf 79' lang='grc' dir='ltr'>γὰρ</span> <span class='ocrx_word' id='word_1_814' title='bbox 2840 4934 2933 4987; x_wconf 86' lang='grc' dir='ltr'><strong>καί</strong></span> <span class='ocrx_word' id='word_1_815' title='bbox 2976 4938 3143 5003; x_wconf 84' lang='grc' dir='ltr'>Λόγος</span> <span class='ocrx_word' id='word_1_816' title='bbox 3188 4934 3247 4984; x_wconf 88' lang='grc' dir='ltr'>τό</span> <span class='ocrx_word' id='word_1_817' title='bbox 3296 4929 3498 4992; x_wconf 89' lang='grc' dir='ltr'>ἀθύτως</span> <span class='ocrx_word' id='word_1_818' title='bbox 3531 4932 3799 5001; x_wconf 83' lang='grc' dir='ltr'>θυόμενον,</span> <span class='ocrx_word' id='word_1_819' title='bbox 3831 4928 3917 4981; x_wconf 80' lang='grc' dir='ltr'>καὶ</span> 
     </span>
    </p>
   </div>
   <div class='ocr_carea' id='block_1_114' title="bbox 2318 5018 3917 5100">
    <p class='ocr_par' dir='ltr' id='par_1_114' title="bbox 2318 5018 3917 5100">
     <span class='ocr_line' id='line_1_114' title="bbox 2318 5018 3917 5100; baseline -0.006 -21"><span class='ocrx_word' id='word_1_820' title='bbox 2318 5026 2477 5100; x_wconf 81' lang='grc' dir='ltr'>ἀμνὸς</span> <span class='ocrx_word' id='word_1_821' title='bbox 2522 5026 2614 5078; x_wconf 79' lang='grc' dir='ltr'>καί</span> <span class='ocrx_word' id='word_1_822' title='bbox 2674 5026 2814 5097; x_wconf 83' lang='grc' dir='ltr'>θύμα</span> <span class='ocrx_word' id='word_1_823' title='bbox 2871 5026 2897 5076; x_wconf 92' lang='grc' dir='ltr'>ό</span> <span class='ocrx_word' id='word_1_824' title='bbox 2954 5022 3103 5082; x_wconf 66' lang='grc' dir='ltr'>αὐτὸς</span> <span class='ocrx_word' id='word_1_825' title='bbox 3160 5020 3549 5093; x_wconf 81' lang='grc' dir='ltr'>καίἀρχιερεύς</span> <span class='ocrx_word' id='word_1_826' title='bbox 3581 5018 3655 5081; x_wconf 87' lang='grc' dir='ltr'>εἰς</span> <span class='ocrx_word' id='word_1_827' title='bbox 3680 5022 3766 5071; x_wconf 87' lang='grc' dir='ltr'>τόν</span> <span class='ocrx_word' id='word_1_828' title='bbox 3801 5019 3917 5070; x_wconf 84' lang='grc' dir='ltr'>αἰῶ-</span> 
     </span>
    </p>
   </div>
   <div class='ocr_carea' id='block_1_115' title="bbox 2314 5105 3918 5182">
    <p class='ocr_par' dir='ltr' id='par_1_115' title="bbox 2314 5105 3918 5182">
     <span class='ocr_line' id='line_1_115' title="bbox 2314 5105 3918 5182; baseline -0.006 -15"><span class='ocrx_word' id='word_1_829' title='bbox 2314 5136 2403 5171; x_wconf 90' lang='grc' dir='ltr'>να.</span> <span class='ocrx_word' id='word_1_830' title='bbox 2478 5114 2646 5176; x_wconf 83' lang='grc' dir='ltr'>Αύτὸς</span> <span class='ocrx_word' id='word_1_831' title='bbox 2710 5114 2799 5165; x_wconf 81' lang='grc' dir='ltr'>όῦν</span> <span class='ocrx_word' id='word_1_832' title='bbox 2857 5111 3161 5182; x_wconf 75' lang='grc' dir='ltr'>ἐντυγχάνει</span> <span class='ocrx_word' id='word_1_833' title='bbox 3221 5110 3348 5181; x_wconf 72' lang='grc' dir='ltr'>ὑπὲρ</span> <span class='ocrx_word' id='word_1_834' title='bbox 3409 5110 3556 5179; x_wconf 71' lang='grc' dir='ltr'>ἡμῶν</span> <span class='ocrx_word' id='word_1_835' title='bbox 3625 5114 3697 5177; x_wconf 84' lang='grc' dir='ltr'>τῷ</span> <span class='ocrx_word' id='word_1_836' title='bbox 3752 5105 3918 5180; x_wconf 88' lang='grc' dir='ltr'>Πατρί</span> 
     </span>
    </p>
   </div>
   <div class='ocr_carea' id='block_1_116' title="bbox 2314 5195 3915 5271">
    <p class='ocr_par' dir='ltr' id='par_1_116' title="bbox 2314 5195 3915 5271">
     <span class='ocr_line' id='line_1_116' title="bbox 2314 5195 3915 5271; baseline -0.007 -13"><span class='ocrx_word' id='word_1_837' title='bbox 2314 5207 2498 5260; x_wconf 67' lang='grc' dir='ltr'>αὐτοῦ.</span> <span class='ocrx_word' id='word_1_838' title='bbox 2556 5202 2692 5256; x_wconf 87' lang='grc' dir='ltr'>Λύτό</span> <span class='ocrx_word' id='word_1_839' title='bbox 2738 5198 2797 5255; x_wconf 68' lang='grc' dir='ltr'>δὲ</span> <span class='ocrx_word' id='word_1_840' title='bbox 2844 5204 2903 5253; x_wconf 89' lang='grc' dir='ltr'>τό</span> <span class='ocrx_word' id='word_1_841' title='bbox 2946 5199 3107 5271; x_wconf 81' lang='grc' dir='ltr'>λέγειν</span> <span class='ocrx_word' id='word_1_842' title='bbox 3141 5200 3229 5250; x_wconf 87' lang='grc' dir='ltr'>τὸν</span> <span class='ocrx_word' id='word_1_843' title='bbox 3287 5196 3423 5271; x_wconf 80' lang='grc' dir='ltr'>ἱερέα</span> <span class='ocrx_word' id='word_1_844' title='bbox 3449 5239 3464 5264; x_wconf 83' lang='grc'>,</span> <span class='ocrx_word' id='word_1_845' title='bbox 3515 5218 3544 5246; x_wconf 80' lang='grc' dir='ltr'>(ι</span> <span class='ocrx_word' id='word_1_846' title='bbox 3575 5195 3795 5266; x_wconf 83' lang='grc' dir='ltr'>Λάϐετε,</span> <span class='ocrx_word' id='word_1_847' title='bbox 3827 5197 3915 5267; x_wconf 72' lang='grc' dir='ltr'>φάο</span> 
     </span>
    </p>
   </div>
   <div class='ocr_carea' id='block_1_117' title="bbox 2311 5285 3915 5367">
    <p class='ocr_par' dir='ltr' id='par_1_117' title="bbox 2311 5285 3915 5367">
     <span class='ocr_line' id='line_1_117' title="bbox 2311 5285 3915 5367; baseline -0.007 -21"><span class='ocrx_word' id='word_1_848' title='bbox 2311 5312 2449 5367; x_wconf 79' lang='grc' dir='ltr'>γετε,</span> <span class='ocrx_word' id='word_1_849' title='bbox 2472 5295 2624 5344; x_wconf 81' lang='grc' dir='ltr'>τοῦτό</span> <span class='ocrx_word' id='word_1_850' title='bbox 2653 5293 2753 5363; x_wconf 91' lang='grc' dir='ltr'>μού</span> <span class='ocrx_word' id='word_1_851' title='bbox 2782 5289 2921 5343; x_wconf 81' lang='grc' dir='ltr'>ἐστιν</span> <span class='ocrx_word' id='word_1_852' title='bbox 2950 5291 3006 5341; x_wconf 92' lang='grc' dir='ltr'>τό</span> <span class='ocrx_word' id='word_1_853' title='bbox 3042 5296 3228 5360; x_wconf 86' lang='grc' dir='ltr'>σῶμα,</span> <span class='ocrx_word' id='word_1_854' title='bbox 3277 5308 3307 5336; x_wconf 73' lang='grc' dir='ltr'>ι)</span> <span class='ocrx_word' id='word_1_855' title='bbox 3355 5286 3461 5358; x_wconf 69' lang='grc' dir='ltr'>οὐχ</span> <span class='ocrx_word' id='word_1_856' title='bbox 3492 5287 3560 5348; x_wconf 84' lang='grc' dir='ltr'>ὠς</span> <span class='ocrx_word' id='word_1_857' title='bbox 3604 5286 3730 5359; x_wconf 82' lang='grc' dir='ltr'>παρ’</span> <span class='ocrx_word' id='word_1_858' title='bbox 3760 5285 3915 5336; x_wconf 69' lang='grc' dir='ltr'>αὑτοῦ</span> 
     </span>
    </p>
   </div>
   <div class='ocr_carea' id='block_1_118' title="bbox 2308 5372 3915 5455">
    <p class='ocr_par' dir='ltr' id='par_1_118' title="bbox 2308 5372 3915 5455">
     <span class='ocr_line' id='line_1_118' title="bbox 2308 5372 3915 5455; baseline -0.006 -20"><span class='ocrx_word' id='word_1_859' title='bbox 2308 5382 2511 5455; x_wconf 77' lang='grc' dir='ltr'>λέγεται</span> <span class='ocrx_word' id='word_1_860' title='bbox 2548 5387 2639 5433; x_wconf 69' lang='grc' dir='ltr'>τοῦ</span> <span class='ocrx_word' id='word_1_861' title='bbox 2698 5386 2976 5453; x_wconf 71' lang='grc' dir='ltr'>Χριστοῦ;</span> <span class='ocrx_word' id='word_1_862' title='bbox 3029 5377 3208 5438; x_wconf 74' lang='grc' dir='ltr'>Οὕτως</span> <span class='ocrx_word' id='word_1_863' title='bbox 3259 5376 3346 5428; x_wconf 75' lang='grc' dir='ltr'>οὖν</span> <span class='ocrx_word' id='word_1_864' title='bbox 3396 5384 3595 5451; x_wconf 88' lang='grc' dir='ltr'>τριχῶς</span> <span class='ocrx_word' id='word_1_865' title='bbox 3633 5381 3827 5426; x_wconf 87' lang='grc' dir='ltr'>νοεῖται</span> <span class='ocrx_word' id='word_1_866' title='bbox 3854 5372 3915 5425; x_wconf 84' lang='grc' dir='ltr'>τά</span> 
     </span>
    </p>
   </div>
   <div class='ocr_carea' id='block_1_119' title="bbox 2309 5464 3912 5547">
    <p class='ocr_par' dir='ltr' id='par_1_119' title="bbox 2309 5464 3912 5547">
     <span class='ocr_line' id='line_1_119' title="bbox 2309 5464 3912 5547; baseline -0.007 -21"><span class='ocrx_word' id='word_1_867' title='bbox 2309 5473 2456 5547; x_wconf 87' lang='grc' dir='ltr'>παρά</span> <span class='ocrx_word' id='word_1_868' title='bbox 2513 5477 2605 5523; x_wconf 78' lang='grc' dir='ltr'>τοῦ</span> <span class='ocrx_word' id='word_1_869' title='bbox 2667 5472 2954 5544; x_wconf 83' lang='grc' dir='ltr'>ἀρχιερέως</span> <span class='ocrx_word' id='word_1_870' title='bbox 3021 5466 3273 5539; x_wconf 86' lang='grc' dir='ltr'>λεγόμενα</span> <span class='ocrx_word' id='word_1_871' title='bbox 3324 5464 3408 5518; x_wconf 81' lang='grc' dir='ltr'>ἐπὶ</span> <span class='ocrx_word' id='word_1_872' title='bbox 3465 5473 3527 5537; x_wconf 75' lang='grc' dir='ltr'>τῇ</span> <span class='ocrx_word' id='word_1_873' title='bbox 3588 5465 3701 5535; x_wconf 82' lang='grc' dir='ltr'>θείᾳ</span> <span class='ocrx_word' id='word_1_874' title='bbox 3756 5482 3912 5536; x_wconf 84' lang='grc' dir='ltr'>μυστ-</span> 
     </span>
    </p>
   </div>
   <div class='ocr_carea' id='block_1_120' title="bbox 2309 5572 3364 5646">
    <p class='ocr_par' dir='ltr' id='par_1_120' title="bbox 2309 5572 3364 5646">
     <span class='ocr_line' id='line_1_120' title="bbox 2309 5572 3364 5646; baseline -0.008 -11"><span class='ocrx_word' id='word_1_875' title='bbox 2309 5583 2379 5635; x_wconf 80' lang='lat' dir='ltr'>ut</span> <span class='ocrx_word' id='word_1_876' title='bbox 2405 5592 2609 5635; x_wconf 85' lang='lat' dir='ltr'>eorum</span> <span class='ocrx_word' id='word_1_877' title='bbox 2638 5575 2897 5646; x_wconf 72' lang='lat' dir='ltr'>vestigiis</span> <span class='ocrx_word' id='word_1_878' title='bbox 2923 5572 3364 5646; x_wconf 60' lang='lat' dir='ltr'>adhaereamus.</span> 
     </span>
    </p>
   </div>
   <div class='ocr_carea' id='block_1_121' title="bbox 2379 5642 3696 5723">
    <p class='ocr_par' dir='ltr' id='par_1_121' title="bbox 2379 5642 3696 5723">
     <span class='ocr_line' id='line_1_121' title="bbox 2379 5642 3696 5723; baseline -0.005 -16"><span class='ocrx_word' id='word_1_879' title='bbox 2379 5650 2497 5723; x_wconf 88' lang='lat'>(36)</span> <span class='ocrx_word' id='word_1_880' title='bbox 2524 5650 2612 5707; x_wconf 90' lang='lat' dir='ltr'>De</span> <span class='ocrx_word' id='word_1_881' title='bbox 2631 5642 3031 5708; x_wconf 70' lang='lat' dir='ltr'>ecclesiastica</span> <span class='ocrx_word' id='word_1_882' title='bbox 3056 5642 3428 5715; x_wconf 76' lang='lat' dir='ltr'>hierarchia,</span> <span class='ocrx_word' id='word_1_883' title='bbox 3459 5656 3597 5715; x_wconf 92' lang='lat' dir='ltr'>cap.</span> <span class='ocrx_word' id='word_1_884' title='bbox 3641 5644 3696 5701; x_wconf 76' lang='grc' dir='ltr'>ὅ.</span> 
     </span>
    </p>
   </div>
  </div>
