4028 6308
98 293 200 363 ιεςτ
1345 278 1839 366 centaurum
1879 303 2253 371 umnam

3374 337 3481 395 458

96 436 277 506 γωνίᾳ
305 451 321 465 ·
369 434 439 486 τὰ
482 435 577 507 μὶν
625 437 696 496 ὡς
742 433 888 509 παρὰ
934 433 1153 520 μεσίτου
1199 430 1254 495 ἐξ
1297 430 1600 505 ἀνθρώπων,
1632 449 1716 499 και

1834 431 1989 492 inter
2026 435 2327 506 homines,
2353 443 2413 500 et
2436 443 2598 502 Patri
2625 447 2929 511 exhibita:
2956 454 3074 514 alia
3102 458 3181 515 ad
3206 458 3486 520 imitatio-

96 523 582 598 προχειριζομένου
635 529 709 592 τῷ
754 526 946 596 Πατρὶ,
995 525 1063 577 τὰ
1107 519 1168 577 δὶ
1195 525 1332 576 κατὰ
1370 526 1597 596 μίμησιν
1620 529 1724 574 τῶν

96 612 428 685 ἐπουρανίων
480 608 754 685 δυνάμεων
781 631 795 646 ·
853 614 921 665 τὰ
972 606 1069 679 δέ,
1120 613 1189 673 ὡς
1242 610 1368 685 παρ’
1420 614 1582 663 αὐτοῦ
1627 616 1721 662 τοῦ

97 709 348 773 Χριστοῦ
400 706 493 755 καὶ
533 708 668 757 Θεοῦ
725 702 894 774 ἡμῶν.
951 704 1102 763 Τίνος
1156 696 1218 754 δέ
1268 701 1431 754 ἕνεκεν
1483 697 1723 770 συνῆψαν

95 794 213 851 τοὺς
262 799 371 854 τῆς
413 790 648 853 Παλαιᾶς
692 791 887 852 πάντας
945 789 1126 863 ἁγίους
1185 794 1277 843 καὶ
1320 793 1443 851 τοὺς
1469 797 1567 851 τῆς
1588 792 1722 851 Νέας

95 880 418 947 Διαθήκηςς
472 887 681 956 Πρῶτον
729 883 819 954 μεν
858 875 895 932 δ
900 881 954 932 ιὰ
1002 881 1070 932 τὰ
1104 882 1456 954 προειρημένα
1509 880 1684 931 πάντα
1706 917 1720 932 .

93 972 283 1022 ἔπειτα
348 966 642 1034 δεικνύντες
706 970 787 1023 ὃτι
844 967 917 1031 εἷς
975 972 1105 1032 Θεός
1156 967 1269 1021 ἔστι
1322 966 1569 1020 κάκείνων
1627 974 1722 1024 καὶ

94 1061 324 1125 τούτων,
373 1060 402 1111 ὁ
446 1063 504 1113 τὸ
551 1062 715 1136 παρὸν
762 1065 918 1112 τοῦτο
970 1062 1263 1133 μυστήριον
1304 1052 1599 1118 εὐδοκήσας
1632 1074 1719 1109 τε-

1832 538 1975 625 ξιῄθιιξ
2000 526 2332 625 cmisstium
2356 536 2765 625 potestatum;
2809 541 2930 599 alia
2947 543 3211 620 denique
3236 548 3316 607 ab
3344 551 3483 625 ipso

1833 608 2061 702 Christo
2090 615 2211 673 Deo
2239 622 2466 680 nostro.
2493 623 2607 680 Cur
2633 641 2778 684 vero
2807 608 3330 702 globatimomnes

1832 700 2049 758 Veteris
2070 708 2198 762 tum
2222 708 2370 766 Novi
2393 711 2749 773 Testamenti
2778 700 3019 778 sanctos
3038 731 3484 786 memorarunt?

1833 789 2050 857 Primo,
2092 793 2171 850 ob
2199 811 2273 854 ea
2300 799 2507 858 omnia
2534 818 2673 876 quae
2702 806 2964 866 diximus
2989 827 3002 879 ;
3032 811 3271 883 deinde,
3299 821 3366 874 ut
3381 817 3488 875 de-

1833 885 2243 942 monstrarent
2293 903 2484 946 unum
2514 907 2646 950 esse
2675 897 2804 952 tum
2833 896 3050 955 horum
3081 907 3211 960 tum
3240 904 3481 964 illorum

1833 970 2044 1038 Deum,
2071 973 2167 1061 cui
2214 980 2276 1032 ut
2303 992 2570 1049 praesens
2602 986 2956 1057 mysterium
2985 991 3287 1061 conﬁeret,
3341 1001 3483 1055 ante

1830 1059 2052 1155 saecula
2073 1060 2317 1155 placuit.
2348 1069 2572 1127 Deinde
2600 1073 2747 1145 quia
2774 1090 2988 1135 omnes
3020 1078 3205 1139 livore
3230 1059 3361 1155 ejus
3390 1101 3482 1144 sa-

91 1147 247 1201 λέσαι
304 1151 414 1224 πρὸ
464 1157 565 1201 τῶν
613 1149 808 1201 αἰώνων
832 1168 847 1182 ·
893 1153 985 1201 καὶ
1032 1148 1111 1201 ὅτι
1160 1148 1346 1210 πάντες
1376 1153 1450 1217 τῷ
1500 1144 1718 1218 μώλωπι

94 1241 263 1291 αὐτοῦ
314 1238 557 1312 ὶοίθημεν,
611 1243 703 1292 καὶ
744 1239 825 1291 ὅτι
869 1238 998 1312 ὑπὲρ
1036 1237 1240 1291 πάντων
1296 1234 1466 1309 ίχύθη
1497 1238 1557 1288 τὸ
1584 1235 1718 1308 αἷμα

92 1327 266 1381 αὐτοῦ
277 1368 295 1383 .

158 1415 233 1471 λ’.
278 1412 416 1471 Εἶτα
459 1424 551 1470 τοῦ
597 1413 845 1471 διακόνου
898 1418 964 1468 τὰ
1011 1411 1258 1488 δίπτυχα
1286 1412 1716 1487 ύποψιθυρίζον-

1824 1147 1953 1246 ιιέιὶ
2004 1149 2249 1222 fuimus,
2300 1158 2357 1213 et
2381 1158 2527 1230 quia
2552 1174 2665 1233 pro
2712 1165 2998 1224 omnibus
3056 1147 3307 1243 sanguis
3345 1174 3479 1246 ejus

1827 1234 2053 1294 effusus
2078 1239 2207 1298 fuit.

1897 1420 1985 1511 βο.
2030 1420 2241 1478 Postea
2284 1422 2545 1484 diacono
2572 1426 2994 1492 defunctorum
3021 1434 3310 1511 diptycha
3339 1441 3484 1498 sub~

94 1522 179 1567 τος
246 1514 361 1558 τῶν
414 1509 798 1580 κεκοιμημένων
832 1549 848 1575 ,
905 1506 932 1557 ὁ
997 1503 1275 1578 ἀρχιερεύς
1331 1502 1485 1556 πάλιν
1540 1500 1716 1601 ἀρχὴν

1834 1504 2019 1563 missa
2036 1523 2183 1565 voce
2210 1511 2514 1583 recitante,
2536 1516 2856 1592 episcopus
2876 1500 3314 1601 rursusincipit
3334 1530 3481 1587 Novi

92 1602 339 1648 ποιεῖται
392 1604 492 1648 τῶν
547 1604 643 1659 τῆς
669 1599 801 1657 Νέας
849 1596 1113 1658 Διαθήκης
1139 1594 1321 1666 ἁγίων,
1355 1596 1441 1646 τὸν
1472 1588 1716 1691 Προδρο-

1834 1595 1998 1651 Testa
2006 1599 2189 1656 menti
2205 1606 2552 1661 sanctorum
2570 1588 3483 1691 commemorationem,.praepo-

95 1703 193 1755 μον
248 1685 497 1743 Ἰωάννην
545 1687 711 1758 ταύτῃ
780 1684 1064 1757 προτιθεὶς·
1121 1685 1295 1756 ὥσπερ
1351 1684 1402 1735 οἱ
1459 1680 1716 1754 εὐαγγελι-

1834 1683 1945 1741 sito
1965 1685 2028 1741 in
2055 1685 2170 1744 hac
2215 1692 2581 1751 Praecursore
2617 1698 2867 1767 Joanne,
2904 1700 3057 1759 sicut
3094 1680 3482 1776 evangelista!

100 1778 228 1826 σταὶ
276 1781 440 1827 τοῦτο
489 1781 552 1847 τῇ
611 1770 874 1847 ἐπιδημίᾳ
919 1780 1014 1825 τοῦ
1071 1780 1305 1846 Σωτῆρος
1361 1773 1669 1847 προῦθηκαν
1699 1813 1714 1838 ,

1834 1773 1989 1832 hunc
2008 1777 2291 1836 adventui
2333 1782 2655 1842 Servatoris
2696 1800 3174 1866 praeposuerunt,
3209 1811 3321 1853 ceu
3366 1798 3482 1870 pri-

97 1862 186 1914 οἶα
250 1870 463 1938 πρῶτον
526 1862 746 1936 ἄγγελον
808 1866 900 1915 καὶ
975 1865 1183 1938 κήρυκα
1243 1870 1339 1924 τῆς
1422 1865 1714 1936 παρουσίας

1834 1879 1995 1920 mum
2018 1866 2224 1924 Christi
2246 1869 2915 1934 adventantisnuntium
2933 1862 3480 1957 etprmdicatorem;

97 1954 407 2025 Χριστοῦο’
446 1957 538 2006 καὶ
608 1955 674 2015 ὡς
739 1950 1102 2029 ἕπικυροῦντες
1166 1954 1255 2004 τὸν
1317 1957 1409 2003 τοῦ
1474 1956 1714 2024 Χριστοῦ

1834 1958 1879 2008 et
1906 1954 2114 2012 Christi
2127 1957 2309 2015 verba
2320 1961 2495 2033 quasi
2506 1963 2956 2037 confirmantes;
2969 1950 3137 2042 quod
3150 1975 3348 2046 major
3368 1950 3485 2033 hoc

97 2040 279 2112 λόγον,
338 2063 366 2092 ι(
416 2045 623 2104 Μείζων
673 2040 724 2094 ἕν
759 2047 1027 2115 γεννητοῖς
1061 2060 1322 2113 γυναικων
1370 2039 1464 2093 οὐκ
1502 2038 1713 2136 5.713739-

1834 2048 1971 2100 .nter
1985 2049 2158 2102 natos
2175 2045 2494 2106 mulierum
2506 2067 2629 2109 non
2643 2038 3229 2118 surrexerit—Deinde
3249 2038 3485 2136 ponuno

98 2149 190 2183 ται
246 2133 461 2187 τούτου.
503 2152 534 2182 »
584 2129 697 2185 εἶτα
730 2135 850 2194 τοὺς
891 2129 1209 2192 ἀποστόλους
1238 2133 1475 2190 καὶτοὺς
1504 2128 1707 2201 ἁγίους,

1834 2147 1913 2189 :ur
1931 2134 2186 2206 apostoli
2207 2140 2263 2193 et
2289 2139 2498 2206 sancti,
2522 2156 2785 2214 quorum
2819 2147 3181 2206 memoriam
3214 2128 3482 2222 agimus.

99 2217 168 2272 ὧν
225 2225 329 2280 τήν
377 2224 591 2295 μνήμην
654 2219 1011 2293 ἂπιτελοῦμεν.
1071 2222 1167 2272 Δια
1220 2222 1273 2272 τί
1330 2213 1390 2272 δι
1447 2219 1710 2309 Διαθήκην

1834 2223 1937 2278 Zur
1957 2227 2162 2280 autem
2201 2225 2331 2283 haec
2366 2213 2811 2289 Testamentum
2853 2213 3288 2309 appellamuszl
3330 2241 3483 2307 Quia

94 2307 315 2383 λίγομςν
362 2310 537 2377 αὐτοί;
601 2306 813 2369 Ἐπειδὴ
864 2311 891 2362 ὁ
946 2312 1109 2372 τύπος
1150 2310 1347 2369 ταύτης
1396 2309 1428 2367 ἡ
1494 2304 1713 2361 δοθεῖσα

1834 2312 2012 2368 nostri
2031 2312 2213 2385 hujus
2234 2314 2431 2385 ﬁgura
2448 2316 2581 2388 fuit,
2611 2318 2756 2377 data
2776 2338 2815 2379 a
2846 2304 3046 2397 Moyse
3072 2304 3369 2398 lcgislatio
3394 2335 3486 2399 ;et

98 2402 389 2472 νομοθεσία
423 2408 499 2471 τῷ
526 2405 761 2469 Μωῦσεί,
804 2403 897 2451 καὶ
943 2402 1075 2457 αὐτή
1120 2400 1151 2456 ή
1187 2402 1353 2457 σκηνή
1381 2404 1474 2450 τοῦ
1513 2417 1710 2472 μαρτυ-

1834 2415 2023 2472 psum
2038 2402 2356 2460 testimonii
2370 2406 2844 2478 tabernaculum,
2859 2411 3180 2472 delineatio
3193 2418 3482 2489 quaedam

98 2494 217 2561 ρίου
254 2492 695 2565 προχαριίγματα
744 2490 936 2550 ταύτης
992 2486 1303 2559 ἐτύγχανον,
1363 2488 1517 2540 ἅτινα
1567 2489 1713 2561 παρὰ

1834 2489 2001 2560 cujus
2018 2492 2242 2563 praevia
2261 2498 2409 2551 erat.
2422 2509 2560 2568 quae
2581 2512 2618 2553 a
2643 2496 2793 2569 legis
2809 2500 3021 2559 datore
3049 2486 3481 2563 dicta‘est’l‘es-

100 2587 193 2631 τοῦ
257 2575 554 2652 νομοδότου
614 2580 847 2637 Διαθήκη
894 2576 1211 2636 ἐκλήθησαν.
1263 2578 1325 2630 Εἰ
1374 2577 1462 2630 οὖν
1494 2576 1520 2628 ὁ
1550 2580 1713 2638 τύπος

1834 2583 2174 2638 iamentum.
2213 2583 2269 2639 Si
2298 2598 2444 2654 ergo
2468 2585 2665 2656 figura
2702 2592 2795 2649 est
2818 2595 3263 2663 testamentum,
3292 2596 3484 2654 multo

105 2670 345 2727 Διαθήκη
372 2711 386 2736 ,
446 2668 616 2740 πολλῷ
693 2667 884 2741 μᾶλλον
949 2668 980 2725 ἠ
1050 2668 1405 2741 φανερωθείσα
1472 2664 1711 2724 ἀλήθεια.

1834 2668 2018 2738 magis
2046 2670 2262 2760 veritas
2279 2688 2416 2745 quae
2430 2676 2727 2747 apparuit.
2754 2678 2975 2760 Habuit
2990 2696 3133 2752 ergo
3143 2685 3487 2742 Testamen-

104 2755 264 2829 Εἶχεν
338 2759 430 2810 οὖν
488 2756 653 2816 ἐκείνη
715 2764 918 2831 πρῶτον
987 2760 1177 2824 σκηνή,
1240 2757 1377 2808 κατὰ
1434 2757 1522 2807 τὸν
1579 2755 1713 2807 θεῖον

1834 2759 1950 2812 tum
1966 2756 2112 2813 illud
2128 2758 2601 2830 tabernaculum,
2612 2764 2787 2834 juxta
2798 2756 3005 2824 divum
3020 2771 3270 2828 Paulum
3285 2773 3375 2846 ",j
3386 2789 3482 2830 us-

106 2846 315 2899 Παῦλον
347 2889 361 2913 ,
442 2842 778 2919 δικαίωματα
858 2844 1097 2918 λατρείας
1126 2885 1141 2912 ,
1225 2848 1315 2896 καὶ
1398 2843 1530 2896 ἄλλα
1610 2850 1712 2895 τῶν

1834 2845 2178 2904 iiticationes
2209 2849 2405 2906 cultus
2429 2858 2487 2907 et
2519 2851 2640 2910 alla
2659 2857 3085 2927 mysteriorum
3114 2842 3484 2919 mirabilium

102 2941 418 3010 μυστηρίων
474 2938 782 3009 θαυμασίων
833 2936 1135 3008 μαρτύρια·
1181 2935 1296 3021 εἶχε
1352 2929 1411 2986 δι
1457 2937 1547 2985 καὶ
1577 2930 1716 2985 ἕντο-

1834 2934 2191 2994 testimonia.
2220 2938 2433 2995 Habuit
2455 2941 2634 2997 etiam
2655 2950 2953 3015 praecepta
2976 2947 3075 3002 Dei
3091 2952 3149 3003 et
3169 2949 3480 3021 mandata,

104 3024 197 3087 λὰς
274 3031 416 3079 Θεοῦ
489 3029 581 3077 καὶ
634 3022 1023 3100 προστάγματα
1085 3026 1176 3075 καὶ
1239 3020 1549 3093 ἐπαγγελίας
1606 3027 1715 3082 τοῖς

1834 3027 1887 3080 et
1932 3025 2368 3095 promissiones
2386 3029 2517 3086 haec
2537 3030 3033 3103 observantibus;
3061 3035 3364 3109 dequibus
3402 3020 3485 3095 le-

105 3121 275 3166 ταῦτα
353 3112 677 3186 φυλάττουσι
716 3132 730 3145 ·
806 3116 925 3185 περὶ
998 3110 1068 3162 ὧν
1141 3111 1169 3162 ὁ
1240 3111 1523 3182 νομοθέτης
1596 3111 1714 3184 ὅρον

1834 3113 2073 3186 gislator
2093 3116 2400 3173 decretum
2421 3118 2609 3175 edidit
2636 3120 2845 3177 dicens
2877 3122 3331 3183 obaudiendum
3348 3143 3481 3185 esse

106 3204 261 3266 ἔπηξε
315 3203 496 3274 λέγων,
552 3200 756 3255 ἀκούειν
807 3204 899 3274 μὶν
953 3204 1114 3254 αὐτοῦ
1165 3205 1255 3253 καὶ
1307 3208 1406 3252 τῶν
1459 3196 1714 3253 δοθέντων

1834 3204 1941 3276 ipsi
1971 3204 2251 3278 datisque
2283 3208 2616 3281 praeceptis,
2650 3208 2845 3267 donec
2877 3211 2972 3268 ille
3014 3214 3244 3272 veniret
3270 3216 3367 3273 cui
3393 3232 3482 3275 re-

103 3294 554 3368 προσταγμάτων,
601 3292 764 3367 οἶχρις
803 3289 865 3343 ἂν
911 3290 1034 3364 ἔλθῃ
1186 3288 1483 3357 ἁποκειται,
1540 3292 1715 3351 καθώς

1834 3293 2089 3365 positum
2131 3297 2240 3359 est,
2280 3300 2345 3352 ut
2381 3296 2465 3353 ait
2489 3298 2695 3355 Jacob.
2714 3302 2845 3371 Ipse
2866 3316 3009 3358 vero
3030 3304 3260 3376 Moyses
3283 3304 3368 3361 sic
3393 3305 3474 3362 ad

324 3349 365 3365 ..
540 3349 552 3361 ι
636 3349 692 3367 ι..
750 3349 763 3354 τ
1011 3350 1021 3364 .
1102 3349 1111 3360 .
1472 3349 1482 3357 ,
1700 3349 1710 3351 -

102 3349 265 3452 φησιν
311 3380 504 3436 Ἰακὼϐ
535 3402 549 3415 ο
598 3380 757 3443 αὐτὸς
800 3377 860 3433 δὲ
901 3387 1131 3440 Μωῦσῆς
1177 3381 1371 3433 οὑτωσὶ
1409 3382 1545 3433 κατὰ
1567 3380 1713 3453 ῥῆμα

1834 3349 2074 3440 utteram
2093 3349 2463 3444 locutu—stest;
2850 3390 3024 3448 vobis
3038 3349 3355 3452 suscitabit
3366 3396 3478 3453 Do-

103 3468 368 3535 διέξεισιο
441 3492 470 3521 ιι
528 3475 804 3545 Προφήτην
861 3470 984 3543 ὑμῖν
1038 3467 1324 3528 ἀναστήσει
1395 3471 1582 3543 Κύριος
1646 3472 1713 3530 ὡς

1834 3474 2044 3544 minus,
2085 3479 2374 3549 tanquam
2415 3492 2542 3534 me:
2592 3478 2761 3536 illum
2789 3481 3070 3553 faudietis
3095 3483 3158 3540 in
3187 3484 3475 3542 omnibus

102 3558 209 3632 ίμέο
279 3560 448 3613 αὐτοῦ
514 3558 803 3613 ἀκούσεσθε
865 3560 1003 3611 κατὰ
1066 3559 1234 3611 πάντα
1298 3559 1400 3611 ὅσα
1462 3560 1523 3610 ἄν
1590 3561 1706 3632 εἴπῃ

1834 3578 1955 3635 quae
1984 3563 2159 3621 vobis
2214 3565 2494 3639 loquetur
2511 3569 2582 3624 ³³.

102 3651 246 3721 ὑμῖν.
280 3670 315 3699 ››

169 3738 290 3795 λα’.
364 3745 470 3792 Τοῦ
543 3738 978 3812 προφητευθίντος
1051 3741 1221 3790 τοίνυν
1294 3737 1384 3791 ὑπ’
1457 3737 1660 3791 ἐκείνων
1695 3781 1709 3807 ,

104 3836 195 3881 τοῦ
251 3847 311 3881 τε
363 3826 555 3882 Ἰακὼϐ
604 3833 695 3880 καὶ
745 3834 836 3880 τοῦ
889 3830 1172 3895 Μωῦσέως,
1226 3830 1357 3900 πρὸς
1411 3823 1471 3880 δὲ
1493 3833 1583 3880 καὶ
1611 3835 1712 3880 τῶν

102 3920 233 3989 μετά
337 3924 507 3970 ταῦτα
581 3916 930 3969 θεοπνεύστων
1002 3925 1311 3991 προφητῶν.
1410 3915 1713 3976 ἐληλυθότος

103 4011 192 4059 καὶ
246 4005 625 4081 πληρώσαντος
688 4006 754 4057 τὰ
822 4003 1117 4057 ἕλλείποντα
1171 4011 1277 4065 τοῖς
1334 4004 1577 4066 παλαιοῖς
1634 4008 1716 4057 νό-

103 4114 242 4167 μοις,
310 4096 484 4155 καθὼς
541 4093 699 4155 αὐτὸς
754 4096 871 4166 ἔφη,
934 4114 963 4143 ‹‹
1024 4093 1136 4146 Οὐκ
1201 4093 1358 4152 ἦλθον
1414 4093 1713 4147 καταλῦσαι

108 4188 190 4236 τὸν
233 4189 416 4258 νόμον,
457 4182 588 4236 ἀλλά
636 4181 914 4256 πληρῶσαι
940 4203 952 4216 ·
1008 4204 1035 4233 »
1066 4181 1371 4256 πεπλήρωκε
1399 4178 1477 4254 δὲ,
1508 4183 1598 4235 ἁτε
1638 4180 1706 4241 δή

100 4277 191 4337 τὰς
240 4275 397 4349 ῥίζας
433 4278 520 4326 καί
569 4275 660 4333 τὰς
706 4271 878 4346 ἀρχὰς
926 4280 1027 4324 τῶν
1082 4272 1469 4346 ἁμαρτημάτων
1522 4272 1710 4326 ἀποτε-

1889 3746 1978 3799 31.
2006 3745 2159 3813 Ergo
2182 3743 2278 3801 ille
2299 3744 2379 3802 ab
2401 3747 2485 3803 eis
2504 3746 2847 3819 praedictus,
2869 3764 2905 3805 a
2932 3749 3160 3807 Jacobo
3180 3750 3469 3808 nimirum

1820 3836 1878 3887 et
1897 3834 2118 3904 Moyse,
2143 3833 2395 3906 aliisque
2409 3836 2933 3908 posteainspiratis
2957 3838 3124 3894 aDeo
3135 3839 3470 3911 prophetis,

1820 3922 1983 3977 venit
2033 3923 2475 3996 complevitque
2526 3940 2659 3996 quae
2686 3924 2899 3997 priscis
2931 3925 3169 3995 legibus
3199 3926 3468 3999 deerant,

1821 4008 1970 4065 sicut
1999 4009 2125 4082 ipse
2156 4010 2336 4066 dixit:
2371 4014 2532 4067 «Non
2561 4012 2691 4067 veni
2723 4011 2952 4068 solvere
2977 4012 3194 4082 legem,
3225 4014 3334 4070 sed
3358 4015 3470 4072 ad-

1818 4096 2067 4170 implere
2097 4100 2214 4154 ”.n
2247 4100 2314 4154 Et
2349 4114 2412 4154 re
2443 4114 2591 4155 sane
2620 4114 2758 4157 vera
2793 4099 3166 4173 adimplevit,
3194 4101 3348 4159 dum
3373 4118 3469 4162 ra-

1820 4187 1983 4244 dices
2011 4187 2390 4261 originesque
2421 4193 2809 4261 peccatorum
2850 4189 3225 4263 amputavit:
3259 4192 3359 4248 cui
3416 4193 3471 4249 si

1819 4292 1955 4333 mos
1982 4282 2434 4347 geratur,nemo
2463 4293 2735 4351 unquam
2748 4284 3066 4352 peccatum
3087 4296 3472 4341 consumma-

103 4369 211 4435 μων
240 4384 257 4397 ο
340 4361 408 4415 ὧν
484 4361 872 4435 φυλαττομένων
914 4402 929 4429 ,
1005 4358 1173 4423 οὐδεὶς
1245 4365 1375 4435 πρὸς
1450 4362 1710 4439 ἁμαρτίας

1834 4366 1923 4422 bit.
1958 4368 2109 4422 Nam
2132 4371 2325 4423 vetere
2354 4367 2483 4438 lege
2505 4349 2773 4425 dicente}
2799 4390 2829 4419 «
2849 4371 2978 4425 Non
3008 4369 3271 4439 occides,
3305 4392 3335 4422 »
3365 4372 3471 4430 da-

102 4453 245 4515 τέλος
317 4456 566 4527 χωρήσει
638 4454 760 4504 ποτέ
800 4471 815 4485 ’
891 4458 982 4503 τοῦ
1054 4453 1156 4526 γὰρ
1230 4452 1454 4506 παλαιοῦ
1549 4458 1710 4527 νόμου

1834 4470 1910 4511 :or
1927 4455 2083 4511 illius
2103 4471 2173 4512 ac
2188 4471 2362 4512 novae
2384 4455 2670 4523 Christus,
2695 4460 2859 4513 «Non
2881 4458 3175 4529 irasceris,
3202 4480 3223 4514 ι
3258 4459 3473 4533 adjun-

102 4543 363 4615 λέγοντος,
415 4565 444 4591 ‹‹
498 4541 575 4595 Οὐ
624 4544 904 4614 φονεύσεις,
945 4560 976 4594 ι
1007 4543 1033 4594 ὁ
1059 4544 1247 4596 τούτου
1276 4563 1330 4596 τε
1357 4549 1447 4597 καὶ
1476 4553 1567 4606 τῆς
1595 4550 1711 4608 νέας

1834 4544 1919 4600 :it.
1956 4544 2076 4613 Illa,
2100 4566 2129 4596 α
2151 4548 2278 4601 Νοιι
2308 4543 2714 4605 adulterabis;
2743 4567 2771 4597 »
2794 4546 2892 4602 hic
2916 4550 3045 4604 Non
3074 4550 3471 4622 concupisces

106 4630 272 4707 δοτὴρ
306 4635 563 4707 Χριστὸς,
599 4656 620 4682 ε
651 4629 793 4685 Οῦδὶ
823 4632 1146 4706 ὀργισθήσῃ,
1180 4656 1208 4683 ››
1239 4635 1542 4707 προσέθετο,
1572 4656 1599 4685 ‹‹
1635 4635 1710 4687 Ού

1834 4637 1869 4670 ’⁵
1886 4654 1898 4704 ;
1918 4657 1939 4685 ι
1961 4641 2018 4692 et
2037 4650 2418 4708 quaecunque
2431 4634 2550 4691 alia
2573 4651 2611 4691 a
2632 4636 2857 4693 sanctis
2878 4638 3178 4711 prmeipue
3195 4638 3473 4696 Patr-ibus

104 4724 439 4794 μοιχεύσεις,
468 4744 522 4774 .»
569 4720 776 4784 ἕκείνος’
811 4722 995 4790 οὗτος,¹
1030 4744 1051 4772 ι
1087 4719 1230 4776 Ούδε
1275 4722 1636 4797 ἐπιθυμήσεις·
1684 4744 1713 4773 ››

1834 4724 2110 4781 iiscenda
2127 4730 2283 4781 sunt.
2310 4728 2376 4781 Et
2394 4725 2561 4797 prius
2582 4725 2830 4798 quidem
2850 4730 3300 4784 Testamentum
3323 4742 3473 4783 san-

107 4814 205 4865 ὄσα
253 4811 380 4875 ἑξῆς
426 4819 526 4863 τῶν
576 4813 722 4865 θείων
774 4814 1016 4886 Πατέρων
1062 4811 1253 4883 μᾶλλον
1296 4815 1435 4865 ἔστιν
1485 4811 1710 4869 ἀκούειν.

1834 4814 1999 4886 guine
2050 4813 2396 4871 dedicatum
2425 4814 2569 4882 fuit;
2619 4818 2677 4871 et
2701 4819 2977 4872 nostrum
3031 4815 3148 4872 hoc
3204 4815 3474 4872 similiter

109 4901 187 4954 Ἐν
235 4903 430 4975 αἵματι
483 4901 515 4958 ἠ
573 4904 801 4976 προτέρα
848 4900 1237 4971 ἕγκεκαίνισται
1293 4903 1524 4961 Διαθήκη
1553 4923 1566 4936 -
1621 4906 1714 4956 καὶ

1834 4902 2191 4960 :mmaculati
2218 4903 2370 4973 Agni
2399 4903 2692 4974 sanguine
2734 4904 3042 4960 ﬁrmatum
3079 4903 3255 4976 quasi
3282 4906 3472 4959 testa-

108 4992 233 5048 αὕτη
309 4994 505 5062 ὅμοίως
566 4997 660 5042 τοῦ
725 4987 1015 5063 ἁμολύντου
1092 4990 1283 5063 ’Λμνοῦ
1359 4990 1713 5065 βεϐαιωθεῖσα

1834 4998 2092 5050 mentum
2117 4993 2178 5049 in
2205 4991 2510 5065 Erythrmo
2529 4993 2799 5066 quodam
2823 4992 3001 5065 regite
3030 4993 3319 5060 tinctura,
3339 5006 3473 5049 ma-

109 5077 190 5133 οἶοί
240 5099 326 5142 τις
381 5081 615 5136 Διαθήκη
668 5077 718 5132 ἓν
770 5079 1004 5153 ῙΕρυθρῷ
1042 5099 1143 5132 τινι
1191 5078 1477 5154 βασιλικῆς
1520 5080 1716 5156 βαφῆς,

1834 5082 1989 5140 anali
2032 5082 2326 5155 scriptura
2363 5097 2470 5155 per
2515 5087 2707 5139 totum
2758 5086 3097 5138 contextum
3145 5081 3472 5150 signatum,

110 5172 293 5244 χειρὸς
350 5170 625 5240 γράμματι
678 5164 754 5220 δι’
803 5167 922 5221 ὅλου
969 5176 1062 5221 τοῦ
1099 5168 1255 5242 ὕφους
1310 5176 1710 5245 σεσημασμένη,

124 5258 199 5271 ηερ
496 5261 507 5271 ι
578 5252 639 5271 ια
685 5257 697 5271 ο
973 5254 998 5271 (ι
1110 5261 1121 5271 ρ
1291 5265 1312 5271 ..
1388 5259 1440 5271 ο..
1510 5259 1526 5271 ι
1626 5265 1637 5271 ρ

1834 5172 2096 5243 infragile
2120 5176 2177 5229 et
2205 5186 2329 5229 non
2363 5171 2661 5228 caducum
2699 5176 2903 5227 manet
2936 5169 3226 5237 Ecclesiae,
3256 5169 3478 5271 multas

111 5258 369 5333 ἄρρηκτος
426 5261 515 5309 καὶ
568 5252 895 5317 ἀδιάπτωτος
963 5254 1195 5329 διαμένει
1249 5265 1312 5330 τῇ
1388 5259 1709 5334 Ἐκκλησία⁹

1834 5278 1895 5319 ea
1918 5262 2053 5319 licet
2072 5262 2455 5318 inimicorum
2486 5260 2862 5331 agressiones
2883 5259 3218 5331 pertulerit;
3234 5259 3482 5319 ﬁrmior-

114 5354 288 5401 καίτοι
335 5344 527 5406 πολλὰς
569 5344 947 5408 ἐπαναστάσεις
991 5345 1195 5420 ἐχθρῶν
1248 5348 1549 5420 ύποστᾶσα,

1834 5367 1943 5424 que
1974 5351 2159 5424 portis
2198 5350 2371 5406 inferi
2399 5347 2696 5422 apparuit,
2741 5347 2957 5404 virtute
2986 5347 3143 5403 illius
3187 5347 3293 5420 qui
3322 5348 3482 5404 hanc

114 5440 201 5490 καὶ
250 5434 432 5489 πυλῶν
481 5430 618 5507 ᾅδου
660 5435 984 5509 ἰσχυροτέρα
1037 5432 1306 5490 δέδεικται
1359 5447 1422 5511 τῇ
1494 5436 1716 5514 δυνάμει

1834 5441 1887 5497 in
1933 5435 2232 5499 cordibus
2267 5438 2538 5495 ﬁdelium
2578 5437 2901 5509 impressit.
2960 5436 3107 5495 Dicit
3152 5439 3314 5497 enim
3353 5438 3484 5507 ipse

187 5564 235 5600 ²²
256 5561 439 5622 Hebr.
465 5577 550 5633 ιι,
577 5562 684 5618 1.”
708 5563 876 5619 Deut.
909 5577 1063 5633 xvm,
1102 5563 1250 5625 15."
1276 5562 1449 5623 Math.
1491 5580 1550 5634 v,
1591 5567 1729 5627 l7.”
1768 5564 1956 5628 Exod.
1988 5582 2079 5641 xx,
2106 5565 2302 5636 13-17;
2333 5561 2533 5622 Matth.
2560 5577 2622 5635 ν,
2651 5560 2716 5621 21
2761 5576 2930 5638 seqq.

406 5685 661 5747 ΡΑτιιοι..
706 5685 814 5750 Gn.
850 5685 1009 5747 CXL.
1435 5672 1445 5680 ’

2946 5691 3012 5753 15
