4028 6308
557 298 664 355 459

1830 295 2187 352 THEODORI
2223 295 2396 354 ANDI
2425 291 2648 355 )ENSIS

3833 310 3966 363 460

557 421 869 495 propheta:
925 435 1061 478 ore:
1095 441 1124 471 «
1148 421 1294 475 Ecce
1325 418 1454 475 dies
1503 418 1775 485 veniunt,
1831 423 1890 474 et
1945 425 2194 476 statuam

2322 429 2415 475 τοῦ
2443 426 2640 481 ταύτην
2689 431 2799 485 ταῖς
2841 425 3052 498 ψυχαῖς
3097 435 3196 479 τῶν
3240 438 3442 482 πιστῶν
3495 429 3919 503 έγχαράξαντος
3946 453 3963 464 ·

559 509 779 578 ίωάιιε,
833 524 957 566 non
1014 507 1350 564 secundum
1401 507 1598 564 foedus
1634 508 1800 581 quod
1857 509 2036 565 statui
2065 525 2206 564 cum

556 599 832 672 patribus
863 597 1073 654 vestris
1103 598 1151 634 ³⁵
1180 615 1194 666 ;
1227 596 1331 652 sed
1361 597 1524 654 dabo
1551 597 1714 668 leges
1740 614 1908 654 meas
1931 597 1990 652 in
2019 597 2204 653 corda

557 687 848 760 ipsorum,
901 692 961 742 et
997 691 1362 756 cognoscent
1417 702 1516 742 me
1572 686 1769 742 cuncti
1825 701 1862 742 a
1899 701 2091 759 parvo
2128 685 2206 741 ad

555 777 913 843 maximum,
943 778 1001 831 et
1025 778 1200 830 erunt
1217 789 1432 830 omnes
1453 774 1744 831 docibiles
1780 775 1880 830 Dei
1909 776 1977 829 ³⁷.
2017 798 2040 824 ι
2071 777 2207 830 Pro-

556 870 760 938 pterea
786 864 937 920 nihil
965 865 1254 936 scriptum
1283 863 1522 936 reliquit
1550 864 1836 930 Christus,
1867 864 1971 920 sed
2002 863 2204 919 verba-

556 954 663 1012 tim
691 955 1032 1011 doctrinam
1082 958 1262 1025 atque
1289 953 1603 1022 mandata,
1634 953 1696 1009 id
1734 959 1825 1010 est
1875 953 2071 1024 legem
2099 969 2207 1009 no-

557 1049 762 1111 stram,
815 1043 1024 1112 dedit;
1056 1049 1115 1099 et
1139 1059 1248 1115 per
1275 1045 1602 1113 practicam
1636 1043 2038 1106 traditionem,
2078 1058 2207 1114 my'

558 1135 826 1191 sterium.
878 1137 1127 1205 Insuper
1157 1133 1430 1205 promisit
1458 1133 1664 1190 dicens
1693 1150 1707 1188 :
1739 1156 1766 1183 «
1808 1135 1950 1191 Cum
1981 1134 2208 1188 venerit

554 1224 912 1289 Paracletus,
967 1238 1150 1294 quem
1181 1237 1293 1292 ego
1325 1223 1557 1278 mittam
1586 1222 1759 1278 vobis
1789 1238 1824 1278 a
1878 1221 2068 1286 Patre,
2111 1220 2207 1276 ille

553 1329 662 1369 vos
713 1312 956 1369 docebit
1009 1311 1232 1380 omnia,
1267 1315 1324 1365 et
1351 1311 1414 1366 in
1444 1316 1708 1367 mentem
1737 1311 2040 1366 revocabit
2068 1327 2206 1381 quae

553 1402 728 1459 vobis
755 1401 901 1469 dixi,
960 1404 1018 1455 et
1049 1399 1165 1456 alia
1193 1399 1592 1465 annuntiabit,
1619 1415 1756 1471 quas
1787 1400 2060 1455 nondum
2104 1414 2206 1453 au-

555 1491 680 1548 dire
705 1495 762 1546 et
802 1489 954 1546 ferre
980 1488 1188 1545 valetis
1213 1489 1281 1541 ²⁸.
1302 1510 1332 1538 »
1366 1491 1604 1545 Factum
1637 1503 1778 1544 vero
1806 1488 1867 1543 id
1922 1494 2032 1550 est,
2065 1502 2204 1542 cum

552 1579 796 1638 advenit
825 1577 1180 1634 Paracletus.

2319 510 2456 582 λέγει
2497 513 2596 586 γάρ
2648 509 2742 564 διὰ
2786 522 2876 565 τοῦ
2919 521 3190 589 προφήτου
3214 533 3228 547 ’
3267 539 3290 567 ε
3347 516 3486 572 Ἰδού
3517 521 3709 592 ἡμέραι
3750 523 3962 594 ἔρχον-

2318 621 2424 665 ται,
2476 607 2564 653 καὶ
2620 598 2950 675 διαθήσομαι
3000 601 3120 676 ύμῖν
3170 603 3474 673 διαθήκην,
3529 608 3587 661 ού
3646 611 3784 661 κατὰ
3845 615 3960 667 τὴν

2319 686 2582 748 διαθήκην
2645 691 2708 749 ἣν
2776 689 3021 764 διεθέμην
3063 702 3197 756 «τοῖς
3253 699 3518 772 πατράσιν
3587 699 3754 770 ὑμῶν,
3827 681 3958 750 ἀλλ’

2317 780 2501 850 ἔσομαι
2569 776 2754 842 διδούς
2817 786 3008 853 νόμους
3052 803 3153 854 μου
3201 785 3275 845 εἰς
3326 788 3415 846 τὰς
3467 783 3688 860 καρδίας
3714 787 3907 839 αὐτῶν
3937 805 3950 816 ·

2317 873 2405 918 καὶ
2459 865 2738 926 εἰδήσουσι
2792 889 2855 942 με
2905 873 3088 933 πάντες
3149 872 3250 925 ἀπὸ
3305 883 3497 949 μικροῦ
3554 878 3648 936 ἓως
3693 877 3953 948 μεγάλου

2318 956 2518 1007 αύτώνο
2577 963 2667 1009 καὶ
2720 960 2924 1010 ἔσονται
2981 963 3164 1023 πάντες
3235 959 3484 1016 διδακτοὶ
3541 973 3698 1021 θεοῦ.
3752 988 3780 1013 ι)
3842 969 3955 1017 Διά

2317 1054 2469 1097 τοῦτο
2535 1044 2684 1098 οὐδὲν
2752 1047 3012 1120 ἐγγράφως
3069 1051 3334 1104 κατέλιπεν
3393 1054 3417 1104 ό
3477 1058 3726 1124 Χριστός,
3799 1053 3952 1106 ἄλλα

2319 1130 2412 1185 διὰ
2461 1133 2623 1205 λόγων
2679 1139 2768 1207 μὲν
2815 1139 2878 1188 τὰ
2935 1134 3248 1210 διδάγματα
3299 1146 3388 1193 καὶ
3435 1143 3529 1202 τὰς
3586 1141 3795 1204 ἐντολὰς
3847 1148 3948 1195 τόν

2316 1225 2436 1276 καθ’
2505 1225 2644 1296 ἡμᾶς
2708 1229 2861 1296 νόμον
2927 1225 3162 1290 ἐπέταξεν
3207 1251 3217 1260 ·
3288 1226 3383 1282 δια
3456 1227 3514 1282 δε
3580 1228 3950 1303 παραδόσεως

2315 1321 2610 1386 πρακτικῆς
2664 1317 2720 1365 τὸ
2774 1320 3089 1390 μυστήριον.
3147 1317 3262 1370 Ἐπὶ
3317 1315 3376 1370 δὲ
3425 1321 3687 1391 ὑπέσχετο
3739 1321 3943 1391 λέγων·

2319 1422 2348 1448 ‹‹
2394 1398 2554 1452 Ὀταν
2612 1400 2733 1472 ἔλθη
2776 1404 2800 1453 ό
2862 1404 3219 1477 ῐιαράκλητος,
3281 1407 3334 1458 ὄν
3391 1409 3491 1477 ἐγὼ
3551 1408 3741 1480 πέμψω
3801 1410 3943 1480 ὑμῖν

2314 1492 2457 1560 παρὰ
2504 1497 2595 1540 τοῦ
2647 1495 2864 1563 Πατρός,
2915 1491 3096 1554 ἐκεῖνος
3138 1491 3346 1556 διδάξει
3390 1496 3528 1567 ὑμᾶς
3564 1503 3653 1548 καὶ
3694 1499 3944 1569 ὑπομνήο

2319 1597 2397 1628 σει
2453 1581 2622 1630 πάντα
2672 1578 2706 1630 ἀ
2758 1577 2897 1632 εἷπον
2944 1582 3103 1653 ύμῖν¹
3147 1589 3235 1635 καὶ
3287 1584 3449 1636 τᾶλλα
3498 1584 3791 1656 ἀναγγελεῖ,
3825 1589 3946 1638 ὅσοι

555 1669 758 1722 ἀκούειν
788 1669 818 1727 ἢ
845 1665 1132 1740 βαστάζειν
1163 1668 1222 1718 ού
1255 1664 1487 1720 δυνασθε
1510 1669 1651 1742 οἰρτι.
1683 1691 1713 1718 ››
1747 1671 1924 1738 Γέγονε
1955 1663 2139 1740 δὲὸπερ
2169 1667 2455 1738 ὑπέσχετο,
2483 1677 2572 1720 τοῦ
2606 1669 2947 1741 Παρακλήτου
2979 1670 3229 1734 ἐλθόντος.

625 1763 710 1815 32.
743 1761 903 1814 Tunc
934 1757 1191 1830 apostoli
1243 1758 1514 1813 exstitere
1544 1758 1813 1831 episcopi
1841 1773 1854 1822 ;
1887 1763 1944 1812 et
1995 1756 2201 1811 divino
2237 1757 2274 1810 Β

551 1847 657 1920 qui
685 1848 748 1903 in
775 1846 923 1918 ipsis
947 1845 1342 1916 inhabitabat,
1377 1845 1490 1902 sub
1513 1847 1828 1917 ignearum
1855 1846 2201 1916 linguarum

554 1937 772 2010 specie,
828 1935 1048 2008 Spiritu
1077 1936 1381 1991 erudiente
1429 1951 1533 1991 eos
1586 1952 1724 2008 quae
1779 1935 2114 2007 oportebat,
2147 1938 2202 1988 et

545 2026 869 2099 unicuique
900 2029 1140 2095 gentem
1162 2040 1338 2080 suam
1366 2025 1734 2095 assignante,
1753 2025 1926 2095 cujus
1952 2023 2200 2079 eosdem

542 2117 816 2186 linguam
845 2115 1120 2185 docebat,
1155 2114 1392 2171 divinas
1422 2115 1847 2187 mysteriorum
1903 2129 2110 2186 preces
2141 2117 2199 2168 et

544 2223 717 2263 sacra
769 2204 988 2275 ofﬁcia,
1022 2208 1201 2276 prout
1251 2219 1399 2274 gens
1449 2219 1706 2276 qumque
1760 2203 1883 2275 pati
1942 2207 2196 2274 poterat,

542 2300 600 2352 et
620 2299 961 2365 temporum
993 2292 1091 2362 adj
1103 2296 1278 2347 uncta
1307 2291 1600 2360 ferebant,
1619 2296 1678 2347 et
1707 2290 2196 2363 persequentium

541 2383 796 2451 insidiae,
831 2381 915 2436 sic
965 2381 1356 2453 peragebant.
1397 2383 1460 2436 Et
1515 2380 1796 2453 precibus
1836 2379 2082 2451 quidem
2125 2395 2196 2434 ac

541 2469 1123 2544 proclamationibus
1144 2469 1393 2525 fortasse
1420 2469 1569 2524 inter
1587 2486 1649 2524 se
1675 2469 2065 2534 differebant;
2090 2467 2195 2522 sed

542 2567 747 2618 tamen
775 2558 1130 2616 traditorum
1162 2559 1586 2630 mysteriorum
1617 2559 1812 2613 forma
1841 2573 1912 2612 ea
1947 2572 2193 2629 prorsus

539 2651 650 2706 fuit
677 2666 866 2722 quam
895 2649 1182 2706 Dominus
1211 2654 1414 2705 noster
1433 2651 1606 2704 Jesus
1631 2648 1900 2703 Christus
1933 2648 2189 2703 tradidit.

537 2741 675 2793 Post
701 2736 1016 2809 deiloquos
1046 2742 1248 2792 autem
1279 2736 1606 2808 apostolos,
1627 2735 1899 2791 nonnulli
1955 2741 2191 2790 sancto-

535 2842 672 2882 rum
695 2828 957 2894 Patrum,
1009 2826 1388 2897 peculiariter
1403 2824 1643 2893 singuli,
1662 2839 1869 2896 preces
1891 2823 2192 2879 faciebant

535 2919 593 2970 et
610 2914 1134 2986 proclamationes,
1158 2918 1214 2970 et
1235 2912 1526 2968 absolutae
1547 2912 1799 2982 liturgiae
1822 2911 2049 2977 ofﬁcia;
2079 2912 2191 2966 vel-
2221 2949 2259 3001 Ο

532 3005 617 3060 uti
633 3008 877 3060 sanctus
889 3003 1135 3059 illustris
1152 3003 1538 3076 Epiphanius,
1552 3007 1609 3058 et
1630 3017 1892 3072 magnus
1919 3001 2186 3070 Basilius,

533 3097 590 3149 et
608 3094 785 3148 divus
839 3092 1320 3164 Chrysostomus.
1353 3092 1561 3147 Cuncti
1611 3095 1811 3146 autem
1852 3107 1924 3146 ex
1970 3090 2188 3146 vivifici

532 3181 712 3238 fontis
758 3181 1038 3238 Paracleti
1071 3181 1310 3237 ﬂuentis
1349 3181 1682 3237 hauserunt
1705 3180 2019 3248 dogmata,
2049 3196 2186 3251 qum

532 3269 1008 3326 orthodoxorum
1041 3270 1324 3338 Ecclesia,
1369 3285 1479 3324 ceu
1509 3268 1588 3324 ab
1609 3268 1741 3338 ipso
1764 3268 1991 3323 Christo
2029 3268 2188 3324 dicta

533 3362 592 3413 et
641 3357 801 3413 facta
861 3358 1084 3428 recepit
1127 3375 1140 3412 :
1199 3363 1256 3414 et
1300 3373 1463 3413 nunc
1522 3373 1642 3428 prae
1701 3357 1928 3412 caeteris
1985 3357 2188 3412 divina

533 3445 774 3515 liturgia
803 3447 1012 3515 magni
1042 3446 1259 3514 Basilii,
1292 3461 1406 3502 nec
1459 3461 1582 3500 non
1620 3445 1744 3500 divi
1775 3445 2187 3516 Chrysostomi

532 3535 596 3590 in
649 3549 816 3589 more
844 3539 952 3604 est,
987 3550 1125 3590 cum
1164 3535 1264 3590 illa
1311 3533 1968 3606 praesanctiticatorum,
1999 3549 2182 3604 quam

530 3621 806 3680 nonnulli
832 3622 1038 3678 Jacobi
1068 3638 1196 3678 esse
1221 3622 1449 3685 dicunt,
1481 3621 1586 3692 qui
1607 3621 1786 3676 frater
1810 3622 2042 3677 Domini
2074 3638 2184 3693 ap-

530 3712 788 3786 pellatus
843 3712 988 3782 fuit;
1041 3711 1140 3768 alii
1197 3712 1348 3768 Petri
1405 3711 1659 3782 apostoli
1689 3728 1758 3768 ac
1817 3713 2181 3778 summatis;

532 3802 631 3860 alii
657 3801 935 3859 aliorum.

2387 1755 2490 1828 λβ.
2540 1761 2668 1809 Τότε
2716 1755 2783 1815 δὴ
2812 1779 2824 1791 ⁸
2860 1765 2948 1810 καὶ
2980 1759 3243 1832 ἀρχιερεῖς
3282 1764 3328 1813 οἱ
3369 1761 3649 1815 ἀπόστολοι
3681 1763 3938 1838 ἐχρημά-

2313 1863 2484 1910 τισαν,
2542 1850 2632 1897 καὶ
2690 1854 2781 1897 τοῦ
2836 1847 2884 1898 ἐν
2942 1845 3070 1900 εῖδει
3137 1854 3363 1924 πυρίνων
3412 1851 3668 1922 γλωσσῶν
3721 1851 3940 1909 ένοικὴ-

2315 1952 2496 1994 σαντος
2549 1933 2597 1986 ἐν
2648 1935 2826 1996 αὐτοῖς
2875 1938 3014 1988 θείου
3060 1941 3380 2010 Πνεύματος,
3425 1937 3782 2002 διδάσκοντος
3832 1943 3937 1993 αύ-

2311 2026 2430 2083 τούς
2483 2019 2567 2074 οἷα
2620 2019 2724 2093 δεῖ,
2777 2029 2864 2075 καὶ
2913 2033 3392 2100 προχειρισαμένου
3459 2031 3678 2082 ἕκαστον
3748 2031 3933 2083 αὐτῶν

2310 2112 2360 2163 ἐν
2408 2119 2480 2182 τῷ
2533 2114 2680 2176 ἔθνει,
2738 2109 2796 2165 οὗ
2844 2119 2937 2171 τὴν
2997 2111 3265 2168 διάλεκτον
3316 2117 3482 2170 λαλεῖν
3537 2122 3752 2180 τούτους
3809 2119 3932 2172 ἐσό-

2309 2219 2428 2272 φισε
2475 2201 2602 2270 (37),
2660 2200 2821 2272 εὐχὰς
2866 2202 2980 2274 (38)
3033 2211 3336 2278 μυστηρίων
3391 2208 3533 2268 θείας
3583 2213 3672 2260 καὶ
3718 2211 3931 2282 ἱερουρ-

2306 2294 2425 2359 γίας
2469 2290 2818 2350 καταλλὴλους
2868 2300 2929 2350 τῆ
2986 2300 3234 2367 καρτερία
3281 2303 3373 2347 τοῦ
3421 2298 3642 2364 ἔθνους,.
3670 2303 3761 2350 καὶ
3806 2307 3926 2360 τοῖς

2306 2386 2509 2451 καιροῖς
2582 2387 2682 2430 τῶν
2746 2383 3101 2451 περιστάσεων
3135 2425 3148 2450 ,
3209 2387 3298 2435 καὶ
3351 2391 3461 2444 ταῖς
3519 2382 3752 2458 ἐνέδραις
3815 2397 3927 2438 τῶν

2308 2463 2619 2536 διωκόντων,
2686 2466 2908 2521 ἐποίουν.
2983 2475 3080 2522 Καὶ
3149 2470 3196 2522 έν
3263 2475 3353 2542 μὲν
3409 2481 3527 2535 ταῖς
3588 2474 3782 2546 εὐχαῖς
3821 2482 3919 2526 καὶ

2304 2563 2421 2616 ταῖς
2482 2555 2850 2627 ἐκφωνήσεσιν,
2905 2561 3030 2619 ἴσως
3081 2556 3312 2634 διέφερον
3367 2559 3630 2619 ἀλλήλων
3689 2565 3714 2614 ό
3767 2561 3829 2615 δέ
3858 2584 3924 2635 γε

2303 2648 2462 2706 τύπος
2528 2647 2639 2714 (39)
2705 2653 2799 2707 τῆς
2865 2645 3213 2718 παραδόσεως
3264 2658 3363 2700 τῶν
3415 2657 3744 2725 μυστηρίων,
3773 2656 3926 2705 καθὰ

2302 2735 2460 2786 καὶό
2524 2737 2712 2807 Κύριος
2759 2737 2904 2806 ἡμῶν
2954 2737 3159 2798 Ἰησοῦς
3219 2743 3441 2811 Χριστὸς
3500 2748 3679 2792 τοῦτον
3747 2748 3920 2815 παρέ-

2303 2820 2469 2879 δωκε.
2538 2826 2681 2875 Μετά
2747 2821 2806 2875 δὲ
2871 2829 2992 2886 τούς
3061 2827 3342 2898 θεηγόρους
3409 2826 3730 2890 ἀποστόλους
3777 2835 3920 2891 τινες

2301 2918 2398 2960 τῶν
2454 2910 2615 2980 ἁγίων
2671 2917 2911 2985 Πατέρων
2963 2911 3272 2977 ἰδιαζόντως
3328 2917 3546 2977 ἕκαστος
3602 2924 3691 2969 καὶ
3738 2923 3916 2989 εὐχὰς

2299 2996 2584 3056 ἐποιουντο,
2661 3005 2749 3051 καὶ
2818 3000 3158 3070 ἐκφωνήσεις,
3227 3010 3315 3055 καὶ
3382 3004 3772 3078 ἀπηρτισμένης
3846 3012 3916 3060 ιε-

2296 3093 2542 3160 ρουργίας
2597 3087 2904 3140 ἀκολουθίαν
2956 3092 3092 3161 (4Ο)”
3143 3094 3210 3151 ως
3268 3095 3292 3143 ό
3342 3091 3389 3144 έν
3438 3093 3608 3164 ἁγίοις
3650 3094 3915 3166 ἐπιφανής

2300 3177 2612 3247 Ἐπιφάνιος,
2688 3184 2777 3230 καὶ
2845 3197 2871 3229 ο
2933 3184 3088 3249 μέγας
3155 3181 3458 3247 Βασίλειος,
3524 3189 3614 3235 καὶ
3678 3186 3705 3235 ό
3770 3187 3915 3247 θεῖος

2299 3274 2699 3338 Χρυσοστομος.
2756 3270 2946 3328 Πάντες
2993 3264 3041 3319 δ’
3087 3271 3225 3340 ὅμως
3280 3269 3334 3322 έκ
3381 3280 3480 3322 τῶν
3528 3276 3769 3343 ναμάτων
3811 3283 3909 3335 τῆς

2301 3356 2603 3429 ζωηρρύτου
2677 3366 2853 3427 πηγῆς
2923 3367 3014 3409 του
3083 3360 3426 3432 Παρακλητου
3494 3362 3759 3433 ἡρύσαντο
3842 3373 3910 3416 τα

2298 3442 2577 3516 δόγματα·
2635 3445 2764 3517 άπερ
2843 3448 2871 3502 η
2947 3454 3045 3498 τῶν
3123 3445 3416 3519 όρθοδόξων
3485 3451 3774 3508 Ἐκκλησία
3841 3456 3908 3513 ὡς

2295 3535 2417 3608 παρ’
2466 3535 2625 3586 αὐτου
2673 3542 2765 3585 τού
2818 3542 3048 3607 Χριστοῦ
3093 3535 3347 3608 λεχθέντα
3393 3558 3446 3592 τε
3475 3545 3564 3592 καὶ
3591 3543 3907 3612 πραχθέντα

2297 3621 2542 3684 ἐδέξατο·
2599 3629 2686 3674 καὶ
2742 3631 2829 3673 νῦν
2888 3628 2987 3698 πρὸ
3036 3634 3134 3676 τῶν
3187 3626 3349 3678 ἄλλων
3403 3630 3432 3685 η
3469 3631 3582 3680 θεία
3603 3628 3906 3703 λειτουργία

2295 3721 2386 3764 τοῦ
2439 3711 2663 3783 μεγάλου
2714 3711 2980 3765 Βασιλείου
3019 3719 3109 3766 καὶ
3166 3725 3257 3767 του
3316 3719 3452 3769 θείου
3511 3725 3901 3792 Χρυσοστόμον

2296 3808 2472 3877 κρατεί
2523 3803 2653 3872 μετά
2717 3820 2776 3870 γε
2840 3810 2933 3860 τῆς
2999 3811 3098 3854 τῶν
3163 3810 3617 3878 προηγιασμένων,
3671 3811 3734 3865 ἣν
3776 3827 3903 3868 τινες

529 3896 622 3966 μεν
678 3892 929 3945 Ἰακώϐου
985 3889 1115 3946 εἶναί
1168 3911 1298 3964 φασι
1349 3899 1442 3944 τοῦ
1499 3891 1874 3964 ὀνομασθέντος
1935 3888 2158 3964 ἀδελφοῦ
2221 3896 2436 3966 Κυρίου,
2506 3891 2666 3961 ἕτεροι
2721 3886 2778 3941 δε
2830 3895 3024 3964 Πέτρου
3077 3902 3168 3944 του
3235 3892 3530 3946 ἀποστόλου
3583 3900 3674 3948 καὶ
3748 3918 3903 3972 κορυ-

531 4001 706 4055 φαιου,
734 3987 825 4034 καὶ
849 3981 998 4035 ἄλλοι
1026 3981 1209 4038 ἄλλων,

601 4077 692 4128 33.
738 4073 876 4128 Post
904 4071 1331 4144 praedictorum
1363 4070 1776 4143 apostolorum
1809 4075 2184 4128 sanctorum-

530 4176 650 4232 que
689 4161 1351 4227 commemorationem,
1383 4160 1635 4216 nomina
1683 4159 2034 4215 nuntiantur
2081 4161 2184 4215 de-

531 4248 897 4317 functorum,
928 4265 1189 4320 quorum
1219 4248 1287 4304 ﬁt
1342 4249 1586 4315 mentio,
1641 4263 1751 4303 nec
1794 4265 1914 4304 non
1946 4249 2185 4306 illorum

534 4351 646 4408 pro
676 4338 899 4408 quibus
927 4336 1081 4392 ﬁunt
1109 4337 1442 4393 oblationes
1470 4357 1484 4405 ;
1518 4353 1661 4392 mox
1693 4332 2075 4394 sacerdotum
2116 4354 2188 4393 ac

529 4439 743 4493 regum
792 4428 848 4480 et
895 4425 1170 4480 omnium
1223 4424 1419 4480 simul.
1467 4429 1659 4497 Atque
1689 4425 1749 4480 hi
1795 4427 2063 4494 magistri
2117 4426 2182 4481 li-

531 4512 766 4581 turgim,
797 4512 1058 4568 volentes
1086 4515 1204 4569 Deo
1231 4513 1485 4569 similem
1511 4529 1641 4570 esse
1671 4514 2044 4586 episcopum,
2073 4530 2184 4586 pro

531 4600 789 4658 inimicis
818 4617 1064 4674 quoque
1095 4601 1172 4659 ab
1202 4617 1274 4657 eo
1323 4618 1528 4675 preces
1553 4601 1744 4668 fundi,
1775 4619 2021 4674 aequum
2051 4620 2186 4660 cen-

532 4694 698 4746 sent:
741 4690 924 4747 talem
953 4691 1114 4746 enim
1144 4705 1274 4746 esse
1324 4696 1556 4762 oportet
1603 4691 1980 4763 episcopum,
2033 4693 2186 4749 inter

532 4783 722 4838 Deum
751 4779 1026 4837 videlicet
1075 4784 1132 4836 et
1155 4779 1432 4836 homines
1486 4781 1900 4837 mediatorem.
1961 4782 2184 4839 Deinde

529 4869 686 4927 elata
736 4886 927 4927 voce:
962 4872 1252 4928 Memento
1303 4870 1367 4924 in
1395 4869 1626 4941 primis,
1671 4869 1944 4936 Domine,
1995 4872 2184 4928 archi-

529 4960 795 5034 episcopi
822 4960 1010 5018 nostri
1035 4978 1048 5029 ;
1080 4957 1305 5032 quibus
1337 4958 1532 5015 verbis
1556 4959 1902 5016 odedientia
1925 4960 2184 5017 ostendi-

602 5104 650 5139 ²⁶
690 5103 907 5160 Jerem.
932 5119 1101 5171 ωε,
1129 5102 1218 5158 31.
1264 5102 1308 5136 ’³
1337 5102 1432 5158 lsa
1454 5117 1562 5168 LIV,
1598 5071 1664 5156 l2
1709 5102 1756 5136 ³⁸
1779 5103 1959 5158 Joan.
1992 5119 2093 5172 xv,
2126 5107 2215 5160 26.

596 5227 714 5298 (37)
763 5228 1182 5283 Animadverte
1231 5225 1508 5298 auctoris
1547 5225 1738 5298 nostri
1805 5227 2172 5298 opinionem,

524 5296 691 5378 quod
714 5300 1129 5378 unusquisque
1146 5298 1460 5378 apostolus
1475 5296 1688 5378 doctus
1705 5296 1879 5378 fuerit
1891 5296 2174 5378 divinitus

523 5367 790 5448 linguam
825 5367 1400 5448 nominatim—gentis
1444 5369 1593 5440 ejus,
1649 5369 1746 5425 cui
1799 5371 2175 5442 peculiariter

523 5437 922 5495 destinandus
944 5441 1113 5496 foret.

594 5514 710 5586 (_38_)_
761 5513 846 5586 Ita
891 5512 1366 5586 etiamﬂsanctus
1414 5511 1789 5586 Sophronius
1842 5512 2007 5586 apud
2057 5529 2171 5571 nos

519 5581 729 5654 Spicil.
764 5585 934 5641 Horn.
967 5586 1010 5640 t.
1042 5582 1128 5639 IV.
1162 5599 1225 5654 p.
1249 5587 1338 5641 3t.

2365 4067 2464 4119 λε’.
2508 4070 2650 4119 Μετὰ
2704 4064 2762 4120 δὲ
2810 4072 2904 4125 τὴν
2953 4074 3160 4139 μνήμην
3215 4079 3312 4122 τῶν
3360 4078 3744 4146 προειρημένων
3774 4074 3902 4128 ἀπο-

2299 4156 2492 4210 στόλων
2534 4162 2622 4208 καὶ
2671 4156 2832 4226 ἁγίων
2882 4162 2970 4209 καὶ
3015 4161 3039 4209 ο
3089 4162 3378 4231 κατάλογος
3415 4167 3614 4231 γίνεται
3641 4172 3743 4215 των
3773 4184 3899 4235 μνη.

2295 4251 2642 4318 μονευομένων
2705 4255 2914 4317 νεκρῶν,
2977 4252 3067 4299 καὶ
3123 4250 3249 4324 ὑπὲρ
3321 4247 3387 4300 ὧν
3453 4254 3506 4301 αἱ
3557 4259 3896 4326 προσφοραίο

2294 4332 2402 4389 εἶτα
2448 4338 2615 4409 ἱερέων
2673 4340 2763 4387 καὶ
2813 4333 3070 4406 βασιλέων
3118 4343 3207 4390 καὶ
3262 4342 3466 4391 πάντων
3529 4342 3679 4412 ὁμοῦ.
3737 4339 3901 4396 Οὗτοι

2295 4422 2353 4478 δε
2407 4421 2718 4486 σπεύδοντες
2763 4424 3130 4497 ἐξομοιοῦσθαι
3184 4437 3253 4497 τῲ
3313 4437 3426 4500 Θεῷ
3476 4433 3563 4482 τὸν
3619 4429 3896 4505 ἀρχιερέα,

2292 4519 2381 4567 καὶ
2421 4515 2546 4585 ὑπὲρ
2591 4522 2690 4565 τῶν
2747 4512 2950 4587 ἐχθρῶν
3015 4517 3270 4586 εὔχεσθαι
3301 4513 3573 4572 δικαιοῦσι
3604 4537 3615 4548 ⁶
3660 4529 3896 4573 τοιοῦτον

2289 4606 2388 4675 γὰρ
2441 4610 2568 4655 εῖναι
2625 4599 2707 4655 δεῖ
2757 4607 2838 4654 τὸν
2899 4603 3168 4676 ἀρχιερέα,
3224 4611 3440 4676 μεσίτην
3498 4617 3632 4661 Θεου
3685 4616 3777 4663 καὶ
3812 4611 3894 4663 ἀν-

2293 4695 2530 4766 θρώπων.
2589 4689 2715 4746 Εἶτα
2770 4695 2798 4750 ἡ
2849 4691 3136 4765 έκφώνησις
3174 4697 3322 4767 (41)·
3376 4697 3456 4750 Ἐν
3503 4705 3731 4772 πρώτοις
3762 4708 3893 4773 μνη-

2295 4783 2473 4845 σθητι,
2531 4784 2706 4855 Κύριε,
2759 4789 2850 4834 τοῦ
2921 4781 3344 4855 ἀρχιεπισκόπου
3409 4788 3553 4858 ἡμῶν
3589 4806 3600 4816 ·
3679 4788 3764 4862 ἀφ’
3835 4789 3892 4851 ἧς

2294 4867 2562 4923 δείκνυται
2623 4872 2858 4942 ύποταγὴ
2926 4874 2953 4929 ἡ
3015 4877 3145 4945 πρὸς
3195 4879 3251 4927 τό
3319 4877 3610 4950 ύπερέχον’
3670 4885 3762 4932 καὶ
3811 4883 3891 4933 ὅτι

2294 4964 2479 5013 τούτου
2523 4964 2970 5032 μνημονευομένου
3016 4962 3302 5036 ἀρχιερέως
3350 4972 3591 5030 κοινωνός
3641 4965 3754 5020 ἐστι
3797 4977 3890 5023 καὶ

2357 5229 2470 5297 (39)
2501 5227 2647 5283 Citat
2685 5228 2848 5284 hunc
2885 5228 3086 5286 locum
3123 5247 3195 5288 ex
3238 5247 3352 5289 ms.
3384 5233 3635 5292 Allatius
3669 5238 3888 5295 Contra

2285 5299 2710 5372 Hottingerum
2738 5316 2795 5372 p.
2838 5305 2918 5355 ll.

2354 5370 2478 5496 (4οὲ
2500 5370 2990 5460 Deestmendose
3021 5374 3187 5446 apud
3216 5375 3572 5448 praedictum
3601 5379 3884 5437 Allalium

2354 5457 2434 5496 lca
2482 5440 2649 5496 ulum
2677 5442 3007 5496 ακολουθιαν.

2282 5440 2649 5497 voeabulum
2677 5440 3007 5501 ἀκολουθίαν,

2307 5583 2319 5594 θ
2355 5514 2467 5593 (4t)
2492 5513 2717 5568 Laudat
2742 5514 2885 5594 hinc
2915 5516 3272 5594 particulam
3300 5535 3378 5594 ex_
3401 5537 3514 5577 ms.
3537 5522 3700 5581 idem
3728 5524 3882 5582 Alla-

2281 5587 2398 5642 tius
2426 5587 2489 5638 in
2517 5599 2699 5660 opere
2729 5587 2814 5642 De
2837 5600 3149 5662 consensu,
3176 5589 3289 5647 col.
3327 5592 3460 5648 1185
