4028 6308
87 336 161 392 £61

1306 335 1805 396 COMMENTATIO
1846 340 2236 398 LITURGICA.

3329 354 3434 408 462

79 461 98 512 ό
137 463 436 533 προσφέρων
472 466 566 520 τῆς
611 461 860 528 πίστεως,
892 462 983 511 καί
1031 466 1124 520 τῆς
1170 457 1534 532 παραδόσεως·
1569 470 1668 513 τῶν

1781 467 1877 519 tur
1917 478 2062 534 erga
2103 466 2477 537 superiorem
2510 473 2870 540 potestatem
2907 488 2922 538 ;
2967 474 3025 528 et
3069 474 3234 546 quod
3275 475 3433 532 illius

77 555 351 621 μυστηρίων
417 545 710 620 διαδόχος,
771 547 883 601 Ali’
938 547 1067 618 οὐχί
1111 553 1282 608 καινός
1337 569 1416 612 τις
1462 554 1670 622 μύστης

80 639 99 694 i;
144 639 346 710 εὑρετής
402 655 515 687 των
589 638 707 710 παρ’
769 637 931 687 αὑτοῦ
986 642 1412 711 προσφερομένων
1475 638 1668 711 συμϐό-

78 729 170 776 λων·
225 729 372 778 Μετὰ
437 721 502 778 δὲ
556 729 652 786 τὰς
697 727 942 786 τοιαύτας
998 725 1308 796 ἐκφωνήσεις
1350 735 1410 784 τη
1483 725 1668 780 δίπτυ-

77 836 136 886 χα
156 823 248 866 τῶν
279 816 504 874 ζώντων
547 857 561 881 ,
610 812 717 866 οἷον
766 813 1054 888 ἀρχιερέων
1109 813 1387 886 βασιλέων,
1436 822 1526 868 καί
1553 817 1667 869 λοι-

1399 905 1660 976 λέγονται·

76 999 143 1043 καί
200 994 225 1043 6
300 990 596 1064 ἀρχιερεύς
661 992 866 1063 εἰρήνην
930 993 1125 1051 πάσαις
1185 1001 1302 1054 ταῖς
1368 992 1667 1058 ἐκκλησίαις

78 1084 329 1152 ἐπεύχεται
389 1086 489 1132 καί
528 1086 624 1138 τὴν
673 1089 770 1132 τῶν
826 1080 994 1132 αύτων
1041 1081 1498 1154 πλημμελημάτων
1540 1103 1666 1156 συγ-

77 903 179 970 πιῖον,
241 903 599 975 ἐκφωνοῡντος
658 911 812 955 τοῦτο
877 911 970 954 τού
1047 899 1319 969 διακόνου,

75 1178 291 1241 χώρησιν
346 1170 569 1234 ἑξαιτεῖο
629 1175 718 1221 καί
783 1170 930 1230 εὐθὺς
979 1175 1071 1222 καί
1125 1170 1270 1245 ἑτέρα
1343 1171 1477 1242 εὐχὴ
1538 1175 1664 1248 ὑπὲρ

78 1263 208 1312 αὐτού
273 1265 370 1311 καί
445 1267 540 1311 τού
609 1259 752 1311 λαού·
825 1256 937 1311 εἶτα
1011 1262 1142 1330 μετὰ
1218 1264 1311 1317 την
1378 1260 1664 1332 ἂκφωνησιν

75 1351 393 1419 ἀναφωνεῐται
461 1351 604 1400 παοὰ
659 1351 834 1408 ναντός
903 1355 995 1399 τού
1073 1347 1200 1399 λαοῦ
1266 1351 1295 1405 ἡ
1360 1354 1503 1422 παρὰ
1574 1360 1664 1404 τοῦ

79 1447 186 1488 Ηεού
231 1439 382 1509 ἡμων
418 1433 861 1511 προδιδαχθεὶσα
891 1436 1046 1507 εὐχή.
1096 1460 1115 1486 ε
1171 1439 1340 1511 Πάτερ
1392 1441 1536 1510 ἡμῶν
1563 1441 1589 1492 6
1615 1439 1662 1492 ἦν

78 1535 161 1586 τοῖς
183 1528 452 1600 οὐρανοῖς.
493 1548 520 1573 ›)

130 1611 220 1670 λδ.
255 1616 403 1672 Αὕτη
458 1611 518 1666 δε
566 1619 655 1665 καί
704 1611 777 1666 δι’
830 1615 972 1686 ἕτερα
1022 1619 1111 1687 μὲν
1163 1615 1326 1668 πολλὰ
1372 1623 1461 1669 καί
1511 1617 1663 1690 ἀναγ-

81 1703 179 1754 χαῖα
231 1707 539 1756 τετύπωται
587 1702 808 1755 ἐνταῦθα
859 1703 1102 1774 λέγεσθαι
1156 1705 1283 1778 ἅπερ
1333 1712 1509 1778 μόνοις
1558 1715 1664 1770 τοῖς

84 1789 358 1864 δυναμένοις
417 1791 796 1843 ἀνακαλύπτειν
856 1797 1130 1866 μυστήρια
1185 1802 1319 1846 Θεού
1380 1795 1483 1847 εἰσι
1535 1803 1664 1867 7w.)-
1696 1811 1736 1864 Β

80 1899 202 1951 ριμα·
257 1883 382 1932 ὅσον
441 1877 503 1932 δῖε
552 1880 621 1940 εἰς
675 1884 760 1930 τόν
812 1882 1061 1955 ἡμέτερον
1108 1882 1220 1938 ἣκει
1259 1892 1398 1951 νοῦν,
1461 1881 1552 1936 διὰ
1605 1890 1662 1936 τό

83 1972 187 2020 εἶναι
233 1975 324 2021 καί
389 1972 586 2025 ταύτην
643 1974 974 2041 συνημμένην
1031 1979 1092 2042 τῇ
1128 1977 1419 2044 κυριωτέρα
1476 1976 1661 2049 ὶεροτε-

82 2059 250 2130 iss-ria,
304 2061 371 2119 ὡς
432 2061 627 2119 παντός
683 2062 1002 2131 περιεκτική·
1057 2063 1147 2110 καί
1205 2062 1286 2111 ἱνα
1334 2066 1405 2133 μὴ
1465 2064 1662 2132 ἔχωσιν

82 2154 235 2217 χώραν
271 2151 400 2207 τινες
457 2146 623 2219 λέγειν
697 2148 776 2197 ὅτι
842 2149 1039 2203 ταύτην
1105 2152 1199 2205 τὴν
1266 2149 1430 2220 εαὲχὴν
1497 2158 1660 2222 μόνην

84 2235 311 2288 ἐκελευσεν
368 2235 394 2288 ὁ
445 2239 670 2309 Χριςτὸς
711 2233 875 2306 λέγειν
917 2237 1075 2308 ἡμᾶς,
1127 2241 1217 2288 καί
1267 2239 1361 2289 οὐκ
1415 2239 1535 2291 ἄλλο
1588 2258 1660 2306 τι,

85 2326 230 2397 ὡσπερ
276 2324 499 2396 λέγουσι
549 2327 639 2375 καί
686 2326 736 2374 οὶ
781 2323 1043 2396 λεγόμενοι
1097 2325 1325 2397 Εύχῖται
1390 2329 1660 2400 αίρετιιοί,

89 2413 159 2473 οὖς
215 2418 300 2465 καί
380 2413 782 2473 Μεσσαλιανούς
843 2417 933 2464 καί
1000 2409 1318 2475 Φουνδαίτας
1379 2419 1661 2489 κατονομά-

91 2503 262 2559 ζονσιν·
319 2500 469 2555 οὗτοι
526 2504 624 2577 γὰρ
691 2498 1061 2560 διενίστανται,
1097 2503 1198 2572 ὃτι,
1266 2501 1361 2555 κᾶν
1416 2509 1665 2578 μυριάκις

93 2586 177 2642 εἶπε
225 2594 440 2654 ταύτην,
504 2591 656 2642 πάλιν
714 2590 877 2647 αὐτὴν
925 2596 1033 2662 χρὴ
1090 2590 1276 2663 λέγειν,
1309 2598 1398 2644 καί
1442 2593 1562 2645 ἄλλο
1616 2614 1665 2645 τι

90 2684 145 2749 μὲ
198 2683 554 2754 προστιθέναι,
630 2678 978 2752 βαττολογὶαν
1055 2675 1214 2739 δῆθεν
1266 2687 1383 2742 τοὺς
1457 2683 1666 2746 λοιπούς

94 2770 253 2838 ὕμνους
310 2775 403 2822 καί
471 2772 565 2830 τὰς
631 2767 1026 2840 ἐξομολογήσεις
1093 2768 1321 2842 ἀφρόνως
1379 2776 1664 2844 κατονομάη

95 2859 255 2918 ζοντες·
311 2868 402 2910 του
436 2865 674 2930 Χριστοῦ
708 2861 809 2931 γὰρ
858 2863 946 2909 καί
996 2866 1130 2911 Θεοῦ
1176 2861 1320 2932 ἡμων
1370 2863 1434 2920 ὡς
1483 2860 1530 2912 ἐν
1561 2869 1666 2924 τοῖς

95 2945 236 3006 ἄλλοις
286 2947 509 3011 ἅπασιν,
571 2946 705 2998 οὓτω
743 2949 837 2997 κὰν
893 2955 952 3019 τῇ
1002 2949 1134 3020 εὐχῇ
1182 2951 1345 2999 τύπον
1391 2954 1480 3000 καί
1530 2946 1667 3011 εἶδος

95 3045 172 3084 τῶν
222 3037 526 3109 αἰτηματων
577 3036 904 3108 ἐπφαίνοντος
979 3041 1068 3086 καί
1137 3033 1506 3109 διδάσκοντος,
1562 3040 1667 3100 πῶς

95 3119 158 3174 τῖεί
205 3126 324 3199 ὑπὲρ
381 3135 450 3177 ὡν
493 3131 603 3199 χρὴ
654 3127 1070 3198 προσεύχεσθαι,
1130 3129 1221 3177 καί
1270 3123 1364 3178 διὰ
1416 3136 1515 3178 τῶν
1574 3136 1667 3189 τῆς

96 3223 370 3286 προσευχῆς
409 3216 658 3289 ῥημάτων
707 3216 904 3276 ταύτης
952 3219 1044 3272 τὴν
1103 3218 1314 3272 αἴτησιν
1373 3225 1471 3268 τῶν
1527 3219 1663 3289 φθει-

96 3307 286 3372 ρομένων
339 3309 434 3356 καί
481 3312 580 3354 τὼν
636 3308 970 3376 προσκαίρων
1030 3301 1460 3378 ἀπαγορεύοντος,
1514 3313 1667 3378 μόνον

100 3386 145 3441 τῖε
197 3395 274 3442 τὸν
330 3395 598 3446 ἐπιούσιον
667 3392 842 3466 άρτον,
894 3392 986 3443 εἶτ’
1044 3390 1130 3444 οὖν
1188 3399 1281 3451 τὴν
1336 3395 1518 3446 ούσίαν
1576 3405 1668 3448 τοῦ

102 3485 308 3550 σώματος
367 3489 768 3553 συγκρατούντα
814 3487 903 3532 καί
962 3487 1272 3552 συνέχοντα,
1319 3488 1446 3558 πρὸς
1492 3488 1549 3535 τό
1598 3490 1666 3557 μὴ

103 3570 302 3623 πάντελεί
349 3572 490 3644 λιμῷ
545 3567 961 3643 διαφθείρεσθαιο
997 3575 1120 3644 πρὸς
1179 3568 1258 3641 δὲ,
1327 3577 1414 3624 καί
1479 3577 1536 3625 τὸ
1593 3579 1664 3646 μὴ

103 3657 308 3711 εἰσελθεῖν
365 3662 441 3721 εἰς
497 3664 808 3733 πειρασμὸν,
864 3659 1087 3712 ἐντευθεν
1162 3670 1322 3713 αιτείν
1378 3670 1666 3738 συγχωρη-

106 3764 277 3818 σαντος,

101 3833 254 3889 ἐκεῐθπ
299 3846 449 3892 αἰῶνι
505 3843 783 3912 πρέποντα,
826 3842 917 3888 καί
964 3841 1099 3890 κατὰ
1135 3845 1226 3896 τὴν
1271 3840 1461 3906 εἰκόνα,
1507 3847 1595 3892 καί
1651 3844 1739 3895 τὸν

341 3754 411 3801 τὰ
487 3745 537 3800 δ’
609 3748 738 3800 illa
806 3751 972 3800 πάντα
1048 3753 1387 3820 πνευματικὰ,
1442 3757 1530 3802 καί
1594 3761 1665 3823 τῷ

99 3928 453 3995 νομοθετοῦντος
474 3934 656 3981 πᾶσιν.

154 4013 223 4069 λε’.
275 4018 434 4070 Αὐτοὶ
467 4013 609 4069 οὗτοι
666 4020 714 4068 οἱ
772 4018 1140 4092 θεοκατάρατοι
1206 4019 1455 4090 Εύχῖταί,
1499 4023 1665 4073 οἱκαὶ

100 4105 170 4159 τήν
196 4104 426 4167 ἐξουσίαν
455 4111 538 4157 καὶ
571 4111 663 4163 τὴν
707 4105 881 4178 ἀρχὴν
921 4104 1076 4159 τουδε
1105 4115 1196 4158 τού
1244 4114 1435 4172 παντὸς
1465 4116 1672 4183 κόσμου.

102 4199 155 4260 τῷ
203 4205 399 4270 πονηρῴ
428 4200 656 4266 νέμοντες
702 4194 1013 4264 ἀλογίστως,
1065 4195 1104 4246 ὦ
1151 4205 1240 4257 τῆς
1294 4196 1513 4260 ἀνοίαςῖ
1563 4207 1662 4251 ποῖ-

104 4297 177 4330 ςαν
217 4288 302 4341 τὴν
357 4285 525 4354 εύχὴν
569 4287 755 4344 παντὸς
805 4284 1094 4356 εὐχομένου
1138 4289 1187 4337 εν
1237 4290 1437 4348 τούτοις
1493 4292 1664 4360 μόνοις

105 4376 184 4428 τοῖς
225 4373 424 4445 ῥήμασι
484 4374 917 4448 περιγράφουσιν
990 4372 1096 4424 ἀλλ’
1151 4376 1176 4425 6
1245 4384 1344 4426 τῶν
1405 4379 1662 4450 θεηγόρων
1695 4417 1742 4472 D

106 4453 363 4512 ἀποστόλων
414 4466 596 4536 χορός,
642 4471 734 4512 καὶ
774 4462 799 4512 6
835 4462 943 4530 μετ’
984 4462 1173 4524 αύτούς
1220 4473 1319 4514 τῶν
1351 4464 1511 4535 ἁγίων
1564 4473 1664 4517 lla:-

107 4549 230 4618 τέρων
283 4551 566 4621 κατάλογος
640 4546 985 4612 διδάσκοντες
1056 4553 1256 4623 ὁμοίαις
1319 4557 1408 4623 μὲν
1466 4559 1663 4628 χρήσε-

110 4651 170 4682 m
207 4637 468 4692 αἰταῖσθαι
515 4643 636 4700 τούς
689 4639 1020 4711 εὐχομένους,
1070 4642 1261 4712 καὶτῷ
1300 4642 1442 4712 αύτῴ
1488 4663 1666 4718 χαρα-

110 4731 232 4796 κτῆρι
269 4733 678 4802 προσεοικυίαις,
727 4729 933 4803 ῥήμασι
983 4725 1042 4782 δὲ
1088 4729 1367 4799 πλείστοις,
1416 4738 1505 4784 καὶ
1551 4729 1666 4785 δια-

112 4816 250 4883 φόροις
297 4815 622 4890 δοξολογίαις
689 4820 772 4868 τόν
825 4816 1018 4888 ἀγαθόν
1083 4824 1346 4878 Δεσπότην
1410 4820 1666 4894 ἐξευμενί-

115 4901 226 4969 σθαι,
252 4907 456 4968 πολλαῖς
485 4912 576 4958 καὶ
618 4904 795 4969 ἄλλαις
840 4906 1028 4978 εύχαῖς
1067 4905 1305 4980 συνῆψαν
1334 4915 1423 4962 καὶ
1452 4913 1663 4970 ταύτην.

112 4991 158 5038 Ti
190 4996 316 5068 7&9;
360 4995 484 5048 Ὀτι
540 5001 611 5069 μὴ
667 4991 913 5070 δακρύειν
967 5004 1029 5070 τῇ
1084 4997 1216 5070 εὐχῇ
1272 4999 1434 5072 ταύτῃ
1484 5005 1668 5076 προσέ-

115 5076 201 5130 θετο
232 5083 254 5132 6
281 5088 514 5160 Χριστὸς
554 5090 643 5137 καὶ
695 5086 979 5154 στενάζειν,
1006 5089 1140 5138 κατά
1175 5093 1328 5139 τοῦτο
1374 5086 1666 5163 ἀπαγορεύ-

116 5181 167 5215 ειν
190 5177 265 5223 καὶ
289 5183 455 5226 ταῦτα
502 5179 611 5249 χρή
644 5191 658 5242 ;
692 5179 794 5226 Καὶ
845 5183 952 5237 πῶς
1002 5172 1169 5228 Δαυῖδ
1197 5177 1224 5228 6
1267 5181 1422 5249 μέγας
1472 5185 1668 5254 προφή-

115 5269 183 5315 της
221 5267 298 5314 καὶ
342 5263 612 5330 Βασιλεύς,
665 5261 719 5315 ἐκ
782 5268 944 5315 ποίων
1009 5271 1214 5340 τρόπων
1269 5273 1360 5326 τῆς
1421 5273 1670 5340 μοιχείας

116 5349 182 5394 καὶ
221 5359 298 5402 τοῦ
349 5371 504 5424 φονου
556 5351 836 5423 ἀπήλειψεν
886 5353 1190 5426 ἐγκλήματα
1233 5372 1246 5422 ;
1306 5357 1449 5428 Ούχὶ
1507 5357 1668 5409 λούων

117 5434 207 5484 καθ’
245 5439 459 5499 ἑκάστην
507 5444 670 5493 νύκτα
721 5447 814 5500 τὴν
877 5441 1050 5500 κλίνην
1099 5449 1188 5495 καὶ
1245 5449 1339 5502 τὴν
1399 5451 1669 5521 στρωμνὴν

121 5515 156 5569 ἓν
196 5520 453 5604 dampnat;
507 5537 622 5594 Πῶς
671 5528 730 5584 δὴ
777 5533 827 5584 οὶ
876 5539 1012 5606 τρεῖς
1066 5529 1348 5611 παῖδεςβν
1388 5515 1547 5608 μέσῳ⁷
1579 5535 1671 5588 τοῦ

174 5648 214 5725 ζ’
238 5653 380 5721 Dan.
407 5672 493 5733 ιιιι
519 5660 614 5732 29,

1779 567 1962 623 quem
2020 563 2458 612 commemorat
2503 558 2771 631 episcopi
2841 563 3428 630 communicatﬁdei,

1778 641 1829 694 is
1860 641 1961 712 qui
1983 640 2174 707 offert,
2209 651 2265 698 et
2295 645 2634 702 traditionis
2674 649 3091 720 mysteriorum
3121 668 3431 709 successor

1777 734 1886 797 est,
1918 745 2040 786 non
2074 737 2275 788 autem
2302 735 2636 791 neotericus
2662 736 2913 809 quidam
2936 744 3154 810 mysta,
3190 746 3294 797 aut
3321 743 3428 798 ob-

1775 816 2034 874 latorum
2049 834 2085 874 a
2099 836 2162 875 se
2180 821 2596 892 symbolarum
2622 825 2679 880 in
2689 841 2796 880 ven
2807 832 2914 882 tor.
2932 830 3067 882 Post
3078 828 3318 899 hujusm
3327 830 3430 886 odi

1778 908 2301 981 proclamationes,
2329 911 2618 984 diptycha
2641 915 2930 987 vivorum,
2952 923 3098 988 puta
3115 919 3426 991 episcopo-

1775 1012 1931 1061 rum,
1963 1013 2196 1068 regum,
2226 1006 2281 1055 et
2310 1001 2701 1073 reliquorum,
2733 1005 2890 1060 elata
2919 1021 3063 1061 voce
3094 1023 3130 1062 a
3167 1007 3426 1065 diacono

1777 1087 2258 1157 pronuntiantur,
2310 1090 2630 1163 episcopus
2687 1099 2888 1148 autem
2931 1109 3144 1165 pacem
3193 1098 3427 1153 cunctis

1775 1174 2043 1229 ecclesiis
2061 1182 2357 1247 precatur,
2381 1184 2438 1233 et
2459 1185 2843 1251 peccatorum
2861 1181 3006 1253 ipsis
3028 1183 3422 1241 remissonem

1774 1262 2058 1332 postulat.
2091 1267 2153 1319 Et
2178 1266 2379 1321 statim
2401 1269 2518 1322 alia
2541 1270 2730 1324 oratio
2751 1285 2861 1340 pro
2884 1285 2946 1324 se
2967 1276 3023 1326 et
3041 1287 3150 1343 pro
3169 1274 3420 1345 populo.

1775 1352 1982 1406 Postea
2012 1352 2168 1407 elata
2215 1369 2361 1408 voce
2421 1357 2700 1411 recitatur
2750 1357 2827 1412 ab
2884 1358 3168 1414 universo
3197 1363 3423 1433 populo

1771 1438 1871 1495 illa
1923 1456 1958 1494 a
1999 1440 2227 1496 Christo
2261 1445 2377 1497 Deo
2409 1449 2612 1500 nostro
2666 1445 2891 1501 dictata
2921 1447 3146 1502 oratio:
3194 1471 3214 1497 ι
3251 1449 3424 1506 Pater

1772 1535 1972 1584 noster
2001 1530 2104 1600 qui
2134 1545 2196 1584 es
2217 1531 2277 1585 in
2299 1531 2481 1586 oculis.
2518 1555 2544 1581 ››

1845 1621 1929 1672 34.
1969 1621 2128 1672 Hanc
2149 1624 2349 1674 autem
2381 1637 2519 1675 cum
2574 1622 2653 1676 ob
2703 1621 2819 1679 alia
2878 1625 3072 1680 multa
3129 1630 3184 1680 et
3215 1627 3424 1695 gravia

1772 1707 2079 1762 decretum
2110 1713 2197 1763 est
2242 1709 2356 1763 hoc
2397 1709 2531 1765 loco
2573 1713 2828 1781 recitari,
2861 1729 2994 1784 quae
3029 1714 3170 1769 solis
3203 1719 3421 1786 myste-

1772 1795 1997 1851 riorum
2031 1797 2128 1851 Dei
2161 1799 2412 1854 consciis
2442 1803 2584 1855 nota
2615 1806 2755 1856 sunt
2784 1820 2796 1868 ;
2831 1806 2960 1856 tum
2992 1819 3128 1860 mea
3175 1804 3421 1876 quidem

1774 1886 2084 1947 sententia,
2129 1885 2272 1956 quia
2321 1887 2448 1941 haec
2506 1903 2644 1942 cum
2699 1889 3119 1960 principaliore
3170 1892 3423 1962 liturgiae

1772 1979 1939 2044 parte
1970 1973 2246 2043 cohaeret,
2288 1979 2489 2046 utpote
2517 1977 2722 2032 omnia
2752 1978 3102 2034 continens:
3130 1985 3187 2036 et
3233 1996 3305 2035 ne
3337 1981 3423 2035 in-

1773 2077 1955 2133 super
1971 2077 2184 2117 ansam
2201 2068 2482 2134 caperent
2496 2065 2743 2136 quidam
2759 2065 3018 2138 dicendi,
3053 2067 3210 2123 hanc
3231 2068 3424 2124 solam

1773 2166 1810 2206 a
1839 2149 2014 2205 nobis
2032 2151 2264 2206 recitari
2283 2151 2577 2207 Christum
2593 2153 2938 2220 mandasse,
2971 2155 3118 2210 nihil
3139 2162 3427 2228 praeterea

1773 2237 1956 2304 aliud,
1973 2243 2037 2294 ut
2051 2239 2218 2294 aiunt
2241 2240 2497 2295 Euchitae
2513 2241 2771 2296 haeretici
2784 2257 2938 2314 quos
2961 2248 3018 2300 et
3036 2244 3426 2301 Massalianos

1773 2331 1830 2383 et
1844 2327 2214 2382 Phundaitas
2236 2328 2560 2400 appellant.
2592 2329 2822 2402 Quippe
2842 2331 2903 2386 hi
2939 2332 3248 2404 praefracte
3270 2332 3427 2390 aﬂir-

1773 2417 2116 2488 mantquod
2132 2417 2364 2472 etiamsi
2375 2417 2570 2473 decies
2583 2417 2795 2473 millies
2809 2435 2944 2475 eam
2958 2421 3430 2488 recitaverimus,

1775 2505 2054 2561 eamdem
2070 2505 2270 2561 denuo
2287 2505 2480 2561 dicere
2499 2511 2790 2579 oporteat,
2810 2508 3075 2582 nihilque
3090 2509 3331 2576 addere,
3350 2510 3433 2566 lo-

1774 2593 2134 2666 quacitatem
2150 2610 2379 2650 meram
2393 2594 2656 2668 reliquos
2672 2597 2936 2669 hymnos
2951 2605 3008 2654 ct
3023 2598 3432 2655 confessiones

1776 2683 1949 2738 stulte
1977 2683 2378 2742 nominantes.
2409 2684 2545 2740 Jam
2575 2701 2718 2741 vero
2744 2687 3011 2743 Christus
3044 2691 3195 2744 Deus
3233 2694 3437 2745 noster

1777 2772 1930 2828 sicut
1957 2773 2017 2827 in
2040 2772 2282 2844 reliquis
2325 2773 2632 2843 omnibus,
2685 2774 2768 2832 ita
2817 2775 2996 2832 etiam
3025 2775 3086 2831 in
3117 2777 3232 2832 hac
3260 2793 3436 2850 prece

1778 2865 1991 2934 typum
2020 2861 2196 2916 nobis
2221 2860 2600 2934 formamque
2632 2864 2918 2934 precandi
2945 2865 3293 2922 ostenditac
3327 2866 3435 2922 do-

1778 2950 1918 3019 cuit,
1947 2950 2256 3022 quomodo
2283 2966 2499 3021 nempe
2529 2967 2663 3022 quae
2692 2953 3031 3008 necessaria
3057 2958 3194 3008 sunt
3236 2959 3435 3025 petere

1777 3045 2086 3112 oporteat:
2131 3045 2186 3094 et
2236 3040 2415 3110 hujus
2464 3040 2654 3112 precis
2711 3042 2908 3096 verbis
2959 3042 3302 3113 petitionem
3343 3058 3432 3099 re-

1776 3145 1912 3184 rum
1966 3128 2335 3184 caducarum
2379 3135 2436 3183 et
2487 3129 2910 3201 temporalium
2959 3131 3183 3198 vitare;
3234 3130 3434 3188 solum

1778 3226 1976 3291 petere
2000 3234 2218 3290 panem
2257 3217 2732 3285 substantialem,
2765 3218 2954 3288 idest,
3004 3220 3106 3291 qui
3167 3220 3434 3292 corporis

1780 3308 2179 3364 substantiam
2200 3308 2540 3363 corroboret
2557 3313 2738 3380 atque
2756 3314 3084 3374 conservet,
3104 3309 3434 3382 quominus

1777 3397 1936 3452 fame
1985 3396 2352 3461 conficiatur,
2407 3399 2651 3469 Insuper
2699 3411 2774 3452 ne
2821 3397 3112 3454 intremus
3142 3398 3204 3454 in
3249 3403 3432 3455 tenta-

1779 3482 2023 3547 tionem,
2079 3480 2257 3536 simul
2311 3480 2611 3552 postulare
2668 3481 2932 3537 indulsit.
2979 3482 3228 3555 Reliqua
3290 3499 3433 3540 vero

1779 3571 1983 3626 omnia
2016 3569 2320 3641 spiritalia,
2353 3575 2407 3625 et
2459 3569 2659 3625 futuro
2710 3571 2936 3626 saeculo
2989 3573 3430 3642 convenientia,

1780 3662 2114 3717 secundum
2144 3660 2403 3716 formam
2431 3665 2487 3716 et
2541 3661 2946 3716 characterem
2994 3661 3174 3733 hujus
3214 3661 3433 3717 divina

1778 3751 2065 3807 orationis
2096 3754 2404 3804 contexere
2430 3749 2714 3804 omnibus
2740 3749 3076 3820 imperavit.

1783 3847 2106 3914 χαρακτῆρα
2145 3846 2238 3899 τῆς
2304 3838 2567 3890 θεολέκτου
2615 3840 2805 3898 ταύτῆς
2863 3837 3023 3908 εὐχῆς
3070 3837 3432 3909 ἑξυφαίνεσθαι

1851 4023 1939 4075 35.
1964 4022 2033 4072 At
2049 4016 2108 4071 hi
2150 4031 2185 4071 a
2209 4019 2327 4071 Deo
2348 4014 2652 4070 maledicti
2673 4014 2950 4084 Euchitee,
2977 4018 3079 4086 qui
3098 4019 3153 4070 et
3167 4018 3429 4086 potesta-

1777 4112 1893 4163 tem
1929 4112 2108 4177 atque
2138 4105 2542 4177 principatum
2571 4103 2750 4174 hujus
2779 4103 3042 4158 universi
3073 4103 3284 4159 mundi
3308 4104 3432 4160 dia-

1775 4195 1915 4251 bolo
1946 4194 2291 4250 stultissime
2318 4192 2647 4248 attribuunt
2681 4196 2871 4263 (tanta
2897 4192 3169 4264 ipsorum
3192 4193 3432 4250 insania

1775 4290 1860 4340 est
1877 4284 1888 4336 i
1907 4285 1923 4352 )
1943 4299 2155 4338 omnes
2172 4283 2398 4338 orantis
2421 4297 2627 4353 preces
2643 4281 2702 4336 in
2723 4282 2817 4337 his
2846 4287 3081 4337 tantum
3098 4281 3296 4338 verbis
3321 4283 3430 4339 cir-

1774 4373 2204 4430 cumscribunt.
2232 4373 2345 4428 Sed
2371 4373 2530 4427 enim
2560 4371 2982 4443 deiloquorum
3015 4373 3430 4444 apostolorum

1773 4462 2011 4524 chorus,
2052 4465 2109 4516 et
2139 4466 2272 4533 post
2295 4461 2428 4516 illos
2457 4465 2802 4516 sanctorum
2835 4463 3073 4516 Patrum
3100 4461 3304 4533 series,
3325 4462 3433 4518 etsi

1774 4552 1991 4608 docent
2036 4555 2099 4606 ut
2137 4549 2384 4622 paribus
2438 4549 2746 4605 sententiis
2794 4555 3037 4606 orantes
3093 4556 3428 4622 precentur,

1775 4641 2092 4714 eidemque
2124 4644 2330 4696 formas
2360 4639 2655 4709 analogis,
2691 4639 2889 4696 verbis
2931 4645 3133 4697 tamen
3158 4641 3434 4713 plurimis

1775 4730 2146 4802 diversisque
2171 4728 2504 4799 doxologiis
2531 4728 2763 4783 bonum
2820 4729 3140 4784 Dominum
3192 4727 3432 4800 placare

1778 4819 2037 4884 student,
2072 4824 2128 4874 et
2153 4834 2292 4873 cum
2322 4817 2449 4873 aliis
2481 4817 2762 4889 precibus
2793 4817 2951 4874 hanc
2975 4832 3220 4889 quoque
3250 4831 3434 4888 capu-

1775 4909 1993 4965 larunt.
2036 4907 2188 4974 Quid
2231 4907 2392 4962 enim
2412 4907 2440 4962 ?
2471 4907 2623 4972 Quia
2651 4906 2973 4978 lacrymari
3013 4911 3069 4961 et
3098 4919 3341 4974 gemere
3370 4904 3432 4958 in

1775 4997 1890 5054 hac
1919 4996 2186 5052 oratione
2239 5010 2359 5052 non
2403 4995 2607 5052 docuit
2646 4995 2931 5062 Christus,
2988 5009 3137 5048 num
3179 4991 3434 5064 proinde

1776 5089 1906 5145 huic
1941 5093 2142 5143 vetare
2172 5091 2405 5159 oportet
2444 5087 2473 5142 ?
2531 5085 2719 5142 David
2749 5099 3010 5154 magnus
3043 5081 3337 5155 prOphcta
3379 5085 3437 5138 et

1777 5195 1879 5234 rex
1897 5177 2266 5250 quibusnam
2284 5176 2481 5231 modis
2499 5174 2774 5232 adulterii
2789 5180 2846 5229 et
2859 5171 3165 5227 homicidii
3181 5169 3438 5226 crimina

1779 5266 2107 5323 abstersit?
2132 5268 2339 5320 Nonne
2377 5263 2590 5320 lavans
2633 5261 2884 5332 singulis
2909 5261 3186 5317 noctibus
3212 5260 3439 5317 lectum

1780 5373 1957 5413 suum
1988 5360 2360 5427 stratumque
2390 5353 2674 5425 lacrymis
2696 5353 2723 5405 ?
2755 5351 3070 5416 Quomodo
3091 5357 3210 5407 tres
3259 5351 3442 5424 pueri

1779 5446 1842 5502 in
1897 5445 2096 5501 medio
2143 5445 2282 5516 igne
2325 5459 2524 5500 rorem
2568 5442 2795 5515 experti
2838 5441 3031 5497 sunt?
3090 5444 3298 5498 Nonne
3349 5441 3444 5496 his

1782 5535 1977 5594 verbis
2006 5534 2279 5592 dicendis
2307 5551 2321 5593 :
2355 5531 2756 5601 Peccavimus,
2797 5531 3002 5605 inique
3023 5533 3257 5605 egimus
3282 5533 3331 5568 "
3359 5532 3388 5591 ‘I
3417 5551 3440 5583 ι
