4028 6308
567 329 670 384 ιδε
1841 315 2196 376 THEODORI
2233 313 2654 378 ANDIDENSIS
3832 321 3950 383 464

569 453 637 507 Et
663 465 826 507 nunc
845 449 1012 507 haud
1041 448 1218 506 nobis
1249 463 1318 505 os
1336 445 1566 519 aperire
1593 444 1763 501 licet:
1796 443 2131 516 ignominia
2159 473 2160 482 ι

2353 446 2486 519 τυρὸς
2529 441 2864 520 έδροσίζοντο
2907 461 2920 513 ;
2975 449 3124 518 ουχὶ,
3155 444 3498 521 Ἦμάρτομεν,
3566 448 3944 522 ἡνομήσαμεν,

568 539 963 613 opprobrium
994 539 1134 596 facti
1160 553 1370 594 sumus
1401 536 1586 592 servis
1622 535 1760 604 tuis,
1793 539 1851 591 et
1879 532 2159 590 colentibl

2348 537 2557 604 tiyovrt;
2598 551 2612 602 ;
2649 538 2748 587 Καὶ
2799 541 2888 586 νῦν
2922 533 3016 587 οῦκ
3055 538 3196 588 ἔστιν
3235 537 3360 608 ἡμῖν
3406 534 3606 600 ἀνοῖξαι
3643 541 3702 590 τό
3738 542 3939 610 στόμα·

567 635 654 686 te:
683 635 742 686 et
767 621 1146 702 quaecunque
1186 627 1308 684 alia
1347 624 1940 698 comprehenduntur
1967 621 2068 679 illa
2091 637 2158 679 or

2350 621 2561 694 ιίσχύνη
2618 628 2706 676 καὶ
2763 619 2961 686 ὄνειδος
3017 622 3324 698 έγενήθημεν
3383 633 3492 687 τοῖς
3559 622 3765 688 δούλοις
3813 647 3941 698 σου,

568 719 746 775 tione.
780 723 928 774 Nam
979 717 1162 774 veluti
1200 715 1368 773 haud
1414 715 1508 772 his
1551 713 1832 778 contenti,
1879 716 2159 768 creatura:

2363 716 2418 763 αί
2467 720 2572 773 τοῖς
2627 712 2920 786 σεϐομένοις
2976 732 3051 766 σε·
3117 719 3206 766 καὶ
3267 717 3369 767 ὅσα
3427 723 3490 789 τῇ
3559 715 3692 789 εύχῇ
3762 720 3950 788 ταύτῃ.

567 807 911 864 universam
949 806 1030 864 ad
1069 805 1340 877 agendas
1387 803 1611 875 gratias
1647 800 2158 873 decantandumqi

2348 805 2686 854 ιὐντέτακται·
2738 800 2846 856 εἶτα
2891 805 2960 864 ὡς
3005 809 3077 876 μὴ
3131 802 3422 878 ἀρκούντων
3471 805 3650 867 αὐτοῖς
3707 809 3939 870 τούτων,

569 897 905 953 Creatorem
930 894 1203 952 invitant.
1228 896 1382 950 Num
1417 896 1474 949 et
1509 892 1640 948 haec
1654 889 1991 963 loquacitas
2023 888 2151 956 fuit,

2350 895 2416 942 ιαὶ
2484 897 2658 944 πᾶσαν
2708 897 2802 951 τὴν
2861 898 3034 945 κτίσιν
3082 893 3155 954 εἰς
3213 893 3556 969 εὐχαριστίαν
3619 901 3713 948 καὶ
3772 896 3941 968 ύμνον

565 985 902 1042 Antichristi
924 983 1220 1057 discipuli,
1251 984 1501 1055 ejusque
1523 980 1804 1038 adventui
1841 981 2156 1051 praeeunte:

2351 979 2698 1043 ινακαλοῦντες
2753 988 2844 1034 τοῦ
2895 989 3141 1040 Ποιητοῦ.
3185 986 3269 1041 Μὴ
3304 983 3407 1056 ἄρα
3449 988 3538 1036 καὶ
3583 991 3754 1036 ταῦτα
3798 982 3942 1056 βατ-

565 1090 761 1147 neque
774 1075 935 1132 enim
952 1091 1060 1132 vos
1076 1088 1476 1148 praecursores
1489 1071 1644 1128 illius
1663 1069 1967 1143 appellare
1983 1066 2154 1124 dubit

2351 1067 2554 1140 ὀλογία,
2604 1066 2644 1120 ὦ
2690 1078 2780 1123 τοῦ
2842 1071 3210 1144 Ἀντιχρίστου
3267 1073 3500 1144 μαθηταὶ
3549 1077 3639 1124 καὶ
3699 1076 3942 1146 προτρέ-

565 1164 660 1220 His
686 1181 827 1234 ergo
849 1181 884 1222 a
910 1163 1130 1222 sanctis
1171 1162 1441 1220 Patribus
1467 1159 1818 1233 compositis
1843 1156 2156 1215 orationibi

2350 1177 2506 1229 εόντες
2560 1159 2714 1212 ούτοῦ
2779 1166 3070 1232 παρουσίας
3104 1177 3118 1228 ;
3151 1159 3228 1212 Ού
3252 1163 3354 1234 γὰρ
3407 1157 3739 1236 προδρόμους
3793 1163 3941 1233 ὑμᾶς

565 1255 718 1310 Deus
747 1254 1131 1328 potissimum
1159 1252 1535 1326 propitiatur,
1569 1255 1750 1322 atque
1779 1247 1860 1304 ad
1887 1246 2156 1304 miserico

2350 1250 2574 1320 νέχομαι
2621 1248 2892 1323 ὀνομάζειν
2940 1248 3154 1305 ἐκείνου.
3209 1253 3426 1312 Τούτοις
3478 1246 3566 1303 οὖν
3616 1258 3729 1312 τοῖς
3798 1254 3941 1323 πρός

563 1341 726 1401 diam
764 1344 1038 1402 ﬂectitur.

2350 1345 2421 1389 ’ῶν
2487 1337 2646 1410 ἁγίων
2709 1338 2995 1414 εἰρημένοις
3055 1343 3113 1392 τό
3181 1343 3332 1392 Θεῖον
3389 1339 3578 1412 μᾷλλον
3643 1338 3941 1404 έξιλεοῦται

2325 1431 2414 1480 καὶ
2437 1430 2564 1501 πρὸς
2591 1430 2919 1502 συμπάθειαν
2948 1429 3266 1502 κάμπτεται.

632 1581 719 1633 36.
746 1578 868 1648 Age
896 1589 1035 1630 vero
1067 1573 1146 1631 ad
1167 1572 1328 1628 hunc
1377 1569 1674 1628 sermonis
1728 1569 1930 1627 locum
1977 1567 2213 1626 delatus

2394 1568 2483 1632 λς’.
2534 1569 2669 1623 Ἀλλ’
2702 1567 2806 1624 ὦδε
2857 1579 2948 1624 τοῦ
2977 1569 3134 1644 λόγου
3181 1575 3469 1644 γενόμενος,
3501 1575 3635 1646 μετὰ
3679 1580 3776 1631 τῆν
3847 1571 3933 1625 έκ-

557 1670 696 1737 post
731 1663 1042 1720 recitatam
1071 1661 1227 1720 elata
1249 1677 1398 1718 voce
1436 1660 1793 1725 orationem,
1831 1675 1968 1732 quae
1998 1659 2148 1715 dicit

2348 1664 2553 1718 ιώνησιν
2639 1669 2734 1721 τῆς
2846 1661 3011 1733 εύχῆς
3103 1661 3501 1735 κεφαλοκλισίας
3595 1668 3939 1738 πραττόμενα

557 1751 957 1810 inclinationis
988 1752 1218 1824 capitis,
1250 1767 1322 1808 ea
1346 1765 1482 1824 qua:
1513 1750 1666 1806 fiunt
1701 1749 1888 1824 .juxta
1935 1748 2146 1805 ecclesi

2340 1752 2457 1802 ιατά
2502 1745 2800 1823 παράδοσιν
2851 1750 3295 1810 ἐκκλησιαστικην
3351 1754 3678 1826 παρινθεῖναι
3727 1752 3931 1823 ᾠήθην·

556 1845 768 1899 sticam
801 1839 1182 1898 traditionem
1228 1839 1326 1896 hic
1363 1837 1773 1896 interserenda
1811 1853 1941 1895 esse
1981 1842 2147 1910 putat

2343 1842 2526 1912 ῖρηται
2581 1843 2682 1914 γὰρ
2735 1839 2784 1893 ἐν
2838 1847 2898 1913 τῇ
2955 1838 3099 1914 ἀρχῇ
3151 1849 3247 1903 τῆς
3283 1844 3572 1916 προθέσεως
3610 1844 3675 1902 ὡς
3719 1841 3934 1913 ἑτοιμά-

556 1931 788 1988 Dictum
843 1931 1004 1986 enim
1052 1929 1182 2002 jam
1247 1927 1377 1998 fuit,
1463 1927 1630 2001 quod
1683 1944 1824 1984 cum
1899 1928 2147 1985 instruit

2345 1933 2469 1987 ἵεται
2525 1931 2655 2002 μετὰ
2702 1937 2792 1982 τοῦ
2848 1931 2984 1982 θείου
3055 1938 3294 2004 σώματος
3335 1935 3425 1983 καὶ
3480 1935 3538 1983 τὸ
3608 1936 3936 1984 Δεσποτικόν

552 2021 872 2094 prothesis,
946 2023 1321 2094 praeparatur
1411 2033 1552 2074 cum
1651 2017 1860 2074 divino
1959 2033 2143 2090 corpo

2342 2017 2454 2092 ιῖμα
2482 2023 2626 2095 παρὰ
2664 2028 2755 2072 τοῦ
2795 2017 3066 2091 διακόνου,
3112 2020 3513 2094 ἑπεμϐάλλοντος
3561 2017 3809 2079 δηλονότι
3838 2027 3933 2074 καὶ

549 2111 730 2168 etiam
760 2110 1106 2168 Dominicus
1155 2108 1404 2180 sanguis
1436 2123 1474 2165 a
1520 2107 1802 2176 diacono,
1841 2106 1947 2179 qui
1997 2111 2056 2164 et
2093 2123 2140 2163 e:

2342 2113 2476 2183 ιέρος
2529 2113 2716 2182 μικρὸν
2780 2105 2994 2171 ὓδατος·
3064 2115 3155 2162 καὶ
3218 2115 3462 2184 μένουσιν
3528 2110 3693 2173 οὓτως
3773 2109 3933 2182 ἁγια-

547 2216 735 2272 guam
764 2216 940 2272 aquae
965 2204 1202 2272 partem
1239 2196 1506 2254 immittit
1543 2215 1556 2252 :
1604 2211 1797 2269 eaque
1843 2198 1930 2252 ita
1959 2211 2138 2252 mane

2342 2203 2513 2271 ῖόμενα
2563 2205 2654 2252 καὶ
2709 2201 3127 2274 μεταποιούμενοι
3172 2209 3244 2272 τῷ
3293 2200 3428 2271 ἁγιῷ
3479 2203 3744 2272 Πνεῦματι
3793 2199 3933 2274 ἄχρι

546 2289 923 2346 sanctificata
950 2291 1008 2345 et
1029 2291 1434 2344 transmutata
1453 2301 1488 2342 a
1513 2291 1724 2342 sancto
1747 2285 1987 2358 Spiritu,
2015 2301 2131 2358 usq

2341 2295 2414 2341 ὀῦ
2469 2296 2657 2363 καιροῦ
2712 2297 2808 2350 τῆς
2867 2289 3120 2360 ύψὼσεως
3170 2297 3262 2342 τοῦ
3309 2295 3485 2362 τιμίου
3534 2296 3783 2362 σώματος
3833 2298 3932 2342 τοῦ

547 2379 628 2434 ad
657 2383 918 2450 tempus,
951 2392 1075 2449 quo
1105 2376 1368 2432 elevatur
1385 2375 1714 2446 pretiosum
1745 2374 1957 2431 Christi
1993 2389 2136 2446 corp

2337 2366 2556 2454 (ριστοῦ
2609 2383 2700 2431 καὶ
2750 2386 2886 2432 Θεοῦ
2933 2381 3098 2451 ἡμῶν·
3154 2383 3270 2432 τότε
3327 2376 3394 2438 δὴ
3446 2380 3722 2452 κομίζεται
3777 2376 3928 2452 ύόωρ

547 2467 650 2522 Dei
703 2466 907 2524 nostri.
961 2467 1122 2520 Tunc
1186 2479 1324 2520 vero
1392 2462 1638 2520 affertur
1688 2479 1858 2532 aquae
1918 2462 2138 2518 fervent

2340 2469 2636 2540 lsppomrov
2679 2465 2752 2529 εἷς
2822 2466 3146 2541 λεϐητάριον,
3213 2473 3303 2520 καὶ
3351 2476 3596 2543 κιρνῶσιν
3652 2467 3705 2530 ἐξ
3761 2467 3931 2520 αὐτοῦ

548 2570 738 2628 parva
757 2553 982 2626 phiala,
1022 2569 1096 2609 ex
1133 2567 1325 2624 eaque
1364 2551 1690 2608 infundunt
1707 2551 1770 2606 in
1792 2556 2013 2607 sanctae
2045 2567 2139 2608 me

2342 2558 2386 2608 ’ἀ
2430 2561 2742 2630 προκείμενα
2801 2555 2850 2607 ἐν
2905 2564 2968 2628 τῇ
3028 2556 3157 2628 αοιίᾳ
3215 2557 3470 2632 τραπέζῃ,
3515 2560 3613 2609 εἶτε
3671 2565 3933 2631 κρατῆρες

545 2661 628 2700 sie
658 2643 942 2715 imposita
977 2657 1145 2711 vasa,
1202 2641 1327 2698 sive
1371 2644 1629 2697 crateres
1661 2640 1780 2696 sint
1803 2641 1924 2695 sive
1948 2640 2136 2712 pocul.

2339 2648 2421 2698 εἶτε
2470 2650 2699 2718 ποτήρια
2751 2647 2866 2697 εἶενο
2929 2645 2991 2696 ἶν’
3040 2648 3214 2718 ὥσπερ
3268 2648 3336 2708 ὡς
3393 2644 3448 2697 ἐκ
3505 2646 3630 2707 ζοῆς
3659 2646 3930 2718 προῆλθον

544 2738 612 2789 ut
649 2731 1166 2805 quemadmodum
1206 2728 1390 2786 ambo
1438 2731 1626 2802 (aqua
1647 2731 1705 2785 et
1734 2729 2000 2799 sanguis)
2029 2744 2102 2786 ex
2129 2746 2135 2760 ε

2340 2742 2415 2796 ’ῆς
2459 2736 2594 2794 θείας
2636 2734 2874 2807 πλευρᾶς,
2942 2732 3208 2808 ἀμφότερα
3277 2736 3588 2807 θερμότητος
3638 2733 3931 2808 πεπληρω-

543 2821 647 2880 tali
702 2821 856 2877 sacri
899 2819 1101 2876 lateris
1157 2818 1315 2874 fonte
1369 2817 1630 2874 calentes
1697 2817 2070 2890 prodierunt,
2126 2819 2134 2874 1'

2340 2827 2466 2887 ιένα,
2522 2823 2656 2875 ούτω
2701 2819 2766 2881 δὴ
2822 2827 2882 2874 τὸ
2931 2819 3076 2896 ὕδωρ
3152 2825 3462 2897 θερμότατον
3505 2821 3554 2874 έν
3623 2831 3697 2874 τῶ
3753 2833 3931 2898 καιρῷ

544 2925 708 2984 aqua
735 2908 964 2966 fervida
998 2907 1357 2980 sumptionis
1409 2911 1678 2979 tempore
1708 2907 1951 2978 injecta,
1985 2907 2135 2980 perte

2338 2920 2409 2973 ’ῆς
2457 2911 2793 2985 μεταλήψεδς
2847 2910 3308 2985 έπεμϐαλλόμενον,
3369 2911 3553 2964 τέλειον
3609 2915 3697 2964 τόν
3759 2916 3929 2965 τύπον

543 3012 671 3064 tum
685 3012 893 3080 typum
907 3004 1206 3071 absolvat,
1225 3004 1372 3060 dum
1386 3005 1901 3061 communicantes
1915 3005 2134 3077 papilla

2340 3001 2606 3076 ιναπληροῖ
2651 3009 2751 3053 τῶν
2807 3000 3300 3074 μεταλαμϐανόντων
3349 3009 3412 3060 τῆ
3483 3000 3610 3060 θηλῆ
3674 3009 3770 3054 τοῦ
3833 3021 3931 3054 πο-

542 3095 726 3152 veluti
774 3095 998 3163 calicis,
1047 3092 1220 3166 quasi
1261 3093 1467 3165 ipsum
1497 3091 1672 3150 vitale
1704 3095 1859 3150 latus
1881 3093 2133 3164 attingui

2334 3096 2518 3166 ἠρίου,
2573 3093 2641 3153 ὡς
2695 3090 2821 3164 αύτῇ
2881 3099 2943 3163 τῇ
3005 3092 3335 3165 ζωοπαρόχῳ
3382 3089 3579 3163 πλευρᾷ
3624 3090 3925 3162 ψαυόντων.

543 3186 658 3243 Sed
685 3184 764 3243 ad
793 3183 1088 3242 sermonis
1125 3183 1339 3239 seriem
1366 3182 1702 3239 redeamus.

2379 3149 2388 3166 .
2504 3149 2518 3161 ι
2626 3149 2638 3153 -
2797 3149 2814 3164 .ν
2919 3152 2928 3163 .
3015 3149 3028 3152 τ
3187 3149 3316 3165 .,-.
3511 3149 3567 3163 ..
3635 3149 3646 3162 .

2337 3180 2449 3234 Αλλ’
2525 3178 2612 3232 ἐπὶ
2669 3184 2763 3238 τὴν
2847 3179 3156 3233 ἀκολουθίαν
3218 3180 3311 3232 τού
3385 3178 3542 3250 λόγου
3623 3177 3928 3253 έπαναδρά·

2312 3273 2506 3343 μωμὲν.

619 3368 710 3419 37.
740 3366 876 3420 Post
894 3361 1329 3434 proclamatam
1357 3361 1558 3434 itaque
1575 3360 1910 3418 orationem
1949 3377 2086 3434 quae
2115 3361 2204 3417 di-

2383 3357 2480 3419 λζ.
2536 3360 2683 3412 Μετὰ
2728 3360 2821 3416 τὴν
2871 3356 3159 3429 ἐκφὼνησίν
3213 3365 3301 3410 οῦν
3365 3365 3462 3420 τῆς
3513 3357 3919 3430 κεφαλοκλισίας

547 3451 700 3508 citur
725 3450 1127 3508 inclinationis
1158 3449 1390 3522 capitis,
1417 3454 1476 3506 et
1503 3455 1639 3522 post
1661 3451 1930 3523 episcOpi
1953 3451 2138 3522 pI‘OfUI

2329 3452 2398 3500 ιαὶ
2449 3452 2544 3506 την
2595 3449 2898 3500 ὑπόπτωσιν
2947 3454 3040 3499 τοῦ
3070 3445 3358 3519 ἀρχιερέως
3385 3452 3588 3519 γίνεται
3642 3447 3708 3506 Si:
3738 3447 3920 3518 ψωσις

547 3542 694 3598 dam
715 3539 1148 3606 adorationem,
1192 3540 1259 3595 ﬁt
1295 3539 1546 3596 elevatio
1573 3539 1900 3596 venerandi
1937 3555 2138 3613 corpox

2323 3544 2402 3590 τοῦ
2448 3541 2625 3608 τιμίου
2687 3541 2922 3609 σώματος
2981 3542 3074 3587 τοῦ
3123 3543 3359 3610 Χριστοῦ
3411 3541 3501 3588 καὶ
3556 3531 3690 3589 Θεοῦ
3739 3539 3914 3608 ἡμῶν,

552 3629 762 3689 Christi
791 3629 891 3686 Dei
922 3629 1130 3695 nostri,
1175 3632 1242 3684 ut
1283 3631 1572 3684 attestans
1600 3629 1680 3684 ait
1708 3629 2015 3696 sacerdos,
2066 3645 2143 3700 pr:

2326 3629 2375 3686 Si;
2466 3622 2946 3700 διαμαρτυρόμενος
3019 3623 3152 3695 λέγει
3244 3624 3270 3676 ό
3364 3626 3548 3698 ἱερεύς,
3623 3633 3917 3698 μονονουχὶ

548 3719 882 3793 pemodum
906 3719 988 3776 ita
1016 3717 1260 3774 dicens:
1290 3739 1319 3766 »
1342 3716 1607 3774 Exaltate
1646 3717 1967 3774 Dominum
1991 3719 2139 3774 Deut

2322 3718 2504 3768 ›ύτωσι
2556 3717 2765 3788 φάσκων
2810 3715 2889 3766 ὃτι
2939 3709 3119 3772 ἐπειδὴ
3170 3715 3220 3766 οἱ
3261 3722 3525 3788 προφῆται
3569 3718 3669 3788 πρό
3714 3714 3913 3767 πολλῶν

546 3813 823 3868 nostrum
835 3811 892 3864 et
907 3807 1155 3864 adorata
1166 3805 1498 3864 scabellum
1509 3807 1735 3879 pedum
1751 3808 1898 3878 ejus,
1911 3807 2055 3879 quia
2071 3823 2137 3864 sa

2322 3814 2486 3875 γενεῶν
2557 3803 2939 3881 προετρέψαντο
3017 3802 3267 3875 λέγοντες.
3343 3826 3364 3853 ι
3439 3803 3656 3874 ’Υψοῦτι
3721 3808 3913 3878 Κύριον

545 3902 677 3957 ctus
695 3902 812 3956 est:
845 3913 984 3956 ecce
997 3896 1318 3970 praedictus
1337 3900 1581 3954 sanctus
1604 3897 1890 3954 Dominus
1914 3896 2136 3954 elevatu

2322 3897 2394 3946 τόν
2439 3896 2567 3946 Θεὸν
2614 3895 2778 3965 ἡμῶν,
2826 3896 2915 3944 καὶ
2955 3899 3293 3966 προσκυνεῖτε
3356 3901 3427 3964 τῷ
3482 3889 3758 3963 ὑποποδίῳ
3813 3901 3913 3945 τῶν

545 3988 830 4062 Quisquis
872 3988 1052 4058 igitur
1090 3989 1337 4044 sanctus
1367 3990 1472 4053 est,
1514 3987 1780 4044 accedat.
1815 3989 1964 4044 Nam
1994 4003 2136 4045 sane

2324 3979 2484 4035 τοὸῶν
2542 3982 2721 4053 αὑτοῦ,
2795 3983 2874 4034 ὅτι
2922 3980 3065 4052 ἅγιός
3112 3979 3273 4033 ἐστιν’
3342 3977 3459 4034 ἰδοῦ
3515 3983 3541 4033 ὁ
3597 3981 3915 4056 προρρηθεις

546 4083 786 4137 sanctos
844 4078 1076 4136 decent.
1111 4098 1140 4127 »
1180 4076 1493 4134 Auditores
1537 4092 1703 4145 vero,
1750 4077 2036 4134 humanae
2092 4093 2131 4133 n

2327 4072 2450 4144 ὲγιος
2499 4075 2685 4144 Κύριος
2740 4070 2988 4142 ὑψοῦται.
3031 4069 3220 4132 Ὅστις
3279 4078 3368 4122 οῦν
3445 4069 3611 4143 ἅγιος,
3690 4071 3918 4145 προσελ-

546 4172 694 4224 ῑιιτιθ
722 4167 1129 4223 infirmitatem
1158 4170 1528 4238 reputautes,
1553 4165 1795 4223 dicunt:
1828 4191 1856 4218 «
1879 4169 2040 4225 Unus
2067 4183 2137 4224 sa

2324 4165 2458 4217 lito).
2508 4163 2586 4214 Τὰ
2640 4163 2742 4234 γὰρ
2797 4160 2928 4229 ἅγια
2971 4168 3076 4221 τοῖς
3127 4159 3298 4231 ἁγίοις
3347 4164 3551 4235 πρέπει.
3618 4183 3638 4208 ι
3723 4164 3791 4213 Oi
3857 4157 3915 4214 δε

544 4258 676 4312 ctus
699 4255 996 4312 Dominua
1035 4256 1202 4310 Jesus
1249 4254 1534 4323 Christus,
1567 4261 1812 4326 peccato
1841 4257 2090 4313 omnino
2109 4257 2135 4313 i2

2325 4250 2583 4325 ὶκροαται,
2674 4257 2770 4312 τῆς
2858 4249 3185 4323 ἀνθρωπίνης
3276 4252 3474 4322 φύσεως
3547 4253 3608 4302 τό
3704 4248 3916 4310 ἀσθενὲς

546 4357 865 4401 accessus.
891 4365 920 4393 »
967 4342 1298 4414 Statimque
1343 4342 1532 4398 divini
1579 4344 1884 4415 perficitur
1929 4361 2137 4418 corpor

2324 4339 2752 4412 ἷιναλογιζόμενοι,
2805 4338 3066 4411 λέγουσιν·
3132 4361 3153 4389 ι
3225 4335 3309 4400 Εἷς
3370 4343 3523 4410 μόνος
3588 4339 3735 4410 ἅγιος
3807 4344 3915 4392 Κύ-

543 4430 779 4487 divisio.
805 4429 922 4488 Sed
948 4445 1306 4503 quanquam
1324 4429 1386 4487 in
1405 4436 1605 4504 partes
1643 4431 1949 4504 scinditur,
1994 4450 2134 4492 man

2325 4449 2414 4492 ›ιος
2472 4430 2674 4490 Ἰησοῦς
2717 4431 2971 4503 Χριστός,
3029 4430 3056 4480 ὁ
3121 4429 3382 4504 ἁμαρτίας
3447 4427 3704 4489 παντελῶς
3763 4427 3916 4482 ἀνεπὶ

542 4523 748 4576 tamen
774 4517 1156 4591 impartibilis
1185 4522 1243 4574 et
1261 4497 1554 4575 indivisus
1590 4519 1652 4575 in
1707 4497 2078 4594 unaquaque
2115 4542 2133 4579 (

2323 4515 2506 4579 ΐεκτος.
2558 4537 2588 4571 ι
2652 4497 2962 4578 Καὶ-εὐθὺς
2994 4518 3020 4569 ό
3069 4497 3326 4590 μερισμός
3368 4523 3461 4569 τοῦ
3510 4518 3648 4569 θείου
3689 4515 3914 4571 τελεῖται

542 4606 809 4664 visarum
833 4609 1094 4680 partium
1123 4605 1286 4663 idem
1329 4612 1488 4664 totus
1520 4607 1677 4664 Deus
1708 4609 1893 4666 homo
1931 4612 2112 4668 etiam

2320 4614 2568 4680 πώματος.
2623 4605 2779 4660 Ἀλλά
2839 4607 2935 4657 κάν
3003 4609 3290 4678 μερίζεται,
3339 4607 3614 4678 ἀμέριστος
3669 4602 3911 4679 διαμένει

539 4700 743 4772 partes
763 4700 976 4754 sectus.
1010 4695 1131 4751 Etsi
1161 4695 1321 4751 enim
1343 4700 1400 4752 et
1426 4697 1904 4770 corruptibilitati
1948 4700 2060 4758 fuit
2095 4718 2130 4758 o

2321 4703 2393 4750 ιαὶ
2448 4696 2677 4768 ἄτμητος
2739 4695 2824 4768 ὑφ’
2889 4694 2961 4747 ἑνὶ
3039 4695 3239 4767 ἑκάστῳ
3303 4699 3446 4768 μέρει
3501 4699 3821 4768 τεμνομένων
3886 4697 3912 4748 ό

541 4786 760 4844 noxius
807 4801 879 4843 ac
925 4784 1124 4854 morti,
1181 4787 1448 4841 attamen
1494 4801 1636 4842 caro
1686 4787 1816 4858 ejus
1863 4787 1925 4844 in
1963 4789 2132 4848 inferi

2323 4786 2455 4846 ιύτός
2497 4785 2610 4846 ὅλος
2670 4785 2988 4857 θεάνθρωπος
3057 4785 3394 4860 μεριζόμινός
3426 4802 3481 4836 τε
3527 4789 3618 4836 καὶ
3667 4785 3914 4857 εύρισκό-

539 4890 664 4934 non
685 4875 935 4948 agnovit
971 4873 1439 4946 corruptionem.
1481 4875 1738 4933 Elevatio
1769 4882 1972 4934 autem
2018 4896 2128 4936 ven

2320 4891 2470 4935 ιενος’
2524 4875 2568 4926 εἰ
2606 4875 2708 4948 γὰρ
2756 4877 2847 4926 καί
2899 4875 3064 4948 φθορᾲ
3115 4874 3312 4931 ὑπέστη
3367 4877 3457 4925 καί
3503 4875 3728 4945 θανάτῳ,
3797 4871 3911 4928 ἀλλ’

537 4965 716 5024 randi
751 4964 1018 5038 corporis
1046 4961 1441 5021 elevationem
1476 4964 1540 5020 in
1569 4979 1807 5022 crucem
1865 4982 2128 5040 reprtese:

2320 4966 2334 5022 ᾖ
2387 4963 2520 5037 σὰρξ
2548 4963 2710 5016 αὐτοῦ
2767 4961 2815 5014 έν
2853 4970 2924 5033 τῷ
2953 4959 3058 5035 ᾁδη
3092 4962 3185 5014 οὐκ
3233 4957 3340 5014 εἶδε
3381 4958 3692 5036 διαφθοράν.
3727 4961 3786 5015 Ἠ
3851 4961 3911 5016 δὲ

537 5058 643 5126 tat,
699 5054 904 5128 ibique
960 5058 1238 5120 mortem,
1305 5052 1626 5125 ipsamque
1673 5058 2128 5115 resurrectione!

2318 5053 2506 5125 Ξψωσις
2555 5060 2645 5106 τοῦ
2692 5057 2870 5125 τιμίου
2921 5057 3160 5125 σώματος
3215 5051 3456 5112 εἰκονίζει
3513 5056 3607 5109 τὴν
3674 5050 3760 5104 έπί
3816 5062 3909 5106 τοῦ

538 5145 720 5200 Porro
740 5149 797 5200 et
824 5143 1198 5216 participatio
1227 5140 1477 5198 denotat
1498 5141 1661 5198 illam
1682 5149 1818 5200 ante
1848 5146 2127 5217 passione

2314 5150 2533 5218 σταυροῦ
2584 5141 2809 5213 ύψωσιν,
2861 5146 2952 5194 καί
2982 5144 3069 5193 τὸν
3115 5139 3163 5192 ἓν
3195 5141 3336 5212 αὐτῷ
3389 5143 3627 5212 θάνατον,
3679 5146 3770 5194 καί
3817 5143 3905 5195 αύ-

538 5231 600 5288 in
620 5233 875 5304 mystico
896 5231 1172 5291 convivio
1189 5231 1570 5289 traditionem
1587 5234 1762 5305 panis
1779 5239 1836 5289 et
1851 5251 2129 5293 commun

2313 5238 2393 5292 τὴν
2449 5235 2543 5290 τὴν
2585 5229 2889 5284 ἀνάστασιν.
2945 5229 3101 5288 Δηλοῖ
3139 5226 3200 5283 δὲ
3246 5235 3336 5282 καί
3393 5231 3424 5287 ἠ
3473 5229 3768 5302 μετάληψις
3810 5238 3904 5291 τὴν

539 5320 774 5391 calicis;
819 5321 894 5378 de
924 5338 1046 5395 quo
1094 5323 1243 5379 dixit
1291 5323 1565 5379 Servator
1599 5327 1840 5380 noster:
1875 5347 1904 5375 ‹‹
1954 5330 2130 5383 Amoc

2312 5326 2398 5396 τρὸ
2429 5329 2520 5374 τοῦ
2566 5323 2767 5384 πάθους
2814 5320 2898 5373 ἐπί
2926 5327 3018 5373 τοῦ
3058 5327 3317 5392 μυστικοῦ
3367 5315 3580 5372 δείπνου
3612 5317 3903 5393 μετάδοσιν

540 5422 614 5464 ex
627 5408 744 5465 hoc
759 5425 882 5466 non
901 5409 1134 5479 bibam,
1155 5409 1349 5467 donec
1387 5425 1618 5467 novum
1648 5409 1949 5468 bibiturus
1966 5430 2102 5470 sum
2126 5432 2131 5470 :

2311 5419 2386 5465 τοῦ
2441 5412 2600 5486 ἄρτου
2657 5415 2748 5463 καί
2794 5417 2886 5462 τοῦ
2936 5416 3112 5462 κοινοῦ
3159 5413 3436 5482 ποτηρίου·
3488 5412 3608 5482 περὶ
3653 5405 3712 5461 οὗ
3768 5407 3902 5464 εἶπεν

536 5511 725 5568 regno
745 5497 932 5555 Patris
953 5499 1073 5555 mei
1098 5515 1111 5565 ;
1145 5520 1175 5551 η
1196 5514 1380 5572 quem
1404 5514 1620 5573 reapse
1648 5504 1787 5572 post
1805 5503 2127 5560 resurrectii

2310 5507 2474 5576 Εωτὴρ
2514 5503 2682 5575 ἡμῶν,
2732 5523 2763 5550 ‹‹
2815 5500 3004 5554 Ούκέτι
3059 5499 3116 5553 ἐκ
3166 5503 3354 5554 τούτου
3394 5502 3518 5568 πίω,
3568 5500 3736 5574 ἄρχις
3783 5504 3901 5553 ὅτου

536 5599 680 5646 nem
701 5585 856 5646 bibit
891 5585 1243 5646 mirabiliter
1271 5590 1329 5646 et
1356 5586 1626 5648 insolita:
1666 5603 1792 5648 non
1819 5589 1981 5650 enim
2012 5607 2127 5669 qua

2305 5593 2473 5649 καινὸν
2519 5590 2646 5647 αύτό
2693 5594 2798 5647 πίω
2845 5588 2895 5645 έν
2931 5597 2992 5669 τῇ
3049 5588 3298 5665 βασιλεία
3335 5595 3428 5645 τοῦ
3480 5591 3689 5666 Πατρός
3738 5608 3896 5668 μου.»
