4028 6308
112 361 209 416 485

1351 352 1858 415 COMMENTATIO
1898 352 2274 412 LlTURGICA

3378 344 3484 398 466

115 486 139 538 6
195 485 284 537 καὶ
344 482 473 538 ἔπιε
523 485 657 558 μετά
719 487 816 544 τὴν
876 485 1165 539 ἀνάστασιν
1227 481 1378 546 ξίνως
1442 485 1573 554 ὁμοῦ
1635 483 1723 534 καὶ

1841 482 1979 539 tunc
2021 495 2241 554 corpus
2277 492 2417 535 esca
2442 478 2661 548 egeret,
2717 472 2824 532 sed
2848 474 2914 532 ut
2940 467 3250 544 discipulis
3284 479 3485 525 resur'

110 582 470 646 καινοπρεπῶς
504 595 516 608 ·
568 573 628 628 οῦ
674 573 777 650 γάρ
827 576 895 636 ὡς
936 578 1123 646 χρείαν
1170 579 1459 632 τηνικαῦτα
1502 578 1595 625 τοῦ
1627 577 1728 624 σώ-

111 681 262 735 ματος
330 666 558 735 ἔχοντος
614 673 831 738 τροφῆς,
903 663 1012 716 ἀλλ’
1079 663 1152 728 εἰς
1216 661 1568 738 πληροφορίαν
1628 668 1726 714 τῶν

111 754 350 823 μαθητῶν
381 761 493 816 τῆς
519 755 858 817 ἀναστάσεως
885 756 1045 810 "una.

171 841 272 899 λη’.
315 845 481 894 Μετά
531 850 700 895 ταῦτα
746 845 777 902 ἡ
839 842 973 914 εὐχὴ
1024 850 1119 904 τῆς
1172 843 1535 914 εὐχαριστίας,
1579 838 1724 896 καὶή

109 931 247 1003 οἰρσις
300 939 410 982 τῶν
489 931 927 1005 καταλειφθέντων
983 934 1129 986 θείων
1181 930 1455 1002 λειψάνων,
1494 931 1606 991 ἣτις
1633 932 1728 987 τὴν

111 1018 366 1091 ανάληψεν
422 1029 528 1074 τοῦ
584 1026 778 1097 Κυρίου
831 1027 922 1075 καὶ
971 1029 1104 1075 Θεοῦ
1153 1023 1295 1094 ἡμῶν
1339 1021 1724 1073 ὑπαινίττεταιο

111 1108 237 1180 λέγει
288 1112 402 1184 γὰρ
451 1115 575 1164 τότε
626 1112 652 1162 6
703 1113 885 1186 ἰερεύς⁴
935 1117 967 1165 ἀ
1013 1110 1277 1182 ’ὶψώθπι
1315 1108 1399 1163 ἰπὶ
1427 1113 1549 1170 τοὺς
1578 1111 1729 1183 οὐρα.

111 1201 240 1264 νοῦς,
303 1201 332 1252 6
389 1204 557 1266 Θεὸς,
615 1205 706 1254 καὶ
763 1199 847 1254 ἔπι
876 1207 1050 1254 πᾶσαν
1079 1205 1173 1259 τὴν
1201 1208 1301 1272 γῆν
1330 1205 1361 1258 ἡ
1391 1196 1524 1262 δόξα
1547 1217 1661 1251 σου.
1699 1217 1727 1246 ››

109 1287 432 1361 ’Υψουμένου
493 1292 596 1364 γὰρ
648 1289 697 1342 ἄν
754 1298 819 1363 τῇ
882 1288 1155 1359 ἀναλήψει,
1205 1289 1376 1362 ἔλεγον
1429 1290 1478 1341 οἱ
1515 1287 1728 1360 ἄγγελοι

111 1384 208 1439 τοῖς
288 1376 624 1441 ἀποστόλοις
663 1396 678 1410 ⁶
749 1385 918 1442 Οῦτος
981 1381 1008 1431 6
1075 1379 1386 1452 ἀναληφθεὶς
1450 1377 1518 1450 ἀφ
1584 1379 1726 1450 ὑμῶν

108 1467 248 1519 παλιν
300 1466 582 1522 ὒνεύσεται
632 1471 703 1530 ὡς
755 1474 960 1544 κριτής.
1015 1473 1142 1523 Τότε
1191 1465 1251 1522 δὲ
1296 1474 1398 1521 πᾶν
1436 1471 1562 1540 γόνυ
1594 1469 1727 1540 κάμ.

107 1555 184 1626 ψει
239 1557 389 1627 αὐτῷ
449 1557 770 1632 ἐπουρανίων
826 1564 918 1612 καὶ
971 1558 1231 1631 ἐπιγείων,
1288 1562 1379 1610 καὶ
1433 1561 1578 1611 ἔσται
1637 1554 1724 1608 ἐπὶ

111 1651 271 1698 πᾶσαν
336 1650 442 1704 τὴν
486 1656 588 1719 γῆν
637 1650 667 1706 ἡ
720 1645 851 1712 δόξα
907 1648 1089 1702 αὐτοῦ.
1144 1648 1204 1702 Εἰ
1251 1651 1468 1721 γὰρκαὶ
1496 1654 1584 1698 νῦν
1619 1645 1724 1698 εἰσί

109 1753 226 1794 τινες
275 1743 383 1788 τῶν
436 1741 514 1808 μή
571 1737 956 1810 ὁμολογούντων
1010 1738 1184 1804 αὐτὸν,
1241 1736 1368 1789 ἀλλὰ
1399 1755 1514 1789 τοτε
1544 1731 1721 1797 οὐδεὶς

115 1827 299 1897 ἀντερεί
334 1867 349 1881 .
420 1829 556 1879 Τότε
619 1828 760 1901 γὰρ,
830 1831 948 1885 ησὶν
1009 1828 1036 1880 6
1104 1827 1356 1898 Θεολὸγος
1416 1830 1721 1900 Γρηγόριος.

115 1915 520 1985 πιστεύσουσιν,
563 1916 683 1968 ὃταν
728 1912 919 1968 ἴδωσιν
972 1916 1126 1969 αὐτὸν
1176 1915 1229 1979 ἐξ
1275 1915 1494 1989 οὐρανοῦ
1542 1933 1726 1986 κατορ-

117 2006 367 2074 χόμῖδδνι
430 2011 526 2058 καὶ
573 2009 640 2068 ὡς
697 2011 893 2080 κριτὴνι
927 2008 1285 2080 καθεζόμενον.
1343 2006 1402 2058 Ὀ
1451 2002 1510 2058 δὲ
1556 2004 1723 2057 τελευ·

122 2100 257 2156 ταῖος
315 2097 582 2167 θυμιατός
635 2101 730 2155 τὴν
781 2099 944 2170 χάριν
1001 2103 1092 2149 τοῦ
1151 2096 1304 2167 ἁγίου
1363 2092 1520 2153 δηλοῖ
1572 2095 1728 2146 Πνεῦ-

125 2202 272 2255 ματος
322 2188 424 2243 τὴν
477 2181 551 2238 δι’
610 2185 985 2258 ἐμφυσὴματος
1042 2182 1286 2239 δοθεῖσαν
1341 2192 1447 2244 τοῖς
1503 2183 1726 2236 ἀποστό-

121 2271 218 2333 λοις
271 2276 407 2345 μετά
461 2279 560 2332 τήν
613 2273 922 2328 ἀνάστασιν·
979 2278 1009 2333 ἡ
1071 2271 1120 2327 δ’
1154 2272 1552 2347 ὁπισθάριϐωνος
1589 2272 1720 2343 εὐχὴ

123 2363 262 2414 οιονεὶ
323 2369 558 2436 σφραγίς
624 2363 736 2417 ἐστι
801 2367 1008 2417 πάντων
1075 2372 1174 2416 τῶν
1245 2363 1568 2435 αἰτημάτων,
1636 2366 1725 2413 καὶ

121 2451 562 2522 ανακεφαλαίωσις
634 2457 855 2512 τακτική
883 2496 896 2518 ,
976 2457 1251 2527 πρέπουσα
1324 2460 1430 2512 τοῖς
1498 2456 1726 2524 πρώτοις

121 2543 200 2591 καὶ
271 2545 614 2616 τιμιωτέροις
671 2540 928 2614 ἐπιλόγοις
985 2545 1116 2610 (42)·
1175 2538 1356 2599 ἐπειδὴ
1411 2560 1510 2612 γαρ
1576 2545 1726 2592 πᾶσα

125 2630 150 2684 ἡ
221 2630 333 2682 θεία
418 2633 711 2706 ἱερουργία,
787 2635 1192 2707 προηγουμένως
1266 2633 1357 2704 μεν
1433 2632 1559 2704 ὑπὲρ
1623 2638 1724 2682 τῶν

124 2724 583 2790 προσενεγκόντων,
646 2726 735 2774 καὶ
785 2717 856 2772 δι’
919 2719 1008 2782 οὓς
1067 2726 1407 2793 προσήγαγον
1463 2718 1718 2772 τελεῖται*

128 2811 288 2860 ἔπειτα
364 2806 428 2862 δὲ
501 2816 592 2862 καὶ
666 2811 792 2885 ὑπὲρ
859 2812 1064 2862 πάντων
1127 2817 1226 2861 τῶν
1289 2809 1722 2880 καταλειφθέντων

126 2898 244 2947 κατὰ
294 2903 464 2969 μόνην
522 2899 728 2971 εὑχήνο
789 2895 972 2957 ἐπειδὴ
1033 2900 1134 2972 γάρ
1184 2918 1317 2961 τινες
1361 2907 1460 2950 τῶν
1510 2897 1604 2960 ἔξω
1632 2903 1723 2949 τοῦ

131 2985 507 3060 θυσιαστηρίου
582 2987 817 3040 ἑστώτων
880 2989 952 3050 εἰς
1017 2987 1236 3061 ἀπορίαν
1301 2986 1548 3047 πολλάκις
1613 3007 1724 3058 χω-

126 3081 285 3144 ροῦσι,
350 3084 816 3149 γνωσιμαχοῦντες
878 3082 967 3130 καὶ
1031 3077 1280 3148 λέγοντες,
1356 3081 1443 3137 Τίς
1518 3078 1621 3151 ἄρα
1695 3077 1721 3128 6
1752 3099 1792 3155 ρ

132 3167 324 3230 σκοπὸς,
375 3171 471 3218 καὶ
527 3171 556 3223 ἠ
604 3175 704 3218 τῶν
748 3169 895 3239 παρὰ
948 3173 1040 3219 τοῦ
1089 3165 1370 3240 ἀρχιερέως
1408 3165 1722 3237 ὑποψιθυρι-

129 3251 337 3324 ξομένων
395 3255 570 3327 εὐχῶν
621 3257 788 3308 ἔννοιά
844 3275 900 3308 τε
954 3262 1045 3309 καὶ
1089 3253 1346 3328 durati/.4;
1375 3261 1464 3308 καὶ
1493 3255 1719 3327 ἐφίενταί

129 3359 231 3394 τινα
257 3341 472 3402 εἴδησιν
513 3349 602 3398 καὶ
651 3348 845 3398 τούτων
896 3344 1068 3398 λαϐεῖν
1093 3360 1107 3376 ⁸
1161 3348 1294 3397 κατά
1323 3352 1473 3397 τοῦτο
1513 3347 1562 3397 οἱ
1594 3346 1720 3396 θεῖοι

129 3437 331 3506 Ιιατέρες
399 3437 470 3496 ὡς
536 3434 982 3507 ἀνακεφαλαίωσιν
1045 3437 1250 3488 πάντων
1305 3442 1406 3486 τῶν
1472 3430 1566 3486 διὰ
1620 3441 1718 3485 τῶν

128 3520 281 3592 εὖχῶν
347 3523 664 3595 αἰτουμένων
724 3527 811 3576 τὸν
891 3532 1212 3598 χαρακτῆρα
1287 3526 1479 3584 ταύτης
1545 3521 1719 3581 ἑποιὴ-

405 3609 755 3677 διδάσκοντες
840 3617 957 3675 τοὺς
1040 3613 1414 3676 ἐπιζητοῦντας
1485 3611 1538 3665 ἐκ
1625 3621 1718 3665 τοῦ

127 3699 416 3773 κρασπέδου
472 3706 532 3755 τὸ
585 3704 822 3776 ὕφασμα.
867 3707 931 3756 Τί
977 3699 1032 3756 δ’
1079 3702 1200 3755 οἴλλο
1246 3701 1360 3756 ἐστι
1388 3706 1445 3755 τὸ
1484 3702 1716 3775 λειπόμε-

129 3628 269 3664 σαντο
299 3656 312 3676 ,

130 3808 200 3839 νον
245 3791 272 3848 ἦ
328 3793 354 3844 6
395 3798 490 3844 τοῦ
534 3793 848 3867 παρθενικοῦ
900 3796 1142 3865 σώματος
1183 3794 1365 3854 τύπος,
1411 3794 1435 3843 6
1467 3795 1717 3865 μερισμὸς

131 3886 213 3939 τῆς
259 3879 499 3951 εὐλογίας
557 3886 648 3932 καὶ
711 3887 1012 3956 προσφορᾶς
1062 3880 1219 3950 (43);
1285 3879 1481 3933 κλᾶται
1536 3884 1639 3953 γὰρ
1690 3883 1715 3933 6

133 3967 291 4039 ἄρτος,
344 3966 680 4042 διατέμνεται
736 3967 796 4023 δὲ
851 3972 921 4030 ὡς
983 3968 1209 4044 ἀρρήτου
1268 3968 1499 4041 εὐλογίας
1565 3971 1718 4043 μετάο

131 4053 272 4126 λῆψις
343 4067 451 4120 τοῖς

134 4151 386 4222 προσφορά
435 4145 497 4202 δὲ
555 4156 661 4211 τοῖς
721 4148 1000 4220 ὼηνοχὸσι
1050 4147 1252 4222 πλήρης
1311 4147 1606 4219 ἁγιωσύνης
1661 4148 1717 4202 ἐκ

131 4242 216 4285 τῶν
278 4236 441 4310 ἁγίων
511 4237 973 4312 ὼτιπροσφέρεται
1005 4254 1018 4268 ο

134 4331 214 4386 τῆς
252 4327 586 4400 μεταλήψεως
633 4335 726 4381 τοῦ
771 4327 1040 4400 ἀχράντου
1093 4333 1334 4400 σώματος
1389 4335 1481 4380 τοῦ
1530 4327 1584 4392 ἐξ
1613 4334 1714 4382 αῦ-

535 4059 994 4132 μεταλαριϐάνουσι
1066 4061 1196 4132 μετά
1286 4064 1506 4121 πίστεως
1539 4076 1551 4089 ⁶
1630 4066 1717 4121 ως-

1086 4241 1176 4290 καὶ
1243 4240 1400 4299 οὕτως
1462 4237 1562 4291 ἀπὸ
1626 4243 1715 4312 μέν

1835 571 2157 629 rectionem
2185 585 2362 627 suam
2393 566 2691 624 suaderet.

1910 843 1996 896 38.
2039 841 2184 896 Exin
2209 840 2276 897 fit
2321 837 2514 896 oratio
2544 835 2872 907 gratiarum
2915 829 3182 892 actionis,
3209 830 3266 884 et
3291 825 3488 883 subla-

1837 929 1920 986 tio
1940 930 2284 987 divinorum
2305 943 2442 1003 quia
2459 925 2664 984 relicta
2687 928 2827 980 sunt
2843 923 3343 991 fragmentorum,
3362 932 3485 988 quo

1836 1023 1977 1076 actu
1999 1019 2334 1092 assumptio
2375 1015 2613 1073 Domini
2644 1013 2744 1070 Dei
2773 1010 2964 1069 nostri
3005 1007 3294 1065 innuitur.
3322 1009 3485 1062 Tunc

1836 1110 1998 1166 enim
2075 1109 2254 1168 dicit:
2310 1130 2338 1159 ‹‹
2411 1104 2684 1162 Exaltare
2751 1117 2934 1176 super
3001 1098 3202 1164 coelos,
3262 1099 3420 1152 Deus
3469 1115 3483 1165 ;

1837 1203 1893 1256 et
1931 1199 1989 1256 in
2011 1199 2292 1255 universa
2321 1201 2478 1254 terra
2507 1193 2697 1265 gloria
2717 1197 2838 1248 tua.
2861 1213 2888 1243 »
2911 1194 3183 1262 Namque
3213 1201 3304 1255 eo,
3336 1185 3485 1243 dum

1835 1291 2266 1355 assumeretur,
2312 1285 2570 1343 exaltato
2623 1283 2866 1340 aiebant
2907 1279 3107 1349 angeli
3153 1274 3480 1349 apostolis:

1835 1378 1937 1434 Hic
1967 1377 2072 1450 qui
2101 1380 2449 1448 assumptus
2488 1377 2582 1430 est
2611 1388 2648 1429 a
2684 1370 2884 1439 vobis,
2935 1368 3018 1425 sic
3056 1367 3256 1423 denuo
3282 1362 3484 1420 veniet

1833 1472 2125 1540 tanquam
2167 1465 2376 1537 judex.
2403 1467 2567 1520 Tunc
2588 1466 2790 1518 autem
2817 1473 2998 1516 omne
3029 1470 3187 1526 genu
3215 1453 3485 1508 ﬂectetur

1833 1557 1887 1614 ei
1929 1555 2258 1612 caelestium
2289 1559 2345 1610 et
2389 1552 2775 1614 terrestrium,
2831 1548 3056 1620 eritque
3095 1545 3156 1600 in
3199 1541 3483 1598 universa

1837 1650 1990 1702 terra
2019 1644 2206 1716 gloria
2237 1645 2386 1715 ejus.
2415 1645 2777 1713 Quanquam
2805 1637 2965 1693 enim
2992 1649 3152 1691 nunc
3177 1635 3316 1688 sunt
3331 1644 3479 1686 non-

1832 1735 1979 1792 nulli
2009 1735 2114 1808 qui
2144 1749 2283 1790 eum
2313 1747 2434 1788 non
2485 1730 2863 1794 conﬁtentur,
2906 1731 3047 1782 tunc
3070 1729 3272 1778 tamen
3301 1734 3482 1776 nemo

1832 1807 2218 1883 contradicet.
2251 1826 2412 1878 Tunc
2439 1837 2606 1888 sane,
2651 1818 2846 1890 inquit
2873 1815 3189 1884 Gregorius
3235 1807 3481 1868 Theolo-

1834 1931 1970 1987 gus,
2013 1913 2255 1970 credent
2285 1927 2424 1967 cum
2470 1926 2609 1966 eum
2644 1907 2932 1964 videbunt
2956 1905 3030 1960 de
3056 1901 3208 1958 coelo
3239 1899 3480 1956 venien-

1834 2011 1976 2073 tem,
2019 2008 2076 2060 et
2117 2001 2337 2074 judicis
2377 2015 2543 2056 more
2583 1997 2911 2053 sedentem.
2959 1996 3090 2049 Jam
3137 1994 3483 2063 postremus

1836 2094 2070 2152 sufﬁtus
2103 2091 2355 2162 gratiam
2388 2087 2581 2144 sancti
2632 2085 2882 2159 Spiritus
2928 2080 3244 2152 signiﬁcat,
3295 2092 3483 2148 quam

1834 2183 2040 2240 ﬂando
2067 2180 2229 2236 dedit
2258 2177 2544 2252 apostolis
2582 2180 2718 2248 post
2756 2171 3270 2230 resurrectionem.
3311 2165 3480 2222 Deni-

1834 2289 1954 2346 que
1985 2271 2174 2328 oratio
2206 2273 2344 2342 post
2365 2266 2714 2346 ambonem,
2747 2261 3005 2332 sigillum
3027 2257 3209 2314 veluti
3238 2259 3326 2312 est
3354 2270 3481 2310 om—

1833 2343 2002 2420 nium
2025 2376 2298 2435 precum,
2327 2361 2384 2414 et
2420 2344 2697 2412 ordinata
2734 2349 3171 2423 recapitulatio,
3200 2362 3336 2420 quae
3361 2343 3482 2416 pri-

1834 2453 1950 2510 mis
1965 2457 2021 2509 et
2040 2446 2586 2508 aestimabilioribus
2600 2442 2852 2516 epilogis
2888 2439 3316 2513 eequiparatur.
3335 2437 3485 2490 Nam

1833 2542 1978 2615 quia
2001 2544 2123 2596 tota
2163 2537 2368 2594 divina
2395 2533 2656 2604 liturgia,
2698 2531 2998 2604 praecipue
3031 2542 3143 2600 pro
3193 2522 3486 2581 offerenti-

1833 2613 1970 2702 bus,
2030 2635 2085 2687 et
2155 2631 2400 2700 propter
2451 2640 2606 2698 quos
2661 2622 2702 2679 ii
2757 2619 3102 2678 obtulerunt
3157 2613 3483 2688 perﬁcitur,

1833 2725 2141 2795 postremo
2166 2722 2222 2773 et
2239 2733 2348 2789 pro
2393 2713 2637 2786 reliquis
2684 2709 2992 2774 omnibus,
3039 2722 3163 2762 una
3200 2705 3316 2760 hac
3348 2716 3484 2758 ora-

1835 2792 1995 2867 tione
2016 2806 2348 2880 suppletur.
2386 2803 2618 2875 Quippe
2655 2801 2798 2873 quia
2817 2795 3090 2854 nonnulli
3113 2799 3279 2851 extra
3301 2792 3484 2848 altare

1835 2898 2246 2962 consistentes,
2276 2894 2339 2949 in
2382 2891 2771 2965 perplexitate
2807 2901 2967 2959 saepe
3011 2888 3326 2941 versantur
3374 2880 3482 2935 ﬂu-

1834 2991 2105 3045 ctuantes
2133 2983 2350 3042 animis
2379 2981 2765 3050 dicentesque
2789 2994 2801 3031 :
2835 2976 3093 3042 Quinam
3121 2986 3343 3042 scopus
3373 2974 3483 3034 est,

1833 3083 1890 3134 et
1920 3077 2170 3150 quinam
2211 3075 2662 3128 susurratarum
2685 3071 2910 3120 secreto
2936 3063 3014 3118 ab
3035 3061 3325 3133 episcopo
3357 3072 3486 3129 pre-

1816 3183 1970 3223 ‘cum
2002 3179 2214 3220 sensus
2238 3176 2309 3216 ac
2337 3159 2469 3214 vis?
2499 3159 2829 3228 aptantque
2849 3152 3068 3208 harum
3098 3163 3344 3222 quoque
3374 3160 3481 3201 no-

1830 3256 2022 3314 titiam
2047 3249 2384 3324 percipere;
2415 3250 2734 3320 propterea.
2773 3241 2894 3298 divi
2925 3243 3144 3306 Patres,
3189 3241 3483 3309 tanquam

1828 3340 2382 3416 recapitulationem
2407 3334 2680 3391 omnium
2725 3347 2830 3405 per
2870 3344 3074 3402 preces
3129 3324 3480 3400 postulatio-

1828 3450 1995 3498 num,
2027 3431 2208 3487 talem
2234 3427 2416 3497 hujus
2444 3423 2729 3480 orationis
2749 3421 3009 3477 formam
3045 3416 3481 3486 excogitarunt,

1828 3522 2171 3586 edocentes,
2220 3521 2516 3588 tanquam
2573 3528 2644 3567 ex
2685 3509 2928 3566 ﬁmbria
2980 3510 3347 3570 contextum,
3396 3502 3482 3559 rei

1827 3610 2117 3669 curiosos.
2151 3604 2305 3674 Quid
2331 3607 2531 3661 autem
2557 3600 2856 3673 reliquum
2888 3601 2996 3664 est,
3028 3596 3146 3652 nisi
3175 3591 3482 3664 virginalis

1828 3699 2094 3774 corporis
2141 3701 2343 3767 typus,
2387 3690 2648 3747 diribitio
2691 3687 2978 3744 nimirum
3015 3683 3264 3754 eulogiae
3302 3686 3479 3754 atque

1827 3771 2148 3847 oblationis
2172 3786 2198 3839 ‘?
2243 3781 2554 3852 Frangitur
2611 3779 2772 3835 enim
2827 3777 3026 3849 panis,
3071 3771 3477 3843 dividiturque

1827 3885 2119 3952 tanquam
2176 3871 2494 3929 ineffabilis
2543 3867 2794 3937 eulogiaa
2824 3862 3200 3938 participatio
3233 3875 3475 3916 sumen-

1827 3947 1989 4026 tibus
2018 3981 2158 4022 cum
2188 3962 2343 4017 ﬁde:
2386 3964 2452 4014 ut
2478 3955 2703 4014 oblatio
2735 3959 2957 4021 autem,
3009 3951 3081 4007 iis
3122 3949 3227 4022 qui
3273 3947 3479 4004 attule-

1827 4061 1985 4124 runt,
2014 4054 2193 4127 plena
2245 4046 2573 4106 sanctitatis
2603 4061 2676 4100 ex
2727 4059 2900 4098 sacro
2947 4041 3066 4096 ritu
3107 4037 3474 4096 redhibetur.

1829 4150 2022 4218 Atque
2048 4143 2130 4198 ita
2157 4156 2193 4196 a
2225 4135 2678 4212 participatione
2706 4129 3076 4189 immaculati
3107 4127 3375 4196 corporis
3403 4141 3476 4182 ex

1830 4214 2062 4305 Virgine
2093 4229 2218 4286 nati
2250 4226 2427 4285 Chriti
2476 4225 2577 4281 Dei
2615 4221 2821 4292 nostri,
2855 4226 2909 4277 et
2949 4217 3194 4292 pretiosi
3233 4214 3473 4288 sangui-

1828 4325 1940 4394 nis,
1973 4316 2363 4379 sanctificatio
2393 4318 2450 4372 et
2477 4312 2811 4370 benedictio
2854 4308 3133 4366 ﬁdelibus
3165 4305 3474 4375 contingit.

134 4420 214 4474 Tr};
263 4419 532 4487 τεχθέντος
588 4425 822 4494 Χριστοῦ
873 4424 965 4470 τοῦ
1013 4424 1147 4470 Θεοῦ
1198 4419 1363 4490 ἡμῶν,
1413 4422 1503 4470 καὶ
1550 4418 1642 4472 τοῦ
1687 4423 1865 4492 τιμίου
1915 4414 2152 4486 αἵματος,
2196 4409 2222 4460 6
2277 4407 2540 4479 άγιασμὸς
2592 4408 2681 4456 καὶ
2735 4403 2765 4460 ἡ
2821 4399 3030 4473 εὐλογία
3097 4404 3208 4460 τοῖς
3262 4402 3476 4458 πιστοῖς

134 4508 430 4575 περιγίνεται
441 4550 456 4564 .

193 4591 282 4649 λθ’.
339 4596 427 4650 Ἓν
485 4598 561 4649 ἔτι
607 4597 876 4671 προσθεὶς,
930 4595 1071 4659 τέλος
1118 4597 1354 4654 ἐπιθήσω
1406 4603 1477 4667 τῷ
1524 4595 1660 4670 λόγῳ
1694 4618 1706 4631 ·
1743 4602 1785 4657 D

154 4679 329 4743 Επειδὴ
379 4705 513 4748 τινες
560 4693 658 4737 τῶν
710 4688 899 4761 ἱερέων,
947 4687 996 4741 οἱ
1042 4688 1132 4758 μὲν
1186 4690 1360 4747 πενίας
1405 4688 1664 4758 προφάσει
1696 4727 1710 4753 ,

139 4771 179 4820 οἰ
228 4767 283 4825 δε
324 4771 591 4849 ἀκορέστῳ
636 4774 898 4847 πλεονεξίᾳ
937 4771 1034 4827 δύο
1083 4782 1245 4828 ποιεῖν
1292 4774 1612 4851 λειτουργίας
1654 4775 1713 4828 οὐ

140 4856 406 4931 ⁴ςςιείδοιιντοιι,
458 4862 587 4915 ἀλλά
640 4863 914 4937 τολμηρῶς
972 4863 1265 4936 σταυροῦσι
1319 4867 1406 4916 τὸν
1460 4868 1714 4936 Χριστὸν,

140 4953 215 5000 καὶ
259 4951 406 5014 αὖθις
443 4951 836 5028 ἀνασταυροῦσι
892 4952 1136 5016 πολλάκις
1191 4959 1281 5006 καὶ
1329 4952 1402 5025 ἐφ’
1435 4953 1506 5007 ἐνὶ
1549 4961 1716 5006 ταῦτα

142 5032 342 5107 δρῶντες
400 5043 763 5117 θυσαστηρίῳ,
827 5045 884 5094 τὸ
950 5038 1372 5116 φρικωδέστατον
1428 5046 1518 5094 καὶ
1579 5045 1715 5094 κατά

142 5133 272 5181 τοῦτο
322 5127 724 5194 σπουδάζοντες·
778 5130 1027 5194 πολλάκις
1077 5128 1136 5184 δε
1183 5136 1272 5184 καὶ
1317 5133 1454 5183 κατά
1503 5135 1712 5205 περιπέ-

143 5232 259 5269 τειαν
307 5217 429 5291 βίου
478 5220 506 5278 ἦ
559 5221 822 5297 ῥᾳθυμίαν
875 5220 1061 5294 ἀφιᾶσι
1115 5223 1182 5274 τά
1238 5216 1388 5294 δῶρα
1442 5218 1710 5289 ἀτελεστα,

206 5453 306 5537 t4?)
360 5453 729 5537 Haedoratio
779 5451 1583 5537 respondet_quodammodo
1608 5466 1715 5523 po-

150 5523 384 5608 stremae“
401 5524 743 5608 Latinorum
788 5523 1306 5608 orationi,_Libe-ra
1335 5537 1718 5608 ηρεηιιιιιεειι-

148 5596 848 5670 ἠωκοοιηίῃεηςυαω
897 5599 953 5656 S.
985 5599 1190 5655 Petrus
1217 5595 1512 5666 Damiani,
1535 5608 1594 5651 n.
1627 5597 1713 5662 t7,

153 5662 390 5737 appellat
425 5680 512 5727 rm
520 5662 850 5727 boticinum.

1893 4596 1982 4650 39.
2017 4592 2145 4646 Uno
2168 4586 2368 4645 adhuc
2390 4584 2618 4655 addito,
2640 4585 2824 4639 ﬁnem
2855 4579 3116 4637 sermoni
3133 4579 3472 4652 imponam.

1822 4678 2119 4747 Quoniam
2145 4672 2422 4732 nonnulli
2452 4671 2812 4738 sacerdotes,
2832 4667 3050 4742 partim
3080 4667 3298 4738 inopiae
3326 4682 3470 4738 prae-

1819 4774 2002 4836 textu,
2061 4765 2281 4838 partim
2325 4762 2652 4820 insatiabili
2674 4759 2948 4829 avaritia,
2984 4757 3139 4812 duas
3169 4756 3470 4812 celebrare

1818 4858 2037 4915 missas
2057 4869 2180 4912 non
2197 4853 2494 4922 dubitant,
2519 4850 2925 4922 audacterque
2960 4845 3262 4902 Christum
3284 4843 3471 4898 semel

1822 4951 1876 5004 et
1905 4947 2123 5003 iterum
2160 4941 2534 5012 cruciﬁgunt,
2576 4955 2734 5012 saepe
2774 4938 2836 4994 id
2882 4937 2943 4992 in
2973 4950 3094 4990 uno
3124 4932 3304 4988 etiam
3336 4947 3467 5004 per-

1819 5039 2065 5106 agentes
2088 5032 2278 5098 altari,
2302 5047 2431 5088 rem
2453 5028 2828 5088 tremendam
2844 5026 2957 5082 hac
2974 5037 3217 5097 quoque
3237 5021 3468 5078 ratione

1820 5127 2177 5182 attentantes
2207 5138 2222 5188 ;
2246 5138 2353 5178 nec
2372 5137 2509 5178 raro
2553 5123 2797 5192 propter
2816 5115 2946 5171 vita:
2975 5111 3244 5169 fortuitos
3266 5127 3462 5180 casus,

1817 5214 1914 5273 vel
1943 5214 2022 5273 ob
2072 5211 2522 5286 negligentiam,
2571 5205 2989 5282 imperfectum
3030 5217 3184 5276 opus
3213 5200 3466 5259 derelin-

1892 5450 2007 5521 (43)
2051 5445 2291 5528 begesis
2335 5443 2830 5528 Christophorum
2881 5438 3182 5528 Angelum
3211 5454 3347 5528 cap.
3379 5445 3464 5528 14ζ

1821 5511 2086 5578 Armenii
2115 5511 2359 5647 (magna
2383 5530 2551 5572 more
2571 5511 2918 5585 Graecorum
2951 5511 3325 5583 dispensant,
3359 5512 3466 5567 sed

1822 5589 2133 5647 nrobucce
2185 5591 2227 5646 ἐ
2262 5584 3060 5647 ermentatis.al.vmitenues
3084 5581 3312 5640 formas
3325 5597 3466 5639 cum

1867 5607 1934 5648 ro
1945 5581 2227 5647 buccellis
2238 5581 2632 5657 termentatis,
2644 5584 2840 5658 ιιινωὶ
2851 5581 3071 5642 tenues
3084 5581 3312 5640 formas
3325 5597 3466 5639 cum

1847 5673 1971 5736 ypo
1995 5658 2158 5734 agni.
