4028 6308
492 279 598 337 ισι

1770 271 2126 332 TEEODORI
2160 272 2587 331 ANDIDENSIS

492 402 747 474 quentes
769 415 783 467 ;
807 397 1145 473 acciditque
1164 402 1233 456 ut
1249 402 1387 472 post
1401 397 1666 456 triduum
1675 398 1771 455 vel
1793 397 1942 455 ultra
1971 397 2148 455 etiam

2283 405 2353 452 ιαὶ
2421 397 2696 471 συμϐαίνει
2754 399 2886 470 μετὰ
2944 392 3298 472 παραδρομὴν
3361 397 3569 471 ἡμερῶν
3623 403 3789 469 τριῶν
3841 395 3880 454 ἦ

497 487 947 559 comperiantur
999 503 1170 544 sacra
1230 487 1396 545 dona
1456 488 1707 545 madore
1753 492 1855 542 aut
1904 486 2152 556 fuligine

498 574 698 647 plena,
714 574 971 648 ideoque
985 591 1019 631 a
1033 576 1270 631 nemine
1284 575 1768 648 possintabsumi
1784 594 1797 644 ;
1815 581 2153 648 propterea,

496 663 772 736 inquam,
804 678 1047 720 necesse
1074 669 1162 719 est
1201 664 1330 720 haec
1356 664 1491 735 igne
1519 679 1896 732 consumere,
1928 668 1986 720 et
2023 663 2153 719 reli-

499 767 655 825 quos
696 768 769 809 ex
797 752 870 808 iis
912 754 1163 822 cineres,
1207 752 1267 809 in
1301 752 1435 809 loizo
1483 752 1672 810 nobili
1714 752 2031 810 collocare.
2065 751 2157 808 Sic

499 841 661 898 enim
691 842 875 898 etiam
912 841 1118 899 relicta
1164 843 1309 914 agni
1366 841 1522 898 illius
1578 842 1791 898 veteris
1834 856 1975 898 ossa
2017 841 2157 912 igne

499 930 1034 987 comburebantur.
1082 934 1286 1004 Neque
1336 946 1478 987 vero
1527 930 1633 1004 qui
1673 931 1802 987 haec
1830 930 2160 1001 neglexerit

499 1019 802 1089 sacerdos,
856 1034 1071 1093 pinnas
1111 1034 1149 1076 a
1195 1019 1533 1077 canonibus
1560 1019 1879 1092 impositas
1908 1019 2154 1077 vitabit:

498 1122 767 1180 namque
791 1107 944 1178 Agni
981 1108 1173 1164 nostri
1200 1107 1349 1164 nihil
1376 1124 1499 1165 non
1520 1107 1696 1164 edule
1725 1112 1833 1174 est,
1860 1106 2008 1163 nihil
2049 1105 2159 1162 du-

501 1212 638 1253 rum
668 1201 774 1253 aut
803 1212 1071 1253 osseum.
1107 1197 1338 1270 Quippe
1359 1199 1448 1254 est
1475 1196 2001 1269 enhypostaticum
2026 1195 2163 1251 Ver-

500 1285 673 1343 bum.
700 1286 1031 1360 Suscipitur
1056 1290 1259 1343 autem
1302 1286 1570 1343 Verbum
1615 1286 1695 1342 ab
1745 1286 1913 1342 omni
1957 1284 2162 1341 anima

503 1378 692 1431 semet
719 1374 900 1445 digne
927 1380 1179 1448 parante
1231 1379 1298 1433 ut
1328 1375 1403 1433 sit
1447 1373 1862 1431 habitaculum
1892 1374 2024 1445 ejus
2050 1390 2063 1427 :
2085 1372 2164 1428 ad

505 1479 693 1535 quam
718 1480 844 1520 non
874 1464 1076 1536 ipsum
1109 1463 1305 1521 solum
1354 1463 1636 1531 Verbum,
1683 1462 1788 1519 sed
1839 1467 1896 1519 et
1929 1463 2164 1518 Patrem

506 1568 716 1609 secum
773 1553 922 1610 dixit
967 1569 1103 1609 esse
1150 1557 1494 1619 venturum,
1553 1568 1665 1609 nec
1715 1568 1837 1608 non
1882 1552 2164 1624 Spiritum

511 1645 812 1710 sanctum,
841 1647 899 1698 et
925 1642 1305 1698 mansionem
1333 1641 1498 1715 apud
1529 1640 1728 1715 ipsam
1768 1640 2052 1697 facturos.

584 1911 676 1964 4ο.
710 1908 847 1963 Haec
866 1923 976 1981 pro
1003 1911 1210 1964 nostra
1232 1907 1634 1964 imbecillitate
1663 1907 1883 1980 raptim
1904 1906 2164 1963 conscri-

514 1998 768 2071 psimus,
813 2002 1050 2069 propter
1079 1996 1389 2054 assiduam
1417 1996 1685 2068 jubentis
1742 1995 2002 2052 hominis
2053 1995 2166 2051 fer-

513 2085 929 2142 ventissimam
961 2085 1470 2159 deprecationem.
1505 2085 1615 2151 Qui
1658 2100 1802 2141 vero
1832 2083 1963 2141 haec
1990 2082 2164 2154 leget,

514 2175 789 2233 nondum
823 2176 1065 2248 plenam
1097 2192 1412 2232 sacrorum
1444 2175 1868 2248 mysteriorum
1888 2174 2169 2246 explana-

514 2266 741 2322 tionem
766 2265 882 2321 hoc
918 2265 1142 2337 scripto
1182 2264 1403 2320 factam
1427 2264 1739 2320 existimet.
1774 2264 1889 2320 Sed
1916 2264 2029 2319 hoc
2060 2263 2173 2319 sibi

516 2354 783 2410 evenisse
810 2358 1001 2425 putet,
1044 2369 1154 2409 ceu
1185 2353 1232 2408 si
1279 2353 1416 2425 quis
1442 2358 1712 2425 spectare
1737 2353 1984 2425 cupiens
2006 2352 2173 2407 urbis

517 2424 1032 2516 pulchritudinem
1057 2424 1340 2498 eximiam
1355 2424 1816 2512 etincognitam,
1832 2424 2048 2497 ducem
2071 2440 2175 2497 ali-

516 2546 699 2604 quem
730 2531 1134 2599 na'nciscatur,
1175 2547 1212 2587 a
1240 2546 1362 2602 quo
1414 2530 1848 2595 manuductus,
1882 2535 2178 2602 tanquam

519 2635 595 2676 ex
625 2617 831 2691 aliqua
888 2617 1149 2674 fenestra
1196 2619 1392 2676 videre
1432 2623 1616 2691 queat
1663 2617 1972 2674 radiorum
2020 2617 2180 2673 velut

520 2706 662 2763 inde
716 2706 1039 2763 missorum
1088 2706 1287 2763 lucem
1341 2710 1524 2780 atque
1577 2706 1981 2778 splendorem,
2054 2720 2177 2762 non

522 2795 935 2867 tamenipsam
952 2801 1231 2851 naturam
1247 2794 1545 2851 bonorum
1564 2792 1682 2850 illic
1710 2795 2177 2851 reconditorum.

520 2888 671 2941 Nam
726 2888 953 2941 secreta
1024 2900 1181 2951 mea,
1234 2883 1426 2952 inquit
1472 2882 1778 2950 Dominus,
1823 2882 1971 2939 mihi
2001 2882 2178 2939 meis-

2192 1672 2236 1728 B

518 2989 638 3048 que
688 2974 755 3029 ³ο.
804 2972 1122 3042 Quomodo
1170 2977 1371 3029 autem
1422 2987 1554 3043 ego,
1614 2971 1720 3045 qui
1745 2987 1868 3027 non
1915 2971 2113 3027 solum
2141 2988 2178 3027 a
2208 2942 2249 2998 θ’

519 3065 640 3120 Deo
673 3078 769 3119 me
798 3062 1097 3134 elongavi,
1121 3062 1225 3119 sed
1253 3062 1433 3118 etiam
1455 3061 2088 3134 appropinquantibus
2125 3060 2182 3130 ei

520 3151 730 3225 procul
762 3151 1007 3215 absum.
1060 3151 1317 3223 dignum
1347 3149 1577 3222 aliquid
1624 3153 1742 3206 Deo
1782 3150 2041 3219 cogitare
2077 3153 2181 3206 aut

520 3240 719 3313 eloqui
742 3256 966 3312 queam
995 3239 1022 3293 ?
1048 3244 1323 3295 Attamen
1346 3242 1585 3309 gratum
1613 3242 1721 3305 est,
1748 3237 2045 3311 quidquid
2070 3253 2178 3310 pro

521 3329 749 3384 viribus
779 3328 862 3398 ﬁt,
897 3327 1235 3384 dummodo
1278 3326 1338 3383 id
1388 3325 1467 3383 ab
1492 3326 1648 3382 illius
1678 3324 2069 3397 dogmatibus
2099 3330 2182 3382 at-

522 3433 641 3490 que
673 3416 987 3489 praeceptis
1016 3415 1182 3472 haud
1214 3415 1485 3471 videatur
1523 3414 1854 3471 discedere.
1917 3413 2088 3481 Quod
2132 3415 2178 3469 si

523 3505 663 3578 quis
704 3504 844 3561 utile
869 3504 1101 3576 aliquid
1121 3505 1181 3559 in
1203 3503 1299 3559 his
1359 3503 1591 3575 scriptis
1646 3503 2080 3575 deprehendet,
2130 3504 2181 3559 is

523 3609 636 3668 pro
659 3609 754 3650 me
785 3593 890 3666 qui
917 3591 1245 3660 elaboravi,
1298 3607 1538 3663 precem
1602 3607 1712 3664 pro
1766 3592 1945 3659 venia
1991 3593 2180 3665 impe-

526 3683 745 3740 tranda
794 3685 912 3739 Deo
971 3681 1202 3752 offerat,
1250 3685 1586 3738 erratorum
1642 3697 1915 3736 meorum
1974 3698 2178 3738 causa.

530 3772 752 3830 Deinde
773 3772 953 3828 etiam
972 3771 1299 3841 gratiarum
1335 3769 1653 3840 actionem,
1688 3771 2184 3843 proptereaquod

526 3860 623 3919 ille
651 3861 799 3918 solet
847 3877 951 3918 eos
978 3860 1317 3916 illuminare
1348 3875 1385 3914 a
1416 3858 1724 3914 montibus
1763 3859 2024 3926 aeternis,
2081 3860 2185 3931 qui

531 3951 696 4023 digni
741 3950 925 4007 habiti
979 3950 1194 4006 iuerint
1252 3947 1725 4005 intellectualiter
1769 3947 2181 4019 contemplari.

532 4040 682 4106 Quia
722 4042 927 4113 ipsum
948 4039 1120 4096 decet
1146 4038 1344 4094 omnis
1380 4037 1586 4107 gloria,
1640 4038 1853 4109 honor,
1888 4043 1944 4092 et
1972 4037 2185 4092 adora-

530 4129 635 4194 tio,
694 4132 923 4186 Patrem
964 4128 1207 4190 scilicet,
1250 4132 1307 4183 et
1364 4124 1593 4194 Filium,
1625 4132 1681 4182 et
1721 4132 1999 4182 sanctum
2060 4126 2185 4199 Spi-

530 4219 735 4284 ritum,
787 4234 951 4274 nunc
980 4221 1037 4273 et
1088 4231 1325 4288 semper
1351 4220 1408 4271 et
1429 4232 1534 4287 per
1555 4213 1773 4271 saecula
1804 4214 2184 4271 saeculorum.

533 4311 746 4364 Amen.

612 4432 661 4467 ³ο
698 4433 970 4485 lsa.xx1v
1002 4432 1083 4483 16.

615 4554 730 4625 (lii)
761 4553 852 4611 Sic
881 4553 1132 4625 omnino
1162 4548 1393 4625 solebat
1437 4550 1493 4603 S.
1541 4552 1744 4625 Petrus
1785 4551 2055 4625 Damiani
2088 4568 2187 4625 op.

546 4624 644 4681 cit.
668 4621 732 4681 η’.
782 4627 832 4680 4.
880 4624 1009 4694 Ego
1042 4622 1202 4694 quod
1234 4621 1535 4677 residuum
1571 4627 1678 4690 est,
1712 4623 1839 4692 igne
1863 4621 2145 4679 comburd
2174 4639 2187 4677 :

2218 4307 2260 4360 D

2264 494 2355 543 καὶ
2418 488 2660 541 πλειόνων
2726 488 2999 561 εὑρεθῆναι
3062 494 3229 539 ταῦτα
3294 484 3675 558 πατληρωμένα
3736 490 3891 536 νοτί-

2267 574 2361 639 δος
2400 581 2491 629 καὶ
2534 575 2761 647 λιγνύος,
2810 580 2900 627 καὶ
2945 571 3038 627 διὰ
3065 582 3218 627 τοῦτο
3248 570 3532 641 ἀδύνατον,
3561 575 3680 625 τινὰ
3708 590 3899 646 προσ-

2265 668 2439 733 έσθαι,
2487 662 2603 718 δέον
2661 664 2777 717 ἐστὶ
2832 672 3000 716 ταῦτα
3042 668 3171 738 πυρὶ
3214 662 3540 722 ἀναλωθῆναι
3590 665 3725 731 (44),
3785 668 3897 714 καὶ

2264 758 2360 812 τήν
2428 752 2485 806 ἐκ
2548 756 2743 806 τούτων
2810 750 3238 825 καταλειφθεῖσαν
3297 747 3497 805 σποδὸν
3531 794 3546 819 ,
3613 748 3664 802 ἑν
3729 754 3894 821 τόπῳ

2266 841 2510 912 ἐπισήμῳ
2571 841 2935 911 ἑγκαταθεῖναι
2967 857 2978 869 ·
3056 840 3193 893 οὕτω
3254 842 3358 914 γὰρ
3421 843 3512 891 καὶ
3574 841 3643 891 τὰ
3706 856 3890 890 κατα-

2266 928 2534 1001 λειφθέντα
2576 928 2713 982 ὁστα
2757 936 2850 982 τοῦ
2880 927 3044 1000 ἀμνοῦ
3092 929 3285 982 ἐκείνου
3333 934 3426 980 τοῦ
3470 926 3699 981 παλαιοῦ
3742 930 3897 1000 πυρὶ

2267 1023 2602 1071 κατεκαίοντο
2633 1034 2648 1048 ⁸
2707 1018 2767 1070 οὐ
2820 1023 2923 1090 μὴν
2971 1019 2997 1069 6
3043 1025 3210 1070 ταῦτα
3254 1016 3645 1089 καταλιμπάνω
3687 1018 3892 1082 ἱερεύς,

2269 1116 2369 1159 τῶν
2417 1107 2472 1160 ἐκ
2513 1116 2614 1160 τῶν
2660 1112 2884 1160 κανόνων
2936 1109 3246 1180 ὁρισθέντων
3321 1106 3593 1178 ἐπιτιμίων
3669 1103 3892 1156 ἐλεύθε-

2270 1215 2354 1270 ρος
2406 1198 2592 1249 ἔσται·
2651 1198 2733 1248 ὅτι
2782 1215 2875 1270 περ
2932 1203 3021 1248 τοῦ
3085 1197 3335 1270 ἡμετέρου
3395 1195 3588 1268 ’Δμνοῦ
3636 1192 3897 1268 ἄϐρωτον

2273 1281 2425 1337 οὐδὲν
2480 1281 2604 1338 οὐδε
2666 1289 2842 1360 τραχὺ
2890 1290 2979 1338 καὶ
3036 1281 3264 1345 ὀστῶδες
3286 1298 3300 1313 °
3334 1286 3416 1337 ὅτι
3452 1288 3545 1335 καὶ
3578 1288 3749 1353 Λόγος
3773 1281 3901 1334 ἐνυ-

2272 1379 2532 1435 πόστατος
2587 1375 2739 1437 οὗτος
2771 1393 2785 1407 ·
2843 1394 2932 1426 και
2986 1378 3233 1447 χωρητός
3288 1373 3431 1426 ἐστιν
3488 1374 3514 1424 6
3570 1376 3743 1443 Λόγος
3812 1370 3897 1431 εἰς

2273 1469 2449 1515 πᾶσαν
2521 1463 2708 1535 ψυχὴν
2783 1468 2876 1521 τὴν
2943 1461 3095 1526 ἀξίως
3162 1462 3516 1535 ἑτοιμάσασθαι
3568 1461 3761 1518 ἑαυτὴν
3812 1459 3899 1521 εἰς

2274 1555 2545 1604 κατοικίαν
2610 1552 2771 1605 αὐτοῦ
2800 1568 2813 1582 ⁸
2877 1556 3009 1624 πρὸς
3068 1552 3129 1610 ἦν
3195 1552 3288 1604 ούκ
3336 1551 3489 1612 αὐτὸς
3525 1555 3702 1623 μόνος,
3747 1547 3903 1599 ἀλλὰ

2274 1645 2365 1711 καὶ
2407 1644 2494 1692 τὸν
2544 1645 2751 1715 Πατέρα
2802 1642 2961 1712 ἔφησε
3014 1644 3108 1693 σὺν
3161 1641 3302 1710 αὐτῷ
3351 1640 3657 1694 ἐλεύσεσθαι
3682 1642 3778 1690 καὶ
3826 1639 3894 1688 τὸ

2276 1736 2487 1802 Πνεῦμα
2546 1733 2604 1782 τὸ
2678 1730 2847 1802 άγιον,
2922 1734 3013 1782 καὶ
3093 1734 3256 1802 μονὴ-ν
3316 1731 3443 1801 παρ’
3508 1728 3649 1798 αύτῷ
3724 1731 3893 1783 ποιή-

2276 1821 2485 1874 σεσθαι.

2346 1907 2422 1981 μ’.
2504 1915 2683 1962 Ταῦτα
2754 1911 2845 1980 μὲν
2918 1910 3055 1960 κατὰ
3128 1912 3223 1966 τὴν
3287 1909 3540 1981 ἡμετέραν
3606 1903 3891 1958 ἀσθένειαν

2277 1994 2630 2069 ἐσχεδίασται
2658 2037 2671 2059 ,
2733 1993 2828 2050 διὰ
2889 2002 2984 2054 τὴν
3063 1996 3302 2068 επίμονον
3366 2002 3458 2048 τοῦ
3526 1993 3890 2066 ἐντειλαμὺου

2279 2081 2466 2159 ἀνδρὸς
2534 2088 2854 2158 θερμοτάτην
2922 2084 3178 2149 ἀξίωσιν·
3246 2086 3273 2137 6
3329 2074 3391 2137 δέ
3436 2098 3496 2156 γε
3542 2086 3751 2146 τούτοις
3812 2085 3891 2134 ἒν-

2277 2177 2554 2247 τυγχάνων
2587 2218 2602 2245 ,
2679 2181 2838 2248 μήπω
2910 2177 3086 2235 πάσης
3158 2174 3451 2245 εξηγήσεως
3511 2180 3614 2225 τῶν
3678 2180 3893 2224 σεπτῶν

2281 2269 2583 2337 μυστηρίων
2675 2268 2725 2317 εν
2813 2267 3019 2326 τούτοις
3090 2264 3353 2316 τελεῖσθαι
3423 2267 3615 2335 νομίσῃ
3658 2276 3673 2290 ⁸
3757 2259 3899 2311 ἀλλὰ

2284 2357 2502 2423 τοιούτῳ
2575 2357 2677 2405 τινὶ
2747 2353 2936 2406 οἰέσθω
2994 2353 3395 2424 ἐντετυχηκέναι
3430 2392 3445 2418 ,
3517 2354 3588 2412 ὡς
3652 2352 3741 2403 εάν
3808 2368 3900 2411 τις

2283 2450 2382 2495 τῶν
2456 2444 2751 2495 ποθούντων
2818 2439 2948 2495 ἰδεῖν
3011 2441 3172 2500 κάλλη
3241 2440 3428 2501 πόλεως
3492 2441 3730 2511 ὑπερφυῆ
3797 2444 3901 2489 καὶ

2288 2531 2501 2600 ἀθέατα,
2545 2535 2707 2604 τύχοι
2754 2536 2892 2595 τινὸς
2930 2528 3264 2602 ὁδηγοῦντος,
3313 2528 3396 2602 ὑφ’
3429 2524 3488 2582 οὗ
3518 2529 3900 2603 χειραγωγούε

2287 2640 2452 2693 μενος,
2510 2624 2580 2682 ὡς
2637 2617 2730 2673 διά
2777 2640 2915 2683 τινος
2971 2616 3190 2694 θυρίδος
3243 2619 3462 2691 ἰσχύσει
3507 2614 3748 2670 κατιδεῖν
3795 2620 3900 2672 τὴν

2288 2709 2475 2763 ἐκεῖθεν
2534 2708 2926 2783 ἕκπεμπομένων
2988 2708 3206 2762 ἀκτινων
3272 2707 3458 2779 αἴγλην
3525 2726 3580 2759 τε
3622 2706 3717 2758 καί
3759 2705 3899 2776 λαμ-

2287 2804 2525 2874 πρότητα
2554 2821 2566 2832 ·
2624 2800 2681 2851 οὐ
2736 2804 2836 2861 μὴν
2866 2803 3027 2856 αὐτὴν
3084 2804 3178 2856 τὴν
3227 2801 3382 2870 φύσιν
3425 2806 3525 2849 τῶν
3573 2793 3722 2848 ἔνδον
3765 2793 3898 2847 ἁπο-

2288 2894 2528 2961 κειμένων
2583 2888 2811 2960 ἀγαθῶν.
2866 2891 2943 2941 Τὰ
2996 2889 3098 2960 γὰρ
3154 2889 3426 2959 μυστηριά
3483 2906 3605 2959 μου,
3652 2892 3817 2957 φησιν
3870 2884 3897 2934 ὁ

2291 2982 2519 3053 Κύριος.
2574 2978 2688 3050 ἐμοὶ
2739 2978 2829 3029 καὶ
2884 2985 2989 3037 τοῖς
3054 2980 3212 3049 εμοῖς.
3275 2982 3390 3038 Πῶς
3421 2973 3480 3028 δὲ
3509 2979 3666 3037 αὐτὸς
3697 2974 3826 3045 ἐγὼ.
3870 2974 3895 3024 6

2289 3073 2359 3141 μὴ
2430 3072 2582 3140 μόνον
2640 3067 2694 3130 εξ
2756 3067 2917 3119 αὐτοῦ
2971 3069 3240 3140 μακρύνας
3298 3065 3541 3137 ἐμαυτὸν,
3605 3062 3739 3115 ἀλλὰ
3804 3061 3899 3114 καὶ

2286 3166 2387 3209 τῶν
2455 3155 2767 3227 ἐγγιζόντων
2834 3156 2976 3226 αὐτῷ
3040 3158 3245 3228 μακρὰν
3307 3153 3695 3226 ἀπεσχισμένος
3731 3195 3748 3213 ,
3812 3152 3898 3204 ἑπ-

2291 3247 2433 3310 άξιόν
2493 3264 2545 3298 τι
2611 3254 2711 3298 τῶν
2767 3244 2959 3298 ἐκείνου
3014 3253 3205 3305 νοῆσαι
3260 3245 3290 3303 ἢ
3348 3243 3673 3316 φθέγξασθαι
3731 3238 3897 3299 δυνη-

2294 3340 2479 3407 θείην;
2537 3336 2671 3389 Ἀλλ’
2719 3336 2858 3408 ὅμως
2915 3334 3057 3407 φίλον
3115 3333 3335 3406 κάκείνῳ
3382 3338 3441 3387 τὸ
3478 3335 3615 3386 κατὰ
3645 3329 3895 3405 δύναμιν,

2293 3427 2336 3479 εἰ
2410 3430 2564 3499 μόνον
2640 3429 2711 3498 μὴ
2790 3424 2967 3500 πόρρω
3034 3434 3133 3477 τῶν
3202 3423 3395 3477 ἐκείνου
3463 3419 3747 3494 δογμάτων
3810 3422 3899 3475 καὶ

2292 3515 2503 3568 ἐντολῶν
2558 3518 2633 3572 εἴη
2697 3516 2755 3566 τὸ
2816 3516 3194 3588 θεωρούμενονο
3253 3513 3296 3565 εἰ
3344 3509 3403 3565 δέ
3453 3532 3530 3573 τις
3579 3512 3893 3585 ὀνησιφόρον

2292 3625 2345 3658 τι
2420 3604 2559 3678 εὖροι
2626 3610 2733 3664 τοῖς
2796 3607 3194 3676 γεγραμμένοις,
3264 3604 3391 3676 ὑπὲρ
3454 3605 3578 3673 εμοῦ
3644 3604 3739 3672 μὲν
3805 3608 3896 3653 τοῦ

2293 3697 2682 3754 πεπονηκότος,
2757 3692 2921 3763 εύχὴν
3001 3695 3394 3765 συγχωρήσεως
3479 3696 3586 3760 Θεῷ
3646 3686 3894 3742 ἀποδότω

2295 3792 2392 3834 τῶν
2453 3786 2805 3853 ἐπταισμένων
2881 3800 2971 3853 μοι
3043 3782 3186 3834 ἕνεκα
3220 3797 3231 3807 ⁸
3302 3783 3479 3832 ἔπειτα
3540 3775 3599 3831 δὲ
3664 3779 3758 3831 καὶ
3821 3779 3896 3831 εὖ·

2294 3877 2600 3944 χαριστίαν,
2647 3870 2755 3923 ἀνθ’
2797 3861 2864 3921 ὧν
2904 3872 3092 3922 ἄνωθεν
3143 3870 3287 3922 εἴωθε
3323 3869 3562 3941 φωτίζειν
3594 3866 3697 3920 ἀπὸ
3742 3870 3895 3942 ὀρέων

2296 3963 2536 4027 αἰωνίων,
2597 3962 2717 4021 τούς
2780 3967 2965 4033 νοερὼς
3032 3956 3340 4021 ἀξιωθέντας
3401 3958 3544 4029 ὁρῷθ’
3611 3958 3692 4008 ὅτι
3760 3957 3897 4026 αὐτῷ

2296 4053 2476 4124 πρέπει
2532 4054 2679 4101 πᾶσα
2735 4044 2882 4117 δόξα,
2935 4050 3083 4118 τιμὴ,
3136 4046 3225 4098 καὶ
3278 4049 3641 4120 προσκύνησις
3695 4054 3770 4116 τῷ
3798 4052 3897 4098 Πα-

2296 4137 2382 4212 τρί
2423 4137 2514 4188 καί
2562 4146 2633 4188 τῶ
2676 4139 2780 4206 Υιῷ
2822 4136 2912 4187 καὶ
2963 4145 3035 4207 τῷ
3084 4136 3217 4206 ἁγίῳ
3266 4138 3545 4207 Πνεύματι,
3581 4142 3669 4186 νῦν
3698 4133 3899 4186 καίὰεί

2296 4225 2387 4279 καί
2415 4226 2487 4288 εἰς
2503 4230 2624 4288 τοὺς
2654 4226 2843 4287 αἰῶνας
2858 4233 2957 4277 τῶν
2983 4225 3198 4277 αἰώνων.
3233 4224 3425 4297 Ἀμήν,

2299 4552 2438 4608 nhm
2466 4552 2707 4609 Credere
2731 4552 3040 4622 jubemur,
3087 4552 3453 4621 distinguere
3487 4548 3896 4620 prohibemur.

2300 4624 2443 4680 Vide
2469 4624 2553 4679 ibi
2579 4630 2793 4679 caetera
2816 4639 2952 4696 quae
2989 4629 3129 4678 sunt
3161 4622 3470 4703 praeclara.
