4028 6308
496 304 598 360 471

1680 297 2031 356 MANUELIS
2069 297 2290 356 MAGNI
2325 294 2669 354 RHETORIS

3785 290 3913 343 472

517 420 3910 452 MM

1399 568 1997 658 ΑΠΟΛΟΓΙΑ
2058 569 2257 655 ΚΑΙ
2319 564 2950 654 ΑΝΑΤΡΟΠΗ

1899 735 2035 782 ΤΩΝ
2077 729 2342 782 ΚΕΦΑΛΑ
2353 730 2468 778 ΙΩΝ

1255 895 1535 1007 ΤΟΥ
1613 893 2005 1007 ΦΡΑΡ
2085 888 3171 1036 ΦΡΑΤΖΗΣΚΟΥ,

1415 1162 2018 1257 APOLOGIA
2077 1166 2223 1258 ET
2294 1163 2966 1258 BEFUTATIO

2035 1342 2335 1398 CAPITUM

1227 1465 2018 1588 FRATRIS
2158 1462 3130 1589 FRANCISCI

505 1769 756 1825 Manuel
802 1784 1056 1841 magnus
1090 1770 1296 1825 rhetor
1349 1770 1592 1838 Magno:
1625 1771 1903 1838 ecclesiae,
1972 1771 2207 1840 fratri}

2278 1769 2522 1829 Μανουηλ
2586 1772 2613 1822 6
2697 1777 2857 1843 μέγας
2917 1771 3091 1844 ῥήτωρ
3175 1775 3267 1828 τῆς

577 1858 904 1914 Francisco
923 1859 1321 1927 prcedz‘catori
1351 1860 1562 1914 veteris
1594 1859 1812 1927 Romae,
1843 1859 2121 1917 salutem.

577 2037 807 2110 Scripta
857 2040 961 2094 tua
1015 2037 1269 2108 epistola
1315 2037 1394 2094 ad
1439 2054 1551 2094 nos
1580 2037 1849 2110 pervenit
1887 2041 1943 2094 ct
1981 2036 2160 2094 simul

505 2127 732 2200 ubique
754 2131 871 2183 tuae
894 2128 1115 2184 mentis
1139 2128 1518 2198 exiguitatem
1541 2127 1825 2199 prodidit,
1857 2130 1977 2182 tam
1999 2127 2160 2182 circa

505 2216 642 2283 alia,
678 2232 866 2288 quam
916 2217 1073 2271 circa
1122 2217 1578 2288 grammaticam
1627 2218 1936 2283 Graecam;
1995 2231 2159 2270 erras

505 2305 666 2361 enim
697 2306 757 2360 in
797 2304 1182 2373 dictionibus,
1214 2305 1439 2369 litteris,
1473 2309 1530 2360 et
1559 2304 1930 2372 accentibus,
1965 2309 2022 2360 et
2052 2304 2158 2360 de-

504 2394 698 2450 claras
718 2394 780 2449 id
800 2395 966 2465 quod
995 2399 1084 2450 est
1110 2393 1289 2463 longe
1319 2411 1355 2450 a
1384 2409 1529 2449 vera
1553 2393 1850 2463 theologia
1876 2394 2156 2449 constitu-

505 2487 655 2540 tum.
687 2486 751 2537 ln
783 2484 1006 2554 scripto
1034 2482 1260 2555 quippe
1295 2487 1395 2538 tuo
1422 2483 1621 2555 capita
1672 2483 2072 2549 continentur,
2104 2487 2161 2540 et

484 2571 789 2645 quaedam
819 2571 1202 2644 problemata
1225 2571 1526 2628 multoties
1551 2573 1681 2643 jam
1711 2574 1952 2642 agitata,
1981 2577 2036 2628 et
2066 2588 2160 2628 ex-

502 2661 762 2734 plorata,
793 2660 892 2716 illa
916 2676 1057 2716 vero
1088 2660 1365 2716 inscribis
1399 2661 1823 2718 Conclusiones
1873 2661 2157 2731 theologi-

504 2767 630 2815 cas,
686 2767 823 2807 cum
869 2751 984 2806 sint
1013 2751 1212 2823 potius
1242 2751 1564 2808 cacodoxae
1597 2757 1654 2808 et
1697 2752 1993 2824 pessimte,
2027 2757 2082 2808 et
2124 2769 2161 2809 a

502 2840 747 2898 veritate
800 2845 857 2896 et
906 2846 1066 2897 recta
1110 2840 1384 2897 doctrina
1431 2842 1669 2914 penitus
1727 2841 1956 2897 alienae.
2017 2843 2162 2898 Con-

501 2931 693 2988 clusio
715 2932 896 2998 enim,
946 2935 1006 2987 ut
1033 2932 1146 2987 hoc
1171 2932 1360 2987 obiter
1402 2931 1620 3003 dicam,
1646 2937 1735 2988 est
1771 2933 1854 2987 rei
1881 2932 2158 2989 determi-

499 3026 656 3077 natae
687 3027 743 3078 et
768 3021 1190 3077 demonstratae
1211 3021 1511 3093 probatio.
1541 3025 1668 3077 Istae
1699 3036 1838 3076 vero
1860 3026 1974 3076 tuae
1996 3038 2159 3094 quae-

501 3111 724 3166 stiones
755 3115 895 3166 sunt
923 3111 1121 3182 potius
1154 3111 1534 3176 assertiones,
1588 3110 1785 3166 theses
1827 3110 2072 3182 iniquae,
2104 3115 2161 3167 et
2189 3121 2228 3174 Β

500 3200 944 3272 propositiones
979 3200 1195 3255 mentis
1223 3215 1349 3255 non
1380 3199 1494 3254 sibi
1543 3199 1895 3254 cohmrentis
1923 3206 1979 3255 et
2008 3200 2162 3256 deci-

501 3289 736 3360 pientis,
769 3305 905 3360 quee
931 3288 1292 3343 sufﬁcienter
1322 3293 1582 3345 tractatas
1621 3293 1780 3354 sunt,
1831 3288 2157 3355 multoties,

444 3404 458 3416 -
501 3381 562 3432 et
584 3377 764 3431 variis
817 3376 1190 3448 diversisque
1219 3377 1610 3448 temporibus,
1644 3383 1768 3433 tam
1800 3394 1836 3433 a
1869 3379 2160 3434 veteribus

501 3481 687 3538 quam
709 3465 1139 3521 recentioribus
1160 3465 1376 3520 divinis
1393 3466 1762 3532 hominibus,
1785 3467 2046 3537 perfecta
2069 3483 2160 3523 sa-

501 3553 730 3626 pientia
757 3558 812 3610 et
861 3556 1172 3610 sanctitate
1202 3555 1428 3610 ornatis
1481 3559 1538 3614 et
1580 3556 2050 3626 praestantibus;
2103 3562 2161 3612 et

501 3648 568 3698 ut
617 3642 995 3715 blasphema,
1049 3642 1348 3698 contraria
1405 3647 1460 3698 et
1507 3643 1786 3714 opposita
1837 3643 1955 3715 ipsi
2007 3645 2158 3700 veri-

501 3731 918 3797 tati,nimirum
942 3731 1172 3787 Christo
1204 3734 1322 3787 Deo
1343 3734 1564 3799 nostro,
1592 3731 1916 3802 reprobate
1947 3736 2084 3788 sunt
2105 3736 2163 3790 et

502 3821 742 3891 rejecta.
801 3823 1152 3893 Quaproper
1197 3836 1309 3876 nos
1366 3821 1580 3876 armati
1621 3819 1753 3877 luce
1803 3821 2064 3877 veritatis
2105 3827 2162 3878 et

503 3925 655 3966 verae
685 3909 1018 3982 theologica.

577 4181 762 4234 Tuam
784 4179 1042 4250 primam
1060 4177 1457 4250 quaestionem
1479 4193 1615 4248 quae
1638 4178 1847 4234 asserit
1880 4178 2162 4250 Spiritum

510 4269 788 4322 sanctum
812 4266 1134 4338 procedere
1156 4283 1190 4322 a
1217 4269 1381 4322 Patre
1406 4271 1464 4321 et
1492 4265 1629 4321 Filio
1654 4266 2081 4339 blasphemam
2110 4271 2166 4323 et

508 4355 852 4412 huereticam
875 4354 1254 4410 declaramus
1280 4359 1375 4424 (l).
1413 4358 1540 4410 Non
1572 4357 1732 4410 enim
1756 4356 1816 4410 in
1846 4356 2165 4425 Evangiliis

513 4443 804 4502 Dominus
833 4444 917 4499 sic
944 4444 1227 4516 loquitur,
1263 4444 1370 4500 sed
1400 4444 1570 4499 illum
1601 4460 1671 4500 ex
1704 4445 1875 4500 Patre
1929 4449 2162 4501 tantum
2196 4471 2236 4523 ο

512 4531 858 4606 procedere,
901 4533 1006 4588 ubi
1047 4531 1225 4588 dicit:
1261 4554 1288 4582 (ι
1335 4535 1481 4590 Cum
1536 4533 1762 4621 venerit
1829 4534 2165 4590 Paracletus

513 4639 697 4696 quem
723 4637 836 4692 ego
863 4622 1037 4696 vobis
1067 4621 1300 4678 mittam
1332 4638 1368 4678 a
1402 4625 1593 4690 Patre,
1627 4622 1878 4695 Spiritus
1906 4624 2164 4680 veritatis

515 4713 684 4787 quia
734 4714 902 4768 Patre
935 4710 1223 4784 procedit,
1277 4710 1372 4767 ille
1411 4711 1487 4766 de
1528 4727 1626 4767 me
1676 4711 2036 4768 testabitur‘
2088 4729 2101 4779 ;
2136 4735 2165 4764 ››

514 4803 721 4860 missio
744 4818 886 4860 vero
917 4805 973 4858 et
1000 4789 1306 4873 processio
1334 4816 1458 4858 non
1491 4806 1631 4857 sunt
1657 4801 1839 4858 idem.
1865 4803 2166 4859 Processio

515 4894 674 4951 enim
723 4894 1008 4965 importat
1046 4891 1296 4947 modum
1330 4896 1386 4947 et
1414 4898 1770 4964 conceptum
1788 4893 2163 4956 exsistentiar,

515 4984 726 5039 missio
781 4998 920 5039 vero
958 4981 1318 5052 legationem
1363 4985 1419 5036 et
1464 4981 1866 5052 apostolatum
1907 4987 2067 5038 nota.
2101 4985 2166 5038 Et

516 5072 851 5129 secundum
881 5072 1325 5144 processionem
1355 5070 1604 5142 Spiritus
1635 5077 1877 5126 sanctus
1907 5087 1980 5126 ex
2036 5087 2162 5144 per—

516 5178 667 5217 sona
679 5161 862 5216 Patris
872 5164 1014 5233 tanq
1026 5177 1163 5216 nam
1177 5177 1247 5216 ex
1263 5175 1446 5216 causa
1463 5159 1805 5216 immediate
1821 5159 2001 5216 habet
2015 5176 2163 5227 esse,

517 5249 854 5306 secundum
897 5249 1252 5306 missionem
1303 5265 1446 5305 vero
1491 5248 1666 5305 Filius
1710 5253 1765 5304 et
1816 5253 1986 5305 Pater
2044 5265 2166 5307 una

515 5339 760 5396 mittunt
808 5338 1089 5411 Spiritum
1121 5338 1568 5396 sanctissimum
1607 5337 1666 5393 in
1714 5337 1920 5394 ﬁdeles
1951 5343 2008 5396 et
2062 5354 2164 5395 eos

585 5519 601 5554 ¹
633 5517 804 5575 toan.
830 5530 901 5572 xv
923 5551 941 5582 ,
969 5517 1059 5571 26.

586 5605 662 5680 (t)
700 5601 876 5664 Viden
907 5603 1246 5664 Grecorum
1267 5601 1590 5664 insaniam.

3345 1764 3588 1836 Μεγάλης
3672 1760 3889 1818 ἐκκλη-

2344 1863 2458 1921 σίας
2516 1862 2648 1935 φρὰρ
2705 1862 3030 1933 Φρατζήσκῳ
3085 1866 3156 1928 τῷ
3215 1853 3586 1931 Πρεδικατορῳ
3648 1850 3897 1910 παλαιᾶς

2339 1948 2537 2022 Ῥώμης
2565 1953 2794 2024 χαίρειν.

2337 2041 2406 2090 Τὸ
2466 2037 2792 2091 ἑπιστολαῖόν
2862 2045 2956 2090 σοῦ
3037 2040 3167 2111 πρὸς
3231 2038 3367 2108 ἡμᾶς
3424 2032 3565 2085 ἐλθὸν
3645 2031 3894 2103 γράμμα

2273 2122 2510 2199 δέδειχεν
2579 2126 2901 2199 ἀμωσγέπως
2970 2146 3029 2198 γε
3102 2129 3160 2178 τό
3247 2143 3301 2176 τε
3369 2121 3712 2197 βραχύτατον
3783 2126 3893 2178 τῆς

2269 2211 2501 2275 διανοίας
2550 2223 2642 2276 τῆς
2696 2223 2795 2288 σῇς
2851 2219 2978 2289 πρὸς
3035 2234 3089 2267 τε
3139 2217 3206 2267 τὰ
3265 2211 3417 2278 ἄλλα,
3465 2212 3733 2281 καὶπρὸς
3785 2213 3893 2265 τὴν

2267 2305 2382 2357 καθ’
2437 2303 2687 2367 Ἕλληνας
2740 2309 3130 2379 γραμματικήν
3186 2305 3234 2355 ἓν
3286 2321 3341 2355 τε
3386 2303 3487 2374 γὰρ
3545 2298 3714 2361 λέξεσι
3790 2303 3894 2348 καὶ

2269 2392 2676 2464 ἀντιστοιχείοις
2723 2398 2813 2446 καὶ
2865 2389 3187 2468 προσωὸίαις
3243 2389 3552 2463 ἐσφαλμένον
3597 2387 3738 2454 ἐστι,
3791 2390 3896 2437 καὶ

2267 2485 2325 2534 τὸ
2389 2481 2564 2557 πόρρω
2638 2479 2808 2540 δηλῶν
2891 2484 3207 2535 καθεστάναι
3264 2489 3358 2541 τῆς
3425 2478 3646 2536 ἀληθοῦς
3706 2475 3893 2528 θεολο-

2266 2578 2409 2644 γίας.
2481 2575 2559 2625 Τά
2620 2577 2718 2648 γὰρ
2785 2571 2832 2624 ἐν
2893 2572 3034 2644 αὐτῷ
3092 2571 3364 2644 κεφάλαια,
3426 2570 3733 2640 ζητήματα,
3789 2570 3890 2616 καὶ

2267 2661 2608 2736 προϐλήματα
2687 2663 2828 2732 ὄντα,
2884 2661 2976 2714 καὶ
3049 2669 3149 2714 τῶν
3234 2661 3550 2731 ζητημάτων
3617 2655 3889 2715 πολλάκις

2270 2747 2783 2822 ὃιακωδωνισθέντα,
2845 2750 3145 2825 ἐπιγράφεις
3219 2749 3353 2802 αῦτά
3421 2748 3882 2821 συμπεράσματα,

2267 2846 2357 2893 καὶ
2403 2838 2680 2914 ὀρθόδοξα,
2728 2838 2995 2903 κακόδοξα
3045 2839 3236 2911 μᾶλλον
3285 2844 3426 2907 ὄντα,
3466 2842 3556 2889 καὶ
3583 2844 3681 2896 τῆς
3713 2835 3883 2910 ὀρθο-

2271 2927 2448 2992 δοξίας
2515 2936 2604 2982 καὶ
2661 2929 2900 2990 ἀληθείας
2974 2929 3404 2982 ἀποπεπτωκότα.
3492 2931 3588 2980 Καὶ
3657 2924 3745 2976 τοί
3820 2943 3886 2994 γε

2274 3022 2629 3092 συμπέρασμα
2681 3018 2841 3087 ἐστιν,
2910 3021 2979 3082 ὡς
3042 3019 3092 3071 ἐν
3152 3021 3296 3090 τύπῳ
3363 3017 3538 3083 εἰπεῖν,
3601 3013 3883 3085 ἀπόφασις

2273 3105 2622 3183 διωρισμένου
2675 3114 2764 3161 καὶ
2815 3104 3258 3180 ἀποδεδειγμένου
3308 3108 3631 3180 πράγματος.
3689 3109 3883 3154 Ταῦτα

2273 3194 2332 3250 δὲ
2361 3201 2426 3250 τὰ
2458 3199 2736 3269 ζητήματα
2785 3197 2926 3264 ὂντα,
2976 3195 3166 3270 μᾶλλον
3213 3193 3272 3248 δὲ
3305 3197 3466 3254 θέσεις
3516 3195 3545 3252 ἣ
3597 3193 3881 3261 προθέσεις

2271 3289 2516 3358 ἄθεσμοι,
2574 3291 2664 3338 καὶ
2719 3289 2995 3358 προτάσεις
3051 3281 3288 3345 διανοίας
3353 3282 3739 3353 ἀσυλλογίστοῦ
3787 3286 3882 3331 καὶ

2271 3380 2606 3449 κακόφρονος,
2695 3373 2985 3446 ἀρκούντως
3073 3372 3524 3449 ἐτρακταῖσθησαν
3620 3368 3882 3430 πολλάκις

2271 3470 2361 3517 καὶ
2426 3463 2694 3535 πολλαχοῦ
2739 3465 2840 3516 ὑπό
2896 3463 3093 3516 πολλῶν
3141 3467 3230 3514 καὶ
3274 3458 3536 3534 διαφόρων
3588 3458 3713 3510 ἐτῶν
3771 3459 3878 3510 ὑπὸ

2269 3573 2324 3606 τε
2373 3553 2603 3606 παλαιῶν
2647 3557 2736 3604 καὶ
2763 3556 2884 3604 νέων
2943 3554 3088 3605 θείων
3121 3548 3342 3622 ἀνδρῶν,
3403 3549 3569 3620 τελεία
3619 3553 3786 3619 σοφίᾳ
3824 3565 3878 3599 τε

2269 3647 2359 3694 καὶ
2426 3642 2691 3714 ἀγίωσύνη
2772 3645 3190 3713 κεκοσμημένων,
3259 3642 3349 3691 καὶ
3439 3639 3504 3698 ὡς
3574 3635 3878 3709 βλάσφημα

2271 3737 2354 3783 καὶ
2441 3736 2533 3789 την
2600 3731 2898 3783 ἐναντίωσιν
2964 3730 3244 3801 εἰσάγοντα
3306 3734 3579 3803 προφανῶς
3644 3730 3736 3778 καὶ
3808 3733 3870 3797 τῇ

2273 3821 2619 3892 αὖτοαληθείᾳ
2680 3827 2893 3893 Χριστῷ
2952 3827 3024 3889 τῷ
3083 3828 3196 3889 Θεῷ
3271 3821 3416 3890 ἡμῶν
3478 3816 3873 3888 ἀντιφερόμενα,

2273 3906 2780 3982 ἀπεδοκιμάσθησάν
2823 3929 2874 3961 τε
2921 3914 3008 3961 καὶ
3058 3907 3436 3982 ἀπερρίφησαν,
3471 3901 3555 3958 διὸ
3604 3910 3695 3956 καὶ
3725 3906 3876 3976 ἡμεῖς

2271 3999 2695 4071 καθωπλισμένοι
2737 3998 2872 4061 ὄντες
2915 4007 2987 4070 τῷ
3039 4005 3136 4058 τῆς
3202 3996 3445 4058 ἀληθείας
3510 3999 3600 4046 καὶ
3649 3992 3876 4052 ἀληθοῦς

2276 4089 2543 4161 θεολογίας
2574 4107 2724 4160 φωτι,

2345 4183 2414 4231 Τὸ
2447 4185 2648 4250 πρῶτον
2699 4197 2794 4230 σου
2845 4178 3075 4249 ζήτημα,
3133 4175 3276 4247 λέγον
3337 4178 3418 4226 ὅτι
3457 4176 3514 4226 τὸ
3564 4178 3778 4244 Πνεῦμα
3817 4174 3874 4223 τὸ

2276 4268 2420 4341 ἅγιον
2467 4267 2520 4320 ἐκ
2569 4275 2662 4320 τοῦ
2718 4271 2921 4342 Πατρός
2975 4270 3064 4318 καὶ
3113 4267 3236 4317 Υἰοῦ
3289 4263 3640 4336 ἐκπορεύεται,
3705 4259 3876 4333 βλάσ-

2277 4377 2443 4431 φημον
2491 4362 2580 4409 καὶ
2629 4359 2884 4428 αἱρετικὸν
2939 4354 3346 4427 ἀποφαινόμεθα.
3398 4352 3457 4404 Ὀ
3522 4353 3620 4425 γὰρ
3681 4352 3876 4421 Κύριος

2277 4451 2421 4520 ἡμων
2475 4446 2521 4498 ἐν
2554 4445 2884 4517 Εὑαγγελίοις
2931 4445 3025 4497 οῦκ
3083 4444 3216 4496 οὕτω
3251 4447 3427 4515 φησιν,
3475 4440 3584 4492 ἀλλ’
3627 4438 3683 4491 ἐκ
3713 4442 3873 4510 μόνον

2275 4545 2367 4589 τοῦ
2421 4540 2624 4610 Πατρός
2656 4535 2701 4587 ἐν
2747 4542 2824 4594 οῖς
2868 4534 3023 4605 λέγει·
3082 4555 3110 4582 ‹‹
3155 4532 3315 4584 Ὀταν
3369 4528 3428 4584 δὲ
3472 4530 3594 4601 ὒθῃ
3628 4530 3653 4580 6
3699 4529 3875 4601 Παρά-

2277 4625 2482 4695 κλητος,
2535 4627 2587 4676 ὃν
2637 4623 2736 4694 ἐγὼ
2783 4622 2972 4694 πέμψω
3021 4619 3142 4695 ὑμῖν
3197 4623 3338 4696 παρὰ
3388 4627 3483 4672 τοῦ
3533 4619 3754 4688 Πταρὸς,
3815 4618 3874 4667 τὸ

2278 4722 2487 4785 Πνεῦμα
2528 4720 2624 4775 τῆς
2665 4711 2930 4778 ἀληθείας,
2975 4714 3000 4763 ὅ
3042 4713 3184 4784 παρά
3236 4717 3328 4762 τοῦ
3381 4712 3581 4783 lla-:96;
3631 4705 3873 4780 ἐκπορεύ-

2278 4823 2407 4869 εται,
2461 4802 2643 4863 ἐκεῖνος
2689 4807 3028 4875 μαρτυρήσει,
3075 4805 3192 4875 περὶ
3249 4799 3392 4872 ἐμοῦ.
3456 4819 3484 4847 ››
3552 4795 3758 4868 Πέμψις
3815 4791 3874 4846 δε

2276 4898 2365 4945 καί
2413 4892 2717 4960 ἐκπόρευσις
2775 4891 2833 4943 οῦ
2883 4891 3090 4943 ταύτὸν·
3151 4892 3181 4948 ἡ
3251 4893 3341 4961 μέν
3404 4890 3506 4961 γὰρ
3567 4885 3873 4958 ἐκπόρευσις

2277 4984 2466 5034 ἔννοιαν
2518 4980 2782 5050 ὑπάρξεως
2843 4980 3060 5050 εἰσάγει,
3127 4980 3157 5036 ἡ
3219 4975 3279 5031 δὲ
3336 4975 3529 5048 πέμψις
3576 4972 3872 5032 ἀποστολῆς

2275 5076 2365 5124 καί
2415 5073 2552 5122 κατά
2596 5073 2685 5142 μὲν
2741 5074 2834 5128 τὴν
2884 5069 3188 5143 ἐκπορευσιν
3244 5071 3300 5120 τὸ
3354 5073 3563 5137 Πνεῦμα
3614 5067 3673 5116 τὸ
3725 5061 3871 5133 ἅγιον

2277 5161 2332 5213 ἐκ
2360 5169 2454 5221 τῆς
2496 5166 2755 5234 πατρικῆς
2786 5159 3125 5219 ῦποστασεως
3179 5160 3247 5219 ὡς
3313 5154 3400 5208 ἀπ’
3447 5154 3620 5215 αἰτίας
3668 5151 3871 5224 ἀμέσως

2277 5249 2389 5322 ἔχει
2435 5253 2494 5301 τὸ
2534 5246 2682 5301 εἶναι’
2733 5252 2867 5300 κατά
2911 5245 2970 5300 δὲ
3019 5252 3112 5306 τὴν
3141 5245 3338 5318 πέμψιν
3369 5246 3395 5297 6
3463 5248 3582 5305 Υίος
3639 5259 3869 5294 συναπο-

2277 5338 2472 5392 στέλλιι
2516 5346 2588 5410 τῷ
2640 5341 2904 5413 Πατρίτό
2952 5356 3204 5408 παναγιον
3281 5342 3491 5407 Πνεῦμα
3563 5335 3694 5408 πρὸς
3755 5333 3871 5389 τοὺς
