4028 6308
1712 251 1753 276 \i

143 351 257 414 473

1693 356 2053 416 APOLOGIA

3441 363 3546 422 474

141 485 388 543 πιστοὺς
443 484 536 536 καὶ
585 483 709 544 τοὺς
759 487 854 543 τῆς
904 480 1124 557 χάριτος
1195 480 1355 535 αὐτοῦ
1411 481 1606 547 ἀξίους.
1676 483 1780 538 Ἐπῑ

1901 483 2009 557 qui
2036 487 2176 542 sunt
2196 483 2362 556 digni
2391 484 2586 555 gratia
2613 500 2744 544 sua.
2768 489 2834 543 In
2858 485 3048 544 tribus
3072 488 3349 562 personis
3368 490 3548 548 unica

141 579 263 632 ταῖς
317 577 518 644 τρισὶν
549 572 880 626 ὑποστάσεσι
925 575 1025 644 μία
1067 570 1182 624 ἐστὶ
1213 569 1378 644 βουλὴ
1429 577 1519 624 καὶ
1569 569 1793 645 δύναμις

140 666 233 713 καὶ
317 661 593 736 ἐνέργεια,
638 662 704 722 ὡς
773 665 870 733 μία
930 660 1087 713 οὐσία
1132 668 1206 732 τῷ
1271 659 1478 736 ἀριθμῷ
1541 667 1630 716 καὶ
1695 666 1794 734 μία

146 751 368 812 θεότης.
417 751 581 804 *Οθεν
638 755 728 802 καὶ
783 752 843 802 τὸ
900 756 1110 822 Πνεῦμα
1168 753 1227 802 τὸ
1281 750 1427 822 ἅγιον
1495 750 1792 804 ἀποστέλλει

138 842 227 892 τόν
259 842 404 893 Υἱόν
441 843 583 893 κατὰ
617 844 712 898 τὴν
770 844 1033 915 χρονικήη
1091 843 1351 912 γέννησιν,
1385 842 1456 903 ὡς
1498 839 1546 892 ἓν
1593 839 1794 914 Ἦσαῐᾳ

141 933 476 1002 γέγραπται
529 938 604 1001 τῷ
650 934 914 1004 προφήτῃο
968 950 996 979 ι(
1042 935 1253 1002 Πνεῦμα
1303 934 1497 1003 Κυρίου
1546 929 1626 983 ἐπ’
1681 929 1788 1003 ἐμὲ,

140 1014 202 1069 οὗ
265 1019 480 1072 εἵνεκεν
535 1022 721 1092 ἔχρισέ
769 1037 850 1090 με,
921 1017 1358 1090 εὐαγγελίσασθαι
1394 1025 1636 1091 πτωχοῖς
1663 1018 1789 1073 ἀπέ-

145 1107 355 1160 σταλκέ
404 1128 495 1180 με·
549 1126 580 1161 ν
626 1110 762 1161 ὥστε
803 1112 964 1180 μόνου
1013 1109 1044 1166 ἠ
1096 1115 1187 1160 τοῦ
1240 1111 1446 1182 Πατρός
1497 1109 1791 1172 ὑπόστασις

141 1196 239 1249 οῦκ
297 1195 713 1265 ἀποστέλλεται,
763 1199 833 1259 ὡς
877 1198 1004 1272 ῥίζα
1049 1202 1138 1250 καὶ
1186 1201 1331 1268 πηγή
1379 1205 1472 1259 τῆς
1518 1199 1780 1259 θεότητος’

139 1288 170 1342 ἡ
199 1282 296 1353 ,δῖε
368 1295 474 1341 τοῦ
520 1289 646 1340 Υἰοῦ
697 1291 788 1339 καὶ
845 1293 939 1339 τοῦ
1008 1289 1300 1359 Πνεῦματος
1363 1284 1596 1346 ἀλλήλοις
1661 1285 1788 1338 ἀπο-

143 1375 476 1428 στέλλονται
522 1384 584 1448 τῇ
629 1383 721 1428 τοῦ
769 1379 976 1451 Πατρός
1020 1371 1256 1447 εὐδοκία,
1307 1377 1333 1427 6
1372 1378 1461 1447 μὲν
1492 1375 1613 1438 Υἱός
1655 1379 1790 1430 κατὰ

141 1471 238 1522 τήν
271 1471 560 1539 χρονικήν
588 1470 844 1538 γέννησιν,
900 1469 959 1516 τό
993 1461 1052 1518 δὲ
1100 1472 1310 1538 Πνεῦμα
1357 1469 1414 1518 τὸ
1465 1466 1612 1536 ἅγιον
1657 1467 1790 1518 κατά

141 1558 239 1612 τήν
309 1561 587 1628 χρονικὴν
635 1553 882 1630 πρόοδον,
940 1560 1026 1607 καὶ
1081 1560 1175 1613 τὴν
1244 1555 1312 1616 εἰς
1383 1559 1498 1616 τοὺς
1566 1559 1789 1616 πιστοὺς

144 1643 532 1717 ὶπιφοίτησιν·
584 1644 642 1698 οὐ
687 1650 784 1718 μὴν
838 1647 975 1697 κατὰ
1029 1649 1123 1703 τήν
1180 1643 1406 1717 ἄχρονον
1455 1643 1648 1703 ἐκείνην
1705 1648 1783 1697 έκ-

144 1738 448 1809 πόρευσιν,
492 1741 588 1793 τὴν
637 1735 839 1808 ἀμέσως
886 1733 941 1786 ἐκ
988 1742 1084 1796 τῆς
1137 1742 1398 1808 πατρικῆς
1446 1736 1786 1795 ὑποστάσεως

1902 577 1989 629 est
2024 572 2322 646 voluntas,
2366 575 2545 632 unica
2599 576 2810 645 virtus,
2868 577 3046 634 unica
3104 582 3193 635 est
3255 579 3546 652 operatio,

1899 661 2053 718 sicut
2091 663 2270 720 unica
2327 679 2581 721 numero
2621 665 2901 736 essentia,
2941 671 2998 723 et
3035 667 3216 723 unica
3245 666 3545 727 divinitas.

1900 751 2067 808 Unde
2091 752 2157 810 ﬁt
2186 756 2250 809 ut
2282 753 2536 826 Spiritus
2575 759 2820 811 sanctus
2857 756 3052 812 mittat
3090 755 3301 812 Filium
3339 773 3548 814 secun-

1898 840 2048 898 dum
2087 844 2481 915 temporalem
2519 860 2692 902 suam
2733 845 3204 916 generationem,
3245 846 3398 902 sicut
3431 847 3548 903 hoc

1897 931 2174 989 scribitur
2219 932 2382 1005 apud
2415 933 2628 990 Isaiam
2666 935 3061 1008 prophetam:
3095 955 3123 986 ‹‹
3158 935 3409 1007 Spiritus
3439 938 3547 992 Do-

1897 1019 2045 1076 mini
2071 1025 2158 1077 est
2185 1037 2366 1094 super
2390 1037 2507 1089 me,
2538 1022 2674 1080 ideo
2703 1038 2800 1080 me
2828 1025 3010 1095 unxit,
3053 1027 3112 1080 et
3139 1023 3300 1081 misit
3339 1040 3436 1081 me
3467 1025 3547 1082 ad

1900 1110 2284 1181 Evangelium
2329 1111 2817 1169 annuntiandum
2846 1113 3342 1187 pauperibus’;»
3394 1113 3547 1171 adeo

1897 1203 1962 1255 ut
1990 1199 2118 1257 sola
2148 1201 2333 1257 Patris
2358 1217 2617 1274 persona
2640 1218 2762 1258 non
2795 1203 3080 1270 mittatur,
3105 1219 3243 1259 cum
3275 1204 3348 1260 sit
3372 1203 3546 1260 radix

1898 1293 1954 1344 et
1980 1289 2113 1344 fons
2141 1288 2505 1358 divinitatis;
2551 1306 2816 1364 persona
2857 1308 3002 1349 vero
3037 1291 3160 1348 Filii
3201 1297 3258 1348 et
3283 1307 3546 1366 persona

1899 1377 2151 1450 Spiritus
2179 1380 2369 1435 sancti
2402 1379 2743 1437 alternatim
2769 1385 2825 1436 et
2853 1397 2890 1437 a
2919 1397 2982 1438 se
3019 1381 3276 1437 invicem
3305 1381 3547 1437 mittun-

1897 1471 1992 1523 tur
2021 1468 2355 1524 secundum
2371 1471 2556 1525 Patris
2581 1469 3045 1542 beneplacitum’
3071 1469 3247 1526 Filius
3293 1469 3546 1542 quidem

1896 1556 2229 1614 secundum
2245 1558 2639 1630 temporalem
2657 1559 3126 1629 generationem,
3146 1558 3392 1632 Spiritus
3405 1573 3543 1616 san-

1895 1649 2023 1701 ctus
2052 1662 2215 1716 vero,
2241 1647 2579 1704 secundum
2602 1648 2996 1720 temporalem
3017 1662 3393 1722 processum,
3412 1651 3469 1704 et
3481 1647 3542 1704 in

1892 1734 2098 1790 fideles
2123 1752 2440 1792 accessum
2463 1737 2880 1808 etadventum,
2907 1753 3029 1793 non
3050 1753 3192 1792 vero
3210 1736 3544 1793 secundum

147 1821 351 1891 οὖσαν,
398 1824 520 1877 καθ’
572 1826 632 1883 ἦν
681 1827 793 1895 ἔχει
841 1827 900 1876 τὸ
951 1824 1078 1876 εἶναι
1126 1821 1465 1898 ὶκπορευτῶς,
1516 1825 1584 1884 ὡς
1625 1828 1715 1875 καὶ
1758 1825 1780 1875 6

1891 1829 2176 1882 aeternam
2203 1825 2360 1881 illius
2391 1827 2862 1898 processionem,
2895 1842 3032 1899 quin
3059 1825 3406 1882 immediate
3433 1824 3548 1881 ori-

146 1915 273 1975 Υἰὸς
336 1910 538 1975 ὰῑδίως
593 1916 706 1984 ἔχει
743 1917 802 1966 τό
858 1910 987 1965 εἶναι
1035 1911 1090 1965 ἐκ
1136 1920 1230 1974 τῆς
1261 1912 1424 1974 αὐτῆς
1453 1913 1783 1974 ὑποστάσεως

150 2000 382 2073 ἄμα-ως
466 2011 745 2074 γεννητῶς.
805 2003 956 2054 Ὅθεν
1040 2006 1129 2054 καὶ
1191 2003 1217 2054 ό
1304 2004 1433 2062 θεῖος
1497 2000 1784 2064 ἀπόστολος

150 2091 395 2159 Παῦλος,
444 2096 540 2150 τὴν
588 2090 643 2144 ἐκ
671 2098 760 2144 τοῦ
814 2093 1014 2165 Πατρός
1057 2087 1132 2143 δι’
1184 2093 1309 2144 Υἱοῦ
1359 2098 1449 2143 τοῦ
1491 2094 1784 2164 Πνεῦματος

151 2185 432 2255 χρανικὴν
485 2185 576 2233 καὶ
632 2176 981 2252 μεταδοτικὴν
1049 2177 1220 2238 δηλῶν
1286 2177 1533 2254 πρόοδον,
1601 2200 1777 2253 φησιν’

159 2267 448 2323 ι”Εσωσεν
513 2271 655 2342 ἡμᾶς
713 2271 740 2321 ό
810 2273 942 2331 Θεὸς
999 2273 1082 2320 καὶ
1144 2274 1324 2338 Πατὴρ
1393 2265 1634 2327 δηλονότι
1689 2265 1784 2321 διὰ

149 2357 390 2432 λουτροῦ
475 2364 566 2411 καὶ
648 2357 1020 2420 ἀνακαινίσεως
1113 2360 1411 2431 Πνεῦματος
1491 2357 1644 2430 ἀγίου
1722 2359 1782 2411 οὗ

155 2447 368 2518 ἐξέχεεν
421 2446 498 2520 ἐφ’
546 2449 685 2520 ἡμᾶς
735 2447 997 2510 πλουσίως
1039 2444 1132 2500 διὰ
1167 2447 1345 2505 Ἰησοῦ
1379 2455 1636 2522 Χριστοῦ.
1667 2469 1695 2498 »
1725 2447 1784 2501 Εἰ

153 2541 340 2589 τοίνυν
372 2543 751 2610 γνωριμώτερα
808 2544 938 2590 εἰναι
991 2533 1074 2589 δεῖ
1110 2541 1200 2590 καὶ
1233 2534 1370 2595 δῆλά
1397 2557 1452 2589 τε
1481 2542 1571 2589 καὶ
1618 2545 1778 2610 σαφῆ,

158 2626 262 2678 ὅσα
312 2627 453 2680 εἰσὶν
497 2627 755 2702 ἐγγυτέρω
805 2635 906 2678 τῶν
975 2625 1155 2702 ἀρχῶν
1211 2629 1361 2698 φύσει
1417 2629 1783 2702 φανερωτάτων

159 2715 360 2784 οὐσῶν,
396 2716 569 2790 ἀρχαι
600 2713 658 2768 δὲ
685 2715 815 2769 εἰσιν
843 2717 968 2788 ἡμῖν
995 2723 1090 2778 τῆς
1116 2720 1341 2778 πίστεως
1367 2719 1417 2768 οἳ
1465 2722 1557 2768 τοῦ
1589 2719 1782 2788 Κυρίου

159 2807 314 2876 ἡμῶν
363 2805 549 2863 Ἰησοῦ
604 2811 835 2878 Χριστοῦ
881 2804 1046 2876 λόγοι,
1099 2811 1174 2865 οῖς
1203 2807 1254 2857 οἰ
1293 2803 1573 2857 ἀπόστολοι
1615 2809 1705 2856 καὶ
1735 2805 1782 2856 οἱ

161 2890 499 2947 διδάσκαλοι
559 2892 802 2966 ἀσφαλῶς
869 2892 1106 2966 ἑπόμενοι
1173 2901 1559 2966 συμφωνοῦσιν·
1629 2890 1780 2950 εὔδη-

160 2980 245 3033 λον
277 2985 362 3036 ὃτι
406 2988 499 3036 καὶ
542 2984 572 3039 ἡ
621 2980 836 3040 ἀλήθεια
878 2987 968 3034 καὶ
1026 2985 1055 3040 ἡ
1099 2981 1320 3057 ὀρθότης
1347 2991 1448 3034 τῶν
1502 2978 1780 3055 δογμάτῶν

160 3078 252 3132 τῆς
318 3076 548 3132 πίστεως
613 3070 660 3123 ἐν
708 3070 833 3145 ἡμῖν
884 3069 996 3124 ἔστι
1047 3077 1137 3124 καὶ
1187 3071 1234 3122 ἐν
1291 3079 1352 3130 τῆ
1411 3073 1633 3146 ἡμετέρα
1683 3091 1777 3124 κα-

165 3160 349 3234 θολικῇ
385 3161 696 3234 Ἐκκλησία,
746 3165 835 3214 καὶ
872 3168 977 3222 τοῖς
1019 3163 1348 3234 καθηγηταῖς
1384 3166 1473 3214 καὶ
1506 3157 1778 3214 διδασκά-
1809 3189 1849 3243 C

161 3249 272 3312 λοις
341 3253 514 3323 ἡμῶν,
606 3255 696 3302 καὶ
760 3252 1088 3325 προστάταις
1169 3251 1347 3311 αὐτῆς·
1415 3251 1512 3302 Ὧν
1574 3259 1779 3325 πρῶτος

164 3344 439 3400 Διονύσιος
516 3341 542 3391 6
629 3339 1004 3413 Ἀρεοπαγίτης
1081 3338 1130 3392 ἐν
1215 3337 1438 3414 δευτέρῳ
1519 3338 1778 3411 κεφαλαίῳ

162 3435 284 3503 περὶ
355 3431 622 3500 ἡνωμένης
684 3429 948 3500 θεολογίας
1029 3433 1117 3480 καὶ
1185 3425 1582 3502 διακεκριμένης
1648 3432 1778 3500 φησί

163 3537 290 3578 πως-
342 3517 607 3569 ”Ακουσον
649 3525 764 3586 τοῦ,
813 3514 954 3570 Τάδε
1004 3517 1140 3589 λέγει
1195 3519 1405 3592 Κύριος,
1463 3519 1488 3569 ὅ
1519 3518 1605 3588 ὧν,
1641 3514 1777 3581 δῆν,

164 3606 190 3658 6
229 3605 534 3680 ἐρχόμενος,
584 3611 674 3659 καὶ
721 3608 746 3658 6
795 3608 1186 3681 παντοκράτῶρ,
1237 3611 1327 3658 καὶ
1386 3610 1451 3659 σὺ
1509 3603 1569 3658 δὲ
1626 3606 1778 3666 αὐτὸς

168 3693 233 3763 εἰ,
280 3701 375 3748 καὶ
405 3699 481 3764 τὸ.
516 3701 724 3768 Πνεῦμα
769 3705 860 3757 τῆς
910 3693 1152 3758 ἀληθείας
1199 3698 1257 3747 τὸ
1304 3695 1379 3762 ὃν,
1424 3695 1450 3747 ὃ
1497 3697 1641 3770 παρά
1687 3702 1776 3747 τοῦ

170 3789 376 3859 Πατρός
433 3783 781 3857 ἐκπορεύεται.
839 3789 941 3837 Καὶ
991 3787 1017 3836 ό
1069 3788 1234 3856 μέγας
1286 3786 1592 3845 Ἀθανάσιος
1632 3782 1680 3836 ἐν
1711 3791 1772 3856 τῇ

170 3877 297 3946 πρὸς
329 3879 630 3950 Σεραπίωνα
678 3874 839 3926 αὐτοῦ
888 3872 1159 3946 ἕπιστολῇ·
1201 3877 1404 3926 Οὔκουν
1433 3874 1600 3934 καλῶς
1655 3893 1776 3947 696-

167 3972 371 4026 νοῦντες
425 3968 545 4038 περὶ
593 3969 684 4015 τοῦ
741 3970 1042 4035 Πνεῦματος
1096 3969 1188 4014 τοῦ
1247 3963 1418 4035 ἁγίου,
1479 3959 1604 4015 οῦδὲ
1660 3968 1777 4034 περὶ

168 4061 257 4104 τοῦ
334 4053 462 4105 Υἰοῦ
514 4051 680 4112 καλῶς
735 4058 1028 4126 φρονοῦσιν⁹
1088 4051 1130 4104 εἰ
1172 4053 1270 4126 γὰρ
1330 4051 1568 4126 ἐγρόνουν
1613 4051 1778 4125 ὀρθῶς

169 4147 284 4214 περὶ
313 4149 410 4194 τοῦ
432 4143 580 4208 Υἱοῦ,
629 4139 868 4214 ἐφρόνουν
931 4141 1088 4212 ὑγιῶς
1143 4145 1233 4192 καὶ
1287 4145 1406 4214 περὶ
1463 4148 1553 4193 τοῦ
1621 4139 1774 4212 ἀγίου

171 4234 489 4303 Πνεῦματος,
540 4232 566 4282 ὃ
594 4232 738 4302 παρά
766 4236 856 4282 τοῦ
905 4233 1108 4303 Πατρός
1151 4229 1502 4302 ἐκπορεύεται,
1548 4234 1637 4281 καὶ
1687 4237 1776 4282 τοῦ

173 4321 291 4371 Υἰοῦ
340 4315 481 4371 ἴδιόν
512 4320 673 4380 ἐστιν,
703 4320 730 4370 6
761 4317 882 4392 παρ’
914 4318 1073 4371 αὑτοῦ
1105 4314 1320 4370 δίδοται
1365 4326 1469 4379 τοῖς
1499 4321 1774 4391 μαθηταῖς,

171 4413 255 4461 καὶ
306 4413 443 4461 πᾶσι
490 4414 602 4469 τοῖς
647 4410 986 4460 πιστεύουσιν
1034 4407 1104 4469 εἰς
1156 4407 1331 4463 αὐτόν.
1379 4406 1515 4482 Ὀρα
1542 4411 1633 4468 τὰς
1680 4403 1777 4459 δύο

172 4493 433 4569 προόδους
540 4502 634 4548 τοῦ
731 4501 988 4567 παναγίου
1108 4495 1277 4557 καλῶς

172 4588 491 4658 Πνεῦματος,
547 4590 640 4644 τήν
698 4588 788 4658 μὲν
844 4584 899 4637 ἐκ
947 4588 1104 4657 μόνης
1160 4592 1256 4646 τῆς
1326 4593 1587 4660 πατρικῆς
1643 4588 1775 4638 ὑπο-

176 4678 410 4738 στάσεως
452 4679 547 4733 την
596 4671 770 4727 ἀίδιον
810 4673 1002 4732 ἐκείνην
1050 4678 1136 4727 καὶ
1184 4674 1429 4750 ἄρρητον,
1473 4681 1562 4728 καὶ
1610 4677 1778 4750 ῦπαρο

171 4769 375 4830 κτικήν,
437 4765 668 4838 καθάπερ
719 4767 805 4815 καὶ
840 4764 866 4815 6
918 4765 1108 4837 Κύριος
1150 4762 1197 4815 ἐν
1252 4759 1777 4838 Εὖαγγελίοιςέἰρή-

171 4873 265 4920 κει,
326 4858 420 4906 καὶ
467 4857 557 4910 την
606 4854 706 4906 ὑπὸ
754 4856 945 4925 χρόνον
992 4856 1082 4904 καὶ
1138 4849 1510 4924 μεταδοτικὴν,
1554 4857 1649 4912 τὴν
1703 4850 1778 4906 δι’

173 4945 313 5000 Υἰοῦ.
363 4942 423 4994 Ὀ
462 4943 621 5004 αὐτὸς
658 4947 750 4993 καὶ
797 4939 846 4992 ἓν
889 4949 961 5012 τῷ
990 4946 1103 5016 περὶ
1154 4938 1380 5015 Τριάδος
1431 4942 1591 4994 αὐτοῦ
1620 4941 1772 5015 λόγῳ·

173 5036 294 5093 Θεὸς
324 5031 465 5084 ἐστιν
504 5032 534 5089 ἡ
589 5031 792 5082 πάντων
824 5027 966 5103 ἀρχὴ
1001 5032 1135 5082 κατά
1183 5033 1271 5082 τὸν
1320 5030 1634 5083 Ἀπόστολον
1699 5032 1776 5083 λέ-

171 5140 346 5190 γοντα·
411 5122 500 5180 Εἷς
567 5123 696 5181 Θεὸς
758 5121 784 5171 6
853 5123 1030 5191 Πατὴρ
1097 5117 1150 5181 ἐξ
1215 5116 1272 5172 οὗ
1338 5123 1404 5172 τὰ
1460 5122 1644 5172 πάντα·
1686 5127 1775 5172 καὶ

168 5213 262 5284 γὰρ
293 5211 320 5263 6
348 5213 544 5280 ςΛόγος
597 5207 650 5271 ἐξ
699 5208 860 5260 αὐτοῦ
905 5216 1178 5279 γεννητῶς,
1210 5212 1298 5260 καὶ
1344 5211 1402 5260 τό
1463 5215 1670 5282 Πνεῦμα
1715 5215 1772 5264 τὸ

171 5299 313 5371 ἅγιον
363 5297 706 5365 ἔκπορευτῶς.
743 5301 845 5350 Καὶ
895 5297 922 5348 6
980 5298 1109 5357 θεῖος
1160 5303 1249 5349 καὶ
1300 5301 1464 5370 μέγας
1512 5298 1774 5360 Βασίλειος

169 5387 212 5440 ἐν
255 5397 317 5461 τῇ
377 5391 507 5462 πρὸς
555 5390 640 5440 τὸν
716 5383 854 5439 ἴδιον
901 5383 1120 5458 ἀδελφόν
1177 5390 1459 5460 Γρηγὸριον
1523 5386 1768 5461 ἐπιστολῇ

170 5478 320 5532 αὐτοῦ
351 5476 490 5530 οὓτω
575 5479 758 5548 φησίν.
816 5472 1029 5534 Ἐπειδὴ
1093 5479 1264 5527 τοίνυν
1328 5479 1384 5529 τὸ
1444 5481 1652 5551 Πνεῦμα
1712 5484 1769 5534 τό

232 5648 256 5693 ι
283 5656 402 5715 In;
431 5653 553 5728 1.11,
580 5651 608 5711 1
636 5666 655 5725 δ
679 5651 820 5714 an.
847 5665 924 5728 ιη
951 5653 1036 5712 18.
1069 5651 1093 5690 ⁸
1116 5650 1221 5712 Tit.
1255 5663 1333 5723 ιιι,
1377 5655 1428 5712 ὔι

1892 1915 2091 1985 ginem
2120 1915 2299 1971 trahit
2329 1930 2364 1971 a
2395 1931 2654 1988 persona
2687 1916 2892 1984 Patris,
2917 1921 2971 1971 et
2993 1915 3326 1972 secundum
3356 1929 3542 1987 quam

1889 2004 2073 2062 habet
2092 2019 2223 2059 esse
2254 1993 2769 2077 proceSsionaliter
2793 2020 2901 2060 seu
2929 2019 3036 2076 per
3071 2003 3537 2074 processionem,

1893 2093 2045 2149 sicut
2075 2092 2250 2149 Filius
2276 2091 2354 2148 ab
2379 2097 2602 2149 interno
2656 2093 2840 2149 habet
2885 2108 3017 2148 esse
3061 2091 3407 2148 immediate
3460 2090 3540 2148 ab

1890 2181 2101 2239 eadem
2136 2197 2392 2254 persona
2420 2183 2604 2238 Patris
2634 2197 2741 2254 per
2766 2181 3234 2252 generationem.
3273 2181 3539 2252 Quapro-

1887 2276 2018 2346 pter
2037 2270 2212 2327 divus
2233 2270 2539 2343 apostolus
2551 2271 2790 2339 Paulus,
2808 2269 3130 2328 ostendens
3147 2268 3539 2342 temporalem

1892 2366 1948 2418 et
1976 2361 2299 2431 gratiosam
2329 2359 2677 2417 missionem
2717 2360 2966 2433 Spiritus
2999 2376 3035 2416 a
3083 2363 3250 2416 Patre
3299 2374 3405 2430 per
3451 2357 3538 2414 Fi-

1888 2449 2058 2518 lium,
2091 2449 2268 2505 dicit:
2303 2469 2330 2500 «
2362 2450 2629 2505 Servavit
2647 2465 2759 2505 nos
2783 2451 2936 2505 Deus
2964 2453 3020 2505 et
3050 2451 3217 2504 Pater
3245 2462 3352 2519 per
3379 2447 3538 2503 lava-

1891 2555 2082 2605 crum,
2115 2542 2172 2594 et
2198 2540 2647 2594 renovationem
2687 2538 2934 2612 Spiritus
2987 2553 3172 2610 quem
3209 2551 3389 2609 super
3423 2550 3539 2592 nos

1891 2627 2270 2684 abundanter
2307 2627 2546 2683 diffudit
2583 2643 2692 2700 per
2726 2629 2930 2684 Jesum
2971 2627 3266 2683 Christum
3317 2627 3340 2660 ³
3367 2666 3380 2678 .
3410 2647 3440 2676 ››
3481 2625 3540 2682 Si

1888 2717 2124 2773 notiora
2152 2716 2420 2787 clariora,
2457 2717 2871 2774 manifestiora
2888 2732 2959 2772 ea
2977 2714 3199 2772 debent
3233 2729 3387 2782 esse,
3416 2729 3542 2788 qua

1888 2805 2176 2861 viciniora
2201 2809 2360 2870 sunt,
2391 2809 2447 2861 et
2474 2805 2722 2876 propius
2751 2805 3046 2861 accedunt
3073 2804 3152 2861 ad
3178 2804 3316 2876 ipsa
3342 2802 3541 2876 prima

1889 2893 2184 2966 principia
2204 2898 2259 2949 et
2281 2893 2471 2963 initia,
2499 2909 2638 2950 cum
2667 2893 2803 2965 ipsa
2837 2894 3136 2966 principia
3164 2893 3281 2948 sint
3328 2907 3434 2964 per
3475 2906 3538 2948 se

1889 2981 2142 3038 clariora
2166 2985 2224 3037 et
2252 2981 2446 3052 magis
2475 2982 2814 3054 perspicua,
2846 2981 3207 3053 principium
3235 2995 3379 3036 vero
3397 2980 3540 3035 ﬁdei

1888 3078 2108 3128 nostrae
2142 3073 2217 3128 sit
2243 3071 2498 3127 verbum
2535 3072 2770 3128 Domini
2798 3074 2940 3128 Jesu
2987 3071 3218 3140 Christi,
3269 3071 3364 3126 cui
3408 3069 3538 3124 sine

1888 3161 2010 3217 ulla
2040 3161 2416 3217 aberratione
2444 3160 2752 3217 adhaerent
2787 3165 2844 3216 et
2872 3159 3256 3217 consentiunt
3283 3157 3542 3231 apostoli

1887 3255 1944 3306 et
1977 3250 2291 3320 doctores;
2325 3248 2715 3305 manifestum
2769 3253 2859 3306 est
2913 3249 3220 3305 veritatem
3272 3251 3329 3303 et
3377 3250 3542 3303 recta

1886 3337 2025 3394 ﬁdei
2055 3338 2342 3407 dogmata
2371 3337 2636 3394 obtinere
2665 3338 2831 3410 apud
2860 3353 2994 3402 nos,
3026 3341 3083 3393 et
3105 3337 3270 3409 apud
3301 3335 3542 3393 catholi-

1887 3443 2020 3484 cam
2045 3426 2368 3483 Ecclesiam
2389 3431 2683 3493 nostram,
2711 3431 2767 3483 et
2786 3427 2952 3500 apud
2969 3427 3101 3498 ejus
3122 3426 3542 3482 informatores

1885 3518 2160 3575 doctores
2189 3523 2244 3574 et
2268 3518 2578 3591 praesules.
2611 3519 2836 3575 Horum
2861 3535 3003 3576 vero
3041 3519 3274 3592 primus
3289 3517 3543 3573 fuitDio-

1885 3609 2095 3680 nysius
2123 3609 2483 3681 Areopagita
2510 3608 2614 3682 qui
2640 3608 2702 3666 in
2723 3609 2990 3665 secundo
3030 3609 3223 3682 capite
3253 3608 3328 3663 de
3377 3607 3542 3662 unita

1886 3702 1943 3753 et
1972 3701 2248 3770 separata
2275 3697 2579 3769 theologia
2617 3697 2702 3753 sic
2754 3698 2920 3754 infit:
2974 3698 3128 3753 Audi
3176 3696 3351 3753 illud:
3409 3698 3541 3750 Haec

1886 3786 2026 3842 dicit
2071 3787 2359 3842 Dominus
2426 3787 2528 3859 qui
2567 3791 2660 3842 est
2687 3787 2790 3859 qui
2830 3791 2975 3856 erat,
3031 3790 3087 3842 et
3111 3785 3216 3858 qui
3241 3785 3541 3857 |venturus

1887 3879 1974 3932 est
2002 3879 2059 3931 et
2083 3877 2493 3948 omnipotens,
2527 3880 2583 3931 et
2607 3881 2670 3931 tu
2699 3875 2827 3948 ipse
2858 3890 2943 3940 es,
2974 3878 3031 3930 et
3077 3874 3327 3946 Spiritus
3383 3871 3542 3927 veri-

1886 3965 2020 4021 tatis
2050 3965 2290 4037 quiest,
2356 3964 2460 4037 qui
2514 3963 2785 4036 procedit
2835 3978 2870 4019 a
2913 3965 3106 4020 Patre.
3161 3963 3227 4017 Et
3281 3975 3542 4030 magnus

1887 4054 2244 4110 Athanasius
2270 4054 2328 4109 in
2360 4069 2468 4110 sua
2497 4053 2577 4109 ad
2625 4053 3015 4126 Serapionem
3068 4051 3356 4123 epistola:
3414 4053 3542 4106 Non

1886 4143 2038 4199 bene
2070 4143 2331 4198 sentiunt
2358 4142 2433 4198 de
2455 4141 2674 4214 Spiritu
2701 4146 2931 4209 sancto,
2959 4156 3068 4196 nec
3093 4140 3245 4196 bene
3286 4139 3545 4196 sentiunt

1886 4232 1960 4287 de
1993 4232 2170 4298 Filio;
2202 4231 2246 4286 si
2289 4231 2449 4286 enim
2479 4234 2706 4286 rectam
2755 4231 2831 4287 de
2885 4230 3024 4286 Filio
3072 4229 3362 4286 haberent
3406 4243 3541 4283 sen-

1887 4322 2156 4386 tentiam,
2186 4321 2391 4394 utique
2422 4325 2479 4377 et
2514 4336 2724 4376 sanam
2759 4320 3116 4376 sententiam
3158 4320 3428 4375 foverent
3468 4319 3544 4374 de

1893 4409 2109 4482 Spiritu
2140 4415 2364 4475 sancto,
2400 4410 2506 4482 qui
2560 4409 2826 4482 procedit
2856 4423 2892 4465 a
2929 4411 3120 4474 Patre,
3155 4413 3212 4464 et
3263 4407 3542 4482 proprius

1377 4495 1583 4567 θεολογή
1593 4515 1747 4548 σαντο
1758 4515 1778 4556 ς

1891 4503 1980 4554 est
2007 4497 2276 4570 Filii,qui
2304 4497 2381 4553 ab
2434 4497 2534 4553 illo
2579 4497 2756 4553 datur
2802 4496 3113 4570 discipulis
3162 4496 3304 4568 suis,
3364 4500 3423 4552 et
3473 4496 3545 4552 iis

1891 4588 1992 4661 qui
2023 4587 2083 4643 in
2113 4587 2278 4644 illum
2312 4587 2580 4645 credunt.
2613 4586 2755 4643 Vide
2784 4586 2938 4642 duas
2968 4586 3384 4659 processiones
3401 4601 3544 4642 san-

1892 4677 2143 4733 ctissimi
2176 4677 2424 4749 Spiritus
2455 4692 2609 4749 quas
2638 4676 2814 4733 docet
2833 4677 3064 4749 optima
3090 4681 3147 4732 et
3191 4681 3355 4732 recta
3385 4674 3546 4730 theo-

1891 4767 2072 4837 logia.
2108 4768 2298 4823 Unam
2323 4781 2394 4821 ex
2425 4765 2553 4822 sola
2583 4781 2846 4837 persona
2871 4765 3546 4836 Patris,illamqueaster—

1888 4871 2053 4923 nam,
2091 4854 2480 4921 invisibilem,
2521 4853 2914 4924 ineffabilem,
2955 4854 3357 4925 personalem,
3396 4852 3546 4907 sicut

1889 4947 2176 5002 Dominus
2204 4944 2469 5016 loquitur
2495 4943 2553 4999 in
2577 4944 2904 5014 Evangeliis
2925 4962 2940 5014 ;
2983 4943 3163 4999 aliam
3201 4956 3344 4997 vero
3401 4945 3546 4996 tem-

1885 5033 2156 5106 poralem
2186 5038 2241 5090 et
2298 5032 2625 5104 gratiosam
2679 5049 2816 5104 quae
2867 5032 2934 5087 ﬁt
2983 5047 3088 5103 per
3139 5027 3546 5086 Filium.ldem

1886 5123 2246 5179 Athanasius
2271 5122 2332 5178 in
2355 5138 2464 5178 suo
2489 5121 2563 5178 de
2593 5123 2867 5177 'l‘rinitaie
2917 5124 3188 5186 tractatu,
3237 5119 3413 5187 Deus,
3462 5119 3548 5175 in-

1885 5213 2033 5286 quit,
2079 5216 2168 5269 est
2211 5228 2411 5268 rerum
2460 5211 2730 5268 omnium
2775 5210 3156 5282 principium,
3212 5209 3548 5266 secundum

1885 5301 2226 5375 apostolum
2255 5301 2548 5357 dicentem
2574 5317 2586 5355 :
2625 5300 2844 5355 Unicus
2879 5302 3054 5368 Deus,
3082 5299 3304 5356 scilicet
3328 5302 3495 5356 Pater
3515 5315 3552 5355 a

1882 5407 2004 5464 quo
2036 5395 2175 5447 sunt
2199 5390 2404 5448 omnia
2430 5406 2442 5456 ;
2473 5404 2617 5444 nam
2657 5388 2837 5443 Filius
2880 5389 3008 5462 ipse
3054 5393 3142 5446 est
3183 5388 3262 5445 ab
3299 5389 3401 5446 illo
3446 5404 3553 5462 per

1882 5479 2354 5552 generationem,
2381 5482 2438 5535 et
2456 5477 2585 5551 ipse
2631 5476 2881 5550 Spiritus
2919 5493 3028 5552 per
3063 5478 3540 5553 processionem.
