4028 6308
504 300 613 359 475

1685 297 2037 355 MANUELIS
2075 296 2297 355 IAGNI
2332 296 2677 353 RHETORIS

3758 297 3907 353 676

508 427 577 483 Et
597 423 837 482 divinus
851 427 909 482 et
924 437 1185 495 magnus
1206 423 1454 482 Basilius
1479 423 1541 481 in
1554 439 1666 481 sua
1690 423 1771 481 ad
1802 423 2143 493 Gregorium

2263 423 2431 495 ἅγιον,
2484 421 2570 493 αφ’
2618 417 2677 473 οὗ
2728 424 2877 474 πᾶσα
2923 418 3008 474 ἐπὶ
3061 423 3156 479 τὴν
3224 423 3398 474 κτίσιν
3440 421 3587 493 ἡμῶν
3647 419 3899 493 ἀγαθῶν

508 528 866 585 germanum
880 528 1059 569 suum
1071 513 1163 585 θρὶ
1172 512 1323 569 stola
1344 534 1358 569 :
1374 512 1667 579 Quoniam
1696 512 1874 585 igitur
1897 511 2150 584 Spiritus

508 618 686 676 aquo
710 601 905 659 omnis
918 601 1082 660 velut
1102 618 1169 657 ex
1188 600 1350 659 fonte
1384 601 1462 658 ad
1493 607 1798 659 creaturas
1830 605 2154 674 promanat

507 691 806 750 bonorum
861 690 1287 764 suppeditatio,
1339 707 1377 749 a
1426 690 1567 748 Filio
1617 690 1865 764 quidem
1921 690 2151 763 depen-

505 782 608 838 det
649 797 918 855 quocum
965 795 1089 837 una
1143 781 1270 838 sine
1320 780 1444 839 ulla
1482 781 1767 837 distantia
1817 780 2153 852 concipitur

505 876 729 937 mente,
750 886 950 928 caussa
985 886 1128 928 vero
1157 871 1344 929 Patris
1381 870 1668 928 insertam
1719 868 1904 926 habet
1952 883 2153 926 essen-

507 960 672 1031 tiam,
704 960 863 1017 unde
893 964 951 1017 et
973 960 1267 1033 procedit,
1298 960 1456 1018 hanc
1480 960 1814 1030 notionem,
1840 963 1898 1016 et
1925 974 2150 1031 cogno-

505 1049 708 1106 scibile
736 1049 976 1119 signum
1009 1050 1139 1121 ejus
1167 1065 1305 1122 quae
1331 1049 1668 1106 secundum
1695 1063 2023 1120 personam
2061 1050 2153 1104 est

503 1137 888 1212 proprietatis
930 1136 1134 1205 habet,
1163 1154 1288 1212 quo
1317 1153 1459 1195 cum
1514 1138 1654 1209 Filio
1691 1136 1868 1193 Simul
1917 1140 1976 1194 et
2022 1136 2151 1207 ipse

506 1242 569 1283 se
598 1225 739 1283 facit
774 1226 1117 1293 internosci,
1149 1231 1206 1283 et
1246 1242 1371 1300 quo
1400 1242 1471 1282 ex
1505 1229 1669 1283 Patre
1717 1224 2021 1294 subsistit;
2068 1224 2149 1280 Fi-

504 1313 620 1370 lius
650 1330 793 1370 vero
820 1314 926 1386 qui
950 1330 1020 1371 ex
1054 1316 1225 1371 Patre
1253 1314 1680 1388 procedentem
1713 1313 1995 1386 Spiritum
2044 1327 2152 1384 per

505 1404 771 1476 seipsum
802 1409 860 1460 et
887 1420 1029 1460 cum
1059 1405 1256 1478 seipso
1286 1410 1501 1461 notum
1521 1402 2149 1474 facit,solusUnigeni-

505 1498 602 1551 tus
631 1510 703 1551 ex
731 1494 996 1565 ingenito
1022 1495 1250 1551 lumine
1271 1494 1503 1563 reluxit,
1526 1494 1879 1566 nullamque
1899 1508 2146 1566 prorsus

2260 515 2496 586 χορηγία
2546 510 2798 581 πηγάζέι,
2864 515 2957 562 τοῦ
3020 511 3145 564 rios
3210 512 3302 581 μιν
3364 507 3583 586 ιῖρκται,
3632 513 3705 573 ὡς
3746 507 3837 563 αδ
3842 531 3901 562 ι-

2262 602 2515 663 στάκτως·
2570 597 3148 671 συγκαταλάμϐανεται,
3205 605 3303 659 τῆς
3370 594 3429 652 δε
3482 606 3575 652 τοῦ
3656 604 3898 672 Πατρός

2258 690 2432 752 αἰτίας
2478 688 2794 762 ἕξηγημένον
2842 690 2957 760 ἔχει
3004 691 3063 741 1'6
3119 684 3272 749 εἶναι,
3329 688 3441 741 ὃθεν
3493 694 3580 743 καὶ
3640 687 3893 742 ἐκπεπό-

2256 796 2437 852 ρευται
2488 785 2641 831 τοῦτο
2686 779 3032 851 γνωριστικόν
3081 784 3173 838 τῆς
3226 779 3365 830 κατὰ
3412 780 3506 835 τὴν
3556 777 3891 831 ὑπόστασιν

2259 864 2528 929 ἰδιότητος
2581 873 2795 939 σημεῖον
2848 868 2983 938 ἔχει,
3033 868 3091 919 τό
3141 868 3274 938 μετὰ
3329 873 3421 918 τοῦ
3469 868 3593 920 Υἰοῦ
3639 872 3737 920 καὶ
3766 871 3890 919 σὺν

2258 956 2398 1027 αὐτῷ
2444 956 2817 1029 γνωρίζεσθαι,
2866 959 2957 1007 καὶ
3003 953 3060 1007 ἐκ
3109 961 3204 1007 τοῦ
3234 958 3440 1029 Πατρός
3487 955 3809 1027 ὑφεστάναι·
3856 954 3892 1006 ὁ

2260 1042 2320 1099 δι
2360 1047 2499 1112 Υἱός,
2530 1047 2558 1097 6
2596 1047 2655 1097 1'6
2685 1042 2740 1096 ἐκ
2785 1050 2879 1097 τοῦ
2913 1046 3121 1119 Πατρός
3169 1043 3332 1097 αὐτοῦ
3362 1050 3572 1116 Πνεῦμα
3622 1040 3701 1096 δι’
3733 1042 3891 1096 ἐοιν-

2257 1141 2350 1186 τοῦ
2399 1134 2665 1206 γνωρίζων
2717 1136 2871 1205 μόνος
2952 1140 3240 1205 μονογενῶς
3303 1130 3361 1184 ἔκ
3417 1138 3510 1184 τοῦ
3572 1130 3889 1204 ἁγεννὴτου

2257 1225 2425 1295 φωτός
2480 1220 2770 1293 ἐκλάμψας,
2827 1217 3077 1293 οὐδεμίαν
3145 1221 3284 1274 κατὰ
3358 1223 3417 1273 τό
3482 1216 3689 1282 ἰδιάζον
3760 1228 3888 1273 τῶν

2255 1312 2634 1385 γνωρισμάτων
2693 1315 2786 1369 τὴν
2838 1314 3107 1362 κοινωνίαν
3151 1313 3265 1382 ἔχει
3310 1313 3435 1383 πρὸς
3491 1312 3579 1361 τόν
3646 1312 3889 1383 Πατέρα

2259 1402 2287 1461 ἣ
2338 1406 2469 1474 πρὸς
2522 1404 2581 1455 τὸ
2628 1409 2838 1475 Πνεῦμα
2889 1404 2947 1454 τό
2999 1401 3167 1473 ἅγιον
3231 1399 3360 1454 ἀλλᾶ
3412 1407 3522 1463 τοῖς
3568 1400 3887 1476 εἰρημένοις

2260 1496 2498 1565 σημείοις
2525 1492 2855 1565 γνωρίζεται.

501 1584 816 1640 notionum
846 1584 1458 1641 communicationem
1488 1583 1819 1645 secundum
1846 1582 2272 1655 proprietatem
2299 1597 2475 1637 suam
2507 1584 2632 1637 tam
2661 1596 2798 1637 cum
2832 1581 3021 1646 Patre,
3048 1594 3237 1653 quam
3266 1595 3405 1636 cum
3431 1577 3649 1651 Spiritu
3680 1593 3882 1635 sanc-

502 1674 563 1727 to
586 1671 806 1740 habet;
836 1671 945 1728 sed
974 1688 1046 1729 ex
1070 1672 1243 1729 dictis
1259 1673 1389 1746 jam
1442 1672 1629 1743 signis
1678 1672 1843 1729 solus
1888 1670 2256 1742 agnoscitur.

573 1761 642 1816 Et
696 1761 1011 1831 Gregorius
1051 1761 1385 1834 Theologus
1430 1762 1491 1818 in
1520 1765 1773 1819 tractatu
1804 1763 1882 1818 De
1926 1759 2143 1833 Spiritu

2328 1764 2429 1813 Καὶ
2484 1760 2510 1812 ὃ
2562 1758 2815 1831 Θεολόγος
2870 1761 3154 1833 Γρηγόριος
3205 1755 3253 1810 ἓν
3300 1764 3372 1828 τῷ
3397 1761 3515 1831 περὶ
3565 1764 3660 1811 τοῦ
3700 1755 3873 1830 ἁγίου

503 1853 729 1914 sancto,
772 1850 872 1906 Dic
905 1851 1071 1921 mihi,
1105 1851 1317 1925 inquit,
1356 1852 1605 1909 ubinam
1654 1853 1980 1909 constitues
2009 1866 2145 1923 pro-

500 1953 736 1996 cessum
767 1956 873 1996 seu
898 1939 959 1996 id
1005 1941 1169 2014 quod
1214 1941 1526 2014 procedit?
1563 1942 1727 2015 quod
1767 1941 2144 2012 interjectum

497 2031 663 2099 patet
684 2027 835 2085 inter
861 2028 1016 2085 duas
1044 2029 1355 2086 divisionis
1380 2034 1498 2086 tuae
1527 2035 1727 2103 partes
1755 2035 1811 2086 et
1857 2030 1937 2086 ab
1978 2029 2142 2086 theo-

495 2114 636 2188 logo
665 2120 722 2173 te
749 2117 938 2174 multo
958 2119 1379 2191 prtestantiori,
1402 2121 1710 2176 Servatore
1723 2118 2006 2174 nimirum
2042 2133 2144 2173 no-

497 2207 641 2275 stro,
671 2211 761 2262 est
783 2206 1211 2264 introductum.
1245 2208 1361 2264 Nisi
1390 2212 1631 2280 propter
1680 2211 1849 2264 tuum
1909 2206 2142 2262 tertium

498 2293 970 2364 Testamentnm,
983 2311 1056 2351 ex
1068 2296 1985 2366 Evangeliistuis,existimaveris
2013 2296 2143 2353 haec

498 2383 869 2439 removenda
887 2383 1090 2441 verba.
1119 2408 1147 2437 c
1183 2384 1434 2456 Spiritus
1465 2390 1711 2440 sanctus
1741 2385 1844 2458 qui
1888 2400 1925 2441 a
1979 2388 2142 2441 Patre

495 2471 782 2544 procedit,
810 2490 841 2524 ν
889 2472 993 2544 qui
1022 2477 1322 2546 quatenus
1371 2473 1532 2529 illinc
1572 2474 1841 2547 procedit
1891 2490 2014 2531 non
2057 2480 2144 2530 est

493 2564 749 2626 creatus,
779 2566 1080 2633 quatenus
1113 2578 1253 2618 vero
1281 2563 1583 2633 ingenitus
1614 2568 1724 2627 est,
1773 2579 1895 2620 non
1926 2568 2015 2619 est
2051 2565 2141 2620 Fi-

494 2648 632 2705 lius.
657 2651 722 2704 Et
744 2649 805 2704 in
828 2666 941 2706 suo
966 2649 1042 2705 de
1074 2649 1215 2707 Filio
1246 2667 1518 2708 sermone
1549 2652 1744 2725 primo
1772 2652 1933 2708 idem
1959 2652 2138 2709 dicit:

496 2739 844 2808 Propterera
873 2740 1091 2795 nostris
1122 2739 1374 2796 decretis
1403 2740 1777 2810 inhaerentes,
1818 2741 2141 2798 introduci-

495 2842 632 2882 mus
651 2832 707 2882 et
737 2827 1969 2900 asserimus,ingeneratum,generatum,et
2006 2847 2140 2904 pro-

496 2915 807 2972 cedentem
854 2933 892 2972 a
932 2919 1121 2984 Patre,
1168 2924 1235 2972 ut
1286 2917 1506 2975 alicubi
1565 2919 1830 2992 loquitur
1882 2920 2141 2976 Verbum

492 3005 715 3077 ipsum.
753 3008 815 3062 Et
842 3006 901 3061 in
932 3022 1043 3062 suo
1071 3010 1280 3064 contra
1310 3006 1677 3065 Sabellianos
1707 3024 1982 3065 sermone
2003 3008 2144 3065 dicit

2256 1852 2548 1921 Ηνεύματος
2596 1848 2749 1920 λόγῳ·
2819 1855 2926 1902 Ποῦ
2981 1851 3082 1921 γὰρ
3150 1850 3333 1909 θησεις
3392 1850 3449 1899 τό
3516 1845 3871 1921 ἕκπορευτόν,

2251 1938 2359 1991 εἲπί
2408 1958 2519 2010 μοι,
2567 1941 2725 2010 μέσον
2777 1936 3025 2009 ἀναφανεν
3081 1944 3173 1997 τῆς
3248 1944 3343 1996 σῆς
3400 1931 3710 2010 διαιρέσεως
3761 1954 3871 1988 κοιι

2249 2029 2395 2102 παρὰ
2434 2034 2678 2101 κρεῖσσον
2740 2026 2770 2084 ἢ
2831 2028 2965 2078 κατὰ
3025 2028 3082 2078 σε
3145 2024 3384 2096 θεολόγον
3435 2032 3528 2077 τοῦ
3586 2032 3866 2099 Σωτῆρος,

2250 2115 2601 2188 εἰσαγόμενον,
2664 2117 2710 2167 εἰ
2775 2119 2847 2186 μή
2905 2119 2999 2173 τὴν
3082 2117 3252 2186 φωνὴν
3310 2112 3505 2171 ἐκείνην
3582 2121 3685 2166 τῶν
3748 2121 3868 2165 σῶν

2250 2202 2455 2267 ἐξῆλθες
2506 2203 2849 2275 Εὐαγγελίων,
2910 2198 3003 2255 διὰ
3056 2206 3145 2260 τὴν
3190 2207 3367 2276 τρίτην
3422 2221 3517 2254 σου
3557 2203 3865 2269 Διαθήκην,

2247 2296 2306 2346 τό
2358 2300 2565 2366 Πνεῦμα
2623 2295 2683 2344 τό
2722 2289 2870 2363 ἅγιον
2918 2291 2944 2343 6
3007 2294 3153 2365 παρὰ
3196 2298 3289 2344 τοῦ
3341 2294 3548 2364 Πατρός
3609 2289 3869 2366 ἐκπορεύε-

2249 2398 2379 2435 εται.
2430 2383 2665 2434 Καθόσον
2862 2380 3046 2433 ἐκεῖθεν
3101 2379 3454 2451 ἐκπορεύεται,
3512 2379 3571 2431 οῦ
3626 2383 3861 2452 κτίσμα,

2248 2471 2474 2523 καθόσον
2520 2467 2579 2523 δὲ
2618 2470 2677 2522 οὐ
2702 2473 2964 2541 γεννητὸν,
3014 2468 3119 2540 οὐχ
3171 2471 3312 2528 Υἱός.
3362 2472 3463 2521 Καὶ
3516 2467 3564 2522 ἐν
3608 2475 3683 2538 τῷ
3732 2474 3867 2541 περὶ

2247 2560 2372 2612 Υἰοῦ
2428 2565 2615 2633 πρώτῳ
2666 2559 2824 2611 αὐτοῦ
2871 2558 3004 2631 λόγῳ
3060 2560 3086 2610 6
3144 2559 3300 2619 αὐτός
3347 2577 3497 2631 φησι·
3552 2559 3650 2610 Διὰ
3697 2564 3864 2610 τοῦτο

2249 2647 2332 2701 ἐπὶ
2388 2655 2486 2700 τῶν
2552 2650 2813 2720 ἡμετέρων
2871 2649 3000 2721 ὅρων
3069 2647 3356 2719 ἱστάμενοι,
3443 2649 3500 2698 τό
3576 2644 3861 2717 ἀγέννητον

2250 2736 2554 2809 εἰσάγωμεν,
2611 2741 2701 2789 καὶ
2764 2739 2820 2789 τό
2894 2738 3155 2808 γεννητὸν,
3217 2742 3307 2788 καὶ.
3366 2735 3422 2788 ἐκ
3486 2742 3579 2787 τοῦ
3642 2737 3860 2809 Πατρός

2249 2825 2664 2898 ἐκπορευόμενον,
2725 2828 2789 2886 ὧς
2846 2828 2945 2879 πού
3008 2844 3165 2897 φησιν
3222 2826 3373 2884 αὐτὸς
3424 2828 3513 2876 καὶ
3564 2825 3589 2875 6
3653 2828 3856 2894 Λόγος·

2252 2920 2353 2967 Καὶ
2410 2914 2456 2966 ἐν
2519 2923 2590 2985 τῷ
2647 2917 2782 2966 κατὰ
2839 2913 3151 2967 Σαϐελιανῶν
3204 2912 3340 2984 λόγῳ
3393 2913 3553 2965 αὐτοῦ
3605 2914 3632 2964 6
3688 2917 3860 2983 μέγας

2249 3003 2512 3064 Βασίλειος
2559 3003 2712 3075 λέγει·
2761 3002 2913 3057 ’Ἐστι
2968 3006 3069 3077 γὰρ
3118 3002 3143 3055 6
3204 3008 3385 3075 Πατὴρ
3454 3002 3641 3054 τέλειον
3708 3003 3857 3072 ἔχων

494 3109 755 3166 magnus
781 3095 1071 3152 Basilius:
1103 3095 1276 3152 Pater
1302 3096 1485 3153 habet
1528 3113 1659 3154 esse
1705 3098 2036 3170 perfectum
2088 3104 2143 3155 et

2253 3096 2308 3145 τό
2358 3089 2488 3146 εἶναι
2531 3098 2620 3145 καὶ
2672 3089 2915 3159 ἀνενδεὴς,
2972 3093 3099 3167 ῥίζα
3146 3097 3236 3144 καὶ
3266 3096 3410 3164 πηγή
3442 3098 3534 3144 τοῦ
3578 3094 3726 3158 Υἱοῦ,
3760 3096 3856 3143 καὶ

495 3184 717 3240 nullius
743 3185 823 3240 rei
854 3185 1149 3257 indigum,
1206 3192 1391 3242 etest
1421 3187 1591 3244 radix
1633 3194 1691 3245 et
1720 3188 1857 3245 fons
1912 3188 2034 3245 Filii
2089 3193 2146 3243 et

497 3272 747 3345 Spiritus
798 3275 1007 3331 sancti.
1057 3276 1191 3330 Tria
1237 3291 1380 3331 vero
1430 3278 1677 3334 nomina
1724 3277 1905 3334 fontis
1945 3277 2144 3333 decla-

493 3366 650 3430 rant,
680 3378 815 3417 esse
855 3362 1252 3435 principium,
1286 3379 1416 3420 esse
1467 3366 1712 3437 plenum
1765 3371 1825 3423 et
1881 3382 2010 3423 esse
2061 3369 2144 3423 in-

495 3449 798 3506 desinens.
852 3451 946 3507 Ille
996 3466 1139 3521 ergo
1178 3453 1279 3525 qui
1310 3470 1447 3509 vere
1496 3460 1553 3511 et
1599 3456 2005 3529 principaliter
2054 3463 2145 3515 est

495 3537 650 3602 fons.
692 3538 807 3595 ista
843 3541 953 3595 tria
979 3540 1040 3595 in
1083 3556 1145 3596 se
1171 3542 1604 3614 complectitur.
1634 3543 1730 3600 Est
1782 3545 2141 3618 principium

494 3626 651 3682 illius
682 3628 954 3684 naturale
982 3630 1127 3701 quia
1157 3629 1235 3685 ab
1267 3647 1338 3685 eo
1368 3631 1654 3704 procedit,
1688 3633 1932 3703 exsistit,
1959 3641 2016 3690 et
2040 3635 2142 3690 ha-

493 3716 597 3772 bet
622 3732 798 3773 suum
838 3734 972 3774 esse
997 3737 1010 3787 ;
1038 3718 1138 3775 illo
1155 3720 1333 3776 etiam
1348 3721 1561 3794 plenus
1583 3727 1671 3778 est
1691 3739 1703 3775 :
1720 3738 1862 3778 nam
1890 3728 2045 3780 totus
2060 3728 2143 3780 to-

493 3810 621 3861 tum
660 3808 1105 3879 comprehendit
1147 3826 1322 3865 suum
1355 3810 1802 3879 coexistentem,
1833 3817 1891 3867 et
1916 3812 2142 3869 indesi-

491 3890 700 3942 nenter
731 3887 806 3943 ab
837 3889 972 3959 ipso
1003 3889 1308 3958 emittitur,
1362 3895 1418 3947 et
1474 3890 1706 3947 inﬁnito
1761 3892 2033 3965 quodam
2084 3900 2140 3949 et

492 3979 713 4031 aeterno
742 3977 1138 4052 invisibilique
1166 3980 1493 4048 generandi
1527 3980 1707 4036 modo
1728 3981 1899 4039 illum
1920 3982 2138 4054 produ-

2253 3180 2402 3253 ἁγίου
2461 3184 2775 3254 Πνεύματος,
2827 3186 2959 3256 Τρία
3013 3178 3073 3235 δε
3127 3183 3191 3234 τὰ
3242 3190 3337 3243 τῆς
3386 3188 3559 3252 πηγῆς
3616 3180 3857 3252 ὀνόματα

2256 3276 2667 3343 συνεκφαίνεται·
2718 3275 2776 3323 1'6
2832 3269 3075 3345 ἀρχικόν,
3127 3273 3184 3323 τό
3228 3270 3437 3343 πλῆρες.
3474 3275 3564 3321 καί
3605 3273 3664 3322 τό

2253 3358 2475 3414 λειπτον.
2523 3360 2667 3420 Ἤτις
2723 3360 2809 3412 οὖν
2856 3360 2966 3412 ἐστι
3012 3364 3201 3420 κυρίως
3251 3363 3420 3431 πηγὴ,
3480 3363 3570 3410 καί
3614 3360 3683 3410 τὰ
3731 3363 3857 3430 τρία

2253 3450 2398 3501 ταῦτ’
2439 3452 2570 3521 ἔχει,
2600 3449 2769 3522 Ἀρχή
2807 3468 2861 3502 τε
2898 3452 2999 3523 γὰρ
3046 3449 3185 3502 ἐστίν
3245 3448 3405 3500 αὐτοῦ
3457 3455 3713 3520 φυσικῶς,
3772 3449 3856 3499 ὅτι

2254 3539 2306 3601 ἐξ
2362 3538 2521 3591 αὐτοῦ
2587 3538 2936 3613 ἐκπορεύεται,
2999 3542 3089 3589 καί
3173 3539 3477 3610 ὑφίσταται,
3544 3537 3707 3608 ἣγονν
3795 3540 3855 3588 τό

2253 3625 2381 3679 εἶναι
2419 3629 2551 3698 ἔχει,
2600 3631 2688 3678 καί
2732 3628 2936 3700 πλήρης
2989 3626 3127 3679 ἐστιν
3177 3627 3354 3678 αὑτοῦ·
3410 3625 3521 3686 ὅλος
3572 3628 3674 3697 γὰρ
3737 3624 3850 3676 ὁλον

2252 3718 2365 3787 ἔχει
2415 3719 2473 3767 τό
2524 3718 2698 3781 συνὸν,
2755 3721 2845 3767 καί
2895 3714 3228 3774 ἀνεκλείπτως
3273 3714 3413 3783 αὐτῷ
3479 3712 3847 3785 προϐάλλεται.

2255 3806 2472 3875 Ἀπείρῳ
2546 3806 2644 3876 γὰρ
2724 3823 2827 3855 τινι
2897 3808 2985 3855 καί
3075 3799 3229 3874 ἀιδίῳ
3327 3806 3630 3874 γονιμότητι
3693 3810 3848 3854 τοῦτο

2249 3896 2483 3965 προάγει,
2529 3898 2617 3944 καὶ
2663 3891 3040 3964 ἀνεκφοιτητως
3088 3891 3230 3944 ἐστίν
3280 3892 3327 3943 ἐν
3376 3891 3513 3960 αὐτῷ
3569 3893 3705 3943 κατὰ
3758 3892 3849 3962 φή-

2251 4002 2355 4047 σιν,
2398 3981 2439 4034 εἰ
2485 3986 2575 4032 καί
2648 3981 2766 4032 καθ’
2827 3983 3117 4033 ἀπόστασιν
3175 3983 3444 4053 ὑπερφυῶς
3497 3977 3845 4054 διακρίνεται.

491 4062 1206 4127 cit,etabillosecundum
1232 4074 1509 4126 naturam
1536 4086 1657 4126 non
1707 4075 1900 4143 potest
1924 4071 2251 4142 discedere,
2290 4071 2420 4126 licet
2471 4070 2803 4125 secundum
2847 4070 3251 4125 exsistentiam
3299 4074 3356 4125 et
3397 4083 3725 4141 personam
3769 4068 3847 4124 ab

490 4149 591 4204 illo
612 4154 1140 4223 supernaturuliter
1167 4154 1590 4227 distinguatur.

562 4239 811 4310 Insuper
839 4241 1013 4297 divus
1038 4243 1288 4314 Cyrillus
1319 4245 1378 4299 in
1403 4262 1514 4301 sua
1549 4246 1623 4302 ad
1662 4248 2042 4321 Evangelium
2075 4264 2140 4303 se

2322 4247 2439 4301 Ἔτι
2482 4244 2540 4300 δὲ
2584 4253 2673 4300 καί
2736 4250 2761 4300 6
2819 4246 2969 4309 Θείος
3023 4248 3267 4322 Κύριλλος
3324 4248 3372 4307 ἐν
3429 4254 3490 4319 τῇ
3560 4255 3653 4299 τοῦ
3715 4250 3851 4298 κατὰ

491 4326 757 4381 cundum
791 4330 1009 4385 Lucam
1055 4335 1430 4390 enarratione
1473 4334 1645 4390 dicit:
1707 4337 1865 4394 Sicut
1915 4338 2137 4410 digitus

2254 4344 2458 4390 Λουκᾶν
2514 4337 2828 4409 Εὑαγγελίου
2888 4338 3133 4409 ἐξηγήσει
3181 4337 3334 4408 λέγει’
3390 4335 3591 4409 Ὠσπερ
3673 4338 3705 4388 ό
3759 4332 3851 4388 δα-

489 4414 747 4470 insertus
768 4420 1103 4485 estmanui,
1131 4436 1253 4475 non
1280 4422 1553 4478 diversus
1579 4423 1656 4479 ab
1678 4424 1798 4485 illa,
1830 4426 1934 4481 sed
1958 4427 2018 4481 in
2040 4426 2140 4483 illa

490 4503 843 4560 naturaliter
872 4506 1108 4578 eXsistit,
1144 4510 1228 4564 sic
1256 4510 1503 4581 Spiritus
1543 4518 1783 4568 sanctus
1829 4514 2140 4586 conjungi-

486 4595 582 4647 tur
616 4591 750 4649 Filio
779 4598 836 4649 et
864 4595 1091 4651 ratione
1119 4598 1750 4656 consubstantialitatis
1774 4604 1973 4658 unitur
2001 4619 2138 4659 cum

489 4679 652 4748 Filio,
701 4682 971 4755 procedit
1026 4700 1164 4741 vero
1219 4702 1256 4742 a
1303 4689 1420 4742 Deo
1480 4690 1665 4744 Patre.
1726 4690 1884 4746 ldem
1932 4691 2142 4747 asserit

490 4775 734 4826 sanctus
754 4774 1178 4829 Damascenus.
1206 4775 1487 4844 Dicimus,
1512 4777 1723 4849 inquit.
1752 4780 2034 4851 Spiritum
2056 4781 2141 4835 Fi-

487 4856 569 4934 lii,
592 4875 716 4916 non
737 4876 875 4917 vero
900 4861 1182 4935 Spiritum
1211 4878 1281 4920 ex
1302 4863 1447 4919 Filio
1492 4868 1554 4921 Et
1576 4867 1988 4924 sanctissimus
2005 4872 2139 4926 Gre-

488 4937 692 5024 gorius
724 4951 1026 5020 Nyssenus
1054 4949 1116 5005 in
1164 4950 1316 5006 libro
1367 4967 1477 5027 suo
1506 4952 1580 5008 de
1612 4954 1960 5027 theOnymia
1991 4978 2001 5011 :
2046 4959 2143 5014 Est

486 5030 612 5093 una
631 5028 889 5110 persona
916 5039 1100 5094 Patris
1121 5056 1155 5095 a
1185 5056 1306 5117 quo
1340 5026 1511 5095 Filius
1533 5026 1849 5111 generatur
1872 5048 1928 5099 et
1957 5061 1992 5100 a
2019 5061 2140 5118 quo

488 5125 738 5209 Spiritus
777 5126 1019 5184 sanctus
1052 5130 1341 5209 procedit.
1368 5132 1432 5185 Et
1459 5135 1698 5186 sanctus
1732 5132 1892 5188 Nilus
1924 5134 1982 5189 in
2029 5150 2140 5190 suo

488 5205 563 5270 ‘de
597 5218 807 5271 sancta
852 5214 1127 5273 Trinitate
1181 5205 1495 5274 sermonet
1546 5219 1807 5277 Ecclesia
1846 5210 2139 5279 catholica

488 5302 864 5360 docetunum
891 5308 1119 5361 Patrem
1141 5308 1243 5379 qui
1263 5309 1339 5363 sit
1364 5302 1684 5381 ingenitus,
1712 5327 1900 5366 unum
1924 5312 2137 5369 Filium

489 5391 758 5462 genitum
789 5408 824 5449 a
855 5396 1040 5463 Patre,
1074 5396 1131 5451 et
1160 5412 1351 5453 unum
1382 5388 1662 5470 Spiritum
1695 5405 1971 5456 sanctum
1996 5416 2139 5473 pro-

486 5479 799 5561 cedentem
838 5476 885 5538 a‘
901 5483 1030 5538 solo
1059 5484 1247 5553 Patre,
1276 5501 1398 5542 non
1428 5503 1566 5544 vero
1596 5503 1667 5544 ex
1714 5488 1880 5546 Filio.
1926 5492 1994 5547 Et
2014 5507 2139 5547 om«

485 5588 595 5653 nos
614 5564 847 5643 magna:
875 5571 1179 5633 catholicae
1212 5579 1434 5649 noetrae
1462 5576 1735 5663 Fcclesiaa
1772 5578 2049 5638 doctores
2086 5586 2144 5638 et

2251 4426 2433 4488 κτυλος
2485 4426 2779 4500 ἀπήρτηται
2818 4434 2908 4490 τῆς
2954 4431 3150 4501 χειρός,
3212 4427 3305 4478 οὐκ
3337 4425 3605 4498 ἀλλότριος
3651 4431 3720 4477 ὧν
3764 4425 3850 4477 αῦ-

2250 4522 2359 4575 τῆς.
2421 4514 2527 4566 αλλ’
2584 4514 2631 4567 έν
2682 4515 2808 4587 αὑτῇ
2869 4524 3121 4585 φυσικῶςο
3193 4515 3326 4566 οὕτω
3382 4519 3471 4566 καί
3524 4518 3583 4566 τό
3643 4521 3851 4586 Πνεῦμα

2246 4607 2303 4654 1'6
2360 4603 2507 4674 ἅγιον
2563 4610 2634 4674 τῷ
2686 4611 2781 4665 τῆς
2837 4605 3245 4674 ὁμοουσιότητος
3290 4603 3428 4675 λόγῳ
3461 4610 3726 4660 συνῆπται
3762 4606 3848 4674 μὲν

2247 4696 2376 4765 πρὸς
2424 4694 2604 4743 ἕνωσιν
2665 4700 2737 4761 τῷ
2789 4694 2914 4763 riga,
2973 4692 3028 4744 ἐκ
3065 4700 3156 4744 τοῦ
3214 4699 3346 4745 Θεοῦ
3404 4689 3464 4744 δὲ
3518 4694 3609 4743 καί
3651 4694 3849 4764 Πατρός

2249 4780 2598 4852 ἐκπορεύεται.
2647 4785 2715 4833 T6
2765 4781 2891 4833 αὐτὸ
2950 4801 3080 4853 φησι
3133 4801 3221 4833 και
3252 4782 3278 4833 ὅ
3310 4783 3438 4854 ἱερός
3487 4786 3844 4852 Δαμασκηνοςυ

2251 4875 2460 4941 Πνεῦμα
2494 4871 2616 4921 Υἱοῦ
2656 4872 2745 4941 μεν
2796 4869 3027 4942 λέγομεν,
3076 4870 3130 4923 ἐκ
3188 4876 3277 4922 τοῦ
3334 4872 3459 4923 Υἱοῦ
3503 4866 3563 4922 δὲ
3591 4868 3651 4920 οὐ
3707 4868 3852 4939 λεγό-

2250 4977 2360 5029 μεν.
2418 4963 2516 5010 Καί
2569 4959 2594 5009 6
2651 4959 2931 5031 ἱερώτατος
2979 4955 3037 5011 δὲ
3089 4961 3311 5021 Νύσσης
3362 4962 3647 5033 Γρηγόριος
3695 4958 3743 5010 ἐν
3773 4964 3844 5025 τῷ

2249 5051 2367 5121 περί
2403 5049 2712 5117 θεωνυμὶας.
2744 5046 2765 5059 ”
2809 5054 2877 5099 Τν
2925 5049 3024 5120 γάρ
3074 5052 3351 5121 πρόσωπον
3398 5052 3489 5100 καί
3512 5050 3572 5098 τό
3602 5046 3730 5098 αὐτὸ
3759 5053 3848 5098 τοῦ

2251 5141 2472 5209 Πατρός,
2528 5135 2580 5198 ἐξ
2632 5132 2690 5188 οὗ
2740 5137 2765 5188 6
2796 5139 2917 5198 Υἱὸς
2945 5144 3186 5209 γεννᾶται
3246 5143 3335 5189 καί
3382 5141 3440 5189 τό
3500 5137 3649 5207 ἅγιον
3702 5135 3847 5188 ἐκπο-

2250 5228 2454 5296 ρεύεται
2501 5232 2726 5297 Πνεῦμα.
2787 5230 2888 5279 Καί
2936 5226 3132 5298 ὁᾶγιος
3174 5225 3354 5288 Νεῖλος
3403 5224 3450 5278 ἐν
3491 5233 3562 5295 τῷ
3600 5230 3717 5298 περί
3764 5232 3851 5297 τῇς

2251 5312 2407 5384 ἁγίας
2460 5312 2693 5387 Τριάδος
2735 5314 2893 5368 αὐτου
2919 5314 3075 5387 λόγῳ,
3124 5314 3181 5368 Ἠ
3230 5316 3374 5388 ἁγία,
3416 5334 3568 5388 φησι,
3601 5315 3845 5371 καθολικὴ

2250 5403 2535 5462 Ἐκκλησία
2606 5406 2694 5456 τόν
2766 5406 2855 5476 μὲν
2904 5409 3112 5478 Πατέρα
3175 5401 3489 5479 δογματιζει
3554 5402 3845 5474 ἀγέννητον,

2249 5496 2337 5544 τὸν
2369 5495 2487 5545 Υἰὸν
2546 5489 2605 5546 δὲ
2652 5513 2893 5565 γεννητόν
2934 5495 2989 5546 ἐκ
3038 5502 3129 5547 τοῦ
3183 5498 3403 5568 Πατρός,
3452 5496 3509 5545 τό
3556 5488 3615 5545 δὲ
3644 5499 3847 5564 Πνεῦμα

2250 5585 2310 5634 τό
2368 5581 2516 5656 ἆγιον
2572 5581 2909 5659 ἐκποορευτόν
2972 5582 3029 5637 ἐκ
3091 5587 3248 5657 μόνου
3306 5591 3397 5637 τοῦ
3448 5584 3674 5656 Πατρός,
3740 5579 3843 5634 ἀλλ’
