4028 6308
151 261 276 317 481

1695 242 2047 312 APOLOGIA

3455 260 3562 328 482

151 387 403 458 puri”,
463 385 606 439 κατὰ
655 390 751 446 τὴν
806 392 897 440 τοῦ
960 386 1154 458 Κυρίου
1206 378 1490 454 ἀπόφασινο
1627 397 1794 432 κατα-

1907 377 2155 442 tionem,
2178 379 2236 435 et
2260 376 2440 436 aliam
2469 395 2722 440 uxorem
2767 380 3151 444 matrimonio
3180 387 3293 446 sibi
3351 390 3558 462 junxe-

150 472 556 538 κολουθοῡντες
607 477 780 551 ἡμεῖς,
824 477 921 535 τῆν
975 479 1359 548 περιπεσοῦσαν
1403 475 1631 541 γυναῖκα
1666 487 1797 542 πορ-

151 566 313 625 νείας
382 564 666 638 μολυσμῷ,
721 571 814 618 τοῦ
867 560 1054 639 ἀνδρὸς
1109 557 1498 633 ἀποδιιστῶμεν
1552 562 1643 611 καὶ
1689 577 1800 630 χωο

151 655 424 725 ρίζορεεν.
480 654 653 728 Ὑμεῖς
705 651 764 708 δὲ
814 656 864 708 οἱ
909 654 1024 706 κατ’
1081 651 1160 704 ἔχ’
1214 649 1407 712 πολλῆς
1459 644 1799 706 δικαιοσύνης

154 738 405 804 ἐνούσης
444 745 592 817 ὑμῖν,
644 749 675 804 ἦ
709 743 899 818 μᾶλλον
957 743 1113 796 εἰπιῖν
1182 743 1468 814 παρανοίας
1519 741 1610 790 καὶ
1673 738 1799 790 ὑπο-

152 836 430 902 κρίσεως,
506 839 598 886 καὶ
663 833 805 904 αὐτῷ
863 831 1320 905 ἀντιφθεγγόμενοί
1394 826 1509 881 ἕστε
1572 822 1800 887 ἀναιδῶς

151 927 237 989 τῷ
311 926 527 994 Κυρίῳο
591 919 678 976 διὸ
746 918 814 981 δὴ
873 926 963 974 καὶ
1017 923 1149 994 μετὰ
1210 918 1368 990 λόγου
1432 920 1673 991 πορνείας
1737 913 1797 967 οὐ

155 1004 559 1085 διαχορίξετε,
625 1010 803 1072 ἐῶντες
856 1014 945 1064 τὸν
997 1006 1170 1082 ἄνδρα
1232 1008 1544 1082 ἁμαρτάνειν
1611 1004 1678 1065 εἰς
1739 1006 1797 1057 τὸ

153 1094 320 1150 ideo»
360 1098 442 1153 ἀεὶ
473 1108 646 1173 σῶμα,
679 1103 800 1176 ὅπερ
827 1101 853 1152 ὁ
885 1101 1016 1161 θεῖος
1043 1097 1276 1172 ἀπείργει
1308 1094 1530 1158 Παῦλος.

1906 466 2000 535 rit,
2032 465 2362 525 fornicatur
2389 472 2447 526 et
2482 470 2898 531 adulteratur‘.
2963 493 2994 530 in
3053 477 3428 553 Quapropter
3464 481 3562 553 ju-

1907 561 2069 614 stum
2098 561 2156 614 et
2183 572 2427 631 aequum
2455 564 2549 618 est
2575 561 2740 620 illam
2761 562 3100 636 repudiare,
3124 567 3174 623 si
3197 567 3260 624 in
3302 568 3561 628 fornica-

1907 646 2134 703 tionem
2152 645 2442 717 inciderit,
2467 650 2803 709 secundum
2824 653 3059 710 Domini
3079 656 3272 712 nostri
3320 662 3552 717 senten-

1907 735 2054 792 tiam
2119 739 2175 792 et
2247 735 2736 797 declarationem.
2814 741 2920 799 Cui
2988 759 3101 800 nos
3157 744 3552 816 adherenms,

1905 823 2316 882 fornicationis
2336 825 2470 884 labe
2483 829 2890 902 etimpuritate
2907 834 3382 892 contaminatam
3407 853 3555 895 uxo-

1905 928 2034 969 rem
2063 928 2101 970 a
2129 914 2255 971 viro
2285 930 2677 988 segregamus
2709 923 2766 975 et
2794 935 3170 993 separamus.
3236 923 3358 980 Vos
3411 941 3556 983 vero

1907 1018 2030 1076 qua
2058 1003 2198 1060 estis
2225 1003 2448 1076 insigni
2477 1007 2772 1079 aequitate,
2823 1011 3152 1084 sanctitate,
3211 1016 3270 1068 et
3300 1014 3551 1087 justitia,

1907 1092 2030 1149 imo
2051 1091 2415 1164 insipientia,
2435 1100 2492 1152 et
2517 1095 2847 1169 hypocrisi,
2882 1098 2993 1171 ipsi
3036 1100 3288 1157 Domino
3352 1107 3556 1161 nostro

150 1185 579 1261 impudenter
625 1194 684 1247 et
719 1189 1126 1246 inverecunde
1178 1183 1606 1254 contradicitis,
1655 1181 1793 1240 ideo
1819 1181 1967 1254 quia
1997 1195 2247 1238 uxorem
2277 1188 2524 1256 propter
2568 1185 2864 1244 rationem
2894 1187 3308 1246 fornicationis
3360 1207 3398 1248 a
3425 1191 3554 1249 viro

153 1291 300 1334 non
343 1278 667 1351 separatis,
703 1277 1114 1353 permittentes
1138 1275 1336 1334 virum
1365 1273 1427 1331 in
1467 1288 1645 1331 suum
1674 1269 1987 1346 proprium
2017 1283 2240 1342 corpus
2276 1286 2547 1344 peccare,
2577 1274 2743 1347 quod
2783 1274 2912 1350 ipse
2943 1279 3007 1333 D.
3039 1277 3254 1335 Paulus
3283 1279 3479 1352 arguit
3499 1283 3556 1337 et

151 1365 496 1438 prohibet.
529 1369 574 1424 ⁸.

237 1453 321 1512 η’.
389 1453 513 1509 Ἐτι
568 1459 688 1530 περὶ
750 1462 852 1507 τῶν
921 1457 1069 1508 θείων
1133 1459 1225 1508 καὶ
1289 1459 1559 1526 μυστικῶν
1633 1449 1795 1524 λέγεις

159 1543 489 1617 συμϐόλων,
545 1552 636 1597 τοῦ
683 1545 822 1597 θείου
880 1549 971 1597 καὶ
1001 1549 1320 1597 Δεσποτικοῦ
1365 1537 1574 1600 δηλαδή
1607 1545 1794 1612 σώμα-

158 1651 278 1699 τος,
349 1635 436 1686 ὄτι
484 1638 618 1706 μόνα
675 1635 742 1686 τὰ
805 1634 1019 1709 ῥήματα
1068 1641 1160 1685 τοῦ
1215 1637 1431 1708 Κυρίου,
1489 1652 1516 1680 ‹‹
1571 1629 1792 1698 Λάϐετε,

158 1723 396 1795 φάγετε,
462 1728 552 1775 καὶ
611 1727 774 1791 πίετε,
840 1746 869 1774 ››
930 1721 1315 1796 μεταϐάλλουσι
1371 1725 1460 1773 καὶ
1512 1718 1794 1772 τελείοῦσιν

161 1811 344 1882 αὐτὰ,
403 1811 467 1864 οὗ
513 1817 618 1885 μὴν
673 1816 763 1865 καὶ
810 1814 864 1864 αἱ
924 1813 1058 1864 θεῖαι
1110 1819 1208 1864 τῶν
1266 1809 1428 1881 ἁγίων
1478 1808 1655 1882 εὐχαι,
1707 1811 1796 1860 καί

160 1904 322 1971 aput
390 1898 616 1972 ἕπωὸαί.
677 1898 854 1974 Ἡμεῖς
932 1897 992 1954 δε
1057 1905 1147 1953 καὶ
1205 1899 1339 1952 αὐτὰ
1403 1901 1466 1951 τὰ
1534 1899 1647 1950 θεῖα
1705 1901 1795 1949 καὶ

163 1991 488 2042 Δία-ποτικὰ
549 1990 763 2064 ῥήματα
827 1993 956 2064 πρὸς
1038 1989 1298 2043 τελείωσίν
1378 2006 1538 2060 φαμεν
1603 1985 1792 2058 αὑτων,

162 2082 266 2130 καὶ
329 2079 360 2136 ἡ
413 2087 513 2140 τῆς
573 2081 842 2152 ἱεροσύνης
887 2074 1111 2151 δύναμις
1161 2074 1255 2131 διὰ
1295 2085 1395 2129 τῶν
1429 2078 1573 2129 θείων
1623 2075 1794 2148 εὐχῶν

165 2171 270 2218 καὶ
344 2163 565 2238 ἔπῳδῷν
611 2174 704 2220 τοῦ
773 2170 910 2242 ἱεροῦ
963 2171 1132 2240 τυχὸν
1182 2170 1567 2241 Χρυσοστόμου
1621 2166 1650 2224 ᾖ
1702 2171 1794 2217 τοῦ

165 2255 417 2327 μεγάλου
478 2255 772 2311 Βασιλείου.
849 2261 919 2310 Τὸ
980 2259 1079 2330 γὰρ
1144 2257 1274 2309 θεῖον
1348 2264 1444 2316 τῆς
1512 2255 1795 2328 ἱερωσύνης

169 2347 444 2419 χάρισμα
482 2341 576 2398 διὰ
629 2353 782 2399 τοῦτο
840 2347 941 2400 ὑπὸ
997 2353 1087 2398 τοῦ
1118 2352 1361 2420 Χριστσῠ
1405 2340 1622 2397 δέδοται
1685 2351 1796 2405 τοῖς

174 2431 528 2498 ἀποστόλοις,
600 2440 690 2488 καὶ
747 2435 820 2500 ἐξ,
878 2433 1076 2488 ἐκείνων
1135 2429 1626 2506 ἀλληλοδιαδὸχως,
1705 2438 1795 2486 καὶ

173 2526 315 2595 πρὸς
365 2525 516 2596 ἡμῶν
568 2531 676 2586 τοῖς
727 2526 882 2600 ἱεροῖς
929 2524 996 2585 εἰς
1045 2526 1103 2576 τὸ
1156 2523 1374 2576 τελειοῦν
1423 2524 1654 2576 κατὰτὰ
1684 2523 1796 2574 θεῖα

177 2607 356 2686 δῶρα,
419 2609 516 2666 διὰ
571 2622 666 2676 τῆς
741 2612 1060 2676 ἐπικλήσεως
1128 2618 1218 2666 καὶ
1280 2611 1656 2685 ἐπιφοιτήσεως
1701 2619 1794 2664 τοῦ

173 2705 450 2773 παναγίου
535 2705 850 2776 Πνεύματος.
926 2703 1102 2764 Οὕτως
1181 2705 1329 2775 ἡμεῖς
1407 2706 1525 2777 περὶ
1599 2704 1793 2754 τούτων

175 2798 473 2864 φρονοῦμεν
521 2796 612 2844 καὶ
664 2790 876 2865 λέγομεν
935 2788 1245 2867 ὃρθοδόξως,
1301 2796 1390 2844 καὶ
1457 2789 1793 2843 ἀποστολικοο

172 2876 696 2955 πατροπαραδοτως,
775 2881 834 2934 οὐ
899 2883 1132 2955 καθάπερ
1199 2882 1346 2954 ὑμεῖς
1411 2886 1637 2955 φρονεῖτε
1702 2884 1792 2932 καὶ

172 2965 352 3040 λέγετε
400 2971 546 3022 am
598 2972 628 3028 ἡ
681 2969 731 3022 ἓν
781 2971 904 3044 ὑμὶν
958 2966 1152 3034 δόξειεν
1182 2971 1212 3028 ἠ
1265 2972 1552 3044 ὑπερόφρυς
1595 2967 1790 3030 ἀλαζο-

171 3063 291 3109 νεία
346 3062 443 3111 καὶ
491 3061 685 3121 οἴησις.
743 3057 896 3112 Ἀλλὰ
950 3063 1071 3136 περί
1124 3061 1320 3112 τούτων
1380 3066 1613 3112 τοσαῦτα
1669 3059 1790 3131 ὑμῖν

174 3143 540 3219 ἀποχρώντως
594 3145 793 3220 σχεδόν
843 3167 896 3200 τι
948 3151 1170 3223 εῖρηταιο
1227 3151 1420 3221 Καιρός
1480 3143 1540 3200 δέ
1582 3149 1692 3200 ἐστι
1721 3149 1791 3209 ὡς

175 3234 343 3288 εἰπεῖν
405 3233 515 3295 ἤδη
583 3241 672 3289 καί
735 3241 854 3310 περί
913 3245 1013 3291 τῶν
1076 3236 1268 3310 ψυχῶν
1329 3241 1445 3291 τίνα
1513 3256 1572 3309 γε
1641 3237 1792 3309 ἡμεῖς

176 3329 303 3398 περί
325 3324 498 3394 αὐτῶν
531 3321 688 3390 δόξαν
709 3328 916 3399 ἔχομεν.

1974 1453 2028 1506 8.
2049 1449 2219 1517 Quod
2240 1466 2382 1508 vero
2402 1449 2553 1508 dicis
2573 1450 2649 1508 de
2663 1450 2882 1510 divinis
2899 1456 2958 1511 et
2971 1453 3238 1528 mysticis
3261 1455 3554 1528 symbolis

1903 1539 2087 1596 divini
2115 1545 2172 1596 et
2197 1541 2485 1598 Dominici
2508 1541 2731 1600 scilicet
2793 1545 3062 1617 corporis
3112 1549 3170 1602 et
3221 1546 3554 1618 sanguinis,

1902 1628 2069 1701 quod
2107 1629 2236 1686 sola
2291 1630 2474 1687 verba
2519 1630 2791 1688 Domini:
2837 1653 2867 1681 «
2905 1632 3185 1706 Accipite,
3239 1634 3551 1701 comedite,

1902 1715 2108 1787 bibite,
2137 1740 2165 1769 »
2197 1718 2298 1775 illa
2340 1718 2623 1792 symbola
2674 1725 3074 1780 transmutent
3119 1726 3178 1780 et
3220 1723 3550 1797 perﬁciant,

1903 1821 2026 1863 non
2051 1822 2192 1864 vero
2221 1807 2440 1864 divinae
2469 1812 2816 1866 sanctorum
2845 1825 3078 1883 preces,
3103 1816 3158 1868 et
3187 1826 3372 1868 sacrae
3425 1826 3556 1870 ora-

1902 1895 2092 1952 tiones
2115 1901 2174 1953 et
2196 1897 2530 1966 cantilenae,
2557 1913 2669 1954 nos
2706 1913 2850 1955 vero
2881 1899 3062 1956 etiam
3104 1899 3363 1957 dicimus
3415 1901 3554 1973 ipsa

1901 1983 2105 2041 divina
2125 1989 2183 2042 et
2199 1985 2509 2043 Dominica
2533 1985 2720 2043 verba
2747 1986 2828 2043 ad
2848 2002 3059 2044 eorum
3081 1987 3506 2060 perfectionem
3537 2006 3551 2059 ;

1903 2073 2223 2132 sacerdotii
2249 2089 2392 2132 vero
2421 2075 2606 2132 virtus
2634 2076 2919 2133 exseritur
2946 2092 3054 2150 per
3073 2077 3308 2135 divinas
3345 2093 3554 2150 preces

1901 2169 1959 2221 et
2011 2163 2282 2235 liturgias
2369 2166 2559 2222 sancti
2622 2164 2897 2222 videlicet
2957 2165 3386 2240 Chrysostomi,
3450 2169 3556 2224 aut

1901 2253 2108 2324 magni
2132 2252 2359 2311 Basilii.
2417 2257 2567 2311 Nam
2623 2253 2902 2312 divinum
2954 2255 3272 2313 sacerdotii
3321 2256 3554 2313 donum

1900 2348 2218 2416 propterea
2238 2360 2274 2400 a
2313 2342 2542 2401 Christo
2579 2345 3098 2402 communicatum
3128 2348 3216 2401 est
3238 2345 3552 2418 apostolis,

1901 2435 1960 2489 et
1978 2447 2188 2489 eorum
2217 2432 2684 2498 successoribus,
2735 2437 2793 2489 et
2847 2432 3264 2490 sacerdotibus
3309 2433 3550 2506 nostris,

1901 2521 1980 2578 ad
2009 2521 2369 2595 perﬁcienda
2392 2521 2596 2578 divina
2618 2521 2800 2591 dona,
2847 2537 2956 2595 per
3001 2521 3440 2580 invocationem
3495 2527 3554 2580 et

1901 2611 2228 2667 adventum
2251 2611 2608 2668 sanctissimi
2627 2610 2894 2684 Spiritus.
2940 2611 3034 2668 Sic
3066 2611 3140 2668 de
3196 2612 3380 2669 rebus
3425 2611 3554 2668 istis

1897 2698 2204 2772 loquimur
2233 2704 2290 2756 et
2311 2700 2604 2757 sentimus
2625 2699 2958 2757 orthodoxe
2985 2704 3041 2757 et
3075 2701 3410 2758 secundum
3435 2703 3552 2758 tra-

1899 2789 2184 2846 ditionem
2213 2789 2625 2862 apostolorum
2672 2794 2729 2846 et
2765 2793 3027 2860 Patrum,
3059 2805 3184 2848 non
3222 2806 3362 2848 vero
3399 2791 3553 2850 sicut

1900 2895 2008 2936 vos
2035 2879 2263 2936 sentitis
2313 2883 2370 2936 et
2418 2877 2753 2953 loquimini,
2804 2879 3138 2936 secundum
3177 2879 3398 2954 placita
3455 2895 3552 2937 ve-

1901 2973 2035 3026 strae
2063 2968 2465 3041 superciliosae
2498 2968 2796 3042 superbiae
2839 2974 2894 3026 et
2942 2967 3244 3041 opinionis
3291 2973 3348 3026 et
3401 2984 3552 3041 pree-

1900 3058 2279 3132 sumptionis.
2314 3058 2429 3116 Sed
2468 3058 2543 3115 de
2573 3057 2698 3114 istis
2725 3058 2930 3114 forsan
2982 3057 3227 3116 abunde
3273 3062 3332 3114 et
3384 3057 3550 3113 δυω-

1899 3147 2139 3204 cienter.
2171 3150 2338 3203 Nunc
2363 3147 2493 3219 jam
2531 3150 2771 3220 tempus
2799 3150 2889 3203 est
2913 3145 3251 3204 disserendi
3289 3145 3366 3203 de
3391 3149 3548 3204 statu

1899 3236 2264 3304 animarum,
2291 3240 2348 3294 et
2364 3251 2553 3309 quam
2591 3236 2666 3292 de
2690 3234 2804 3292 illis
2840 3239 2977 3308 post
3019 3239 3277 3295 mortem
3317 3237 3551 3294 senten-

1898 3325 2045 3383 tiam
2072 3325 2403 3393 foveamus,
2443 3325 2687 3384 tandem
2716 3323 3074 3398 signiﬁcare.

1616 3504 1843 3563 Caetera
1880 3504 2116 3564 desunt.

255 3734 280 3770 ⁸
304 3733 502 3792 Matth.
531 3749 649 3802 nx,
682 3739 736 3793 9.
760 3735 783 3772 ν
805 3737 825 3792 1
847 3737 978 3793 Cor.
1000 3749 1077 3807 vi,
1107 3739 1190 3792 16.
