2014 3154
64 158 122 186 485
549 165 788 193 PANTALEONIS
809 165 950 193 DIACONI
970 166 1106 194 CONTRA
1127 167 1281 195 GRzECOS.
1699 162 1752 198 486

64 224 1393 238 Ἣ

383 369 426 401 ΙΝ
453 370 716 402 TRACTATUM
743 371 918 403 CONTRA
943 372 1130 404 GRAECOS
1156 372 1439 405 OBSERVATIO.

100 485 283 513 Pantaleoni
300 486 436 514 tribuitur
452 488 499 515 hic
516 490 673 520 tractatus;
699 489 727 515 id
742 490 868 516 sensisse
885 489 1022 516 videntur
1040 490 1211 517 novissima)
1228 490 1411 518 Bibliotheca:
1432 491 1552 519 Patrum
1572 490 1701 520 editores
1720 492 1752 519 in

60 528 280 557 admonitione
314 531 352 558 ad
375 531 515 559 lectorem
544 535 615 559 tom.
643 534 727 562 XXVI.
760 534 808 560 ubi
837 533 873 560 de
900 535 1012 561 Joanne
1039 534 1142 560 tlaleca
1164 535 1269 568 agitur.
1295 535 1322 561 ld
1348 535 1439 562 sensit
1459 535 1546 563 etiam
1568 535 1751 571 Ciampinus,

59 580 252 609 quanquam
264 574 339 602 alias
356 576 466 603 dubius
478 577 598 606 haereat,
614 580 713 612 utpote
725 579 775 613 qui
791 581 862 604 tract
888 581 947 605 tum
963 581 992 605 ut
1004 586 1191 613 anonymum
1204 579 1345 606 citaverit.
1363 581 1473 607 Revera
1487 580 1551 607 haec
1566 580 1751 614 legunturad

61 618 161 644 tinem
178 619 289 653 operis,
303 623 466 649 auctorem.
485 624 514 647 ut
530 622 626 656 prima
642 622 736 648 fronte
754 622 877 649 videtur.
891 623 1052 650 indicantia
1066 632 1071 649 :
1090 624 1152 657 ligo
1168 624 1331 650 Pantaleon
1346 631 1410 650 cum
1425 631 1513 651 essem
1524 624 1574 659 ibi,
1587 624 1752 653 Constanti-

61 663 182 695 nopoli,
199 663 250 689 ubi
267 664 322 691 hoc
333 668 430 691 aetum
448 669 499 699 est,
512 666 567 692 hoc
580 666 690 692 idcirco
702 667 895 693 Memora/utr
907 668 977 700 feci.

102 707 172 734 Fuit
186 710 288 734 autem
300 710 459 736 Pantaleon
472 710 618 736 diaconus
635 713 660 736 ct
670 711 884 745 cliartophylax
896 712 1028 738 licclesiie
1044 712 1388 747 tlonstantinopolitanar,
1402 715 1429 739 et
1444 721 1479 740 ex
1490 720 1525 740 eo
1537 713 1621 749 quod
1636 713 1752 741 dicatur

62 751 155 785 apud
174 753 355 785 Gretserum,
373 755 422 789 qui
439 755 532 789 ipsius
551 758 707 782 tractatum
723 757 749 782 in
769 757 857 782 (,‘J'Ill/t

956 766 981 782 m
1002 758 1096 783 crucis
1123 756 1221 784 edidit.
1242 757 1397 790 prcsbgler
1414 758 1584 784 monasterii
1606 757 1749 792 Byzanti-

62 803 189 838 γιον-εφη,
205 804 241 823 ex
256 797 384 824 diacono
403 799 611 833 presbyterum
633 800 758 832 alicujus
776 800 945 826 monasterii
973 801 1083 827 factum
1108 801 1225 834 coujicit
1249 800 1453 827 tiombctisius.
1476 801 1533 836 lpsi
1552 800 1653 828 tribuit
1671 801 1751 829 idem

62 839 269 867 tlombeﬁsius
284 842 438 869 Orationes
456 844 484 870 in
507 844 800 877 transﬁgant!mnam
818 845 945 870 hui/(ini.
965 848 1144 879 Quanquam
1159 845 1183 871 ei
1205 845 1238 871 sit
1257 845 1357 879 aliqua
1378 845 1519 880 suspicio,
1536 853 1587 872 eas
1603 846 1751 873 orationes

62 884 148 919 stylo
162 885 370 921 discrepantes
387 887 474 914 binos
488 888 598 915 habere
614 891 762 923 parentes.
781 889 913 923 Denique
928 889 1024 916 eidem
1041 889 1212 915 Pantaleoni
1228 889 1353 916 asseruit
1360 889 1541 925 opusculum
1552 889 1589 916 de
1598 890 1752 917 miraculis

61 928 240 963 Michaelis,
254 930 337 965 quod
354 930 461 966 legitur
481 932 563 967 apud
584 933 713 966 Surium,
729 932 859 968 indeque
880 932 1041 966 concludit,
1057 932 1269 960 Pantaleonem
1283 933 1391 960 vixisse
1404 933 1456 960 diu
1471 936 1539 969 post
1553 933 1751 966 Theodoram,

61 980 138 999 cum
156 974 303 1002 miracula
317 974 408 1011 longo
421 978 555 1011 tempore
571 980 639 1012 post
650 977 845 1012 imperatricis
865 977 980 1005 obitum
994 979 1111 1013 patrata
1126 977 1300 1004 narraverit.

102 1018 177 1050 Quae
194 1018 365 1046 Combeﬁsii
380 1020 552 1055 conjectura
566 1021 637 1049 satis
649 1020 772 1051 indicat,
787 1021 843 1057 ipsi
860 1021 952 1049 fuisse
964 1021 1110 1049 incertam
1126 1021 1316 1049 Pantaleonis
1331 1023 1461 1055 aetatem,
1477 1022 1604 1058 ideoque
1620 1029 1681 1050 non
1695 1023 1752 1058 ipsi

63 1062 241 1090 vindicasse
261 1064 435 1092 Tractatum
450 1068 557 1093 contra
572 1066 689 1093 Graecos
704 1066 791 1101 cujus
809 1073 919 1102 parens
933 1065 1036 1102 procul
1049 1066 1143 1094 dubio
1159 1074 1207 1094 an.
1223 1068 1289 1093 1252
1299 1066 1407 1094 vixisse
1416 1066 1536 1101 debuit;
1552 1066 1635 1095 aliter
1649 1071 1751 1095 tamen

62 1105 127 1139 alii,
142 1109 174 1134 ut
184 1108 323 1143 superius
337 1108 542 1137 observatum.

102 1152 163 1178 Nos
188 1152 271 1192 hunc
282 1155 455 1186 tractatum,
469 1154 498 1181 in
514 1162 576 1190 quo
592 1154 688 1182 multa
700 1157 862 1182 occurrunt
873 1154 1197 1191 observationezdigna,
1209 1155 1238 1182 in
1256 1156 1313 1182 tres
1328 1157 1428 1190 partes
1444 1154 1666 1190 distinguimus,
1682 1163 1750 1192 quae

66 1197 110 1222 tot
124 1195 261 1224 habeant
280 1200 425 1225 auctores.

104 1240 186 1268 Prior
195 1249 352 1278 βίῃ-εποδε
363 1246 495 1278 quatuor
502 1243 727 1272 dissertationes
740 1244 886 1272 adversus
895 1246 1013 1272 Graecos
1023 1244 1163 1277 continet,
1172 1251 1232 1272 non
1243 1243 1334 1271 modo
1344 1243 1423 1272 edita
1435 1246 1479 1272 est
1490 1244 1752 1279 Constantinopoli

68 1284 98 1311 in
116 1286 232 1313 aedibus
247 1287 391 1314 Fratrum
409 1288 647 1316 Pravdicatorum
663 1296 713 1316 an.
733 1291 808 1321 125:2,
825 1292 855 1316 ut
868 1288 923 1317 fert
937 1289 1058 1322 titulus;
1085 1288 1137 1316 sed
1157 1288 1196 1316 ab
1215 1288 1289 1325 ipsis
1312 1288 1464 1316 Fratribus
1479 1288 1681 1317 Dominicanis
1696 1289 1752 1317 fuit

66 1331 259 1359 concinnata.
276 1332 322 1359 Sic
336 1333 416 1360 enim
427 1333 484 1369 ipsi
495 1333 673 1369 loquuntur:
687 1334 757 1361 Haec
772 1334 889 1368 scripta
901 1337 971 1361 sunt
982 1341 1061 1361 anno
1075 1334 1186 1366 1252,13:
1202 1333 1321 1361 civitate
1336 1334 1599 1368 Constantinopoli
1607 1342 1626 1361 a
1636 1334 1752 1362 Fratri-

68 1374 120 1402 bus
132 1375 388 1404 Przdicatoribus
402 1378 442 1405 ad
456 1378 681 1412 aediﬁcationem
695 1382 721 1406 et
737 1379 905 1413 profectum
921 1379 1102 1413 animarum,
1118 1378 1158 1405 ad
1174 1377 1292 1405 laudem
1303 1380 1330 1405 et
1345 1378 1473 1412 gloriam
1484 1379 1587 1406 Patris
1597 1381 1626 1407 et
1637 1378 1711 1406 Filii
1723 1380 1751 1406 et

66 1418 202 1453 Spiritus
217 1422 325 1448 sancti.
336 1422 443 1449 Amen.

102 1463 167 1492 Duo
180 1466 408 1494 suntnotanda:
429 1467 525 1494 10.Hic
536 1467 670 1494 desinere
686 1476 763 1502 opus
779 1467 862 1502 illud,
880 1467 963 1503 quod
975 1469 1159 1495 tcntaverant
1173 1468 1298 1501 Fratres;
1312 1466 1353 1493 illi
1363 1466 1473 1502 quippe
1483 1469 1613 1502 quatuor
1621 1467 1751 1502 capitula

63 1508 215 1537 adversus
227 1511 342 1538 Graecos
351 1512 561 1547 probaverant,
571 1512 679 1539 deinde
691 1512 859 1540 clausulam
871 1513 976 1545 Amen,
985 1520 1046 1548 qua
1054 1511 1229 1547 tinisoperis
1243 1510 1402 1542 indicatur,
1412 1510 1597 1545 adjecerunt:
1609 1511 1748 1546 denique,

62 1555 94 1580 ut
109 1553 229 1589 patebit
242 1554 455 1592 interius,quze
470 1560 637 1592 sequuntur
646 1565 681 1583 ex
696 1557 761 1584 aliis
776 1556 894 1592 scriptis
908 1558 978 1583 sunt
988 1558 1137 1590 escerpta.
1154 1557 1193 1582 2°.
1206 1555 1277 1582 Inde
1304 1557 1381 1590 patet
1392 1554 1603 1582 Pantaleonem
1615 1562 1675 1582 non
1685 1563 1750 1582 esse

63 1597 157 1634 hujus
173 1599 275 1635 scripti
286 1602 449 1633 auctorem,
466 1604 568 1636 utpote
582 1602 631 1637 qui
649 1601 796 1628 diaconus
815 1605 865 1628 aut
881 1600 1046 1636 aliquando
1058 1600 1232 1627 monasterii
1250 1599 1417 1635 presbyter,
1430 1606 1491 1626 non
1501 1607 1570 1626 vero
1583 1599 1750 1627 monachus

65 1641 196 1671 dicatur.
212 1646 247 1671 At
264 1644 424 1672 indubium
440 1648 493 1679 est,
506 1645 590 1673 illum
606 1648 765 1673 tractatum
779 1654 796 1673 a
811 1645 969 1673 monachis
983 1643 1152 1672 confectum
1168 1643 1270 1676 fuisse,
1285 1646 1311 1671 et
1328 1651 1516 1679 anonymum
1532 1651 1687 1671 remanere
1702 1643 1751 1671 de-

66 1686 183 1723 buisse,
198 1691 230 1716 ut
244 1688 339 1717 solent
350 1698 418 1725 quin
428 1691 515 1725 jussu
531 1693 659 1726 etopera
666 1690 908 1725 congregationis
921 1689 1047 1724 alicujus
1057 1688 1167 1724 scripta
1182 1691 1268 1715 sunt:
1286 1688 1354 1715 ideo
1369 1687 1515 1724 plurimos
1525 1690 1662 1716 auctores
1677 1696 1751 1724 prae—

65 1731 122 1759 fert
137 1734 168 1760 et
183 1741 303 1768 semper
317 1733 425 1770 plurali
436 1742 562 1762 numero
577 1742 642 1761 sese
659 1733 792 1762 indicant
807 1737 961 1762 auctores:
979 1734 1014 1761 In
1029 1733 1172 1767 prooemio
1188 1733 1279 1767 hujus
1295 1733 1432 1767 opusculi
1447 1733 1546 1760 testati
1558 1740 1669 1760 sumus.

103 1777 247 1805 Secunda
260 1785 329 1813 pars
344 1786 406 1805 non
422 1778 476 1806 luit
487 1778 763 1812 Dominicanorum,
777 1779 827 1806 sed
843 1779 975 1813 Hugouis
990 1778 1160 1812 Etheriani,
1178 1778 1227 1814 qui
1245 1777 1355 1805 saeculo
1363 1778 1511 1813 praeterito
1526 1779 1642 1806 Graecos
1651 1778 1751 1806 confu-

70 1823 199 1849 taverat.
216 1822 302 1850 Miror
316 1822 373 1850 hoc
388 1830 449 1850 non
469 1822 577 1850 vidisse
591 1824 670 1860 viros
685 1823 826 1856 eruditOS,
847 1823 969 1859 quippe,
987 1825 1026 1854 3ο,
1044 1823 1085 1850 sic
1099 1823 1264 1859 loquuntur
1284 1824 1396 1850 Fratres
1413 1822 1621 1850 Prmdicatores
1639 1832 1645 1850 :
1671 1823 1752 1857 Quod

68 1866 138 1894 licet
143 1867 211 1901 jam
223 1869 354 1902 quatuor
363 1867 450 1894 dictis
459 1868 597 1895 articulis
608 1868 837 1903 demonstretur,
847 1871 945 1895 tamen
956 1869 1055 1896 adhuc
1064 1869 1095 1895 in
1106 1868 1151 1895 his
1160 1876 1225 1903 qua?
1235 1868 1368 1903 subjecta
1377 1872 1446 1895 sunt
1457 1867 1633 1901 ostenditur,
1642 1875 1706 1903 qum
1714 1875 1752 1895 ex

67 1910 157 1938 dictis
168 1911 309 1946 magistri
320 1912 456 1946 Hugonis
472 1912 652 1939 zEl/teriani
661 1920 759 1946 nuper
771 1915 906 1940 extracta
917 1912 986 1940 huic
999 1914 1082 1947 operi
1095 1913 1237 1940 duximus
1249 1912 1412 1940 inserenda.
1428 1913 1539 1940 Dicunt
1552 1912 1629 1939 enim
1641 1914 1668 1939 et
1678 1912 1750 1939 scri-

68 1954 154 1988 bunt,
172 1957 227 1983 etc.
246 1955 333 1983 Vides
347 1956 395 1983 hic
410 1955 493 1984 ﬁnito
507 1963 605 1992 opere,
621 1956 762 1992 quiedam
779 1964 813 1984 ex
827 1956 959 1992 Hugonis
975 1958 1093 1985 [Etherii
1109 1957 1226 1993 scriptis
1241 1957 1339 1992 adjici.
1358 1956 1434 1989 Quid
1450 1956 1637 1984 evidentius?
1654 1957 1750 1984 Unum

68 2000 172 2026 tamen
188 1999 260 2027 addi
276 2002 383 2035 potest,
400 2000 494 2028 multa
506 2000 547 2027 ibi
560 2000 617 2027 dici
628 2008 696 2036 quae
716 2000 865 2028 Fratribus
882 2001 1130 2029 Praedicatoribus
1151 2009 1212 2028 non
1228 2001 1417 2029 conveniant.
1432 2000 1543 2028 Asserit
1558 2004 1671 2035 auctor,
1687 2008 1751 2029 sese

67 2044 149 2072 velut
168 2044 354 2080 singularem
366 2052 528 2081 personam
544 2044 690 2077 indicans,
707 2044 818 2072 vidisse
834 2046 1003 2074 sacerdotes
1018 2046 1142 2074 sacratis
1160 2045 1302 2073 manibus
1318 2045 1370 2081 qui
1380 2046 1437 2072 viri
1454 2046 1634 2080 sanguinum
1649 2049 1750 2080 essent,

67 2089 142 2117 dum
154 2093 352 2125 sequerentur
367 2091 577 2125 imperatorem
595 2097 650 2124 per
670 2090 893 2124 Cappadociam
907 2092 1126 2126 Persarumque
1143 2090 1286 2124 regiones.
1312 2089 1435 2125 Subjicit
1456 2089 1565 2117 deinde
1589 2097 1620 2117 se
1643 2089 1751 2118 vidisse

67 2134 193 2162 clericos
208 2134 366 2170 tustigalos
383 2138 410 2162 et
425 2134 607 2164 verberatos.
624 2134 743 2162 sublata
756 2135 837 2170 prius
857 2138 980 2171 τιματίῳ,
997 2135 1054 2162 hoc
1070 2137 1116 2162 est
1134 2138 1212 2162 veste
1230 2134 1376 2167 clericali,
1392 2133 1483 2169 idque
1498 2134 1555 2170 ipsi
1571 2134 1705 2162 evenisse
1720 2134 1751 2162 in

68 2180 171 2207 Nicaea
182 2179 312 2207 civitate.
328 2182 372 2206 An
388 2178 494 2206 credas
509 2180 643 2207 Fratrum
655 2186 777 2214 gregem
795 2180 925 2214 vestigiis
936 2179 1125 2215 imperatoris
1140 2178 1394 2211 adhaesisse,dum
1405 2178 1567 2207 Orientales
1580 2181 1753 2214 peragraret

68 2224 209 2260 regiones
224 2224 238 2251 ?
254 2224 374 2258 Deinde,
396 2224 465 2259 quis
481 2224 643 2259 imperator
659 2224 706 2250 ille
721 2224 735 2251 ‘?
749 2226 792 2251 An
809 2223 973 2252 Balduinus
995 2225 1026 2257 ll,
1049 2224 1101 2259 qui
1121 2231 1136 2251 e
1156 2225 1240 2258 parte
1260 2223 1431 2251 Latinorum
1450 2224 1600 2259 praeerat?
1624 2223 1681 2252 Sed
1703 2224 1750 2251 hic

70 2269 219 2296 adversus
230 2269 334 2295 Persas
347 2268 460 2295 bellum
470 2275 629 2303 nunquam
646 2269 747 2302 gessit.
762 2269 869 2295 Verum
882 2268 1006 2304 quidem
1019 2270 1072 2301 est,
1084 2268 1232 2296 Joannem
1244 2268 1404 2300 Vatatzem,
1416 2275 1507 2303 quem
1518 2269 1633 2296 Ducam
1647 2268 1750 2304 appel-

70 2312 134 2340 lant
148 2311 281 2348 plurimi,
296 2312 401 2340 Nicaeae
416 2311 518 2339 sedem
533 2311 721 2347 imperialem
737 2311 888 2339 habuisse.
906 2313 963 2340 Sed
978 2312 1136 2340 verisimile
1153 2319 1214 2339 non
1238 2311 1270 2339 tit
1291 2312 1504 2340 Praedicatores
1523 2320 1558 2340 eo
1574 2315 1707 2349 tempore
1720 2311 1751 2340 in

71 2357 136 2392 ejus
149 2356 253 2384 aulam
268 2356 420 2384 admissos
436 2356 542 2384 itinera
555 2364 625 2383 cum
642 2356 707 2392 ipso
723 2356 805 2384 varia
818 2356 992 2385 confecisse.
1009 2358 1076 2385 Haec
1088 2364 1150 2384 non
1164 2356 1257 2384 modo
1269 2356 1451 2389 verisimilia,
1466 2356 1519 2385 sed
1533 2364 1604 2385 vera
1625 2359 1695 2385 sunt
1712 2356 1751 2384 de

70 2401 211 2433 Etherio,
235 2400 299 2437 qui,
321 2408 392 2428 cum
416 2401 513 2435 gratia
532 2408 652 2428 summa
673 2400 796 2436 polleret
819 2400 903 2436 apud
917 2401 1081 2429 Manuelem
1098 2400 1296 2435 Comnenum,
1313 2401 1423 2428 Latinis
1437 2400 1588 2428 faventem
1600 2403 1629 2429 et
1641 2400 1750 2436 saepius

71 2445 217 2473 adversus
232 2445 342 2472 Turcas
355 2445 580 2480 SaracenOSque
595 2443 832 2479 belligerantem,
843 2445 943 2480 ipsum
957 2453 1009 2481 per
1016 2446 1116 2474 varios
1129 2453 1217 2473 casus
1228 2445 1439 2473 etdiscrimina
1448 2453 1548 2473 rerum
1557 2444 1748 2480 sequebatur.

72 2491 170 2518 Unum
183 2489 274 2524 objici
289 2491 395 2525 potest,
405 2497 475 2525 qua:
489 2488 630 2524 leguntur
644 2489 675 2516 in
695 2489 840 2518 Tractatu
855 2492 962 2517 contra
977 2490 1094 2518 Graecos
1108 2497 1171 2518 non
1185 2489 1306 2525 reperiri
1319 2489 1400 2525 apud
1412 2489 1578 2517 {Etherium
1591 2497 1597 2520 ;
1614 2488 1666 2516 sed
1680 2488 1751 2517 inde

70 2541 151 2562 nova
165 2533 237 2562 oriri
250 2535 348 2570 potest
362 2533 543 2569 conjectura,
558 2533 691 2570 plurima
704 2533 837 2561 edidisse
857 2533 1019 2561 Etherium
1036 2533 1182 2569 opuscula
1202 2533 1349 2561 adversus
1364 2534 1491 2566 Graecos,
1504 2540 1541 2560 ex
1555 2532 1667 2568 quibus
1681 2540 1750 2568 quas

71 2577 117 2606 hic
133 2578 327 2614 proferuntur
340 2577 451 2606 fuerint
465 2579 615 2613 excerpta.

104 2622 202 2650 Tertia
216 2622 348 2658 denique
362 2630 433 2658 pars
447 2622 538 2657 hujus
552 2621 663 2657 scripti,
678 2621 717 2650 ab
733 2621 797 2650 aliis
809 2622 897 2657 plane
909 2622 1039 2656 diversa,
1054 2623 1186 2651 continet
1199 2625 1317 2652 tantum
1338 2621 1540 2650 narrationem
1554 2622 1683 2658 portenti
1697 2631 1749 2651 cu-

69 2667 193 2703 jusdam
208 2666 291 2703 quod
303 2667 489 2703 temporibus
501 2666 650 2695 Michaelis
665 2666 806 2694 Cerularii
818 2666 922 2695 debuit
933 2667 1078 2695 evenisse.
1096 2667 1153 2695 Sed
1166 2675 1227 2695 non
1240 2667 1337 2703 potuit
1348 2666 1459 2695 habere
1473 2667 1587 2695 Fratres
1606 2667 1750 2696 Praedica-

72 2715 149 2741 tores
165 2715 315 2746 auctores,
331 2712 384 2748 qui
398 2712 483 2749 prius
497 2712 561 2740 fuse
575 2715 700 2747 egerant
713 2712 751 2739 de
765 2712 925 2740 schismate
939 2711 1098 2745 Michaelis,
1115 2714 1143 2740 et
1156 2719 1193 2740 ne
1208 2711 1334 2739 verbum
1348 2711 1471 2747 quidem
1493 2711 1531 2739 de
1546 2711 1596 2740 illo
1612 2714 1749 2748 portento

74 2757 222 2791 dixerant,
240 2757 383 2793 quodque
401 2757 468 2791 huic
483 2757 566 2793 operi
581 2757 644 2785 sine
658 2757 756 2785 ﬁbula
766 2756 820 2785 fuit
834 2756 967 2785 afﬁxum.
984 2756 1037 2784 Illa
1047 2756 1146 2784 brevis
1163 2755 1294 2784 narratio
1309 2758 1405 2791 potest
1415 2763 1480 2784 esse
1494 2756 1750 2789 Pantaleonis,cui

73 2802 150 2832 male
164 2804 263 2831 totum
277 2810 355 2839 opus
368 2801 558 2831 adscribitur.
