4028 6308
514 286 623 356 487
1719 285 2187 358 ΡΑΝτΑιΕοΝῐε

2273 285 2522 358 ιῐΑαΟΝῘ
2560 293 2664 358 CP.
3785 288 3907 356 488

1877 571 2515 658 TRACTATUS
2864 670 2870 673 _

1067 787 1638 900 CONTRA
1708 791 2373 901 ERRORES
2449 786 3332 957 GRECORUM,

727 1019 838 1084 DE
879 1018 1464 1085 PROCESSIONE
1510 1018 1906 1084 SPIRITUS
1953 1021 2278 1086 SANCTI.
2325 1022 2435 1084 DE
2478 1022 2931 1088 ANIMABUS
2978 1019 3653 1085 DEFUNCTORUM.

1555 1155 1666 1216 DE
1705 1153 2031 1218 AZYMIS
2075 1157 2183 1220 ET
2224 1156 2830 1230 FERMENTATO,

1387 1288 1498 1350 DE
1547 1287 2060 1351 OBEDIENTIA
2101 1289 2495 1354 ROMANfE
2539 1289 2994 1366 ECCLESI/E,

679 1419 903 1483 Editus
962 1419 1538 1500 Constantinopoli,
1597 1421 1660 1483 in
1718 1423 1969 1486 aedibus
2030 1423 2325 1486 Fratrum
2383 1424 2913 1497 Praadicatorum,
2981 1441 3148 1485 anno
3212 1421 3469 1485 Domini
3532 1422 3713 1483 1252.

591 1739 748 1797 Licet
767 1741 1101 1797 Graecorum
1127 1738 1458 1798 Ecclesium
1488 1741 1775 1800 virtutum
1817 1741 2066 1801 ﬂoribus
2107 1745 2165 1800 et
2190 1745 2238 1798 Α
2276 1745 2562 1799 creatura:
2592 1742 2863 1800 fermenti
2889 1742 3144 1800 termino
3159 1741 3366 1799 volens
3391 1743 3895 1808 coarctare,voce

518 1829 914 1904 philosophiae
956 1829 1163 1888 studiis
1210 1830 1352 1887 olim
1400 1831 1748 1890 decoratam
1791 1832 2160 1902 noverimus,
2271 1831 2630 1904 blasphema
2649 1832 2953 1906 praedicat,
2973 1848 3096 1889 non
3118 1831 3230 1888 nisi
3258 1830 3320 1887 in
3345 1829 3683 1886 fermentati
3700 1827 3890 1902 panis

517 1935 630 1977 nec
665 1935 788 1976 non
826 1924 884 1976 et
925 1924 1270 1977 sanctorum
1308 1923 1567 1989 Patrum,
1610 1922 2066 1995 prophetarum,
2109 1926 2167 1978 et
2273 1921 2529 1978 materia
2556 1921 2761 1993 perfici
2784 1937 2959 1995 posse
2986 1921 3342 1994 mysterium
3366 1918 3754 1977 sacramenti.
3783 1917 3890 1973 His

518 2008 932 2084 apostolorum
978 2008 1166 2066 veloci
1197 2025 1377 2066 cursu
1403 2010 1644 2067 calcans
1675 2010 1945 2081 vestigia,
1975 2026 2165 2083 quam
2270 2010 2473 2084 itaque
2501 2010 2662 2080 ﬁdei,
2707 2017 2764 2068 et
2807 2011 3131 2079 charitatis,
3166 2009 3414 2083 speique
3453 2007 3802 2074 virtutibus,
3851 2022 3891 2062 a

516 2099 718 2172 plures
750 2114 823 2154 ex
852 2113 915 2154 se
950 2098 1121 2155 vivos
1150 2102 1208 2155 et
1230 2098 1452 2171 ignitos
1481 2099 1715 2173 lapides
1748 2099 1811 2156 in
1841 2099 2166 2156 (editicium
2273 2099 2557 2157 cordibus
2581 2100 2850 2158 ﬁdelium
2876 2101 3038 2158 dicto
3070 2099 3269 2157 studio
3299 2104 3358 2156 et
3383 2098 3594 2156 ordine
3624 2095 3847 2154 deletis
3875 2112 3890 2151 :

517 2205 790 2262 supernae
869 2187 1196 2246 Jerusalem
1267 2187 1504 2244 dudum
1566 2188 1965 2246 transmiserit
2027 2203 2165 2246 con-
2274 2188 2503 2257 ultimo,
2555 2189 2618 2245 in
2677 2190 2852 2247 totius
2919 2187 3510 2245 consummationem
3573 2184 3890 2258 nequitiae,

515 2277 890 2346 struendum,
920 2291 1082 2333 nunc
1107 2281 1310 2334 tamen
1339 2277 1400 2332 in
1440 2277 1557 2334 ﬁne
1601 2282 1962 2352 temporum,
1998 2276 2166 2350 quod

515 2367 643 2422 sine
673 2366 841 2436 gravi
861 2381 1118 2420 maerore
1154 2365 1420 2436 proferre
1447 2381 1572 2422 non
1603 2382 1949 2438 possumus,
1992 2366 2166 2421 innu—

514 2455 696 2512 meris
718 2458 775 2509 et
801 2452 1048 2509 diversis
1074 2468 1345 2509 errorum
1371 2453 1689 2511 obfuscata
1715 2453 2072 2521 turbinibus,
2100 2454 2164 2510 in

515 2543 728 2600 eadem
742 2541 995 2613 caligine
1008 2557 1254 2598 suarum
1266 2542 1641 2614 opinionum,
1655 2543 1892 2600 diversa
1907 2559 1943 2600 a
1955 2549 2164 2600 sancta

513 2635 786 2688 Romana
814 2629 1077 2686 Ecclesia
1105 2635 1464 2702 perseverat.
1517 2633 1582 2687 Et
1625 2631 1902 2704 quamvis
1929 2631 2164 2688 infinita

511 2720 836 2777 hieresium
863 2719 1133 2790 germina
1162 2734 1199 2775 a
1240 2719 1515 2776 trecentis
1551 2720 1854 2791 octoginta
1878 2721 2077 2788 annis,
2106 2725 2164 2777 et

513 2809 691 2878 circa,
739 2809 803 2864 id
840 2813 948 2876 est,
993 2824 1030 2864 a
1069 2813 1338 2880 tempore
1389 2809 1597 2873 Photii,
1642 2809 1733 2865 vel
1777 2809 2005 2866 Photini
2058 2811 2157 2882 (l),
2271 2829 2405 2868 rum
2417 2813 2547 2885 jam
2563 2810 3366 2878 ﬁdeliumdesudavitlabor,
3382 2815 3440 2867 et
3457 2807 3886 2882 plurimascri-

510 2898 690 2972 primi
719 2898 900 2970 hujus
932 2897 1272 2954 schismatis
1299 2898 1649 2966 inventoris,
1674 2899 1736 2955 in
1765 2898 2015 2955 diversis
2039 2900 2161 2956 suis
2269 2907 2374 2974 pta
2387 2903 2465 2958 ad
2477 2902 2889 2958 defensionem
2901 2917 3056 2958 verae
3068 2901 3206 2957 ﬁdei
3219 2899 3523 2956 catholica:
3537 2898 3886 2954 dimiserint

509 2988 802 3061 partibus,
851 2993 1098 3060 propter
1142 2987 1442 3044 defectum
1486 2987 1872 3054 scientiae,et
1920 2988 2159 3044 invidiae
2271 2990 2662 3064 perlegenda:
2690 2991 2836 3063 quia
2863 2997 3064 3046 tamen
3085 2987 3361 3046 moderni
3386 2986 3755 3056 Grteci,novi
3774 3001 3882 3059 pa-

509 3077 992 3145 amaritudinem,
1021 3076 1333 3134 manifeste
1363 3075 1825 3149 pullulaverint:
1861 3079 2160 3150 praecipue
2192 3096 2232 3150 Β
2271 3079 2427 3151 riter,
2462 3083 2518 3136 et
2547 3080 2780 3152 antiqui
2813 3077 3200 3145 schismatici,
3239 3093 3350 3134 nec
3380 3075 3752 3146 argumentis
3781 3073 3881 3130 vel

2272 2283 2557 2350 quartum
2586 2294 2720 2335 eam
2742 2277 2844 2346 (ad
2863 2294 3051 2352 quam
3072 2277 3292 2334 horum
3321 2282 3377 2333 et
3405 2274 3693 2332 similium
3721 2287 3892 2329 erro-

2271 2383 2408 2423 rum
2433 2371 2664 2439 spectat
2681 2368 3010 2439 correctio),
3032 2367 3094 2424 id
3110 2373 3216 2433 est,
3237 2370 3510 2422 sanctam
3537 2367 3890 2420 Romanam

2274 2455 2620 2523 Ecclesiam,
2641 2455 3024 2528 aggreditur;
3056 2471 3168 2512 nec
3194 2455 3248 2512 ei
3268 2453 3675 2512 obediendum
3711 2467 3891 2508 com-

2273 2544 2533 2601 muniter
2571 2544 2896 2602 asserenda
2937 2544 3245 2618 praedicat,
3284 2541 3557 2600 moribus
3586 2540 3887 2606 afﬁrmat,

2272 2638 2329 2690 et
2352 2633 2521 2691 factis
2545 2633 2704 2691 dicit.

2345 2725 2562 2781 Contra
2580 2739 2734 2797 quos
2756 2739 2984 2781 errores
3013 2721 3324 2796 pestiferos
3347 2718 3629 2794 quamvis
3658 2717 3888 2775 multo-

506 3170 710 3224 tamen
749 3165 811 3222 in
852 3171 1112 3238 quatuor
1141 3165 1404 3222 articulis
1447 3165 1816 3236 generaliter,
1848 3181 1956 3222 seu
1993 3181 2154 3222 com-

503 3255 764 3313 muniter
789 3254 1159 3324 dignoscitur
1177 3253 1419 3311 deviare
1439 3271 1475 3312 a
1499 3255 1697 3312 nobis.
1733 3257 2000 3321 Quorum
2026 3255 2155 3328 pri-

504 3360 663 3409 mus,
690 3343 834 3415 quia
856 3341 934 3398 ab
960 3344 1094 3414 ipsa
1117 3342 1319 3399 divina
1348 3342 1660 3414 majestate
1696 3343 2010 3410 inchoans,
2051 3359 2154 3400 ore

503 3431 735 3504 polluto
762 3429 1023 3488 afﬁrmat
1060 3435 1267 3487 contra
1295 3432 1666 3504 opinionem,
1689 3432 1811 3488 imo
1840 3431 2025 3488 ﬁdem
2055 3447 2155 3489 ca-

504 3519 808 3586 tholicam,
860 3520 1094 3576 tertiam
1141 3534 1464 3591 personam
1506 3520 1567 3576 in
1604 3519 1900 3588 Trinitate,
1947 3520 2010 3576 id
2043 3524 2154 3589 est,

507 3607 790 3682 Spiritum
829 3612 1104 3665 sanctum
1151 3630 1178 3658 ‹‹
1217 3624 1254 3665 a
1292 3609 1434 3666 Filio
1467 3609 1714 3666 minime
1746 3609 2151 3682 procedere,»

501 3697 593 3754 vel
624 3697 860 3770 spirari,
887 3701 989 3754 aut
1017 3696 1420 3754 exsistentiam
1442 3697 1688 3755 habere.
1990 3706 1991 3709 ‘

574 3786 886 3845 Secundus
917 3790 1140 3854 autem,
1164 3785 1497 3842 secundum
1520 3786 1850 3858 theologos,
1870 3787 2152 3844 virtutem

499 3892 754 3934 numero
775 3875 1130 3946 secundam,
1155 3875 1218 3932 id
1243 3880 1330 3932 est
1349 3891 1520 3949 spem
1540 3876 1832 3946 ﬁdelium,
1853 3877 2152 3934 virulento

499 3966 820 4023 conanime
843 3965 1181 4022 interimere
1221 3965 1490 4032 studens,
1527 3966 1758 4034 asserit,
1786 3990 1807 4015 ι
1842 3966 2150 4024 defuncto-

497 4071 634 4112 rum
670 4057 906 4113 animas
945 4072 1058 4112 nec
1088 4055 1358 4113 Paradisi
1388 4056 1623 4126 gaudiis
1647 4056 1892 4128 perfrui,
1921 4072 2033 4130 nec
2056 4058 2148 4114 in-

498 4144 806 4201 fernorum
852 4145 1181 4218 suppliciis,
1232 4144 1326 4200 vel
1367 4144 1503 4216 igne
1543 4146 1909 4217 purgatorio,
1950 4170 1970 4194 ι
2002 4147 2151 4204 citra

499 4232 659 4288 diem
675 4232 903 4303 judicii,
920 4238 1023 4290 aut
1050 4238 1186 4289 ante
1211 4231 1400 4289 latam
1419 4235 1776 4290 sententiam
1793 4239 2146 4305 extremam,

491 4320 733 4392 judiciis
761 4337 937 4394 posse
961 4321 1294 4394 subjacere.

571 4409 803 4467 Tertius
833 4425 974 4467 vero
1001 4411 1202 4483 ipsam
1223 4411 1651 4485 omnipotentis
1695 4412 1792 4469 Dei
1815 4414 2147 4485 potentiam

2265 3167 2621 3235 rationibus,
2652 3183 2764 3224 nec
2793 3183 2978 3224 sacrze
3001 3167 3321 3239 Scripturas
3352 3163 3731 3234 testimoniis,
3760 3163 3877 3218 nisi

2269 3273 2520 3314 suorum
2541 3257 2774 3330 scriptis
2797 3255 3396 3328 sanctorum,quibus
3420 3254 3759 3328 plurimum
3784 3253 3879 3309 in-

2264 3346 2536 3403 nituntur
2557 3351 2678 3402 tam
2699 3345 3086 3419 apocryphis,
3113 3360 3302 3418 quam
3326 3344 3502 3406 veris,
3528 3341 3749 3399 nolunt
3781 3357 3878 3397 su-

2265 3435 2460 3508 perari
2481 3455 2493 3491 :
2519 3435 2791 3492 fraternis
2807 3449 3049 3508 quoque
3070 3432 3350 3506 precibus
3365 3431 3877 3503 inclinatus,qua-

2264 3523 2394 3579 liter
2413 3538 2486 3578 ex
2507 3522 2630 3578 suis
2657 3521 2822 3578 libris
2852 3537 3062 3578 eorum
3087 3520 3476 3577 convincatur
3513 3517 3869 3591 pertinacia,

2264 3612 2500 3682 virtute,
2531 3627 2656 3684 qua
2683 3615 2914 3683 potero,
2940 3609 3253 3666 ostendere
3281 3607 3599 3664 laborabo.

2338 3700 2396 3758 Si
2448 3700 2594 3772 quid
2633 3705 2774 3770 ergo
2803 3699 2995 3768 vobis,
3028 3698 3206 3754 frater
3253 3696 3623 3766 charissima,
3668 3694 3731 3750 in
3774 3694 3871 3750 his

2264 3793 2501 3862 gratum
2516 3790 2707 3856 fuerit,
2725 3787 2804 3844 ad
2820 3787 3045 3844 fontem
3060 3787 3364 3843 bonorum
3380 3785 3654 3842 omnium
3672 3786 3869 3840 Deum

2261 3881 2600 3944 referentes,
2617 3878 2688 3950 ei,
2704 3877 2801 3933 cui
2821 3893 3001 3934 omne
3022 3892 3124 3932 cor
3143 3879 3326 3949 patet,
3349 3879 3402 3933 et
3434 3875 3634 3931 omnis
3656 3871 3869 3929 volun-

2262 3972 2354 4024 tas
2400 3968 2684 4041 loquitur,
2734 3966 3074 4023 orationum
3112 3964 3450 4038 frequentia
3500 3977 3598 4018 me
3647 3960 3867 4018 sedulo

2261 4056 2703 4114 commendate.
2743 4055 2801 4111 Si
2847 4071 2971 4128 qua
3009 4070 3167 4121 vero,
3209 4057 3424 4126 praeter
3465 4051 3866 4108 intentionem

2261 4161 2481 4216 meam,
2498 4145 2696 4202 minus
2709 4144 2935 4200 veritati
2955 4159 3224 4200 consona
3241 4143 3444 4198 forsan
3455 4138 3863 4213 apparebunt,

2259 4240 2471 4292 vestrae
2519 4233 2900 4291 correctionis
2947 4232 3095 4289 lima
3149 4231 3474 4304 depuretis,
3525 4228 3603 4285 ad
3652 4228 3867 4284 lumen

2259 4324 2520 4382 veritatis
2551 4321 2930 4379 charitatisve
2958 4320 3335 4387 reducentes,
3367 4334 3519 4375 mea;
3545 4316 3864 4390 imperitiae

2261 4419 2318 4472 et
2342 4413 2645 4471 brevitatis
2669 4411 2887 4484 inopiae
2909 4411 3149 4468 veniam
3179 4407 3542 4468 concedatis.

1439 4589 1912 4658 SEQUUNTUR
1953 4592 2394 4650 OPINIONES
2429 4590 2915 4648 GR/ECORUM.

499 4714 779 4789 Rationes
805 4714 1168 4789 Graecorum
1197 4713 1280 4770 ad
1295 4702 1558 4782 primum
1588 4716 1917 4789 articulum
1937 4736 1958 4772 .-
1989 4719 2150 4789 quod

702 4787 968 4856 Spiritus
992 4792 1236 4842 sanctus
1259 4801 1381 4842 non
1394 4787 1687 4855 procedat
1708 4802 1746 4843 a
1764 4789 1943 4844 Filio.

568 4893 752 4964 Igitur
778 4893 966 4949 Graeci
989 4892 1254 4966 primum
1283 4891 1600 4948 articulum
1627 4892 1750 4948 suis
1787 4893 2146 4968 rationibus,

497 4985 556 5039 et
581 4982 1006 5040 auctoritutum
1028 4980 1382 5038 testimoniis
1412 4980 1734 5039 defendere
1754 4981 2044 5055 volentes,
2065 4983 2150 5041 ita

494 5071 848 5144 procedunt.

2259 4698 2553 4790 procedat
2579 4715 2829 4789 Spiritus
2851 4715 3132 4772 sanctus?
3155 4717 3306 4785 Ergo
3327 4710 3863 4786 superﬂuitsecun-

2260 4808 2343 4864 da
2378 4806 2703 4880 processio,
2743 4804 2911 4878 quod
2951 4808 3041 4861 est
3082 4802 3477 4876 superﬂuum,
3510 4805 3614 4858 aut
3652 4802 3862 4858 incon-

2256 4897 2506 4953 veniens
2535 4896 2596 4952 in
2624 4895 2957 4952 Divinitate.
2994 4896 3165 4964 Ergo,
3199 4897 3310 4950 etc.

2333 4986 2500 5053 Item,
2529 5000 2669 5041 cum
2703 4999 2829 5040 una
2872 4983 2949 5038 sit
2971 4997 3158 5038 causa
3186 4984 3245 5038 et
3270 4980 3406 5037 fons
3435 4979 3496 5036 in
3524 4979 3855 5051 Divinitate,

2259 5074 2481 5131 scilicet
2516 5076 2705 5143 Pater,
2732 5077 2856 5130 tam
2900 5071 3075 5128 Filius
3114 5086 3304 5143 quam
3331 5069 3583 5142 Spiritus
3611 5074 3858 5126 sanctus

566 5161 763 5216 Primo
791 5179 805 5216 :
841 5161 898 5218 Si
925 5159 1174 5234 Spiritus
1199 5163 1462 5227 sanctus,
1490 5158 1792 5232 inquiunt,
1828 5161 2151 5233 procedita
2260 5163 2557 5219 exsistunt
2584 5179 2620 5218 a
2651 5165 2838 5230 Patre,
2864 5161 2960 5218 ille
2986 5175 3093 5233 per
3121 5160 3590 5231 generationem,
3621 5158 3728 5215 iste
3753 5173 3863 5230 per

495 5250 1022 5318 Patre,secundum
1036 5249 1446 5321 Evangelium,
1463 5249 1846 5321 autprocedit
1858 5251 2150 5323 perfecte;

497 5339 642 5403 sive,
678 5337 781 5395 illa
818 5338 1125 5411 processio
1153 5339 1418 5411 perfecta
1454 5341 1567 5409 est,
1600 5342 1705 5394 aut
1723 5353 1887 5396 non:
1941 5341 1992 5396 si
2015 5355 2152 5413 per-

2259 5251 2732 5324 processionem.
2761 5249 2874 5307 Sed
2903 5251 2951 5305 si
2979 5265 3016 5305 a
3041 5248 3183 5304 Filio
3205 5248 3432 5304 exsistit
3459 5253 3564 5304 aut
3591 5247 3862 5320 procedit

2262 5340 2514 5414 Spiritus
2541 5345 2814 5409 sanctus,
2835 5339 3015 5396 etiam
3047 5337 3222 5394 Filius
3243 5337 3351 5394 erit
3387 5353 3575 5394 causa
3611 5335 3861 5408 Spiritus

494 5428 669 5498 fecta,
695 5431 761 5484 ut
788 5427 1148 5494 concedetis,
1175 5442 1362 5500 quare
1402 5442 1650 5484 necesse
1685 5432 1797 5498 est,
1837 5432 1903 5485 ut
1932 5445 1969 5487 a
2007 5428 2149 5487 Filio
2261 5432 2474 5500 sancti,
2501 5430 2658 5488 etita
2677 5428 2814 5486 duae
2841 5443 3042 5486 causae
3067 5444 3080 5484 :
3104 5431 3162 5486 et
3188 5442 3297 5501 per
3314 5440 3714 5499 consequens,
3737 5425 3858 5482 duo

563 5579 644 5661 (1)
681 5578 827 5640 Male
855 5593 871 5648 ;
901 5577 1143 5640 Photius
1170 5578 1333 5638 enim
1359 5593 1396 5639 a
1423 5579 1673 5642 Photino
1700 5579 1811 5641 fuit
1829 5582 2010 5657 plane
2038 5583 2334 5644 diversus.
2368 5585 2506 5645 BAS.
