4028 6308
522 359 627 435 393

1759 363 2242 426 PANTALEONIS
2278 365 2559 425 DIACON]
2593 365 2700 424 CP.

3866 347 3988 422 492

525 489 917 561 yinitate,me
933 489 1158 548 habere
1177 501 1506 559 cognosco.
1527 491 1677 546 Nam
1715 492 1782 547 ut
1817 492 2017 549 aFilio
2041 509 2177 566 pro-
2210 497 2258 550 A
2286 497 2470 563 ctum,
2521 494 2710 548 Deum
2761 495 2819 548 et
2871 491 3201 556 viviﬁcum,
3250 505 3324 547 ex
3371 491 3539 546 Patre
3593 504 3707 562 per
3737 490 3983 546 Filium

528 579 706 636 cedat
733 579 985 651 Spiritus
1015 580 1281 645 sanctus,
1338 576 1456 634 hoc
1478 577 1667 635 habet
1695 578 1875 636 Filius
1902 596 1940 638 a
1969 583 2174 649 Patre;

524 668 705 730 Pater
729 681 873 724 vero
900 682 1027 724 non
1064 666 1143 724 ab
1168 665 1308 733 alio,
1341 665 1452 722 sed
1479 682 1517 723 a
1541 681 1604 724 se
1632 671 1889 726 tantum.

595 755 782 814 Istam
832 756 1039 828 itaque
1065 754 1464 812 differentiam
1495 757 1650 813 sacri
1703 757 2005 827 doctores,
2035 759 2178 816 ﬁdei

525 843 702 904 oculo
730 843 1028 901 interioris
1074 843 1340 900 hominis
1395 847 1453 901 et
1481 860 1631 902 sane
1660 845 2089 916 discernentes,
2116 848 2176 903 in

521 932 726 994 multis
759 932 906 990 locis
960 932 1353 990 inveniuntur
1408 932 1654 1003 dixisse,
1699 935 1868 1007 quod
1923 936 2178 1008 Spiritus

522 1026 766 1080 sanctus
789 1021 1064 1094 procedit
1090 1037 1127 1078 a
1182 1024 1352 1078 Patre
1393 1024 1848 1094 principaliter.
1875 1025 1984 1080 Alii
2015 1025 2181 1081 dixe-

520 1115 680 1182 runt,
715 1111 884 1184 quod
906 1112 1155 1181 proprie
1191 1126 1229 1166 a
1259 1111 1432 1167 Patre
1461 1129 1474 1166 :
1509 1111 1609 1168 alii
1629 1113 1796 1185 quod
1819 1129 1856 1168 a
1878 1113 2048 1190 Patre
2073 1129 2180 1186 per

525 1199 756 1272 Filium,
809 1199 907 1256 vel
962 1199 1104 1256 Filio
1157 1200 1480 1256 mediante.
1531 1202 1600 1257 Et
1652 1200 1790 1257 licet
1838 1217 2048 1258 verum
2107 1203 2180 1258 sit

519 1295 689 1363 quod
717 1290 911 1346 sancti
939 1293 1237 1358 asserunt,
1283 1293 1340 1346 et
1386 1290 1717 1347 contradici
1767 1305 1893 1346 non
1949 1292 2176 1364 possit:

429 1439 432 1441 λ
519 1394 646 1438 non
675 1384 878 1438 tamen
908 1379 1194 1450 sequitur,
1227 1377 1398 1450 quod
1427 1381 1667 1435 Graecus
1705 1379 1998 1450 intelligit,
2030 1380 2180 1436 scili-

520 1473 636 1538 cet,
655 1469 824 1541 quod
841 1468 1006 1525 idem
1029 1467 1280 1540 Spiritus
1319 1467 1489 1539 prius
1512 1483 1550 1524 a
1574 1470 1762 1536 Patre,
1786 1469 2182 1540 postmodum

520 1573 562 1616 a
588 1557 752 1626 Filio,
783 1557 880 1614 vel
907 1557 1075 1629 quod
1098 1556 1297 1627 magis
1323 1572 1362 1613 a
1394 1559 1564 1613 Patre
1592 1573 1782 1629 quam
1813 1573 1850 1614 a
1877 1558 2019 1614 Filio
2049 1573 2181 1630 pro-

523 1647 732 1706 cedat:
766 1651 870 1704 aut
890 1646 1059 1718 quod
1075 1646 1196 1702 sint
1213 1645 1350 1701 duas
1371 1646 1812 1718 processiones,
1838 1651 1898 1704 et
1935 1663 2059 1703 una
2082 1663 2182 1705 ea-

517 1750 656 1794 rum
673 1734 981 1808 superﬂua
997 1753 1016 1806 ;
1041 1733 1147 1791 sed
1166 1733 1310 1806 quia
1324 1738 1494 1792 Pater
1531 1736 1838 1807 gignendo
1859 1736 1938 1793 ab
1958 1741 2182 1794 aeterno

2285 581 2732 654 procedentem.
2767 603 2796 630 »

2360 670 2606 728 Basilius
2652 670 2714 725 in
2762 685 3041 726 sermone
3070 669 3147 725 de
3175 670 3378 726 'l‘rinit.
3428 669 3535 742 qui
3581 669 3669 724 sic
3700 667 3978 742 incipit:

2289 760 2562 830 Cognitio
2587 759 2807 825 Patris,
2841 763 2989 814 etc.:
3026 781 3053 808 «
3087 758 3426 831 Antiquitas
3455 757 3796 814 Divinitatis
3839 773 3978 812 non

2285 849 2680 919 ignorabatur
2711 849 3087 920 mysterium.
3132 848 3317 904 Verbo
3371 849 3528 904 enim
3560 848 3845 916 Domini,
3880 847 3979 902 in-

2286 937 2416 1011 quit
2471 936 2813 1005 Psalmista,
2877 938 3006 992 caeli
3026 939 3258 1005 firmati
3284 942 3445 1002 sunt,
3474 942 3530 993 et
3553 935 3792 1005 Spiritu
3842 937 3979 991 oris

2287 1029 2436 1096 ejus,
2490 1027 2682 1081 omnis
2723 1027 2914 1082 virtus
2965 1041 3167 1082 eorum
3193 1027 3254 1091 7;
3289 1026 3394 1080 sed
3423 1040 3534 1080 nec
3573 1024 3694 1080 alio
3729 1024 3972 1091 Verbo,

2287 1130 2476 1186 quam
2496 1113 2664 1183 Filio,
2690 1130 2799 1169 nec
2822 1113 2934 1168 alio
2976 1113 3217 1185 Spiritu,
3243 1129 3432 1186 quam
3467 1113 3689 1185 Spiritu
3712 1118 3973 1168 sancto.

2289 1206 2452 1260 Unus
2503 1208 2592 1259 est
2609 1203 2771 1258 enim
2809 1202 3081 1274 Spiritus.
3129 1205 3196 1258 Et
3240 1204 3392 1258 sicut
3439 1218 3512 1257 ex
3539 1217 3642 1258 ore
3675 1202 3782 1257 Dei
3816 1218 3978 1274 pro-

2287 1292 2534 1348 veniens
2566 1291 2762 1357 Filius,
2817 1291 2901 1347 sic
2931 1291 3275 1348 Trinitatem
3314 1290 3505 1346 Verbo
3534 1291 3680 1358 unit,
3709 1294 3772 1346 et
3803 1291 3978 1346 anti-

2288 1381 2512 1452 quitus,
2545 1384 2603 1435 et
2630 1395 2816 1437 nunc.
2849 1401 2879 1430 ››

2361 1481 2505 1534 Item
2523 1477 2586 1532 in
2608 1476 2846 1542 eodem,
2866 1483 3006 1534 ante
3025 1479 3210 1534 ﬁnem
3235 1496 3247 1532 :
3287 1501 3308 1527 ι
3341 1478 3444 1534 Via
3467 1477 3565 1533 Dei
3585 1478 3976 1547 cognitionis

2291 1571 2382 1623 est
2411 1566 2490 1622 ab
2520 1581 2643 1622 uno
2667 1566 2885 1638 Spiritu
2912 1583 3018 1639 per
3053 1567 3261 1623 Filium
3284 1583 3474 1622 unum
3505 1567 3584 1622 ad
3615 1582 3816 1622 unum
3849 1571 3972 1622 Pa-

2289 1661 2462 1712 trem.
2513 1655 2809 1712 Naturalis
2840 1655 3101 1722 bonitas,
3152 1659 3208 1712 et
3245 1673 3383 1729 quae
3415 1656 3749 1712 secundum
3779 1661 3973 1712 natu-

2288 1760 2420 1800 ram
2463 1743 2878 1811 sanctificatio,
2915 1748 2973 1800 et
2995 1745 3213 1816 regalis
3242 1743 3504 1814 dignitas
3533 1761 3604 1799 ex
3644 1744 3828 1800 Patre
3855 1760 3974 1817 per

521 1824 756 1894 Filium,
777 1824 943 1880 dedit
970 1825 1025 1881 ei
1069 1828 1260 1881 totum
1285 1839 1419 1880 esse
1467 1841 1668 1892 suum,
1699 1829 1790 1881 est
1815 1825 1977 1881 enim
2006 1841 2182 1882 verus
2215 1851 2255 1904 Β
2291 1833 2672 1903 Unigenitum
2703 1832 2782 1888 ad
2809 1833 3091 1905 Spiritum
3126 1834 3412 1905 pervenit.
3450 1855 3478 1883 ››

519 1917 678 1970 Deus
707 1913 783 1969 de
813 1915 972 1970 Deo:
1025 1917 1085 1970 et
1135 1911 1304 1984 quod
1357 1913 1518 1969 idem
1567 1913 1770 1982 Filius,
1825 1913 2182 1970 aeternaliter

518 2004 833 2066 exsistens,
863 2018 900 2059 a
948 2005 1118 2059 Patre
1144 2001 1454 2058 nascendo
1498 2003 1732 2076 accepit
1783 2019 1965 2059 omne
2011 2003 2180 2074 quod

514 2093 722 2164 habet,
753 2097 811 2150 et
838 2096 904 2150 ut
956 2091 1211 2165 Spiritus
1259 2092 1333 2148 sit
1356 2096 1414 2148 et
1440 2092 1733 2164 procedat
1758 2092 1837 2149 ab
1867 2108 1958 2149 eo.
1984 2093 2179 2158 Quam

517 2181 841 2239 essentiam
868 2180 1125 2253 Spiritus
1153 2196 1190 2241 a
1210 2180 1354 2239 Filio
1373 2181 1566 2238 sancti
1585 2180 1886 2247 doctores,
1912 2181 2178 2237 maxime

517 2271 724 2341 Graeci,
775 2269 1252 2337 considerantes,
1303 2267 1517 2324 Filium
1575 2284 1825 2326 causam
1865 2274 1922 2325 et
1950 2269 2178 2325 fontem

519 2361 771 2432 Spiritus
801 2357 993 2414 sancti
1034 2357 1376 2422 nominant,
1419 2373 1529 2412 nec
1561 2373 1685 2413 non
1740 2364 1796 2412 et
1820 2358 2022 2430 ipsum
2054 2358 2178 2431 Spi-

514 2449 700 2506 ritum
727 2446 1061 2516 imaginem
1092 2445 1240 2501 Filii.
1297 2445 1829 2511 Quemadmodum
1863 2446 2064 2518 utique
2093 2446 2178 2502 Fi-

515 2538 634 2594 lius
662 2537 868 2606 imago
896 2539 986 2591 est
1031 2534 1242 2606 Patris,
1295 2539 1354 2590 et
1375 2533 1555 2591 talem
1585 2549 1910 2591 numerum
1935 2541 1992 2590 et
2018 2535 2177 2590 ordi-

515 2641 659 2682 nem
691 2623 935 2697 Spiritus
961 2623 1040 2680 ad
1093 2621 1306 2679 Filium
1361 2623 1696 2693 assignant,
1729 2623 1975 2695 qualem
1997 2623 2180 2680 habet

513 2715 694 2771 Filius
719 2712 800 2770 ad
837 2714 1092 2785 Patrem
1115 2728 1129 2768 :
1156 2711 1492 2768 secundum
1510 2711 1677 2784 quod
1701 2712 1764 2767 in
1789 2712 2180 2784 sequentibus

516 2803 756 2876 plenius
785 2800 1127 2874 apparebit.

587 2891 856 2948 Diximus
913 2904 1078 2960 ergo,
1102 2888 1272 2962 quod
1323 2889 1596 2962 procedit
1653 2889 1904 2962 Spiritus
1933 2892 2178 2945 sanctus

514 2980 743 3053 pariter
799 2982 858 3033 et
893 2976 1203 3050 aequaliter
1254 2993 1292 3032 a
1338 2977 1513 3033 Patre
1562 2982 1620 3033 et
1668 2977 1836 3044 Filio,
1886 2981 2177 3050 tanquam

512 3070 746 3128 donum
774 3067 1121 3135 amborum,
1167 3071 1224 3123 et
1253 3081 1429 3123 amor
1456 3069 1804 3140 utriusque:
1839 3067 1946 3123 sed
1975 3081 2178 3139 proce-

513 3159 667 3215 dita
693 3161 861 3214 Patre
911 3171 1019 3228 per
1075 3155 1307 3222 Filium,
1359 3155 1455 3211 vel
1475 3155 1779 3212 mediante
1809 3155 1970 3216 Filio.
2004 3159 2068 3210 ut
2094 3153 2178 3210 di-

509 3248 714 3304 ximus
739 3264 754 3303 :
782 3249 886 3302 aut
909 3250 1067 3302 certe
1095 3244 1505 3316 principaliter
1533 3248 1592 3300 et
1648 3244 1888 3317 proprie
1919 3259 1958 3298 a
1987 3246 2174 3308 Patre,

514 3335 659 3407 quia
683 3337 748 3389 ut
775 3333 854 3388 ab
908 3348 980 3389 eo
1037 3331 1346 3404 procedat,
1401 3333 1572 3387 Pater
1630 3347 1666 3387 a
1711 3331 1874 3387 nullo
1929 3330 2172 3386 habuit:

519 3423 698 3480 Filius
733 3436 874 3478 vero
903 3435 1028 3477 non
1071 3436 1110 3476 a
1134 3435 1219 3488 se,
1269 3419 1376 3475 sed
1431 3435 1471 3475 a
1500 3420 1674 3476 Patre
1705 3419 1953 3491 accepit.
1983 3424 2028 3473 A
2054 3434 2176 3491 quo

519 3511 683 3569 enim
709 3511 910 3580 habet,
943 3514 1009 3564 ut
1033 3509 1127 3574 sit,
1159 3508 1239 3565 ab
1265 3507 1482 3564 eodem
1512 3508 1693 3564 etiam
1746 3507 1929 3564 habet
1957 3512 2022 3562 ut
2053 3507 2179 3579 Spi-

517 3601 669 3658 ritus
701 3602 946 3655 sanctus
977 3597 1051 3653 sit
1077 3596 1155 3652 ab
1208 3611 1300 3665 eo,
1328 3602 1384 3652 et
1407 3596 1716 3668 procedat,
1741 3597 1933 3662 detur,
1967 3600 2022 3651 et
2045 3597 2175 3650 mit-

517 3692 696 3761 tatur,
709 3692 778 3744 ut
803 3687 884 3744 ab
909 3702 982 3744 eo
1007 3700 1138 3742 esse
1162 3685 1440 3757 accipiat.
1470 3686 1610 3750 Quae
1641 3690 1860 3740 cuncta
1877 3683 2177 3740 vocabula

521 3795 670 3836 sane
699 3776 1170 3848 intelligentibus
1196 3791 1389 3832 unum
1427 3779 1485 3830 et
1503 3774 1688 3842 idem,
1721 3774 1784 3829 id
1811 3777 1918 3844 est,
1980 3789 2176 3830 essen-

516 3870 666 3927 tiam
722 3867 972 3941 Spiritus
999 3882 1037 3923 a
1086 3865 1234 3921 Filio
1264 3863 1598 3930 pradicant
1653 3868 1712 3920 et
1766 3863 2171 3920 manifestam.

519 3958 694 4025 Quod
723 3961 950 4025 tamen,
982 3955 1138 4010 sicut
1178 3953 1463 4021 diximus,
1523 3953 1758 4010 Graecus
1817 3967 1938 4007 non
1991 3951 2173 4007 conﬁ-

519 4052 697 4106 tetur.

517 4225 1408 4285 Assertiocathoticaeveritatis.
1423 4222 1501 4279 Et
1531 4224 1794 4293 primum
1829 4236 1904 4278 ex
1938 4219 2172 4276 Graeco-

874 4331 1010 4372 rum
1046 4316 1304 4372 Patrum
1330 4312 1817 4370 auctoritatibus.

593 4477 767 4546 Quod
833 4477 1083 4546 Spiritus
1130 4477 1376 4530 sanctus
1427 4471 1717 4544 procedat
1769 4485 1808 4525 a
1856 4469 2028 4526 Patre
2069 4482 2176 4540 per

2361 1934 2506 1986 Item
2562 1930 2928 1986 Athanasius
2983 1931 3044 1986 in
3100 1931 3359 1987 editione
3409 1931 3576 1997 ﬁdei,
3623 1932 3807 2000 cujus
3870 1936 3974 1986 est

2285 2019 2521 2074 initium
2541 2035 2554 2072 :
2581 2018 2894 2074 Credimus
2914 2020 2975 2074 in
2990 2035 3172 2075 unum
3189 2021 3558 2089 unigenitum
3580 2020 3794 2088 Deum,
3813 2024 3939 2075 etc.
3952 2064 3966 2088 ,

2285 2123 2503 2180 parum
2537 2111 2675 2164 ante
2703 2107 2887 2163 ﬁnem
2912 2125 2926 2162 :
2956 2131 2983 2157 «
3010 2109 3258 2181 Spiritus
3288 2113 3490 2164 autem
3539 2113 3791 2164 sanctus
3820 2125 3969 2180 pro-

2285 2197 2585 2252 cessivum
2625 2211 2731 2252 ens
2779 2197 2990 2267 Patris,
3047 2202 3102 2254 et
3157 2197 3396 2254 ferentis
3455 2196 3597 2263 Filii,
3626 2213 3738 2269 per
3763 2213 3964 2270 quem

2283 2285 2556 2358 implevit
2575 2283 2800 2341 omnia.
2838 2307 2866 2334 ››

2357 2387 2503 2439 ltem
2525 2383 2585 2438 in
2630 2383 2891 2455 Epistola
2943 2383 3307 2440 Athanasius
3354 2383 3429 2439 de
3463 2384 3683 2456 Spiritu
3716 2387 3966 2452 sancto,

2285 2471 2363 2527 ad
2399 2473 2812 2544 Serapionem,
2870 2475 3044 2544 cujus
3071 2478 3177 2543 est,
3209 2473 3477 2528 initium:
3542 2473 3798 2528 Litterae
3838 2479 3968 2529 tuae

2285 2561 2629 2632 devotionis,
2699 2566 2857 2617 etc.:
2905 2584 2932 2611 ‹‹
2987 2565 3113 2618 Uno
3155 2561 3477 2618 exsistente
3526 2561 3670 2616 Filio
3723 2562 3971 2616 viventi

2285 2665 2472 2706 unam
2502 2654 2886 2721 oportetesse
2911 2651 3174 2723 plenam,
3208 2650 3554 2723 perfectam,
3588 2654 3644 2705 et
3676 2651 3966 2706 sanctiﬁ-

2286 2739 2543 2795 cativam
2569 2738 2750 2794 vitam
2779 2757 2792 2794 :
2825 2755 2960 2811 qua:
2992 2745 3080 2796 est
3109 2740 3377 2812 operatio
3402 2739 3555 2811 ejus,
3588 2742 3645 2794 et
3685 2737 3970 2811 donum,

2283 2826 2453 2900 quod
2474 2843 2545 2881 ex
2577 2830 2744 2882 Patre
2769 2827 2986 2884 dicitur
3033 2829 3393 2900 procedere:
3446 2827 3591 2899 quia
3621 2841 3695 2881 ex
3730 2827 3962 2896 Verbo,

2284 2917 2451 2990 quod
2482 2933 2554 2972 ex
2584 2919 2750 2972 Patre
2772 2922 2877 2984 est,
2912 2918 3228 2974 manifeste
3272 2917 3631 2990 resplendet.
3680 2920 3739 2972 et
3768 2917 3952 2972 mitti»

2285 3013 2384 3063 tur
2411 3009 2467 3061 et
2491 3006 2770 3061 donatur.
2805 3029 2831 3056 ››

2359 3105 2673 3175 Gregorius
2718 3107 3026 3176 Nyssenus
3074 3107 3132 3160 in
3183 3103 3444 3178 Epistola
3494 3104 3571 3161 ad
3619 3103 3957 3168 Eulalinm,

2211 3205 2252 3260 ε
2285 3210 2419 3267 quae
2441 3195 2523 3250 sic
2569 3195 2810 3267 incipit:
2877 3198 2980 3252 Vos
3030 3197 3189 3267 quod
3238 3199 3486 3267 justum,
3546 3200 3681 3264 etc.,
3724 3211 3958 3268 parum

2284 3288 2421 3339 ante
2453 3284 2669 3340 ﬁnem:
2703 3307 2730 3334 «
2754 3285 3200 3341 lmmutabilem
3222 3301 3358 3340 vere
3395 3285 3748 3341 conﬁtentes
3778 3300 3953 3346 eum,

2284 3373 2387 3445 qui
2411 3373 2747 3428 secundum
2780 3374 3158 3430 causativum
3191 3379 3249 3429 et
3280 3379 3593 3430 causatum
3631 3377 3740 3438 est,
3777 3372 3955 3427 diffe-

2283 3463 2537 3518 rentiam
2569 3478 2688 3518 non
2725 3479 3024 3534 negamus
3054 3479 3066 3528 ;
3114 3465 3174 3518 in
3205 3479 3326 3535 quo
3357 3463 3552 3518 solum
3574 3461 3841 3517 discerni
3875 3461 3958 3516 al-

2285 3555 2475 3605 terum
2511 3551 2589 3606 ab
2620 3551 2806 3606 altero
2855 3552 3446 3624 comprehendimus,
3479 3552 3595 3606 hoc
3625 3550 3957 3624 quoddam

2284 3638 2660 3694 causativum
2691 3639 3001 3693 credentes
3031 3658 3042 3706 ;
3073 3639 3185 3694 hoc
3217 3643 3409 3695 autem
3451 3654 3524 3694 ex
3554 3639 3877 3694 causativo
3899 3642 3957 3692 et

2283 3729 2415 3799 ejus
2445 3728 2614 3800 quod
2643 3743 2716 3783 ex
2744 3729 3052 3784 causativo
3079 3733 3171 3784 est
3197 3747 3209 3794 ;
3243 3727 3491 3784 alteram
3531 3727 3750 3783 iterum
3772 3726 3957 3782 diffe—

2282 3815 2934 3887 rentiamintelligimus
2961 3858 2973 3880 ,
2998 3816 3112 3872 hoc
3133 3815 3292 3870 enim
3317 3816 3590 3888 proxime
3611 3814 3686 3869 de
3709 3814 3947 3886 primo:

2282 3906 2397 3961 hoc
2429 3911 2630 3961 autem
2663 3921 2768 3978 per
2793 3905 3140 3978 proximum
3171 3904 3247 3960 de
3269 3905 3489 3977 primo.
3529 3925 3555 3952 »

2353 4006 2518 4070 Item,
2545 4002 2704 4059 idem
2724 4003 2879 4058 libro
2897 4008 3108 4058 contra
3126 4002 3512 4067 Eunomium,
3525 4000 3701 4073 quasi
3721 4001 3783 4055 in
3799 4000 3946 4065 ﬁne,

2281 4093 2366 4149 ibi
2384 4093 2653 4165 loquitur
2678 4109 2690 4146 :
2713 4113 2739 4141 «ι
2764 4091 2925 4146 Sicut
2946 4090 3106 4146 enim
3129 4091 3446 4163 copulatur
3478 4090 3631 4146 Patri
3654 4089 3862 4154 Filius,
3895 4094 3951 4145 et

2281 4197 2355 4238 ex
2379 4182 2512 4254 ipso
2531 4196 2660 4236 esse
2684 4180 2940 4241 habens.
2967 4195 3090 4235 non
3116 4185 3205 4234 est
3261 4179 3555 4252 posterior
3605 4177 3951 4234 secundum

2282 4271 2727 4328 exsistentiam:
2762 4269 2844 4324 sic
2871 4270 3084 4324 iterum
3115 4273 3172 4324 et
3211 4269 3290 4325 ab
3341 4268 3655 4338 Unigenito
3684 4265 3950 4323 habetur

2285 4361 2533 4434 Spiritus
2564 4363 2828 4429 sanctus,
2863 4357 3168 4414 intellectu
3199 4357 3328 4414 solo
3377 4357 3712 4413 secundum
3743 4371 3947 4411 causa

2281 4451 2575 4507 rationem
2603 4447 3041 4521 praespeculata
3062 4447 3314 4520 Spiritus
3343 4446 3678 4520 hypostasi.
3710 4467 3738 4494 ››

520 4544 758 4639 Filium,
813 4544 909 4622 vel
963 4562 1268 4620 mediante
1325 4560 1487 4630 Filio,
1530 4563 1598 4615 ut
1641 4558 1868 4614 dictum
1899 4561 2027 4624 est;
2081 4555 2175 4611 vel
2205 4553 2250 4608 D
2289 4638 2293 4639 ν
2355 4551 2499 4604 ltem
2518 4545 2878 4639 Athanasius
2907 4545 2968 4601 in
2991 4559 3267 4639 sermone
3285 4549 3501 4639 contra
3532 4544 3735 4639 Aerios
3765 4544 3946 4639 cujus

525 4657 696 4732 quod
719 4656 881 4712 idem
907 4653 1090 4709 Filius
1109 4651 1345 4708 dicatur
1385 4649 1540 4718 fons,
1573 4653 1632 4704 et
1684 4661 1868 4703 causa
1927 4645 2176 4718 Spiritus

519 4747 711 4805 sancti
733 4765 748 4804 :
776 4751 836 4803 et
862 4744 1044 4802 etiam
1064 4741 1233 4815 quod
1260 4741 1422 4797 idem
1448 4739 1698 4811 Spiritus
1731 4741 1976 4794 sanctus
2005 4751 2176 4791 voce-

517 4842 616 4896 tur
663 4837 868 4907 imago
900 4833 1048 4901 Filii,
1095 4836 1153 4888 et
1197 4846 1328 4888 esse
1379 4828 1638 4900 accipiat
1671 4827 1750 4884 ab
1798 4824 2175 4883 eozomissis

517 4922 1146 4998 argumentationibus
1172 4919 1395 4983 multis,
1419 4934 1573 4991 quas
1593 4933 1704 4973 nec
1722 4915 2037 4989 recipiunt,
2062 4930 2174 4971 nec

514 5017 694 5090 plane
737 5013 1095 5084 intelligunt,
1147 5013 1497 5066 sanctorum
1529 5021 1781 5062 suorum
1819 5004 2172 5062 testimoniis

515 5106 877 5170 insistentes,
903 5102 990 5157 sic
1020 5099 1393 5172 probamus:

589 5193 908 5263 Gregorius
963 5189 1380 5247 Nazianzenus
1411 5186 1475 5242 in
1502 5199 1805 5251 sermone,
1832 5185 1938 5256 qui
1964 5181 2173 5254 incipit

519 5282 798 5350 0dibites,
834 5286 944 5337 etc.
954 5321 972 5351 ,
995 5280 1083 5336 ita
1111 5278 1286 5334 dicit:
1324 5297 1353 5327 «
1384 5276 1636 5349 Spiritus
1667 5290 1740 5330 ex
1766 5274 2029 5330 essentia
2057 5275 2169 5327 Pa-

514 5371 618 5426 tris
637 5386 745 5442 per
785 5369 1000 5426 Filium
1029 5366 1383 5424 aeternaliter
1423 5365 1649 5420 missus
1682 5362 2015 5419 sanctiﬁcat
2042 5377 2168 5416 om-

514 5474 659 5516 nem
687 5462 1044 5523 creaturam,
1077 5476 1107 5507 »
1139 5459 1250 5512 etc.

583 5549 652 5604 In
677 5545 923 5619 Epistol.
971 5544 1273 5614 Dionysii:
1307 5564 1337 5593 ‹‹
1380 5541 1570 5598 Credo
1619 5540 1681 5596 in
1715 5539 1999 5612 Spiritum
2031 5555 2167 5597 san-

578 5700 602 5737 ’⁷
634 5697 789 5757 Psal.
823 5713 993 5770 xxxn,
1025 5700 1078 5752 ϐ.
1156 5696 1176 5731 ⁸
1209 5693 1364 5751 Psal.
1397 5707 1575 5765 xxxv,
1615 5695 1692 5748 l0.
1776 5694 1795 5728 τ)
1817 5695 2030 5751 Jcrem.
2066 5709 2128 5772 ιι,
2159 5696 2245 5752 13.

2281 4638 2519 4694 initium
2572 4640 2694 4692 est:
2755 4636 2870 4704 Qui
2928 4635 3246 4703 malitiose,
3281 4634 3342 4690 in
3390 4634 3511 4690 ﬁne
3559 4631 3819 4704 loquens
3867 4632 3941 4687 de

2282 4743 2444 4800 aqua
2475 4725 2724 4782 saliente
2753 4725 2816 4779 in
2855 4724 3040 4779 vitam
3090 4727 3401 4790 aeternam,
3456 4722 3544 4777 sic
3582 4721 3701 4778 ait:
3735 4738 3767 4773 ‹
3801 4721 3942 4777 Pro—

2280 4822 2411 4890 pter
2430 4815 2544 4871 hoc
2568 4813 2752 4869 David
2770 4812 3037 4886 psallens
3058 4813 3177 4867 Deo
3201 4812 3286 4867 sic
3308 4811 3420 4867 ait:
3454 4809 3746 4877 Quoniam
3775 4808 3941 4878 apud

2283 4912 2338 4961 te
2357 4910 2439 4962 est
2458 4905 2597 4974 fons
2618 4905 2776 4969 vitte,
2798 4906 2853 4958 et
2876 4903 2936 4957 in
2957 4902 3184 4957 tamine
3200 4908 3297 4956 tuo
3320 4900 3648 4956 videbimus
3670 4899 3871 4953 tamen
3897 4899 3936 4950 ⁸.

2283 4994 2524 5049 Sciebat
2560 4993 2722 5048 enim
2772 4991 2939 5064 apud
2994 4990 3230 5048 Patrem
3294 5005 3428 5046 esse
3471 4988 3681 5045 Filium
3709 4987 3940 5044 fontem

2281 5082 2532 5155 Spiritus
2559 5081 2749 5137 sancti
2774 5099 2788 5149 ;
2811 5081 2963 5136 sicut
3018 5094 3125 5152 per
3151 5078 3509 5150 prophetam
3545 5076 3718 5134 Filius
3744 5075 3892 5132 dicit
3926 5093 3939 5130 :

2277 5173 2374 5229 Me
2405 5171 2849 5241 deretiquerunt
2884 5170 3104 5238 fontem
3129 5181 3304 5238 aqua:
3339 5168 3492 5223 viva:
3525 5167 3569 5235 9,
3605 5188 3624 5213 ι
3661 5167 3774 5221 etc.

2351 5273 2496 5325 item
2519 5267 2768 5340 Cyrillus
2785 5282 2847 5322 in
2869 5280 3144 5322 sermone
3188 5263 3468 5336 septimo,
3500 5263 3675 5334 cujus
3701 5261 3938 5318 initium

2277 5363 2398 5414 est:
2431 5358 2516 5413 De
2549 5357 2979 5412 humanatione
3020 5354 3345 5423 Unigeniti,
3391 5353 3570 5426 quasi
3618 5355 3762 5425 post
3786 5350 3938 5406 duas

2277 5453 2477 5522 partes
2529 5445 2858 5502 sermonis:
2897 5465 2920 5496 ς
2972 5443 3216 5500 Solvens
3245 5443 3406 5500 enim
3455 5445 3761 5514 apeccato
3801 5455 3940 5497 eum

2277 5538 2384 5611 qui
2403 5537 2519 5592 sibi
2566 5534 2880 5602 consentit,
2907 5533 3152 5606 proprio
3176 5531 3380 5603 jungit
3412 5530 3489 5587 de
3539 5532 3758 5586 caetero
3814 5527 3942 5601 Spi-
