4028 6308
178 390 264 452 403

1514 394 1789 453 CONTRA
1833 392 2149 453 GRAECOS.

3415 397 3524 457 494

170 520 294 581 ritu,
341 535 524 592 quem
556 520 822 578 immittit
849 518 976 593 ipse
1009 535 1022 575 :
1073 525 1136 576 ut
1168 521 1320 576 sicut
1369 536 1443 576 ex
1495 522 1613 577 Deo
1644 523 1809 577 Patre
1837 524 1885 577 A
1911 521 2109 590 pimus
2133 520 2200 576 '5.
2233 519 2298 576 Et
2319 519 2448 590 ipse
2498 520 2694 592 inquit
2727 518 3017 578 Dominus
3049 537 3063 579 :
3115 521 3406 590 Quoniam
3455 524 3528 580 de

167 613 245 664 est
277 608 552 675 Verbum,
586 609 670 665 ita
699 625 772 665 ex
801 609 1048 682 propria
1090 610 1265 666 nobis
1311 617 1530 666 natura
1559 609 1822 666 refundit

166 697 441 769 Spiritum
457 739 469 752 .
508 720 530 746 ι

228 786 397 851 Quod
447 791 650 843 autem
680 788 774 844 hic
807 789 1055 856 refundi
1086 788 1365 859 dicimus,
1395 789 1455 844 in
1486 792 1689 845 Graeco
1729 788 1820 843 di-

161 876 302 930 citur
332 874 714 947 ἆναπηγάζειν,
735 881 792 932 et
819 893 856 932 a
881 877 1063 933 fontis
1093 877 1338 933 nomine
1364 879 1697 933 secundum
1725 876 1820 928 uti.

161 965 646 1036 praepositionem
674 966 1004 1021 derivatur.
1039 969 1116 1021 Ex
1139 982 1259 1038 quo
1288 966 1520 1039 liquide
1548 970 1820 1050 apparet,

159 1059 432 1108 sanctum
492 1057 722 1110 Patrem
765 1054 1124 1110 intellexisse
1173 1055 1383 1111 Filium
1429 1071 1562 1111 esse
1592 1054 1819 1112 fontem

157 1142 407 1213 Spiritus
441 1143 659 1198 sancti.

139 1271 146 1276 ι
223 1233 442 1287 Beatus
487 1231 824 1303 Gregorius,
865 1237 1272 1303 cognomento
1303 1233 1818 1302 Thaumaturgus,

153 1320 208 1374 in
237 1337 366 1374 suis
392 1319 656 1377 editione
679 1321 855 1386 Fidei,
887 1337 1025 1394 quae
1057 1322 1119 1377 in
1145 1323 1272 1377 Vita
1297 1322 1430 1393 ejus
1459 1322 1692 1391 legitur,
1735 1324 1818 1378 sic

154 1408 227 1463 ait
261 1427 279 1463 ι
311 1430 340 1458 ‹‹
379 1411 542 1464 Unus
565 1409 817 1481 Spiritus
839 1416 1083 1466 sanctus
1101 1427 1174 1466 ex
1203 1413 1321 1465 Deo
1342 1427 1474 1466 esse
1494 1412 1817 1467 essentiam

151 1496 410 1565 habens,
443 1502 502 1552 et
529 1513 634 1570 per
677 1498 884 1554 Filium
914 1498 1121 1554 lucens
1169 1499 1396 1571 liquide
1449 1499 1815 1566 hominibus,

149 1586 354 1656 imago
385 1587 517 1642 Filii
546 1586 831 1659 perfecta.
861 1611 891 1638 ››

221 1677 372 1732 Item
405 1679 656 1748 Magnus
677 1677 1062 1744 Athanasius,
1089 1678 1151 1734 in
1176 1694 1248 1734 ea
1274 1694 1411 1750 quis
1441 1679 1520 1735 ad
1547 1679 1814 1751 Serapio-

154 1781 288 1821 nem
312 1772 407 1822 est
433 1767 511 1821 de
540 1767 762 1837 Spiritu
794 1771 1024 1836 sancto,
1053 1766 1338 1838 Epistola,
1383 1767 1554 1838 cujus
1593 1771 1682 1824 est
1715 1767 1820 1822 ini-

157 1855 336 1910 tium:
361 1857 608 1911 Litterae
639 1862 758 1912 tuae
776 1871 966 1912 sacrae
995 1856 1351 1926 affectionis,
1373 1862 1503 1924 etc.,
1527 1856 1614 1911 sic
1639 1856 1815 1912 dicit:
1852 1875 1892 1928 Β

159 1965 184 1992 κ
215 1945 380 1999 Sicut
409 1944 473 1999 in
503 1945 751 2016 propria
807 1944 1074 2014 imagine
1105 1949 1198 2000 est
1245 1944 1425 2000 Filius
1454 1947 1514 2000 in
1555 1945 1772 2017 Spiritu
1806 1971 1818 2006 :

158 2034 236 2088 sic
267 2038 324 2088 et
355 2034 531 2089 Pater
559 2034 620 2088 in
649 2033 810 2089 Filio.
853 2055 881 2083 ››
909 2036 973 2089 Et
997 2038 1134 2105 post
1162 2034 1474 2090 modicum
1512 2049 1522 2086 :
1559 2058 1579 2084 ι
1618 2039 1823 2104 Imago

161 2122 276 2177 Filii
306 2122 529 2178 dicitur
550 2127 609 2177 et
639 2128 727 2177 est
757 2122 1007 2194 Spiritus
1029 2127 1297 2192 sanctus,
1334 2123 1568 2180 dicente
1593 2124 1776 2181 Paulo
1805 2143 1817 2180 :

160 2211 308 2277 Quos
327 2210 652 2280 praesciuit,
671 2211 811 2282 inqu
822 2216 1001 2279 am,et
1013 2212 1468 2280 praedestinavit
1491 2214 1824 2283 con/armes

156 2301 282 2367 ﬁeri
311 2300 600 2370 imaginis
621 2299 769 2355 Filii
795 2301 1017 2355 θρίω.»
1042 2300 1189 2356 Item
1222 2301 1280 2355 in
1311 2301 1561 2357 eadem:
1593 2324 1619 2351 ‹‹
1647 2303 1823 2359 Mani-

156 2390 381 2444 festum
435 2389 598 2444 enim
635 2389 765 2457 erit,
796 2389 961 2460 quod
994 2405 1189 2462 neque
1242 2396 1517 2446 creatura
1548 2391 1820 2463 Spiritus,

156 2494 350 2551 neque
385 2477 738 2548 angelorum
767 2478 1048 2546 essentia,
1091 2479 1150 2534 in
1181 2494 1254 2534 eo
1278 2479 1448 2551 quod
1468 2479 1550 2535 illi
1579 2496 1821 2536 conver-

157 2568 349 2622 tibiles
412 2573 572 2635 sunt,
631 2566 735 2621 sed
789 2567 1005 2637 imago“
1027 2567 1199 2622 Verbi
1255 2575 1314 2623 et
1369 2569 1550 2624 Patris
1580 2569 1824 2641 propria

155 2664 256 2713 est.
295 2681 324 2706 »
363 2660 504 2712 Item
537 2656 598 2712 in
643 2654 919 2727 ejusdem
977 2656 1250 2729 Epistolas
1308 2657 1661 2714 abbreviato
1702 2674 1823 2714 ser-

157 2763 336 2802 mone
373 2765 386 2800 :
425 2770 454 2795 ‹‹
485 2747 542 2802 Si
580 2752 784 2804 autem
817 2746 1016 2802 bonus
1047 2747 1198 2801 odor
1227 2751 1286 2802 et
1311 2746 1510 2803 forma
1539 2748 1660 2804 Filii
1711 2752 1820 2814 est,

157 2834 548 2890 manifestum
580 2839 671 2889 est
699 2833 861 2906 quod
899 2849 1021 2889 non
1049 2834 1158 2889 erit
1188 2834 1440 2906 Spiritus
1466 2841 1759 2892 creatura.
1794 2857 1821 2886 »

224 2926 371 2978 Item
406 2923 656 2978 Basilius
699 2923 762 2978 in
789 2929 1008 2995 quarto
1064 2939 1341 2979 sermone
1393 2929 1603 2981 contra
1634 2928 1825 2982 Euno—

156 3014 414 3080 minum,
442 3012 543 3083 qui
577 3011 662 3068 sic
703 3011 956 3084 incipit:
1013 3014 1083 3068 Si
1126 3019 1355 3068 natura
1401 3014 1560 3070 Deus
1605 3015 1821 3079 Filius,

157 3107 288 3156 etc.:
328 3123 349 3150 ι
385 3105 594 3172 Imago
625 3100 906 3171 quaedam
940 3100 1038 3154 Dei
1087 3100 1350 3156 Christus
1383 3108 1470 3157 est
1506 3121 1520 3158 :
1556 3103 1668 3170 Qui
1718 3109 1824 3182 est,

1927 623 2054 666 meo
2084 609 2356 678 accipiet,
2387 612 2440 665 et
2469 611 2861 668 annuntiabat
2883 612 3061 667 vobis.
3096 635 3123 663 »

2000 700 2142 754 Item
2177 699 2490 767 Gregorius
2521 702 2831 770 Nyssenus
2886 701 2946 756 in
3000 717 3276 758 sermone
3316 706 3526 760 contra

1928 786 2132 842 Arium
2163 792 2220 842 et
2250 787 2594 853 Sabellium,
2618 788 2724 860 qui
2754 789 2837 844 sic
2862 789 3070 864 incipit
3097 808 3109 846 :
3163 791 3318 857 Quid
3347 792 3477 848 dico
3500 796 3528 846 ?

1927 878 2036 932 Dic
2068 878 2217 932 mihi
2243 894 2262 928 :
2291 877 2552 946 Spiritus
2577 885 2821 934 sanctus
2875 879 3234 937 immortalis
3265 886 3372 944 est,
3415 886 3524 937 etc.

1929 986 1957 1012 κ
2017 967 2286 1032 Sanctus,
2329 966 2699 1038 principalis,
2739 968 2963 1038 justus,
2997 983 3189 1039 verus,
3224 969 3528 1041 profunda

1931 1059 2205 1110 scrutans
2258 1056 2378 1121 Dei,
2412 1071 2483 1110 ex
2515 1058 2682 1112 Patre
2711 1057 3069 1128 procedens,
3111 1073 3184 1113 ex
3227 1057 3372 1114 Filio
3398 1074 3528 1114 esse

1929 1143 2256 1215 accipiens,
2282 1167 2310 1193 »
2343 1153 2454 1200 etc.

2001 1232 2144 1288 Item
2178 1233 2548 1305 Epiphanius
2575 1233 2634 1289 in
2683 1233 2834 1290 libro
2883 1231 2990 1307 qui
3032 1236 3381 1306 Ancyrotus
3423 1252 3528 1293 seu

1926 1323 2271 1378 Ancoratus
2330 1322 2567 1388 dicitur,
2623 1323 2705 1378 sic
2739 1323 2918 1378 dicit:
2956 1345 2982 1374 κ
3035 1324 3286 1397 Spiritus
3327 1329 3527 1382 autem

1928 1415 2192 1481 sanctus,
2227 1411 2479 1482 Spiritus
2514 1411 2613 1466 Dei
2643 1427 2751 1467 ens
2780 1428 2920 1466 cum
2947 1415 3113 1468 Patre
3133 1417 3189 1469 et
3218 1412 3381 1482 Filio,
3404 1428 3528 1470 non

1927 1507 2017 1558 est
2046 1502 2198 1558 alius
2248 1503 2402 1558 Deus
2432 1517 2468 1557 a
2495 1505 2613 1556 Deo
2643 1518 2655 1567 ;
2700 1517 2738 1558 a
2776 1504 2894 1558 Deo
2925 1506 3127 1558 autem
3158 1519 3264 1558 ens
3293 1519 3330 1559 a
3359 1507 3527 1560 Patre

1927 1591 2215 1662 procedit,
2244 1606 2280 1646 a
2320 1591 2461 1646 Filio
2492 1591 2730 1662 accipit,
2753 1595 2808 1646 et
2831 1591 2891 1645 in
2922 1591 3136 1646 eodem
3167 1591 3342 1647 Filius
3364 1608 3528 1649 reve-

1926 1682 2009 1735 lat
2031 1680 2286 1734 Patrem.
2316 1679 2521 1734 Nullus
2550 1679 2714 1736 enim
2735 1680 2902 1734 novit
2936 1683 3168 1735 Patrem
3191 1681 3307 1736 nisi
3330 1681 3521 1753 Filius,

1927 1785 1964 1824 a
1988 1784 2110 1840 quo
2137 1767 2426 1840 procedit,
2456 1784 2492 1824 a
2516 1783 2638 1840 quo
2661 1768 2898 1840 accipit.
2927 1789 2955 1818 »

2001 1860 2144 1911 Ecce
2176 1860 2338 1928 patet
2357 1872 2428 1910 ex
2451 1856 3062 1928 praemissis,qualiter
3084 1858 3334 1931 Spiritus
3359 1874 3528 1916 sanc-

1931 1951 2023 2002 tus
2054 1946 2127 2000 sit
2151 1961 2224 2012 ex
2245 1945 2411 2016 Filio,
2440 1945 2901 2017 sive,quomodo
2927 1947 3192 2017 precedit
3220 1946 3529 2019 aequaliter

1930 2035 2006 2092 ab
2039 2039 2320 2107 utroque:
2353 2033 2500 2106 quia
2520 2033 2602 2088 nil
2631 2033 2796 2089 aliud
2827 2039 2916 2089 est
2943 2034 3227 2106 Spiritum
3251 2040 3528 2091 sanctum

1931 2139 1966 2180 a
1998 2127 2161 2180 Patre
2191 2139 2340 2190 esse,
2373 2121 2466 2178 vel
2493 2139 2529 2178 a
2563 2121 2721 2188 Filio,
2751 2118 2937 2196 quam
2960 2123 3282 2194 procedere
3311 2123 3390 2180 ab
3421 2123 3525 2180 eis.

1932 2213 2081 2279 Quia
2115 2229 2252 2268 cum
2279 2227 2401 2268 non
2433 2211 2508 2270 sit
2545 2211 2698 2269 alius
2730 2211 2971 2279 modus,
3011 2227 3134 2283 quo
3163 2227 3422 2283 persona
3453 2212 3530 2269 sit

1931 2303 2009 2360 ab
2032 2303 2168 2362 alia.
2184 2302 2294 2357 nisi
2314 2301 2842 2372 generationis,aut
2863 2300 3528 2373 processionis,necesse

1931 2396 2018 2448 est
2049 2397 2130 2454 ut,
2148 2391 2197 2446 si
2227 2396 2314 2447 est
2335 2407 2371 2447 a
2392 2391 2535 2446 Filio
2555 2390 2802 2462 Spiritus
2837 2390 3281 2463 sanctus,quod
3306 2406 3526 2462 negare

1932 2483 2167 2536 Grmcus
2215 2496 2337 2535 non
2384 2483 2599 2552 potest.
2657 2479 2730 2534 sit
2782 2479 2960 2535 etiam
3001 2477 3080 2534 ab
3119 2493 3189 2533 eo
3245 2493 3353 2550 per
3398 2495 3528 2535 mo-

1931 2570 2077 2624 dum
2095 2569 2498 2642 processionis
2517 2586 2529 2623 :
2557 2567 2672 2624 nisi
2696 2567 2844 2624 forte
2862 2582 3084 2623 novam
3105 2565 3282 2622 velint
3301 2567 3529 2638 ﬁngere

1931 2657 2229 2722 heresim,
2261 2662 2325 2714 ut
2354 2657 2576 2724 dicant,
2616 2656 2783 2730 quod
2817 2656 2980 2712 idem
3010 2655 3258 2730 Spiritus
3284 2661 3528 2712 sanctus

1933 2752 2246 2817 generetur
2276 2763 2312 2804 a
2343 2747 2503 2813 Filio,
2537 2750 2595 2803 et
2641 2746 2757 2802 sint
2785 2745 2846 2801 in
2874 2744 3186 2802 Divinitate
3215 2745 3338 2801 duo
3381 2745 3523 2816 Filii,

1934 2842 1989 2892 et
2013 2852 2170 2892 unus
2195 2852 2402 2892 eorum
2425 2851 2636 2908 nepos.

2005 2926 2322 2980 Ostensum
2355 2923 2894 2997 estinsuper,quod
2915 2922 3166 2996 Spiritus
3193 2928 3530 2990 sanctus,ut

1933 3013 2007 3069 sit
2036 3030 2071 3069 a
2093 3014 2384 3083 Filio,hoc
2409 3013 2593 3070 habet
2614 3013 2788 3070 Filius
2809 3029 2847 3069 a
2866 3016 3059 3068 Patre:
3091 3017 3335 3084 propter
3361 3012 3528 3084 quod

1933 3119 1970 3158 a
2008 3103 2181 3158 Patre
2219 3118 2326 3175 per
2354 3102 2582 3168 Filium,
2610 3101 2706 3157 vel
2731 3100 3034 3156 mediante
3065 3099 3220 3170 Filio,
3253 3100 3346 3155 vel
3372 3103 3526 3156 certe

156 3191 434 3263 inquam,
458 3190 656 3260 imago
688 3192 792 3246 Dei
806 3191 1126 3246 invisibilis
1153 3193 1218 3258 ιι,
1240 3191 1445 3263 imago
1476 3197 1674 3248 autem
1701 3189 1825 3249 Filii
1863 3223 1907 3280 ο
1933 3191 2338 3264 principaliter
2366 3196 2423 3248 et
2449 3191 2688 3266 proprie
2711 3190 2926 3246 dicitur
2944 3190 3195 3263 Spiritus
3225 3205 3332 3262 pro
3354 3189 3530 3246 edere

159 3281 430 3352 Spiritus.
475 3302 504 3328 »

229 3375 376 3425 Item
405 3370 466 3424 in
515 3368 729 3426 eodem
775 3368 929 3425 libro
984 3385 1118 3441 cap.
1155 3369 1327 3440 cujus
1371 3369 1574 3428 titulus
1607 3387 1620 3425 :
1654 3371 1823 3437 Quod

154 3461 307 3515 sicut
335 3459 533 3514 Filius
572 3458 654 3514 ad
691 3459 937 3515 Patrem
976 3473 1037 3515 se
1077 3459 1274 3520 habet,
1315 3461 1398 3516 sic
1435 3460 1702 3529 Spiritus
1740 3462 1822 3518 ad

155 3550 420 3614 Filium;
453 3547 514 3602 in
543 3547 678 3619 ipso
703 3547 870 3603 initio
902 3547 1166 3618 capituli,
1220 3549 1305 3603 sic
1356 3548 1437 3604 ait
1467 3568 1478 3605 :
1518 3572 1545 3598 ‹‹
1576 3550 1822 3622 Propter

155 3638 268 3694 hoc
297 3644 355 3692 et
387 3637 489 3692 Dei
519 3636 830 3708 quoddam
862 3635 1116 3692 verbum
1167 3637 1379 3704 Filius;
1423 3637 1678 3694 verbum
1717 3655 1819 3696 au-

156 3731 273 3780 tem
308 3724 430 3780 Filii
458 3724 705 3796 Spiritus
739 3742 750 3779 :
789 3726 1068 3790 Portans,
1101 3725 1372 3798 inquam,
1406 3727 1613 3783 omnia
1643 3728 1818 3784 verbo

157 3815 400 3869 virtutis
423 3829 550 3869 suae
574 3816 643 3866 ¹².

227 3904 373 3958 Item
406 3903 618 3958 beatus
669 3902 922 3974 Cyrillus
965 3903 1027 3958 in
1057 3902 1211 3958 libro
1261 3903 1647 3974 Dialogorum
1677 3921 1816 3962 cum

158 3992 396 4048 Hermia
425 3991 525 4062 (?),
557 3989 631 4045 de
674 3990 893 4062 Spiritu
942 3998 1152 4048 sancto
1207 3992 1485 4064 loquens,
1521 3994 1692 4064 cujus
1729 3997 1820 4049 est

158 4082 412 4141 initium.
445 4079 646 4136 Labor
691 4079 998 4136 beatorum
1047 4082 1290 4150 fructus
1341 4085 1650 4154 gloriosus,
1679 4089 1813 4139 etc.:

163 4191 185 4219 ‹
217 4170 537 4226 Character
559 4184 733 4224 verus
763 4173 820 4224 et
849 4170 1138 4226 naturalis
1185 4171 1264 4227 ad
1308 4189 1617 4228 summum
1647 4173 1816 4228 certi-

155 4260 406 4325 tudinis,
437 4275 573 4330 quae
605 4259 942 4314 secundum
969 4259 1420 4317 similitudinem
1448 4261 1815 4332 intelligitur,

155 4349 282 4420 ipse
313 4353 404 4403 est
457 4348 664 4411 Filius;
720 4347 1048 4404 similitudo
1101 4365 1254 4422 pura
1294 4355 1352 4408 et
1375 4351 1666 4407 naturalis
1696 4351 1821 4408 Filii

159 4437 412 4509 Spiritus
442 4443 568 4503 est;
620 4437 918 4493 scribente
954 4438 1163 4494 audies
1207 4439 1383 4495 beato
1411 4441 1590 4496 Paulo
1624 4457 1636 4495 :
1669 4441 1821 4509 Quia

155 4541 301 4596 quos
352 4527 682 4595 prwscivit,
717 4531 772 4581 et
809 4526 1258 4594 praedestinavit
1303 4531 1638 4598 conformes
1688 4531 1825 4600 ﬁeri
1856 4576 1902 4630 Β

155 4616 441 4685 imaginis
471 4616 622 4670 Filii
646 4617 777 4681 Dei,
811 4630 956 4685 quos
982 4622 1183 4672 autem
1211 4619 1688 4686 przdestinavit,
1718 4619 1823 4678 has

157 4710 210 4761 et
241 4706 498 4760 vocavit.
534 4725 564 4754 ι)

227 4792 591 4849 Athanasius
620 4792 698 4849 ad
731 4794 1125 4866 Serapionem
1172 4795 1234 4850 in
1266 4795 1532 4867 Epistola
1569 4796 1644 4853 de
1702 4797 1827 4870 Spi.

160 4883 275 4937 ritu
331 4887 563 4948 sancto,
592 4887 657 4937 ut
707 4898 893 4954 supra
922 4883 1276 4940 adnotatum
1309 4889 1396 4941 est
1429 4901 1442 4939 :
1477 4908 1506 4934 ‹‹
1557 4889 1623 4943 Et
1647 4887 1825 4942 Filius

159 4971 370 5042 inquit,
382 4971 522 5037 Quae
551 4972 760 5028 audivi
777 4988 815 5028 a
835 4973 1035 5038 Patre,
1053 4973 1178 5030 haec
1199 4976 1408 5044 loquor
1430 4976 1494 5030 in
1516 4977 1738 5033 mundo
1755 4977 1826 5052 ¹³,

161 5062 420 5130 Spiritus
465 5067 666 5118 autem
723 5077 760 5118 a
807 5063 970 5120 Filio
1013 5065 1291 5133 accipiet,
1339 5070 1393 5120 et
1432 5067 1823 5124 annuntiabit

162 5150 324 5206 vobis
346 5151 414 5204 ”.
445 5171 474 5198 »

230 5241 376 5294 Item
403 5238 654 5294 Basilius
677 5239 758 5296 ad
792 5241 1304 5313 Amphilochium,
1334 5258 1466 5316 cap.
1500 5249 1530 5299 5
1558 5261 1571 5299 :
1609 5267 1631 5295 ι
1669 5245 1820 5303 Scri-

160 5327 309 5383 bens
347 5325 426 5381 ad
476 5326 762 5398 Ephesios
804 5329 1021 5385 Paulus
1067 5331 1187 5386 ait:
1260 5333 1575 5390 Veritatem
1622 5338 1819 5393 autem

158 5416 467 5485 facientes,
495 5421 609 5472 etc.
632 5417 732 5473 Ea:
753 5419 1132 5486 plenitudine
1155 5422 1285 5490 ejus
1312 5435 1416 5476 nos
1442 5437 1641 5479 omnes
1659 5438 1820 5481 acce-

1930 3281 2025 3338 vel
2056 3281 2270 3354 spirari
2300 3296 2336 3337 a
2361 3284 2548 3339 Patre.
2587 3280 2993 3338 Terminatum
3029 3283 3122 3336 est
3159 3280 3340 3347 enim,
3381 3296 3530 3352 quo-

1931 3370 2115 3427 modo
2143 3370 2306 3426 idem
2333 3369 2582 3443 Spiritus
2609 3385 2646 3426 a
2673 3368 2957 3441 Filio,qui
2984 3373 3074 3424 est
3103 3369 3233 3440 ejus
3262 3384 3447 3424 causa
3474 3371 3530 3424 et

1932 3459 2084 3526 fons,
2125 3463 2370 3532 propter
2399 3457 2651 3516 modum
2683 3457 2920 3516 essendi
2952 3473 2989 3514 a
3045 3457 3208 3525 Filio,
3241 3456 3529 3513 catholice

1930 3547 2144 3605 dicitur
2170 3564 2301 3604 esse
2329 3548 2479 3604 ratio
2510 3552 2567 3603 et
2593 3547 2787 3604 forma
2819 3547 2959 3603 Filii.
2990 3546 3156 3602 Unde
3178 3551 3234 3603 et
3275 3545 3528 3601 verbum

1894 3711 1902 3717 _
1931 3645 1989 3694 et
2015 3639 2218 3710 imago
2241 3637 2366 3694 Filii
2396 3641 2638 3710 propter
2656 3635 2934 3694 eamdem
2958 3635 3254 3692 rationem
3277 3635 3528 3708 Spiritus

1930 3730 2333 3799 nuncupatur.
2351 3728 2493 3793 Quae
2520 3723 2786 3798 prudens
2811 3724 2996 3780 lector
3022 3724 3071 3778 si
3091 3723 3425 3779 consideret
3445 3721 3531 3778 di-

1927 3816 2195 3887 ligenter,
2229 3815 2417 3870 multa
2447 3830 2582 3887 quae
2612 3830 2648 3870 a
2679 3812 2892 3870 Grtecis
2932 3811 3390 3883 objiciebantur,
3430 3826 3527 3866 so-

1927 3905 2052 3961 luta
2071 3904 2363 3973 inveniet;
2393 3907 2450 3958 et
2468 3903 2606 3958 licet
2631 3901 3114 3969 breviter,tamen
3135 3903 3192 3955 et
3219 3897 3522 3970 catholice,

1929 3999 1985 4051 et
2010 4009 2146 4050 vere
2177 3993 2513 4049 terminata.

2246 4133 2476 4190 Salutio
2505 4131 2587 4187 ad
2616 4132 2856 4188 tertium
2893 4131 3204 4201 objectum.

2000 4260 2088 4318 Ad
2112 4259 2348 4315 tertium
2377 4261 2579 4314 autem
2606 4255 3105 4330 objectum,quod
3129 4255 3297 4312 dicit:
3316 4255 3529 4314 Omnia

1928 4364 2296 4421 quaecunque
2330 4347 2538 4404 audivi
2583 4361 2620 4402 a
2647 4345 2829 4402 Patre
2857 4360 3003 4409 meo,
3034 4353 3178 4401 nota
3198 4346 3426 4416 faciam
3460 4347 3525 4399 ιθ.

1931 4437 2328 4497 Concedimus
2353 4436 2575 4491 sicutet
2593 4434 2709 4506 ipsi
2734 4433 3234 4504 glossant,omnia
3261 4450 3532 4490 necessa-

1929 4528 2018 4584 ria
2045 4527 2122 4584 ad
2145 4525 2543 4583 salutem.Hoc
2567 4528 2769 4579 tamen
2797 4523 3140 4579 necessario
3169 4523 3452 4578 addimus
3469 4521 3532 4579 in

1933 4617 2154 4687 glossa,
2171 4613 2358 4687 quod,
2381 4617 2484 4668 aut
2501 4611 2916 4684 implicite,aut
2935 4611 3206 4684 explicite
3228 4616 3370 4668 nota
3393 4611 3534 4666 facit

1931 4707 2015 4764 eis
2045 4705 2268 4762 omnia.
2300 4707 2451 4760 Nam
2478 4719 2615 4758 cum
2638 4700 2824 4758 verba
2854 4701 2972 4756 sint
3002 4701 3291 4771 Veritatis,
3310 4702 3531 4756 Veritas

1933 4795 2170 4852 mentiri
2199 4809 2322 4850 non
2353 4797 2562 4864 potest.
2598 4790 2743 4846 Dicit
2763 4791 2900 4846 enin
2931 4807 2944 4846 :
2973 4791 3168 4846 Multa
3193 4791 3314 4846 alia
3345 4789 3530 4846 habeo

1933 4886 2089 4943 vobis
2114 4885 2328 4954 dicere,
2351 4882 2453 4938 sed
2481 4897 2599 4936 non
2627 4882 2870 4949 potestis
2884 4885 3136 4950 portare
3162 4878 3351 4932 modo.
3382 4877 3531 4934 Cum

1934 4983 2131 5032 autem
2171 4974 2396 5030 venerit
2424 4972 2530 5026 ille
2553 4971 2817 5037 Spiritus
2846 4969 3132 5032 veritatis,
3174 4967 3401 5021 docebit
3433 4981 3532 5022 vos

1932 5079 2160 5121 omnem
2187 5059 2598 5128 veritatem”)
2624 5057 2799 5130 quasi
2824 5056 2985 5111 dicat
3018 5072 3030 5109 :
3066 5058 3288 5109 Horum
3309 5059 3365 5109 et
3389 5054 3534 5110 alio-

1929 5169 2066 5209 rum
2096 5150 2414 5206 verborum
2466 5163 2741 5202 meorum
2777 5143 3230 5214 intelligentiam
3257 5142 3532 5216 relinquo

1929 5239 2274 5313 magisterio
2328 5237 2576 5310 Spiritus
2606 5233 2815 5299 sancti,
2868 5232 2974 5305 qui
3020 5231 3260 5287 docebit
3306 5248 3437 5300 vos,
3479 5241 3532 5290 et

1927 5335 2205 5403 suggeret
2229 5328 2451 5392 omnia,
2482 5337 2839 5397 quaecunque
2866 5322 3075 5377 dixero
3103 5320 3262 5378 vobis
3295 5322 3360 5376 ¹“¹.

1999 5417 2450 5492 Item,quamvis
2472 5429 2594 5469 non
2611 5412 2948 5468 inveniatur
2964 5413 3297 5468 secundum
3317 5427 3530 5468 vocem

235 5538 282 5619 ‘f
308 5540 481 5594 Rom.
511 5555 637 5619 vni,
660 5542 806 5619 20.__
829 5543 871 5619 ί]
907 5541 1132 5598 Coloss.
1167 5561 1202 5607 ι,
1230 5549 1316 5600 15.
1360 5618 1364 5619 ί
1394 5546 1634 5619 “item.
1665 5567 1702 5619 ι,
1731 5553 1785 5606 3.

1939 5548 2114 5604 Joan.
2147 5546 2376 5613 vm,26.
2456 5540 2501 5576 ²⁴
2530 5540 2702 5596 Joan.
2728 5555 2844 5605 xw,
2883 5541 2968 5594 14.
3051 5538 3095 5574 ³⁵
3135 5539 3306 5598 Joan.
3347 5553 3386 5603 1,
3431 5523 3524 5599 16.

169 5609 215 5644 ¹⁶
242 5610 410 5666 Joan.
441 5626 540 5681 xv,
577 5615 660 5668 l5.
741 5613 810 5649 ¹⁶’
835 5614 1004 5670 Joan.
1035 5629 1156 5683 xu,
1188 5620 1271 5672 13.
1354 5618 1394 5653 1⁷
1429 5617 1577 5674 ibid.

233 5735 294 5811 (2
345 5731 474 5794 Lib.
503 5749 607 5798 vn.
