4028 6308
539 354 644 434 495

1761 363 2242 424 PANTALEONIS
2280 366 2572 426 DIACONI
2610 367 2714 425 ΟΡ.

3819 377 3966 432 496

542 500 608 557 in
633 499 974 570 Evangelio,
1006 495 1170 571 quod
1201 495 1450 570 Spiritus
1500 493 1773 568 procedit
1817 508 1852 548 a
1896 491 2038 548 Filio
2068 490 2158 547 in-
2191 491 2240 544 A
2340 491 2510 562 Item,
2533 491 2652 548 alia
2669 492 2992 552 auctoritas
3017 494 3340 570 Evangelii,
3376 498 3662 571 Spiritum
3679 512 3754 556 ex
3780 498 3962 556 Filio

541 590 772 647 venitur
801 593 1002 645 tamen
1029 585 1363 642 secundum
1389 585 1700 641 veritatem
1727 581 2148 647 intellectus,in

545 679 814 752 pluribus
842 676 1007 732 locis.
1043 674 1262 732 Dicitur
1290 673 1451 730 enim
1485 673 1737 746 Spiritus
1761 670 2052 739 Veritatis,
2083 669 2145 725 id

544 773 632 822 cst
677 765 816 831 Filii,
847 765 990 838 quia
1030 763 1105 820 de
1133 780 1196 819 se
1228 763 1456 819 Veritas
1489 764 1756 819 increata
1783 759 2146 832 loquebatur

544 861 711 924 tunc,
745 854 1032 912 Christus.
1069 852 1126 910 Si
1152 867 1294 923 ergo
1325 857 1414 908 est
1454 852 1702 924 Spiritus
1732 849 2022 920 Veritatis,
2045 851 2148 904 aut

543 946 688 1018 quia
709 943 961 1016 Spiritus
991 946 1084 998 est
1110 957 1145 998 a
1175 941 1448 1006 Veritate,
1491 945 1594 996 aut
1617 939 1764 1013 quia
1791 938 2015 995 Veritas
2057 940 2146 992 est

543 1049 582 1090 a
631 1032 868 1106 Spiritu.
903 1031 1018 1088 Sed
1071 1030 1239 1104 quod
1264 1032 1486 1087 Veritas
1517 1029 1590 1086 sit
1636 1045 1673 1085 a
1706 1028 1925 1101 Spiritu
1975 1041 2142 1083 error

541 1128 649 1186 est,
679 1123 824 1195 quia
854 1121 1028 1178 Filius
1064 1137 1100 1177 a
1131 1124 1301 1178 Patre
1325 1119 1454 1176 solo
1475 1123 1564 1176 est
1587 1123 1646 1175 et
1668 1133 1792 1174 non
1816 1133 1852 1174 a
1881 1116 2098 1190 Spiritu
2123 1130 2137 1169 :

543 1212 811 1268 conﬁteri
858 1225 1102 1268 necesse
1133 1214 1238 1280 est,
1271 1208 1438 1282 quod
1470 1209 1546 1264 sit
1574 1209 1824 1281 Spiritus
1849 1205 2138 1273 Veritatis,

542 1301 604 1358 id
629 1306 717 1357 est
744 1300 885 1368 Filii,
917 1300 1032 1356 hoc
1059 1303 1166 1368 est,
1199 1313 1236 1355 a
1265 1298 1424 1356 Filio.
1455 1297 1513 1355 Si
1541 1303 1740 1353 autem
1773 1313 1810 1353 a
1847 1295 2009 1364 Filio,
2035 1299 2141 1350 aut

541 1390 945 1460 generatione,
978 1394 1080 1446 aut
1108 1387 1592 1461 processione,'ut
1615 1384 1977 1459 supra.Quia
1995 1399 2139 1440 vero

544 1479 652 1553 [id]
688 1484 780 1536 est
821 1478 997 1536 bonae
1041 1477 1450 1550 expositionis,
1498 1475 1728 1550 patebit
1775 1475 1836 1532 in
1887 1489 2136 1547 sequen-

537 1569 720 1626 tibus.
1310 1605 1322 1636 t

537 1694 834 1764 Spiritum
871 1699 1145 1748 sanctum
1191 1706 1310 1748 esse
1351 1690 1643 1762 Spiritum
1684 1690 1982 1764 Veritatis,
2018 1690 2135 1764 hoc

2256 580 2584 654 procedere
2635 587 2940 654 comperte
2995 583 3240 643 clamat.
3299 587 3445 644 Dicit
3482 587 3644 644 enim
3686 586 3882 644 Filius
3936 606 3956 642 :

2256 669 2372 736 Qui
2391 670 2583 726 credit
2610 670 2672 726 in
2703 686 2811 741 me,
2836 671 2994 728 sicut
3013 673 3162 730 dicit
3181 675 3500 746 Scriptura
3525 676 3827 744 :ﬂumina
3850 675 3962 733 de

2254 765 2461 815 ventre
2480 761 2608 829 ejus
2627 761 2818 829 ﬂuent
2837 774 3011 832 aqua:
3033 763 3204 820 vivae.
3237 764 3369 820 Hoc
3392 769 3592 822 autem
3612 765 3779 822 ducit
3813 765 3958 836 (ait

2253 848 2645 919 evangelista)
2674 850 2746 907 de
2766 851 3024 920 Spiritu,
3066 869 3239 925 quem
3277 855 3554 926 acepturi
3583 860 3764 911 erant
3791 870 3948 912 cre-

2252 937 2455 994 dentes
2510 939 2574 994 in
2617 953 2749 996 eum
2774 941 2843 994 ¹τ’.
2881 940 3135 1012 Audisti,
3186 944 3406 1011 Graece,
3438 943 3605 1016 quod
3646 943 3940 1016 Spiritus

2249 1027 2521 1098 procedit
2557 1027 2636 1084 ab
2679 1043 2751 1084 eo
2790 1028 2895 1101 qui
2925 1029 3114 1086 credit
3162 1030 3225 1087 in
3271 1033 3460 1088 eum?
3489 1035 3699 1090 Nonne
3731 1032 3948 1089 etiam

2251 1115 2380 1172 ﬂuit
2405 1131 2439 1173 a
2463 1115 2606 1172 Filio
2629 1115 2917 1189 Spiritus?
2947 1119 3095 1177 Imo.
3127 1121 3446 1187 Quomodo
3472 1137 3508 1178 a
3535 1120 3946 1178 credentium

2247 1204 2552 1262 mentibus
2577 1205 2765 1262 ﬂuere
2790 1205 2934 1263 dicit
2983 1208 3290 1282 Spiritum,
3329 1209 3446 1266 nisi
3488 1210 3632 1284 quia
3659 1210 3798 1267 ﬂuit
3836 1211 3945 1268 ab

2247 1309 2341 1364 eo,
2373 1309 2557 1367 quem
2585 1294 2770 1352 habet
2797 1295 2860 1351 in
2901 1312 2963 1353 se
2994 1297 3244 1356 credens
3269 1298 3335 1356 in
3358 1315 3519 1370 eum,
3560 1299 3678 1356 hoc
3717 1305 3830 1370 est,
3885 1317 3944 1358 a.

2247 1384 2388 1441 Filio
2407 1385 2434 1438 ‘?
2465 1385 2620 1451 Quid
2645 1391 2732 1442 est
2757 1401 2923 1457 vero,
2961 1388 3248 1461 Spiritum
3277 1404 3316 1446 a
3359 1389 3502 1446 Filio
3548 1388 3760 1457 ﬂuere,
3792 1389 3934 1446 nisi

2245 1473 2568 1546 procedere
2599 1475 2678 1531 ab
2706 1475 2835 1548 ipso
2854 1475 2884 1530 7
2915 1477 3089 1542 Quod
3118 1483 3321 1535 autem
3352 1478 3609 1535 ﬂumina
3648 1478 3938 1551 Spiritus

2245 1563 2435 1620 sancti
2490 1563 2842 1635 procedunt,
2875 1570 3246 1624 monstratur
3279 1567 3598 1625 manifeste
3649 1567 3714 1624 in
3751 1567 3936 1625 libro

2243 1655 2385 1709 Jesu
2423 1651 2529 1708 ﬁlii
2560 1653 2794 1710 Sirach:
2820 1655 2970 1726 Ego,
2995 1654 3208 1726 inquit,
3236 1657 3552 1727 Sapientia
3581 1657 3771 1727 eﬂ'udi
3794 1658 3934 1726 ﬂu-

609 1742 1641 1826 sirit-iiiis“dissuasisset;
1666 1742 2119 1832 aptissimi-it;

2242 1744 2488 1832 mina”.
2542 1742 2698 1808 Quid
2733 1743 2896 1800 enim
2933 1743 2995 1800 in
3035 1745 3150 1802 hoc
3186 1745 3320 1802 loco
3357 1762 3468 1819 per
3506 1745 3926 1820 Sapientiam,

609 1835 1053 1906 comprobatur.

608 1944 819 1998 Beatus
847 1939 1115 2014 Cyrillus,
1156 1939 1218 1996 in
1261 1939 1751 2012 recapitulatione
1797 1940 1872 1996 de
1915 1939 2133 2013 Spiritu

533 2035 760 2093 sancto,
781 2028 1386 2086 dimembrationibus
1418 2028 1733 2098 sexaginta
1756 2031 2132 2092 sex,demon-

533 2120 816 2176 stratione
841 2120 924 2174 sic
950 2119 1058 2175 ait:
1085 2139 1113 2167 ‹‹
1139 2117 1203 2172 In
1234 2117 1566 2188 Evangeliis
1590 2116 1836 2190 quidem
1861 2117 2132 2175 Salvator

533 2208 615 2264 sic
646 2208 727 2265 ait
753 2208 826 2264 de
859 2223 921 2263 se
953 2223 965 2260 :
1020 2208 1148 2278 Ego
1181 2223 1307 2262 sum
1344 2208 1650 2264 veritas”.
1687 2209 1897 2264 Beatus
1926 2212 2128 2265 autem

529 2298 788 2354 Joannes
837 2312 904 2352 ex
933 2295 1122 2352 Patris
1151 2296 1427 2362 essentia,
1470 2301 1526 2351 et
1554 2295 1679 2350 Filii
1725 2296 2008 2368 Spiritum
2037 2312 2129 2354 os-

531 2386 806 2450 tendens,
834 2384 896 2440 in
927 2382 1262 2454 Evangeliis
1294 2382 1540 2454 quidem
1564 2383 1948 2453 ait:Spiritus
1977 2387 2129 2458 veri:

536 2476 696 2543 tatis,
731 2473 836 2544 qui
862 2488 899 2529 α
920 2472 1109 2528 Patre
1128 2471 1420 2542 procedit.
1458 2493 1486 2520 ››

601 2564 764 2620 ldem
791 2564 1054 2626 sanctus,
1071 2560 1132 2615 in
1157 2563 1374 2632 quarta
1402 2559 1652 2632 epistola
1672 2560 1749 2617 ad
1769 2563 2120 2635 Nestorium,

529 2653 701 2724 cujus
733 2656 819 2708 est
843 2649 1108 2706 initium:
1139 2649 1459 2706 Satvatore
1483 2656 1684 2706 nostro
1709 2652 1957 2721 dicente,
1985 2658 2118 2723 etc.,

528 2757 747 2815 parum
771 2745 909 2796 ante
939 2739 1123 2794 ﬁnem
1157 2755 1169 2792 :
1205 2760 1233 2786 «
1265 2739 1330 2793 Et
1361 2737 1411 2793 si
1442 2738 1502 2794 in
1532 2738 1843 2812 hypostasi
1873 2743 2122 2816 Spiritus

529 2834 778 2887 sanctus
808 2827 1075 2902 propria,
1104 2831 1161 2884 et
1183 2825 1529 2897 intelligitur
1549 2829 1881 2887 secundum
1913 2847 1993 2896 se,
2027 2833 2122 2890 vel

525 2919 691 2993 quod
731 2917 982 2990 Spiritus
1020 2921 1131 2983 est,
1161 2919 1217 2971 et
1239 2929 1362 2971 non
1396 2915 1594 2985 Filius,
1638 2920 1839 2973 tamen
1877 2935 2000 2976 non
2030 2927 2122 2980 est

524 3010 755 3066 alienus
787 3005 865 3064 ab
895 3006 1026 3079 ipso
1061 3005 1219 3060 Filio.
1247 3004 1494 3076 Spiritus
1533 3006 1692 3061 enim
1721 3007 1988 3064 Veritatis
2016 3025 2121 3067 no-

522 3099 784 3156 minatus
805 3101 910 3152 est.
945 3097 1043 3151 Est
1073 3099 1274 3150 autem
1314 3093 1579 3151 Christus
1607 3095 1860 3162 Veritas,
1892 3101 1946 3154 et
1983 3114 2118 3171 pro-

2171 1838 2210 1892 B
2240 1831 2354 1889 nisi
2407 1831 2638 1901 Filium,
2678 1837 2737 1890 et
2788 1833 2937 1904 quid
2990 1835 3414 1908 per‘ﬂumina,
3456 1835 3573 1892 nisi
3611 1835 3926 1908 Spiritum

2239 1925 2517 1978 sanctum
2544 1921 2974 1994 intelligimus?
3005 1922 3226 1980 Effudit
3248 1938 3391 1994 ergo
3433 1923 3742 1997 Sapientia
3777 1924 3924 1980 ﬂu-

2236 2011 2424 2080 mina,
2451 2011 2596 2084 quia
2621 2011 2798 2069 Filius
2826 2028 2899 2069 ex
2946 2028 3009 2069 se
3037 2012 3251 2070 emittit
3284 2013 3586 2088 Spiritum,
3616 2013 3724 2086 qui
3761 2029 3924 2087 pro-

2237 2101 2393 2158 cedit
2416 2100 2496 2158 ab
2528 2102 2685 2175 ipso.

2307 2193 2451 2246 Item
2489 2190 2634 2246 dicit
2660 2189 2736 2246 de
2761 2188 2976 2247 eodem
3018 2189 3197 2247 Filius
3228 2189 3290 2246 in
3317 2190 3641 2262 Evangelio
3669 2207 3684 2247 :
3727 2192 3924 2249 Sicut

2232 2278 2421 2336 Pater
2469 2279 2647 2336 habet
2676 2279 2863 2336 vitam
2887 2280 2950 2334 in
2981 2280 3315 2349 semetipso,
3345 2281 3433 2336 sic
3460 2280 3623 2337 dedit
3655 2285 3710 2336 et
3739 2281 3922 2338 Filia

2235 2366 2454 2424 habere
2480 2369 2664 2424 vitam
2683 2369 2745 2424 in
2774 2369 3085 2438 semetipso
3101 2369 3144 2404 ²¹
3157 2410 3171 2424 .
3188 2367 3344 2434 Quid
3359 2367 3524 2424 aliud
3546 2367 3608 2424 in
3627 2367 3747 2425 hoc
3763 2368 3926 2427 loco

2235 2471 2340 2529 per
2387 2455 2594 2525 vitam,
2633 2456 2747 2513 nisi
2807 2456 3089 2528 Spiritum
3150 2462 3429 2513 sanctum
3485 2457 3922 2531 intelligimus,

2229 2558 2417 2616 quem
2458 2547 2627 2601 Pater
2681 2543 2867 2600 habet
2917 2543 2980 2599 in
3015 2557 3104 2609 se,
3146 2548 3204 2599 et
3239 2542 3406 2601 dedit
3442 2543 3627 2602 Filio:
3669 2549 3735 2601 ut
3771 2545 3926 2617 ipse

2241 2637 2305 2689 ta
2338 2633 2625 2705 Spiritum
2654 2631 2879 2689 habeat
2904 2632 2967 2687 in
2989 2647 3054 2687 se
3075 2631 3234 2704 ipso,
3277 2633 3431 2689 sicut
3457 2632 3642 2690 habet
3668 2635 3853 2690 Pater
3885 2637 3922 2691 ?

2227 2711 2402 2794 iErgo
2429 2722 2604 2778 Filius
2626 2736 2751 2778 non
2793 2719 2990 2777 solum
3026 2719 3212 2778 habet
3241 2721 3543 2792 Spiritum,
3573 2737 3756 2794 quem
3784 2721 3922 2780 ha-

2225 2812 2326 2869 bet
2355 2815 2546 2881 Pater,
2577 2811 2685 2867 sed
2728 2811 2911 2867 etiam
2941 2811 3026 2866 ita
3052 2809 3236 2867 habet
3259 2811 3565 2884 Spiritum,
3599 2812 3752 2869 sicut
3788 2811 3918 2869 ha-

2225 2901 2326 2958 bet
2348 2903 2536 2958 Pater.
2562 2899 2892 2956 Videamus
2913 2899 3139 2973 itaque,
3168 2900 3480 2974 quomodo
3502 2903 3670 2958 Pater
3705 2901 3918 2959 habet

2229 2991 2515 3064 Spiritum
2577 2990 2640 3046 in
2695 2989 3039 3061 semetipso.
3088 2991 3258 3045 Pater
3320 2994 3521 3046 autem
3582 2991 3668 3046 sic
3702 2990 3911 3048 habet

2227 3081 2510 3154 Spiritum
2536 3084 2602 3136 ut
2627 3094 2867 3151 semper
2911 3079 2985 3134 sit
3015 3077 3076 3133 in
3107 3080 3298 3149 Patre,
3325 3084 3383 3135 et
3409 3095 3646 3152 semper
3682 3095 3910 3152 proce-

524 3189 792 3246 t'unditur
843 3186 921 3242 ab
969 3185 1123 3257 ipso,
1155 3183 1680 3257 quemadmodum
1723 3187 1929 3259 utique
1959 3168 2016 3245 et
2052 3204 2140 3246 ex
2163 3193 2203 3246 C
2231 3169 2336 3225 dat
2381 3186 2418 3226 ίι
2456 3172 2620 3226 Patre
2657 3186 2670 3223 ³
2720 3173 2778 3224 εί
2814 3168 2896 3225 ηδ
2933 3183 3171 3240 semper
3207 3168 3478 3259 Ρνοοθάίε
3515 3185 3554 3225 δι
3591 3171 3783 3259 Patre,
3829 3175 3905 3228 ιιι

521 3282 711 3334 Patre.
742 3273 897 3341 Quid
927 3279 1128 3330 autem
1159 3272 1231 3328 sit
1267 3272 1653 3344 profundere,
1685 3275 1931 3348 exponit
1958 3276 2119 3334 idem

523 3364 777 3439 Cyrillus
803 3363 864 3417 in
896 3361 1263 3433 expositione
1284 3361 1553 3433 Symboli
1582 3363 1822 3427 Nicaani,
1853 3368 2117 3423 tractans

520 3455 776 3512 verbum
815 3449 982 3520 illud,
1027 3451 1140 3517 Qui
1177 3465 1251 3506 ex
1282 3457 1462 3520 patre
1509 3453 1797 3521 procedit,
1853 3453 2060 3512 dicens
2100 3473 2114 3510 :

522 3567 553 3595 ‹‹
577 3544 903 3599 Transacto
925 3539 998 3594 de
1031 3538 1260 3594 Christo
1301 3539 1433 3610 ipso
1465 3554 1760 3606 sermone,
1789 3556 1926 3597 cum
1953 3542 2117 3600 beati

519 3635 719 3690 Patres
736 3627 923 3685 sancti
946 3625 1197 3698 Spiritus
1218 3627 1571 3682 memoriam
1590 3627 1880 3685 facerent:
1905 3631 2114 3702 Credo,

517 3723 818 3788 dixerunt,
848 3718 908 3772 in
940 3732 1099 3786 eum,
1129 3714 1652 3787 quemadmodum
1685 3717 1742 3772 in
1777 3718 2032 3791 Patrem,
2057 3724 2116 3779 et

518 3811 768 3876 Filium;
809 3804 1341 3864 consubstantialis
1393 3803 1553 3860 enim
1606 3804 1711 3872 eis,
1752 3810 1809 3862 et
1844 3805 2114 3865 funditur

516 3901 850 3974 Spiritus,et
870 3893 1138 3970 procedit
1154 3897 1445 3966 tanquam
1459 3893 1666 3950 afonte
1680 3896 1798 3951 Deo
1810 3901 1867 3951 et
1881 3897 2110 3954 Patre.»

585 3991 801 4046 Beatus
831 4000 1076 4058 quoque
1122 3981 1390 4050 Basilius,
1431 3984 1493 4038 in
1537 3982 1691 4040 libro
1741 3984 1825 4041 De
1874 3985 2110 4056 Spiritu

512 4083 742 4146 sancto,
770 4074 850 4132 ad
877 4071 1384 4144 Amphilochium,
1413 4086 1542 4142 cap.
1571 4072 1662 4126 l8:
1685 4094 1712 4122 ‹‹
1743 4071 1809 4128 Si
1827 4076 1958 4144 quis
1985 4075 2110 4143 Spi-

511 4167 696 4222 ritum
732 4163 963 4221 Christi
981 4176 1102 4216 non
1135 4159 1335 4227 habet,
1369 4159 1466 4215 hic
1486 4175 1606 4216 non
1638 4167 1717 4216 est
1757 4163 1901 4230 ejus.
1944 4162 2110 4220 Unde

511 4252 677 4309 solus
693 4249 986 4322 gloriﬁcat
998 4251 1204 4304 Deum.
1217 4249 2104 4322 Illemeclareﬁcabit,inquam,

510 4343 656 4415 quia
684 4341 757 4394 de
776 4353 900 4395 meo
927 4338 1180 4406 accipiet
1204 4341 1260 4392 et
1286 4337 1675 4395 annuntiabit
1701 4337 1860 4393 vobis
1889 4353 2012 4394 non
2035 4339 2108 4395 si-

509 4433 610 4486 cut
649 4431 940 4495 creatura,
977 4423 1083 4480 sed
1109 4423 1259 4480 sicut
1301 4423 1551 4496 Spiritus
1585 4425 1916 4498 sapientiae,
1949 4427 2107 4483 Chri-

506 4523 687 4579 stum,
712 4516 812 4572 Dei
840 4514 1117 4570 virtutem
1147 4517 1205 4569 et
1233 4512 1334 4569 Dei
1359 4512 1740 4585 sapientiam,
1758 4513 1821 4570 in
1837 4529 1950 4571 sua
1978 4531 2102 4573 ma-
2137 4544 2182 4598 D

505 4605 817 4679 gnitudine
845 4601 1113 4660 revelans
1142 4618 1156 4657 :
1186 4605 1243 4658 et
1273 4602 1422 4658 sicut
1469 4601 1806 4658 Paracletus
1846 4604 2100 4674 Spiritus

503 4693 925 4754 characterizat
945 4691 996 4762 ej
1007 4707 1235 4764 us,quae
1253 4689 1528 4763 promisit
1545 4705 1652 4762 per
1675 4690 1976 4762 Spiritum,
1994 4692 2097 4749 Pa-

500 4785 703 4842 racleti
735 4783 1076 4851 bonitatem,
1113 4784 1169 4836 et
1195 4780 1255 4835 in
1281 4778 1370 4834 sui
1402 4779 1686 4849 dignitate
1716 4779 2096 4850 majestatem

499 4876 868 4932 demonstrat
888 4871 1039 4943 ejus.
1077 4893 1096 4918 -
1135 4869 1300 4925 Unde
1325 4873 1381 4925 et
1404 4869 1712 4939 provenit;
1743 4869 1910 4942 quod
1933 4869 2095 4926 idem

496 4970 604 5031 est,
637 4962 802 5038 quod
824 4961 1111 5032 procedit.

567 5053 732 5110 Idem
781 5055 1023 5108 sanctus
1070 5047 1441 5122 Epiphanius
1491 5047 1552 5103 in
1583 5046 1735 5103 libro
1773 5048 1860 5105 De
1897 5049 2094 5106 Anco-

495 5147 626 5197 rato
655 5159 668 5196 :
699 5164 726 5191 «
753 5144 919 5196 Pater
949 5139 1071 5196 veri
1101 5137 1223 5194 Filii
1257 5140 1345 5193 est
1363 5139 1552 5205 Pater,
1584 5137 1788 5192 lumen
1818 5140 1977 5194 totus
2010 5138 2095 5194 Fi-

490 5228 627 5296 lius,
655 5229 846 5286 Patris
877 5229 1158 5298 Verbum,
1183 5226 1387 5283 lumen
1425 5241 1499 5282 ex
1531 5225 1778 5291 lumine,
1813 5241 1936 5283 non
1974 5226 2090 5284 uti-

491 5333 610 5390 que
640 5317 796 5374 facta
819 5317 912 5374 vel
953 5321 1152 5374 creata
1179 5314 1579 5389 applicatione
1620 5314 1782 5387 sola;
1813 5320 1868 5372 et
1909 5315 2087 5388 Spiri-

489 5409 584 5462 tus
619 5410 879 5474 sanctus,
910 5406 1160 5478 Spiritus
1187 5404 1467 5472 veritatis,
1511 5404 1716 5460 lumen
1747 5404 1983 5462 tertium
2013 5419 2085 5461 ex

488 5494 665 5552 Patre
699 5498 757 5552 et
783 5494 946 5552 Filio.
974 5517 1003 5546 ››

2230 3274 2468 3331 semper
2503 3259 2566 3314 in
2603 3261 2772 3314 Patre
2810 3263 3070 3323 maneat,
3111 3262 3169 3314 et
3217 3257 3301 3314 ita
3337 3273 3578 3330 semper
3611 3258 3674 3314 in
3716 3261 3900 3316 Patre

2226 3352 2450 3418 manet,
2477 3352 2543 3403 ut
2565 3351 2768 3403 tamen
2797 3361 3035 3418 semper
3065 3361 3102 3402 a
3138 3349 3306 3403 Patre
3343 3346 3654 3418 procedat.
3694 3348 3754 3404 Si
3794 3349 3898 3405 Fi-

2223 3437 2341 3494 lius
2366 3436 2481 3492 isto
2502 3435 2686 3493 modo
2711 3434 2894 3491 habet
2924 3434 3209 3506 Spiritum
3229 3435 3290 3491 in
3315 3435 3893 3508 semetipso,verum

2224 3530 2336 3597 est,
2366 3524 2533 3598 quod
2561 3525 2688 3596 ipse
2735 3523 2879 3580 dicit
2909 3539 2921 3576 :
2952 3523 3119 3581 Sicut
3149 3525 3331 3580 Pater
3359 3523 3537 3581 habet
3589 3526 3779 3581 vitam
3822 3529 3895 3582 in

2223 3616 2522 3686 seipso,sic
2550 3614 2711 3671 dedit
2741 3619 2795 3669 et
2824 3613 2978 3669 Filio
3007 3613 3226 3671 habere
3255 3615 3442 3670 vitam
3458 3615 3521 3669 in
3545 3617 3892 3684 semetipso.

2225 3706 2283 3763 Si
2313 3710 2517 3760 autem
2543 3703 2659 3759 isto
2689 3700 2874 3758 modo
2915 3717 3039 3758 non
3066 3701 3274 3766 habet,
3311 3702 3626 3774 quomodo
3648 3703 3760 3760 erit
3783 3719 3892 3760 ve-

2220 3809 2376 3865 rum,
2406 3792 2572 3866 quod
2597 3790 2738 3847 dicit
2768 3807 2782 3845 :
2812 3791 2979 3848 Sicut
3018 3792 3196 3847 Pater
3217 3790 3392 3847 habet
3419 3793 3603 3848 vitam
3633 3793 3697 3847 in
3731 3793 3889 3862 seip.

2217 3898 2303 3949 so,
2335 3885 2415 3938 sic
2451 3881 2615 3938 dedit
2643 3887 2698 3937 et
2723 3881 2880 3936 Filio
2919 3879 3137 3936 habere
3166 3881 3350 3936 vitam
3389 3881 3452 3936 in
3489 3880 3720 3950 seipse?
3761 3881 3888 3939 Sed

2217 3971 2435 4030 falsum
2467 3985 2599 4026 esse
2627 3984 2751 4026 non
2776 3973 2994 4041 potest,
3025 3967 3194 4041 quod
3249 3984 3287 4024 a
3337 3968 3591 4027 Veritate
3640 3974 3730 4026 est
3755 3969 3886 4028 dic-

2219 4066 2367 4119 tum.
2401 4063 2553 4129 Ergo
2573 4073 2784 4114 verum
2812 4061 2904 4114 est
2925 4055 3094 4130 quod
3125 4057 3345 4114 Veritas
3373 4057 3537 4114 dixit.

2289 4153 2464 4206 ltem:
2487 4149 2639 4205 Sicut
2656 4149 2838 4205 Pater
2854 4148 3104 4204 suscitat
3128 4153 3392 4204 mortuos
3412 4155 3466 4204 et
3494 4149 3882 4219 viviﬁcat,sic

2216 4247 2271 4299 et
2298 4242 2493 4298 Filius
2539 4255 2685 4312 quos
2714 4240 2845 4296 vult
2892 4239 3154 4309 viviﬁcat
3175 4239 3243 4294 ³³.
3279 4238 3588 4295 Viviﬁcare
3619 4239 3878 4311 Spiritus

2215 4331 2405 4387 sancti
2425 4334 2530 4397 est,
2564 4334 2698 4398 etc.,
2731 4329 2883 4384 sicut
2907 4327 3137 4384 Veritas
3161 4327 3338 4384 dicit:
3365 4329 3636 4398 Spiritus
3651 4335 3738 4386 est
3767 4333 3881 4403 qui

2214 4421 2478 4490 viviﬁcat
2497 4420 2564 4482 ’³,
2606 4422 2715 4474 etc.
2750 4415 3003 4482 Quando
3031 4431 3170 4488 ergo
3217 4416 3392 4473 Pater
3420 4421 3693 4474 mortuos
3722 4419 3878 4476 vivi-

2213 4509 2372 4575 ﬁcat,
2403 4507 2478 4563 de
2507 4506 2728 4578 Spiritu
2757 4509 2987 4572 sancto,
3015 4520 3198 4577 quem
3244 4504 3421 4562 mittit
3447 4504 3510 4561 in
3535 4502 3675 4576 'eos,
3712 4506 3876 4563 vivi-

2206 4601 2370 4657 ﬁcat.
2393 4596 2642 4668 Spiritus
2670 4597 2912 4652 sanctus
2931 4593 3092 4650 enim
3119 4597 3229 4665 est,
3251 4593 3356 4666 qui
3383 4599 3657 4651 mortuos
3678 4595 3872 4652 viviﬁ-

2205 4692 2304 4746 cat
2322 4687 2507 4743 vitam
2533 4683 2738 4740 dando
2779 4685 3030 4740 mortuis
3061 4683 3410 4755 operatione
3441 4699 3573 4750 sua,
3599 4689 3656 4742 et
3683 4685 3869 4743 etiam

2206 4779 2388 4834 vitam
2423 4773 2625 4846 gratiis
2657 4771 2907 4828 mortuis
2936 4771 2996 4827 in
3023 4772 3284 4844 peccatis
3300 4772 3693 4844 inspiratione
3716 4790 3856 4831 sua.

2203 4867 2260 4924 Si
2292 4867 2470 4936 igitur
2499 4863 2678 4918 Filius
2708 4861 2790 4918 ita
2813 4861 2888 4918 de
2915 4861 3135 4934 Spiritu
3166 4865 3372 4918 sancto
3403 4861 3680 4933 vivificat,
3707 4865 3868 4920 sicut

2163 4957 2388 5021 .Pater,
2431 4953 2700 5025 sequitur
2753 4949 2922 5024 quod
2977 4949 3128 5007 sicut
3188 4950 3267 5006 ad
3318 4952 3552 5007 Patrem
3606 4951 3864 5022 pertinet

2201 5044 2472 5117 Spiritus,
2495 5041 2678 5098 etiam
2714 5039 2816 5096 illo
2859 5039 3046 5096 modo
3072 5039 3329 5111 pertinet
3355 5038 3435 5095 ad
3463 5039 3695 5096 Filium.
3741 5041 3861 5098 Sed

2199 5135 2278 5190 ad
2308 5135 2546 5189 Patrem
2575 5131 2848 5203 pertinet,
2893 5134 2956 5186 ut
2985 5130 3063 5186 ab
3090 5129 3221 5202 ipso
3242 5129 3627 5202 procedendo
3656 5130 3759 5186 det
3780 5131 3858 5187 vi-

2195 5227 2320 5280 tam
2357 5220 2606 5288 mundo,
2645 5219 2800 5276 sicut
2825 5218 2972 5276 alias
3015 5219 3302 5291 scriptum
3348 5223 3458 5276 est.
3493 5219 3580 5276 Ita
3615 5235 3760 5291 ergo
3800 5226 3857 5278 et

2193 5312 2272 5370 ad
2306 5312 2536 5368 Filium.

2266 5400 2381 5459 Sed
2418 5400 2575 5457 dicet
2603 5402 2838 5456 Graecus
2879 5415 2892 5454 :
2931 5419 2960 5448 α
2990 5400 3124 5455 Non
3179 5398 3264 5456 ita
3317 5397 3573 5470 pertinet
3602 5397 3851 5471 Spiritus

2191 5490 2270 5549 ad
2309 5490 2539 5562 Filium,
2575 5489 2729 5546 sicut
2769 5487 2849 5548 ad
2894 5491 3148 5559 Patrem,
3179 5488 3326 5561 quia
3355 5489 3530 5545 Pater
3565 5487 3732 5546 dedit
3767 5489 3852 5546 Fi-

554 5729 600 5768 ³⁸
624 5727 798 5790 Joan.
830 5742 948 5822 xxv,
971 5729 1022 5786 6.
1103 5727 1148 5766 ιν
1171 5725 1345 5786 Joan.
1374 5742 1469 5794 vn,
1502 5731 1592 5786 38.
1667 5727 1716 5768 ³ο
1745 5725 1917 5786 Eccli.
1948 5741 2108 5798 xxxv,

2221 5767 2228 5786 .
2307 5725 2352 5763 ²¹
2375 5726 2544 5784 Joan.
2572 5741 2628 5798 ν,
2652 5726 2742 5781 26.
2818 5725 2866 5760 υ
2889 5721 3040 5782 lbid.
3067 5725 3162 5784 2t.
3237 5722 3284 5762 ³³
3312 5722 3487 5782 toan.
3515 5733 3600 5792 γι,
3625 5723 3715 5782 66.
