4028 6308
190 219 311 274 497

1576 213 1859 273 CONTRA
1897 213 2222 272 GRECOS.

3515 219 3619 279 498

185 341 301 410 lio,
334 343 396 398 ut
416 341 609 415 possit
639 342 914 412 mittere;
947 343 1063 402 sibi
1108 344 1313 401 autem
1340 340 1603 406 retinuit,
1629 346 1696 400 ut
1722 358 1859 416 pro-
1887 344 1933 398 Α
2036 342 2247 419 Beatus
2277 339 2529 412 Cyrillus
2557 340 2634 398 de
2675 340 2893 399 eodem
2925 339 3166 415 Spiritu,
3215 340 3383 413 quod
3437 340 3619 415 Spiri-

188 429 465 488 cedatab
485 447 580 488 eo.
607 455 637 482 »
663 432 831 489 Absit
849 431 928 490 ab
953 432 1172 490 animis
1205 430 1477 488 ﬁdelium
1500 431 1618 488 hoc
1641 430 1856 488 delira-

185 525 490 588 mentum,
533 524 599 578 ut
649 521 900 593 Spiritus
949 526 1193 590 sanctus
1249 525 1540 576 coaeterus
1596 524 1655 577 et
1712 535 1855 577 con-

185 607 612 665 substantialis
669 609 829 667 Patri
855 613 913 666 et
946 609 1109 676 Filio,
1155 608 1322 666 aliter
1353 612 1410 665 et
1459 607 1629 665 aliter
1681 608 1856 665 detur

182 699 255 753 et
274 697 386 754 sit:
419 696 520 754 vel
548 698 720 773 quod
774 697 1006 774 aliquid
1036 699 1201 756 aliud
1255 699 1663 771 temporaliter
1690 715 1853 755 acce-

175 782 280 855 pit
303 783 400 840 vel
424 783 596 842 aliud
614 786 970 845 aeternaliter
991 788 1253 845 exsistat.
1282 789 1401 843 Ista
1420 786 1579 843 enim
1603 787 1853 843 varietas

175 886 310 929 non
340 873 511 930 cadit
539 873 601 930 in
631 877 842 946 Deum,
885 876 994 933 sed
1038 877 1096 932 in
1144 880 1473 933 creaturas.
1531 880 1853 949 Nunquam

174 959 368 1018 etiam
403 961 587 1023 Filius
618 963 698 1020 ad
725 980 1073 1022 mensuram
1103 967 1332 1038 accepit
1362 966 1661 1037 Spiritum,
1702 966 1853 1020 sicut

173 1055 242 1106 et
265 1065 405 1120 nos,
440 1055 498 1108 et
550 1052 636 1108 uti
664 1059 754 1109 est
784 1054 1089 1126 scriptum.
1144 1054 1420 1124 Legimus
1475 1055 1672 1109 enim:
1713 1054 1847 1109 Non

171 1138 265 1196 ad
290 1154 643 1198 mensuram
687 1142 792 1198 dat
825 1144 978 1198 Deus
1007 1144 1305 1213 Spiritum
1331 1145 1373 1177 ²⁴
1405 1163 1419 1212 ;
1451 1142 1688 1214 supple,
1712 1142 1850 1198 Filio

172 1243 312 1287 suo.
349 1229 412 1286 Si
439 1245 649 1287 verum
678 1237 785 1299 est,
813 1231 980 1304 quod
1013 1233 1184 1288 Pater
1217 1233 1298 1287 ita
1328 1231 1494 1287 dedit
1524 1231 1661 1287 Filio
1720 1232 1848 1302 Spi-

165 1316 460 1384 ritum,ut
476 1318 744 1392 aliquam
767 1320 1027 1391 gratiam
1049 1321 1480 1376 dominationis
1505 1321 1566 1375 in
1593 1336 1654 1376 se
1674 1320 1849 1376 Filius

169 1406 401 1480 (Pater)
488 1408 847 1476 retinuisset,
901 1415 1039 1465 tunc
1095 1426 1306 1466 revera
1374 1409 1640 1465 dedisset
1693 1410 1842 1464 Filio

173 1495 473 1568 Spiritum
501 1497 581 1554 ad
601 1513 975 1567 mensuram,
1003 1499 1086 1554 ita
1104 1503 1167 1554 ut
1194 1514 1306 1554 nos
1328 1514 1653 1570 possemus
1681 1498 1847 1554 illam

169 1585 580 1644 donationem
609 1602 959 1644 mensurare
984 1587 1249 1644 dicentes
1274 1605 1285 1643 :
1318 1591 1438 1643 Hoc
1467 1587 1716 1659 quidem
1745 1587 1844 1642 de-

1965 434 2059 488 tus
2086 432 2331 486 sanctus
2353 430 2428 486 sit
2446 445 2518 486 ex
2540 429 2704 496 Filio,
2733 435 2791 488 et
2817 431 2984 503 quod
3007 431 3136 503 ipse
3168 429 3348 486 Filius
3369 429 3619 488 dederat

1962 522 2103 575 tunc
2133 517 2416 591 Spiritum
2447 524 2724 576 sanetum
2755 520 3040 592 apostolis
3072 535 3210 576 cum
3262 519 3614 589 insufﬂavit,

1961 612 2020 665 et
2037 607 2184 664 dixit
2203 626 2215 663 :
2241 609 2507 676 Accipite
2521 608 2810 678 Spiritum
2825 615 3124 680 sanctum,
3148 624 3326 680 super
3341 609 3614 665 Genesim

1961 697 2046 753 sic
2075 701 2360 754 testatur:
2392 718 2418 746 «
2447 698 2607 754 Sicut
2627 698 2840 754 beatus
2868 702 3096 770 Moyses
3126 697 3389 753 ostendit
3414 698 3613 753 homi-

1961 802 2100 842 nem
2118 803 2154 842 a
2180 789 2298 842 Deo
2315 786 2616 858 accepisse
2639 787 3003 860 spiraculum
3028 788 3184 852 vitae,
3214 787 3328 842 hoc
3351 787 3613 843 Christus

1960 875 2259 932 innovans
2283 875 2344 931 in
2373 875 2547 932 nobis
2570 881 2708 948 post
2726 876 3262 932 resurrectionuem
3286 893 3321 932 a
3338 876 3607 941 mortuis,

1960 963 2286 1022 insufﬂavit
2305 964 2610 1036 discipulis
2628 965 2862 1021 dicens:
2883 965 3609 1034 AccipiteSpiritmnsan-
3666 993 3676 998 -

1959 1061 2140 1120 ctum,
2173 1057 2235 1108 ut
2265 1054 2480 1109 iterum
2497 1054 2804 1110 reformati
2825 1054 2902 1112 ad
2921 1055 3235 1128 pristinam
3258 1054 3607 1124 imaginem,

1959 1142 2298 1198 conformes
2330 1158 2658 1214 appaream
2671 1160 2737 1199 us
2767 1142 3027 1200 Creatori
3075 1158 3181 1216 per
3209 1142 3610 1215 participatio-

1957 1245 2099 1286 nem
2127 1231 2398 1304 Spiritus.
2427 1252 2447 1280 ι

2029 1320 2280 1386 Quando
2329 1335 2472 1390 ergo
2501 1320 2752 1393 Spiritus
2784 1324 3028 1378 sanctus
3075 1321 3136 1376 in
3166 1319 3342 1378 nobis
3389 1320 3606 1388 factus,

1957 1409 2297 1465 conformes
2327 1424 2438 1466 nos
2472 1410 2571 1464 Dei
2601 1411 2878 1476 ostendit,
2908 1409 3178 1482 procedit
3205 1415 3408 1465 autem
3439 1425 3475 1465 a
3504 1425 3606 1482 pa-

1955 1501 2041 1553 tre
2072 1503 2128 1554 et
2177 1497 2342 1567 Filio,
2374 1498 2781 1571 manifestum,
2816 1499 2960 1572 quia
2987 1499 3064 1554 de
3095 1497 3306 1554 eadem
3351 1499 3609 1555 essentia

1955 1591 2047 1642 est
2067 1586 2455 1643 essentialiter
2474 1587 2535 1642 in
2556 1586 2708 1660 ipsa,
2743 1592 2798 1643 et
2823 1603 2892 1643 ex
2911 1587 3040 1658 ipsa
3061 1587 3414 1659 procedens,
3444 1587 3609 1644 velut

171 1673 262 1731 dit
279 1677 460 1732 Pater
480 1675 646 1745 Filio,
666 1676 779 1733 hoc
797 1682 997 1733 autem
1021 1692 1144 1734 non
1169 1677 1367 1743 dedit;
1393 1677 1475 1732 sic
1493 1677 1673 1743 dedit,
1698 1677 1847 1733 etsic
1883 1693 1923 1748 Β
1955 1689 2027 1730 ex
2050 1674 2322 1731 humano
2353 1690 2455 1732 ore
2495 1677 2756 1732 excurrit
2797 1675 3159 1732 insutﬂatio:
3196 1675 3302 1731 etsi
3348 1691 3608 1748 parvum

169 1778 296 1821 non
322 1763 517 1821 dedit.
539 1768 746 1822 Nonne
773 1767 1011 1822 Graecus
1036 1772 1348 1822 mensurat
1371 1766 1508 1822 Filio
1534 1765 1841 1837 Spiritum,

166 1852 430 1926 quando
465 1852 610 1910 dicit
639 1871 652 1909 :
687 1853 864 1911 Filius
895 1855 978 1910 sic
999 1855 1182 1912 habet
1214 1855 1499 1927 Spiritum
1527 1860 1591 1910 ut
1622 1855 1842 1918 mittat.

172 1945 231 1998 et
259 1941 456 1999 donet
492 1941 664 1999 illum
690 1959 704 2010 ;
739 1943 848 2000 sed
875 1958 999 2000 non
1031 1944 1113 2000 sic
1134 1943 1337 2013 habet,
1363 1948 1424 2000 ut
1448 1943 1736 2016 procedat
1768 1944 1846 2000 ab

170 2046 306 2103 ipso
319 2074 330 2087 .

241 2123 393 2176 Item
453 2121 631 2178 Filius
660 2121 736 2180 de
792 2122 1009 2196 Spiritu
1045 2127 1253 2179 sancto
1310 2123 1427 2179 ait:
1459 2124 1615 2179 Novi
1639 2123 1710 2179 de
1745 2138 1832 2179 me

171 2210 461 2268 virtutem
482 2214 671 2268 exisse
697 2214 768 2270 ³⁵.
792 2215 859 2268 Et
878 2211 1268 2283 Evangelium
1291 2212 1559 2269 similiter
1587 2231 1599 2267 :
1643 2213 1843 2267 Virtus

169 2299 242 2354 de
271 2301 386 2356 illo
414 2300 616 2358 exibat
633 2306 689 2358 et
720 2300 978 2358 sanabat
1001 2304 1252 2359 omnes’6
1285 2345 1295 2357 .
1331 2303 1474 2367 Qute
1497 2305 1699 2358 autem
1721 2303 1848 2356 erat

165 2387 270 2445 illa
297 2388 511 2458 virtus,
562 2405 700 2463 quae
735 2389 994 2447 sanabat
1044 2405 1256 2447 omnes
1283 2392 1311 2448 ?
1349 2393 1429 2446 De
1475 2405 1598 2463 qua
1625 2389 1842 2446 virtute

167 2475 389 2534 iterum
423 2479 717 2552 scriptum
743 2483 832 2536 est
861 2497 874 2535 :
919 2480 1027 2536 Vos
1056 2485 1256 2536 autem
1281 2480 1473 2537 sedete
1497 2483 1559 2535 in
1590 2481 1833 2536 civitate

164 2567 534 2639 Jerusalem,
561 2583 865 2640 quousque
887 2569 1229 2626 induamini
1248 2571 1466 2625 virtute
1485 2584 1560 2625 ea:
1579 2569 1728 2624 atto.
1761 2569 1829 2623 '7.

167 2656 277 2721 Qui
304 2672 454 2728 ergo
495 2662 679 2726 negat
707 2658 993 2728 Spiritum
1025 2673 1062 2713 a
1092 2657 1232 2713 Filio
1263 2657 1608 2730 procedere,
1658 2662 1843 2728 negat

165 2745 395 2818 pariter
416 2745 602 2802 verba
633 2762 748 2802 sua
775 2746 853 2803 ab
872 2746 1006 2819 ipso
1027 2761 1177 2803 esse.
1199 2746 1630 2803 Verumtamen
1657 2761 1842 2802 evan-

166 2835 386 2905 gelista
404 2852 426 2890 :
451 2836 844 2903 Mirabantur
869 2851 1068 2892 omnes
1100 2852 1164 2892 in
1185 2837 1380 2894 verbis
1409 2837 1648 2907 gratim,
1705 2851 1840 2908 quae

154 2923 576 2994 procedebant
624 2939 725 2981 ore
757 2926 884 2994 ejus
913 2925 987 2978 ³⁸.

165 3013 325 3079 Quid
410 3013 637 3085 plura?
687 3016 827 3086 Ipsa
891 3028 1158 3087 namque
1237 3013 1480 3080 Veritas,
1569 3012 1912 3097 Salvatorc

162 3107 398 3174 noster,
421 3102 634 3160 volens
663 3118 912 3160 omnem
936 3102 1394 3181 ambiguitatem
1414 3103 1593 3160 istam
1619 3103 1692 3159 de
1717 3119 1840 3160 me-

163 3191 266 3248 dio
286 3208 625 3256 removere,
653 3196 792 3265 post
816 3191 1072 3263 gloriam
1093 3192 1545 3248 resurrectionis
1569 3209 1691 3248 suae
1707 3192 1839 3263 jam

161 3280 532 3338 immortalis
551 3281 745 3338 factus
763 3285 819 3337 et
832 3280 1242 3354 impassibilis,
1261 3282 1543 3354 Spiritum
1559 3287 1838 3337 sanetum

164 3386 237 3427 ex
266 3386 334 3426 se
382 3369 814 3444 procedentem
843 3370 1129 3439 ostendit,
1178 3386 1318 3426 cum
1347 3370 1652 3442 inspirans
1695 3369 1839 3426 diei-

162 3460 324 3534 pulis
356 3460 442 3516 ait
467 3477 479 3514 :
516 3459 791 3530 Accipite
809 3460 1108 3529 Spiritum
1136 3465 1412 3516 sanctum
1434 3461 1620 3527 '9,etc.
1647 3462 1837 3526 Quam

163 3548 592 3607 auctoritatem
622 3548 840 3605 beatus
872 3548 1234 3604 Athanasius
1269 3563 1580 3621 exponens
1614 3548 1675 3604 in
1710 3565 1837 3605 ser-

157 3653 342 3694 mone
398 3636 475 3694 de
526 3651 618 3704 ea,
651 3653 789 3710 quae
819 3637 881 3693 in
941 3652 1144 3705 carne,
1178 3635 1630 3709 dispensatione
1662 3628 1836 3694 Verbi

155 3724 283 3791 Dei,
313 3729 372 3780 et
405 3724 483 3780 de
510 3725 788 3781 'I‘rinitate
817 3731 1030 3782 contra
1058 3725 1334 3792 Arianos,
1372 3727 1554 3795 cujus
1599 3725 1835 3781 initium

158 3819 243 3870 est
274 3830 288 3869 :
325 3813 442 3880 Qui
469 3814 782 3885 malitiose,
813 3819 949 3880 etc.,
974 3813 1058 3869 sic
1084 3813 1228 3870 dicit
1260 3831 1273 3870 :
1301 3816 1579 3887 «Propter
1609 3815 1725 3870 hoc
1752 3814 1838 3870 in'

154 3902 359 3960 suiﬂat
378 3903 441 3959 in
462 3903 681 3960 faciem
702 3903 1120 3977 apostolorum
1141 3904 1346 3959 dicens
1368 3923 1380 3960 :
1404 3905 1682 3974 Accipite
1703 3901 1837 3975 Spi’

154 3994 343 4049 ritum
398 3997 702 4058 sanctum,
728 3997 795 4048 ut
847 3992 1178 4062 discamus,
1221 3992 1389 4064 quod
1446 3992 1522 4048 de
1579 3992 1834 4066 plenitu’

150 4079 295 4137 dine
325 4081 660 4138 Divinitatis
709 4085 820 4147 est,
866 4096 991 4154 qua
1023 4080 1208 4137 datur
1260 4081 1512 4153 Spiritus
1571 4088 1822 4138 sanctus

153 4167 438 4242 dicipulis
455 4186 482 4225 τε
505 4170 572 4225 1η
593 4168 836 4226 Christo
859 4168 1271 4242 enim,inquit,
1297 4169 1412 4226 hoc
1431 4173 1539 4241 est,
1567 4170 1627 4227 in
1650 4187 1832 4228 carne

153 4259 305 4329 ejus,
345 4257 586 4317 habitat
611 4260 803 4316 omnis
829 4259 1148 4328 plenitudo
1176 4260 1533 4315 Divinitatis
1562 4261 1631 4314 ³ο.
1668 4251 1833 4318 Sicut

154 4350 419 4404 Joannes
443 4347 714 4421 Baptista
742 4347 904 4404 dicit:
933 4347 1056 4404 Nos
1083 4353 1281 4404 autem
1311 4364 1508 4406 omnes
1529 4349 1602 4406 de
1627 4351 1826 4419 pleni-

155 4436 366 4493 tudine
380 4438 510 4507 ejus
525 4438 862 4506 accepimus
880 4437 926 4472 εί
948 4475 964 4500 ,
990 4459 1010 4484 ι
1034 4439 1146 4493 etc.
1169 4435 1670 4509 Corporalietiam
1688 4454 1826 4512 spe-

156 4525 245 4582 cie
283 4525 453 4581 visus
479 4529 570 4582 est
607 4525 861 4598 Spiritus
910 4529 1152 4582 sanctus
1185 4525 1338 4582 sicut
1381 4525 1667 4585 columba
1721 4527 1824 4584 de-

157 4613 432 4683 scedens,
470 4618 527 4671 et
573 4629 829 4672 manens
867 4629 1049 4688 super
1079 4629 1242 4671 eum.
1292 4617 1358 4671 In
1410 4615 1588 4671 nobis
1622 4621 1824 4674 autem

156 4703 380 4776 pignus
404 4707 462 4759 et
512 4702 788 4776 primitiae
819 4702 1153 4760 Divinitatis
1172 4702 1467 4772 habitant,
1498 4704 1560 4760 in
1593 4704 1694 4762 illo
1719 4722 1824 4764 au-

157 4798 278 4849 tem
305 4791 624 4865 plenitudo
647 4792 1000 4862 Divinitatis,
1016 4809 1092 4849 ne
1118 4793 1256 4866 quis
1283 4796 1472 4866 putet,
1502 4794 1669 4869 quod
1697 4811 1823 4853 non

152 4881 391 4939 habens
421 4881 729 4953 Spiritum,
760 4882 965 4954 ipsum
995 4886 1138 4938 tunc
1187 4881 1437 4955 accepit.
1472 4887 1603 4956 Ipse
1658 4885 1821 4942 enim

156 4971 360 5044 ipsum
391 4969 715 5027 desursum
743 4971 1019 5028 mittebat
1051 4975 1115 5027 ut
1170 4972 1347 5040 Deus,
1377 4976 1434 5028 et
1463 4971 1590 5045 ipse
1617 4973 1820 5047 ipsum

157 5059 447 5117 deorsum
484 5059 813 5133 recipiebat
869 5063 935 5116 ut
988 5059 1195 5117 homo.
1255 5062 1337 5116 Ex
1393 5059 1530 5134 ipso
1562 5078 1705 5134 ergo
1757 5064 1820 5120 in

158 5149 358 5221 ipsum
387 5145 819 5218 descendebat,
846 5165 920 5205 ex
949 5147 1257 5206 divinitate
1285 5148 1418 5220 ejus
1451 5150 1512 5206 in
1542 5149 1819 5210 humani-

159 5242 362 5296 tatem.
387 5259 415 5288 »
447 5239 516 5295 Et
541 5237 659 5295 hoc
687 5237 938 5312 quidem
964 5237 1354 5296 Athanasius.

225 5364 273 5397 ²⁶
308 5363 480 5434 toan.
514 5377 592 5429 ιιι,
621 5365 710 5420 34.
814 5364 862 5398 ²⁵
890 5364 1008 5418 Luc
1039 5378 1159 5434 VIII,
1193 5365 1283 5418 46.

161 5434 207 5469 ³⁸
236 5433 459 5490 Coloss.
491 5448 552 5505 ιι,
586 5438 640 5490 9.
732 5434 777 5470 ³³
809 5435 985 5490 Joan.
1016 5449 1054 5505 1,
1085 5433 1174 5492 l6.

163 5505 208 5542 "
235 5505 403 5565 Rom.
434 5519 553 5579 vui,
588 5507 642 5564 9.
717 5505 762 5542 ⁸⁷
794 5506 970 5566 Joan.
1006 5510 1084 5578 vi,
1118 5507 1207 5564 64.

1387 5364 1434 5398 ²⁶
1469 5363 1604 5421 Luc.
1635 5381 1718 5434 vr,
1751 5367 1842 5426 19.

1277 5434 1324 5470 ³³
1356 5434 1554 5494 Matth.
1588 5452 1648 5505 χ,
1689 5440 1779 5495 20.

1884 5438 1932 5474 ³³
1959 5439 2129 5498 toan.
2162 5454 2218 5504 κ,
2249 5441 2337 5496 30.

1955 1768 2013 1819 et
2038 1780 2162 1820 non
2192 1763 2446 1834 dignum
2478 1765 2555 1821 sit
2586 1765 2954 1838 exemplum.
2990 1765 3204 1822 Omnia
3237 1764 3398 1821 enim
3432 1781 3607 1837 supe-

1952 1851 2108 1910 rabit
2138 1853 2311 1910 Deus.

2026 1944 2169 1998 Item
2244 1943 2594 2000 Anastasius
2665 1943 3007 2016 patriarcha
3052 1943 3482 2012 Antiochenus,
3543 1943 3607 2000 in

1955 2022 2235 2088 sermone
2270 2033 2345 2088 de
2374 2038 2538 2090 recta
2565 2033 2806 2089 veritate
2835 2033 3210 2103 dogmatum,
3265 2033 3366 2104 qui
3391 2033 3478 2088 sic
3521 2033 3608 2089 in-

1953 2119 2097 2192 cipit
2125 2138 2138 2176 :
2196 2122 2486 2178 Dominus
2514 2124 2670 2178 Deus
2699 2137 2861 2179 meus
2873 2123 3174 2192 fortitudo
3195 2137 3344 2192 mea,
3369 2125 3478 2178 etc.
3486 2162 3504 2192 ,
3530 2123 3607 2177 de

1953 2210 2171 2282 Spiritu
2206 2215 2417 2268 sancto
2452 2211 2539 2268 sic
2590 2215 2873 2268 testatur:
2942 2235 2963 2261 ι
3023 2212 3252 2268 Etenim
3307 2211 3602 2267 Dominus

1955 2297 2160 2371 ipsum
2211 2299 2495 2371 Spiritum
2543 2315 2616 2356 ex
2675 2315 2739 2354 se
2794 2299 3123 2356 ostendens
3189 2299 3465 2361 existere,
3521 2299 3608 2355 in-

1955 2387 2212 2444 sufﬂans
2244 2388 2446 2445 aiebat
2481 2405 2494 2443 :
2521 2390 2792 2458 Accipite
2811 2389 3106 2458 Spiritum
3133 2394 3430 2444 sanctum.
3465 2406 3496 2440 ›

2025 2479 2273 2546 Ecce,ut
2300 2477 2803 2548 diximus,omnia
2832 2494 2967 2551 quae
2996 2477 3340 2534 necessaria
3370 2477 3608 2534 suntad

1953 2565 2228 2634 salutem,
2261 2572 2363 2624 aut
2405 2567 2699 2640 explicite,
2749 2572 2852 2624 aut
2881 2567 3165 2640 implicita
3209 2567 3428 2639 scripta
3469 2572 3609 2622 sunt

1951 2653 2014 2710 in
2045 2657 2366 2727 Evangelio
2395 2676 2408 2713 :
2441 2657 2608 2730 quod
2659 2674 2730 2713 ex
2778 2657 2971 2724 dictis,
3007 2663 3064 2714 et
3104 2657 3442 2714 subsecutis
3475 2672 3608 2713 san-

1952 2749 2185 2801 ctorum
2235 2746 2587 2803 testimoniis
2646 2747 3064 2819 probavimus,
3119 2752 3176 2804 et
3217 2748 3280 2804 in
3333 2745 3606 2820 sequenti

1951 2834 2213 2906 capitulo
2244 2834 2618 2892 manifestius
2650 2837 2984 2908 apparebit.

2511 2978 2612 3033 Ad
2645 2984 2929 3050 quartum
2956 2979 3175 3034 solutio

2019 3101 2107 3157 Ad
2127 3105 2413 3173 quartum
2430 3101 2754 3173 objectum,
2775 3119 2898 3175 quo
2919 3102 3164 3158 dicitur:
3185 3125 3213 3152 ‹‹
3230 3109 3276 3158 Α
3294 3105 3460 3159 Patre
3480 3106 3604 3161 tan—

1949 3193 2075 3246 tum
2103 3190 2250 3247 dixit
2272 3191 2447 3247 Filius
2478 3192 2800 3263 procedere
2835 3192 3138 3264 Spiritum,
3177 3196 3234 3248 et
3261 3208 3385 3248 non
3431 3193 3600 3249 addi-

1948 3277 2052 3342 dit,
2080 3294 2116 3334 a
2145 3278 2308 3347 Filio,
2346 3302 2366 3328 ι
2402 3279 2662 3335 dicimus
2684 3279 2852 3352 quod
2881 3295 3000 3336 non
3025 3286 3114 3337 est
3142 3296 3407 3348 necesse,
3431 3279 3599 3354 quod

1947 3367 2294 3439 ubicunque
2352 3368 2677 3424 subticetur
2732 3383 2854 3424 una
2914 3384 3195 3441 persona,
3255 3367 3604 3425 excludatur

1945 3455 2102 3528 ipsa,
2132 3460 2188 3512 et
2220 3471 2342 3512 non
2371 3456 2733 3526 intelligatur
2769 3474 2781 3523 ;
2814 3457 2980 3529 quod
3010 3458 3124 3514 isto
3147 3457 3332 3514 modo
3358 3458 3418 3512 in
3450 3457 3602 3514 mul-

1945 3548 2036 3601 tos
2068 3560 2296 3600 errores
2328 3545 2754 3617 praecipitasset
2805 3563 2917 3602 nos
2942 3546 3074 3618 ipsa
3124 3547 3369 3614 Veritas,
3421 3547 3600 3603 Filius

1947 3633 2070 3690 Dei.
2097 3635 2265 3691 Verbi
2287 3636 2498 3706 gratia,
2524 3636 2586 3691 in
2614 3637 2939 3706 Evangelia
2971 3636 3274 3709 Scriptum
3299 3637 3557 3707 legimus
3581 3654 3594 3692 :

1943 3725 2082 3780 Non
2107 3727 2262 3781 enim
2280 3741 2380 3782 vos
2391 3732 2527 3782 estis
2539 3727 2645 3797 qui
2657 3728 2987 3797 loquimini,
3007 3728 3110 3782 sed
3123 3728 3380 3796 Spiritus
3394 3727 3598 3782 Patris

1946 3816 2131 3870 vestri
2153 3830 2255 3886 qui
2282 3816 2552 3885 loquitur
2573 3816 2634 3870 in
2655 3816 2818 3871 vobis
2842 3817 2888 3851 ³³
2915 3857 2928 3871 .
2964 3816 3110 3870 Item
3140 3835 3152 3871 :
3184 3816 3311 3885 Ego
3337 3820 3391 3871 et
3419 3816 3598 3870 Pater

1945 3918 2130 3960 unum
2157 3919 2360 3960 sumus
2382 3904 2451 3971 ³³,
2476 3903 2625 3958 dixit
2647 3903 2843 3970 Filius,
2873 3907 2931 3960 et
2949 3902 3177 3959 nullam
3202 3902 3597 3958 mentionem-

1943 3990 2080 4047 feeit
2124 3991 2198 4048 de
2248 3991 2467 4064 Spiritu
2498 3996 2730 4049 sancto.
2761 3995 2828 4061 Et
2857 3993 3070 4047 iterum
3105 4009 3118 4046 :
3155 3993 3242 4048 De
3273 3992 3368 4048 die
3394 3995 3593 4048 autem

1943 4086 1998 4137 et
2026 4082 2178 4138 hora
2209 4083 2325 4138 illa
2355 4096 2524 4138 nemo
2549 4083 2658 4138 scit
2687 4082 2806 4138 nisi
2832 4084 3005 4138 Pater
3031 4081 3078 4116 3‘
3109 4122 3122 4136 .
3153 4085 3297 4137 Item
3326 4081 3547 4137 Paulus
3573 4099 3587 4134 :

1940 4159 2106 4226 Misit
2130 4172 2289 4227 Deus
2313 4171 2608 4241 Spiritum
2635 4171 2785 4226 Filii
2804 4172 2900 4226 sui
2921 4172 2967 4205 ³⁵
2998 4213 3013 4237 ,
3045 4185 3168 4226 non
3197 4169 3358 4238 dicit,
3387 4187 3586 4227 suum.

1940 4261 2008 4315 Et
2037 4259 2251 4317 iterum
2277 4277 2289 4315 :
2325 4259 2392 4316 Si
2416 4259 2552 4332 quis
2569 4259 2860 4330 Spiritum
2886 4260 3250 4316 Christinon
3272 4259 3468 4330 habet,
3495 4261 3590 4316 hic

1938 4364 2057 4404 non
2070 4354 2154 4404 est
2170 4351 2298 4419 ejus
2310 4350 2386 4402 36.
2414 4351 2554 4405 Item
2573 4347 2754 4404 Filius
2770 4347 2830 4403 in
2847 4336 3183 4419 Evangilio:
3206 4349 3463 4421 Spiritus
3479 4355 3583 4406 est.

1935 4438 2043 4510 qui
2061 4439 2324 4507 viviﬁcat
2338 4438 2382 4473 ³⁷
2395 4479 2408 4493 .
2426 4438 2482 4494 Si
2499 4437 2679 4508 igitur
2699 4436 2799 4494 illa
2821 4437 2951 4496 sola
2970 4453 3231 4511 persona
3245 4438 3588 4508 intelligitur

1933 4528 1995 4584 in
2015 4527 2111 4583 his
2133 4526 2700 4597 auctoritatibus,de
2717 4542 2841 4599 qua
2853 4526 2919 4583 ﬁt
2935 4528 3180 4594 mentio,
3201 4532 3257 4584 et
3289 4543 3414 4584 non
3434 4527 3582 4583 alia:

1933 4633 2076 4688 ergo
2123 4617 2396 4690 Spiritus,
2427 4615 2613 4673 Patris
2644 4620 2882 4672 tantum
2911 4621 3000 4673 est
3053 4617 3326 4689 Spiritus,
3356 4622 3413 4673 et
3460 4632 3584 4673 non

1933 4707 2079 4776 Filii,
2110 4707 2256 4781 quia
2285 4707 2360 4763 de
2388 4707 2535 4764 Filio
2574 4722 2701 4764 non
2729 4706 2797 4763 ﬁt
2823 4707 3071 4775 mentio,
3102 4707 3217 4762 nisi
3267 4707 3342 4763 de
3391 4710 3580 4764 Patre.

1930 4797 2078 4854 Item
2108 4796 2272 4852 solus
2304 4797 2555 4870 Spiritus
2579 4795 2863 4870 loquitur,
2898 4800 2956 4852 et
2987 4810 3110 4850 non
3137 4799 3322 4867 pater,
3355 4794 3450 4850 vel
3492 4795 3581 4851 Fi-

1927 4885 2062 4943 lius.
2088 4887 2233 4943 Item
2254 4887 2338 4943 sic
2355 4889 2522 4944 Pater
2540 4886 2707 4943 novit
2726 4902 2863 4958 quae
2881 4889 3133 4941 ventura
3158 4887 3298 4939 sunt
3325 4884 3581 4940 novissi-

1928 4975 2044 5032 mis
2073 4974 2311 5043 diebus,
2359 4978 2416 5032 et
2442 4990 2562 5032 non
2593 4974 2896 5047 Sapientia
2939 4971 3087 5043 ejus,
3119 4970 3182 5026 id
3212 4975 3318 5038 est,
3378 4970 3582 5042 Filius,

1927 5065 2023 5122 vel
2047 5063 2298 5138 Spiritus
2324 5067 2596 5121 sanctus.

1998 5155 2145 5210 Item
2172 5173 2185 5210 :
2223 5153 2365 5220 Quis
2392 5157 2481 5209 est
2497 5153 2610 5209 iste
2637 5151 2883 5224 Spiritus
2913 5149 3061 5216 Filii,
3093 5164 3278 5223 quem
3309 5150 3582 5209 immittit

1929 5243 2103 5302 Pater
2121 5243 2184 5300 in
2207 5241 2394 5301 corda
2413 5241 2785 5300 credentium
2804 5241 2832 5296 ?
2852 5239 3154 5313 numquid
3173 5239 3329 5297 alius
3353 5239 3463 5298 erit
3495 5241 3575 5298 ab

1938 5369 1982 5402 ³⁷
2019 5368 2154 5423 Luc:
2186 5353 2462 5432 xxn',‘49.
2541 5365 2588 5399 ²⁸
2621 5364 2758 5436 Luc.
2784 5378 2862 5433 IV,
2893 5368 2982 5419 22.
3059 5366 3107 5400 ³³
3137 5365 3308 5436 Joan.
3348 5381 3446 5436 xx,
3480 5365 3574 5420 2t.

2435 5436 2484 5472 ⁸⁵
2513 5434 2712 5494 Matth.
2745 5450 2906 5508 ΠΝ,
2938 5439 3028 5494 36.
3119 5437 3164 5472 ³⁵
3198 5434 3382 5496 Galat.
3417 5434 3490 5501 iv,
3525 5440 3579 5492 6.
