4020 6310
431 256 537 337 2'99

1603 260 2080 331 PANTALEONlS
2120 246 2407 328 omnem
2447 268 2558 326 cr.

3749 260 3905 320 500

434 403 591 478 ipso,
614 401 689 460 de
723 384 847 477 quo
870 400 1156 475 scriptum
1180 402 1267 458 est
1290 418 1302 457 :
1328 398 1584 471 Spiritus
1604 399 1897 465 veritatis,
1923 399 2085 471 quia
2117 392 2164 452 Α
2192 395 2358 469 quod
2388 408 2511 451 non
2543 388 2777 449 alienus
2833 392 2922 447 est
2972 386 3051 448 ab
3107 386 3365 446 essentia
3424 387 3550 478 Filii
3599 387 3905 463 Spiritus

432 495 622 552 Patre
665 493 937 564 procedit
975 492 1021 527 ³⁸
1046 493 1075 548 ?
1104 493 1244 547 Item
1276 490 1350 546 de
1381 506 1638 563 persona
1669 488 1860 546 Patris
1891 487 2085 545 Domi-

434 598 553 640 nus
576 582 636 638 in
654 581 975 651 Evangelio
988 581 1241 653 loquens
1266 580 1348 637 ait
1363 598 1375 636 :
1391 580 1456 635 Si
1470 578 1811 635 dimiseritis
1834 576 2083 635 homini-

437 670 543 729 bus
565 676 807 749 peecata
831 686 1053 739 eorum,
1076 670 1261 726 Pater
1273 675 1462 726 vester
1486 670 1743 725 dimittet
1765 668 1926 724 vobis
1946 664 2082 737 pec-

436 768 573 818 cata
599 765 795 817 vestra
813 760 859 794 39
894 777 907 828 ;
937 763 993 814 et
1013 759 1225 814 iterum
1251 775 1263 813 :
1287 758 1859 828 Quicunque/ecerit
1877 754 2082 812 volun-

435 855 611 907 tatem
642 849 845 905 Patris
872 849 987 904 mei
1015 848 1120 919 qui
1140 851 1199 903 in
1222 849 1385 904 coctis
1411 853 1493 903 est
1518 847 1599 901 ⁸ο.
1630 844 1915 918 Nunquid
1944 848 2001 901 et
2020 845 2082 900 in

367 1010 379 1018 _
430 937 526 994 his
561 952 827 1010 persona
851 935 998 1005 Filii,
1032 951 1155 992 non
1184 935 1529 1007 intelligitur
1556 953 1570 1003 ;
1603 950 1791 1007 quare
1821 933 2081 990 excludi-

432 1031 544 1096 tur,
578 1041 716 1082 cum
756 1025 992 1095 dicitur,
1043 1026 1307 1094 Spiritus
1341 1025 1633 1089 veritatis,
1679 1024 1785 1096 qui
1813 1038 1851 1079 a
1906 1027 2083 1079 Patre

422 1114 748 1185 procedit?
785 1112 1113 1186 praesertim
1158 1128 1297 1167 cum
1326 1110 1401 1167 de
1433 1128 1495 1167 se
1522 1111 1771 1167 Veritate
1800 1110 2083 1183 loquatur

432 1202 634 1272 Filius,
664 1207 845 1275 prout
868 1201 929 1259 in
954 1200 1436 1275 praecedentibus
1458 1201 1942 1256 demonstratum
1973 1203 2077 1255 est.

431 1291 601 1349 Nulla
631 1297 723 1348 est
746 1293 918 1361 ratio,
946 1291 1059 1347 nisi
1089 1291 1235 1363 quia
1265 1291 1349 1346 sic
1378 1290 1603 1363 placuit
1632 1289 1847 1346 Graecis
1875 1289 2084 1345 adver-

431 1381 552 1437 sari
601 1378 963 1438 volentibus.
993 1382 1417 1435 Verumtamen
1462 1378 1714 1434 ﬁrmiter
1761 1378 2082 1446 credimus,

430 1475 488 1528 et
515 1470 805 1527 catholice
835 1476 1129 1540 tenemus,
1157 1468 1319 1542 quod
1349 1468 1676 1542 aliquando
1698 1468 1879 1524 solius
1896 1466 2082 1524 Patris

428 1577 655 1618 nomen
685 1560 930 1634 ponitur
957 1562 1017 1616 in
1042 1560 1364 1628 lOcutione,
1392 1565 1447 1614 et
1470 1558 1660 1632 ipsius
1715 1558 1835 1616 Filii
1860 1574 2083 1616 nomen

313 1671 317 1675 ·
428 1649 810 1719 intelligitur:
840 1652 897 1706 et
924 1648 1253 1721 aliquando
1283 1663 1507 1704 nomen
1536 1647 1662 1704 Filii
1701 1648 1762 1704 in
1818 1646 1911 1704 his
1962 1664 2084 1705 non

2195 487 2463 554 sanctus,
2518 481 2627 538 sed
2669 480 2731 535 in
2760 480 2917 552 ipso,
2952 484 3009 534 et
3050 494 3123 535 ex
3152 478 3305 551 ipso,
3359 477 3535 551 quasi
3579 478 3897 550 operatio

2190 573 2471 645 quaedem
2490 569 2782 628 naturalis
2801 569 3029 625 ommia
3044 573 3262 643 potens
3283 567 3539 642 explere,
3563 578 3851 640 quaecum
3867 597 3896 606 —

2191 679 2304 736 que
2336 669 2393 720 et
2420 661 2566 718 vult.
2607 684 2627 710 ι

2264 760 2331 817 Et
2356 764 2494 833 post
2520 766 2736 833 panca,
2768 757 2969 815 verbis
2998 756 3373 830 respondens
3403 756 3883 821 haereticorum,

2190 849 2540 918 dicentium,
2561 848 2843 920 Spiritum
2866 845 3283 919 imperfectum
3318 862 3467 912 esse,
3491 849 3549 902 et
3569 843 3725 900 nihil
3748 843 3887 898 ha-

2189 936 2430 996 bentem
2476 954 2550 994 ex
2597 954 2681 1003 se,
2711 935 2818 991 sed
2849 952 2921 991 ex
2949 934 3403 1007 participatione
3439 934 3885 997 exsistentem,

2190 1033 2437 1100 propter
2462 1026 2597 1092 hoc,
2657 1024 2822 1098 quod
2868 1023 2942 1079 de
2994 1022 3128 1096 ipso
3158 1023 3300 1080 dicit
3348 1023 3681 1079 Dominus:
3716 1020 3885 1076 Non

2191 1118 2349 1173 enim
2380 1118 2660 1193 loquetur
2684 1130 2720 1171 a
2747 1117 3055 1183 semetipso
3084 1114 3131 1148 "
3158 1158 3171 1181 ,
3202 1119 3338 1177 etc.,
3394 1113 3479 1168 sic
3511 1112 3595 1168 ait
3624 1130 3639 1166 :
3673 1135 3696 1161 ι
3730 1114 3889 1167 Non

2193 1206 2355 1263 enim
2376 1203 2791 1276 imperfectum
2817 1203 3101 1274 Spiritum
3133 1201 3459 1257 ostendens
3478 1202 3594 1257 hoc
3623 1199 3702 1256 de
3726 1199 3890 1272 ipso

2193 1294 2276 1350 ait
2318 1293 2606 1357 Salvator,
2664 1291 2772 1347 sed
2820 1297 2884 1346 ut
2937 1290 3133 1358 magis
3177 1288 3459 1346 certiﬁcet
3516 1289 3882 1354 audientes,

2192 1382 2361 1455 quod
2395 1381 2664 1438 essentia:
2695 1380 2987 1437 exsistens
3036 1381 3188 1451 ejus,
3222 1393 3347 1435 non
3377 1379 3541 1435 aliud
3570 1377 3727 1451 quid
3774 1377 3885 1432 lo—

2194 1472 2416 1543 quitur,
2448 1486 2631 1543 quam
2664 1469 2830 1543 quod
2874 1462 3011 1542 ipse
3032 1468 3172 1536 vult,
3207 1474 3265 1524 et
3294 1483 3508 1524 sensus
3563 1468 3889 1524 exsistens

2195 1561 2325 1631 ejus
2372 1561 2545 1631 juxta
2586 1560 2650 1614 B.
2703 1557 2943 1614 Paulum
2976 1557 3275 1613 dicentem
3312 1557 3398 1612 .de
3449 1556 3712 1629 Spiritu:
3742 1556 3886 1611 Nos

2195 1664 2429 1705 sensum
2447 1648 2682 1705 Christi
2694 1648 2977 1704 habemus
2996 1647 3072 1701 ‘3:
3095 1645 3190 1701 ille
3203 1654 3449 1719 prorsus
3461 1643 3887 1701 rationabitur

429 1737 805 1808 intelligitur,
841 1732 931 1794 vel
978 1737 1227 1810 Spiritus
1280 1737 1490 1805 sancti,
1549 1741 1605 1793 et
1651 1736 1800 1810 ipsis
1850 1742 2086 1795 tantum
2125 1746 2163 1801 Β
2197 1742 2253 1794 et
2273 1735 2593 1803 ordinabit,
2618 1752 2754 1810 quae
2782 1741 2839 1792 et
2864 1736 3014 1809 ipse,
3042 1736 3215 1806 cujus
3241 1739 3330 1791 est
3355 1749 3588 1790 sensus.
3613 1734 3887 1805 Propter

429 1827 714 1900 personis
740 1826 1036 1893 convenit,
1066 1830 1123 1883 et
1144 1842 1265 1882 non
1291 1825 1467 1882 Patri.
1497 1826 1611 1883 Sed
1642 1830 1784 1882 tunc
1813 1827 2086 1883 conside-

425 1932 561 1972 rare
591 1921 844 1988 oportet,
897 1916 944 1971 si
975 1916 1035 1971 id
1066 1916 1231 1989 quod
1260 1916 1335 1971 de
1387 1932 1510 1972 una
1558 1931 1820 1989 persona
1849 1916 2086 1984 dicitur,

424 2006 614 2080 possit
629 2005 949 2061 convenire
962 2005 1113 2071 aliis,
1136 2004 1384 2062 servatis
1402 2004 1872 2078 proprietatibus
1889 2006 2092 2062 unius-

425 2094 719 2166 cujusque
749 2100 1023 2166 persona:
1052 2093 1179 2149 sine
1211 2093 1589 2150 confusione.
1620 2093 1791 2150 Unde
1834 2093 2092 2150 dicimus

424 2181 586 2255 quod
620 2183 901 2256 quaedam
934 2184 1299 2240 conveniunt
1325 2180 1436 2239 soli
1465 2183 1634 2251 Patri,
1666 2183 1951 2256 quaedam
1976 2181 2093 2239 soli

425 2266 593 2339 Filio,
622 2271 901 2342 quaedam
934 2270 1042 2327 soli
1061 2270 1289 2342 spiritui
1308 2271 1837 2335 sancto.Quaedam
1858 2271 2011 2327 Patri
2035 2274 2092 2327 et

425 2358 591 2424 Filio,
638 2362 696 2414 et
754 2357 997 2431 Spiritui
1028 2363 1263 2425 sancto,
1318 2364 1374 2416 et
1422 2360 1706 2431 quaedam
1759 2359 1943 2415 simul
1990 2359 2092 2416 tri-

423 2446 544 2504 bus
574 2446 872 2518 personis.
899 2446 1057 2502 Patri
1107 2450 1342 2503 tantum
1372 2448 1650 2504 convenit
1703 2448 1818 2504 hoc
1865 2463 2092 2504 nomen

422 2536 750 2607 ingenitus,
776 2536 1244 2605 inprincipiatus
1267 2540 1321 2595 et
1341 2539 1579 2607 genitor
1597 2557 1620 2603 ,ι
1642 2537 1806 2608 Filio,
1829 2539 2091 2609 genitus,

431 2629 489 2682 et
504 2625 909 2695 principiatus
940 2641 953 2691 ;
981 2625 1224 2698 Spiritui
1257 2632 1466 2683 sancto
1489 2628 1814 2697 procedens
1849 2645 1862 2696 ;
1894 2633 1949 2684 et
1978 2627 2094 2684 hoc

429 2729 678 2785 nomen,
737 2713 988 2786 Spiritus
1041 2719 1307 2783 sanctus,
1359 2716 1749 2789 appropriato
1795 2716 2095 2774 vocabulo

434 2803 592 2860 Patri
610 2807 667 2860 et
696 2800 840 2860 Filio
856 2808 948 2860 est
976 2820 1321 2873 commune,
1342 2808 1469 2862 tam
1491 2789 1825 2863 secundum
1858 2809 2094 2863 Graecos

437 2896 704 2959 sanctos,
732 2909 919 2966 quam
952 2892 1289 2952 secundum
1334 2895 1608 2964 Latinos;
1642 2896 1805 2963 dare,
1837 2898 2094 2967 mittere,

437 2986 496 3039 et
525 2982 759 3049 habere,
789 2987 847 3039 et
875 2984 1126 3055 apirare,
1164 2989 1377 3041 sancto
1407 2986 1647 3058 Spiritui
1688 3001 1833 3042 vero
1867 2991 1924 3042 et
1954 2986 2099 3043 Filio

2196 1828 2311 1883 hoc
2338 1826 2486 1883 nihil
2512 1843 2586 1882 ex
2617 1840 2678 1881 se
2708 1827 2842 1897 ipso
2875 1825 3161 1897 Spiritum
3191 1822 3533 1880 locuturum
3584 1820 3883 1879 afﬁrma-

2198 1916 2300 1981 vit,
2356 1916 2538 1988 quasi
2587 1910 2936 1983 dicatzEgo
2985 1929 3120 1968 sum
3171 1912 3387 1969 iterum
3438 1911 3542 1984 qui
3597 1912 3879 1983 loquor;

2198 2006 2359 2062 velut
2390 2005 2444 2063 si
2465 2008 2524 2062 et
2551 2002 2655 2077 qui
2680 2004 2742 2060 in
2767 2003 3014 2060 homine
3040 2006 3128 2058 est
3151 2017 3386 2071 sensus,
3414 2002 3578 2058 dicat
3605 1999 3683 2055 de
3720 2015 3879 2071 pro-

2200 2094 2449 2151 cedente
2470 2111 2543 2150 ex
2564 2111 2626 2150 se
2646 2094 2779 2166 ipso
2799 2093 3028 2148 ratione
3053 2109 3065 2146 :
3092 2095 3218 2147 Non
3240 2091 3519 2163 loquetur
3538 2106 3576 2146 a
3615 2105 3679 2145 se
3724 2090 3881 2160 ipso

2201 2182 2451 2256 aliquid,
2486 2183 2592 2238 sed
2622 2195 3003 2255 quaecunque
3034 2179 3237 2235 audiet
3262 2180 3550 2251 lquetur.
3588 2200 3614 2229 ››

2272 2273 2341 2329 Et
2374 2271 2573 2328 statim
2599 2274 2742 2343 post
2772 2268 2977 2342 aliqua
3018 2267 3206 2324 verba
3234 2266 3580 2341 interposita
3601 2261 3695 2322 'a‘it
3722 2281 3883 2322 san-

2202 2366 2330 2419 ctus
2352 2360 2640 2433 Cyrillus:
2674 2382 2696 2410 ι
2721 2359 2922 2416 Talem
2943 2357 3274 2431 quemdam
3296 2354 3661 2413 intellectum
3688 2371 3888 2427 opor—

2202 2455 2284 2508 tet
2309 2451 2579 2522 accipere
2608 2447 2683 2505 de
2716 2447 2936 2520 Spiritu
2968 2451 3197 2502 sancto.
3232 2448 3379 2503 Cum
3413 2446 3572 2501 enim
3611 2446 3889 2501 exsistat

2205 2538 2456 2614 Spiritus
2483 2540 2726 2594 sanctius
2756 2530 2987 2599 Christi,
3021 2535 3229 2591 omnia
3257 2540 3392 2607 quas
3423 2534 3548 2606 ipse
3596 2533 3889 2606 loquitur

2202 2627 2538 2702 discipulis,
2552 2641 2675 2682 non
2690 2625 3035 2698 inseparata
3044 2624 3315 2697 quadam
3329 2623 3633 2680 voluntate
3649 2621 3731 2678 ab
3769 2637 3881 2691 eo,

2203 2718 2264 2774 in
2286 2733 2409 2791 quo
2430 2721 2536 2785 est,
2557 2714 2822 2788 loquitur
2847 2733 2860 2770 :
2888 2711 2996 2769 sed
3016 2719 3310 2786 tanquam
3332 2728 3405 2768 ex
3427 2710 3688 2768 essentia
3706 2710 3888 2766 illitis

2202 2804 2553 2864 naturaliter
2598 2803 2951 2876 procedens,
2981 2807 3037 2858 et
3068 2807 3254 2858 totam
3309 2802 3681 2857 voluntatem
3734 2799 3887 2870 ejus

2203 2892 2462 2962 habens,
2498 2893 2653 2949 sicut
2681 2896 2737 2949 et
2766 2890 3200 2964 operationem.
3235 2912 3258 2940 n
3294 2888 3468 2955 Quod
3518 2890 3721 2945 autem
3770 2888 3888 2943 hic

2205 2982 2625 3041 transtulimus
2671 2982 3016 3053 procedens,
3069 2968 3131 3036 in
3176 2980 3379 3036 Graeco
3426 2976 3642 3033 dicitur
3676 2980 3880 3051 προίὀν

433 3086 759 3129 commune
808 3077 917 3136 est,
947 3073 1113 3145 quod
1139 3074 1324 3130 ambo
1355 3075 1647 3131 exsistunt
1675 3074 2035 3132 aeternaliter
2063 3090 2101 3131 a
2130 3099 2171 3155 ρ
2210 3076 2267 3129 et
2286 3088 2358 3128 ex
2383 3071 2556 3127 dictis
2586 3068 2955 3135 sanctoruin,
2989 3071 3045 3124 et
3066 3068 3123 3124 vi
3147 3068 3555 3138 grammatica;
3581 3065 3891 3137 aequipol-

434 3158 604 3217 Patre
635 3178 647 3217 :
673 3159 772 3216 hic
800 3176 909 3233 per
929 3161 1396 3233 processionem,
1426 3161 1522 3218 ille
1555 3168 1756 3220 autem
1783 3179 1890 3236 per
1925 3177 2102 3232 gene-

436 3249 758 3306 rationem.
782 3250 996 3306 Omnia
1013 3266 1155 3306 vero
1180 3250 1299 3307 alia
1316 3251 1716 3308 communiter
1736 3252 2104 3310 conveniunt

440 3336 630 3392 tribus
674 3338 969 3409 personis.
1004 3341 1087 3394 Ea
1129 3354 1292 3407 ergo,
1325 3357 1462 3412 quae
1492 3356 1614 3398 non
1655 3340 1935 3397 auferunt
1958 3356 2102 3412 pro-

443 3425 780 3499 prietatem,
812 3441 922 3481 nec
950 3427 1331 3484 confundunt
1354 3429 1820 3497 distinctionem,
1851 3446 1977 3486 non
2016 3434 2105 3487 est

446 3530 712 3582 necesse,
766 3514 815 3570 si
862 3514 1141 3571 dicantur
1172 3515 1247 3573 de
1296 3534 1419 3573 una
1466 3523 1722 3585 tantum,
1773 3520 1937 3592 quod
1986 3519 2106 3576 alia

448 3605 696 3676 propter
724 3602 841 3658 hoc
873 3601 1245 3660 excludatur.
1277 3606 1427 3671 Quia
1457 3607 1517 3662 in
1556 3607 1777 3663 talibus
1820 3608 1956 3664 licet
1982 3623 2105 3664 non

450 3691 812 3759 nominetur,
846 3694 1049 3748 tamen
1082 3709 1322 3767 semper
1343 3695 1819 3767 subintelligitur,
1844 3698 1960 3753 etsi
1981 3714 2105 3754 non

454 3780 850 3853 speciﬁcetur,
884 3784 949 3839 ut
978 3781 1039 3839 in
1064 3783 1397 3857 praemissis
1418 3790 1507 3840 est
1535 3791 1866 3841 ostensum.

457 3871 625 3939 Quod
656 3872 916 3943 Spiritus
945 3880 1189 3947 sanctus
1208 3875 1478 3944 procedit
1513 3892 1551 3932 a
1582 3876 1760 3947 Filio,
1783 3878 2108 3935 secundum

722 3964 729 3967 ν
882 3946 1201 4015 apostolos,
1231 3953 1285 4002 et
1320 3948 1579 4006 Graecos.

533 4141 785 4195 Ostenso
813 4138 991 4210 igitur
1015 4139 1183 4213 quod
1218 4142 1468 4214 Spiritus
1494 4142 1765 4215 procedit
1790 4160 1826 4200 a
1854 4142 2000 4201 Filio
2023 4159 2114 4200 se-

464 4226 732 4282 cundum
756 4228 1171 4298 Evangelium,
1195 4232 1529 4287 secundum
1548 4233 1715 4305 quod
1745 4233 2115 4289 sacridocto-

463 4331 557 4370 res
585 4314 764 4370 nobis
794 4320 1237 4388 exposuerunt:
1265 4324 1466 4390 restat,
1510 4324 1567 4376 et
1620 4338 1866 4377 necesse
1898 4329 2005 4387 est,
2053 4329 2120 4379 ut

465 4403 530 4459 in
560 4401 835 4474 pluribus
866 4405 1202 4460 mendaciis
1257 4406 1585 4464 adversarii
1613 4410 1878 4466 veritatis
1909 4412 2118 4484 depre-

468 4489 664 4558 hensi,
716 4505 925 4546 eorum
956 4492 1385 4550 assertionibus
1414 4495 1581 4552 nulla
1609 4496 1683 4553 de
1713 4503 1925 4555 caetero
1971 4499 2122 4557 ﬁdes

470 4570 851 4637 adhibeatnr.

545 4666 797 4741 Cyrillus
839 4667 922 4724 ita
965 4683 1280 4741 exponens
1319 4669 1480 4727 istud
1530 4673 1808 4734 verbum.
1857 4676 2023 4749 quod
2062 4676 2124 4733 in

472 4755 722 4814 Actibus
751 4754 1171 4831 apostolorum
1201 4758 1466 4831 positum
1497 4766 1585 4817 est
1612 4760 2127 4823 :Ministrantibus

472 4853 672 4904 autem
700 4846 972 4918 Domino,
994 4854 1049 4904 et
1060 4848 1502 4918 jejunantibus,
1525 4850 1684 4907 dixit
1705 4852 1966 4922 Spiritus
1996 4872 2130 4912 san-

475 4941 603 4992 ctus
622 4952 645 4992 .’
661 4935 971 5007 Segretate
990 4937 1143 4993 mihi
1162 4937 1501 4995 Bernabam
1524 4946 1579 4996 et
1597 4942 1853 4998 Saulum
1875 4945 1914 4977 υ
1928 4943 2029 5010 ,ita
2047 4943 2131 4999 di-

477 5023 585 5081 cit:
615 5046 643 5074 «
677 5025 735 5083 Si
758 5024 938 5097 igitur
958 5030 1213 5083 vocante
1238 5024 1405 5099 ipsos
1438 5027 1496 5083 in
1519 5028 1859 5101 apostolatu
1892 5021 2131 5105 Spiritu,

476 5128 514 5170 θ.
536 5115 679 5169 Jesu
726 5118 970 5172 vocatos
1001 5129 1106 5172 eos
1142 5113 1373 5183 dicunt,
1430 5118 1769 5175 ostenditur
1797 5124 2131 5185 manifeste.

549 5292 771 5372 {310m
796 5308 893 5361 xv,
907 5297 1010 5372 _26.
1037 5293 1361 5372 __‘f_Ma_tth.
1388 5311 1467 5363 vx,
1505 5298 1591 5353 14.
1668 5298 1716 5335 ⁴⁰
1747 5299 1943 5356 Matth.
1976 5317 2079 5372 xu,
2109 5304 2198 5358 50.

481 5362 529 5398 “
558 5364 579 5417 l
609 5363 741 5419 Cor.
773 5379 869 5432 x11,
903 5368 955 5420 3.
1033 5365 1081 5402 ‘5
1111 5367 1306 5424 Matth.
1341 5383 1543 5425 xxvui.

478 5486 871 5623 sua;

2208 3161 2339 3219 lens
2388 3159 2762 3229 dignoscitur
2804 3166 2876 3210 τῶ
2907 3162 3300 3230 εκπορευὸμινον
3330 3155 3662 3228 participio.
3687 3155 3889 3224 Cujus

2208 3248 2508 3324 participii
2536 3247 2789 3304 verbum
2812 3247 3028 3318 legitur
3056 3248 3118 3302 in
3152 3245 3491 3315 Evangelio,
3521 3243 3628 3299 ubi
3670 3258 3741 3297 ex
3768 3246 3885 3300 Pa-

2211 3344 2295 3396 tre
2325 3337 2467 3394 dicit
2497 3336 2781 3410 Spiritum
2810 3334 3151 3409 procedere.

2283 3436 2447 3493 ldem
2480 3438 2722 3491 sanctus
2746 3449 3053 3506 exponens
3090 3431 3270 3489 aliam
3302 3430 3683 3488 au‘toritatem
3709 3429 3886 3486 beati

2212 3520 2395 3595 Pauli,
2418 3524 2576 3580 idem
2600 3523 2811 3596 repetit
2832 3522 3037 3577 dicens
3060 3539 3072 3576 :
3102 3546 3122 3573 ι
3150 3514 3361 3576 Scribit
3382 3512 3601 3576 Paulus
3621 3518 3887 3592 quibus-

2212 3604 2355 3671 dam
2372 3613 2578 3669 dicens
2602 3611 2795 3668 taliter
2817 3629 2830 3666 :
2857 3612 3112 3679 Notiﬁco
3129 3617 3323 3667 autem
3342 3609 3501 3665 vobis
3519 3608 3680 3681 quod
3698 3623 3882 3664 nemo

2216 3704 2460 3776 loquens
2476 3704 2536 3758 in
2557 3703 2794 3771 Spiritu
2806 3702 2911 3757 Dei
2944 3700 3088 3756 dicit
3111 3699 3432 3755 anathema
3444 3699 3587 3754 Jesu
3603 3715 3616 3753 :
3634 3705 3885 3754 etnemo

2209 3794 2401 3865 potest
2417 3793 2629 3848 dicere:
2648 3792 2791 3846 Dom
2800 3793 2932 3846 inus
2943 3791 3113 3846 Jesus
3125 3790 3246 3844 nisi
3257 3790 3317 3843 in
3330 3788 3565 3857 Spiritu
3578 3794 3790 3843 sancto
3806 3787 3883 3840 “.

2220 3874 2593 3940 Manifestum
2626 3886 2715 3935 est
2748 3894 2910 3948 ergo,
2962 3878 3127 3950 quod
3180 3876 3286 3950 qui
3328 3874 3889 3950 participat‘Spiri-

2220 3975 2349 4029 tum
2399 3974 2698 4035 sanctum,
2749 3968 2916 4024 novit
2944 3981 3073 4022 esse
3124 3965 3446 4021 Dominum
3498 3966 3705 4021 Jesum
3737 3963 3891 4038 :qui

2221 4064 2424 4117 autem
2448 4073 2570 4113 non
2595 4056 2931 4131 participat,
2958 4056 3215 4126 ignorat.
3238 4052 3499 4120 Qualiter
3518 4054 3623 4126 qui
3645 4055 3890 4127 partici—

2222 4153 2327 4221 pat
2350 4144 2656 4219 Spiritum,
2681 4146 2843 4202 novit
2866 4161 2993 4201 esse
3009 4144 3328 4199 Dominum
3346 4144 3556 4198 Jesum
3573 4160 3587 4197 :
3606 4138 3759 4199 sicut
3780 4145 3895 4216 qui

2224 4237 2299 4292 de
2326 4234 2498 4290 melle
2544 4235 2892 4305 gustaverit,
2935 4232 3044 4288 scit
3073 4230 3239 4304 quod
3265 4230 3439 4287 dulce
3485 4236 3578 4287 est
3606 4231 3725 4287 mel
3755 4251 3767 4287 :
3802 4233 3895 4288 sic

2226 4330 2283 4381 et
2304 4323 2553 4395 Spiritus
2578 4322 2916 4395 participes.
2943 4323 3093 4392 Ergo
3115 4337 3188 4375 ex
3210 4322 3467 4376 essentia
3492 4319 3610 4376 Filii
3634 4316 3894 4392 Spiritus

2150 4443 2195 4499 Β
2228 4416 2473 4469 sanctus
2493 4411 2753 4484 qualitas
2775 4410 3163 4483 qamdazximt
3183 4409 3264 4465 ita
3283 4409 3578 4473 dicamus,
3603 4408 3893 4466 Domina-

2229 4501 2407 4558 tionis
2434 4500 2632 4556 omnis
2666 4499 2785 4555 Dei.
2819 4522 2848 4549 »

2304 4586 2633 4662 Cyrillusin
2658 4602 2835 4643 serm.
2854 4592 2907 4657 2,
2934 4586 3010 4643 ad
3031 4585 3331 4642 Hermiam
3353 4587 3455 4657 (3),
3493 4602 3712 4660 parum
3750 4592 3894 4643 ante

2233 4677 2501 4736 medium
2531 4692 2712 4749 super
2736 4676 2819 4745 id,
2851 4677 3005 4733 Ecce
3023 4691 3118 4747 ego
3151 4675 3443 4732 vobiscum
3470 4691 3601 4731 sum
3627 4676 3720 4744 δι’,
3751 4682 3892 4748 etc.,

2236 4767 2428 4823 dicit:
2474 4788 2495 4816 ι
2553 4764 2701 4822 Misit
2774 4764 2950 4821 nobis
3011 4764 3184 4821 Filius
3253 4765 3328 4819 de
3403 4758 3554 4819 omlo
3621 4764 3895 4820 Paracle-

2238 4861 2384 4928 tum,
2444 4872 2552 4929 per
2625 4872 2806 4929 quem
2866 4868 2922 4910 et
2966 4855 3027 4910 in
3076 4870 3258 4928 quem
3317 4853 3658 4924 nobiscum,
3720 4859 3778 4911 et
3831 4855 3895 4912 in

2239 4946 2417 5004 nobis
2434 4950 2700 5001 moratur
2726 4963 2739 5000 :
2766 4960 2886 4999 non
2910 4942 3171 4999 alienum
3193 4944 3315 4998 sive
3338 4951 3690 4999 extraneum
3714 4945 3896 5000 nobis

2243 5035 2580 5104 effundens,
2604 5034 2706 5090 sed
2734 5033 3005 5089 essentiae
3025 5048 3167 5099 suae,
3187 5037 3243 5089 et
3263 5032 3454 5088 Patris
3470 5046 3745 5104 personae
3768 5035 3896 5106 Spi-

2241 5126 2441 5183 ritum.
2472 5147 2498 5173 ››

2294 5303 2339 5338 ⁸1
2368 5306 2494 5359 Act.
2524 5317 2642 5369 nn,
2674 5306 2707 5357 2
2808 5303 2855 5338 δ’
2882 5302 3057 5358 Joan.
3083 5316 3198 5373 xxv,
3230 5301 3316 5357 to.
3410 5301 3459 5336 ⁸³
3491 5304 3510 5357 Ι
3543 5302 3672 5358 Cor.
3708 5315 3769 5370 ιι,
3808 5286 3893 5359 16.

667 5484 925 5594 Ρίὲξι.ἥνιι
952 5488 1027 5548 de
1061 5490 1275 5559 Trinit,
1317 5491 1379 5561 in
1408 5508 1530 5578 quo
1559 5494 1851 5575 probatur
1879 5495 2209 5571 divinitatis
2238 5496 2492 5594 Spiritus
2524 5492 2736 5573 sancti,
2767 5496 2920 5565 sicut
2947 5490 3008 5577 iii
3039 5513 3144 5560 sex
3171 5494 3481 5582 prioribus
3516 5494 3774 5576 dialogis
3804 5492 3893 5569 di-
