4020 6310
129 305 220 368 sol
1535 297 1816 366 CONTRA
1852 305 2174 366 cuneos.

3471 280 3581 368 5'02

190 435 348 492 Item
377 435 736 494 Anastasius
755 435 1160 493 Antiochenus
1197 434 1543 508 patriarcha
1561 435 1624 492 in
1642 449 1801 509 praa-
1837 437 1884 491 Α
1917 434 2117 492 Sancti
2142 433 2339 491 hocin
2361 431 2650 507 Symbolo
2680 449 2805 492 non
2853 435 3208 505 posuerunt,
3267 431 3417 507 quia
3461 433 3579 489 mi-

121 520 239 579 fato
271 523 673 580 sermone'de
703 529 864 580 recta
889 523 1136 579 veritate
1164 523 1523 594 dogmatum
1555 524 1638 579 sic
1667 523 1749 580 ait
1780 539 1794 578 :

121 635 148 662 ιι
179 613 261 668 De
294 627 459 670 sana
489 617 698 669 nostra
724 612 867 682 ﬁde,
889 617 948 668 et
972 611 1149 668 rectis
1173 612 1447 668 Ecclesiae
1473 613 1802 670 documen-

120 702 187 756 tis
214 701 504 771 diligenti
527 706 585 757 et
617 701 823 758 subtili
852 701 1082 757 ratione
1113 701 1380 774 corporis
1426 705 1484 757 et
1528 702 1797 774 proprie-

119 789 259 845 tatis
312 789 710 858 assumentis,
743 793 1034 862 tanquam
1078 788 1424 862 exemplum
1479 789 1804 846 distinctio-

118 893 269 934 num
299 878 661 936 divinarum
692 893 1109 950 personarum,
1133 878 1451 934 statuimus
1479 893 1586 950 per
1611 893 1800 935 mem-

115 967 380 1022 brorum
405 968 861 1040 proportionem
883 972 940 1023 et
958 967 1389 1050 proprietatem
1419 981 1795 1039 comparare.

117 1056 359 1111 Etenim
392 1056 646 1128 Spiritus
672 1056 794 1112 oris
821 1059 971 1126 ejus,
1007 1055 1230 1111 scilicet
1259 1055 1380 1126 Dei,
1415 1056 1631 1112 dicitur
1678 1056 1802 1128 Spi-

113 1148 262 1199 ritus
299 1149 582 1213 sanctus,
612 1160 715 1201 ore
736 1145 1057 1201 exsistente
1080 1144 1411 1214 Unigenito.
1456 1147 1520 1200 Et
1548 1144 1801 1216 Spiritus

114 1234 343 1288 iterum
375 1247 454 1287 ex
481 1232 616 1303 ipso
647 1231 1006 1304 procedens,
1036 1237 1094 1286 et
1119 1232 1340 1286 missus
1378 1247 1502 1288 non
1540 1231 1738 1288 solum
1761 1247 1796 1289 a

116 1323 316 1383 Patre;
345 1320 459 1377 sed
482 1320 666 1377 etiam
697 1336 732 1377 a
756 1320 920 1376 Filio.
959 1341 988 1369 »

185 1411 578 1482 Epiphanius
606 1409 786 1482 Cypri
815 1411 876 1465 in
921 1414 1257 1466 memorato
1302 1410 1458 1467 libro
1497 1415 1796 1467 Ancorato

117 1497 189 1552 de
239 1499 649 1570 processione
693 1498 945 1572 Spiritus
992 1514 1030 1554 a
1082 1499 1222 1554 Filio
1274 1499 1419 1555 talia
1482 1504 1736 1555 testatur
1785 1517 1796 1552 :

119 1608 144 1635 κ
196 1589 468 1660 Spiritus
544 1589 706 1644 enim
759 1591 914 1644 Deus
973 1595 1082 1653 est,
1148 1594 1205 1644 et
1271 1589 1521 1660 Spiritus
1591 1589 1798 1659 Patris,

118 1683 172 1734 et
201 1679 472 1749 Spiritus
496 1678 728 1746 Christi,
777 1693 900 1734 non
929 1677 1266 1734 secundum
1319 1678 1588 1751 aliquam
1641 1691 1802 1736 com-

1915 525 2078 582 nime
2099 524 2546 581 dubitaverunt.
2567 527 2697 582 Non
2712 524 2871 581 enim
2885 523 3316 598 proponebant
3336 521 3398 578 in
3426 522 3574 595 Sym

1913 613 2076 680 bolo,
2107 614 2204 670 vel
2228 612 2601 671 deﬁniebant
2629 615 2692 669 in
2714 615 2985 687 synodis,
3028 614 3146 670 nisi
3206 629 3279 670 ea
3332 627 3467 686 quae
3515 610 3578 667 in

1912 702 2313 775 quastionem
2361 702 2441 759 ab
2486 702 2780 759 haereticis
2830 704 3238 768 vertebantur,
3295 705 3353 758 et
3397 713 3577 756 mun-

1913 790 2062 847 dum
2092 791 2185 847 vel
2215 791 2617 847 universalem
2641 791 2967 848 Ecclesiam
2997 791 3059 847 in
3089 805 3355 847 errorem
3399 788 3580 844 duce-

1912 879 2079 938 bant.
2117 881 2281 935 Unde
2305 893 2417 935 nec
2467 879 2820 952 Symbolum
2877 884 3018 937 tunc
3056 877 3344 952 temporis
3399 891 3580 949 expo-

1915 968 2202 1038 suissent,
2231 967 2347 1024 nisi
2373 983 2476 1023 eos
2515 967 2594 1024 ad
2643 967 2775 1023 haec
2829 967 3246 1025 haereticorum
3309 965 3578 1039 pravitas

1914 1057 2320 1130 compulisset.
2380 1056 2545 1112 Unde
2591 1056 2653 1111 in
2679 1056 2876 1128 prima
2905 1062 2962 1114 et
2990 1061 3200 1114 sancta
3249 1051 3580 1111 universali

1913 1149 2173 1222 synodo,
2195 1163 2331 1221 quae
2355 1147 2469 1203 sub
2491 1147 2874 1204 sanctissimo
2898 1164 3064 1220 papa
3087 1147 3405 1220 Sylvestro,
3427 1147 3578 1200 tem-

1913 1255 2060 1312 pore
2090 1235 2464 1294 Constantini
2493 1236 2803 1309 principis,
2855 1253 2892 1293 a
2920 1237 3197 1294 trecentis
3239 1233 3578 1292 octodecim

1916 1327 2192 1385 Patribus
2223 1327 2445 1383 sanctis
2491 1325 2555 1381 in
2609 1325 2919 1397 provincia
2974 1325 3284 1398 Bithyniae,
3340 1323 3577 1379 civitate

1915 1418 2132 1477 Nicaea.
2165 1419 2374 1472 contra
2404 1414 2834 1487 impiissimum
2869 1415 3095 1486 dogma
3121 1414 3260 1484 Arii,
3310 1411 3566 1487 dicentis

1915 1505 2125 1562 Filium
2157 1505 2258 1560 Dei
2291 1485 2519 1561 factum
2562 1509 2619 1560 et
2660 1485 2977 1574 creatum,
3005 1509 3092 1560 est
3145 1502 3466 1572 celebrata,
3487 1485 3576 1558 nil

1914 1595 2080 1653 aliud
2113 1595 2474 1652 deﬁnierunt
2503 1595 2578 1650 de
2612 1594 2831 1667 Spiritu
2863 1595 3089 1656 sancto,
3120 1593 3235 1648 nisi
3290 1591 3456 1666 quod
3511 1590 3575 1646 in

1914 1686 2050 1758 ipso
2077 1683 2237 1740 credi
2268 1682 2505 1753 debeat,
2543 1688 2601 1741 et
2629 1683 2798 1760 quod
2830 1681 2905 1742 sit
2950 1682 3265 1750 Dominus,
3320 1684 3376 1738 et
3427 1678 3576 1739 vivi-

117 1767 518 1838 positionem,
570 1767 1096 1839 quemadmodum
1148 1767 1211 1822 in
1240 1766 1415 1822 nobis
1469 1781 1692 1839 corpus
1742 1774 1802 1823 et
1843 1780 1886 1834 B
1915 1773 2128 1830 ﬁcans.

120 1859 377 1912 anima:
415 1856 523 1912 sed
551 1856 612 1912 in
633 1856 838 1913 medio
869 1856 1059 1912 Patris
1089 1861 1147 1912 et
1194 1856 1335 1923 Filii,
1395 1872 1468 1912 ex
1522 1859 1689 1912 Patre
1747 1860 1805 1914 et

123 1945 290 2001 Filio.
331 1970 360 1995 ι)

1987 1867 2050 1919 ln
2084 1864 2352 1921 secunda
2380 1880 2524 1920 vero
2554 1864 2811 1936 synodo,
2845 1881 2977 1937 quae
3008 1864 3122 1920 sub
3174 1859 3356 1920 beato
3409 1875 3574 1935 papa

1917 1955 2197 2022 Damaso,
2230 1959 2500 2026 tempore
2528 1954 2847 2010 Theodosii
2878 1954 3184 2026 principis,
3239 1969 3278 2010 a
3324 1957 3570 2008 centum

193 2035 371 2090 Idem
419 2041 670 2091 sanctus
729 2035 791 2090 in
842 2035 995 2092 libro
1047 2037 1134 2092 De
1175 2050 1295 2090 una
1347 2037 1680 2092 Deﬁciet“
1714 2036 1806 2098 Ait
1917 2044 2358 2114 quinquaginta
2379 2039 3573 2114 PatribusinurbeConstantinopolitana

122 2137 268 2191 ergo
325 2125 538 2180 Petrus
591 2124 706 2191 his,
753 2125 858 2196 qui
904 2124 1064 2180 circa
1113 2123 1409 2179 Ananiam
1458 2127 1668 2180 erant:
1721 2126 1800 2180 Ut

123 2211 273 2280 quid
309 2217 505 2268 tentat
531 2228 634 2268 vos
685 2215 936 2270 Satanas
967 2213 1203 2268 mentiri
1235 2213 1472 2284 Spiritui
1527 2216 1736 2269 sancto
1761 2215 1788 2269 ?

123 2302 252 2356 Non
287 2301 434 2356 estis
466 2302 699 2358 mentiti
743 2301 1110 2369 hominibus,
1165 2301 1273 2356 sed
1332 2304 1473 2359 Deo.
1507 2323 1529 2350 ι
1591 2303 1747 2372 Ergo
1779 2319 1792 2357 :

125 2412 152 2436 ιι
185 2389 350 2445 Deus
381 2407 456 2447 ex
485 2393 650 2448 Patre
680 2395 736 2447 et
766 2391 910 2446 Filio
939 2391 1208 2462 Spiritus,
1250 2391 1346 2447 cui
1386 2391 1613 2447 mentiti
1636 2395 1798 2457 sunt,

123 2479 227 2548 qui
267 2479 348 2534 de
383 2480 576 2551 pretio
606 2480 1058 2536 fraudaverunt.
1088 2502 1110 2530 ι

195 2571 348 2623 item
391 2570 454 2624 in
482 2570 696 2624 eodem
753 2584 973 2641 opere:
1003 2591 1032 2618 «
1080 2569 1208 2624 Vita
1261 2573 1388 2625 tota
1435 2569 1610 2635 Deus,
1659 2582 1802 2637 ergo

125 2657 246 2712 vita
277 2673 356 2713 ex
382 2658 504 2713 vita
545 2657 718 2713 Filius
755 2659 928 2728 :Ego
983 2659 1160 2724 enim,
1218 2657 1436 2730 inquit,
1494 2672 1624 2712 sum
1675 2659 1794 2728 via,

127 2748 355 2802 ven'tas
383 2754 442 2802 et
475 2749 624 2803 vita.
659 2746 908 2819 Spiritus
939 2747 1101 2802 enim
1132 2751 1375 2802 sanctus
1399 2745 1478 2801 ab
1498 2745 1800 2802 ambobus

87 2856 92 2859 -
126 2835 385 2907 Spiritus
418 2841 476 2891 et
505 2835 646 2891 vita.
673 2838 821 2891 Nam
847 2835 1098 2906 Spiritus
1130 2835 1284 2890 Deus
1307 2840 1414 2891 est.
1453 2854 1478 2882 ι

195 2926 265 2980 Et
291 2925 538 2980 iterum.
573 2946 600 2974 «
628 2925 932 2997 Numquid
957 2924 1214 2980 dicimus
1235 2923 1389 2980 duos
1411 2939 1543 2980 esse
1564 2923 1740 2980 Filios
1768 2926 1798 2980 ‘I

126 3014 190 3067 Et
216 3011 540 3086 quomodo
575 3013 922 3082 Unigenitus
943 3013 970 3068 Τ
1007 3013 1156 3079 Imo,
1187 3018 1252 3068 tu
1281 3014 1418 3086 quis
1451 3030 1536 3079 es,
1585 3013 1689 3086 qui
1713 3027 1801 3070 re-

1919 2137 2128 2188 contra
2154 2132 2588 2203 Macedonium,
2617 2132 2877 2205 praafatee
2899 2130 3066 2187 urbis
3087 2131 3464 2204 episcopum,
3487 2127 3572 2185 di-

1913 2226 2147 2277 centem
2179 2221 2460 2294 Spiritum
2491 2228 2770 2278 sanctum
2800 2222 3094 2278 minorem
3126 2224 3292 2277 Patre
3320 2223 3376 2276 et
3402 2217 3569 2289 Filio,

1914 2310 2008 2366 vel
2039 2315 2192 2367 certe
2224 2311 2567 2367 ministrum
2598 2311 2917 2381 Trinitatis,
2951 2309 3251 2366 celebrata
3305 2312 3413 2378 est,
3472 2306 3572 2364 de-

1913 2399 2198 2456 ﬁnierunt
2238 2400 2508 2472 praedicti
2551 2403 2772 2467 Patres,
2829 2399 3112 2471 Spiritum
3168 2415 3292 2454 non
3341 2397 3570 2454 factum

1914 2503 2026 2544 nec
2051 2494 2337 2551 creatum,
2363 2488 2472 2544 sed
2496 2489 2697 2562 potius
2727 2494 3079 2557 creatorem,
3113 2487 3190 2544 ab
3229 2486 3359 2560 ipso
3406 2485 3570 2542 fonte

1914 2578 1976 2633 in
2025 2577 2356 2646 Divinitate,
2408 2577 2601 2649 Patre,
2637 2581 2931 2650 tanquam
2983 2593 3021 2634 a
3073 2576 3362 2650 primaria
3415 2589 3570 2631 vena

1913 2667 2360 2738 procedentem.
2391 2669 2458 2723 Et
2476 2667 2593 2724 hoc
2622 2668 2684 2724 in
2710 2667 2979 2723 secundo
3034 2665 3344 2739 Symbolo,
3400 2662 3569 2736 quod

1913 2754 2643 2827 Constantinopolitanum
2674 2755 2911 2823 dicitur,
2951 2755 3296 2826 diligentius
3325 2757 3568 2809 notave-

1910 2845 2243 2911 runt.Quia
2270 2858 2576 2903 vero‘non
2622 2846 2732 2903 fuit
2783 2846 3057 2919 quaestio,
3108 2845 3232 2901 sive
3285 2841 3564 2899 dubium:

1913 2936 2116 2990 Utrum
2147 2935 2396 3006 Spiritus
2427 2951 2463 2991 a
2490 2935 2632 2992 Filio
2668 2935 3038 3008 procederet,
3080 2933 3176 2989 vel
3211 2947 3335 2988 non
3363 2931 3392 2986 Ἰ
3430 2941 3567 2988 san-

1909 3024 1985 3079 cti
2006 3023 2232 3088 Patres,
2267 3023 2420 3080 sicut
2445 3030 2500 3080 et
2527 3023 2717 3080 multa
2746 3022 2864 3079 alia
2896 3038 3034 3096 quae
3063 3017 3458 3093 postmodum
3501 3019 3565 3076 in

121 3102 439 3173 spondeas
466 3105 583 3158 θθο
603 3102 630 3157 ?
655 3103 710 3158 Si
740 3102 948 3158 Filium
968 3101 1215 3175 quidem
1237 3101 1507 3167 V008t,id
1523 3108 1630 3171 est,
1653 3117 1790 3174 prO-
1825 3127 1864 3182 ο
1902 3111 2032 3167 aliis
2063 3111 2330 3168 conciliis
2359 3112 2647 3168 catholice
2679 3111 2925 3168 deﬁnita
2945 3114 3103 3178 sunt,
3153 3105 3268 3165 sub
3327 3105 3564 3164 silentio

119 3191 276 3247 cedit
295 3207 374 3246 ex
397 3207 482 3257 se,
513 3191 795 3263 Spiritum
818 3206 960 3246 vero
985 3196 1260 3246 sanctum
1285 3207 1358 3246 ex
1385 3190 1688 3247 ambobus
1709 3192 1737 3246 ?
1763 3213 1791 3240 »

189 3280 347 3344 Quid
385 3294 530 3349 ergo
551 3279 822 3335 dicemus
853 3281 881 3336 ?
927 3279 1135 3335 Adhuc
1179 3295 1428 3350 egemus
1487 3281 1736 3336 testibus
1762 3281 1791 3336 ?

121 3368 488 3423 Audivimus
545 3371 883 3424 Grtecorum
922 3368 1346 3440 blasphemias
1399 3368 1732 3424 dicentium
1768 3386 1782 3424 :

124 3457 384 3528 Spiritus
417 3463 663 3512 sanctus
701 3471 824 3513 non
857 3456 1127 3528 procedit
1159 3473 1195 3512 a
1221 3456 1385 3524 Filio,
1415 3458 1560 3529 quia
1601 3457 1790 3530 perfe-

123 3551 210 3602 cte
240 3545 522 3618 procedit
551 3561 587 3601 a
619 3549 787 3601 Patre
820 3563 834 3600 :
889 3546 1065 3618 quasi
1114 3546 1296 3602 etiam
1343 3561 1468 3601 non
1533 3546 1791 3618 perfecte

125 3637 402 3691 mittatur
427 3641 486 3690 et
513 3635 686 3691 detur
713 3651 748 3689 a
780 3635 923 3690 Filio
943 3636 973 3690 ?

190 3725 363 3790 item,
396 3727 524 3779 Non
555 3724 841 3796 procedit,
871 3725 1170 3796 inquiunt,
1197 3741 1234 3780 a
1268 3724 1434 3793 Filio,
1480 3725 1625 3797 quia
1668 3726 1792 3782 duo

118 3820 318 3869 essent
347 3829 570 3878 causae,
604 3819 661 3868 et
681 3813 803 3868 duo
827 3814 1146 3885 principia.
1173 3816 1323 3878 Ergo
1351 3830 1490 3870 cum
1532 3815 1788 3886 Scriptu-

118 3918 196 3958 ra:
224 3919 421 3959 sacrae
451 3910 508 3957 et
539 3902 926 3971 Evangelium
990 3902 1202 3957 Filium
1260 3904 1625 3975 principium
1685 3905 1792 3959 sci-

118 3989 255 4046 licet
281 3991 360 4046 de
381 3991 679 4063 principio
709 3991 1044 4059 nominent,
1077 3996 1138 4046 ut
1165 3991 1350 4046 illud:
1403 3993 1532 4062 Ego
1563 3994 1788 4061 princi-

117 4096 306 4148 pmm,
340 4082 529 4150 quiet
567 4081 776 4150 loquor
802 4079 963 4136 vobis
986 4081 1051 4134 ⁸⁵.
1090 4085 1152 4134 Et
1206 4080 1563 4136 Psalmista:
1599 4081 1678 4136 Et
1714 4087 1780 4137 tu

117 4172 176 4224 in
203 4171 540 4238 principio,
574 4171 846 4238 Domine,
877 4176 1101 4225 terram
1135 4170 1504 4238 fundasti“.

185 4258 382 4325 Idem,
415 4273 539 4313 non
563 4258 900 4330 procedunt
938 4273 1075 4329 qua
1133 4259 1358 4324 dicunt,
1409 4259 1575 4331 quod
1624 4261 1789 4316 Chri-

120 4356 248 4404 stus
304 4347 438 4403 haac
492 4348 694 4417 tacuit,
751 4348 1009 4420 apostoli
1065 4363 1185 4404 non
1232 4348 1524 4418 dixerunt,
1587 4350 1780 4406 sancti

1900 3201 2284 3256 transierunt.
2316 3205 2604 3257 Processu
2644 3215 2789 3257 vero
2837 3199 3148 3272 temporis,
3194 3197 3562 3254 increscente

1901 3290 2310 3362 quorumdam
2329 3290 2575 3356 malitia,
2595 3290 2657 3346 in
2670 3287 3150 3347 Occidentalibus
3164 3285 3461 3360 partibus,
3474 3283 3562 3342 dl-

1902 3378 2162 3434 centium
2196 3379 2481 3452 Spiritum
2513 3382 2792 3436 sanctum
2821 3393 2946 3434 non
2977 3375 3302 3451 procedere
3336 3391 3373 3433 a
3394 3375 3556 3442 Filio,

1902 3485 2012 3540 pro
2033 3485 2104 3525 eo
2131 3469 2296 3542 quod
2334 3469 2397 3525 in
2427 3469 2716 3542 Symbolo
2744 3485 2869 3527 non
2919 3472 3201 3541 ponatur,
3250 3464 3562 3537 aggregati

1901 3558 1962 3613 in
1996 3574 2185 3613 unum
2213 3559 2482 3631 episcopi
2511 3558 2752 3616 illarum
2805 3559 3092 3632 partium,
3122 3557 3197 3613 de
3217 3555 3455 3613 licentia
3500 3558 3560 3611 et

1903 3647 2253 3704 auctoritate
2276 3649 2497 3704 summi
2513 3649 2833 3721 pontiﬁcis,
2857 3650 3165 3704 veritatem
3187 3645 3347 3711 ﬁdei,
3371 3659 3559 3717 quam

1903 3743 2182 3793 tenemus
2220 3739 2281 3794 in
2327 3738 2621 3810 Symbolo
2654 3739 3054 3807 declarantes,
3111 3735 3338 3793 cantari
3377 3735 3559 3792 etiam

1901 3827 2016 3882 hoc
2042 3828 2101 3883 in
2129 3827 2389 3883 Ecclesia
2409 3827 2488 3884 ab
2517 3827 2802 3884 omnibus
2849 3826 3313 3882 mandaverunt.
3372 3823 3558 3878 Graeci

1901 3930 2047 3970 vero
2085 3920 2143 3970 et
2178 3916 2368 3972 ceteri
2408 3915 2735 3972 Orientales
2796 3915 2992 3971 vocati
3049 3929 3171 3970 non
3229 3916 3389 3981 sunt,
3454 3915 3560 3967 aut

1901 4004 2046 4074 quia
2074 4003 2253 4058 nimis
2301 4003 2629 4067 distabant,
2685 4007 2791 4061 aut
2845 4003 2990 4075 quia
3034 4017 3158 4058 non
3199 3998 3559 4057 dubitabant

1902 4091 2084 4147 etiam
2113 4092 2228 4148 hoc
2259 4092 2560 4149 adducere
2579 4094 2640 4149 in
2664 4093 3086 4166 quaestionem.

1973 4179 2145 4246 Quod
2177 4185 2378 4236 autem
2399 4181 2483 4236 eis
2504 4184 2646 4237 tunc
2674 4180 2926 4250 licuerit,
2949 4184 3006 4236 et
3032 4179 3207 4235 liceat
3234 4178 3415 4235 hodie
3454 4191 3560 4236 no-

1900 4269 1996 4325 bis
2025 4268 2255 4341 aliquid
2285 4269 2564 4343 scribere,
2615 4270 2965 4343 praedicare,
2990 4274 3048 4326 et
3074 4272 3338 4338 cantare,
3392 4268 3559 4341 quod

1901 4357 1963 4412 in
1988 4358 2277 4429 Symbolo
2294 4375 2416 4416 non
2429 4365 2903 4433 estexpressum,
2921 4359 3212 4416 docemur
3231 4373 3304 4414 ex
3319 4361 3556 4430 quarto,

121 4439 306 4493 ctiam
330 4435 407 4527 de
428 4437 541 4527 hoc
563 4436 648 4492 nil
673 4436 1170 4527 praedicaverunt.
1205 4437 1320 4492 Sed
1343 4453 1411 4492 ex
1456 4439 1790 4509 praemissis
1819 4473 1864 4527 Β
1900 4447 2131 4518 quinto,
2157 4453 2345 4516 sexto,
2383 4449 2640 4522 septimo
2665 4449 2949 4520 conciliis,
2983 4463 3244 4520 quorum
3274 4445 3560 4520 quaedam

123 4525 603 4590 auctoritatibus,
658 4525 994 4581 mendaciis
1033 4527 1394 4596 eorumjam
1443 4527 1785 4597 patefactis,

120 4620 309 4671 restat
332 4630 494 4670 nunc
521 4614 840 4670 ostendere
881 4613 1138 4687 qualiter
1163 4621 1221 4671 et
1256 4616 1318 4671 in
1365 4615 1458 4670 his
1515 4631 1652 4688 quae
1700 4633 1789 4673 se-

123 4709 417 4776 quuntur,
449 4704 573 4760 suis
600 4703 936 4759 rationibus
968 4704 1358 4760 mentiantur.

195 4795 415 4849 Dicunt
444 4793 642 4848 enim:
676 4814 704 4844 «
739 4793 938 4849 Sancti
968 4797 1167 4849 Patres
1200 4794 1262 4848 in
1307 4793 1578 4850 conciliis
1609 4810 1793 4866 super

125 4882 242 4939 hoc
261 4881 346 4938 nil
369 4881 767 4937 definierunt:
802 4881 910 4936 sed
942 4886 1237 4953 ponentes
1265 4882 1326 4938 in
1359 4883 1670 4953 Symbolo,
1720 4897 1794 4940 ea

125 4988 265 5044 quas
294 4976 437 5026 sunt
460 4971 799 5026 necessaria
829 4971 907 5025 ad
931 4970 1210 5032 salutem,
1242 4986 1348 5026 eos
1374 4971 1478 5042 qui
1501 4971 1664 5028 aliud
1690 4971 1795 5028 ad-

126 5063 340 5115 derent
365 5059 1083 5125 excommunicaverunt;
1118 5058 1226 5114 sed
1274 5075 1384 5115 vos
1422 5058 1741 5116 addidistis
1777 5077 1789 5115 :

128 5164 271 5219 ergo
297 5147 438 5204 estis
468 5148 1003 5203 excommunicati.
1035 5168 1063 5196 »

558 5252 878 5321 Responsio
907 5253 1284 5310 Latinorum.

196 5341 286 5397 Ad
331 5340 502 5414 quod
540 5340 976 5412 respondentes
1050 5341 1310 5398 breviter
1351 5343 1436 5398 sic
1485 5341 1790 5398 dicimus:

133 5505 177 5537 ⁸⁵
206 5503 381 5558 Joan.
412 5500 551 5563 VIII,
583 5503 672 5555 25.
707 5502 754 5535 ⁴⁶
787 5500 924 5556 Psal
954 5499 1041 5567 Cl,
1073 5505 1162 5558 26.

201 5629 279 5701 (4)
312 5625 445 5686 Fuit
488 5624 761 5703 synodus
811 5625 1080 5684 secunda
1106 5626 1789 5702 Constantinopolitana.

1901 4535 2221 4604 deﬁniunt,
2247 4539 2412 4610 quod
2438 4554 2562 4595 non
2593 4541 2684 4596 est
2722 4553 3074 4611 expressum
3118 4537 3180 4594 in
3230 4536 3558 4611 Symbolo:

1899 4635 1966 4681 ut
1993 4626 2068 4680 de
2096 4627 2281 4683 sacris
2302 4628 2694 4698 imaginibus,
2718 4643 2900 4701 super
2917 4628 3144 4701 quibus
3176 4627 3431 4700 septima
3451 4624 3563 4682 fuit

1903 4715 2194 4786 synodus,
2223 4717 2370 4773 nihil
2393 4719 2456 4773 in
2501 4718 2788 4791 Symbolo
2817 4719 3172 4775 continetur.
3210 4717 3302 4773 Sic
3329 4730 3440 4772 nec
3489 4714 3561 4769 de

1903 4801 2146 4859 duabus
2179 4805 2587 4864 voluntatibus
2618 4812 2676 4863 et
2713 4806 3169 4879 operationibus
3213 4805 3275 4860 in
3329 4801 3562 4860 Christo

1908 4893 2263 4964 Symbolum
2295 4897 2609 4954 manifeste
2641 4897 3017 4967 determinat,
3052 4896 3125 4950 de
3151 4894 3373 4966 quibus
3395 4896 3563 4950 sexta

1905 4984 2180 5058 Synodus
2209 4985 2477 5042 deﬁnivit
2501 5005 2514 5054 ;
2545 4987 2628 5042 sic
2644 5002 2756 5042 nec
2778 4986 3124 5042 Theodorus
3165 4981 3559 5055 Mopsuestia,

1905 5091 2016 5133 nec
2072 5074 2419 5131 Theodoriti
2474 5076 2716 5147 scripta,
2750 5090 2884 5146 quae
2913 5077 3120 5129 contra
3166 5071 3412 5128 beatum
3453 5071 3562 5143 Cy-

1905 5166 2103 5223 rillum
2127 5165 2489 5236 composuit,
2505 5163 2871 5220 condemnat
2889 5160 3265 5234 Symbolum,
3281 5159 3562 5234 quamvis

1909 5255 2177 5311 secunda
2209 5251 2533 5310 universali
2563 5250 2798 5325 synodo
2831 5253 2904 5322 (4)
2933 5249 3428 5306 condemnentur.
3469 5249 3562 5306 Sic

1903 5359 2017 5400 nec
2047 5343 2199 5399 duas
2241 5347 2488 5398 naturas
2541 5338 2886 5406 inconfusas
2938 5344 2994 5396 et
3045 5338 3448 5412 impermistas
3500 5338 3558 5404 in
