4020 6310
425 203 531 260 503

1659 205 2164 280 PANTALEONIS
2181 205 2466 278 Ducam
2502 207 2606 267 ορ.

3744 205 3922 264 504

415 327 648 387 Christo
675 327 740 386 in
759 329 986 388 unitate
1014 345 1312 406 personas,
1330 331 1472 404 sine
1495 333 1664 390 omni
1686 333 2073 391 conversione
2102 337 2152 392 Α
2181 337 2530 393 sanctorum
2548 332 2995 398 deﬁnitionibus
3010 349 3137 393 non
3152 333 3395 397 scribat,
3411 331 3509 390 vel
3526 331 3874 406 praedicet
3889 372 3911 397 ,

415 433 527 491 per
554 419 913 490 Symbolum
940 419 1239 476 habemus
1260 436 1633 498 expressum,
1657 439 1798 481 cum
1834 423 1921 480 sic
1939 439 2074 482 esse

2184 425 2294 481 sed
2322 423 2491 498 quod
2536 439 2749 482 verum
2808 428 2914 492 est,
2969 429 3028 482 et
3072 425 3247 496 cujus
3298 423 3648 497 oppositum
3702 421 3916 478 facit

418 506 716 565 deﬁnierit
778 512 997 580 quarta
1047 509 1403 568 universalis
1451 513 1763 588 synodus,
1817 516 2075 572 Leonem
2180 513 2484 581 haeresim,
2551 528 2661 569 nec
2711 527 2836 569 non
2899 517 2958 570 et
3009 515 3140 585 ejus
3203 512 3424 570 veritas
3508 509 3925 584 periculoso

420 611 648 669 papam
677 597 943 668 primum
990 587 1226 654 secuta:
1282 600 1611 674 epistolam
1645 619 1890 677 quoque
1947 605 2078 676 ejus

423 701 610 758 quem
669 685 1076 757 praediximus,
1143 687 1691 767 ﬁdeidorthodoxaa
1729 693 2078 763 columnam

422 789 618 846 usque
660 773 842 831 hodie
894 777 1131 832 Graecus
1189 778 1456 856 appellat
1495 797 1509 835 :
1560 785 1617 836 et
1659 782 1826 854 quod
1872 782 2080 839 forsan

423 863 642 935 aliquis
673 864 938 930 miretur,
963 869 1172 924 sancta
1189 871 1247 923 et
1273 861 1624 926 universalis
1644 871 1919 942 synodus
1942 887 2080 944 pro-

425 952 609 1018 hibet,
633 968 710 1009 ne
739 953 913 1010 alieui
971 954 1147 1022 liceat
1198 955 1484 1028 proferre,
1538 959 1634 1016 vel
1681 961 1962 1030 scribere,
1987 959 2086 1016 vel

429 1057 793 1112 componere
849 1041 1100 1100 alteram
1165 1044 1352 1102 ﬁdem
1404 1045 1484 1102 ab
1531 1062 1606 1103 ea
1654 1064 1791 1121 quae
1838 1049 2086 1106 deﬁnita

430 1134 519 1187 est
540 1145 575 1186 a
596 1130 819 1186 sanctis
841 1131 1119 1187 Patribus
1141 1133 1345 1190 Nicwae
1377 1137 1772 1210 congregatis,
1803 1137 2088 1210 quamvis

433 1218 702 1276 secunda
725 1219 999 1300 synodus
1051 1221 1408 1292 Symbolum
1458 1223 1728 1293 ediderit,
1786 1231 1852 1283 ut
1903 1242 2090 1299 supra

433 1313 745 1366 ostensum
771 1312 884 1380 est,
925 1309 987 1366 in
1017 1326 1138 1383 quo
1170 1311 1374 1384 aliqua
1401 1313 1798 1384 continentur,
1848 1333 1986 1390 quae
2027 1317 2090 1372 in

436 1396 675 1456 Nicaano
702 1397 956 1454 concilio
981 1415 1105 1456 non
1124 1399 1459 1458 habentur:
1488 1404 1655 1474 quod
1675 1420 1746 1459 ex
1777 1405 2091 1462 collatione

438 1487 746 1561 utriusque
781 1488 998 1559 synodi
1044 1490 1432 1548 manifestum
1480 1497 1572 1549 est
1620 1493 1846 1551 lectori.
1891 1498 2093 1567 Ipsam

439 1594 584 1634 vero
615 1577 1088 1650 prohibitionem
1111 1579 1190 1636 ad
1220 1581 1474 1640 verbum
1495 1583 1578 1640 sic
1601 1585 1883 1654 continet,
1907 1585 2093 1641 tertiae

2187 601 2420 658 silentio
2454 600 2793 674 petentibus
2829 601 3193 674 denegatur:
3226 605 3391 674 patet
3419 599 3681 673 quod,si
3709 613 3922 672 pro-

2185 695 2317 763 pter
2363 690 2599 763 pietatis
2643 691 3050 762 naufragium,
3104 690 3274 764 quod
3315 688 3695 751 imminebat,
3745 687 3922 745 ad-

2187 778 2339 836 didit
2365 779 2674 836 veritatem
2703 779 2868 849 ﬁdei,
2891 780 2953 836 in
2995 779 3283 853 Symbolo
3313 794 3437 835 non
3466 791 3908 851 expressam,

2188 884 2314 926 non
2333 873 2427 924 est
2445 869 2991 927 excommunicata.

2262 959 2319 1012 Si
2376 973 2519 1014 vero
2571 963 2818 1031 propter
2845 957 3314 1016 declarationem
3343 956 3485 1014 ﬁdei
3539 956 3755 1023 talem,
3811 958 3918 1010 ut

2193 1049 2378 1104 Graeci
2396 1052 2692 1113 asserunt,
2732 1047 3105 1104 additionem
3157 1047 3379 1104 factam
3429 1047 3492 1103 in
3542 1043 3913 1117 Symbolo,

2195 1135 2838 1196 excommunicationis
2855 1135 3214 1193 sententiam
3235 1135 3422 1193 Latini
3441 1135 3866 1191 incurrerunt
3885 1171 3908 1197 ,

2196 1225 2463 1283 conﬁteri
2481 1241 2726 1282 necesse
2743 1229 2836 1282 est
2855 1241 3068 1282 omnes
3086 1226 3191 1299 qui
3211 1226 3273 1282 in
3295 1225 3585 1294 secundo,
3611 1228 3876 1296 quarto
3893 1264 3914 1287 ,

2196 1315 2430 1386 quinto,
2463 1318 2652 1379 sexto,
2685 1313 2961 1386 septimo,
2996 1314 3264 1371 conciliis
3309 1313 3574 1377 fuerunt,
3631 1327 3748 1384 pro
3801 1325 3916 1366 eo

2197 1403 2366 1476 quod
2388 1408 2602 1476 praeter
2629 1419 2701 1461 ea
2723 1420 2860 1476 quae
2905 1404 2968 1459 in
3001 1403 3288 1475 Symbolo
3337 1404 3546 1460 Nicaeae
3590 1401 3917 1457 contine-

2199 1491 2441 1562 bantur,
2471 1492 2674 1566 aliqua
2703 1493 2826 1549 imo
2843 1492 3119 1549 mullade
3149 1492 3268 1550 ﬁde
3293 1492 3676 1559 deﬁnierunt,
3717 1504 3918 1546 ana-

2202 1581 2480 1639 thematis
2536 1581 2736 1652 gladio
2801 1581 2990 1638 fuisse
3077 1597 3415 1654 percussos.
3519 1581 3636 1636 Sed
3725 1595 3914 1652 qua:

443 1666 661 1738 synodi
687 1682 821 1738 cap.
882 1667 1026 1723 ult.:
1079 1669 1154 1723 Iis
1188 1670 1365 1740 igitur
1413 1671 1579 1728 lectis
1623 1673 1831 1730 deﬁnit
1886 1679 2095 1731 sancta
2130 1693 2172 1748 Β
2203 1671 2399 1742 major
2417 1670 2738 1736 dementia,
2772 1674 2830 1727 et
2877 1671 3074 1741 major
3119 1669 3379 1735 caecitas,
3425 1683 3614 1742 quam
3640 1667 3910 1734 dicere,

444 1755 738 1828 synodus,
770 1755 1019 1814 alteram
1047 1758 1233 1816 ﬁdem
1262 1761 1490 1817 nemini
1504 1761 1679 1818 licere
1697 1763 1979 1836 proferre,
2001 1764 2098 1820 vel

446 1844 726 1916 scribere,
755 1844 848 1900 vel
877 1861 1259 1919 componere,
1287 1855 1500 1921 praeter
1521 1867 1678 1918 eam,
1701 1868 1837 1924 quas
1854 1852 2098 1910 deﬁnita

447 1938 537 1990 est
562 1949 599 1990 a
621 1935 838 1990 sanctis
868 1936 1139 1993 Patribus
1167 1939 1376 1995 Nicaeae
1401 1956 1539 1996 cum
1572 1946 1783 1998 sancto
1834 1941 2052 2014 Spiritu
2081 1959 2095 2009 ;

445 2029 876 2096 praesumentes
905 2026 1154 2082 alteram
1185 2027 1389 2091 ﬁdem,
1412 2028 1699 2100 proferre,
1741 2030 1837 2086 vel
1866 2030 2097 2099 offerre,

447 2113 712 2169 converti
739 2114 1012 2172 nolentes
1053 2115 1130 2171 ad
1159 2117 1527 2188 agnitionem
1581 2119 1841 2176 veritatis
1891 2135 1966 2175 ex
2009 2120 2101 2190 ju-

447 2202 707 2271 daismo,
739 2203 830 2259 vel
855 2203 1068 2260 haeresi
1097 2205 1523 2278 qualicunque,
1564 2207 1697 2276 hos,
1751 2207 1800 2263 si
1853 2208 2102 2281 quidem

449 2291 688 2358 fuerint,
720 2292 1236 2349 anathematizari.
1268 2315 1296 2344 ››

525 2380 641 2438 Sed
670 2379 826 2436 dicet
855 2381 1133 2438 Graecus:
1169 2382 1323 2448 Quid
1366 2371 1524 2441 ultra.
1563 2385 1851 2458 quaeritur
1877 2386 1905 2442 ‘t
1957 2389 2103 2444 Ecce

449 2469 750 2527 habemus
779 2471 1160 2542 propositum
1191 2488 1262 2527 ex
1292 2472 1665 2530 deﬁnitione.

913 2612 1232 2681 Responsio
1263 2614 1641 2672 Latinorum.

526 2743 615 2800 Ad
635 2743 800 2816 quod
836 2744 1267 2817 respondentes
1305 2747 1389 2802 sic
1435 2747 1729 2806 dicimus:
1786 2751 2108 2808 Prohibitio

457 2834 648 2891 sancti
677 2834 911 2891 concilii
942 2835 1092 2892 sicut
1119 2841 1330 2893 sancta
1352 2843 1409 2894 et
1439 2855 1582 2895 vera
1598 2856 1730 2896 esse
1751 2842 2104 2898 ostenditur.

456 2924 540 2981 ita
580 2923 662 2980 nil
691 2928 899 2981 contra
928 2927 1235 2981 veritatem
1270 2926 1644 2996 dignoscitur
1663 2929 1986 2986 continere.
2016 2931 2106 2988 Di-

2204 1765 2308 1817 aut
2333 1759 2617 1832 proferre,
2659 1765 2762 1816 aut
2797 1775 3050 1833 prorsus
3087 1759 3368 1829 cogitare,
3411 1757 3582 1830 quod
3621 1757 3912 1814 tertium

2206 1849 2525 1906 concilium
2597 1849 3210 1906 excommunicaverit
3259 1847 3612 1921 praeteritos,
3663 1851 3722 1902 et
3779 1846 3915 1902 fu-

2205 1943 2392 2002 turos,
2451 1939 2558 2012 qui
2607 1939 2838 2012 aliquid
2889 1938 3045 2012 plus,
3095 1938 3378 2009 quamvis
3433 1952 3670 2004 verum,
3725 1935 3911 1992 deﬁ-

2206 2029 2444 2086 nierunt
2471 2028 2535 2084 in
2556 2028 2834 2098 Ecclesia,
2865 2044 3054 2102 quam
3109 2027 3280 2091 illud,
3324 2027 3495 2099 quod
3547 2024 3912 2082 deﬁnitun1

2208 2123 2300 2177 est
2329 2135 2366 2175 a
2405 2118 2628 2175 sanctis
2657 2118 2926 2176 Patribus
2974 2118 3036 2174 in
3088 2121 3298 2175 sancta
3343 2118 3583 2174 Nicaena
3633 2115 3909 2188 synodo

2211 2207 2586 2266 constitutis?

2283 2301 2451 2368 Item,
2481 2297 2780 2370 numquid
2799 2297 3130 2363 Nicaanum,
3163 2301 3270 2354 aut
3323 2293 3905 2366 Constantinopoli-

2211 2391 2423 2445 tanum
2446 2386 2800 2459 Symbolum
2822 2386 3030 2443 omnia
3048 2385 3334 2452 continet,
3355 2400 3493 2457 quae
3521 2382 3903 2441 necessaria

2215 2482 2358 2535 sunt
2370 2476 2449 2534 ad
2467 2475 2739 2543 salutem,
2762 2475 3110 2534 ubinullum
3125 2475 3201 2532 de
3215 2479 3445 2548 septem
3475 2473 3908 2530 sacramentis

2214 2566 2504 2630 Ecclesia},
2527 2570 2775 2638 excepto
2804 2565 3130 2638 baptismo,
3160 2563 3330 2621 aliud
3358 2577 3725 2635 expressum
3769 2561 3908 2617 ibi-

2215 2657 2356 2713 dem
2385 2655 2769 2712 continetur?
2813 2655 2916 2711 Cui
2946 2671 3090 2726 ergo
3128 2653 3389 2710 dubium
3417 2652 3676 2718 videtur,
3709 2667 3908 2725 quae-

2215 2745 2362 2802 dam
2392 2760 2533 2801 vera
2563 2760 2699 2802 esse
2727 2744 2802 2800 de
2833 2747 2973 2815 Deo,
3025 2759 3162 2816 quas
3193 2743 3254 2798 in
3295 2741 3466 2798 libris
3521 2757 3649 2797 non
3691 2743 3908 2797 conti-

2197 2836 2476 2891 nentur?
2506 2837 2572 2890 Et
2599 2839 2666 2890 ut
2689 2833 2764 2889 de
2793 2832 2886 2890 his
2916 2848 3079 2889 nunc
3109 2839 3445 2900 taceamus,
3481 2831 3559 2901 (5)
3606 2830 3715 2904 qui
3753 2846 3907 2887 non

2213 2922 2371 2980 lecta
2383 2920 2631 2994 expletis
2659 2925 3023 2994 sequuntur:
3054 2921 3290 2976 Patrem
3319 2924 3377 2977 et
3398 2919 3707 2992 Spiritum,
3737 2919 3904 2974 Filio

453 3014 532 3070 cit
559 3013 718 3069 enim
743 3030 756 3068 :
793 3014 850 3072 Si
875 3014 1009 3087 quis
1038 3015 1220 3071 aliam
1245 3015 1428 3074 ﬁdem
1460 3032 1498 3073 a
1525 3018 1771 3075 veritate
1813 3021 2102 3092 praedica-

2244 3016 2552 3078 ncarnato,
2579 3010 2926 3068 incarnatos
2947 3024 3072 3067 non
3101 3025 3250 3076 esse,
3278 3013 3383 3065 aut
3409 3024 3648 3081 passos,
3689 3007 3800 3063 ubi
3828 3008 3905 3063 in

452 3103 624 3172 verit,
656 3103 974 3175 scripserit,
1009 3105 1335 3161 anathema
1364 3105 1453 3161 sit.
1499 3107 1614 3163 Sed
1633 3108 1878 3164 Latinus
1904 3109 2112 3166 scribit
2149 3096 2181 3101 ⁷
2219 3101 2520 3174 Scriptura
2549 3100 2770 3172 poteris
2797 3099 3102 3155 invenire?
3131 3098 3298 3170 quod
3329 3102 3534 3155 tamen
3559 3096 3642 3154 ita
3665 3112 3902 3153 verum

453 3197 512 3248 et
534 3192 822 3264 praedicat
851 3192 1016 3261 illud,
1043 3194 1209 3266 quod
1255 3201 1603 3252 sanctorum
1651 3197 2108 3255 auctoritatibus

448 3285 506 3336 et
533 3296 716 3336 sacrae
746 3282 1061 3353 Scriptura:
1095 3283 1444 3339 testimoniis
1475 3284 1842 3355 probatesse
1864 3302 2098 3344 verum.

448 3373 600 3440 Ergo
626 3385 748 3432 non
780 3370 982 3437 aliam,
1013 3371 1116 3427 sed
1164 3373 1445 3430 eamdem
1500 3374 1702 3431 minus
1757 3392 2108 3448 expressam

449 3458 596 3516 olim
623 3458 686 3515 in
720 3458 1028 3531 Symbolo,
1067 3464 1188 3516 tam
1217 3461 1498 3543 ﬁdelibus
1523 3478 1712 3534 quam
1741 3464 2106 3536 inﬁdelibus,

449 3545 743 3621 praedicat
765 3547 970 3606 ﬁdem.

523 3635 695 3707 Quod
735 3638 932 3692 autem
984 3651 1124 3693 vera
1171 3636 1244 3693 sit
1293 3639 1609 3710 expositio,
1659 3639 1948 3712 probatur
2003 3659 2113 3716 per

452 3725 871 3783 auctoritatem
882 3725 1168 3798 Apostoli,
1183 3731 1239 3782 et
1254 3742 1360 3799 per
1375 3727 1542 3800 ipsos
1561 3733 1904 3787 tractatores
1926 3748 2111 3788 sacrm

451 3813 613 3884 ﬁdei,
642 3814 746 3888 qui
778 3814 840 3872 in
868 3814 1041 3870 dictis
1093 3815 1360 3871 conciliis
1399 3818 1790 3890 personaliter
1821 3819 2111 3877 interesse

452 3909 823 3960 meruerunt.
877 3904 1022 3961 Dicit
1074 3920 1218 3974 ergo
1271 3904 1487 3961 Paulus
1547 3908 1914 3980 quibusdam
1983 3910 2108 3966 sic:

457 3995 797 4066 Quicunque
808 3995 965 4051 vobis
987 3995 1163 4052 aliud
1174 3996 1853 4067 pradicaveritmrceler
1871 3999 1936 4055 id
1956 3999 2114 4072 quod

456 4084 780 4155 accepistis,
818 4088 928 4142 hoc
952 4091 1066 4151 est,
1100 4085 1151 4154 si
1169 4085 1308 4158 quis
1332 4086 1504 4143 vobis
1528 4087 1714 4158 aliud,
1743 4088 1803 4144 id
1827 4092 1932 4159 est,
1966 4105 2113 4146 con-

455 4173 706 4230 trarium
740 4174 1250 4245 evangelizaverit,
1299 4174 1392 4229 vel
1421 4177 1716 4233 contrario
1771 4177 1954 4233 modo
2006 4178 2114 4234 do-

458 4262 665 4329 cuerit,
689 4263 1012 4321 anathema
1036 4265 1109 4318 sit
1126 4265 1190 4317 ⁸⁷.
1249 4267 1375 4320 Non
1421 4265 1597 4322 dicit:
1657 4265 1715 4323 Si
1761 4266 1896 4338 quis
1942 4266 2116 4323 vobis

461 4349 775 4407 addiderit.
813 4353 961 4406 Nam
994 4350 1042 4404 si
1064 4350 1208 4406 illud
1253 4351 1520 4421 dixisset,
1571 4353 1684 4408 sibi
1725 4353 1840 4425 ipsi
1903 4356 2113 4426 praeju-

461 4439 740 4504 dicasset,
781 4437 883 4508 qui
909 4437 1193 4508 cupiebat
1239 4440 1436 4496 venire
1493 4445 1558 4498 ut
1604 4440 1929 4514 suppleret,
1982 4459 2116 4516 quae

463 4541 672 4584 eorum
696 4524 836 4594 ﬁdei
865 4524 1124 4582 deerant.
1151 4527 1268 4586 Sed
1291 4528 1397 4601 qui
1427 4528 1685 4602 supplet,
1713 4529 1879 4601 quod
1916 4531 2116 4586 minus

463 4620 588 4674 erat
613 4613 799 4681 addit,
822 4630 944 4670 non
970 4615 1137 4687 quod
1163 4616 1357 4674 inerat
1394 4617 1565 4676 tollit.

445 4773 448 4775 λ
536 4705 644 4766 Qui
664 4703 1144 4777 praetergreditur
1171 4705 1313 4762 ﬁdei
1336 4706 1628 4779 regulam,
1658 4723 1783 4764 non
1829 4707 1998 4764 addit
2038 4707 2114 4765 ad

465 4795 694 4873 omnia,
717 4795 822 4855 sed
846 4793 1123 4852 recedita
1151 4795 1268 4853 via.
1317 4798 1507 4852 Aliud
1552 4813 1695 4868 ergo
1733 4797 1998 4870 positum
2033 4802 2121 4854 est

465 4901 579 4958 pro
620 4885 924 4958 opposito.
970 4887 1138 4956 Nam,
1193 4901 1332 4958 quas
1377 4885 1452 4942 de
1499 4887 1620 4942 Deo
1672 4892 1777 4951 est,
1812 4890 2119 4945 veritatem

467 4975 668 5031 nullus
729 4973 1048 5031 hominum
1102 4974 1420 5046 prohibere
1474 4979 1693 5047 potest,
1736 4977 1883 5050 quin
1934 4976 2123 5050 possit

471 5063 718 5129 cantari,
744 5063 882 5133 legi,
909 5068 966 5120 et
990 5063 1303 5136 priedicari
1337 5064 1399 5120 in
1427 5063 1712 5121 ecclesiis.
1763 5065 1926 5122 Unde
1960 5065 2122 5122 idem

470 5151 794 5226 Apostolus
805 5153 885 5209 ait
901 5170 913 5207 :
929 5155 988 5208 N
990 5154 1102 5209 ihil
1109 5169 1415 5222 possumus
1427 5153 1714 5212 adversus
1727 5156 2034 5212 veritatem
2052 5157 2118 5191 ‘3'

475 5245 625 5301 Cum
655 5240 832 5311 igitur
854 5244 1126 5300 Romana
1147 5242 1402 5299 Ecclesia
1422 5242 1607 5310 aliud,
1625 5248 1728 5301 aut
1756 5244 2122 5300 contrarium

549 5377 592 5410 ‘7
619 5376 665 5431 ll
697 5373 830 5431 Cor.
864 5379 995 5447 Xl,,k,
1027 5376 1072 5410 ⁸⁸
1097 5378 1141 5430 ιι
1169 5378 1300 5434 Cor.
1328 5393 1446 5447 xui,
1466 5378 1526 5432 8.

549 5501 630 5573 (5)
661 5500 851 5558 Locus
871 5498 1222 5560 mendosus.

2217 3195 2328 3255 est,
2360 3193 2426 3245 ut
2460 3189 2809 3262 oppositum
2858 3187 2950 3245 vel
2998 3191 3198 3244 mente
3256 3186 3593 3258 concipere,
3654 3185 3731 3241 sit
3780 3185 3903 3242 ad~

2217 3279 2492 3336 surdum.

2290 3377 2456 3441 Item,
2471 3369 2780 3443 quomodo
2795 3369 3029 3426 tertium
3047 3367 3372 3425 concilium
3394 3365 3899 3423 excommunicat

2217 3461 2481 3535 primum
2511 3465 2568 3516 et
2595 3464 2900 3532 quartum,
2921 3459 3222 3531 quintum,
3252 3463 3310 3514 et
3330 3461 3591 3524 sextum,
3620 3460 3677 3512 et
3700 3456 3898 3528 septi-

2217 3566 2386 3607 mum
2406 3552 2432 3606 ?
2458 3549 2669 3605 cumin
2693 3548 2811 3605 ﬁne
2828 3547 3146 3619 cujuslibet
3162 3546 3395 3602 concilii
3416 3546 3574 3602 hanc
3597 3544 3893 3600 eamdem

2216 3638 2680 3713 prohibitionem
2713 3637 2936 3694 factam
2967 3637 3046 3693 ab
3078 3635 3160 3691 eis
3202 3635 3472 3707 recipiat,
3512 3633 3778 3689 scilicet:
3819 3635 3899 3690 Si

2220 3731 2351 3801 quis
2377 3731 2630 3786 alteram
2658 3729 2857 3796 ﬁdem,
2907 3731 3016 3783 etc.
3045 3727 3099 3782 Si
3163 3740 3306 3780 vero
3371 3721 3896 3780 excommunicati

2219 3817 2529 3891 quomodo
2557 3817 2769 3887 sancti,
2793 3817 2841 3872 si
2863 3821 3064 3873 autem
3098 3814 3289 3870 sancti
3317 3829 3441 3869 non
3463 3812 3895 3869 excommuni—

2220 3909 2361 3965 cati.
2403 3907 2720 3972 Quomodo
2752 3911 2953 3962 tamen
3001 3919 3125 3960 non
3183 3901 3715 3968 excommunicati,
3770 3900 3897 3956 nisi

2219 3997 2638 4071 prohibitionis
2679 3997 2854 4068 juxta
2883 3993 3264 4064 sententiam,
3296 3991 3547 4048 alteram
3590 3990 3797 4057 ﬁdem,
3826 3990 3894 4045 id

2223 4091 2328 4158 est,
2371 4085 2737 4142 contrariam
2765 4089 2941 4140 rectae
2963 4083 3101 4140 ﬁdei
3134 4085 3654 4156 praesumpserunt
3678 4079 3895 4150 praedi-

2223 4190 2359 4232 care
2379 4176 2407 4230 ?
2440 4173 2610 4240 Quod
2639 4189 2782 4230 vero
2813 4178 2940 4229 tam
2969 4172 3236 4227 studiose
3259 4175 3316 4226 et
3339 4168 3585 4226 sollicite
3614 4169 3675 4224 in
3717 4167 3895 4223 omni

2225 4264 2476 4322 concilio
2509 4263 2849 4335 hocipsum
2898 4261 3354 4334 prohibuerunt,
3410 4264 3620 4314 contra
3659 4257 3895 4313 haereti-

2226 4371 2351 4420 cos,
2414 4369 2536 4410 non
2581 4353 2644 4408 in
2701 4351 3099 4425 prmjudicum
3151 4349 3415 4405 veritatis
3465 4348 3691 4404 factum
3753 4362 3893 4403 esse

2226 4449 2429 4517 aperte
2462 4441 2722 4514 probant
2750 4457 2887 4514 quae.
2916 4441 2977 4496 in
3000 4437 3389 4513 sequentibus
3407 4437 3809 4493 continentur.

2298 4532 2446 4588 Dicit
2473 4533 2634 4589 enim
2676 4530 2891 4586 beatus
2913 4529 3162 4602 Cyrillus
3187 4528 3250 4583 in
3280 4526 3545 4600 Epistola
3578 4526 3656 4582 ad
3684 4528 3890 4582 Nesto-

2225 4621 2382 4679 rium
2408 4638 2421 4676 :
2449 4642 2476 4671 «
2509 4623 2637 4677 Non
2666 4619 2774 4676 tibi
2791 4617 3044 4674 sufﬁciet
3062 4617 3329 4674 conﬁteri
3351 4614 3708 4688 Symbolum
3746 4613 3892 4670 ﬁdei

2229 4709 2426 4767 solum
2454 4708 2680 4766 editum
2704 4723 2814 4780 pro
2832 4713 3101 4780 tempore
3122 4707 3182 4762 in
3206 4704 3446 4778 Spiritu,
3468 4719 3506 4760 a
3527 4718 3754 4774 magna
3789 4718 3892 4774 sy-

2226 4799 2392 4857 nodo
2442 4814 2551 4871 pro
2592 4803 2859 4870 tempore
2886 4798 3253 4865 congregata
3282 4793 3512 4850 Nicaeae.
3547 4791 3888 4849 Intellexisti

2229 4888 2389 4945 enim
2409 4903 2530 4943 non
2560 4890 2749 4943 recte:
2780 4885 3328 4957 sedinterpretatus
3381 4897 3447 4938 es
3497 4897 3623 4938 non
3678 4886 3833 4937 recte
3871 4899 3886 4937 :

2230 4976 2338 5034 sed
2364 4991 2640 5049 perverse
2686 4981 2896 5032 contra
2941 4973 3361 5029 haereticorum
3407 4969 3892 5044 importunitates

2230 5066 2456 5124 dictum
2483 5069 2590 5131 est,
2615 5064 2751 5137 plus
2777 5062 2875 5119 vel
2904 5061 3105 5118 minus
3135 5060 3322 5117 aliam
3351 5059 3535 5116 ﬁdem
3568 5058 3868 5116 afﬁrmare

2231 5155 2627 5218 conscribere,
2657 5166 3043 5225 componere,
3073 5149 3314 5220 docere,
3341 5149 3436 5205 vel
3467 5164 3717 5226 sapere:
3754 5163 3888 5220 quis

2231 5244 2459 5317 aliquid
2489 5241 2976 5316 superinducere,
3012 5239 3104 5298 vel
3154 5238 3506 5297 subtrahere
3561 5237 3891 5295 moliuntur
