4020 6310
70 300 188 354 sos
1549 294 1827 355 CONTRA
1864 296 2158 391 amcos
3412 294 3516 352 506

72 436 256 478 sanae
282 420 512 478 mentis
536 419 862 480 intellectui
890 435 1101 480 eorum
1120 421 1226 498 qui
1246 420 1308 480 in
1331 421 1543 480 Nicaeae
1572 424 1755 496 Sym-
1786 424 1833 479 A
1861 422 2017 490 ritlo,
2074 437 2185 496 pro
2231 436 2303 480 eo
2379 421 2549 496 quod
2617 420 2681 478 in
2758 418 3033 493 pluribus
3108 417 3342 492 scriptis
3392 417 3517 474 suis

71 511 301 568 bolum
322 511 837 583 conscripserunt.
868 532 898 561 η
1867 513 2152 586 Spiritum
2185 515 2462 569 sanctum
2518 526 2593 567 ex
2622 509 2764 567 Filio
2795 525 2928 565 esse
2956 509 3210 566 fateatur
3237 524 3250 573 ;
3279 522 3517 565 excom-

150 605 308 658 ltem
340 601 420 658 de
443 602 660 659 eodem
688 602 1050 659 Athanasius
1095 620 1108 658 :
1144 623 1175 652 ‹‹
1222 601 1313 659 Nil
1365 601 1626 677 amplius
1654 602 1754 660 de-
1864 602 2289 659 municationis
2319 601 2675 658 sententiam
2722 599 2785 655 in
2836 599 3016 674 pleno
3064 597 3315 655 concilio
3345 596 3515 653 susti-

72 690 229 747 bere
259 690 450 746 scribi
474 690 551 747 de
602 689 742 759 ﬁde,
804 690 913 747 sed
966 694 1280 748 contentos
1304 706 1436 748 esse
1465 706 1537 749 ea
1567 707 1756 764 quam
1864 692 2068 748 nuisse
2098 691 2349 747 meruit:
2401 690 2595 746 donec
2620 704 2692 746 ea
2738 704 2874 761 quae
2904 691 3116 743 contra
3157 686 3515 758 praedictum

73 780 137 835 in
160 781 381 836 Nicaea
399 778 590 836 sancti
607 778 807 836 Patres
822 780 1327 853 conscripserunt,
1350 780 1488 851 ﬁde,
1512 784 1756 854 propter
1864 782 2099 837 Patrem
2119 780 2353 837 dixerat
2373 782 2429 835 et
2445 778 2781 851 scripserat,
2818 775 3055 850 publice
3076 778 3441 831 retractaret.

72 868 522 925 haereticorum
551 872 797 924 cautum
842 873 931 925 est
984 868 1427 926 cavillationes:
1467 892 1487 919 ι
1521 884 1645 926 non
1690 872 1757 926 ut
1935 869 2362 926 Auctoritatem
2383 883 2526 937 ergo
2543 868 2726 937 hujus
2746 867 2822 938 (8)
2854 863 3191 921 Theodoriti
3221 867 3514 935 tanquam
3559 928 3566 935 ι

73 959 300 1029 pietati
328 958 752 1032 praejudicium
805 958 1154 1027 inferretur;
1186 958 1338 1015 alias
1369 975 1582 1016 omnes
1614 974 1754 1015 san-
1863 957 2287 1031 blasphemam
2301 963 2673 1030 respuentes,
2696 956 2774 1012 ad
2791 954 2955 1011 illam
2978 950 3354 1017 Damasceni,
3377 967 3512 1022 quae

74 1053 236 1117 ctos,
274 1049 386 1121 qui
434 1052 646 1120 postea
698 1047 926 1121 aliquid
984 1048 1060 1104 de
1088 1047 1208 1104 ﬁde
1229 1048 1531 1118 dixerunt,
1564 1053 1621 1105 et
1650 1064 1756 1105 sex
1866 1048 1948 1104 sic
1979 1048 2185 1120 incipit
2210 1066 2268 1102 τι(
2294 1047 2495 1102 Primo
2521 1049 2611 1101 est
2630 1043 2981 1110 intellectus,
3008 1041 3225 1097 deinde
3256 1038 3512 1095 verbum

72 1136 478 1194 venerabiles
510 1137 780 1210 synodos
810 1137 873 1194 in
904 1141 1321 1211 contemptum
1351 1139 1547 1210 egisse
1574 1152 1757 1212 pone-
1866 1137 2145 1207 exterius,
2203 1137 2449 1210 spiritus
2498 1138 2701 1192 autem
2756 1136 2845 1189 est
2894 1131 3060 1189 verbi
3084 1128 3446 1197 vehiculum,
3482 1149 3509 1177 »

74 1242 249 1283 mus.
1866 1226 2251 1284 accedamus.

144 1316 309 1372 Item
336 1315 595 1388 Cyrillus
612 1316 675 1373 in
697 1316 980 1389 Epistola,
1007 1317 1179 1388 cujus
1202 1319 1291 1374 est
1314 1317 1549 1373 initium
1582 1337 1599 1372 :
1617 1318 1758 1388 Legi

74 1406 619 1461 commonitorium
642 1423 698 1461 :«
718 1405 1078 1461 Athanasius
1100 1404 1551 1475 dixit,sanctam
1574 1421 1757 1477 syno-

74 1496 235 1550 dum
268 1509 405 1551 non
448 1493 658 1550 fecisse
702 1495 1061 1551 memoriam
1104 1494 1381 1551 dictionis
1412 1495 1751 1552 Genitricis:

77 1598 195 1653 ego
234 1587 453 1639 autem
478 1583 708 1655 scripsi,
766 1583 931 1657 quod
960 1587 1016 1640 et
1050 1584 1097 1640 si
1147 1600 1271 1641 non
1328 1584 1464 1640 fecit
1487 1584 1758 1657 synodus
1937 1582 2258 1639 Sciendum
2287 1585 2374 1637 est
2404 1577 2811 1651 Grmcis,quod
2840 1580 2931 1631 est
2956 1575 3208 1631 verbum
3236 1574 3512 1639 exterius,

77 1672 484 1741 memoriam,
530 1672 685 1729 bene
710 1670 865 1729 fecit.
917 1676 1118 1747 Neque
1161 1674 1321 1730 enim
1369 1677 1494 1730 erat
1524 1677 1758 1730 motum
1868 1677 1926 1730 et
1951 1672 2202 1728 verbum
2228 1670 2495 1726 interius.
2518 1668 2778 1724 Verbum
2809 1664 3073 1730 interius,
3125 1664 3277 1719 sicut
3328 1662 3517 1719 sancti

80 1761 326 1834 aliquid
348 1762 776 1833 hujuscemodi
796 1767 939 1818 tunc
962 1764 1271 1836 temporis,
1294 1769 1540 1836 propter
1591 1762 1758 1836 quod
1792 1773 1833 1829 Β
1866 1761 2142 1817 doctores
2172 1759 2396 1825 dicunt,
2430 1760 2523 1814 est
2551 1755 2900 1823 intelleCius,
2936 1753 3024 1810 vel
3054 1751 3353 1824 cogitatio.
3385 1753 3518 1806 Ver-

78 1866 212 1906 non
243 1855 382 1907 erat
414 1851 736 1909 necessitas
756 1868 895 1925 quae
928 1868 1050 1909 non
1083 1852 1684 1925 quaerebanturferre
1700 1852 1759 1909 in
1864 1849 2014 1905 bum
2043 1849 2323 1915 exterius,
2352 1862 2550 1903 sermo
2573 1850 2681 1903 est.
2716 1843 2990 1901 Similiter
3020 1846 3109 1898 est
3139 1840 3380 1913 spiritus
3409 1838 3516 1895 du-

79 1939 397 1997 medium.
433 1963 461 1991 ››
1866 1937 2313 2010 plex:interior
2360 1936 2630 2008 spiritus,
2674 1939 2731 1990 et
2774 1932 3058 1999 exterior.
3106 1929 3351 1986 interior
3400 1929 3516 2000 spi-

1866 2025 2016 2083 ritus
2050 2042 2221 2083 amor
2246 2030 2367 2093 est;
2401 2024 2654 2080 exterior
2700 2037 2858 2087 vero,
2918 2035 3037 2077 aer.
3084 2020 3216 2075 Jam
3249 2032 3391 2086 ergo
3413 2016 3517 2072 do-

1868 2121 2079 2182 ctores,
2109 2116 2262 2172 sicut
2285 2118 2527 2171 sanctus
2548 2112 2913 2184 Augustinus
2943 2114 2999 2165 et
3037 2107 3156 2179 alii,
3190 2105 3516 2178 exempliﬁ-

1870 2210 2073 2263 cantes
2091 2207 2164 2263 de
2182 2206 2371 2262 Verbo
2390 2206 2701 2261 incarnato
2719 2206 2777 2258 et
2795 2199 3017 2274 Spiritu
3039 2199 3326 2263 increato,
3350 2210 3513 2251 com-

1868 2299 2083 2368 parant
2108 2296 2380 2368 spiritum
2410 2294 2750 2351 interiorem
2793 2290 2873 2347 ad
2926 2289 3178 2371 verbum
3233 2285 3512 2351 exterius,

1869 2385 1943 2442 de
1979 2385 2200 2458 quibus
2246 2385 2389 2441 dicit
2438 2386 2681 2440 sanctus
2730 2379 3131 2450 Augustinus:
3166 2397 3195 2426 «
3227 2375 3398 2431 Prius
3429 2378 3518 2430 est

1868 2492 2039 2533 mens
2062 2494 2075 2532 :
2099 2476 2326 2533 dictum
2348 2479 2440 2531 est
2458 2474 2733 2544 verbum,
2767 2471 2892 2528 sive
2914 2468 3218 2540 cogitatio,
3238 2465 3384 2538 quia
3415 2480 3517 2521 co-

1868 2566 2074 2636 gitatio
2102 2566 2164 2621 in
2190 2569 2386 2621 mente
2416 2568 2727 2635 concepta,
2755 2560 3014 2617 verbum
3052 2557 3293 2614 dicitur.
3316 2574 3345 2607 ›
3371 2554 3517 2610 Con-

1869 2660 2189 2729 sequenter
2220 2655 2510 2728 sequitur,
2533 2652 2700 2726 quod
2720 2667 2794 2709 ex
2820 2655 3074 2722 utroque
3101 2646 3358 2719 spiretur
3377 2643 3517 2700 affe-

2101 1406 2241 1462 Item
2280 1402 2495 1459 solutio
2523 1401 2602 1458 ad
2630 1400 2873 1457 verbum
2899 1397 3278 1456 Damasceni.

153 2029 315 2085 Item
344 2029 599 2086 Basilius
641 2031 703 2086 in
734 2030 996 2104 Epistola
1036 2047 1223 2105 quam
1254 2031 1488 2105 scripsit
1508 2032 1762 2106 Epipha-

79 2117 212 2189 nio,
242 2119 326 2175 ita
353 2112 545 2176 dixit:
575 2142 602 2170 α
632 2120 783 2177 Nihil
812 2136 1144 2194 possumus
1189 2121 1412 2178 addere
1454 2120 1596 2178 ﬁdei
1626 2139 1755 2196 nos,

81 2222 289 2280 neque
325 2214 549 2281 praeter
574 2225 712 2266 eam
740 2226 876 2283 quae
901 2210 961 2266 in
992 2210 1278 2283 Spiritum
1308 2214 1604 2281 sanctum,
1638 2212 1761 2282 glo-

82 2296 519 2364 riﬁcationem,
557 2314 745 2370 quam
811 2298 873 2355 in
927 2302 1274 2356 transcursu
1322 2300 1524 2356 Patres
1574 2303 1761 2358 nostri

84 2385 274 2457 hujus
298 2386 668 2444 memoriam
710 2388 981 2445 fecerunt
1026 2388 1301 2446 nondum
1330 2388 1405 2445 de
1453 2389 1587 2463 ipso
1616 2394 1760 2447 tunc

86 2479 258 2532 mota
289 2475 661 2548 quaestione.
705 2499 727 2527 ι

160 2566 333 2619 Patet
353 2564 540 2634 igitur
590 2580 663 2620 ex
706 2566 1053 2638 praemissis,
1101 2566 1267 2639 quod
1292 2570 1501 2623 contra
1528 2566 1757 2623 haereti—

92 2668 308 2710 corum
362 2653 871 2727 importunitates,
913 2673 1050 2729 quae
1080 2656 1390 2713 veritatem
1421 2662 1757 2729 pervertere

87 2742 389 2808 nituntur,
409 2742 569 2799 facta
598 2743 706 2799 fuit
725 2744 856 2800 haec
878 2761 986 2817 pro
1016 2746 1130 2815 his,
1153 2761 1273 2803 non
1297 2750 1361 2802 ut
1385 2745 1588 2817 pietati
1606 2762 1756 2818 prae-

85 2831 398 2901 judicium
422 2830 757 2889 inferretur.
790 2836 856 2889 Et
884 2834 1051 2906 quod
1073 2850 1144 2890 ea
1162 2850 1297 2907 quae
1324 2834 1380 2889 in
1405 2839 1754 2890 transcursu

85 2920 247 2976 dicta
269 2924 438 2988 sunt,
463 2919 769 2978 declarare
788 2921 921 2978 licet
947 2923 1128 2979 etiam
1162 2940 1301 2978 cum
1320 2922 1750 2992 additionibus,

84 3024 195 3065 nec
228 3025 359 3065 non
392 3014 450 3065 et
479 3009 788 3067 veritatem
816 3011 1062 3068 tacitam
1094 3027 1203 3084 pro
1230 3017 1501 3085 tempore
1530 3014 1589 3069 in
1622 3029 1749 3068 ma-

1864 2750 1994 2801 ctus
2021 2745 2147 2801 sive
2188 2760 2378 2800 amor.
2420 2746 2578 2799 Mens
2639 2756 2905 2813 namque
2930 2737 3083 2795 Patri
3135 2734 3514 2800 attribuitur;

1864 2834 2116 2890 verbum
2148 2833 2290 2889 Filio
2320 2852 2332 2901 ;
2379 2847 2551 2888 amor
2574 2829 2812 2903 Spiritui
2853 2833 3082 2885 sancto.
3114 2827 3197 2880 Ex
3233 2823 3348 2879 hoc
3377 2837 3519 2892 ergo

1864 2922 2121 2979 dicimus
2137 2923 2417 2994 Spiritum
2436 2921 2514 2976 ab
2534 2924 2789 2990 utroque
2810 2915 3156 2989 procedere,
3175 2912 3329 2968 sicut
3350 2925 3521 2966 amo-

1860 3028 1989 3068 rem
2015 3028 2088 3068 ex
2118 3016 2314 3068 mente
2345 3015 2403 3067 et
2452 3009 2637 3066 verbo
2663 3005 2948 3076 interiori,
2981 3004 3101 3059 sive
3132 3000 3514 3070 cogitatione.

84 3098 379 3155 nifestum
402 3099 664 3171 prodire,
695 3100 972 3167 scribere,
1002 3105 1059 3158 et
1090 3105 1332 3158 cantare
1361 3100 1519 3158 licet.
1555 3101 1745 3168 Quod,
1786 3121 1830 3175 Β
1862 3183 1870 3185 ν
1929 3101 2264 3157 Auctoritas
2301 3098 2656 3155 Damasceni
2683 3095 2849 3152 aliter
2868 3094 2992 3185 ista
3021 3090 3255 3162 accipit,
3286 3090 3344 3144 et
3381 3086 3520 3185 ideo

84 3202 225 3243 cum
248 3202 484 3256 negare
505 3188 687 3244 Graeci
707 3204 831 3245 non
852 3196 1128 3262 possunt,
1156 3190 1270 3246 nisi
1300 3191 1503 3247 forsan
1526 3191 1750 3264 scripta
1857 3183 1922 3246 in
1952 3206 2214 3246 errorem
2233 3188 2451 3245 multos
2506 3185 2759 3242 induxit.
2818 3182 3011 3239 Aliam
3058 3194 3200 3235 vero
3257 3180 3517 3234 auctori-

86 3291 202 3331 sua
232 3280 293 3331 et
317 3276 530 3332 Patres
548 3293 690 3333 suos
717 3282 959 3335 sanctos
982 3278 1165 3335 velint
1189 3279 1615 3345 condemnare,
1648 3296 1751 3336 ne-

88 3381 257 3422 cesse
286 3366 523 3422 habent
542 3366 855 3422 nobiscum
912 3374 969 3424 et
1012 3364 1126 3442 ipsi
1172 3370 1415 3426 fatendo
1444 3371 1610 3434 dare,
1640 3374 1752 3425 Ro-

89 3470 349 3510 manum
387 3455 733 3526 pontificem
765 3461 1008 3530 propter
1050 3457 1419 3514 additionem
1442 3458 1663 3515 factam
1694 3459 1757 3516 in

93 3543 396 3615 Symbolo
429 3544 638 3616 (quam
668 3561 871 3602 veram
898 3563 1025 3602 esse
1054 3547 1255 3603 nullus
1285 3553 1630 3605 sanctorum
1652 3548 1759 3603 du-

96 3632 335 3703 bitavit)
350 3648 475 3689 non
498 3649 625 3689 esse
643 3637 1256 3703 excommunicatum,
1278 3638 1372 3693 vel
1391 3638 1757 3703 haereticum,

96 3722 201 3776 sed
235 3721 412 3794 pium
445 3720 779 3791 doctorem,
810 3727 868 3780 et
923 3724 1287 3781 catholicum
1332 3726 1645 3783 etﬁdelem
1669 3726 1761 3782 di-

97 3816 525 3884 spensatorem
557 3814 603 3847 ‘9
663 3830 843 3885 quem
893 3815 1185 3872 Dominus
1245 3833 1427 3889 super
1471 3816 1762 3873 familiam

97 3917 298 3969 suam,
330 3900 398 3956 id
425 3905 537 3969 est,
566 3902 963 3960 universalem
986 3903 1317 3961 Ecclesiam
1343 3904 1667 3973 constituit,
1700 3910 1765 3962 ut

97 3990 193 4047 det
223 3989 342 4046 illis
374 3989 576 4046 cibum
607 3990 671 4047 in
702 3994 969 4065 tempore
996 3998 1341 4066 opportuno
1370 3996 1441 4053 ⁵ο.

644 4116 859 4187 Opinio
889 4117 1259 4176 Graecorum.

170 4240 390 4296 Dicunt
447 4240 627 4310 igitur
683 4242 869 4298 Graeci
896 4242 1151 4299 iterum:
1200 4243 1515 4301 Multorum
1558 4243 1761 4301 docto-

98 4344 232 4384 rum
257 4333 607 4385 nostrorum
624 4330 937 4393 hactenus,
952 4347 1214 4404 quorum
1233 4333 1455 4405 scripta
1469 4333 1633 4407 apud
1650 4350 1760 4389 nos

102 4432 295 4491 usque
312 4417 495 4474 hodie
517 4424 930 4491 perseverant,
960 4426 1021 4477 ut
1041 4421 1433 4478 Theodoritus
1472 4428 1529 4478 et
1546 4423 1758 4491 caeteri,

99 4513 316 4563 vestrae
349 4506 624 4581 opinioni
647 4523 913 4565 erronete
944 4510 1244 4567 contraria
1275 4511 1661 4584 scripserunt.

571 4633 890 4704 Responsio
916 4637 1295 4694 Latinorum.

173 4757 410 4825 Quibus
446 4770 809 4829 responsum
829 4758 1149 4817 reddentes
1173 4760 1433 4817 dicimus
1463 4778 1476 4818 :
1509 4761 1679 4828 Quod
1711 4762 1760 4819 si

104 4863 318 4904 omnes
342 4862 500 4919 quos
526 4846 802 4904 doctores
825 4849 1163 4915 nominant,
1189 4849 1337 4906 tales
1360 4855 1517 4920 sunt,
1548 4851 1759 4923 quales

103 4936 499 4994 Theodoritus
518 4936 703 4995 fuisse
725 4939 1015 5011 probatur
1033 4957 1050 5010 ;
1067 4954 1169 4994 eos
1190 4942 1483 5011 tanquam
1532 4946 1759 5012 pestem

104 5027 455 5099 fugimus,et
466 5035 754 5102 tanquam
771 5029 1081 5085 haereticos
1090 5029 1411 5101 reprobam
1421 5033 1577 5086 us.lu
1590 5034 1761 5104 quin-

105 5122 163 5174 to
208 5120 285 5188 (6)
321 5134 590 5191 namque
617 5118 890 5185 concilio,
924 5134 1063 5175 cum
1106 5118 1301 5175 dictus
1365 5119 1759 5176 Theodoritus

103 5208 239 5265 nisu
272 5207 594 5265 temerario
619 5223 806 5264 ausus
836 5211 961 5264 erat
991 5223 1052 5264 se
1083 5223 1389 5281 opponere
1422 5208 1520 5281 (7).
1556 5211 1613 5265 Β.
1649 5212 1760 5283 Cy-

173 5407 220 5445 ‘9
247 5409 497 5478 Luc.xir,
528 5409 618 5465 42.
646 5404 694 5445 ⁵ο
722 5406 878 5466 Psal.
911 5422 1104 5477 CLXIV,
1150 5406 1240 5465 15.

169 5589 252 5729 (6;
284 5590 411 5645 imo
437 5585 720 5668 intertio,
748 5584 866 5642 hoc
894 5587 1006 5641 est.
1036 5584 1107 5668 in.
1128 5582 1448 5667 Ephesino.
1482 5585 1665 5665 Srevv.

176 5659 227 5729 (7
280 5660 413 5729 Non
439 5656 554 5714 fuit
578 5656 710 5729 hac
740 5659 1151 5729 controversia
1178 5660 1334 5713 mter
1382 5654 1664 5729 Cyrillum

176 5654 252 5730 (7)
280 5660 425 5738 Non
439 5656 554 5714 fuit
578 5656 710 5738 hac
740 5655 1151 5738 controversia
1171 5654 1334 5738 inter
1382 5654 1664 5738 Cyrillum
1701 5659 1760 5715 et

104 5724 560 5800 Theoderetum,
587 5726 695 5788 sed
745 5731 951 5788 utrum
996 5725 1261 5786 Christus
1306 5724 1451 5799 una}
1490 5740 1572 5786 an
1616 5724 1754 5786 dum

1858 3285 2045 3341 tatem
2076 3276 2451 3342 Damasceni,
2484 3293 2620 3349 quae
2642 3275 2817 3331 dicit:
2857 3296 2877 3322 ι

2933 3274 3050 3328 Nos
3081 3268 3361 3343 Spiritum
3387 3282 3519 3323 san-

1862 3374 2027 3426 ctum
2058 3384 2129 3424 ex
2161 3367 2301 3424 Filio
2350 3383 2483 3423 esse
2538 3381 2661 3420 non
2713 3362 2989 3432 dicimus,
3030 3383 3050 3409 ι
3116 3358 3166 3414 si
3224 3362 3519 3428 tanquam

1865 3457 2275 3514 authenticam
2295 3471 2402 3529 per
2416 3454 2669 3512 concilia
2689 3453 2951 3524 recipere
2972 3448 3264 3505 vellemus
3282 3449 3521 3518 (quam-

1865 3550 1957 3604 vis
2012 3562 2137 3603 non
2190 3546 2284 3619 sit)
2342 3546 2493 3602 sicut
2553 3550 2921 3608 sanctorum,
2981 3539 3056 3596 de
3124 3536 3350 3610 quibus
3426 3550 3521 3590 su-

1868 3653 1980 3709 pra
2027 3637 2388 3694 memoriam
2412 3634 2683 3701 fecimus,
2729 3632 2815 3687 sic
2869 3642 3285 3702 exponemus:
3321 3647 3349 3676 «
3399 3626 3518 3680 Nos

1870 3726 2146 3793 dicimus,
2175 3748 2204 3775 ››
2236 3726 2297 3782 id
2318 3730 2425 3789 est,
2450 3743 2479 3777 ‹
2502 3726 2627 3780 Non
2651 3724 2986 3777 cantamus.
3016 3739 3037 3765 ›
3070 3712 3244 3781 Quod
3270 3712 3516 3784 quidem

1869 3831 2081 3872 verum
2137 3820 2246 3871 est.
2306 3813 2457 3870 illud
2505 3812 2698 3868 enim:
2730 3809 3011 3879 Filioque
3056 3802 3361 3873 procedit:
3392 3816 3517 3855 om-

1869 3905 2013 3960 nino
2045 3904 2105 3959 in
2139 3903 2409 3959 Ecclesiis
2442 3900 2771 3956 subticetur
2795 3896 2873 3952 ab
2928 3894 3037 3950 eis.
3089 3891 3146 3949 Si
3182 3893 3383 3945 autem
3412 3887 3521 3943 ﬁat

1871 3992 1959 4049 vis
1987 3994 2050 4049 in
2090 3991 2528 4065 praepositione,
2571 4004 2663 4054 ex,
2689 3983 3027 4041 secundum
3052 3978 3521 4053 quodimportat

1868 4081 2196 4155 aliquando
2225 4078 2625 4136 universalem
2651 4072 3064 4133 auctoritatem
3090 4066 3389 4142 principii,
3416 4068 3519 4155 aut

1868 4152 2262 4245 principalem
2289 4183 2563 4231 causam,
2610 4167 2802 4238 potest
2831 4158 3130 4217 sustineri.
3171 4160 3322 4213 Nam
3351 4152 3519 4227 quod

1870 4260 2123 4335 Spiritus
2138 4258 2423 4332 procedat
2436 4254 2647 4321 aFilio,
2679 4254 2795 4309 hoc
2814 4250 2997 4308 habet
3012 4264 3048 4305 a
3068 4249 3241 4304 Patre
3264 4262 3278 4311 ;
3298 4258 3518 4301 secun-

1868 4350 2015 4406 dum
2036 4350 2203 4422 quod
2226 4348 2301 4404 in
2316 4343 2795 4420 praecedentibus
2824 4338 3123 4396 testiﬁcati
3149 4350 3383 4391 sumus.

1942 4439 2031 4496 Ad
2068 4438 2249 4495 aliam
2298 4442 2501 4493 autem
2540 4431 2952 4489 auctoritatem
3000 4424 3337 4500 Epiphanii,
3380 4438 3519 4497 quas

1870 4529 2086 4586 fatetur
2115 4526 2397 4600 Spiritum
2424 4523 2693 4581 medium
2723 4521 2875 4577 inter
2923 4520 3159 4574 Patrem
3186 4520 3243 4572 et
3284 4513 3514 4583 Filium,

1870 4618 2129 4675 dicimus
2159 4617 2221 4673 id
2260 4612 2735 4684 intelligendum,
2785 4608 2949 4682 quod
2991 4605 3239 4679 Spiritus
3264 4608 3352 4660 est
3379 4617 3520 4659 con-

1868 4708 2045 4767 nexio
2074 4712 2131 4764 et
2158 4722 2332 4763 amor
2352 4706 2682 4775 utriusque.
2717 4703 2868 4756 Nam
2888 4698 3015 4770 ipse
3040 4693 3435 4768 Epiphanius,
3461 4694 3521 4747 et

1869 4813 2080 4854 omnes
2101 4795 2201 4852 alii
2221 4810 2361 4851 cum
2387 4809 2479 4863 eo,
2502 4790 2784 4863 Spiritum
2801 4793 3079 4843 sanctum
3097 4800 3169 4839 ex
3190 4779 3514 4844 ambobus,

1870 4890 2020 4943 sicut
2057 4900 2241 4957 supra
2268 4888 2542 4939 notatum
2568 4884 2675 4949 est,
2709 4884 2765 4935 et
2785 4877 2994 4934 ordine
3015 4872 3316 4933 mediante
3337 4868 3520 4957 conti-

1870 4980 2085 5033 tentur.
2112 4956 2278 5030 Unde
2308 4988 2443 5029 cum
2476 4970 2723 5026 dixisset
2753 4962 3122 5040 Epiphanius
3169 4961 3231 5016 in
3266 4956 3519 5016 auctori-

1871 5069 1987 5123 tate
2018 5062 2427 5137 praeallegata,
2460 5082 2487 5110 «
2521 5075 2643 5115 non
2687 5055 3021 5113 secundum
3051 5050 3320 5123 aliquam
3358 5062 3522 5103 com-

1868 5152 2250 5227 positionem,
2274 5146 2796 5223 quemadmodum
2812 5144 2873 5199 in
2894 5140 3070 5198 nobis
3088 5138 3294 5227 anima
3314 5140 3371 5193 et
3389 5150 3521 5227 cor-

1870 5223 2004 5316 pus,
2027 5241 2134 5299 sed
2160 5241 2224 5298 in
2272 5238 2473 5297 medio
2511 5237 2702 5294 Patris
2747 5238 2805 5291 et
2858 5230 2998 5299 Filii,
3030 5252 3058 5279 ιο
3117 5226 3319 5286 statim
3378 5223 3520 5283 sub-

1867 5580 2437 5657 permensust-1m
2515 5645 2526 5657 .
2579 5655 2583 5657 .
2644 5648 2656 5657 .
2849 5646 2860 5657 .

1935 5636 2304 5727 (έίῇέείριιίῑ
2324 5645 2759 5727 Theodorgtus,
2810 5646 2868 5704 et
2912 5657 2950 5705 a
2980 5640 3232 5703 concilio
3278 5636 3522 5697 Chalceo

1866 5717 2120 5787 ddu'ensi
2139 5717 2413 5795 réceptus
2432 5721 2540 5779 est.
2574 5717 2668 5777 lD.
