4020 6310
493 313 597 379 507

1723 291 2201 371 PANTALEONIS
2237 287 2527 367 DIACONI
2566 309 2670 364 cr.

3851 263 3979 340 eos

492 441 709 518 junxit,
741 441 908 518 quod
941 442 1177 500 Graecus
1227 437 1665 498 occultaverat:
1699 463 1719 489 ι
1759 439 2041 513 Spiritum
2072 454 2145 494 ex
2176 413 2222 494 Ᾱ
2255 436 2504 509 Spiritus
2528 431 2670 497 Filii,
2705 447 2814 504 pro
2845 445 2914 486 eo
2944 415 3111 501 quod
3132 423 3396 482 mittatur
3425 413 3505 475 ad
3524 409 3978 518 sanctiﬁfaﬁ-

500 529 670 594 Patre
699 539 755 590 et
775 533 938 589 Filia.
966 555 992 583 ››

574 625 684 682 Sed
715 626 772 679 et
823 621 1066 677 Basilius
1119 619 1181 675 in
1240 633 1518 675 sermone
1567 617 1673 692 qui
1731 617 1971 691 incipit:
2007 617 2144 673 Non

502 719 649 771 erat.
680 717 746 767 ut
770 703 1026 776 videtur,
1076 713 1210 784 etc.,
1250 707 1536 764 vicesimo
1567 707 1820 779 septimo
1864 705 2143 779 capitulo,

501 803 672 873 cujus
710 804 798 856 est
823 798 1089 854 initium:
1123 798 1239 854 Sed
1253 799 1416 868 forte
1442 798 1593 853 dicet
1623 799 1776 869 quis,
1801 800 1934 864 etc.,
1961 796 2043 851 sic
2067 799 2146 850 te-

501 893 725 946 statur:
768 910 790 939 »
823 889 988 944 Pater
1014 887 1259 960 quidem
1313 886 1441 942 sine
1471 885 1784 958 principio,
1839 887 1896 941 et
1925 883 2150 954 ingeni-

500 981 616 1049 tus,
649 978 704 1032 et
733 991 969 1048 semper
1014 975 1380 1045 intelligitur.
1428 977 1510 1030 Ex
1551 973 1683 1046 ipso
1711 979 1912 1029 autem
1943 988 2150 1028 secun-

501 1065 1092 1139 dumpropinquum,
1127 1063 1252 1119 sine
1286 1062 1974 1132 interstitio,unigenitus
2001 1059 2153 1116 Patri

503 1155 844 1210 communis
865 1157 972 1208 est.
990 1152 1313 1223 Peripsum
1330 1157 1530 1206 autem
1556 1151 1937 1219 Unigenitum
1972 1149 2151 1204 etiam

504 1259 642 1299 cum
672 1242 806 1314 ipso
843 1246 1170 1312 antequam
1205 1239 1323 1294 alia
1361 1239 1436 1309 (9)
1485 1239 1707 1309 majus,
1739 1245 1796 1293 et
1825 1238 2153 1292 subsistens

503 1347 611 1403 per
631 1329 898 1385 medium
922 1327 1219 1383 intercidit
1243 1326 1559 1391 intellecto,
1591 1326 1787 1381 statim
1809 1330 1865 1381 et
1902 1325 2152 1397 Spiritus

507 1424 752 1476 sanctus
768 1416 1149 1489 c0pulatione
1163 1413 1709 1486 comprehenditur.
1737 1436 1756 1464 ι
1780 1411 2154 1484 Diciturergo

505 1507 766 1570 medius,
813 1509 994 1578 prout
1025 1504 1310 1565 diximus,
1342 1503 1486 1574 quia
1515 1518 1688 1559 amor
1708 1509 1796 1558 est
1819 1502 2153 1573 utriusque.

509 1595 828 1654 Ordinatur
844 1609 986 1649 vero
1006 1595 1141 1666 post
1159 1591 1388 1662 Filium,
1411 1591 1556 1664 quia
1576 1608 1650 1647 ex
1692 1591 1995 1648 ambobus
2017 1606 2155 1662 pro-

509 1685 686 1740 cedit.

583 1761 747 1829 Unde
778 1771 836 1826 in
876 1772 1178 1827 Ancorato
1230 1768 1548 1842 Epiphanii

510 1860 833 1932 ingenitus,
883 1861 1202 1930 increatus,
1262 1858 1917 1932 incomprehensibilis:
1955 1859 2154 1928 Filius,

513 1952 767 2022 genitus,
797 1955 852 2005 et
880 1966 1116 2021 semper
1144 1951 1465 2017 increatus,
1497 1953 1553 2005 et
1585 1948 2159 2021 incomprehensibi-

511 2039 614 2096 lis:
643 2039 892 2112 Spiritus
948 2043 1212 2106 sanctus,
1277 2053 1514 2109 semper
1559 2054 1681 2094 non
1730 2039 1984 2108 genitus,
2035 2052 2158 2093 non

513 2133 768 2194 creatus,
797 2143 919 2183 non
951 2127 1264 2198 confrater,
1315 2142 1436 2182 non
1469 2143 1543 2182 ex
1590 2129 1757 2183 Patre
1804 2127 2005 2194 frater,
2038 2141 2162 2180 non

513 2217 710 2290 proles
724 2216 904 2272 Patris
916 2259 928 2280 ,
942 2231 1064 2270 non
1078 2215 1280 2286 proles
1293 2215 1415 2270 Filii
1435 2233 1448 2281 ;
1469 2215 1572 2270 sed
1586 2231 1659 2270 ex
1675 2215 1888 2271 eadem
1909 2213 2166 2270 essentia

515 2305 700 2361 Patris
749 2309 806 2360 et
842 2304 968 2359 Filii
1013 2303 1260 2375 Spiritus
1312 2308 1576 2374 sanctus,
1612 2303 1862 2376 Spiritus
1892 2302 2165 2359 omnium

516 2391 671 2448 Deus
700 2395 807 2457 est,
845 2414 866 2440 1.

589 2479 678 2534 Ad
702 2479 870 2546 illud,
892 2481 1058 2550 quod
1080 2479 1494 2550 quserebatur:
1525 2502 1553 2530 «
1578 2479 1718 2544 Quis
1743 2478 1917 2535 vobis
1948 2479 2170 2535 revela-

516 2568 600 2624 vit
618 2568 734 2624 hoc
754 2567 782 2623 ?
805 2567 968 2623 Unde
992 2566 1283 2623 habuistis
1304 2567 1332 2622 ?
1356 2569 1568 2634 Quare,
1602 2572 1658 2623 et
1688 2567 1863 2623 nobis
1909 2583 2031 2623 non
2059 2567 2171 2622 fuit

517 2656 892 2713 revelatum?
918 2657 1111 2721 Quare
1155 2655 1216 2711 in
1260 2656 1550 2727 Symbolo
1601 2656 1713 2712 tale
1761 2656 1907 2729 quid
1938 2653 2170 2712 intrusi-

521 2745 644 2816 stis,
679 2767 707 2795 ››
741 2749 873 2813 etc.,
906 2744 1050 2816 quia
1066 2743 1125 2800 in
1160 2745 1567 2817 superioribus
1597 2750 1907 2802 ostensum
1936 2752 2046 2812 est,
2078 2745 2174 2800 vel

459 2875 475 2886 .
519 2848 880 2905 responsum
907 2837 995 2887 est
1025 2837 1080 2888 et
1135 2832 1422 2903 ‘solutum,
1477 2831 1612 2889 ideo
1661 2833 1756 2889 hic
1797 2833 1909 2888 sub
1941 2832 2172 2888 silentio

520 2919 989 2996 praetermissum
1005 2965 1018 2977 .

592 3010 680 3066 Ad
701 3011 1083 3066 auctoritates
1117 3009 1295 3067 etiam
1328 3011 1654 3082 Evangelii,
1682 3028 1835 3085 quas
1868 3027 2050 3082 prave
2081 3027 2174 3065 ex-

2253 497 2364 581 das
2393 497 2726 587 creaturas,
2741 535 2880 576 cum
2906 517 2984 573 ab
3005 522 3228 572 aeterno
3251 526 3374 567 non
3391 511 3546 564 esset
3567 503 3670 576 qui
3694 497 3979 587 sanctif

2254 615 2550 678 ﬁcaretur,
2572 627 2641 668 eo
2663 608 2830 682 quod
2847 610 3131 664 creaturae
3149 600 3444 673 incipiunt
3464 593 3576 651 sub
3597 598 3937 682 tempore
3949 586 3979 638 Τ)

2256 707 2408 775 Ergo
2447 675 2570 758 non
2600 675 3004 763 diciturfilii,
3054 692 3198 766 quia
3239 688 3487 746 mittitur
3529 683 3607 740 ad
3638 675 3980 775 sanctifi-

2256 764 2479 848 candas
2510 795 2831 854 creaturas,
2880 785 2983 840 sed
3005 764 3146 856 quia
3175 776 3528 835 mter-naliter
3553 770 3848 827 exsistat
3883 764 3980 821 ab

2257 899 2347 938 eo.
2393 881 2449 938 Si
2481 885 2681 936 autem
2709 875 2935 932 exsistit
2964 873 3041 930 ab
3072 888 3141 928 eo
3177 865 3550 931 aeternaliter,
3604 863 3715 917 aut
3745 871 3981 928 gene-

2257 968 2506 1030 ratione,
2532 969 2634 1022 aut
2658 963 3060 1037 processione,
3100 964 3165 1014 ut
3203 970 3408 1028 supra.

2333 1058 2444 1115 Sed
2471 1056 2610 1111 dicit
2641 1032 2878 1111 Graecus
2928 1052 3140 1106 iterum
3171 1065 3184 1103 :
3210 1043 3462 1118 Spiritus
3512 1040 3780 1095 sanctus
3823 1032 3979 1089 Filii

2261 1163 2393 1202 esse
2424 1145 2656 1208 dicitur,
2687 1143 2830 1215 quia
2867 1137 3098 1196 ratione
3156 1135 3379 1192 divinae
3411 1126 3678 1186 essentiae
3737 1122 3818 1179 ei
3868 1125 3984 1176 est

2263 1231 2814 1291 consubstantialis.

2337 1323 2606 1378 Latinus:
2642 1316 2810 1375 Absit
2831 1317 2908 1375 ab
2961 1313 3208 1372 auribus
3261 1309 3532 1367 ﬁdelium
3558 1305 3676 1361 hoc
3703 1300 3982 1356 delira-

2264 1417 2555 1467 mentum.
2590 1410 2740 1475 Quia
2769 1408 2818 1463 si
2847 1407 2960 1463 ista
2979 1404 3209 1461 ratione
3235 1400 3451 1457 dicitur
3501 1408 3630 1451 esse
3662 1388 3976 1462 Spiritus

2264 1499 2409 1565 Filii,
2435 1499 2653 1554 scilicet
2697 1497 2840 1570 quia
2865 1501 2956 1552 est
2985 1494 3036 1550 ei
3093 1483 3666 1548 consubstantialis:
3700 1477 3976 1573 eadem

2263 1589 2489 1645 ratione
2514 1587 2686 1642 Filius
2713 1567 2858 1657 ipse,
2885 1589 2940 1640 et
2971 1583 3146 1639 Pater
3174 1579 3356 1636 etiam
3414 1574 3767 1665 dicerentur

2263 1678 2412 1734 ritus
2471 1677 2680 1742 sancti,
2731 1655 2891 1730 vela
2949 1673 3170 1746 Spiritu
3222 1670 3451 1734 sancto,
3477 1661 3623 1736 quia
3651 1655 3977 1714 similiter

1594 1789 1606 1826 :
1652 1801 1679 1820 u
1712 1765 1883 1825 Pater
1922 1785 2158 1842 semper
2189 1789 2228 1843 Β
2266 1772 2405 1823 sunt
2431 1767 2484 1822 ei
2511 1762 3073 1821 consubstantiales.

2337 1855 2572 1923 Videtis,
2635 1854 2838 1925 Graeci,
2880 1866 3175 1925 quorsum
3209 1846 3462 1904 tendunt
3491 1839 3584 1896 hic
3641 1849 3975 1905 congrua:

2267 1946 2670 2017 expositiones
2716 1944 2979 2000 vestrae?
3033 1945 3183 1996 Nam
3237 1937 3432 2010 prima
3483 1925 3971 2017 Macedonium.

2269 2014 2454 2091 altera
2488 2034 2810 2090 Sabellium
2866 2031 3255 2104 blasphemos
3313 2025 3641 2080 imitantur.
3694 2014 3973 2104 Primus

2271 2124 2432 2180 enim
2457 2123 2734 2195 Spiritum
2765 2125 3040 2178 sanctum
3070 2120 3221 2174 inter
3279 2117 3584 2169 creaturas
3645 2103 3929 2195 ordinat

2276 2190 2578 2269 secundus
2639 2213 2701 2268 in
2749 2203 3026 2268 Trinitate
3082 2207 3356 2264 ordinem
3416 2195 3758 2256 confundit.
3845 2190 3970 2246 Ubi

2275 2320 2416 2376 ergo
2450 2320 2607 2358 nunc
2657 2308 2743 2358 est
2770 2307 2968 2356 vestra
3015 2297 3307 2370 gloriatio,
3344 2291 3486 2366 quia
3541 2283 3973 2376 impudenter

2273 2369 2382 2447 vos
2414 2391 2489 2446 de
2515 2389 2955 2464 pulchritudine
3016 2385 3272 2442 scientiae
3312 2379 3573 2453 jactatis,
3618 2369 3923 2430 dicentes
3954 2385 3966 2421 :

2279 2501 2308 2536 ‹
2339 2483 2393 2537 Si
2429 2487 2630 2536 autem
2657 2480 2971 2536 occasione
3005 2471 3410 2549 quorumdam
3445 2466 3804 2525 verborum,
3841 2482 3874 2508 ››
3911 2464 3972 2511 et

2280 2576 2510 2626 caetera.
2541 2573 2641 2626 Ast
2662 2586 2869 2625 rursus
2902 2567 2978 2622 ad
3000 2583 3112 2622 nos
3140 2563 3455 2619 redeuntes
3479 2555 3687 2612 audire
3718 2549 3971 2623 poteri-

2279 2661 2352 2717 tis
2380 2655 2708 2715 veritatem.
2741 2661 2911 2713 Estne
2959 2656 3076 2710 ista
3128 2652 3346 2708 veritas
3399 2647 3608 2721 prima?
3643 2638 3966 2706 veritatis,

2283 2756 2346 2805 ut
2390 2749 2607 2804 relictis
2641 2753 2982 2803 sanctorum
3034 2744 3276 2798 Patrum
3340 2734 3667 2804 sententiis,
3721 2742 3971 2800 sequa-

2283 2854 2418 2894 mur
2463 2837 2870 2893 Macedonium
2927 2839 2984 2889 et
3049 2829 3371 2886 Sabellium
3437 2822 3752 2880 haereticos
3817 2819 3969 2888 jam

2284 2925 2760 2981 condemnatos?
2809 2922 2959 2990 Quid
2981 2937 3123 2991 ergo
3187 2919 3318 2974 est?
3371 2915 3593 2971 Dicitur
3641 2907 3780 2964 Filii
3829 2904 3972 2977 Spi-

2283 3009 2450 3077 ritus,
2484 3014 2818 3069 secundum
2879 3027 3088 3068 omnes
3133 3023 3274 3064 sane
3335 3003 3757 3074 intelligentes,
3800 2995 3967 3068 quia

519 3101 771 3171 ponunt,
796 3097 1100 3156 dicentes:
1151 3123 1179 3150 (ι
1244 3101 1462 3156 Dicitur
1522 3082 1773 3173 Spiritus
1831 3100 1971 3165 Filii,
2033 3098 2177 3170 quia
2216 3117 2255 3192 δ
2283 3104 2553 3178 procedit
2584 3103 2660 3158 ab
2691 3120 2798 3159 eo:
2833 3099 2996 3174 quod
3019 3099 3220 3170 utique
3251 3097 3334 3151 ita
3359 3093 3711 3192 verum‘est,
3745 3092 3814 3140 ut
3851 3082 3970 3192 uni

522 3186 768 3243 mittitur
821 3186 900 3243 ab
950 3203 1020 3242 eo
1069 3187 1148 3242 ad
1203 3189 1665 3244 sanctiﬁcandas
1718 3192 2055 3243 creaturas:
2089 3185 2179 3241 vel

523 3276 668 3348 quia
687 3276 1320 3332 estconsubstantialis
1340 3277 1410 3347 ei,
1441 3299 1467 3327 »
1517 3278 1600 3332 sic
1625 3278 2066 3350 respondemus
2091 3292 2104 3329 :

596 3363 928 3427 Quaerimus
953 3379 987 3418 a
1014 3365 1229 3419 Graecis
1257 3381 1270 3418 :
1292 3369 1404 3420 Aut
1429 3367 1676 3436 Spiritus
1699 3369 1820 3420 erat
1847 3365 1925 3420 ab
1957 3369 2178 3419 aeterno

528 3449 672 3517 Filii,
704 3455 806 3505 aut
831 3450 876 3504 si
899 3451 1126 3514 dicunt,
1155 3452 1307 3521 Non,
1367 3460 1575 3509 contra
1624 3453 1941 3522 Gregorius
1979 3453 2179 3508 Thau-

526 3545 839 3607 maturgus
869 3541 928 3594 in
960 3540 1217 3597 editione
1238 3541 1378 3596 ﬁdei
1401 3557 1549 3609 suae,
1574 3559 1708 3615 qua:
1729 3543 1789 3597 in
1813 3558 1927 3597 sua
1953 3543 2080 3596 Vita
2105 3540 2180 3596 le-

527 3627 704 3699 gitur,
747 3628 994 3700 Spiritus
1038 3645 1165 3684 esse
1213 3630 1332 3685 Filii
1359 3630 1434 3686 ab
1466 3635 1686 3686 aeterno
1719 3631 1884 3686 claro
1907 3645 2182 3685 sermone

525 3715 887 3772 denuntians
942 3718 1058 3772 ait:
1089 3740 1110 3767 ‹
1138 3721 1338 3791 Neque
1385 3718 1664 3775 defecerit
1697 3733 1966 3791 unquam
2008 3718 2182 3774 Filius

526 3805 706 3875 Patri,
735 3821 843 3861 nec
871 3806 1118 3877 Spiritus
1142 3807 1304 3871 Filio,
1367 3807 1474 3862 sed
1523 3808 1985 3864 inconvertibilis
2014 3811 2067 3863 et
2097 3807 2182 3862 in-

527 3893 848 3951 alterabilis
875 3896 1088 3952 eadem
1119 3897 1373 3953 Trinitas
1402 3907 1659 3969 semper.
1690 3919 1717 3947 »

597 3988 740 4040 Item
772 3986 1086 4053 Gregorius
1108 3985 1443 4055 'l‘heologUS
1478 3987 1533 4040 in
1551 4000 1828 4042 sermone
1860 3985 1934 4040 de
1950 3988 2182 4040 Penete-

528 4079 707 4142 coste,
734 4072 838 4144 qui
865 4075 947 4128 sic
977 4074 1202 4146 incipit,
1239 4075 1320 4130 De
1354 4074 1467 4131 hac
1501 4077 1878 4131 solemnitate
1929 4074 2186 4130 breviter

526 4163 807 4231 philosop
821 4162 1039 4226 temur,
1077 4165 1235 4218 circa
1256 4163 1523 4218 medium
1550 4165 1866 4232 sermonis,
1896 4162 1977 4218 sic
2009 4168 2187 4219 testa-

529 4255 624 4306 tur
649 4249 723 4304 de
752 4249 964 4305 eodem
991 4251 1208 4322 Spiritu
1239 4269 1250 4306 :
1288 4274 1313 4300 ‹‹
1338 4255 1470 4307 Erat
1509 4268 1747 4323 semper
1772 4252 2020 4324 Spiritus
2043 4267 2187 4306 san-

533 4342 684 4401 ctus,
717 4341 902 4402 etest,
930 4343 983 4392 et
1013 4338 1137 4403 erit,
1192 4343 1386 4409 neque
1413 4339 1634 4410 incepit
1674 4347 1868 4411 nmue
1914 4339 2184 4394 deﬁciet:

535 4423 637 4478 sed
665 4439 901 4495 semper
927 4425 1076 4480 Patri
1106 4432 1160 4480 et
1197 4426 1334 4481 Filio
1366 4427 1749 4482 coordinatur
1778 4433 1832 4482 et
1864 4442 2190 4481 connume-

533 4516 720 4568 ratur.
772 4514 972 4584 Neque
1027 4512 1278 4569 decebat
1335 4513 1589 4570 deﬁcere
1657 4515 1866 4570 Filium
1904 4517 2054 4571 Patri
2085 4531 2188 4570 un-

536 4615 745 4672 quam,
780 4605 834 4655 et
864 4601 1142 4670 Spiritum
1179 4602 1346 4658 Filio.
1393 4625 1419 4650 η

589 4692 732 4743 Item
753 4689 1136 4760 Epiphanius,
1157 4691 1480 4762 episcopus
1497 4692 1695 4762 Cypri,
1717 4691 1790 4745 de
1811 4691 2070 4762 perfecta
2083 4693 2197 4747 hu-

536 4778 881 4834 manatione
935 4779 1032 4833 Dei
1073 4780 1288 4834 Verbi:
1349 4782 1449 4834 «Et
1502 4781 1792 4850 quoniam
1846 4780 2116 4835 animam
2142 4785 2199 4836 et

539 4867 906 4923 intellectum
938 4868 1202 4940 suscipit,
1239 4874 1292 4923 et
1337 4884 1689 4940 quanquam
1723 4874 1809 4923 est
1838 4869 2044 4924 homo.
2081 4893 2107 4918 ››
2133 4872 2200 4924 Et

539 4956 614 5012 de
639 4956 914 5012 Trinitate
940 4962 1076 5029 post
1109 4973 1297 5012 unum
1329 4957 1540 5012 folium
1577 4975 1587 5010 :
1620 4979 1651 5008 ‹‹
1673 4957 1847 5013 Pater
1873 4962 1999 5013 erat
2044 4975 2198 5012 sem-

542 5059 669 5122 per,
701 5052 758 5100 et
803 5046 983 5101 Filius
1032 5062 1099 5101 ex
1162 5049 1325 5101 Patre
1370 5053 1496 5101 erat
1540 5062 1797 5118 semper,
1853 5052 1907 5102 et
1951 5048 2201 5120 SpiritUS

548 5139 795 5203 sanctus
825 5150 894 5188 ex
922 5135 1093 5190 Patre
1116 5141 1173 5190 et
1215 5134 1356 5190 Filio
1411 5139 1537 5189 erat
1589 5150 1846 5207 semper.
1904 5138 1970 5190 Et
2005 5151 2202 5208 neque

552 5221 729 5292 Filius
748 5230 1005 5287 creatus,
1027 5240 1222 5296 neque
1243 5224 1512 5295 Spiritus,
1532 5228 1824 5293 creatura,
1843 5230 1977 5292 etc.,
2001 5225 2105 5280 sed
2125 5225 2202 5281 ab

553 5299 796 5380 interno,
830 5317 894 5366 ut
914 5313 1103 5369 sancti
1133 5318 1444 5381 testantur,
1468 5311 1577 5368 fuit
1613 5312 1863 5385 Spiritus
1893 5313 2038 5378 Filii,
2089 5318 2145 5369 et
2171 5329 2208 5369 a

557 5397 718 5477 Filio.
753 5421 773 5448 ι
820 5400 1136 5468 Quomodo
1166 5401 1472 5473 ergo-dicit
1519 5403 1780 5481 Graecus,
1809 5401 1976 5474 quod
1995 5402 2209 5458 dicitur

631 5595 710 5674 (9)
743 5595 935 5664 Locus
961 5595 1134 5672 valde
1158 5601 1495 5695 corruptus.

2287 3170 2651 3249 contrarium
2684 3170 2968 3246 sentit—vel
3001 3186 3313 3263 praedicat,
3370 3179 3709 3236 secundum
3777 3170 3964 3246 quod

2288 3282 2513 3355 patebit
2543 3281 2808 3348 inferius,
2845 3279 3012 3334 estin
3035 3278 3133 3332 via
3171 3271 3542 3347 perditionis.

2360 3371 2505 3436 Quia
2536 3371 2712 3441 igitur
2745 3367 2932 3424 multo
2964 3365 3281 3421 conamine
3318 3363 3434 3416 nisi
3461 3354 3818 3413 suntGraeci
3850 3356 3963 3408 Ro-

2288 3476 2537 3516 manum
2563 3457 2924 3530 pontiﬁcem,
2958 3461 3011 3510 et
3040 3459 3225 3509 totam
3268 3446 3712 3507 Occidentalem
3752 3442 3964 3498 Eccle-

2290 3549 2437 3603 siam
2465 3548 2780 3602 ostendere
2827 3545 2887 3600 in
2942 3558 3238 3599 canonem
3284 3540 3418 3595 latse
3470 3530 3961 3591 sententizeinci-

2288 3637 2466 3706 disse,
2500 3643 2556 3692 et
2599 3635 2763 3708 quod
2806 3635 2982 3706 juste,
3042 3637 3098 3687 et
3161 3631 3286 3685 sine
3340 3626 3513 3698 culpa
3567 3623 3779 3694 aliqua
3836 3622 3959 3675 sint

2291 3726 2544 3797 separati
2581 3742 2616 3780 a
2667 3724 2861 3791 nobis,
2919 3730 2975 3778 et
3035 3721 3278 3775 minime
3326 3713 3690 3790 potuerunt:
3764 3715 3957 3766 restat

2289 3830 2451 3870 nunc
2500 3813 2830 3878 ostendere,
2882 3809 3138 3884 qualiter
3194 3804 3722 3878 ipsiinlaqueum,
3764 3812 3958 3870 quem

2290 3903 2403 3975 ipsi
2459 3907 2823 3975 paraverunt
2856 3901 3050 3964 nobis,
3106 3896 3463 3959 inciderunt,
3514 3897 3572 3946 et
3627 3894 3839 3944 utrum
3871 3886 3958 3941 di-

2291 3992 2465 4047 cendi
2491 3992 2607 4046 sint
2652 3989 2930 4055 haeretiCI,
2989 3987 3083 4043 vel
3126 3990 3360 4041 tantum
3411 3975 3956 4037 excommunicati,

2291 4081 2560 4153 velquod
2577 4079 2768 4148 magis
2785 4079 3353 4138 dolendum,utrum
3388 4076 3714 4140 utrumque
3748 4065 3960 4122 simul.

2296 4171 2562 4227 Ostendit
2598 4169 2824 4224 Graecos
2854 4167 3135 4222 incidisse
3162 4167 3223 4219 in
3253 4175 3540 4220 canonem
3583 4157 3655 4213 ob
3681 4171 3958 4214 errorem

2793 4257 2865 4312 de
2890 4257 3125 4324 Spiritu
3155 4258 3384 4309 sancto.

2370 4345 2538 4413 Quod
2572 4346 2628 4400 in
2660 4362 2957 4401 canonem
2990 4344 3122 4400 latae
3147 4341 3455 4398 sententiae
3491 4336 3838 4393 inciderunt
3874 4334 3958 4389 sic

2296 4437 2586 4509 probatur
2617 4453 2626 4488 :
2656 4435 3037 4503 Constatjam
3061 4431 3370 4499 omnibus,
3397 4427 3564 4502 quod
3599 4425 3713 4498 ipsi
3745 4424 3962 4478 dicunt

2301 4525 2581 4597 Spiritum
2616 4529 2887 4579 sanctum
2914 4538 3032 4577 non
3058 4520 3382 4592 procedere
3413 4535 3447 4574 a
3479 4516 3643 4579 Filio,
3676 4530 3792 4569 nec
3825 4529 3956 4568 esse

2299 4613 2546 4668 omnino
2574 4629 2645 4667 ex
2683 4613 2850 4684 ipso:
2889 4616 2944 4665 et
2998 4610 3163 4682 quod
3217 4624 3328 4664 nec
3377 4607 3555 4662 datur
3607 4603 3686 4659 ab
3717 4618 3813 4667 eo,
3850 4615 3957 4656 nec

2303 4703 2568 4767 mittitur,
2593 4702 2702 4755 nisi
2737 4699 3139 4771 temporaliter
3168 4697 3244 4752 ad
3291 4691 3762 4752 sanctiﬁcandas
3797 4705 3956 4754 crea-

2303 4800 2488 4848 turas.
2526 4793 2588 4844 Et
2644 4796 2874 4844 constat
2936 4787 3223 4854 similiter,
3257 4787 3318 4840 in
3351 4783 3581 4840 cunctis
3633 4778 3956 4852 Scripturis

2304 4878 2680 4941 autlienticis,
2711 4883 2767 4932 et
2793 4878 3045 4948 receptis
3075 4874 3362 4944 conciliis,
3394 4873 3510 4929 hoc
3555 4869 3722 4943 quod
3742 4866 3958 4940 praedi-

2305 4969 2527 5034 ximus,
2565 4967 2802 5029 scilicet,
2833 4964 2998 5037 quod
3022 4965 3268 5036 Spiritus
3299 4966 3544 5018 sanctus
3565 4963 3654 5014 est
3679 4956 3962 5013 essentia-

2306 5057 2436 5112 litcr
2464 5073 2499 5111 a
2528 5055 2684 5121 Filio,
2711 5060 2766 5110 et
2795 5054 3064 5126 procedit
3100 5053 3178 5108 ab
3229 5068 3318 5122 eo,
3357 5047 3736 5106 manifestius
3778 5045 3962 5102 conti-

2310 5145 2457 5200 neri.
2496 5146 2634 5209 Quse
2667 5145 2886 5216 scripta
2915 5145 2998 5199 ita
3051 5147 3292 5214 recepta
3338 5144 3394 5196 et
3433 5135 3774 5210 approbata
3824 5138 3961 5190 sunt

2311 5249 2420 5304 per
2451 5233 2704 5288 concilia
2724 5232 3048 5302 generalia,
3083 5237 3146 5286 ut
3175 5229 3279 5302 qui
3309 5243 3522 5283 eorum
3549 5223 3712 5280 aliud
3731 5229 3960 5279 contra—

2313 5322 2468 5377 rium
2528 5323 2700 5378 sentit
2746 5321 2838 5376 vel
2893 5319 3202 5394 praedicat,
3239 5317 3370 5390 ipso
3420 5315 3575 5395 facto
3624 5317 3681 5367 et
3710 5312 3846 5383 jure
3894 5311 3960 5364 sit

2314 5411 2896 5468 excommunicatus-
