4020 6310
0 325 92 401 ius
411 365 420 373 -
1424 337 1700 405 CONTRA
1737 343 2048 405 cumcos.

3330 347 3433 402 510

54 467 288 526 Deﬂuit
371 468 534 526 enim
588 467 924 527 secundum
974 469 1295 527 concilium
1335 469 1448 540 (l0)
1512 470 1599 526 sic
1657 487 1670 525 ε
1704 459 1754 527 Α
1790 485 1952 528 anno
1981 470 2060 528 ab
2084 472 2492 529 incarnatione
2524 469 2761 529 Domini
2791 469 3108 528 millesimo
3137 468 3435 544 quinqua—

0 582 16 606 ι
33 557 559 615 Condemnamus
574 564 629 615 et
641 559 1225 616 anathematizamus
1245 576 1380 616 cum
1396 559 1678 616 omnibus

0 647 113 703 aliis
153 647 485 705 haereticis
529 649 948 705 condemnatis
988 649 1045 705 et
1087 665 1206 705 ana
1235 649 1681 706 thematizatisa

0 738 300 795 catholica
348 737 1050 811 etapostolicaEcclesia,
1069 741 1247 795 etiam
1279 739 1680 808 Theodorum,

0 828 85 900 qui
137 826 261 882 fuit
320 827 653 900 episcopus
704 828 1096 900 Mopsuestiaa,
1157 833 1213 884 et
1276 828 1496 900 impias
1546 828 1681 898 ejus

0 915 525 987 conscriptiones,
553 929 662 970 nec
692 930 814 970 non
853 915 910 970 et
933 915 1122 987 impia
1169 915 1390 987 scripta
1431 929 1466 970 a
1495 915 1678 970 Theo-

0 1003 183 1059 dorito
209 1003 536 1060 adversus
576 1009 800 1060 rectam
828 1003 1031 1074 ﬁdem,
1073 1009 1131 1060 et
1177 1009 1387 1060 contra
1419 1003 1684 1083 capitula

1 1096 174 1150 Patris
209 1093 432 1150 nostri
465 1094 622 1150 beati
655 1093 856 1166 Cyrilli
904 1098 961 1150 et
1001 1095 1184 1150 tertiae
1214 1099 1436 1149 sanctae
1467 1093 1684 1164 synodi

2 1182 328 1255 Ephesinae
359 1202 375 1251 ;
409 1187 470 1239 et
521 1183 818 1256 quidquid
871 1181 948 1239 ad
1000 1183 1452 1253 suggestionem
1506 1183 1686 1238 Theo-

3 1274 118 1328 dori
159 1277 220 1328 et
259 1271 538 1327 Nestorii
567 1273 680 1343 (lt)
714 1292 742 1320 »

63 1365 203 1416 Esse
253 1359 665 1423 audivimus;
699 1360 858 1416 beati
908 1360 1108 1433 Cyrilli
1166 1360 1489 1416 duodecim
1530 1360 1686 1431 capi-

3 1449 136 1512 tula,
166 1451 288 1506 ubi
328 1449 606 1505 maxime
636 1450 984 1505 exsistentia
1011 1450 1199 1505 sancti
1241 1451 1490 1520 Spiritus
1539 1464 1575 1504 a
1603 1449 1687 1503 Fi-

5 1539 71 1594 lio
101 1541 423 1610 tangittn',
457 1541 536 1594 ita
587 1538 1005 1594 universaliter
1035 1543 1174 1594 sunt
1199 1547 1458 1611 recepta,
1489 1541 1554 1594 ut
1585 1539 1687 1611 qui

7 1643 212 1684 eorum
248 1628 453 1684 sentit
482 1628 799 1693 contraria,
831 1628 926 1684 vel
955 1628 1264 1700 praedicat,
1296 1630 1427 1700 ipso
1457 1630 1589 1699 jure
1619 1627 1690 1683 sit

8 1715 595 1772 excommunicatus
627 1719 763 1772 cum
805 1715 936 1772 aliis
967 1715 1260 1772 htBI‘ethiS
1291 1722 1346 1773 et
1375 1717 1517 1773 olim
1550 1731 1690 1772 con-

10 1806 344 1862 demnatis.
386 1805 534 1862 Dicit
575 1805 776 1877 itaque
819 1804 1092 1878 Cyrillus,
1133 1805 1194 1860 in
1235 1813 1398 1862 n’ono
1429 1805 1689 1878 capitulo
1719 1789 1763 1844 Β

10 1898 458 1969 praedictorum
495 1895 860 1952 duodecim:
908 1899 927 1944 ὰ
983 1897 1040 1952 Si
1086 1897 1222 1968 quis
1281 1896 1441 1966 dicit,
1501 1899 1690 1952 imum

13 1990 353 2045 Dominum
415 1987 617 2043 lesum
669 1986 964 2042 Christum
1027 1987 1425 2056 gloriﬁcatum
1478 2003 1609 2042 esse
1658 2001 1694 2042 a

16 2077 258 2148 Spiritu,
296 2077 602 2147 tanquam
627 2073 823 2130 aliena
847 2076 1059 2130 virtute
1091 2073 1168 2129 ab
1199 2075 1329 2146 ipso
1358 2075 1500 2130 data
1528 2081 1693 2130 uten-

15 2173 126 2220 tem
181 2175 245 2221 et
318 2164 408 2220 ab
461 2162 594 2236 ipso
648 2163 1055 2234 recipientem,
1125 2168 1190 2218 ut
1233 2163 1469 2234 operari
1512 2162 1696 2235 possit

17 2261 223 2310 contra
291 2253 552 2325 spiritus
604 2251 956 2307 immundos
985 2255 1040 2307 et
1063 2251 1311 2324 implere
1337 2251 1396 2308 in
1418 2252 1695 2308 homines

17 2343 215 2398 divina
243 2342 440 2411 signa
467 2358 479 2407 ;
513 2341 839 2396 anathema
865 2345 1016 2397 esto.
1054 2364 1082 2390 »
1113 2341 1280 2396 Hunc
1327 2347 1524 2396 autem
1556 2356 1698 2396 ana-

21 2431 382 2487 thematism
394 2445 497 2484 um
533 2429 659 2502 ipse
676 2427 837 2484 idem
857 2435 1100 2484 sanctus
1120 2429 1287 2484 Pater
1303 2429 1699 2500 interpretans

25 2520 101 2575 sic
154 2522 282 2576 ait:
326 2543 357 2568 u
398 2521 588 2573 Homo
631 2517 824 2573 factus
878 2517 1226 2588 Unigenitus
1287 2517 1385 2572 Dei
1441 2517 1700 2572 Verbum

25 2609 395 2680 permansit,
437 2613 494 2662 et
517 2607 665 2662 sicut
686 2609 841 2662 Deus
875 2609 1082 2662 omnia
1103 2607 1397 2661 exsistens
1417 2620 1702 2678 quaecun-

26 2715 132 2769 que
161 2704 218 2753 et
237 2701 668 2769 pater,praeter
696 2694 894 2750 solum
921 2711 1049 2750 esse
1077 2694 1269 2763 Pater,
1307 2699 1362 2749 et
1389 2695 1702 2766 proprium

29 2788 285 2852 habens,
325 2784 503 2858 quod
539 2799 609 2840 ex
662 2787 830 2839 Patre
872 2789 977 2849 est,
1012 2787 1066 2838 et
1095 2781 1486 2839 essentialiter
1525 2783 1706 2838 inhae-

29 2891 157 2931 rens
186 2877 278 2933 illi
310 2875 575 2947 Spiritus
609 2877 881 2940 sanctus,
914 2877 1087 2943 signa
1117 2872 1210 2928 illa
1242 2872 1464 2927 lelDtB
1497 2877 1704 2943 poten-

30 2965 117 3020 tiae
165 2969 476 3038 operatus
525 2969 631 3019 est.
681 2984 710 3012 »
774 2963 950 3018 Istam
1031 2961 1210 3031 igitur
1269 2960 1706 3032 expositionem

1788 561 2020 632 gesimo
2106 569 2340 634 quarto,
2423 561 3060 618 excommunicationis
3142 559 3436 616 sententia

1789 656 1998 706 contra
2045 665 2148 706 eos
2173 651 2234 705 in
2262 649 2409 706 urbe
2439 650 2602 720 regia
2629 645 3287 721 Constantinopolitana
3314 646 3437 703 lata

1790 744 1900 795 est.
1936 741 1998 795 Et
2039 755 2329 809 magnum
2361 740 2632 812 ejusdem
2665 740 2918 796 civitatis
2950 739 3213 796 ecclesiae
3254 737 3436 793 altare

1790 829 1948 884 hanc
1974 830 2172 901 ipsam
2213 829 2477 886 continet
2503 830 2856 886 sententiam
2879 825 3246 901 impositam,
3296 824 3438 881 scri-

1791 922 1956 990 ptam
1989 934 2024 974 a
2063 919 2222 974 sedis
2253 919 2597 991 apostolicae
2638 919 2873 988 legatis,
2911 924 3176 990 tempore
3229 912 3440 971 Leonis

1792 1022 1968 1080 papae
2023 1009 2087 1062 IX
2118 1013 2181 1064 ut
2235 1007 2563 1063 videndum
2609 1007 2894 1064 exhibent
2931 1021 3066 1079 quae
3115 1005 3280 1078 apud
3305 1019 3440 1060 eam

1795 1097 2005 1152 urbem
2051 1102 2207 1162 sunt,
2250 1101 2374 1152 tam
2409 1099 2611 1154 Grmca
2655 1111 2843 1170 quam
2879 1096 3084 1152 Latina
3129 1095 3309 1166 hujus
3357 1092 3441 1148 rei

1796 1191 2207 1241 monumenta.

1869 1277 1980 1331 Sed
2041 1277 2415 1331 Innocentius
2468 1291 2630 1348 papa
2673 1279 2761 1345 lll,
2827 1276 2889 1331 in
2945 1273 3201 1331 editione
3253 1281 3443 1344 quam

1796 1362 1932 1418 fecit
1959 1364 2263 1419 catholicae
2287 1364 2425 1419 fidei
2452 1363 2818 1435 temporibus
2849 1363 3091 1433 nostris,
3111 1360 3442 1434 praesidens

1797 1452 1856 1506 in
1889 1452 2149 1520 generali
2177 1451 2425 1507 consilio
2459 1452 2728 1508 Laterani
2762 1453 3080 1518 Celebrato,
3114 1451 3170 1505 et
3198 1449 3440 1505 dicensz'

1804 1560 1823 1588 ι
1854 1543 2084 1595 Patrem
2118 1554 2154 1594 a
2197 1539 2386 1606 nullo,
2418 1540 2628 1596 Filium
2671 1549 2707 1596 a
2746 1541 2910 1595 Patre
2965 1539 3114 1605 solo,
3162 1537 3441 1609 Spiritum

1801 1633 2079 1684 sanctum
2109 1629 2187 1684 ab
2221 1637 2492 1700 utroque,
2515 1651 2534 1676 ι
2557 1645 2802 1685 omnem
2834 1626 3373 1684 excommunicavit
3392 1631 3450 1682 et

1800 1717 2322 1774 anathematizavit
2346 1717 3031 1783 haeresim,extollentem
3065 1732 3128 1770 se
3159 1715 3449 1771 adversus

1801 1821 1934 1862 eam
1993 1821 2179 1878 quam
2218 1808 2576 1878 composuit,
2632 1812 2904 1862 sanctam
2959 1805 3354 1861 orthodoxam
3397 1808 3454 1858 et

1801 1894 2158 1951 catholicam
2189 1895 2392 1951 ﬁdem.
2428 1896 2540 1950 Sed
2572 1898 2807 1951 Graecus
2836 1893 3147 1950 manifeste
3181 1910 3242 1948 se
3285 1889 3452 1962 erigit

1803 1989 2012 2038 contra
2043 1983 2362 2038 articulum
2393 1984 2467 2038 de
2501 1985 2718 2056 Spiritu
2745 1987 2971 2038 sancto.
3009 1985 3181 2051 Ergo,
3214 1985 3324 2038 etc.

1876 2076 2019 2128 item
2046 2092 2065 2128 :
2091 2072 2334 2130 Falsarii
2353 2075 2790 2146 Scripturarum
2817 2071 3295 2128 authenticarum
3315 2071 3452 2124 sunt

1805 2163 2308 2218 excommunicati
2357 2177 2462 2234 per
2501 2161 2791 2230 concilia;
2824 2159 2927 2216 sed
2975 2159 3087 2232 ipsi
3137 2155 3454 2214 falsiﬁcant

1806 2251 2160 2322 Scripturas,
2218 2255 2274 2307 et
2322 2256 2569 2307 utuntur
2611 2250 2794 2316 falsis,
2851 2253 2906 2306 et
2949 2249 3220 2304 scienter.
3301 2247 3452 2316 Ergo

1808 2340 2208 2395 anathematis
2259 2340 2462 2410 gladio
2518 2340 2789 2412 percussi
2841 2337 3124 2394 incedunt
3163 2351 3268 2409 per
3293 2335 3454 2391 viam

1808 2427 2232 2484 damnationis.

1882 2518 1947 2571 Et
1997 2516 2211 2572 beatus
2254 2516 2616 2572 Athanasihs
2663 2517 2723 2571 in
2752 2513 3038 2588 Symbolo
3077 2515 3252 2570 rectae
3292 2509 3455 2581 ﬁdei,

1811 2620 1948 2659 cum
1981 2604 2226 2662 dixisset
2255 2623 2267 2660 :
2301 2629 2320 2654 ε
2358 2607 2531 2662 Pater
2560 2621 2595 2662 a
2625 2605 2790 2661 nullo
2821 2607 2910 2660 est
2931 2604 3144 2671 factus,
3167 2617 3275 2657 nec
3299 2615 3458 2656 crea-

1813 2697 1930 2758 tus,
1986 2710 2096 2750 nec
2129 2695 2405 2765 genitus:
2468 2696 2644 2752 Filius
2692 2711 2727 2750 a
2780 2696 2949 2751 Patre
2998 2692 3126 2748 solo
3179 2697 3284 2762 est,
3335 2703 3459 2745 non

1814 2781 2027 2849 factus,
2060 2800 2170 2840 nec
2199 2789 2458 2846 creatus.
2487 2784 2591 2839 sed
2635 2784 2869 2852 genitus
2901 2802 2914 2853 ;
2949 2783 3198 2854 Spiritus
3229 2797 3265 2836 a
3294 2781 3460 2835 Patre

1817 2881 1875 2931 et
1905 2875 2066 2937 Filio,
2100 2890 2222 2929 non
2253 2875 2466 2936 factus,
2499 2889 2610 2929 nec
2638 2877 2892 2941 creatus,
2922 2887 3031 2926 nec
3071 2870 3323 2938 genitus,
3355 2867 3462 2924 sed

1816 2965 2170 3039 procedens,
2209 2986 2228 3010 ι
2260 2969 2320 3018 in
2349 2962 2467 3018 ﬁne
2496 2962 2631 3018 libri
2675 2960 2986 3031 subjunxit
3014 2963 3069 3014 et
3099 2958 3215 3014 ait:
3274 2980 3295 3006 ι
3328 2953 3462 3011 Haec

32 3055 260 3128 accepit
333 3051 514 3109 tertia
574 3050 866 3124 synodus.
925 3052 1137 3122 quinta
1207 3049 1598 3119 conﬁrmavit,
1652 3053 1780 3112 etc
1819 3053 2074 3111 estﬁdes
2099 3052 2409 3120 catholica,
2432 3049 2750 3123 quamnisi
2771 3043 3463 3121 quisqueﬁdeliter:ﬁr—

34 3141 527 3199 contradicentes
559 3140 1144 3206 excommunicavit;
1181 3137 1441 3194 Ecclesia
1473 3136 1708 3191 univer-

36 3232 166 3287 salis
217 3238 416 3298 tenet,
449 3235 507 3285 et
562 3229 768 3293 tenuit,
819 3235 873 3284 et
924 3227 1304 3300 approbavit.
1361 3226 1476 3281 Sed
1530 3224 1712 3279 Graeci

37 3321 216 3376 nostri
253 3318 558 3392 temporis
614 3313 1036 3374 contradicunt
1077 3331 1240 3372 nono
1297 3311 1562 3386 capitulo
1616 3329 1711 3367 ex-

41 3411 425 3482 positionum
465 3407 764 3477 ejusdem,
805 3412 859 3462 et
905 3406 1168 3475 allegant
1222 3421 1332 3476 pro
1373 3419 1434 3458 se
1497 3402 1716 3473 scripta

42 3499 392 3555 Theodoriti
422 3496 703 3562 haeretici,
758 3501 815 3551 et
867 3511 972 3568 per
997 3493 1317 3550 concilium
1365 3505 1715 3548 excommu-

44 3589 221 3644 nicati
249 3607 264 3656 ;
291 3603 466 3656 ergo,
500 3584 830 3640 secundum
863 3584 980 3638 vim
1003 3583 1326 3655 propositae
1355 3578 1718 3636 deﬁnitionis

51 3676 483 3732 hiereticisunt
520 3673 852 3746 judicandi.
881 3673 1047 3730 Unde
1091 3672 1303 3726 beatus
1351 3669 1720 3740 AugUstinus

51 3764 103 3819 in
125 3765 294 3821 libro
316 3767 410 3820 De
438 3765 558 3833 ﬁde
579 3764 660 3820 ad
679 3765 943 3830 Petrum,
965 3779 1102 3816 cum
1127 3761 1186 3816 in
1210 3765 1424 3815 octavo
1454 3755 1721 3830 capitulo

51 3853 355 3922 ejusdem,
392 3852 677 3918 Spiritum
713 3857 988 3906 sanctum
1025 3866 1097 3904 ex
1134 3852 1298 3904 Patre
1327 3852 1383 3903 et
1418 3846 1558 3903 Filio
1591 3861 1723 3916 pro-

54 3943 263 3998 cedere
345 3941 648 3995 ﬁrmasset
704 3938 1080 4006 testimoniis,
1157 3937 1215 3992 in
1264 3936 1384 3990 fine
1453 3935 1725 3990 omnium

56 4030 470 4104 capitulorum
519 4029 632 4097 (t2)
676 4025 1008 4098 subjunxit,
1038 4033 1094 4080 et
1137 4025 1217 4080 ait
1273 4027 1475 4078 Petro:
1531 4047 1557 4072 «
1595 4024 1727 4076 Haec

57 4119 296 4176 interim
315 4117 722 4191 quadraginta
741 4115 998 4186 capitula
1020 4115 1094 4170 ad
1115 4112 1386 4185 regulam
1409 4128 1565 4167 verae
1589 4109 1727 4165 fidei

59 4209 412 4264 firmissime
466 4205 844 4277 pertinentia,
914 4203 1162 4259 fideliter
1215 4201 1436 4266 crede;
1507 4200 1730 4255 fortiter

60 4303 207 4360 tene,
262 4293 520 4351 ﬁrmiter
569 4293 848 4348 defende.
891 4294 954 4347 Et
986 4292 1238 4362 siquem
1290 4288 1590 4344 contraria
1643 4288 1729 4342 his

62 4384 480 4454 dogmatizare
512 4381 886 4450 cognoveris,
914 4385 1204 4451 tanquam
1232 4383 1457 4450 pestem
1489 4378 1646 4446 fuge,
1677 4381 1732 4430 et

64 4482 369 4546 tanquam
417 4470 764 4525 haereticum
805 4469 1019 4539 abjice.
1056 4491 1082 4517 ι)
1130 4469 1210 4522 lta
1244 4468 1403 4522 enim
1435 4467 1547 4521 ista
1598 4481 1732 4536 qua:

71 4564 412 4633 posuimus,
457 4559 596 4614 ﬁdei
644 4557 955 4613 catholicae
1008 4561 1367 4625 congruunt,
1417 4559 1480 4610 ut
1510 4556 1555 4608 si
1601 4554 1736 4625 quis

71 4669 187 4708 non
220 4649 433 4706 solum
477 4648 781 4713 omnibus,
815 4646 919 4700 sed
952 4646 1130 4701 etiam
1185 4645 1435 4714 singulis
1485 4642 1738 4698 voluerit

73 4741 396 4804 contraire,
431 4737 487 4791 in
517 4752 588 4791 eo
609 4734 774 4807 quod
799 4733 1048 4803 singulis
1069 4735 1285 4788 horum
1308 4733 1740 4787 contumaciter

71 4831 398 4902 repugnat,
431 4831 488 4882 et
531 4825 624 4880 his
672 4825 972 4879 contraria
1025 4822 1244 4876 docere
1305 4837 1427 4875 non
1482 4821 1738 4885 dubitat,

75 4918 423 4983 haereticus,
455 4917 514 4969 et
544 4911 685 4968 ﬁdei
718 4911 1070 4967 Christianae
1102 4911 1404 4975 inimicus,
1452 4913 1631 4980 atque
1663 4912 1742 4962 ob

78 5007 187 5063 hoc
234 5003 532 5062 omnibus
571 5000 882 5056 catholicis
922 4997 1524 5054 anathematizandus
1555 5011 1742 5068 appa-

41 5086 49 5095 ’
79 5102 224 5152 reat.

145 5186 400 5256 Propter
421 5180 702 5237 eamdem
734 5180 985 5249 insuper
1016 5188 1286 5246 causam,
1321 5176 1436 5230 hoc
1463 5179 1570 5241 est,
1602 5173 1746 5246 quia

84 5272 388 5330 obstinato
458 5266 936 5337 animo'negant
981 5265 1432 5338 processionem
1493 5263 1744 5336 Spiritus

87 5363 274 5419 sancti
307 5378 342 5418 a
375 5359 538 5426 Filio,
580 5364 637 5415 et
665 5357 959 5431 plurimos
990 5356 1171 5412 etiam
1203 5354 1351 5411 alios
1380 5370 1627 5424 errores,
1684 5353 1745 5409 in

89 5452 308 5523 quibus
345 5454 570 5506 sanctas
633 5450 921 5504 Romanae
979 5444 1253 5500 Ecclesiae
1328 5441 1743 5510 adversantur,

156 5561 273 5627 (l0)
306 5553 1065 5627 Constantinopolitanum.

157 5626 272 5708 (tt)
304 5631 486 5690 Deest
510 5626 763 5724 aliquid.

1819 3146 2113 3215 miterque
2131 3141 2470 3206 crediderit,
2505 3140 2702 3195 salvas
2728 3153 2860 3194 esse
2885 3153 3007 3193 non
3037 3131 3267 3209 poterit.
3301 3157 3326 3183 ››
3352 3131 3466 3190 Sed

1820 3233 2000 3290 Graeci
2031 3245 2151 3286 non
2183 3230 2596 3302 credunt,qum
2619 3229 2680 3284 in
2701 3243 2772 3284 eo
2795 3226 3176 3282 continentur
3202 3242 3215 3292 ;
3247 3219 3466 3278 salvari

1823 3355 1964 3408 ergo
1995 3353 2116 3394 non
2145 3341 2418 3408 possunt.

1895 3431 2009 3484 Nos
2041 3430 2237 3482 autem
2273 3431 2621 3481 sanctorum
2657 3427 2994 3479 Graecorum
3030 3425 3086 3476 et
3129 3418 3473 3475 Latinorum

1826 3516 2151 3572 sententias
2164 3513 2343 3569 secuti
2355 3512 2673 3579 ,credimus
2689 3511 3473 3579 etconfitemur,cantamus,

1829 3610 1885 3661 et
1912 3605 2250 3668 scribimus,
2273 3607 2328 3658 et
2348 3602 2636 3657 docemus
2654 3604 2882 3656 Patrem
2910 3615 2944 3654 a
2968 3615 3050 3667 se,
3074 3613 3195 3653 non
3218 3595 3294 3652 ab
3317 3595 3434 3652 alio
3461 3611 3474 3650 :

1831 3695 2042 3750 Filium
2077 3710 2110 3749 a
2137 3696 2299 3748 Patre
2332 3692 2458 3747 solo
2490 3692 2754 3761 genitum
2783 3708 2795 3742 :
2830 3689 3112 3761 Spiritum
3144 3691 3418 3741 sanctum
3444 3700 3480 3739 a

1833 3787 1998 3839 Patre
2051 3785 2108 3838 et
2153 3781 2293 3837 Filio
2337 3776 2648 3851 aequaliter
2669 3779 3119 3850 procedentem,
3158 3780 3215 3828 et
3261 3773 3483 3846 pariter

1833 3879 1950 3929 tres
1975 3871 2219 3943 quidem
2253 3869 2561 3938 discretas,
2595 3867 2929 3931 distinctas,
2963 3870 3019 3919 et
3046 3853 3336 3935 perfectas
3365 3860 3481 3931 hy-

1835 3968 2107 4035 postases
2147 3959 2292 4023 ,sed
2333 3975 2520 4013 unam
2565 3955 2906 4020 essentiam,
2942 3969 3125 4008 unam
3179 3950 3481 4015 deitatem,

1839 4065 2022 4107 unam
2049 4054 2427 4122 potestatem.
2451 4062 2636 4102 unam
2663 4057 2911 4101 causam
2941 4061 2953 4098 :
2985 4058 3021 4098 a
3041 4057 3158 4114 quo
3188 4037 3410 4100 omnia.
3431 4041 3488 4094 et

1838 4155 1945 4213 per
1960 4157 2163 4212 quem,
2194 4140 2335 4195 etin
2366 4153 2488 4210 quo
2511 4141 2648 4192 sunt
2669 4135 2875 4192 omnia
2903 4151 2916 4189 :
2944 4131 3133 4205 etipsi
3165 4135 3252 4186 est
3275 4127 3486 4199 gloria,

1841 4236 1898 4285 et
1951 4231 2166 4293 honor,
2224 4235 2280 4284 et
2334 4225 2656 4298 imperium
2705 4223 2766 4280 in
2821 4221 3046 4278 saecula
3103 4218 3486 4274 saeculorum.

1759 4333 1805 4400 ι)
1845 4326 2052 4374 Amen.

1919 4407 2050 4461 Illos
2081 4420 2224 4460 vero
2253 4403 2356 4476 qui
2381 4402 2627 4458 dicunt:
2665 4399 2918 4468 Spiritus
2953 4399 3199 4453 sanctus
3226 4391 3495 4466 procedit

1845 4495 2092 4568 quidem
2143 4509 2177 4549 a
2237 4494 2425 4563 Patre,
2479 4490 2585 4546 sed
2632 4504 2754 4544 non
2784 4504 2820 4543 a
2871 4485 3029 4556 Filio,
3082 4483 3171 4539 vel
3211 4482 3398 4550 aliter,
3439 4484 3496 4536 et

1845 4584 1982 4657 plus
2029 4599 2064 4639 a
2112 4586 2302 4646 Patre,
2347 4597 2531 4653 quam
2564 4596 2600 4635 a
2642 4577 2780 4634 Filio
2823 4593 2839 4630 :
2903 4580 3005 4631 aut
3038 4573 3204 4646 prius
3231 4587 3266 4627 a
3305 4573 3493 4636 Patre,

1847 4690 2034 4745 quam
2066 4688 2100 4728 a
2127 4672 2286 4728 Filio.
2308 4669 2623 4733 etsimilia,
2652 4667 2878 4723 ratione
2913 4665 3049 4720 fidei
3077 4659 3447 4719 adversantia
3480 4677 3493 4714 :

1848 4767 1904 4818 et
1950 4763 2064 4817 hoc
2111 4759 2435 4816 asserendo
2467 4757 2736 4826 credunt,
2765 4753 3096 4827 praedicant
3121 4755 3176 4806 et
3208 4748 3494 4813 scribunt,

1851 4851 2000 4905 sicut
2021 4851 2145 4918 iam
2174 4848 2409 4902 dudum
2435 4846 2745 4900 deﬁnitum
2770 4848 2862 4898 est
2887 4857 2924 4895 a
2953 4838 3173 4894 sanctis
3207 4834 3495 4898 Patribus,

1853 4946 2142 5010 tanquam
2173 4936 2479 4991 haereticos
2499 4950 2535 4988 a
2562 4932 2853 4988 catholica
2873 4927 3129 4984 Ecclesia
3154 4923 3495 4994 abjicimus,

1853 5034 1909 5083 et
1943 5029 2221 5089 vitamus,
2252 5023 2685 5091 maledicimus,
2717 5026 2772 5076 et
2796 5017 3211 5090 reprobamus.

2278 5149 2597 5204 Distinctio
2617 5146 2688 5202 de
2716 5143 3052 5201 animabus.

1924 5257 2211 5331 Expedito
2240 5257 2301 5312 in
2328 5252 2806 5328 praecedentibus
2855 5248 3052 5321 primo
3081 5243 3349 5312 articulo,
3382 5243 3496 5298 sci-

1854 5348 1990 5404 licet
2036 5347 2110 5402 de
2167 5344 2552 5418 processione
2612 5340 2862 5413 Spiritus
2896 5337 3086 5392 sancti
3139 5352 3175 5391 a
3233 5333 3395 5402 Filio,
3439 5333 3502 5388 in

1854 5453 1997 5511 quo,
2031 5442 2097 5493 ut
2125 5435 2374 5506 singulis
2405 5431 2654 5489 versutis
2684 5431 3025 5486 Graecorum
3067 5422 3506 5500 objectionibus

1930 5545 2043 5635 (t2)
2071 5544 2220 5620 Cap.
2258 5545 2346 5610 44,
2424 5612 2428 5616 δ
