4020 6310
605 306 709 365 511

604 433 1050 508 respondimus,
1081 442 1138 498 et
1165 439 1330 514 ipsos
1359 446 1654 520 tanquam
1681 445 1946 505 veritatis
1982 446 2256 506 falsarios
2287 448 2334 502 Α

1837 317 2322 380 PANTALEONIS
2357 316 2644 376 DlACONI
2682 315 2788 373 ΕΡ.
3932 312 3992 384 St

2463 443 2889 500 Verumtamen
2943 453 3018 498 ex
3063 437 3279 496 divinis
3328 436 3645 510 Scripturis
3695 437 3996 496 docemur

606 535 681 576 ex
701 521 872 607 libris
901 526 1045 593 suis,
1076 529 1296 601 quibus
1327 547 1390 589 se
1426 534 1682 606 jactant,
1716 540 1773 610 et
1799 540 2009 594 contra
2036 540 2258 595 Roma-
2365 531 2532 606 quod
2563 535 2951 605 peccatorum
2979 529 3199 587 animae
3251 527 3312 584 in
3335 527 3569 584 inferno
3614 531 3780 598 sunt,
3808 527 3995 584 subtu

606 623 750 666 nam
773 612 1006 682 erigunt
1027 617 1370 692 Ecclesiam,
1397 638 1523 680 non
1541 623 1739 682 solum
1764 641 2014 697 errasse,
2041 641 2253 685 verum

605 698 783 790 etiam
805 702 865 758 in
897 702 1201 764 Canonem
1230 709 1366 768 latae
1391 715 1698 772 sententiae
1726 715 2008 774 incidisse
2027 715 2252 790 proba-

602 787 838 878 vimus;
872 790 1075 851 forsan
1100 795 1236 870 plus
1261 803 1600 860 necessario
1629 809 1846 878 praeter
1874 787 2250 878 propositum

601 875 812 968 prolixi
861 878 1122 951 fuimus;
1169 891 1354 946 restat
1401 907 1563 950 nunc
1614 875 1816 950 videre
1873 875 2008 968 per—
2036 895 2251 952 eadem

603 966 962 1038 testimonia,
981 971 1086 1029 ubi
1109 975 1326 1033 animae
1353 979 1584 1051 talium,
1620 982 1683 1038 id
1708 987 1816 1050 est,
1840 966 2173 1040 inﬁdelium
2193 988 2251 1040 et

600 1055 1179 1147 malecredentium,
1213 1074 1496 1126 exeuntes
1525 1087 1562 1128 a
1591 1087 1839 1146 corpore
1863 1074 2247 1147 recipiantur.

603 1145 816 1236 _0pinio
837 1149 997 1236 enim
1013 1166 1223 1211 eorum
1245 1162 1352 1225 est,
1377 1159 1528 1216 sicut
1543 1145 1807 1218 dixinius
1831 1181 1844 1220 :
1871 1145 2038 1236 quod
2055 1178 2249 1236 neque

600 1233 663 1288 in
687 1235 1040 1305 paradisum
1059 1240 1256 1315 bonae,
1289 1261 1487 1320 neque
1517 1249 1576 1304 in
1598 1233 1912 1309 infernum
1927 1258 2065 1309 ante
2087 1233 2248 1309 diem

595 1321 800 1392 judicii
860 1327 1086 1387 vadunt
1139 1334 1358 1391 animas
1426 1338 1874 1410 reproborum:
1929 1346 2247 1413 sequentes

599 1413 931 1483 quemdam
941 1416 1043 1490 huj
1054 1436 1124 1476 us
1135 1421 1437 1483 haereseos
1448 1425 1838 1501 inventorem,
1854 1431 2248 1504 archiepisco-

597 1515 746 1572 pum
759 1505 1069 1576 quondam
1087 1511 1366 1570 Caesareae
1384 1517 1801 1589 Cappadociae,
1825 1519 2128 1576 Andream
2143 1535 2250 1578 no-
2313 1541 2319 1548 ·

599 1591 783 1659 mine,
828 1593 934 1666 qui
991 1596 1132 1656 dicit
1187 1604 1433 1676 propria
1479 1621 1736 1679 corpora
1781 1609 2134 1681 praestolari,
2181 1614 2249 1668 ut

602 1693 754 1770 cum
772 1681 876 1747 eis,
903 1699 1040 1744 cum
1070 1687 1292 1760 quibus
1315 1691 1479 1750 bona
1509 1695 1599 1752 vel
1626 1696 1790 1754 mala
1813 1698 2242 1770 commiserint,

2362 636 2609 679 omnem
2641 625 2860 678 terram
2889 623 2946 676 et
2973 633 3161 684 mare,
3205 617 3375 684 sicut,
3435 616 3612 673 docet
3658 617 3990 673 Psalmista

2360 711 2434 767 In
2469 711 2790 768 tenebrosis
2838 715 2896 766 et
2929 707 3146 764 umbra
3191 708 3420 776 mortis,
3475 712 3531 763 et
3581 707 3716 763 lacu
3777 707 3996 777 inferir.

2359 801 2420 856 ri
2443 801 2515 858 ⁵⁸.
2557 801 2623 855 Et
2653 798 2806 854 sicut
2835 797 3127 870 scriptum
3159 796 3220 852 in
3269 794 3418 852 Job:
3467 795 3540 851 In
3570 801 3803 852 terram
3866 801 3996 852 tene

2361 887 2597 946 brosam
2609 892 2665 944 et
2679 886 3111 952 turbulentam,
3127 886 3191 941 in
3206 891 3434 941 terram
3454 885 3845 941 tenebrarum
3861 891 3993 941 cete;

2358 993 2596 1044 narum,
2633 975 2736 1032 ubi
2783 991 2906 1032 non
2946 983 3032 1031 est
3059 975 3334 1041 claritas,
3363 987 3473 1030 nec
3501 974 3702 1029 videre
3725 974 3927 1031 vitam
3959 975 3996 1008 ⁵⁵

2356 1067 2659 1121 Justorum
2707 1069 2908 1120 autem
2957 1063 3176 1119 animas
3224 1066 3361 1135 post
3405 1061 3737 1118 adventum
3781 1062 3996 1118 Christi

2359 1153 2512 1211 sicut
2537 1152 2857 1228 inplatrone
2888 1151 3233 1221 didicimus,
3269 1150 3332 1207 in
3380 1149 3664 1222 paradiso
3693 1157 3866 1218 sunt.
3900 1154 3996 1206 N01

2356 1242 2518 1299 enim
2543 1246 2790 1315 propter
2819 1241 3090 1298 animam
3121 1239 3314 1296 solam
3339 1238 3587 1296 latronis
3616 1238 3900 1295 Christus
3926 1242 3996 1295 De

2357 1330 2558 1388 minus
2585 1329 2940 1404 paradisum
2974 1328 3228 1402 aperuit,
3263 1327 3369 1386 sed
3399 1332 3456 1386 et
3479 1331 3722 1401 propter
3752 1328 3994 1402 reliqua

2355 1425 2703 1477 sanctorum
2733 1419 2990 1476 animas.

2426 1512 2507 1566 De
2552 1509 2668 1567 isto
2696 1509 2944 1581 insuper
2967 1507 3199 1564 latrone
3227 1509 3488 1564 Joannes
3518 1507 3995 1578 Chrysostomus

2353 1611 2664 1671 exponens
2690 1597 2838 1654 illud
2861 1595 3115 1652 verbum
3139 1598 3342 1652 Lucae:
3367 1596 3558 1652 Amen
3588 1595 3720 1651 dico
3756 1595 3898 1664 tibi,
3929 1596 3995 1651 ho

2353 1686 2452 1744 die
2472 1701 2699 1744 mecum
2727 1687 2842 1744 eris
2871 1687 2935 1742 in
2954 1684 3246 1758 paradiso
3267 1685 3336 1752 ⁵⁸,
3363 1683 3445 1742 ita
3482 1683 3746 1758 loquitur
3772 1700 3790 1740 :
3826 1706 3858 1734 «
3884 1685 3992 1751 Qui

597 1768 1015 1830 retributiones
1087 1777 1355 1838 similiter
1416 1782 1712 1843 factorum
1773 1787 2080 1859 recipiant.
2137 1768 2251 1857 Qui
2279 1775 2319 1830 Β
2355 1775 2500 1832 dam
2529 1775 2738 1832 dicunt
2763 1774 3039 1832 nondum
3064 1779 3411 1832 assecutum
3436 1789 3571 1830 esse
3593 1772 3906 1830 latronem
3921 1790 3996 1846 Pa

599 1856 777 1915 etiam
790 1860 868 1952 ad
879 1863 1360 1928 conﬁrmandam
1371 1888 1544 1931 suam
1555 1856 2250 1952 opinionem-erroneam,

599 1950 1014 2041 auctoritatem
1057 1957 1334 2029 Apostoli
1364 1961 1444 2020 ad
1492 1963 1774 2024 Hebraeos
1822 1984 1934 2041 pro
1963 1985 2026 2025 se
2061 1950 2248 2028 intro;

597 2035 782 2107 ducit,
830 2055 954 2112 qua
981 2041 1234 2104 dicitur:
1269 2049 1348 2106 Et
1399 2052 1465 2109 hi
1493 2069 1692 2112 omnes
1727 2035 2060 2116 testimonio
2105 2060 2252 2129 ﬁdei

589 2129 855 2218 probati,
888 2146 1010 2188 non
1040 2144 1393 2206 receperunt
1422 2145 1938 2211 repromissionem
1983 2149 2106 2205 Deo
2128 2163 2247 2218 pro

594 2215 765 2271 nobis
790 2219 1003 2277 melius
1029 2224 1266 2297 aliquid
1289 2231 1659 2299 providente,
1693 2241 1761 2291 ut
1789 2251 1910 2293 non
1931 2238 2058 2294 sine
2079 2215 2247 2296 nobis

597 2317 1160 2369 consummarentur
1179 2316 1248 2370 δι.

668 2393 775 2493 Cui
797 2396 1055 2493 Andreae.
1070 2492 1075 2493 γ
1089 2401 1299 2493 obviat
1319 2405 1543 2467 .beatus
1585 2411 1850 2470 Joannes
1902 2415 2247 2488 Chrysosto-

594 2495 733 2537 mus
759 2487 821 2538 in
850 2487 1220 2558 expositione
1263 2494 1538 2564 ejusdem
1561 2499 1854 2572 Epistolas,
1887 2508 1946 2562 et
1986 2487 2128 2563 talia
2153 2512 2244 2565 te-

593 2573 780 2667 statur
795 2589 808 2624 :
823 2595 849 2625 «
871 2577 1263 2651 Perceperunt
1274 2584 1519 2656 quidem
1528 2588 1702 2659 juxta
1717 2607 1974 2650 coronas
1986 2593 2238 2653 debitas.

592 2658 650 2715 Si
681 2675 870 2718 unum
901 2679 1119 2737 corpus
1149 2685 1360 2728 sumus
1387 2658 1618 2748 omnes,
1643 2680 1840 2751 major
1873 2681 2124 2740 efﬁcitur
2143 2685 2242 2742 isti

593 2751 831 2842 corpori
862 2752 1174 2815 delectatio
1203 2761 1322 2819 sive
1348 2762 1565 2836 fruitio,
1615 2769 1867 2842 quando
1905 2777 2242 2832 communi-

591 2838 696 2901 ter,
721 2843 920 2898 etnon
942 2848 1375 2916 particulariter
1393 2838 1778 2916 coronantur.
1807 2863 2034 2920 Etenim
2057 2865 2241 2922 etiam

2357 1863 2544 1921 radisi
2572 1864 2976 1932 mansionem,
3027 1861 3136 1920 sed
3165 1865 3412 1935 propter
3453 1862 3884 1935 promissionis
3929 1862 3996 1919 ﬁr

2357 1953 2645 2020 mitatem,
2705 1957 2762 2009 et
2810 1950 3358 2008 immutabilitatem
3413 1951 3621 2008 dicunt
3693 1951 3996 2008 dominun

2355 2041 2618 2099 dixisse:
2652 2042 2846 2098 Hodie
2871 2057 3099 2098 mecum
3125 2042 3241 2098 eris
3272 2044 3333 2096 in
3351 2040 3666 2111 paradiso.
3704 2064 3724 2090 ι
3761 2041 3882 2098 Alii
3910 2057 3996 2097 au-

2355 2132 2498 2194 tem,
2575 2133 2630 2186 et
2687 2129 2766 2186 ad
2821 2127 3188 2186 vocabulum
3243 2133 3486 2199 cogunt.
3541 2127 3752 2185 Dicunt
3812 2129 3972 2185 enim

2357 2220 2600 2292 Oportet
2641 2234 2754 2276 nos
2811 2218 3087 2276 distincte
3133 2221 3192 2275 et
3231 2217 3568 2291 punctatim
3630 2217 3840 2289 legere
3887 2219 3966 2274 sic

2351 2309 2543 2365 Amen
2558 2309 2686 2365 dico
2703 2309 2832 2376 tibi,
2852 2309 3026 2366 hodie
3038 2323 3265 2365 mecum
3283 2311 3400 2365 eris
3418 2309 3479 2364 in
3489 2309 3785 2378 paradiso
3809 2327 3825 2376 ;
3846 2324 3992 2381 quas

2351 2396 2416 2454 in
2459 2397 2730 2454 futurum
2775 2401 3016 2470 tempus
3067 2397 3364 2453 aestiment
3413 2396 3712 2470 respicere
3761 2397 3992 2470 promis

2353 2485 2606 2543 sionem.
2621 2484 2997 2558 lmpossibile
3017 2490 3128 2557 est,
3149 2485 3448 2559 inquiunt,
3472 2485 3674 2559 ipsum
3689 2501 3865 2543 nunc
3892 2502 3996 2542 esse

2350 2573 2414 2631 in
2461 2574 2768 2648 paradiso,
2819 2591 2958 2631 cum
3010 2573 3335 2648 Apostolus
3374 2575 3538 2632 dicat
3577 2574 3653 2631 de
3694 2576 3927 2633 sanctis
3955 2577 3996 2631 ir

2351 2664 2614 2737 Epistola
2663 2664 2743 2722 ad
2775 2665 3050 2721 Hebraeos
3084 2685 3099 2721 :
3131 2665 3216 2721 Hi
3241 2679 3438 2722 omnes
3486 2681 3607 2721 non
3649 2677 3996 2736 receperunt

2347 2755 2790 2823 promissiones,
2809 2759 2875 2809 ut
2897 2769 3017 2810 non
3034 2755 3164 2810 sine
3179 2753 3350 2810 nobis
3366 2757 3984 2811 consummarentur“

2351 2843 2417 2898 Et
2445 2849 2586 2916 post
2625 2858 2825 2915 pauca
2853 2842 3131 2913 adjungit
3159 2841 3321 2899 idem
3367 2848 3632 2906 sanctus,
3674 2843 3996 2915 reprobatis

583 2924 733 3026 justi
763 2928 958 3026 in-hoc
979 2939 1119 2992 sunt
1137 2938 1545 3014 admirabiles,
1568 2949 1714 3020 quia
1733 2951 2000 3021 gaudent
2040 2953 2240 3012 (ναίω,
2271 2971 2312 3026 C
2349 2929 2601 3026 istorum
2632 2931 3041 3026 opinionibus,
3091 2931 3299 3026 dicens
3327 2948 3340 2986 :
3373 2953 3402 2982 ‹‹
3437 2934 3512 3026 Et
3563 2931 3736 3026 latro
3763 2933 3996 3026 quidem

587 3015 682 3071 nis
704 3015 880 3117 bonis
907 3026 1198 3117 tanquam
1219 3027 1279 3086 in
1297 3015 1816 3111 propriis-Itaque
1831 3041 2018 3098 ethoc
2038 3044 2238 3117 ipsum
2274 3015 2312 3026 ν
2349 3019 2714 3117 Ρεταςίξυω,
2732 3020 3180 3117 Ρίξδδίάξδίξῖξῗθ
3205 3025 3522 3117 ξδδίῗῖδυωε
3543 3027 3656 3080 θεῖ’
3687 3021 3996 3117 Νίῗηβηίω

590 3108 928 3168 secundum
957 3112 1327 3176 voluntatem
1375 3137 1586 3183 eorum
1615 3108 1736 3195 est,
1777 3133 1843 3186 ut
1871 3108 2080 3189 simul-
2098 3150 2239 3194 cum

586 3196 845 3295 propriis
884 3202 1173 3260 membris
1215 3217 1614 3284 coronentur;
1641 3231 1785 3274 nam
1817 3219 1996 3278 simul
2022 3222 2238 3293 gloriﬁ-

586 3294 710 3384 cari
743 3301 966 3384 magna
1011 3296 1100 3349 est
1127 3294 1179 3350 ei
1199 3294 1418 3356 fruitio.
1453 3325 1482 3353 »
1536 3305 1716 3370 Quasi
1767 3309 1930 3367 dicat
1969 3321 2232 3383 sanctus,

579 3373 932 3472 juxtahi-llud
957 3383 1351 3472 Apocalypsis
1375 3408 1387 3445 :
1425 3391 1597 3450 Datar
1621 3404 1762 3453 sunt
1789 3401 2047 3472 singulis
2072 3373 2236 3463 stolae

583 3460 744 3566 aibas
764 3464 833 3566 ξ’,
857 3471 1370 3566 prietendentibus
1391 3479 1714 3542 vindictam
1744 3460 1971 3562 proprii
1994 3460 2235 3566 sangui-

586 3551 699 3615 nis,
728 3551 790 3606 id
833 3559 939 3623 est,
971 3557 1450 3624 desiderantibus
1479 3551 1878 3634 mutationem
1901 3581 1963 3637 in
2019 3551 2234 3644 melius

952 3645 1210 3748 Singulae
1236 3655 1400 3748 stolas
1421 3658 1594 3730 albas,
1627 3663 1688 3720 id
1705 3671 1812 3734 est,
1835 3670 2034 3740 prima
2055 3675 2226 3748 stola,

582 3740 722 3831 quas
752 3733 844 3784 est
873 3731 1225 3831 gloriﬁcatio
1268 3745 1526 3805 animus:
1557 3752 1636 3809 Et
1662 3731 1886 3815 dictum
1914 3767 1996 3816 est
2023 3765 2122 3831 eis,

581 3824 890 3887 quiescant
900 3824 1110 3921 adhuc
1125 3833 1418 3893 modicum
1437 3845 1686 3914 tempus,
1701 3846 1888 3906 donec
1905 3824 2233 3921 impleatur

578 3920 859 4008 numerus
878 3912 1150 4008 fratrum
1191 3929 1522 3987 vestrorum
1549 3933 1598 3967 ⁵³
1631 3912 1794 4003 ;hoe
1837 3939 1946 3996 erit
1985 3912 2053 3998 in
2107 3943 2230 4001 ﬁne

580 3997 813 4102 mundi,
844 4004 1092 4102 quando
1113 4016 1434 4088 resumptis
1463 3997 1818 4095 corporibus
1837 3997 2228 4102 gloriosis,in

579 4091 1046 4193 utroquepetde-
1061 4103 1314 4176 utroque
1343 4091 1715 4177 gaudebunt.
1774 4091 1936 4176 Tunc
1977 4091 2227 4193 quidem

579 4171 890 4282 habebunt
911 4171 1240 4282 perfectum
1263 4171 1553 4264 gaudium
1573 4171 2227 4282 saeuitia—{(155353

577 4259 804 4373 habent
819 4272 1002 4329 modo
1022 4277 1222 4336 adhuc
1250 4259 1492 4344 oculum
1519 4259 1848 4351 mentiset;
1860 4259 2230 4373 coipusn;

582 4353 790 4461 turale,
821 4373 1039 4461 eorum
1055 4371 1346 4436 gaudium
1368 4375 1789 4450 imperfectum
1815 4353 2020 4461 aliqu‘o
2039 4393 2227 4450 modo

577 4445 756 4543 etiam
776 4461 824 4543 ‘a
852 4454 1075 4509 sanctis
1105 4461 1327 4517 nostris
1359 4445 1707 4527 doctoribus
1735 4445 2061 4543 judicatus.

651 4533 866 4592 Beatus
885 4553 1129 4632 quoque
1150 4549 1536 4624 Athanasius,
1556 4558 1616 4615 in
1644 4533 1797 4618 libro
1821 4533 2224 4632 Quaestionum

577 4634 844 4724 suarum,
865 4642 1003 4724 cum
1018 4631 1417 4708 interrogatus
1445 4644 1672 4716 fuisset,
1706 4651 1810 4709 ubi
1838 4631 2035 4714 essent
2065 4675 2227 4717 nunc

575 4718 794 4772 animm
809 4718 1231 4786 defunctorum
1246 4732 1274 4788 ?
1293 4737 1603 4806 respondit
1616 4745 1907 4812 quaerenti
1930 4764 1942 4802 :
1967 4769 1996 4796 ‹‹
2022 4750 2224 4807 Extra-

570 4821 693 4866 nea
719 4812 989 4900 quidem,
1021 4820 1078 4874 et
1129 4823 1454 4882 metuenda
1483 4830 1757 4900 quaestio,
1789 4837 1847 4890 et
1873 4834 2225 4896 hominibus

573 4899 893 4998 occultata.
923 4907 1052 4998 Non
1079 4909 1242 4967 enim
1259 4899 1534 4985 permisit
1555 4919 1868 4994 Dominus,
1893 4928 2227 4998 quemlibet

573 5003 783 5047 eorum
807 4993 979 5083 solvi,
1001 4998 1106 5070 qui
1131 4998 1215 5056 ibi
1247 5007 1405 5075 sunt,
1432 5011 1490 5062 et
1515 5007 1594 5065 ad
1623 5026 1738 5068 nos
1755 4993 1974 5083 venire,
2005 5016 2109 5073 ubi
2130 5018 2226 5075 vel

570 5082 883 5150 quomodo
939 5085 1058 5144 sint
1106 5100 1566 5168 prmassumptm
1618 5101 1837 5160 animm
1898 5082 2221 5166 defuncto-

570 5183 728 5224 rum.
766 5193 794 5220 η

642 5370 952 5468 “gleba:
989 5392 1087 5468 xii
1134 5382 1230 5468 3?:
1292 5383 1567 5468 {inpos
1653 5402 1739 5468 v1,
1797 5392 1994 5468 t_t_._53
2016 5393 2172 5468 ibid.
2252 5397 2301 5432 5‘
2338 5396 2496 5456 Psal.
2561 5415 2772 5468 Lxxvn,
2843 5404 2899 5459 7.

570 5443 657 5498 43.
717 5443 760 5478 ⁵⁷
796 5445 974 5516 Hebr,
1034 5443 1110 5516 ἐι,
1161 5454 1252 5519 40,
1308 5455 1355 5490 ⁵⁸
1386 5443 1542 5514 Psal.
1585 5473 1663 5525 vl,
1692 5443 1766 5516 it'i.
1801 5443 1880 5498 75”
1904 5443 2237 5525 Psal.-"exn

2354 5443 2424 5526 [7";

597 5589 600 5592 -
639 5567 754 5638 (13)
793 5570 1078 5630 Meritorie
1104 5574 1344 5646 scilicet,
1372 5579 1464 5639 vel
1492 5581 1893 5647 demeritorie.

2348 3108 2586 3163 mentiri
2615 3111 2830 3180 potest,
2852 3108 2956 3181 qui
2981 3107 3160 3165 dicit:
3200 3108 3390 3166 Hodie
3416 3125 3645 3166 mecum
3669 3112 3794 3168 eris
3821 3114 3888 3168 in
3910 3127 3994 3182 pa~

2348 3197 2568 3254 radiso.
2595 3219 2623 3248 »

2421 3288 2566 3342 item
2595 3287 2658 3342 in
2682 3286 2972 3360 praedicto
2987 3286 3141 3344 libro
3174 3288 3602 3359 Quaestionum,
3629 3305 3771 3346 cum
3792 3290 3993 3347 iterum

2345 3374 2569 3432 diceret
2596 3391 2874 3449 quaerens
2894 3378 2959 3446 :jc
2995 3377 3302 3449 Numquid
3329 3393 3454 3434 non
3487 3394 3793 3436 memores
3841 3384 3994 3436 erunt

2345 3464 2564 3520 animm
2590 3469 3067 3538 prmassumptas,
3108 3467 3262 3522 sicut
3281 3466 3475 3537 angeli
3501 3483 3807 3524 memores
3826 3468 3994 3524 sunt?

2344 3559 2691 3611 sanctorum
2721 3553 2969 3627 quidem
2996 3554 3214 3611 animae
3238 3570 3488 3628 prorsus
3509 3571 3816 3614 memores
3833 3563 3991 3624 sunt;

2341 3646 2730 3716 peccatorum
2758 3659 2902 3698 vero
2957 3643 3176 3699 animae
3202 3659 3342 3700 cum
3368 3645 3484 3700 sint
3511 3644 3575 3700 in
3602 3644 3868 3714 inferno,
3899 3661 3985 3701 ne-

2339 3746 2460 3804 que
2491 3730 2612 3798 Dei,
2649 3745 2845 3804 neque
2873 3731 3061 3787 nostri
3087 3747 3392 3788 memores
3423 3737 3580 3789 sunt.
3608 3755 3636 3784 »
3670 3735 3740 3789 Et
3771 3734 3990 3790 addidit

2340 3819 2527 3876 David
2548 3819 2848 3877 dicentem
2868 3820 2945 3877 ad
2975 3821 3298 3876 Dominum
3323 3839 3335 3876 :
3363 3822 3656 3890 Quoniam
3681 3837 3807 3879 non
3837 3831 3916 3880 est
3935 3826 3986 3877 in

2338 3915 2528 3964 morte
2551 3910 2654 3981 qui
2672 3924 2897 3966 memor
2914 3910 2989 3964 sit
3015 3910 3123 3974 tui,
3152 3914 3215 3966 in
3241 3911 3476 3981 inferno
3493 3916 3693 3968 autem
3715 3913 3853 3984 quis
3870 3928 3991 3969 con.

2335 3997 2605 4065 ﬁtebitur
2632 3998 2739 4054 tibi
2762 4000 2809 4034 ⁵⁸
2833 3997 2860 4053 ‘2
2888 4001 2949 4052 Et
2966 3997 3219 4055 iterum:
3254 3999 3390 4055 Non
3408 4002 3633 4057 mortui
3653 4001 3984 4058 laudabunt

2338 4091 2412 4152 te,
2445 4088 2713 4153 Domine,
2747 4103 2934 4160 neque
2965 4102 3166 4144 omnes
3191 4089 3297 4160 qui
3324 4088 3694 4146 descendunt
3726 4092 3791 4147 in
3821 4092 3988 4161 infer-

2338 4191 2484 4232 num
2519 4177 2588 4232 ⁵⁸.

2410 4265 2574 4322 Idem
2602 4269 2849 4321 sanctus
2877 4265 2939 4322 in
2969 4264 3256 4338 praedicto
3279 4265 3458 4335 libro,
3485 4266 3566 4324 ad
3617 4267 3806 4325 aliam
3835 4284 3983 4341 quas-

2337 4353 2595 4411 stionem
2627 4354 2742 4410 sibi
2765 4353 2991 4411 factam
3018 4373 3031 4411 :
3061 4355 3236 4422 Quid,
3269 4355 3510 4421 scilicet,
3559 4356 3642 4413 ibi
3676 4362 3986 4431 operentur

2336 4458 2501 4500 nunc
2525 4443 2746 4500 animas
2777 4448 3252 4518 praeassumptte,
3295 4445 3641 4518 respondit:
3671 4469 3699 4498 «
3733 4447 3985 4504 Animas

2336 4547 2587 4604 corpore
2614 4531 2831 4598 soluta,
2863 4548 2974 4589 nec
2995 4531 3248 4601 bonum,
3271 4549 3382 4590 nec
3411 4534 3642 4591 malum
3666 4535 3828 4593 valet
3853 4550 3981 4608 ope-

2335 4620 2615 4692 rari(t3).
2648 4624 2797 4678 Nam
2848 4620 3124 4688 visiones,
3166 4637 3322 4695 qnas
3374 4622 3582 4680 vident
3635 4624 3888 4697 quidam
3916 4624 3978 4679 de

2337 4708 2430 4766 his
2456 4710 2562 4782 qui
2582 4709 2804 4767 mortui
2831 4714 2990 4779 sunt,
3013 4709 3462 4784 dispensatione
3488 4713 3780 4771 Dominus
3799 4718 3981 4771 osten-

2335 4797 2422 4855 dit
2441 4797 2521 4855 ad
2540 4803 2812 4856 nostram
2835 4799 3168 4856 utilitatem.
3199 4801 3361 4858 Sicut
3380 4802 3544 4859 enim
3571 4802 3707 4875 lyra
3745 4819 3870 4861 non
3890 4803 3979 4859 ha-

2334 4885 2486 4944 bens
2515 4887 2882 4960 pulsantem,
2904 4889 3101 4946 otiosa
3116 4889 3279 4961 jacet
3296 4896 3354 4948 et
3375 4891 3608 4965 absque
3656 4908 3871 4965 opere:
3905 4892 3977 4974 sic

2339 4976 2549 5033 anima
2571 4982 2630 5034 et
2656 4993 2878 5051 corpus
2900 4977 2979 5034 ab
2998 4978 3255 5036 invicem
3274 4985 3552 5054 separata
3573 4980 3721 5038 nihil
3760 4982 3979 5055 operarl

2339 5070 2589 5140 queunt.
2625 5069 2982 5126 Sanctorum
3013 5073 3217 5126 autem
3239 5070 3457 5127 animae
3480 5086 3518 5127 a
3539 5071 3763 5144 Spiritu
3787 5076 3978 5130 sancto

2334 5156 2611 5230 impulsae
2643 5157 2768 5214 sive
2818 5162 2991 5216 tactas
3023 5174 3164 5216 cum
3217 5160 3444 5231 angelis
3487 5160 3551 5218 in
3593 5165 3750 5221 terra
3798 5163 3978 5219 viven-

2333 5246 2484 5304 tium
2513 5246 2840 5305 Dominum
2867 5246 3145 5319 laudant,
3165 5253 3224 5306 et.
3251 5249 3572 5309 exsultant.
3597 5273 3626 5301 ››

2982 5399 3172 5460 “Job
3245 5417 3302 5473 Χ,
3386 5405 3475 5458 2t.
3533 5403 3580 5440 σε
3611 5403 3754 5461 Luc.
3828 5417 3971 5470 mu,
