4020 6310
553 297 662 386 5.15

1782 314 2262 373 PANTALEONIB
2301 295 2589 374 Ducem
2629 315 2729 372 Cp-
3918 309 4004 368 litt

563 446 780 510 Sancta
803 459 1046 517 quoque
1100 441 1378 508 Macrine,
1426 456 1596 500 soror
1624 440 1783 497 beati
1811 441 2023 505 Basilii,
2056 457 2196 497 cum
2225 444 2273 498 Λ
2309 457 2417 514 per
2443 441 2689 498 beatum
2724 440 3102 512 Gregorium,
3135 438 3239 512 qui
3271 439 3555 509 Dialogus
3598 438 3876 503 dicitur,
3911 437 4003 493 fui

561 539 718 590 esset
740 531 1086 589 liberalibus
1114 530 1322 586 studiis
1348 529 1583 585 imbuta
1603 533 1662 584 et
1717 530 1937 600 Spiritu
1992 535 2201 586 sancto

562 621 801 692 repleta,
830 620 981 674 inter
1009 618 1127 676 alia
1150 634 1287 690 quae
1307 617 1383 674 de
1423 617 1609 674 sacris
1657 617 2094 673 eruditionibus
2117 617 2204 673 di-

559 705 1832 781 vinarumScripturarumcxposuit,_deigne
1859 707 2204 778 purgatorio

560 799 700 856 talia
727 803 938 854 testata
987 802 1078 856 est
1117 798 1358 860 dicens:
1387 819 1412 846 α
1459 798 1699 868 Oportet
1740 797 2006 852 animam
2028 796 2108 852 ad
2131 797 2203 850 si-

559 887 955 944 militudinem
982 886 1085 941 Dei
1113 885 1354 951 factam,
1380 885 1460 940 ad
1487 884 1684 957 ipsum
1715 885 1905 941 redire
1930 903 1942 952 ;
1971 900 2093 941 non
2115 900 2204 940 re—

560 975 647 1032 dit
670 980 869 1031 autem
886 974 1004 1042 nisi
1034 979 1326 1046 purgata;
1355 979 1648 1046 purgatur
1677 989 1821 1030 vero
1843 989 1950 1045 per
1977 975 2203 1044 ignem,

559 1064 873 1137 posthanc
911 1064 1099 1120 vitam
1122 1067 1423 1134 paratum.
1458 1084 1485 1112 υ

628 1153 791 1208 Istud
817 1151 1224 1208 testimonium
1254 1150 1545 1224 reperitur
1595 1149 1658 1206 in
1711 1149 2061 1206 tractatibus
2104 1151 2210 1223 qui

555 1242 837 1300 Macrine
874 1240 1283 1297 nominantur.
1329 1239 1445 1295 Sed
1496 1239 1700 1296 forsan
1743 1239 1943 1295 dicent
1991 1239 2206 1296 nobis:

557 1334 674 1388 Nos
721 1329 1132 1388 testimonium
1163 1327 1484 1386 mulierum
1527 1343 1652 1383 non
1680 1328 2002 1384 credimus.
2027 1331 2166 1384 Esto
2193 1329 2204 1384 ι

555 1419 816 1476 Audiant
841 1418 1022 1491 igitur
1050 1416 1292 1481 fratrem
1328 1415 1600 1487 ejusdem
1630 1415 1876 1485 virginis
1916 1431 2209 1486 magnum

557 1509 865 1564 doctorem
894 1505 1162 1560 Ecclesiae
1182 1503 1429 1560 beatum
1470 1503 1819 1573 Gregorium
1846 1507 2206 1576 Nyssenum,

558 1612 718 1670 quae,
754 1600 810 1651 et
837 1593 1044 1668 qualia
1072 1593 1132 1648 in
1164 1606 1467 1658 sermone,
1500 1591 1606 1664 qui
1629 1591 1692 1648 in
1713 1592 1911 1664 primo
1945 1592 2211 1649 Sabbato

557 1685 1092 1758 postPentecosten
1103 1681 1162 1736 in
1176 1680 1750 1738 commemoratione
1764 1679 2209 1748 defunctorum,

561 1773 798 1843 legitur,
852 1770 927 1826 de
998 1770 1136 1840 igne
1184 1769 1532 1840 purgatorio
1593 1768 1811 1825 referat
1848 1770 2207 1827 testimonia.

567 1861 713 1920 Dicit
744 1861 903 1916 enim
956 1877 1028 1914 τι(
1066 1858 1122 1914 Si
1173 1857 1510 1914 humanam
1550 1862 1830 1914 naturam
1877 1858 2213 1916 voluntarie

559 1952 732 2023 juxta
748 1948 917 2008 liberi
935 1946 1163 2018 arbitrii
1185 1951 1419 2002 motum
1436 1946 1683 2018 quidem
1701 1945 2043 2003 indecenter
2059 1963 2212 2019 prae-

565 2039 907 2110 cipitantem
938 2051 1021 2104 se,
1048 2033 1332 2091 violenter
1353 2050 1424 2090 ac
1449 2040 1654 2090 coacte
1681 2034 1754 2090 ad
1813 2051 1992 2092 suum
2033 2035 2212 2092 bene-

563 2127 848 2200 placitum
870 2127 1308 2197 transponeret,
1335 2123 1398 2178 id
1429 2126 1534 2188 est,
1568 2121 1644 2178 ad
1670 2139 1730 2179 se
1751 2124 2009 2182 traheret
2037 2126 2210 2191 Deus,

561 2214 656 2271 vel
684 2214 1011 2278 induceret,
1041 2211 1262 2267 ablatio
1288 2215 1446 2266 esset
1481 2211 1610 2266 haec
1636 2211 1839 2284 utique
1865 2212 2212 2285 praehabitte

562 2303 843 2360 bonitatis
869 2307 925 2358 et
973 2299 1407 2372 tequipollentis
1446 2299 1548 2354 Dei
1589 2299 1894 2370 dignitatis
1935 2300 2206 2372 privatio.

565 2390 816 2464 JEquale
848 2389 949 2444 Dei
979 2393 1065 2443 est
1092 2387 1346 2442 liberum
1376 2386 1715 2444 arbitrium.
1754 2390 1822 2444 Ut
1845 2404 1987 2460 ergo
2023 2394 2078 2444 et
2104 2406 2210 2462 po-

565 2484 746 2536 testas
778 2481 1046 2536 maneret
1074 2481 1327 2543 naturae,
1359 2479 1413 2530 et
1445 2475 1674 2532 malum
1696 2476 2052 2544 aboleretur,
2096 2479 2211 2534 hoc

2310 535 2696 586 sustentatus.
2727 552 2756 580 »
2773 529 2891 585 Sed
2917 533 3126 585 contra
3144 529 3358 584 beatus
3396 527 3640 584 Basilius
3673 530 3750 582 in
3778 526 4004 584 Ofﬁcio

2311 624 2707 685 mortuorum,
2721 619 2797 675 de
2809 619 3178 674 infructuosa
3191 617 3539 689 poenitentia
3551 616 3904 673 exsistenti
3917 633 4004 671 un

2312 708 2373 763 in
2395 709 2626 764 inferno
2651 709 2787 764 talia
2807 709 3055 764 fatetur:
3084 728 3110 756 ‹‹
3147 706 3299 773 Quid
3322 706 3578 762 turbaris
3603 707 4003 778 importune

2313 813 2349 852 ο
2375 798 2603 852 homo?
2627 813 2746 854 una
2770 798 2936 862 hora,
2969 802 3027 852 et
3055 797 3263 852 omnia
3290 799 3680 868 praetereunt:
3720 811 3880 850 non
3929 810 4003 849 es:

2315 887 2375 942 in
2402 887 2634 942 inferno
2655 886 3002 958 poenitentia
3028 905 3042 953 ;
3067 901 3177 941 nec
3208 884 3395 940 estibi
3444 885 3708 956 requies.
3739 884 3848 938 Ibi
3881 899 4004 938 ver

2315 978 2452 1046 mis,
2479 977 2581 1048 qui
2604 992 2726 1031 non
2755 976 2994 1045 dormit,
3028 975 3111 1030 ibi
3142 980 3298 1031 terra
3342 973 3604 1030 obscura
3633 977 3691 1028 et
3722 978 3880 1029 tota
3914 987 4003 1027 ne

2314 1066 2554 1122 bulosa.
2595 1087 2622 1114 »

2390 1155 2535 1210 Item
2567 1153 2778 1209 beatus
2807 1151 3190 1218 Athanasius,
3214 1167 3353 1208 cum
3365 1154 3745 1223 quaereretur
3766 1165 3816 1206 a
3835 1165 4004 1221 quo-

2318 1243 2482 1309 dam,
2507 1258 2642 1315 quee
2665 1248 2864 1297 essent
2879 1241 2981 1296 illa
2995 1245 3266 1312 peccata,
3288 1255 3425 1311 quae
3446 1254 3552 1311 per
3569 1238 3934 1304 orationes,
3962 1247 4003 1292 ei

2292 1388 2298 1393 .
2320 1333 2439 1389 alia
2468 1331 2782 1398 beneﬁcia,
2812 1336 2870 1386 et
2891 1329 3183 1402 suffragia
3211 1329 3514 1384 diluentur
3539 1333 3680 1400 post
3698 1331 4000 1383 mortem

2319 1420 2628 1493 respondit
2648 1419 2833 1474 dehis
2853 1436 2866 1473 :
2889 1441 2916 1470 «
2942 1419 3196 1487 Magnus
3237 1416 3562 1488 Dionysius
3593 1417 3677 1472 sic
3709 1416 3924 1472 dicit:
3963 1418 4003 1470 S

2321 1509 2566 1582 quidem
2584 1507 2739 1563 levia
2757 1512 2815 1562 et
2831 1507 3076 1563 subtilia
3093 1506 3386 1561 exsistunt
3402 1511 3654 1577 peccata
3669 1504 3790 1560 def
3793 1509 4003 1580 unciq-

2321 1614 2477 1662 rum,
2501 1596 2839 1668 percipiunt
2869 1595 3180 1651 utilitatem
3211 1594 3286 1650 de
3333 1593 3665 1659 beneﬁciis,
3703 1609 3868 1663 qua:
3906 1607 4004 1664 pr:

2321 1688 2405 1743 eis
2424 1686 2641 1742 fuerint
2663 1703 2675 1738 :
2697 1686 2748 1740 si
2765 1701 2905 1740 vero
2927 1683 3137 1752 gravia
3159 1682 3254 1739 vel
3275 1684 3474 1756 turpia
3495 1681 3716 1738 fuerint
3739 1688 4004 1754 peccata

2321 1776 2604 1842 hominis,
2637 1774 2931 1831 conclusit
2962 1778 3176 1829 contra
3202 1788 3364 1837 eum,
3387 1771 3484 1828 vel
3519 1771 3830 1827 adversus
3865 1785 4004 1827 eun:

2322 1869 2498 1922 Deus.
2527 1868 2740 1920 Verum
2771 1867 2971 1919 tamen
3013 1866 3249 1934 oportet
3293 1876 3405 1917 nos
3426 1875 3638 1918 curam
3665 1874 3904 1928 gerere
3938 1861 4004 1916 de

2320 1954 2579 2026 propriis
2593 1952 2938 2018 animabus,
2952 1955 3008 2008 et
3024 1965 3148 2007 non
3163 1965 3409 2022 sperare
3423 1955 3559 2021 post
3583 1954 3866 2005 mortem
3898 1963 4004 2020 per

2319 2043 2468 2099 alias
2481 2041 2818 2114 oblationes
2834 2039 3377 2112 consequiveniam
3399 2037 3788 2093 delictorum.
3811 2060 3842 2085 ››
3865 2041 4004 2094 Haec

2320 2137 2376 2188 et
2400 2133 2493 2188 his
2515 2130 2734 2187 similia
2761 2131 2820 2186 in
2850 2129 2990 2185 Vitis
3023 2132 3283 2194 Patrum,
3337 2131 3394 2182 et
3424 2126 3484 2184 in
3525 2126 3786 2196 Dialogo
3842 2125 4004 2183 beati

2320 2221 2601 2292 Gregorii,
2651 2235 2832 2292 quem
2885 2217 3152 2274 similiter
3203 2216 3519 2289 reeipiunt,
3547 2216 3621 2271 de
3653 2215 4004 2272 animabus

2319 2311 2741 2366 defunctorum
2770 2308 3147 2380 reperiuntur
3167 2305 3552 2362 testimonia:
3585 2320 3722 2376 qua)
3758 2320 4004 2377 purga-

2317 2402 2539 2457 torium
2575 2400 2779 2455 locum-
2803 2401 2941 2470 post
2971 2403 3224 2452 mortem
3256 2411 3385 2450 esse
3429 2393 3808 2450 sufﬁcienter
3843 2394 4004 2449 indi<

2314 2495 2472 2555 cant,
2500 2489 2607 2544 etsi
2655 2487 2875 2543 Paulus
2921 2486 3219 2542 tacuisset.
3247 2483 3430 2541 Graeci
3463 2483 3652 2539 nostri
3679 2484 4004 2555 temporis

564 2567 790 2624 invenit
811 2566 909 2621 Dei
951 2564 1242 2636 sapientia
1272 2563 1607 2631 consilium,
1641 2563 1935 2620 dimittere
1995 2565 2214 2630 scilicet
2318 2584 2690 2636 terrenarum
2713 2591 2911 2632 rerum
2937 2574 3356 2638 sollicitudine,
3419 2587 3543 2628 non
3575 2577 3704 2628 iam
3741 2588 3876 2644 pro
3927 2589 4004 2636 se,

565 2657 875 2716 hominem
903 2655 964 2710 in
993 2655 1105 2720 his,
1137 2654 1200 2708 in
1226 2653 1450 2726 quibus
1476 2654 1664 2710 VOIUit
1693 2669 1847 2720 esse,
1874 2660 1939 2710 ut
1963 2658 2212 2727 gustatis
2318 2685 2506 2742 quam
2539 2664 2952 2737 prouxoribus
2991 2663 3114 2719 suis
3133 2669 3191 2718 et
3211 2661 3348 2718 ﬁliis
3363 2661 3914 2734 occupau,tenent
3945 2663 4004 2717 ﬁ.

567 2745 761 2812 malis,
795 2760 929 2817 quae
957 2747 1238 2816 operatus
1255 2746 1362 2811 est,
1385 2758 1594 2798 rursus
1625 2743 1831 2800 redeat
1858 2759 1965 2818 per
1986 2745 2214 2802 deside-

2339 2774 2461 2814 )ros
2493 2756 2776 2829 pulchros
2793 2753 3040 2826 quidem
3072 2756 3129 2809 et
3154 2768 3348 2820 veros,
3372 2751 3486 2808 nisi
3514 2765 3673 2821 quos
3702 2766 4004 2823 corrupe.

563 2837 717 2893 rium
750 2832 1151 2890 voluntarium
1180 2831 1256 2886 ad
1277 2831 1590 2903 pristinam
1609 2832 2059 2903 beatitudinem,
2092 2850 2218 2890 om-
2323 2851 2480 2914 rum,
2530 2845 2787 2910 clauses,
2815 2843 2964 2915 quin
2999 2845 3054 2897 et
3085 2841 3199 2896 sibi
3246 2841 3482 2913 penitus
3512 2840 3754 2908 ignotos
3781 2859 3798 2907 ;
3843 2840 4004 2894 unde

565 2939 762 2998 neque
787 2923 1064 2978 vitiosum
1090 2925 1148 2976 et
1192 2919 1596 2976 irrationabile
1622 2921 1934 2993 quoddam
1975 2922 2218 2993 pondus
2324 2937 2499 2993 nobis
2527 2935 2861 3000 veritatem,
2893 2947 3081 3004 quam
3104 2935 3325 2997 tenent,
3352 2934 3410 2988 et
3441 2930 3744 2999 ignorant,
3780 2929 4004 3002 ρι-ωάί.

564 3019 954 3088 postponens,
979 3015 1035 3066 et
1067 3025 1386 3065 removens
1418 3025 1454 3065 a
1484 3016 1720 3080 natura,
1779 3011 1903 3067 sive
1933 3011 2215 3083 praesenti

2339 3025 2626 3091 sentibus,
2640 3022 2819 3096 quasi
2830 3021 3087 3078 falsariis
3100 3020 3562 3092 Scripturarum,
3577 3023 3818 3076 etnova
3832 3021 4004 3075 inau-

564 3105 683 3160 vita
707 3118 814 3175 per
853 3101 1153 3158 orationes
1198 3105 1254 3155 et
1298 3100 1745 3156 observantiam
1787 3102 2217 3158 mandatorum
2328 3115 2454 3171 dita
2469 3110 3016 3184 dogmatizemibus
3038 3109 3446 3166 contradicere
3469 3124 3596 3165 non
3611 3115 3931 3164 verentur,

564 3191 907 3266 expleatur:
941 3189 1035 3246 vel
1061 3193 1195 3261 post
1240 3188 1398 3244 hanc
1422 3189 1601 3244 vitam
1653 3191 1894 3262 penitus
1948 3206 2054 3264 per
2080 3204 2219 3262 pur-

570 3279 784 3351 gatorii
811 3278 964 3349 ignis
989 3276 1415 3334 conflationem
1441 3282 1762 3348 purgetur.
1802 3299 1832 3330 ι)

643 3372 786 3423 Item
831 3367 1044 3422 beatus
1103 3365 1372 3430 BaSilius,
1439 3365 1830 3424 introducens
1890 3383 2219 3440 personam

569 3455 834 3513 defuncti
873 3454 1220 3524 loquentem
1274 3453 1336 3508 in
1384 3453 1590 3510 Ofﬁcio
1644 3460 2025 3512 mortuorum
2079 3456 2220 3520 talia

572 3544 751 3600 dicit:
785 3564 812 3592 ‹‹
844 3543 1049 3611 Imago
1075 3557 1210 3596 sum
1246 3541 1564 3597 ineffabilis
1609 3542 1811 3611 glorise
1857 3549 1990 3599 tum.
2045 3547 2111 3600 Et
2168 3544 2220 3599 si

573 3634 857 3702 stigmata
870 3629 964 3686 vel
979 3627 1334 3702 punctiones
1351 3635 1525 3702 porto
1542 3631 1916 3703 delictorum,
1941 3633 2220 3688 miserere

571 3728 690 3778 tuae
721 3718 1159 3793 plasmationis,
1190 3719 1455 3784 Domine,
1502 3724 1557 3774 et
1607 3736 1802 3792 purga
1849 3737 1956 3793 per
1992 3722 2222 3777 viscera

572 3809 996 3868 misericordiae
1021 3813 1164 3865 tuae:
1190 3813 1248 3863 et
1296 3807 1757 3864 desiderabilem
1806 3811 2221 3882 paenitentiam

572 3900 836 3959 concede
858 3899 1024 3966 mihi,
1046 3897 1316 3971 paradisi
1335 3898 1528 3954 civem
1553 3915 1762 3955 rursus
1792 3901 2018 3956 faciens
2045 3917 2159 3955 me.
2190 3923 2219 3949 »

615 3995 760 4048 Item
774 3987 1277 4057 Damascenus,in
1297 4003 1574 4044 sermone
1596 3994 1995 4055 mortuorum,
2012 3991 2220 4046 volens

572 4080 829 4152 probare
846 4078 1012 4150 quod
1032 4077 1453 4148 eleemosynze,
1490 4083 1548 4132 et
1561 4079 1885 4146 orationes,
1913 4083 1970 4135 et
1986 4079 2103 4135 alia
2117 4079 2222 4135 be-

571 4168 788 4224 neﬁcia
810 4167 1078 4222 Ecclesiae
1095 4165 1663 4237 prosintdefunctis,
1680 4167 2023 4232 introducit,
2054 4168 2222 4224 verbi

575 4256 786 4326 gratia,
805 4254 1168 4324 exemplum,
1188 4254 1353 4325 quod
1369 4253 1430 4308 in
1447 4255 1586 4310 Vitis
1603 4259 1842 4311 Patrum
1861 4256 1934 4311 de
1951 4257 2222 4328 quodam

575 4343 872 4415 discipulo
901 4342 1218 4413 cujusdam
1241 4342 1428 4398 Patris
1473 4343 1705 4414 legitur,
1730 4349 1787 4400 et
1815 4345 1993 4400 dicit:
2021 4369 2048 4397 «
2073 4348 2222 4401 Cum

575 4437 778 4487 autem
803 4429 1119 4485 defunctus
1138 4433 1295 4484 esset
1310 4429 1641 4500 discipulus
1665 4432 1816 4502 ejus,
1849 4433 1997 4488 scire
2018 4433 2223 4489 volens

577 4534 775 4588 senex,
802 4534 934 4590 quae
957 4522 1014 4573 et
1041 4517 1243 4588 qualia
1264 4519 1578 4572 meruisset
1603 4519 1664 4573 in
1710 4520 1833 4575 vita
1858 4536 1968 4576 sua
1989 4521 2224 4592 juvenis

574 4605 1055 4677 ille,caepitaures
1069 4605 1304 4661 Domini
1315 4607 1653 4662 orationum
1668 4607 1950 4664 instantia
1961 4610 2221 4680 pulsare.

577 4698 845 4768 Cumque
892 4694 1005 4750 ista
1051 4709 1158 4766 per
1194 4692 1398 4765 aliqua
1451 4693 1740 4750 horarum
1777 4695 1970 4766 spatia
1993 4696 2223 4767 ﬁerent,

574 4785 724 4842 vidit
753 4800 932 4840 senex
953 4783 1307 4856 praedictum
1323 4783 1608 4853 juvenem
1634 4783 1695 4839 in
1721 4783 1906 4840 ﬂuvio
1931 4786 2109 4856 igneo
2129 4804 2228 4844 us-

575 4891 693 4949 que
709 4873 786 4931 ad
803 4874 1008 4944 gulam
1030 4864 1403 4930 demersum.
1426 4875 1575 4930 Cum
1589 4889 1730 4929 vero
1743 4875 1998 4931 orationi
2012 4876 2228 4933 anxius

575 4965 970 5032 incumberet,
985 4961 1291 5035 prospexit
1303 4960 1584 5018 eumdem
1599 4978 1792 5035 usque
1804 4964 1881 5019 ad
1893 4965 2223 5035 cingulum.

578 5053 795 5110 Ultimo
815 5058 1017 5109 autem
1044 5051 1332 5109 orationis
1358 5050 1651 5108 beneﬁcio
1670 5068 1742 5108 ex
1767 5055 1892 5110 toto
1906 5053 2226 5111 liberatum

577 5143 832 5213 aspexit.
865 5163 893 5192 ›ι

653 5230 766 5286 Sed
791 5230 991 5286 dicent
1019 5229 1222 5286 forsan
1262 5228 1478 5285 Graeci:
1505 5250 1531 5279 «
1566 5232 1770 5299 Ignem
1819 5231 1999 5287 istum
2037 5231 2227 5286 credi-

577 5334 714 5373 mus
731 5319 932 5390 ignem
952 5319 1324 5384 infernalem,
1344 5333 1381 5375 a
1399 5333 1523 5390 quo
1539 5320 1721 5374 etiam
1739 5319 1991 5390 quidam
2011 5321 2226 5376 virtute

579 5405 866 5462 orationis
895 5405 1242 5473 liberantur,
1274 5411 1340 5462 ut
1395 5407 1686 5478 Trajanus
1722 5407 2070 5478 imperator,
2121 5406 2228 5479 qui

653 5603 700 5640 ⁸³
727 5605 750 5658 I
779 5604 911 5659 Cor.
946 5618 1028 5669 ιιι,
1066 5607 1150 5659 ll.

2398 3204 2507 3260 Alii
2535 3217 2676 3258 vero
2698 3200 2963 3257 obducto
2991 3198 3315 3270 supercilio
3345 3198 3606 3267 grandia
3653 3198 3852 3254 verba
3883 3205 4000 3253 tru-

2329 3293 2608 3358 tinantes,
2649 3290 3064 3346 auctoritatem
3109 3286 3377 3359 Apostoli
3426 3286 3505 3343 ad
3531 3285 3883 3344 Corinthios
3912 3301 4003 3341 re—

2329 3385 2722 3454 pugnantem,
2768 3393 2877 3451 pro
2931 3393 2994 3433 se
3050 3391 3352 3449 exponere
3398 3379 3722 3434 conantur.
3781 3376 4003 3432 Dicunt

2328 3471 2489 3526 enim
2517 3486 2530 3524 :
2559 3469 3047 3526 Fundamentum
3095 3465 3271 3523 aliud
3301 3480 3472 3522 nemo
3527 3478 3758 3534 ponere
3797 3469 4003 3534 potest

2325 3565 2548 3630 praeter
2572 3556 2828 3629 id,quod
2855 3558 3110 3626 positum
3142 3560 3249 3621 est,
3280 3554 3439 3625 quod
3471 3560 3556 3611 est
3588 3554 3877 3612 Christus
3909 3555 3996 3609 Je—

2329 3665 2426 3704 sus
2451 3650 2517 3702 δε.
2539 3648 3024 3702 Fundamentum
3039 3659 3252 3712 unum,
3277 3643 3562 3713 sicutjam
3589 3642 3889 3708 diximus,
3913 3646 3999 3696 est

2328 3738 2424 3794 ille
2448 3737 2602 3810 lapis
2629 3736 2936 3805 angularis
2964 3733 3255 3802 Christus,
3289 3749 3471 3805 super
3498 3748 3683 3805 quem
3710 3733 3994 3789 aediﬁcati

2332 3832 2472 3882 sunt
2499 3825 2755 3898 apostoli
2785 3830 2841 3879 et
2859 3823 3186 3896 prophetae,
3211 3827 3269 3877 et
3288 3822 3394 3894 qui
3421 3837 3531 3893 pro
3576 3826 3859 3893 tempore
3876 3821 3997 3880 fue-

2331 3920 2470 3970 runt
2482 3917 2679 3971 Patres
2697 3915 2946 3986 Spiritus
2961 3913 3062 3969 Dei
3081 3913 3262 3984 pleni.
3280 3919 3510 3978 Aurum
3522 3927 3686 3976 vero,
3702 3919 3766 3968 et
3782 3929 3997 3983 argen-

2333 4007 2485 4068 tum,
2507 4009 2564 4059 et
2586 4003 2821 4074 lapides
2853 4002 3100 4075 pretiosi
3130 4008 3269 4058 sunt
3287 4001 3638 4072 evangelica
3663 4011 3994 4074 praecepta,

2335 4099 2392 4150 et
2402 4093 2648 4149 altitudo
2662 4092 3004 4148 divinorum
3018 4091 3398 4161 dogmatum,
3428 4096 3638 4148 contra
3649 4107 3792 4163 quae
3805 4097 3994 4164 portae

2335 4182 2506 4238 inferi
2531 4197 2653 4238 non
2685 4186 2937 4252 possunt
2973 4179 3323 4252 praevalere.
3375 4180 3576 4237 Conati
3605 4185 3750 4238 sunt
3776 4179 3997 4237 nihilo-

2338 4271 2538 4326 minus
2551 4269 2883 4342 superillud
2899 4268 3708 4336 fundamentumimmobile,
3739 4269 3997 4325 malitio-

2253 4335 2295 4387 D
2337 4360 2386 4415 si
2415 4335 3781 4423 sectatores,haeresiarcbiedico,adulterantes
3793 4363 3856 4413 et
3875 4373 3998 4412 cor-

2330 4453 2678 4519 rumpentes
2713 4461 3056 4502 sermonem
3086 4445 3368 4513 veritatis,
3427 4444 3769 4511 aedificare;
3817 4446 3885 4502 id
3913 4448 3996 4500 est

2335 4553 2579 4596 omnem
2602 4535 2915 4592 materiam
2943 4550 3145 4606 pravae
3177 4534 3465 4591 doctrinae
3497 4536 3993 4606 superinducere,

2335 4630 2640 4699 putantes,
2659 4623 2814 4680 utita
2827 4623 3123 4692 dicamus,
3146 4623 3206 4678 in
3228 4622 3343 4678 hoc
3367 4638 3428 4678 se
3445 4621 3818 4696 obsequium
3847 4639 3994 4695 pra:-

2335 4721 2489 4771 stare
2518 4717 2656 4770 Deo.
2687 4714 2800 4769 Sed
2823 4711 3016 4768 veniet
3056 4711 3357 4774 secundus
3387 4712 3625 4769 Domini
3666 4712 3990 4778 adventus,

2338 4806 2462 4859 sive
2484 4802 2800 4874 apparitio,
2856 4806 2912 4856 et
2961 4799 3190 4855 inutilia
3236 4800 3522 4872 quaedam
3570 4800 3992 4857 mdiﬁcationis

2335 4909 2518 4966 opera
2530 4897 2878 4947 caeterorum
2895 4889 3208 4946 doctorum
3227 4906 3360 4944 cum
3395 4890 3752 4946 detrimento
3771 4906 3990 4948 consu-

2337 4985 2592 5047 mentur,
2625 4980 2750 5034 sive
2811 4978 3272 5040 comburentur;
3312 4978 3426 5050 ipsi
3481 4985 3681 5034 autem
3715 4979 3806 5035 sic
3841 4979 3989 5035 salvi

2335 5073 2526 5136 erunt,
2551 5068 2723 5140 quasi
2753 5082 2859 5139 per
2880 5068 3104 5136 ignem,
3150 5067 3697 5136 inexstinguibilem
3747 5069 3985 5124 scilicet.

2336 5158 2673 5216 Salvabitur
2710 5168 2852 5226 ergo
2909 5157 3065 5225 talis,
3122 5156 3461 5224 sanabitur,
3521 5157 3868 5213 servabitur
3891 5172 3990 5231 per

2333 5248 2536 5319 ignem
2559 5247 2712 5302 sicut
2730 5247 3002 5312 adamas,
3025 5245 3130 5317 qui
3147 5260 3461 5317 nunquam
3483 5247 3864 5303 consumitur
3891 5261 3991 5320 per

2335 5337 2556 5406 ignem.
2590 5335 2681 5391 Sic
2713 5338 2769 5391 et
2793 5333 2909 5405 ipsi
2940 5332 3199 5388 haeretici
3245 5339 3304 5388 et
3340 5333 3628 5389 malitiosi
3672 5340 3989 5391 sectatores

2333 5424 2747 5494 salvabuntur,
2764 5439 2888 5480 non
2907 5422 2987 5480 ad
3007 5421 3414 5496 purgandum,
3459 5423 3566 5480 sed
3586 5423 3667 5482 ad
3697 5427 3990 5483 cruciatus
