4020 6310
542 348 646 412 519

1767 341 2243 404 PANTALEONIS
2282 340 2566 403 DIACONI
2605 345 2713 404 CP.

3904 356 4005 410 ΞίΞῦ

539 476 821 536 Rationes
836 475 1182 534 Graecorum
1194 478 1407 532 contra
1427 473 1672 531 Latinos
1685 472 1743 530 in
1756 488 1965 545 azyma
2012 488 2207 531 conse-
2234 472 2283 526 Δ
2394 470 2556 528 Idem
2568 473 3075 544 superJoannem:
3104 497 3133 526 «
3148 474 3275 532 Non
3286 490 3449 547 ergo,
3468 476 3712 535 utaliter
3723 477 4006 552 opinan-

1213 568 1470 621 orantes.

611 708 805 766 Primo
833 706 1060 778 dicunt,
1086 706 1253 779 quod
1277 705 1571 763 Dominus
1599 710 1822 777 noster,
1861 706 1967 779 qui
1991 706 2053 763 in
2112 704 2204 762 sui

540 797 897 856 memoriam
926 796 1041 853 hoc
1069 796 1199 853 ﬁeri
1227 795 1558 862 mandavit,
1588 811 1712 853 non
1731 796 1794 852 in
1825 811 2060 869 azyma,
2097 796 2205 853 sed

534 885 895 944 fermentata
920 900 1079 960 pane
1104 884 1349 943 tradidit
1389 884 1703 958 discipulis
1756 885 1902 941 suis.
1962 889 2206 943 Constat

537 976 896 1051 enim,quod
911 975 1245 1033 secundum
1266 975 1471 1047 legem
1508 976 1709 1048 Moysi,
1737 980 1955 1049 quarta
1965 976 2204 1033 decima

533 1065 681 1123 luna
692 1065 1217 1123 ﬁebatimmolatio
1229 1065 1369 1136 agni
1386 1068 1444 1121 et
1471 1080 1609 1121 esus
1626 1080 2001 1137 azymorum,
2052 1065 2205 1122 sicut

536 1154 824 1229 scriptum
848 1158 939 1210 est
960 1152 1197 1210 Levitici
1222 1170 1340 1219 xui,
1367 1168 1505 1225 quas
1541 1152 1669 1209 dies
1699 1152 1933 1211 Pascha
1963 1152 2204 1227 proprie

535 1245 886 1301 vocabatur.
908 1242 1021 1300 Sed
1038 1242 1325 1299 Dominus
1332 1242 1506 1313 juxta
1526 1241 1914 1313 Evangelium
1926 1243 2201 1309 Joannis,

536 1340 678 1389 ante
687 1333 839 1390 diem
850 1333 1067 1402 festum
1082 1332 1373 1389 Pascha)”
1388 1334 1434 1367 ⁶⁶
1448 1330 1788 1388 celebravit.
1805 1334 2051 1389 Coenam
2062 1349 2201 1389 cum

533 1422 840 1495 discipulis
870 1422 1012 1488 suis,
1040 1427 1098 1478 et
1126 1420 1480 1493 mysterium
1501 1422 1768 1494 corporis
1799 1426 1857 1478 et
1888 1422 2201 1492 sanguinis

537 1512 629 1569 sui
650 1510 910 1569 tradidit.
941 1511 997 1568 Si
1023 1512 1083 1566 in
1112 1511 1217 1566 tali
1262 1510 1377 1581 die,
1414 1511 1519 1583 qui
1565 1515 1693 1568 erat
1737 1512 1905 1569 tertia
1964 1512 2201 1570 decima

533 1600 700 1670 luna,
745 1598 1067 1656 celebravit
1122 1599 1369 1661 Pascha,
1398 1604 1538 1655 tunc
1577 1599 1896 1657 utebantur
1934 1601 2195 1658 fermen-

537 1694 694 1759 tata;
722 1704 865 1757 ergo
895 1687 970 1743 de
994 1687 1347 1744 fermentata
1368 1687 1611 1744 tradidit
1637 1704 1857 1761 corpus
1887 1706 2085 1760 suum,

606 1779 753 1835 Item
778 1796 789 1833 :
809 1778 947 1835 Non
970 1778 1331 1835 introierunt
1347 1779 1726 1847 praetorium,
1756 1785 1821 1835 ut
1842 1796 1962 1836 non
1986 1787 2192 1838 conta-

2316 558 2477 616 tib'us
2495 560 2694 617 visum
2716 565 2826 630 est,
2849 561 3151 620 Dominus,
3168 564 3591 640 Salvator,-qui
3620 572 3677 623 et
3701 567 3855 640 ipse
3874 568 3966 623 ait
3988 585 4001 621 :

2312 649 2450 707 Non
2477 651 2617 707 veni
2644 652 2870 708 solvere
2896 654 3103 724 legem,
3140 656 3247 713 sed
3273 657 3606 726 adimplere
3640 658 3708 728 ⁵⁸,
3750 658 4004 714 Pascha

2313 754 2493 795 suum
2518 739 2911 812 anticipavit:
2949 741 3056 798 sed
3085 746 3376 816 tempore,
3433 749 3491 801 et
3533 746 3718 802 modo
3777 746 4001 802 debito

2311 832 2528 886 cuncta
2550 831 3012 888 consummavit.
3043 852 3071 881 »
3094 833 3249 889 Fecit
3267 849 3409 905 ergo
3432 835 3659 893 Pascha
3677 834 4001 892 Dominus

2311 931 2451 972 cum
2502 917 2816 990 discipulis
2879 919 3024 986 suis,
3074 920 3226 978 sicut
3274 924 3643 995 evangelista
3691 928 3996 989 testatur,

2310 1006 2560 1078 quando
2588 1007 2727 1065 fecit
2754 1024 2895 1065 cum
2922 1010 3150 1082 azymis
3175 1016 3234 1069 et
3252 1028 3413 1085 agno
3447 1014 3884 1083 immaculato,
3933 1020 4001 1072 ut

2310 1095 2373 1151 in
2393 1094 2522 1166 lege
2549 1097 2838 1170 scriptum
2866 1103 2973 1156 est.

2385 1188 2527 1241 Item
2548 1186 3047 1261 Theophylactus,
3074 1190 3368 1263 Bulgaria
3396 1193 3738 1268 episcopus,
3791 1210 4001 1268 expo-

2310 1289 2462 1331 nens
2484 1274 2632 1331 illud
2649 1276 3052 1349 quodlegitur
3075 1279 3156 1335 ad
3199 1280 3569 1339 Corinthios:
3618 1284 4001 1341 Convenien-

2313 1365 2473 1421 tibus
2502 1365 2663 1421 vobis
2686 1366 2751 1422 in
2777 1369 3041 1435 unum",
3074 1373 3185 1427 etc.
3208 1370 3291 1428 ita
3318 1372 3492 1429 dicit:
3518 1395 3548 1424 ‹‹
3567 1374 3696 1430 Non
3710 1389 3995 1447 possum

2310 1469 2433 1510 non
2449 1454 2796 1525 concedere,
2820 1457 3069 1529 quando
3081 1458 3212 1532 ipse
3239 1460 3526 1517 Dominus
3542 1478 3768 1535 corpus
3799 1479 3997 1519 suum

2309 1558 2379 1599 ex
2404 1558 2582 1615 pane,
2604 1559 2788 1616 quem
2818 1545 3104 1614 habebat,
3136 1548 3357 1606 scilicet
3377 1565 3614 1624 azyma,
3662 1568 3816 1608 cum
3861 1552 3998 1609 dies

2308 1637 2908 1705 essentAzymorum,
2936 1637 3179 1695 tradidit
3206 1640 3517 1712 discipulis
3570 1642 3713 1710 suis,
3770 1642 3828 1698 si
3896 1660 3997 1699 se-

2308 1721 2577 1778 cundum
2602 1724 2922 1794 Evangelia
2933 1730 2989 1782 et
3002 1732 3349 1784 sanctorum
3364 1731 3603 1786 Patrum
3618 1732 3995 1797 sententias,

2225 1824 2270 1878 Β
2307 1810 2633 1867 celebravit
2661 1813 2949 1869 Dominus
2977 1819 3247 1888 tempore
3272 1817 3477 1875 debito
3499 1819 3726 1876 Pascha
3752 1836 3769 1885 ;
3817 1820 3993 1877 unde

534 1868 937 1979 ζηξῗξνθηίαη
963 1866 1068 1979 ³ῗά
1088 1867 1770 1979 mfntmaren‘fmha
1804 1869 2022 1979 ω’,δθίξ
2059 1875 2197 1979 “inf
2225 1866 2269 1878 υ
2308 1903 2449 1955 tunc
2504 1899 2895 1959 fermentatus
2938 1866 3220 1977 appatr'uit
3261 1911 3471 1964 contra
3510 1907 3759 1979 legem?
3819 1912 3996 1967 Sicut

534 1957 645 2015 fuit
670 1956 816 2013 luna
833 1960 1088 2030 quarta:
1135 1955 1371 2012 decima
1407 1971 1548 2028 ergo
1576 1956 1637 2013 in
1670 1959 2048 2029 praecedenti,
2089 1962 2199 2019 fuit

532 2044 681 2102 luna
709 2045 880 2102 tertia
906 2044 1163 2113 decima,
1192 2044 1440 2118 quando
1472 2045 1763 2104 Dominus
1791 2048 2032 2106 tradidit
2068 2066 2196 2108 cor-

530 2151 647 2208 pus
675 2150 854 2193 suum
877 2174 891 2202 ,
923 2135 1139 2192 etinde
1164 2140 1226 2191 ut
1250 2135 1435 2207 prius.

605 2226 752 2282 Item
782 2240 928 2282 cum
950 2223 1319 2294 evangelista
1347 2224 1423 2283 de
1455 2225 1705 2285 materia
1723 2227 1881 2284 illius
1908 2230 2084 2302 panis
2109 2231 2194 2288 fa-

532 2318 691 2370 ceret
718 2313 1105 2376 mentionem,
1136 2328 1258 2370 non
1285 2314 1436 2369 dixit
1459 2331 1472 2369 :
1492 2317 1661 2371 Iesus
1691 2319 1923 2390 accepit
1957 2335 2193 2393 azyma,

536 2402 681 2457 sed:
713 2400 1024 2473 Accipiens
1041 2404 1208 2457 Jesus
1237 2402 1392 2476 ἄρτον
1451 2406 1520 2460 Et
1556 2406 1712 2478 ἄρτος
1761 2408 2046 2479 supponit
2088 2425 2198 2481 pro

533 2492 907 2548 fermentata.
932 2493 1105 2561 Ergo,
1128 2494 1240 2547 etc.

606 2582 751 2635 Item
782 2594 921 2634 cum
951 2578 1239 2651 scriptum
1267 2579 1358 2649 sit,
1388 2580 1557 2652 quod
1577 2583 1794 2641 stando
1833 2590 1891 2642 et
1920 2601 2060 2644 cum
2107 2588 2199 2647 la-

535 2672 722 2732 ctucis
780 2668 1114 2740 agrestibus
1166 2673 1222 2725 et
1267 2668 1615 2728 festinanter
1669 2673 1915 2732 deberet
1965 2680 2201 2737 comedi

537 2776 730 2833 agnus
759 2756 1090 2832 paschalis,
1120 2757 1355 2815 nullum
1402 2758 1518 2816 tale
1574 2761 1723 2833 quid
1769 2763 1831 2819 in
1878 2767 2199 2838 Evangelia

533 2848 843 2923 reperitur.
878 2846 1041 2903 Unde
1063 2851 1315 2914 constat,
1361 2848 1529 2921 quod
1577 2850 1680 2908 illa
1720 2868 1893 2910 cmna
1940 2871 2065 2913 non
2091 2858 2201 2927 fuit

533 2940 765 2997 Pascha
819 2936 1184 3006 Judaaorum,
1240 2936 1346 2993 sed
1393 2939 1591 3010 potius
1648 2956 1821 3000 caena
1871 2949 1929 3001 et
1966 2947 2193 3005 Pascha

536 3027 1025 3094 Christianarum,
1040 3030 1096 3082 et
1115 3041 1237 3082 non
1250 3042 1389 3083 cum
1401 3029 1649 3101 azymis,
1671 3032 1774 3088 sed
1788 3047 1926 3089 cum
1940 3034 2190 3093 fermen-

494 3180 497 3185 ν
534 3123 656 3175 tato
677 3132 855 3190 pane,
886 3114 1054 3189 quod
1069 3114 1367 3211 signiﬁcat
1383 3117 1594 3175 Christi
1620 3121 2067 3193 perfectionem,
2084 3125 2194 3183 fuit
2222 3144 2264 3199 ο

534 3207 921 3264 celebratum.
963 3206 1111 3262 Nam
1152 3205 1416 3262 Christus
1454 3213 1657 3264 noster
1704 3212 1993 3269 Dominus
2038 3214 2192 3270 duas

534 3302 780 3353 naturas
803 3296 867 3351 in
895 3309 1083 3351 unam
1103 3310 1430 3366 personam
1462 3296 1577 3353 sibi
1608 3299 1816 3369 univit,
1844 3306 1900 3357 et
1924 3302 2075 3359 sicut
2103 3304 2192 3360 di-

532 3385 678 3440 vina
706 3386 795 3438 est
825 3382 1287 3454 simplicissima,
1313 3383 1395 3440 ita
1413 3385 1686 3443 humana
1730 3394 1819 3445 est
1856 3392 2192 3464 composita

534 3487 608 3527 ex
645 3472 852 3528 anima
887 3475 944 3526 et
980 3486 1245 3542 corpore,
1287 3474 1409 3528 sive
1449 3490 1646 3531 carne.
1718 3479 1879 3534 Sicut
1931 3495 2073 3550 ergo
2130 3481 2190 3537 in

535 3559 763 3618 Christo
792 3558 902 3614 fuit
920 3564 977 3615 et
1006 3562 1099 3614 est
1122 3557 1424 3628 divinitas,
1458 3565 1679 3634 anima,
1710 3570 1766 3621 et
1791 3582 2049 3640 corpus:
2109 3573 2193 3628 ita

530 3648 594 3705 in
623 3646 908 3721 mysterio
947 3648 1305 3704 sacramenti
1343 3651 1551 3720 nostri,
1585 3653 1754 3724 quod
1801 3671 1875 3711 ex
1930 3659 2192 3730 perfecto

530 3752 708 3811 pane,
738 3736 799 3792 id
828 3740 921 3793 est
966 3736 1343 3804 fermentata,
1392 3740 1713 3810 perﬁcitur,
1761 3744 2029 3803 similiter
2078 3750 2192 3806 tria

527 3827 924 3900 reperiuntur,
964 3825 1186 3882 scilicet
1211 3826 1431 3894 forma,
1463 3828 1845 3902 fermentum,
1906 3840 1964 3892 et
2005 3854 2192 3911 aqua.

528 3919 802 3973 Vestrum
825 3919 1027 3973 autem
1050 3920 1500 3973 sacramentum
1534 3934 1657 3976 non
1685 3922 1881 3980 solum
1930 3941 2054 3982 non
2103 3935 2197 3990 est

528 4020 736 4061 verum
767 4008 1238 4075 sacramentum,
1271 4005 1378 4062 sed
1401 4020 1514 4062 nec
1562 4017 2008 4069 sacramentum
2061 4018 2194 4089 qui-

528 4092 690 4162 dem,
716 4092 885 4165 quod
914 4098 1148 4150 tantum
1180 4092 1477 4167 discrepat
1505 4112 1543 4153 a
1588 4100 1856 4159 veritate.
1905 4106 2003 4159 Hae
2056 4110 2198 4163 sunt

526 4182 809 4251 rationes,
834 4196 989 4253 quas
1015 4182 1079 4237 in
1100 4197 1311 4239 eorum
1330 4184 1498 4240 libris
1532 4201 1629 4242 me
1652 4188 1951 4247 invenisse
1972 4196 2193 4267 recolo,

528 4272 586 4325 et
617 4268 695 4325 ab
725 4284 826 4325 ore
853 4269 1122 4340 ipsorum
1151 4271 1450 4328 audivisse
1479 4273 1539 4329 in
1567 4275 1988 4349 disputatione.

811 4358 1133 4426 Responsio
1160 4359 1241 4415 ad
1263 4362 1526 4418 rationes
1556 4365 1917 4425 Graecorum.

597 4443 693 4546 Ad
717 4443 978 4546 primum
1025 4445 1542 4546 igiturnobjectum
1584 4465 2024 4524 respondemus
2049 4462 2141 4518 sic
2169 4479 2183 4519 :
2216 4493 2260 4546 Ι)

527 4531 700 4596 Quod
726 4531 862 4587 fecit
883 4533 1171 4589 Dominus
1201 4536 1427 4593 Pascha
1456 4542 1723 4612 tempore
1750 4547 1807 4599 et
1851 4547 2036 4603 modo
2086 4551 2187 4606 de-

524 4619 669 4693 bito,
713 4624 822 4677 aut
856 4636 1000 4678 non.
1061 4621 1121 4678 Si
1172 4623 1394 4692 dicaut,
1440 4641 1611 4684 non:
1670 4637 1878 4690 contra
1926 4638 2184 4696 Joannes

525 4709 1008 4782 Chrysostomus,
1041 4711 1291 4767 homilia
1323 4717 1692 4786 octagesima
1732 4727 1949 4792 quarta
2006 4743 2185 4799 super

523 4798 885 4867 Matthmum,
913 4799 997 4856 ita
1020 4799 1200 4856 dicit:
1234 4822 1264 4851 «
1303 4804 1432 4859 Non
1474 4805 1635 4862 enim
1688 4808 1949 4868 Christus
1997 4798 2184 4873 trans-

522 4888 788 4956 greditur
816 4889 1061 4947 Paschaa
1087 4894 1345 4962 tempus,
1400 4892 1510 4949 sed
1563 4896 1771 4965 Judaei,
1825 4902 1929 4973 qui
1978 4907 2184 4965 omnia

522 4982 916 5065 praesumunt,
940 4978 1238 5035 Christum
1255 4982 1610 5041 conculcant
1628 4986 1860 5058 etleges
1884 5009 1899 5057 ;
1931 4994 2074 5065 quia
2093 4995 2182 5052 di-

517 5063 769 5135 ligenter
796 5066 1107 5125 fervebant
1135 5068 1355 5139 furore,
1378 5074 1436 5127 et
1468 5087 1628 5145 saepe
1671 5063 1969 5135 conantes
2001 5083 2181 5141 inter-

520 5152 711 5222 ﬁcere,
732 5170 856 5211 non
883 5156 1201 5216 valuerunt
1230 5162 1408 5215 :tunc
1439 5162 1798 5234 accipientes
1850 5167 2054 5241 ipsum
2107 5191 2179 5232 ex

518 5239 843 5336 insperato,
873 5246 1189 5304 voluerunt
1216 5248 1400 5336 etiam
1428 5251 1657 5336 Pascha
1694 5239 2010 5330 dimittere,
2067 5279 2178 5336 pro

517 5322 824 5384 homicida
847 5345 961 5421 sua
999 5332 1297 5390 voluntate
1343 5334 1671 5408 implenda.
1727 5343 1973 5418 Propter
1997 5322 2179 5421 quod

519 5417 862 5487 congregati
890 5424 1033 5477 sunt
1057 5438 1288 5492 omnes,
1313 5444 1343 5475 ››
1369 5429 1481 5484 etc.

2306 1988 2467 2045 enim
2498 1989 2790 2063 scriptum
2848 1993 3027 2049 estin
3081 1995 3286 2052 Exodo
3348 2011 3424 2051 xu
3475 1998 3713 2067 Septem
3766 1999 3992 2055 diebus

2304 2079 2731 2146 fermentatum
2761 2096 2881 2137 non
2927 2083 3244 2153 apparebit
3284 2085 3347 2139 in
3375 2085 3647 2142 domibus
3672 2089 3989 2144 vestris”.

2307 2168 2480 2233 Quod
2511 2169 2562 2225 si
2591 2168 2894 2227 credimus
2935 2172 3136 2229 verbis
3196 2175 3464 2231 Veritatis
3510 2174 3767 2232 dicentis
3797 2196 3813 2230 :
3849 2179 3988 2235 Non

2305 2258 2443 2313 veni
2465 2259 2694 2316 solvere
2721 2261 2931 2330 legem,
2958 2265 3074 2318 etc.
3091 2302 3104 2329 ,
3138 2262 3511 2321 credendum
3531 2270 3641 2333 est,
3667 2268 3724 2322 et
3755 2267 3989 2339 praedi-

2307 2346 2595 2415 candum,
2610 2350 2931 2406 Dominum
2945 2352 3149 2407 .Iesum
3162 2366 3272 2408 nec
3286 2367 3479 2409 unum
3495 2353 3637 2420 iota,
3651 2370 3769 2411 nec
3786 2372 3874 2412 un
3885 2372 3990 2412 um

2309 2437 2543 2508 apicem
2568 2437 2715 2508 legis
2740 2440 3110 2511 praeteriisse,
3143 2430 3201 2497 et
3222 2446 3289 2499 ut
3336 2442 3517 2499 totius
3546 2447 3993 2515 transgressio-

2307 2525 2401 2583 nis
2424 2526 2780 2597 immunem,
2806 2528 3028 2585 dixisse
3054 2530 3505 2588 insidiatoribus
3535 2533 3658 2589 suis
3683 2550 3696 2588 ε
3731 2536 3892 2603 Quis
3916 2552 3993 2591 es:

2310 2617 2473 2673 vobis
2500 2622 2708 2688 arguet
2730 2631 2823 2675 me
2841 2618 2913 2675 de
2938 2622 3297 2688 peeccato'“?
3323 2619 3549 2695 alioqui
3577 2638 3689 2679 nec
3717 2630 3991 2697 peccata

2308 2705 2638 2764 multorum
2666 2707 2911 2779 tulisset,
2940 2722 3053 2764 nec
3078 2724 3190 2782 pro
3218 2712 3762 2781 transgressoribus
3808 2730 3990 2770 oras-

2310 2802 2402 2852 set
2429 2802 2495 2853 ut
2521 2813 2646 2854 non
2676 2799 2955 2870 perirent,
2976 2814 3088 2856 nec
3112 2814 3223 2872 pro
3245 2801 3414 2857 nobis
3439 2816 3677 2873 passus,
3706 2803 3825 2860 sed
3870 2821 3987 2877 pro

2311 2901 2423 2942 sua
2450 2888 2949 2958 praevaricatione
2961 2890 3127 2957 juste
3148 2891 3398 2957 punitus
3421 2891 3471 2926 ⁷³
3528 2890 3761 2961 fuisset,
3823 2909 3986 2967 prae-

2309 2975 2513 3032 sertim
2534 2975 2701 3048 quod
2724 2991 2847 3032 non
2873 2976 3065 3033 solum
3096 2982 3503 3049 transgressor
3519 2979 3667 3051 legis
3687 2981 3986 3039 inventus

2303 3069 2461 3120 esset
2479 3064 2771 3123 fermento
2797 3069 2935 3121 tunc
2954 3066 3121 3139 apud
3147 3083 3209 3123 se
3236 3074 3505 3141 reperto;
3569 3070 3677 3126 sed
3717 3071 3986 3145 insuper

2648 3154 2877 3227 cipulas
2892 3171 3027 3211 reos
3051 3158 3260 3213 mortis
3283 3158 3593 3225 effecisset,
3622 3160 3848 3217 cibans
3874 3178 3983 3219 eos

2299 3243 2674 3311 fermentata,
2707 3248 2763 3301 et
2785 3244 2847 3300 in
2875 3244 3156 3316 injuriam
3181 3246 3399 3305 divina:
3419 3248 3605 3320 legis;
3637 3250 3815 3322 quod
3881 3256 3978 3308 est

2299 3332 2691 3405 impossibile.
2722 3354 2751 3382 »

2373 3422 2537 3479 Unde
2562 3438 2840 3495 quamvxs
2875 3424 3173 3498 principes
3195 3427 3575 3484 sacerdotum
3632 3428 3871 3486 falsum
3894 3436 3977 3488 te-

2300 3512 2649 3568 stimonium
2662 3512 3018 3584 quaesissent
3030 3514 3105 3570 ad
3116 3530 3320 3571 versus
3334 3532 3493 3583 eum,
3509 3521 3574 3572 ut
3611 3533 3756 3574 eum
3788 3521 3976 3577 morti

2300 3602 2620 3664 traderent,
2635 3602 2868 3657 nullum
2880 3606 3085 3661 tamen
3097 3604 3211 3661 tale
3238 3606 3383 3677 quid
3399 3606 3771 3679 objecerunt,
3788 3612 3976 3681 quale

2303 3693 2486 3748 Graeci
2510 3707 2671 3747 nunc
2700 3691 3004 3763 objiciunt.
3029 3694 3200 3759 Quod
3221 3694 3271 3750 si
3294 3694 3503 3752 fuisset
3536 3696 3979 3769 objectum,so-

2301 3779 2428 3837 lum
2458 3780 2789 3837 suffecisset
2813 3781 2891 3837 ad
2912 3781 3284 3854 perdendum
3319 3798 3479 3841 enm.
3514 3788 3627 3841 Nec
3658 3787 3856 3844 Pilato
3891 3788 3977 3844 di-

2303 3884 2407 3924 cen
2418 3873 2469 3924 te
2491 3870 2565 3925 :A
2576 3870 2787 3939 ccipite
2797 3884 2929 3925 eum
2942 3886 3061 3941 vos,
3078 3877 3132 3927 et
3142 3874 3470 3929 secundum
3486 3875 3667 3944 legem
3700 3883 3975 3933 vestram

2294 3959 2571 4028 judicate
2591 3974 2744 4025 eum,
2766 3957 3097 4016 dixissent:
3115 3961 3251 4016 Νοη
3274 3962 3411 4017 licet
3432 3963 3599 4019 nobis
3626 3965 3979 4033 interﬁcere

2307 4061 2656 4118 quemquam
2679 4048 2750 4113 ⁷³,
2773 4047 2917 4119 quia
2937 4048 3053 4119 ipsi
3082 4053 3386 4121 praecepto
3434 4051 3582 4119 legis
3625 4051 3975 4110 interfecis-

2306 4141 2438 4191 sent
2458 4136 2796 4192 fermentati
2811 4136 3182 4209 participem,
3202 4138 3564 4196 etdixissent
3590 4158 3603 4197 :
3622 4142 3750 4197 Nos
3776 4145 3971 4215 legem

2306 4225 2611 4289 habemus,
2636 4232 2689 4282 et
2710 4226 3035 4282 secundum
3085 4228 3270 4298 legem
3318 4229 3487 4285 debet
3530 4232 3779 4297 mori",
3820 4233 3973 4304 quia

2218 4324 2229 4347 ι’
2302 4313 2723 4370 fermentatum
2736 4314 2995 4371 comedit
3006 4316 3065 4371 in
3080 4317 3325 4383 Pascha,
3342 4322 3446 4374 aut
3457 4323 3611 4375 certe
3623 4320 3795 4391 apud
3818 4337 3967 4379 eum

2296 4403 2595 4476 apparuit.

2369 4493 2483 4549 Sed
2507 4494 2656 4550 forte
2676 4493 2819 4550 dicit
2843 4495 3269 4554 GraecuszNon
3318 4496 3378 4552 in
3408 4497 3672 4570 publica,
3730 4500 3839 4557 sed
3896 4502 3958 4557 in

2293 4581 2521 4638 occulto
2542 4582 2657 4638 hoc
2683 4581 2821 4652 egit.
2853 4582 3052 4639 Absit!
3079 4585 3230 4649 Quia
3250 4600 3371 4640 non
3426 4586 3625 4642 solum
3668 4586 3746 4642 de
3776 4588 3955 4645 factis

2292 4671 2435 4737 suis,
2462 4671 2568 4726 sed
2588 4671 2769 4727 etiam
2795 4671 2869 4728 de
2892 4671 3065 4728 dictis
3115 4673 3195 4729 ait
3215 4674 3331 4746 ipsi
3364 4690 3607 4731 summa
3637 4677 3950 4746 pontiﬁci:

2288 4760 2418 4829 Ego
2426 4761 2629 4829 palam
2656 4761 2887 4825 locutus
2901 4777 3033 4817 sum
3055 4763 3298 4829 mundo,
3320 4769 3373 4820 et
3400 4766 3466 4820 in
3488 4764 3840 4822 abscondito
3866 4768 3955 4822 lo-

2290 4854 2460 4905 cutus
2476 4864 2606 4905 sum
2622 4849 2802 4905 nihil.
2823 4850 2981 4917 Qnid
2994 4867 3087 4907 me
3118 4853 3461 4924 interrogas
3476 4858 3504 4909 ?
3518 4855 3829 4926 interroga
3851 4872 3951 4913 eos

2289 4939 2396 5010 qui
2418 4940 2740 4995 audierunt
2758 4941 2948 4996 75.Sed
2983 4941 3165 4997 etiam
3180 4943 3483 5016 numquid
3494 4944 3816 5003 dominum
3833 4947 3950 5004 do-

2287 5042 2446 5094 mus,
2468 5027 2529 5082 in
2553 5044 2678 5101 qua
2702 5029 2933 5085 Pascha
2962 5030 3305 5095 celebravit,
3334 5032 3555 5089 latuit?
3586 5038 3689 5090 aut
3717 5040 3878 5093 certe
3899 5037 3951 5093 si

2285 5115 2417 5187 ipse
2447 5115 2768 5181 consensit,
2800 5117 3100 5190 numquid
3120 5119 3405 5179 etJudam
3424 5121 3784 5193 complicem
3816 5141 3950 5182 ma-

2286 5203 2585 5273 lignorum
2620 5204 2802 5261 latere
2842 5206 3073 5277 potuit?
3109 5208 3213 5281 qui
3253 5208 3419 5277 iuxta
3457 5210 3790 5267 Psalmistee
3830 5229 3948 5269 vo-

2286 5307 2449 5347 cem:
2473 5292 2618 5348 Dux
2639 5308 2799 5349 meus
2820 5300 2876 5349 et
2905 5299 3080 5349 notus
3100 5311 3259 5351 meus
3284 5299 3602 5353 vocatur"
3626 5316 3639 5367 ;
3687 5314 3945 5371 praeser-

2284 5381 2391 5439 tim
2421 5396 2559 5437 cum
2580 5381 2756 5439 fuerit
2776 5382 3179 5455 dispensator,
3201 5400 3385 5458 quem
3408 5387 3698 5443 Dominus
3718 5387 3942 5447 dilecto

589 5548 713 5641 “~33
737 5546 1087 5641 {oens-3n.»
1120 5554 1295 5641 1:1”
1327 5553 1477 5641 less
1532 5573 1690 5627 κνιιιν
1749 5561 1872 5641 28--
1896 5563 1946 5641 εδ
1977 5565 2179 5641 Matth.

2366 5574 2454 5628 l7.
2494 5572 2542 5606 ‘9
2576 5570 2597 5625 Ι
2644 5572 2775 5628 Cor.
2807 5588 2870 5639 ιι,
2908 5576 2992 5641 18,
3024 5575 3075 5609 το
3099 5573 3283 5631 Exod.
3313 5590 3416 5641 xu,
3449 5578 3539 5633 20.
3574 5577 3620 5611 ⁷¹
3654 5578 3805 5633 Joan
3835 5594 3935 5634 vni

514 5619 606 5677 46.
664 5620 709 5657 τι
740 5618 851 5682 Isa.
882 5638 1001 5690 Lm,
1035 5618 1081 5682 1'
1115 5635 1285 5696 seqq.
1329 5623 1572 5686 "Joan.
1634 5618 1791 5703 xinu,
1847 5636 1940 5691 31.
1978 5618 2526 5709 ⁷τι”3ἵάιι.”χιὲξ’7.
2575 5618 3033 5713 ῖεᾶὄέὶιῖᾝιῖἰι,
3088 5618 3603 5713 Ξοῖ”ἓ’ίῗ’θέῐιέὲ1.
3654 5618 3805 5720 ἶὶἰῗῗ
3828 5618 3923 5707 ι’ἕξ
