  <div class='ocr_page' id='page_1' title='image "/cluster/home/n/w/nwhite01/storage/ocr_20150623/140/pst.000005714568/302.png"; bbox 0 0 4020 6310; ppageno 0'>
   <div class='ocr_carea' id='block_1_1' title="bbox 67 308 3500 387">
    <p class='ocr_par' dir='ltr' id='par_1_1' title="bbox 67 308 3500 387">
     <span class='ocr_line' id='line_1_1' title="bbox 67 308 3500 387; baseline 0.003 -9"><span class='ocrx_word' id='word_1_1' title='bbox 67 321 164 378; x_wconf 73' lang='lat'>521</span> <span class='ocrx_word' id='word_1_2' title='bbox 1476 319 1756 380; x_wconf 79' lang='lat' dir='ltr'>CONTRA</span> <span class='ocrx_word' id='word_1_3' title='bbox 1785 308 2113 380; x_wconf 67' lang='lat' dir='ltr'>omnes.</span> <span class='ocrx_word' id='word_1_4' title='bbox 3395 324 3500 387; x_wconf 77' lang='lat'>5&#39;22</span> 
     </span>
    </p>
   </div>
   <div class='ocr_carea' id='block_1_2' title="bbox 70 433 3501 526">
    <p class='ocr_par' dir='ltr' id='par_1_2' title="bbox 70 433 3501 526">
     <span class='ocr_line' id='line_1_2' title="bbox 70 433 3501 526; baseline 0.003 -25"><span class='ocrx_word' id='word_1_5' title='bbox 70 461 176 502; x_wconf 85' lang='lat' dir='ltr'>suo</span> <span class='ocrx_word' id='word_1_6' title='bbox 193 445 430 503; x_wconf 76' lang='lat' dir='ltr'>Joanni</span> <span class='ocrx_word' id='word_1_7' title='bbox 449 445 876 506; x_wconf 79' lang='lat' dir='ltr'>demonstrans</span> <span class='ocrx_word' id='word_1_8' title='bbox 892 446 1005 505; x_wconf 85' lang='lat' dir='ltr'>ait:</span> <span class='ocrx_word' id='word_1_9' title='bbox 1026 446 1159 518; x_wconf 88' lang='lat' dir='ltr'>Ipse</span> <span class='ocrx_word' id='word_1_10' title='bbox 1173 452 1280 517; x_wconf 90' lang='lat' dir='ltr'>est,</span> <span class='ocrx_word' id='word_1_11' title='bbox 1303 446 1402 502; x_wconf 88' lang='lat' dir='ltr'>cui</span> <span class='ocrx_word' id='word_1_12' title='bbox 1419 446 1741 504; x_wconf 75' lang='lat' dir='ltr'>intinctam</span> <span class='ocrx_word' id='word_1_13' title='bbox 1771 446 1822 502; x_wconf 85' lang='lat' dir='ltr'><strong>A</strong></span> <span class='ocrx_word' id='word_1_14' title='bbox 1850 462 2116 520; x_wconf 86' lang='lat' dir='ltr'>azymos.</span> <span class='ocrx_word' id='word_1_15' title='bbox 2157 433 2340 516; x_wconf 81' lang='lat' dir='ltr'>Unde,</span> <span class='ocrx_word' id='word_1_16' title='bbox 2388 439 2524 505; x_wconf 89' lang='lat' dir='ltr'>licet</span> <span class='ocrx_word' id='word_1_17' title='bbox 2579 435 2870 504; x_wconf 87' lang='lat' dir='ltr'>Dominus</span> <span class='ocrx_word' id='word_1_18' title='bbox 2923 447 3136 509; x_wconf 83' lang='lat' dir='ltr'>dixerit</span> <span class='ocrx_word' id='word_1_19' title='bbox 3191 447 3501 526; x_wconf 87' lang='lat' dir='ltr'>discipulis</span> 
     </span>
    </p>
   </div>
   <div class='ocr_carea' id='block_1_3' title="bbox 69 536 3498 612">
    <p class='ocr_par' dir='ltr' id='par_1_3' title="bbox 69 536 3498 612">
     <span class='ocr_line' id='line_1_3' title="bbox 69 536 3498 612; baseline 0.002 -21"><span class='ocrx_word' id='word_1_20' title='bbox 69 550 294 604; x_wconf 81' lang='lat' dir='ltr'>panem</span> <span class='ocrx_word' id='word_1_21' title='bbox 304 539 700 605; x_wconf 69' lang='lat' dir='ltr'>perrexere&quot;</span> <span class='ocrx_word' id='word_1_22' title='bbox 725 537 974 606; x_wconf 81' lang='lat' dir='ltr'>;et:Qui</span> <span class='ocrx_word' id='word_1_23' title='bbox 994 546 1222 593; x_wconf 82' lang='lat' dir='ltr'>mecum</span> <span class='ocrx_word' id='word_1_24' title='bbox 1236 536 1480 607; x_wconf 84' lang='lat' dir='ltr'>intingit</span> <span class='ocrx_word' id='word_1_25' title='bbox 1496 552 1743 593; x_wconf 88' lang='lat' dir='ltr'>manum</span> <span class='ocrx_word' id='word_1_26' title='bbox 1852 538 2014 593; x_wconf 90' lang='lat' dir='ltr'>suis:</span> <span class='ocrx_word' id='word_1_27' title='bbox 2042 537 2224 594; x_wconf 79' lang='lat' dir='ltr'>Scitis</span> <span class='ocrx_word' id='word_1_28' title='bbox 2254 536 2396 608; x_wconf 87' lang='lat' dir='ltr'>quia</span> <span class='ocrx_word' id='word_1_29' title='bbox 2413 543 2547 607; x_wconf 87' lang='lat' dir='ltr'>post</span> <span class='ocrx_word' id='word_1_30' title='bbox 2583 537 2827 594; x_wconf 77' lang='lat' dir='ltr'>biduum</span> <span class='ocrx_word' id='word_1_31' title='bbox 2859 536 3104 596; x_wconf 80' lang='lat' dir='ltr'><em>Pascha</em></span> <span class='ocrx_word' id='word_1_32' title='bbox 3125 541 3229 609; x_wconf 82' lang='lat' dir='ltr'>ﬁet</span> <span class='ocrx_word' id='word_1_33' title='bbox 3262 543 3330 611; x_wconf 82' lang='grc'>⁸⁸,</span> <span class='ocrx_word' id='word_1_34' title='bbox 3363 547 3498 612; x_wconf 88' lang='lat' dir='ltr'>etc.,</span> 
     </span>
    </p>
   </div>
   <div class='ocr_carea' id='block_1_4' title="bbox 71 625 3504 705">
    <p class='ocr_par' dir='ltr' id='par_1_4' title="bbox 71 625 3504 705">
     <span class='ocr_line' id='line_1_4' title="bbox 71 625 3504 705; baseline 0.003 -26"><span class='ocrx_word' id='word_1_35' title='bbox 71 625 129 679; x_wconf 87' lang='lat' dir='ltr'>in</span> <span class='ocrx_word' id='word_1_36' title='bbox 155 626 522 696; x_wconf 78' lang='lat' dir='ltr'>paropside,</span> <span class='ocrx_word' id='word_1_37' title='bbox 551 627 650 683; x_wconf 83' lang='lat' dir='ltr'>hic</span> <span class='ocrx_word' id='word_1_38' title='bbox 676 641 766 683; x_wconf 86' lang='lat' dir='ltr'>me</span> <span class='ocrx_word' id='word_1_39' title='bbox 807 627 1004 683; x_wconf 80' lang='lat' dir='ltr'>tradet</span> <span class='ocrx_word' id='word_1_40' title='bbox 1029 627 1094 680; x_wconf 79' lang='grc'>⁷⁸.</span> <span class='ocrx_word' id='word_1_41' title='bbox 1126 625 1295 692; x_wconf 89' lang='lat' dir='ltr'>Quod</span> <span class='ocrx_word' id='word_1_42' title='bbox 1317 626 1364 681; x_wconf 90' lang='lat' dir='ltr'>si</span> <span class='ocrx_word' id='word_1_43' title='bbox 1381 626 1464 682; x_wconf 89' lang='lat' dir='ltr'>ita</span> <span class='ocrx_word' id='word_1_44' title='bbox 1479 630 1588 694; x_wconf 90' lang='lat' dir='ltr'>est,</span> <span class='ocrx_word' id='word_1_45' title='bbox 1607 641 1744 699; x_wconf 74' lang='lat' dir='ltr'>quae</span> <span class='ocrx_word' id='word_1_46' title='bbox 1852 626 2160 683; x_wconf 70' lang='lat' dir='ltr'>Matthaeus</span> <span class='ocrx_word' id='word_1_47' title='bbox 2186 629 2388 682; x_wconf 89' lang='lat' dir='ltr'>tamen</span> <span class='ocrx_word' id='word_1_48' title='bbox 2414 626 2604 698; x_wconf 84' lang='lat' dir='ltr'>ipsius</span> <span class='ocrx_word' id='word_1_49' title='bbox 2632 626 2769 693; x_wconf 91' lang='lat' dir='ltr'>diei,</span> <span class='ocrx_word' id='word_1_50' title='bbox 2796 626 2858 683; x_wconf 91' lang='lat' dir='ltr'>in</span> <span class='ocrx_word' id='word_1_51' title='bbox 2878 631 3050 699; x_wconf 85' lang='lat' dir='ltr'>cujus</span> <span class='ocrx_word' id='word_1_52' title='bbox 3078 644 3352 703; x_wconf 89' lang='lat' dir='ltr'>vespera,</span> <span class='ocrx_word' id='word_1_53' title='bbox 3379 648 3504 705; x_wconf 88' lang='lat' dir='ltr'>qua.</span> 
     </span>
    </p>
   </div>
   <div class='ocr_carea' id='block_1_5' title="bbox 67 715 3504 786">
    <p class='ocr_par' dir='ltr' id='par_1_5' title="bbox 67 715 3504 786">
     <span class='ocr_line' id='line_1_5' title="bbox 67 715 3504 786; baseline 0.004 -19"><span class='ocrx_word' id='word_1_54' title='bbox 67 731 158 768; x_wconf 85' lang='lat' dir='ltr'>res</span> <span class='ocrx_word' id='word_1_55' title='bbox 190 715 521 786; x_wconf 77' lang='lat' dir='ltr'>prohibuit</span> <span class='ocrx_word' id='word_1_56' title='bbox 544 715 841 773; x_wconf 79' lang='lat' dir='ltr'>infelicem</span> <span class='ocrx_word' id='word_1_57' title='bbox 865 718 896 772; x_wconf 91' lang='lat' dir='ltr'><strong>J</strong></span> <span class='ocrx_word' id='word_1_58' title='bbox 905 716 1108 782; x_wconf 89' lang='lat' dir='ltr'>udam,</span> <span class='ocrx_word' id='word_1_59' title='bbox 1143 715 1218 770; x_wconf 91' lang='lat' dir='ltr'>de</span> <span class='ocrx_word' id='word_1_60' title='bbox 1249 720 1583 772; x_wconf 89' lang='lat' dir='ltr'>memorato</span> <span class='ocrx_word' id='word_1_61' title='bbox 1631 717 1744 772; x_wconf 86' lang='lat' dir='ltr'>fer-</span> <span class='ocrx_word' id='word_1_62' title='bbox 1853 715 2080 772; x_wconf 85' lang='lat' dir='ltr'>Pascha</span> <span class='ocrx_word' id='word_1_63' title='bbox 2107 715 2313 783; x_wconf 85' lang='lat' dir='ltr'>ﬁebat,</span> <span class='ocrx_word' id='word_1_64' title='bbox 2340 717 2705 773; x_wconf 89' lang='lat' dir='ltr'>mentionem</span> <span class='ocrx_word' id='word_1_65' title='bbox 2737 717 2962 773; x_wconf 84' lang='lat' dir='ltr'>faciens</span> <span class='ocrx_word' id='word_1_66' title='bbox 2997 718 3114 774; x_wconf 86' lang='lat' dir='ltr'>ait:</span> <span class='ocrx_word' id='word_1_67' title='bbox 3163 720 3360 778; x_wconf 86' lang='lat' dir='ltr'>Primo</span> <span class='ocrx_word' id='word_1_68' title='bbox 3407 725 3504 780; x_wconf 89' lang='lat' dir='ltr'>die</span> 
     </span>
    </p>
   </div>
   <div class='ocr_carea' id='block_1_6' title="bbox 68 803 3502 879">
    <p class='ocr_par' dir='ltr' id='par_1_6' title="bbox 68 803 3502 879">
     <span class='ocr_line' id='line_1_6' title="bbox 68 803 3502 879; baseline 0.003 -21"><span class='ocrx_word' id='word_1_69' title='bbox 68 809 278 859; x_wconf 87' lang='lat' dir='ltr'>menta</span> <span class='ocrx_word' id='word_1_70' title='bbox 289 808 354 861; x_wconf 91' lang='lat' dir='ltr'>to</span> <span class='ocrx_word' id='word_1_71' title='bbox 369 803 573 878; x_wconf 90' lang='lat' dir='ltr'>ipsum</span> <span class='ocrx_word' id='word_1_72' title='bbox 593 805 847 878; x_wconf 83' lang='lat' dir='ltr'>prodere</span> <span class='ocrx_word' id='word_1_73' title='bbox 865 805 1227 875; x_wconf 85' lang='lat' dir='ltr'>sanguinem</span> <span class='ocrx_word' id='word_1_74' title='bbox 1251 806 1485 879; x_wconf 89' lang='lat' dir='ltr'>justum</span> <span class='ocrx_word' id='word_1_75' title='bbox 1515 805 1740 878; x_wconf 86' lang='lat' dir='ltr'>palam,</span> <span class='ocrx_word' id='word_1_76' title='bbox 1851 819 2196 875; x_wconf 79' lang='lat' dir='ltr'>azymorum</span> <span class='ocrx_word' id='word_1_77' title='bbox 2211 811 2582 862; x_wconf 86' lang='lat' dir='ltr'>accesserunt</span> <span class='ocrx_word' id='word_1_78' title='bbox 2607 807 2892 874; x_wconf 75' lang='lat' dir='ltr'>discipuli</span> <span class='ocrx_word' id='word_1_79' title='bbox 2910 807 2980 874; x_wconf 69' lang='grc'>⁸9,</span> <span class='ocrx_word' id='word_1_80' title='bbox 3000 811 3108 863; x_wconf 87' lang='lat' dir='ltr'>etc.</span> <span class='ocrx_word' id='word_1_81' title='bbox 3133 809 3236 864; x_wconf 87' lang='lat' dir='ltr'>Cui</span> <span class='ocrx_word' id='word_1_82' title='bbox 3257 825 3502 867; x_wconf 90' lang='lat' dir='ltr'>concor-</span> 
     </span>
    </p>
   </div>
   <div class='ocr_carea' id='block_1_7' title="bbox 69 891 3502 968">
    <p class='ocr_par' dir='ltr' id='par_1_7' title="bbox 69 891 3502 968">
     <span class='ocr_line' id='line_1_7' title="bbox 69 891 3502 968; baseline 0.002 -20"><span class='ocrx_word' id='word_1_83' title='bbox 69 909 257 966; x_wconf 84' lang='lat' dir='ltr'>quem</span> <span class='ocrx_word' id='word_1_84' title='bbox 282 895 581 951; x_wconf 91' lang='lat' dir='ltr'>omnibus</span> <span class='ocrx_word' id='word_1_85' title='bbox 600 894 794 951; x_wconf 92' lang='lat' dir='ltr'>modis</span> <span class='ocrx_word' id='word_1_86' title='bbox 816 894 1127 968; x_wconf 76' lang='lat' dir='ltr'>quaerebat</span> <span class='ocrx_word' id='word_1_87' title='bbox 1142 895 1395 967; x_wconf 86' lang='lat' dir='ltr'>prodere</span> <span class='ocrx_word' id='word_1_88' title='bbox 1417 894 1618 950; x_wconf 88' lang='lat' dir='ltr'>clam?</span> <span class='ocrx_word' id='word_1_89' title='bbox 1641 898 1746 951; x_wconf 88' lang='lat' dir='ltr'>aut</span> <span class='ocrx_word' id='word_1_90' title='bbox 1850 891 2004 948; x_wconf 88' lang='lat' dir='ltr'>dans</span> <span class='ocrx_word' id='word_1_91' title='bbox 2031 895 2258 948; x_wconf 78' lang='lat' dir='ltr'>Marcus</span> <span class='ocrx_word' id='word_1_92' title='bbox 2290 893 2407 950; x_wconf 86' lang='lat' dir='ltr'>ait:</span> <span class='ocrx_word' id='word_1_93' title='bbox 2447 895 2597 950; x_wconf 86' lang='lat' dir='ltr'>Erat</span> <span class='ocrx_word' id='word_1_94' title='bbox 2643 900 2838 950; x_wconf 88' lang='lat' dir='ltr'>autem</span> <span class='ocrx_word' id='word_1_95' title='bbox 2891 895 3126 952; x_wconf 83' lang='lat' dir='ltr'>Pascha</span> <span class='ocrx_word' id='word_1_96' title='bbox 3191 903 3244 952; x_wconf 86' lang='lat' dir='ltr'>et</span> <span class='ocrx_word' id='word_1_97' title='bbox 3285 913 3502 968; x_wconf 78' lang='lat' dir='ltr'>azyma</span> 
     </span>
    </p>
   </div>
   <div class='ocr_carea' id='block_1_8' title="bbox 67 981 1742 1055">
    <p class='ocr_par' dir='ltr' id='par_1_8' title="bbox 67 981 1742 1055">
     <span class='ocr_line' id='line_1_8' title="bbox 67 981 1742 1055; baseline 0.001 -18"><span class='ocrx_word' id='word_1_98' title='bbox 67 981 215 1055; x_wconf 86' lang='lat' dir='ltr'>quid</span> <span class='ocrx_word' id='word_1_99' title='bbox 236 998 500 1040; x_wconf 89' lang='lat' dir='ltr'>necesse</span> <span class='ocrx_word' id='word_1_100' title='bbox 520 983 732 1040; x_wconf 88' lang='lat' dir='ltr'>habuit</span> <span class='ocrx_word' id='word_1_101' title='bbox 756 983 952 1040; x_wconf 89' lang='lat' dir='ltr'>dicere</span> <span class='ocrx_word' id='word_1_102' title='bbox 977 1001 989 1038; x_wconf 91' lang='lat'>:</span> <span class='ocrx_word' id='word_1_103' title='bbox 1030 985 1287 1041; x_wconf 87' lang='lat' dir='ltr'>Peccavi</span> <span class='ocrx_word' id='word_1_104' title='bbox 1338 984 1581 1040; x_wconf 84' lang='lat' dir='ltr'>tradens</span> <span class='ocrx_word' id='word_1_105' title='bbox 1607 997 1742 1039; x_wconf 89' lang='lat' dir='ltr'>san-</span> 
     </span>
    </p>
   </div>
   <div class='ocr_carea' id='block_1_9' title="bbox 67 1072 1741 1144">
    <p class='ocr_par' dir='ltr' id='par_1_9' title="bbox 67 1072 1741 1144">
     <span class='ocr_line' id='line_1_9' title="bbox 67 1072 1741 1144; baseline 0 -18"><span class='ocrx_word' id='word_1_106' title='bbox 67 1075 324 1140; x_wconf 82' lang='lat' dir='ltr'>guinem</span> <span class='ocrx_word' id='word_1_107' title='bbox 344 1072 580 1144; x_wconf 88' lang='lat' dir='ltr'>justum</span> <span class='ocrx_word' id='word_1_108' title='bbox 607 1074 656 1108; x_wconf 69' lang='lat'>79</span> <span class='ocrx_word' id='word_1_109' title='bbox 677 1090 690 1140; x_wconf 90' lang='lat'><strong>;</strong></span> <span class='ocrx_word' id='word_1_110' title='bbox 715 1089 854 1129; x_wconf 91' lang='lat' dir='ltr'>cum</span> <span class='ocrx_word' id='word_1_111' title='bbox 885 1072 1179 1129; x_wconf 91' lang='lat' dir='ltr'>tradendo</span> <span class='ocrx_word' id='word_1_112' title='bbox 1235 1079 1741 1143; x_wconf 89' lang='lat' dir='ltr'>transgressorem</span> 
     </span>
    </p>
   </div>
   <div class='ocr_carea' id='block_1_10' title="bbox 64 1159 1744 1235">
    <p class='ocr_par' dir='ltr' id='par_1_10' title="bbox 64 1159 1744 1235">
     <span class='ocr_line' id='line_1_10' title="bbox 64 1159 1744 1235; baseline 0.002 -21"><span class='ocrx_word' id='word_1_113' title='bbox 64 1159 240 1230; x_wconf 84' lang='lat' dir='ltr'>legis,</span> <span class='ocrx_word' id='word_1_114' title='bbox 280 1161 559 1218; x_wconf 87' lang='lat' dir='ltr'>avertita</span> <span class='ocrx_word' id='word_1_115' title='bbox 592 1177 653 1216; x_wconf 91' lang='lat' dir='ltr'>se</span> <span class='ocrx_word' id='word_1_116' title='bbox 684 1165 741 1219; x_wconf 89' lang='lat' dir='ltr'>et</span> <span class='ocrx_word' id='word_1_117' title='bbox 768 1179 803 1218; x_wconf 89' lang='lat' dir='ltr'>a</span> <span class='ocrx_word' id='word_1_118' title='bbox 833 1162 1060 1235; x_wconf 93' lang='lat' dir='ltr'>populo</span> <span class='ocrx_word' id='word_1_119' title='bbox 1099 1162 1366 1223; x_wconf 76' lang='lat' dir='ltr'>furorem</span> <span class='ocrx_word' id='word_1_120' title='bbox 1398 1160 1651 1232; x_wconf 88' lang='lat' dir='ltr'>Domini,</span> <span class='ocrx_word' id='word_1_121' title='bbox 1686 1163 1744 1217; x_wconf 88' lang='lat' dir='ltr'>et</span> 
     </span>
    </p>
   </div>
   <div class='ocr_carea' id='block_1_11' title="bbox 69 1249 1741 1323">
    <p class='ocr_par' dir='ltr' id='par_1_11' title="bbox 69 1249 1741 1323">
     <span class='ocr_line' id='line_1_11' title="bbox 69 1249 1741 1323; baseline 0 -18"><span class='ocrx_word' id='word_1_122' title='bbox 69 1249 346 1319; x_wconf 90' lang='lat' dir='ltr'>gratiam</span> <span class='ocrx_word' id='word_1_123' title='bbox 393 1251 778 1322; x_wconf 81' lang='lat' dir='ltr'>promeruit?</span> <span class='ocrx_word' id='word_1_124' title='bbox 833 1251 994 1309; x_wconf 91' lang='lat' dir='ltr'>Sicut</span> <span class='ocrx_word' id='word_1_125' title='bbox 1041 1252 1201 1307; x_wconf 90' lang='lat' dir='ltr'>enim</span> <span class='ocrx_word' id='word_1_126' title='bbox 1250 1251 1536 1323; x_wconf 89' lang='lat' dir='ltr'>scriptum</span> <span class='ocrx_word' id='word_1_127' title='bbox 1567 1250 1741 1306; x_wconf 83' lang='lat' dir='ltr'>estin</span> 
     </span>
    </p>
   </div>
   <div class='ocr_carea' id='block_1_12' title="bbox 69 1337 1738 1412">
    <p class='ocr_par' dir='ltr' id='par_1_12' title="bbox 69 1337 1738 1412">
     <span class='ocr_line' id='line_1_12' title="bbox 69 1337 1738 1412; baseline 0.001 -21"><span class='ocrx_word' id='word_1_128' title='bbox 69 1337 557 1395; x_wconf 89' lang='lat' dir='ltr'>Deuteronomio</span> <span class='ocrx_word' id='word_1_129' title='bbox 575 1357 586 1394; x_wconf 92' lang='lat'>:</span> <span class='ocrx_word' id='word_1_130' title='bbox 605 1341 673 1396; x_wconf 90' lang='lat' dir='ltr'>Si</span> <span class='ocrx_word' id='word_1_131' title='bbox 683 1340 978 1409; x_wconf 82' lang='lat' dir='ltr'>propheta</span> <span class='ocrx_word' id='word_1_132' title='bbox 995 1340 1264 1412; x_wconf 80' lang='lat' dir='ltr'>quilibet,</span> <span class='ocrx_word' id='word_1_133' title='bbox 1287 1340 1567 1407; x_wconf 75' lang='lat' dir='ltr'>aut/ilius</span> <span class='ocrx_word' id='word_1_134' title='bbox 1580 1344 1738 1406; x_wconf 89' lang='lat' dir='ltr'>tuus,</span> 
     </span>
    </p>
   </div>
   <div class='ocr_carea' id='block_1_13' title="bbox 71 1428 1744 1501">
    <p class='ocr_par' dir='ltr' id='par_1_13' title="bbox 71 1428 1744 1501">
     <span class='ocr_line' id='line_1_13' title="bbox 71 1428 1744 1501; baseline 0.001 -18"><span class='ocrx_word' id='word_1_135' title='bbox 71 1433 171 1483; x_wconf 87' lang='lat' dir='ltr'>aut</span> <span class='ocrx_word' id='word_1_136' title='bbox 202 1428 377 1498; x_wconf 76' lang='lat' dir='ltr'>ﬁlia,</span> <span class='ocrx_word' id='word_1_137' title='bbox 407 1443 510 1485; x_wconf 88' lang='lat' dir='ltr'>seu</span> <span class='ocrx_word' id='word_1_138' title='bbox 539 1444 719 1498; x_wconf 66' lang='lat' dir='ltr'>uxor,</span> <span class='ocrx_word' id='word_1_139' title='bbox 754 1435 810 1485; x_wconf 88' lang='lat' dir='ltr'>et</span> <span class='ocrx_word' id='word_1_140' title='bbox 831 1430 1061 1487; x_wconf 88' lang='lat' dir='ltr'>amicus</span> <span class='ocrx_word' id='word_1_141' title='bbox 1080 1444 1252 1501; x_wconf 88' lang='lat' dir='ltr'>quem</span> <span class='ocrx_word' id='word_1_142' title='bbox 1291 1429 1493 1499; x_wconf 82' lang='lat' dir='ltr'>diligis</span> <span class='ocrx_word' id='word_1_143' title='bbox 1521 1434 1589 1484; x_wconf 90' lang='lat' dir='ltr'>ut</span> <span class='ocrx_word' id='word_1_144' title='bbox 1615 1429 1744 1484; x_wconf 88' lang='lat' dir='ltr'>ani-</span> 
     </span>
    </p>
   </div>
   <div class='ocr_carea' id='block_1_14' title="bbox 69 1518 1741 1589">
    <p class='ocr_par' dir='ltr' id='par_1_14' title="bbox 69 1518 1741 1589">
     <span class='ocr_line' id='line_1_14' title="bbox 69 1518 1741 1589; baseline 0.002 -18"><span class='ocrx_word' id='word_1_145' title='bbox 69 1533 227 1573; x_wconf 85' lang='lat' dir='ltr'>mam</span> <span class='ocrx_word' id='word_1_146' title='bbox 255 1525 459 1584; x_wconf 84' lang='lat' dir='ltr'>tuam,</span> <span class='ocrx_word' id='word_1_147' title='bbox 477 1520 710 1575; x_wconf 84' lang='lat' dir='ltr'>voluere</span> <span class='ocrx_word' id='word_1_148' title='bbox 721 1520 875 1576; x_wconf 90' lang='lat' dir='ltr'>clam</span> <span class='ocrx_word' id='word_1_149' title='bbox 890 1519 1252 1589; x_wconf 76' lang='lat' dir='ltr'>persuadere</span> <span class='ocrx_word' id='word_1_150' title='bbox 1275 1518 1401 1589; x_wconf 86' lang='lat' dir='ltr'>tibi,</span> <span class='ocrx_word' id='word_1_151' title='bbox 1422 1523 1488 1573; x_wconf 88' lang='lat' dir='ltr'>ut</span> <span class='ocrx_word' id='word_1_152' title='bbox 1507 1523 1741 1575; x_wconf 89' lang='lat' dir='ltr'>averta-</span> 
     </span>
    </p>
   </div>
   <div class='ocr_carea' id='block_1_15' title="bbox 73 1607 1742 1680">
    <p class='ocr_par' dir='ltr' id='par_1_15' title="bbox 73 1607 1742 1680">
     <span class='ocr_line' id='line_1_15' title="bbox 73 1607 1742 1680; baseline 0.001 -20"><span class='ocrx_word' id='word_1_153' title='bbox 73 1607 151 1661; x_wconf 84' lang='lat' dir='ltr'>ris</span> <span class='ocrx_word' id='word_1_154' title='bbox 181 1622 221 1663; x_wconf 93' lang='lat' dir='ltr'>a</span> <span class='ocrx_word' id='word_1_155' title='bbox 254 1610 636 1664; x_wconf 63' lang='lat' dir='ltr'>caeremoniis</span> <span class='ocrx_word' id='word_1_156' title='bbox 659 1609 834 1679; x_wconf 80' lang='lat' dir='ltr'>leges,</span> <span class='ocrx_word' id='word_1_157' title='bbox 861 1625 983 1665; x_wconf 85' lang='lat' dir='ltr'>non</span> <span class='ocrx_word' id='word_1_158' title='bbox 1011 1610 1350 1680; x_wconf 81' lang='lat' dir='ltr'>acquiescas</span> <span class='ocrx_word' id='word_1_159' title='bbox 1384 1608 1484 1674; x_wconf 85' lang='lat' dir='ltr'>eis,</span> <span class='ocrx_word' id='word_1_160' title='bbox 1514 1623 1619 1665; x_wconf 87' lang='lat' dir='ltr'>nec</span> <span class='ocrx_word' id='word_1_161' title='bbox 1641 1623 1742 1665; x_wconf 84' lang='lat' dir='ltr'>au-</span> 
     </span>
    </p>
   </div>
   <div class='ocr_carea' id='block_1_16' title="bbox 75 1695 1742 1767">
    <p class='ocr_par' dir='ltr' id='par_1_16' title="bbox 75 1695 1742 1767">
     <span class='ocr_line' id='line_1_16' title="bbox 75 1695 1742 1767; baseline 0.003 -18"><span class='ocrx_word' id='word_1_162' title='bbox 75 1695 206 1752; x_wconf 82' lang='lat' dir='ltr'>dias</span> <span class='ocrx_word' id='word_1_163' title='bbox 233 1713 248 1751; x_wconf 89' lang='lat'>:</span> <span class='ocrx_word' id='word_1_164' title='bbox 287 1711 404 1752; x_wconf 84' lang='lat' dir='ltr'>nec</span> <span class='ocrx_word' id='word_1_165' title='bbox 427 1704 645 1766; x_wconf 88' lang='lat' dir='ltr'>parcat</span> <span class='ocrx_word' id='word_1_166' title='bbox 666 1700 721 1754; x_wconf 91' lang='lat' dir='ltr'>ei</span> <span class='ocrx_word' id='word_1_167' title='bbox 743 1699 952 1754; x_wconf 83' lang='lat' dir='ltr'>oculus</span> <span class='ocrx_word' id='word_1_168' title='bbox 983 1705 1142 1765; x_wconf 88' lang='lat' dir='ltr'>tuus,</span> <span class='ocrx_word' id='word_1_169' title='bbox 1170 1711 1278 1753; x_wconf 89' lang='lat' dir='ltr'>nec</span> <span class='ocrx_word' id='word_1_170' title='bbox 1301 1698 1660 1767; x_wconf 80' lang='lat' dir='ltr'>miserearis,</span> <span class='ocrx_word' id='word_1_171' title='bbox 1687 1703 1742 1754; x_wconf 89' lang='lat' dir='ltr'>et</span> 
     </span>
    </p>
   </div>
   <div class='ocr_carea' id='block_1_17' title="bbox 43 1783 1814 1878">
    <p class='ocr_par' dir='ltr' id='par_1_17' title="bbox 43 1783 1814 1878">
     <span class='ocr_line' id='line_1_17' title="bbox 43 1783 1814 1878; baseline 0.003 -39"><span class='ocrx_word' id='word_1_172' title='bbox 43 1783 50 1792; x_wconf 83' lang='grc'><em>’</em></span> <span class='ocrx_word' id='word_1_173' title='bbox 79 1787 354 1842; x_wconf 87' lang='lat' dir='ltr'>occultes</span> <span class='ocrx_word' id='word_1_174' title='bbox 372 1802 526 1856; x_wconf 88' lang='lat' dir='ltr'>eum,</span> <span class='ocrx_word' id='word_1_175' title='bbox 543 1792 598 1843; x_wconf 87' lang='lat' dir='ltr'>et</span> <span class='ocrx_word' id='word_1_176' title='bbox 621 1790 826 1844; x_wconf 85' lang='lat' dir='ltr'>statim</span> <span class='ocrx_word' id='word_1_177' title='bbox 837 1787 1302 1857; x_wconf 86' lang='lat' dir='ltr'>proditopopulo</span> <span class='ocrx_word' id='word_1_178' title='bbox 1323 1788 1744 1878; x_wconf 11' lang='lat' dir='ltr'>inte17:ﬁcics,ut</span> <span class='ocrx_word' id='word_1_179' title='bbox 1773 1821 1814 1878; x_wconf 78' lang='grc' dir='ltr'><strong>Β</strong></span> 
     </span>
    </p>
   </div>
   <div class='ocr_carea' id='block_1_18' title="bbox 80 1877 1745 1947">
    <p class='ocr_par' dir='ltr' id='par_1_18' title="bbox 80 1877 1745 1947">
     <span class='ocr_line' id='line_1_18' title="bbox 80 1877 1745 1947; baseline 0.001 -17"><span class='ocrx_word' id='word_1_180' title='bbox 80 1881 407 1932; x_wconf 74' lang='lat' dir='ltr'>avertatur</span> <span class='ocrx_word' id='word_1_181' title='bbox 433 1877 721 1933; x_wconf 86' lang='lat' dir='ltr'>Dominus</span> <span class='ocrx_word' id='word_1_182' title='bbox 733 1877 808 1934; x_wconf 86' lang='lat' dir='ltr'>ab</span> <span class='ocrx_word' id='word_1_183' title='bbox 827 1880 923 1934; x_wconf 88' lang='lat' dir='ltr'>ira</span> <span class='ocrx_word' id='word_1_184' title='bbox 949 1878 1182 1947; x_wconf 83' lang='lat' dir='ltr'>furoris</span> <span class='ocrx_word' id='word_1_185' title='bbox 1196 1878 1308 1942; x_wconf 89' lang='lat' dir='ltr'>sui,</span> <span class='ocrx_word' id='word_1_186' title='bbox 1324 1883 1377 1934; x_wconf 92' lang='lat' dir='ltr'>et</span> <span class='ocrx_word' id='word_1_187' title='bbox 1391 1877 1745 1934; x_wconf 85' lang='lat' dir='ltr'>misereatur</span> 
     </span>
    </p>
   </div>
   <div class='ocr_carea' id='block_1_19' title="bbox 81 1966 1034 2038">
    <p class='ocr_par' dir='ltr' id='par_1_19' title="bbox 81 1966 1034 2038">
     <span class='ocr_line' id='line_1_19' title="bbox 81 1966 1034 2038; baseline 0.004 -21"><span class='ocrx_word' id='word_1_188' title='bbox 81 1966 184 2034; x_wconf 80' lang='lat' dir='ltr'>tui,</span> <span class='ocrx_word' id='word_1_189' title='bbox 217 1967 713 2038; x_wconf 88' lang='lat' dir='ltr'>multiplicetque</span> <span class='ocrx_word' id='word_1_190' title='bbox 741 1973 796 2022; x_wconf 86' lang='lat' dir='ltr'>te</span> <span class='ocrx_word' id='word_1_191' title='bbox 822 1967 892 2035; x_wconf 81' lang='grc' dir='ltr'>⁸ο,</span> <span class='ocrx_word' id='word_1_192' title='bbox 927 1971 1034 2023; x_wconf 89' lang='lat' dir='ltr'>etc.</span> 
     </span>
    </p>
   </div>
   <div class='ocr_carea' id='block_1_20' title="bbox 147 2051 1747 2128">
    <p class='ocr_par' dir='ltr' id='par_1_20' title="bbox 147 2051 1747 2128">
     <span class='ocr_line' id='line_1_20' title="bbox 147 2051 1747 2128; baseline 0.002 -20"><span class='ocrx_word' id='word_1_193' title='bbox 147 2053 263 2108; x_wconf 87' lang='lat' dir='ltr'>Sed</span> <span class='ocrx_word' id='word_1_194' title='bbox 332 2051 1053 2111; x_wconf 28' lang='lat' dir='ltr'>iterum&#39;dicunt’Grzeci:</span> <span class='ocrx_word' id='word_1_195' title='bbox 1091 2053 1145 2111; x_wconf 89' lang='lat' dir='ltr'>Si</span> <span class='ocrx_word' id='word_1_196' title='bbox 1186 2053 1445 2111; x_wconf 85' lang='lat' dir='ltr'>creditur</span> <span class='ocrx_word' id='word_1_197' title='bbox 1473 2055 1747 2128; x_wconf 85' lang='lat' dir='ltr'>omnipo-</span> 
     </span>
    </p>
   </div>
   <div class='ocr_carea' id='block_1_21' title="bbox 75 2141 1746 2214">
    <p class='ocr_par' dir='ltr' id='par_1_21' title="bbox 75 2141 1746 2214">
     <span class='ocr_line' id='line_1_21' title="bbox 75 2141 1746 2214; baseline 0.002 -19"><span class='ocrx_word' id='word_1_198' title='bbox 75 2144 222 2206; x_wconf 78' lang='lat' dir='ltr'>iens,</span> <span class='ocrx_word' id='word_1_199' title='bbox 250 2141 455 2214; x_wconf 89' lang='lat' dir='ltr'>potuit</span> <span class='ocrx_word' id='word_1_200' title='bbox 469 2141 671 2214; x_wconf 85' lang='lat' dir='ltr'>utique</span> <span class='ocrx_word' id='word_1_201' title='bbox 685 2143 882 2199; x_wconf 91' lang='lat' dir='ltr'>subito</span> <span class='ocrx_word' id='word_1_202' title='bbox 906 2142 1328 2199; x_wconf 87' lang='lat' dir='ltr'>fermentatum</span> <span class='ocrx_word' id='word_1_203' title='bbox 1343 2142 1746 2214; x_wconf 86' lang='lat' dir='ltr'>undecunque</span> 
     </span>
    </p>
   </div>
   <div class='ocr_carea' id='block_1_22' title="bbox 79 2230 1746 2304">
    <p class='ocr_par' dir='ltr' id='par_1_22' title="bbox 79 2230 1746 2304">
     <span class='ocr_line' id='line_1_22' title="bbox 79 2230 1746 2304; baseline 0.002 -21"><span class='ocrx_word' id='word_1_204' title='bbox 79 2230 388 2292; x_wconf 75' lang='lat' dir='ltr'>exhibere,</span> <span class='ocrx_word' id='word_1_205' title='bbox 419 2235 524 2286; x_wconf 91' lang='lat' dir='ltr'>aut</span> <span class='ocrx_word' id='word_1_206' title='bbox 553 2235 707 2288; x_wconf 87' lang='lat' dir='ltr'>certe</span> <span class='ocrx_word' id='word_1_207' title='bbox 737 2231 938 2304; x_wconf 89' lang='lat' dir='ltr'>ipsum</span> <span class='ocrx_word' id='word_1_208' title='bbox 998 2246 1282 2304; x_wconf 88' lang='lat' dir='ltr'>azymum</span> <span class='ocrx_word' id='word_1_209' title='bbox 1334 2231 1746 2287; x_wconf 88' lang='lat' dir='ltr'>benedicendo</span> 
     </span>
    </p>
   </div>
   <div class='ocr_carea' id='block_1_23' title="bbox 76 2319 1748 2395">
    <p class='ocr_par' dir='ltr' id='par_1_23' title="bbox 76 2319 1748 2395">
     <span class='ocr_line' id='line_1_23' title="bbox 76 2319 1748 2395; baseline 0.002 -21"><span class='ocrx_word' id='word_1_210' title='bbox 76 2319 468 2378; x_wconf 79' lang='lat' dir='ltr'>fermentare.</span> <span class='ocrx_word' id='word_1_211' title='bbox 494 2320 664 2387; x_wconf 89' lang='lat' dir='ltr'>Quod</span> <span class='ocrx_word' id='word_1_212' title='bbox 685 2337 871 2394; x_wconf 87' lang='lat' dir='ltr'>quam</span> <span class='ocrx_word' id='word_1_213' title='bbox 891 2321 964 2377; x_wconf 90' lang='lat' dir='ltr'>sit</span> <span class='ocrx_word' id='word_1_214' title='bbox 984 2321 1277 2389; x_wconf 85' lang='lat' dir='ltr'>frivolum,</span> <span class='ocrx_word' id='word_1_215' title='bbox 1303 2338 1483 2377; x_wconf 91' lang='lat' dir='ltr'>nemo</span> <span class='ocrx_word' id='word_1_216' title='bbox 1509 2327 1620 2392; x_wconf 89' lang='lat' dir='ltr'>est,</span> <span class='ocrx_word' id='word_1_217' title='bbox 1641 2321 1748 2395; x_wconf 89' lang='lat' dir='ltr'>qui</span> 
     </span>
    </p>
   </div>
   <div class='ocr_carea' id='block_1_24' title="bbox 80 2408 1747 2484">
    <p class='ocr_par' dir='ltr' id='par_1_24' title="bbox 80 2408 1747 2484">
     <span class='ocr_line' id='line_1_24' title="bbox 80 2408 1747 2484; baseline 0.002 -21"><span class='ocrx_word' id='word_1_218' title='bbox 80 2425 200 2464; x_wconf 91' lang='lat' dir='ltr'>non</span> <span class='ocrx_word' id='word_1_219' title='bbox 216 2408 549 2480; x_wconf 82' lang='lat' dir='ltr'>intelligat:</span> <span class='ocrx_word' id='word_1_220' title='bbox 583 2411 726 2484; x_wconf 87' lang='lat' dir='ltr'>quia</span> <span class='ocrx_word' id='word_1_221' title='bbox 749 2425 1108 2484; x_wconf 90' lang='lat' dir='ltr'>quocunque</span> <span class='ocrx_word' id='word_1_222' title='bbox 1130 2410 1313 2467; x_wconf 92' lang='lat' dir='ltr'>modo</span> <span class='ocrx_word' id='word_1_223' title='bbox 1330 2410 1492 2482; x_wconf 90' lang='lat' dir='ltr'>apud</span> <span class='ocrx_word' id='word_1_224' title='bbox 1522 2427 1661 2467; x_wconf 90' lang='lat' dir='ltr'>eum</span> <span class='ocrx_word' id='word_1_225' title='bbox 1685 2412 1747 2467; x_wconf 92' lang='lat' dir='ltr'>in</span> 
     </span>
    </p>
   </div>
   <div class='ocr_carea' id='block_1_25' title="bbox 83 2496 1748 2572">
    <p class='ocr_par' dir='ltr' id='par_1_25' title="bbox 83 2496 1748 2572">
     <span class='ocr_line' id='line_1_25' title="bbox 83 2496 1748 2572; baseline 0.002 -21"><span class='ocrx_word' id='word_1_226' title='bbox 83 2496 212 2569; x_wconf 87' lang='lat' dir='ltr'>ipsa</span> <span class='ocrx_word' id='word_1_227' title='bbox 250 2499 634 2556; x_wconf 84' lang='lat' dir='ltr'>solemnitate</span> <span class='ocrx_word' id='word_1_228' title='bbox 683 2500 1107 2556; x_wconf 85' lang='lat' dir='ltr'>fermentatum</span> <span class='ocrx_word' id='word_1_229' title='bbox 1160 2499 1557 2572; x_wconf 89' lang='lat' dir='ltr'>apparuisset,</span> <span class='ocrx_word' id='word_1_230' title='bbox 1601 2499 1748 2572; x_wconf 81' lang='lat' dir='ltr'>legis</span> 
     </span>
    </p>
   </div>
   <div class='ocr_carea' id='block_1_26' title="bbox 84 2588 1748 2662">
    <p class='ocr_par' dir='ltr' id='par_1_26' title="bbox 84 2588 1748 2662">
     <span class='ocr_line' id='line_1_26' title="bbox 84 2588 1748 2662; baseline 0.002 -21"><span class='ocrx_word' id='word_1_231' title='bbox 84 2594 495 2658; x_wconf 84' lang='lat' dir='ltr'>transgressor</span> <span class='ocrx_word' id='word_1_232' title='bbox 523 2589 707 2655; x_wconf 87' lang='lat' dir='ltr'>ﬁeret,</span> <span class='ocrx_word' id='word_1_233' title='bbox 741 2593 794 2644; x_wconf 88' lang='lat' dir='ltr'>et</span> <span class='ocrx_word' id='word_1_234' title='bbox 845 2595 1022 2661; x_wconf 85' lang='lat' dir='ltr'>plane</span> <span class='ocrx_word' id='word_1_235' title='bbox 1055 2588 1276 2659; x_wconf 89' lang='lat' dir='ltr'>dignus</span> <span class='ocrx_word' id='word_1_236' title='bbox 1302 2589 1522 2662; x_wconf 89' lang='lat' dir='ltr'>puniri,</span> <span class='ocrx_word' id='word_1_237' title='bbox 1556 2589 1660 2661; x_wconf 88' lang='lat' dir='ltr'>qui</span> <span class='ocrx_word' id='word_1_238' title='bbox 1685 2590 1748 2646; x_wconf 89' lang='lat' dir='ltr'>in</span> 
     </span>
    </p>
   </div>
   <div class='ocr_carea' id='block_1_27' title="bbox 86 2677 1744 2748">
    <p class='ocr_par' dir='ltr' id='par_1_27' title="bbox 86 2677 1744 2748">
     <span class='ocr_line' id='line_1_27' title="bbox 86 2677 1744 2748; baseline 0.004 -21"><span class='ocrx_word' id='word_1_239' title='bbox 86 2683 306 2734; x_wconf 69' lang='lat' dir='ltr'>sancta:</span> <span class='ocrx_word' id='word_1_240' title='bbox 336 2677 486 2748; x_wconf 86' lang='lat' dir='ltr'>legis</span> <span class='ocrx_word' id='word_1_241' title='bbox 511 2677 936 2734; x_wconf 87' lang='lat' dir='ltr'>contumeliam</span> <span class='ocrx_word' id='word_1_242' title='bbox 966 2677 1387 2734; x_wconf 87' lang='lat' dir='ltr'>fermentatum</span> <span class='ocrx_word' id='word_1_243' title='bbox 1413 2681 1744 2735; x_wconf 87' lang='lat' dir='ltr'>tractasset.</span> 
     </span>
    </p>
   </div>
   <div class='ocr_carea' id='block_1_28' title="bbox 88 2766 1747 2840">
    <p class='ocr_par' dir='ltr' id='par_1_28' title="bbox 88 2766 1747 2840">
     <span class='ocr_line' id='line_1_28' title="bbox 88 2766 1747 2840; baseline 0.002 -19"><span class='ocrx_word' id='word_1_244' title='bbox 88 2766 195 2822; x_wconf 89' lang='lat' dir='ltr'>Sed</span> <span class='ocrx_word' id='word_1_245' title='bbox 216 2773 276 2822; x_wconf 89' lang='lat' dir='ltr'>et</span> <span class='ocrx_word' id='word_1_246' title='bbox 298 2766 353 2822; x_wconf 89' lang='lat' dir='ltr'>si</span> <span class='ocrx_word' id='word_1_247' title='bbox 373 2767 645 2840; x_wconf 89' lang='lat' dir='ltr'>quolibet</span> <span class='ocrx_word' id='word_1_248' title='bbox 665 2767 848 2823; x_wconf 90' lang='lat' dir='ltr'>modo</span> <span class='ocrx_word' id='word_1_249' title='bbox 881 2772 1115 2824; x_wconf 88' lang='lat' dir='ltr'>tantum</span> <span class='ocrx_word' id='word_1_250' title='bbox 1140 2767 1499 2824; x_wconf 81' lang='lat' dir='ltr'>miraculum</span> <span class='ocrx_word' id='word_1_251' title='bbox 1522 2767 1747 2824; x_wconf 82' lang='lat' dir='ltr'>factum</span> 
     </span>
    </p>
   </div>
   <div class='ocr_carea' id='block_1_29' title="bbox 87 2855 1744 2929">
    <p class='ocr_par' dir='ltr' id='par_1_29' title="bbox 87 2855 1744 2929">
     <span class='ocr_line' id='line_1_29' title="bbox 87 2855 1744 2929; baseline 0.001 -19"><span class='ocrx_word' id='word_1_252' title='bbox 87 2855 313 2920; x_wconf 84' lang='lat' dir='ltr'>fuisset,</span> <span class='ocrx_word' id='word_1_253' title='bbox 333 2855 546 2929; x_wconf 80' lang='lat' dir='ltr'>aliquis</span> <span class='ocrx_word' id='word_1_254' title='bbox 559 2857 1065 2927; x_wconf 86' lang='lat' dir='ltr'>evangelistarum</span> <span class='ocrx_word' id='word_1_255' title='bbox 1079 2863 1396 2924; x_wconf 89' lang='lat' dir='ltr'>narrasset;</span> <span class='ocrx_word' id='word_1_256' title='bbox 1414 2874 1551 2913; x_wconf 89' lang='lat' dir='ltr'>cum</span> <span class='ocrx_word' id='word_1_257' title='bbox 1567 2857 1744 2913; x_wconf 90' lang='lat' dir='ltr'>etiam</span> 
     </span>
    </p>
   </div>
   <div class='ocr_carea' id='block_1_30' title="bbox 84 2944 1744 3015">
    <p class='ocr_par' dir='ltr' id='par_1_30' title="bbox 84 2944 1744 3015">
     <span class='ocr_line' id='line_1_30' title="bbox 84 2944 1744 3015; baseline 0.002 -17"><span class='ocrx_word' id='word_1_258' title='bbox 84 2945 373 3014; x_wconf 67' lang='lat' dir='ltr'>quaedam</span> <span class='ocrx_word' id='word_1_259' title='bbox 396 2945 671 3015; x_wconf 88' lang='lat' dir='ltr'>minima,</span> <span class='ocrx_word' id='word_1_260' title='bbox 694 2961 802 3002; x_wconf 90' lang='lat' dir='ltr'>nec</span> <span class='ocrx_word' id='word_1_261' title='bbox 832 2944 1175 3001; x_wconf 85' lang='lat' dir='ltr'>narratione</span> <span class='ocrx_word' id='word_1_262' title='bbox 1190 2945 1558 3014; x_wconf 90' lang='lat' dir='ltr'>adeodigna,</span> <span class='ocrx_word' id='word_1_263' title='bbox 1576 2951 1640 3000; x_wconf 88' lang='lat' dir='ltr'>ut</span> <span class='ocrx_word' id='word_1_264' title='bbox 1670 2944 1744 3001; x_wconf 90' lang='lat' dir='ltr'>de</span> 
     </span>
    </p>
   </div>
   <div class='ocr_carea' id='block_1_31' title="bbox 89 3033 1744 3106">
    <p class='ocr_par' dir='ltr' id='par_1_31' title="bbox 89 3033 1744 3106">
     <span class='ocr_line' id='line_1_31' title="bbox 89 3033 1744 3106; baseline 0.002 -19"><span class='ocrx_word' id='word_1_265' title='bbox 89 3033 474 3091; x_wconf 87' lang='lat' dir='ltr'>contentione</span> <span class='ocrx_word' id='word_1_266' title='bbox 504 3034 962 3106; x_wconf 88' lang='lat' dir='ltr'>discipulorum,</span> <span class='ocrx_word' id='word_1_267' title='bbox 1023 3034 1334 3104; x_wconf 82' lang='lat' dir='ltr'>diligenter</span> <span class='ocrx_word' id='word_1_268' title='bbox 1364 3034 1584 3090; x_wconf 84' lang='lat' dir='ltr'>fuerint</span> <span class='ocrx_word' id='word_1_269' title='bbox 1611 3049 1744 3090; x_wconf 82' lang='lat' dir='ltr'>nar-</span> 
     </span>
    </p>
   </div>
   <div class='ocr_carea' id='block_1_32' title="bbox 84 3122 1746 3194">
    <p class='ocr_par' dir='ltr' id='par_1_32' title="bbox 84 3122 1746 3194">
     <span class='ocr_line' id='line_1_32' title="bbox 84 3122 1746 3194; baseline 0.001 -19"><span class='ocrx_word' id='word_1_270' title='bbox 84 3130 230 3179; x_wconf 87' lang='lat' dir='ltr'>rata.</span> <span class='ocrx_word' id='word_1_271' title='bbox 250 3122 478 3179; x_wconf 90' lang='lat' dir='ltr'>Omnia</span> <span class='ocrx_word' id='word_1_272' title='bbox 496 3139 638 3194; x_wconf 90' lang='lat' dir='ltr'>ergo</span> <span class='ocrx_word' id='word_1_273' title='bbox 661 3128 779 3179; x_wconf 91' lang='lat' dir='ltr'>tam</span> <span class='ocrx_word' id='word_1_274' title='bbox 800 3123 1100 3179; x_wconf 90' lang='lat' dir='ltr'>obstinato</span> <span class='ocrx_word' id='word_1_275' title='bbox 1122 3122 1353 3179; x_wconf 83' lang='lat' dir='ltr'>silentio</span> <span class='ocrx_word' id='word_1_276' title='bbox 1387 3123 1746 3178; x_wconf 86' lang='lat' dir='ltr'>reticuerunt</span> 
     </span>
    </p>
   </div>
   <div class='ocr_carea' id='block_1_33' title="bbox 87 3212 1744 3284">
    <p class='ocr_par' dir='ltr' id='par_1_33' title="bbox 87 3212 1744 3284">
     <span class='ocr_line' id='line_1_33' title="bbox 87 3212 1744 3284; baseline 0.001 -18"><span class='ocrx_word' id='word_1_277' title='bbox 87 3212 1237 3284; x_wconf 82' lang='lat' dir='ltr'>necessariisacramentiinitium,quod</span> <span class='ocrx_word' id='word_1_278' title='bbox 1263 3213 1437 3268; x_wconf 89' lang='lat' dir='ltr'>totius</span> <span class='ocrx_word' id='word_1_279' title='bbox 1468 3212 1744 3268; x_wconf 64' lang='lat' dir='ltr'>Ecclesiae</span> 
     </span>
    </p>
   </div>
   <div class='ocr_carea' id='block_1_34' title="bbox 89 3302 1746 3375">
    <p class='ocr_par' dir='ltr' id='par_1_34' title="bbox 89 3302 1746 3375">
     <span class='ocr_line' id='line_1_34' title="bbox 89 3302 1746 3375; baseline 0.001 -20"><span class='ocrx_word' id='word_1_280' title='bbox 89 3303 340 3358; x_wconf 79' lang='lat' dir='ltr'>exsistat</span> <span class='ocrx_word' id='word_1_281' title='bbox 367 3302 1025 3359; x_wconf 86' lang='lat' dir='ltr'>funda1nentum.Unde</span> <span class='ocrx_word' id='word_1_282' title='bbox 1059 3302 1338 3375; x_wconf 85' lang='lat' dir='ltr'>quamvis</span> <span class='ocrx_word' id='word_1_283' title='bbox 1369 3303 1445 3359; x_wconf 90' lang='lat' dir='ltr'>sit</span> <span class='ocrx_word' id='word_1_284' title='bbox 1474 3302 1746 3374; x_wconf 85' lang='lat' dir='ltr'>omnipo-</span> 
     </span>
    </p>
   </div>
   <div class='ocr_carea' id='block_1_35' title="bbox 95 3390 1745 3463">
    <p class='ocr_par' dir='ltr' id='par_1_35' title="bbox 95 3390 1745 3463">
     <span class='ocr_line' id='line_1_35' title="bbox 95 3390 1745 3463; baseline 0.001 -19"><span class='ocrx_word' id='word_1_285' title='bbox 95 3393 233 3458; x_wconf 88' lang='lat' dir='ltr'>tens,</span> <span class='ocrx_word' id='word_1_286' title='bbox 267 3391 438 3447; x_wconf 87' lang='lat' dir='ltr'>istud</span> <span class='ocrx_word' id='word_1_287' title='bbox 470 3393 663 3447; x_wconf 86' lang='lat' dir='ltr'>facere</span> <span class='ocrx_word' id='word_1_288' title='bbox 711 3407 833 3447; x_wconf 92' lang='lat' dir='ltr'>non</span> <span class='ocrx_word' id='word_1_289' title='bbox 873 3390 1083 3462; x_wconf 90' lang='lat' dir='ltr'>potuit,</span> <span class='ocrx_word' id='word_1_290' title='bbox 1133 3391 1277 3463; x_wconf 89' lang='lat' dir='ltr'>quia</span> <span class='ocrx_word' id='word_1_291' title='bbox 1314 3391 1520 3446; x_wconf 90' lang='lat' dir='ltr'>noluit.</span> <span class='ocrx_word' id='word_1_292' title='bbox 1553 3393 1745 3456; x_wconf 90' lang='lat' dir='ltr'>Quare</span> 
     </span>
    </p>
   </div>
   <div class='ocr_carea' id='block_1_36' title="bbox 93 3480 1745 3551">
    <p class='ocr_par' dir='ltr' id='par_1_36' title="bbox 93 3480 1745 3551">
     <span class='ocr_line' id='line_1_36' title="bbox 93 3480 1745 3551; baseline 0.002 -18"><span class='ocrx_word' id='word_1_293' title='bbox 93 3481 325 3537; x_wconf 85' lang='lat' dir='ltr'>noluit?</span> <span class='ocrx_word' id='word_1_294' title='bbox 356 3480 507 3546; x_wconf 88' lang='lat' dir='ltr'>Quia</span> <span class='ocrx_word' id='word_1_295' title='bbox 535 3481 871 3551; x_wconf 86' lang='lat' dir='ltr'>transgredi</span> <span class='ocrx_word' id='word_1_296' title='bbox 899 3481 1094 3550; x_wconf 85' lang='lat' dir='ltr'>legem</span> <span class='ocrx_word' id='word_1_297' title='bbox 1123 3481 1333 3538; x_wconf 90' lang='lat' dir='ltr'>noluit.</span> <span class='ocrx_word' id='word_1_298' title='bbox 1361 3480 1529 3536; x_wconf 71' lang='lat' dir='ltr'>{inde</span> <span class='ocrx_word' id='word_1_299' title='bbox 1551 3480 1578 3534; x_wconf 87' lang='lat'><strong>?</strong></span> <span class='ocrx_word' id='word_1_300' title='bbox 1611 3481 1745 3536; x_wconf 89' lang='lat' dir='ltr'>Non</span> 
     </span>
    </p>
   </div>
   <div class='ocr_carea' id='block_1_37' title="bbox 96 3569 1744 3642">
    <p class='ocr_par' dir='ltr' id='par_1_37' title="bbox 96 3569 1744 3642">
     <span class='ocr_line' id='line_1_37' title="bbox 96 3569 1744 3642; baseline -0.001 -17"><span class='ocrx_word' id='word_1_301' title='bbox 96 3573 222 3627; x_wconf 84' lang='lat' dir='ltr'>veni</span> <span class='ocrx_word' id='word_1_302' title='bbox 253 3571 489 3627; x_wconf 84' lang='lat' dir='ltr'>solvere</span> <span class='ocrx_word' id='word_1_303' title='bbox 511 3572 716 3642; x_wconf 84' lang='lat' dir='ltr'>legem,</span> <span class='ocrx_word' id='word_1_304' title='bbox 769 3570 871 3627; x_wconf 84' lang='lat' dir='ltr'>sed</span> <span class='ocrx_word' id='word_1_305' title='bbox 893 3570 1225 3639; x_wconf 80' lang='lat' dir='ltr'>adimplere</span> <span class='ocrx_word' id='word_1_306' title='bbox 1254 3571 1320 3625; x_wconf 76' lang='grc' dir='ltr'>δ’.</span> <span class='ocrx_word' id='word_1_307' title='bbox 1347 3569 1520 3635; x_wconf 92' lang='lat' dir='ltr'>Quod</span> <span class='ocrx_word' id='word_1_308' title='bbox 1544 3574 1744 3625; x_wconf 87' lang='lat' dir='ltr'>autem</span> 
     </span>
    </p>
   </div>
   <div class='ocr_carea' id='block_1_38' title="bbox 97 3654 1748 3732">
    <p class='ocr_par' dir='ltr' id='par_1_38' title="bbox 97 3654 1748 3732">
     <span class='ocr_line' id='line_1_38' title="bbox 97 3654 1748 3732; baseline 0.001 -19"><span class='ocrx_word' id='word_1_309' title='bbox 97 3660 534 3732; x_wconf 87' lang='lat' dir='ltr'>omnipotentia</span> <span class='ocrx_word' id='word_1_310' title='bbox 592 3676 706 3715; x_wconf 88' lang='lat' dir='ltr'>sua</span> <span class='ocrx_word' id='word_1_311' title='bbox 754 3659 965 3729; x_wconf 84' lang='lat' dir='ltr'>ligetur</span> <span class='ocrx_word' id='word_1_312' title='bbox 1010 3659 1240 3715; x_wconf 87' lang='lat' dir='ltr'>ratione</span> <span class='ocrx_word' id='word_1_313' title='bbox 1293 3654 1630 3714; x_wconf 79' lang='lat' dir='ltr'>necesSaria</span> <span class='ocrx_word' id='word_1_314' title='bbox 1690 3662 1748 3715; x_wconf 88' lang='lat' dir='ltr'>et</span> 
     </span>
    </p>
   </div>
   <div class='ocr_carea' id='block_1_39' title="bbox 98 3747 1749 3822">
    <p class='ocr_par' dir='ltr' id='par_1_39' title="bbox 98 3747 1749 3822">
     <span class='ocr_line' id='line_1_39' title="bbox 98 3747 1749 3822; baseline 0.002 -21"><span class='ocrx_word' id='word_1_315' title='bbox 98 3749 240 3819; x_wconf 88' lang='lat' dir='ltr'>utili,</span> <span class='ocrx_word' id='word_1_316' title='bbox 263 3748 559 3822; x_wconf 86' lang='lat' dir='ltr'>probatur</span> <span class='ocrx_word' id='word_1_317' title='bbox 578 3765 684 3822; x_wconf 86' lang='lat' dir='ltr'>per</span> <span class='ocrx_word' id='word_1_318' title='bbox 704 3747 1135 3819; x_wconf 85' lang='lat' dir='ltr'>evangelistam</span> <span class='ocrx_word' id='word_1_319' title='bbox 1157 3747 1514 3820; x_wconf 71' lang='lat' dir='ltr'>Matthaeum,</span> <span class='ocrx_word' id='word_1_320' title='bbox 1549 3747 1749 3804; x_wconf 89' lang='lat' dir='ltr'>dicen-</span> 
     </span>
    </p>
   </div>
   <div class='ocr_carea' id='block_1_40' title="bbox 100 3837 1746 3909">
    <p class='ocr_par' dir='ltr' id='par_1_40' title="bbox 100 3837 1746 3909">
     <span class='ocr_line' id='line_1_40' title="bbox 100 3837 1746 3909; baseline 0.002 -19"><span class='ocrx_word' id='word_1_321' title='bbox 100 3840 207 3893; x_wconf 88' lang='lat' dir='ltr'>tem</span> <span class='ocrx_word' id='word_1_322' title='bbox 240 3839 316 3894; x_wconf 86' lang='lat' dir='ltr'>de</span> <span class='ocrx_word' id='word_1_323' title='bbox 343 3838 539 3909; x_wconf 87' lang='lat' dir='ltr'>patria</span> <span class='ocrx_word' id='word_1_324' title='bbox 569 3837 776 3893; x_wconf 88' lang='lat' dir='ltr'>Christi</span> <span class='ocrx_word' id='word_1_325' title='bbox 802 3855 813 3892; x_wconf 88' lang='lat'><strong>:</strong></span> <span class='ocrx_word' id='word_1_326' title='bbox 845 3838 981 3892; x_wconf 87' lang='lat' dir='ltr'>Non</span> <span class='ocrx_word' id='word_1_327' title='bbox 1001 3838 1193 3906; x_wconf 85' lang='lat' dir='ltr'>potuit</span> <span class='ocrx_word' id='word_1_328' title='bbox 1213 3838 1294 3892; x_wconf 87' lang='lat' dir='ltr'>ibi</span> <span class='ocrx_word' id='word_1_329' title='bbox 1321 3842 1568 3893; x_wconf 79' lang='lat' dir='ltr'>virtutes</span> <span class='ocrx_word' id='word_1_330' title='bbox 1596 3839 1746 3894; x_wconf 86' lang='lat' dir='ltr'>mul-</span> 
     </span>
    </p>
   </div>
   <div class='ocr_carea' id='block_1_41' title="bbox 98 3927 1567 3998">
    <p class='ocr_par' dir='ltr' id='par_1_41' title="bbox 98 3927 1567 3998">
     <span class='ocr_line' id='line_1_41' title="bbox 98 3927 1567 3998; baseline 0.003 -20"><span class='ocrx_word' id='word_1_331' title='bbox 98 3930 178 3982; x_wconf 86' lang='lat' dir='ltr'>tas</span> <span class='ocrx_word' id='word_1_332' title='bbox 199 3928 436 3998; x_wconf 82' lang='lat' dir='ltr'>facere,</span> <span class='ocrx_word' id='word_1_333' title='bbox 467 3933 722 3998; x_wconf 86' lang='lat' dir='ltr'>propter</span> <span class='ocrx_word' id='word_1_334' title='bbox 749 3927 1239 3984; x_wconf 56' lang='lat' dir='ltr'>incredulitatem</span> <span class='ocrx_word' id='word_1_335' title='bbox 1268 3943 1467 3984; x_wconf 87' lang='lat' dir='ltr'>eorum</span> <span class='ocrx_word' id='word_1_336' title='bbox 1499 3928 1567 3982; x_wconf 69' lang='grc'>⁸³.</span> 
     </span>
    </p>
   </div>
   <div class='ocr_carea' id='block_1_42' title="bbox 341 4043 1513 4113">
    <p class='ocr_par' dir='ltr' id='par_1_42' title="bbox 341 4043 1513 4113">
     <span class='ocr_line' id='line_1_42' title="bbox 341 4043 1513 4113; baseline -0.002 -13"><span class='ocrx_word' id='word_1_337' title='bbox 341 4045 666 4113; x_wconf 78' lang='lat' dir='ltr'>Responsio</span> <span class='ocrx_word' id='word_1_338' title='bbox 692 4043 774 4100; x_wconf 88' lang='lat' dir='ltr'>ad</span> <span class='ocrx_word' id='word_1_339' title='bbox 798 4047 1217 4100; x_wconf 84' lang='lat' dir='ltr'>auctoritatem</span> <span class='ocrx_word' id='word_1_340' title='bbox 1248 4045 1513 4100; x_wconf 84' lang='lat' dir='ltr'>Joannis.</span> 
     </span>
    </p>
   </div>
   <div class='ocr_carea' id='block_1_43' title="bbox 160 4157 1746 4229">
    <p class='ocr_par' dir='ltr' id='par_1_43' title="bbox 160 4157 1746 4229">
     <span class='ocr_line' id='line_1_43' title="bbox 160 4157 1746 4229; baseline 0.001 -15"><span class='ocrx_word' id='word_1_341' title='bbox 160 4158 254 4214; x_wconf 75' lang='lat' dir='ltr'>Ad</span> <span class='ocrx_word' id='word_1_342' title='bbox 285 4158 628 4215; x_wconf 89' lang='lat' dir='ltr'>secundum</span> <span class='ocrx_word' id='word_1_343' title='bbox 657 4157 960 4229; x_wconf 88' lang='lat' dir='ltr'>objectum</span> <span class='ocrx_word' id='word_1_344' title='bbox 985 4158 1060 4214; x_wconf 87' lang='lat' dir='ltr'>de</span> <span class='ocrx_word' id='word_1_345' title='bbox 1087 4159 1435 4215; x_wconf 89' lang='lat' dir='ltr'>auctoritate</span> <span class='ocrx_word' id='word_1_346' title='bbox 1465 4159 1709 4215; x_wconf 86' lang='lat' dir='ltr'>Joannis</span> <span class='ocrx_word' id='word_1_347' title='bbox 1733 4177 1746 4216; x_wconf 93' lang='lat'>:</span> 
     </span>
    </p>
   </div>
   <div class='ocr_carea' id='block_1_44' title="bbox 102 4247 1753 4321">
    <p class='ocr_par' dir='ltr' id='par_1_44' title="bbox 102 4247 1753 4321">
     <span class='ocr_line' id='line_1_44' title="bbox 102 4247 1753 4321; baseline 0.003 -21"><span class='ocrx_word' id='word_1_348' title='bbox 102 4247 220 4316; x_wconf 83' lang='lat' dir='ltr'>Ipsi</span> <span class='ocrx_word' id='word_1_349' title='bbox 244 4264 366 4304; x_wconf 86' lang='lat' dir='ltr'>non</span> <span class='ocrx_word' id='word_1_350' title='bbox 388 4250 497 4303; x_wconf 73' lang='lat' dir='ltr'>inti</span> <span class='ocrx_word' id='word_1_351' title='bbox 513 4249 748 4304; x_wconf 85' lang='lat' dir='ltr'>oierunt</span> <span class='ocrx_word' id='word_1_352' title='bbox 771 4249 838 4311; x_wconf 80' lang='grc'>⁸³,</span> <span class='ocrx_word' id='word_1_353' title='bbox 860 4253 993 4316; x_wconf 89' lang='lat' dir='ltr'>etc.,</span> <span class='ocrx_word' id='word_1_354' title='bbox 1017 4247 1298 4316; x_wconf 89' lang='lat' dir='ltr'>dicimus,</span> <span class='ocrx_word' id='word_1_355' title='bbox 1326 4248 1494 4321; x_wconf 88' lang='lat' dir='ltr'>quod</span> <span class='ocrx_word' id='word_1_356' title='bbox 1521 4249 1753 4306; x_wconf 88' lang='lat' dir='ltr'>Pascha</span> 
     </span>
    </p>
   </div>
   <div class='ocr_carea' id='block_1_45' title="bbox 103 4337 1753 4411">
    <p class='ocr_par' dir='ltr' id='par_1_45' title="bbox 103 4337 1753 4411">
     <span class='ocr_line' id='line_1_45' title="bbox 103 4337 1753 4411; baseline 0.001 -19"><span class='ocrx_word' id='word_1_357' title='bbox 103 4337 503 4411; x_wconf 85' lang='lat' dir='ltr'>multipliciter</span> <span class='ocrx_word' id='word_1_358' title='bbox 532 4337 876 4410; x_wconf 89' lang='lat' dir='ltr'>accipiatur.</span> <span class='ocrx_word' id='word_1_359' title='bbox 911 4337 1254 4410; x_wconf 86' lang='lat' dir='ltr'>Aliquando</span> <span class='ocrx_word' id='word_1_360' title='bbox 1288 4338 1449 4394; x_wconf 90' lang='lat' dir='ltr'>enim</span> <span class='ocrx_word' id='word_1_361' title='bbox 1481 4341 1572 4394; x_wconf 90' lang='lat' dir='ltr'>est</span> <span class='ocrx_word' id='word_1_362' title='bbox 1625 4339 1753 4395; x_wconf 89' lang='lat' dir='ltr'>dies</span> 
     </span>
    </p>
   </div>
   <div class='ocr_carea' id='block_1_46' title="bbox 105 4426 1754 4498">
    <p class='ocr_par' dir='ltr' id='par_1_46' title="bbox 105 4426 1754 4498">
     <span class='ocr_line' id='line_1_46' title="bbox 105 4426 1754 4498; baseline 0.002 -17"><span class='ocrx_word' id='word_1_363' title='bbox 105 4426 568 4484; x_wconf 88' lang='lat' dir='ltr'>immolationis:</span> <span class='ocrx_word' id='word_1_364' title='bbox 602 4426 762 4482; x_wconf 87' lang='lat' dir='ltr'>unde</span> <span class='ocrx_word' id='word_1_365' title='bbox 800 4426 1038 4481; x_wconf 86' lang='lat' dir='ltr'>Levitici</span> <span class='ocrx_word' id='word_1_366' title='bbox 1075 4446 1086 4485; x_wconf 91' lang='lat'>:</span> <span class='ocrx_word' id='word_1_367' title='bbox 1130 4427 1368 4482; x_wconf 85' lang='lat' dir='ltr'>Decimo</span> <span class='ocrx_word' id='word_1_368' title='bbox 1419 4434 1634 4498; x_wconf 85' lang='lat' dir='ltr'>quarto</span> <span class='ocrx_word' id='word_1_369' title='bbox 1661 4429 1754 4485; x_wconf 89' lang='lat' dir='ltr'>die</span> 
     </span>
    </p>
   </div>
   <div class='ocr_carea' id='block_1_47' title="bbox 1846 980 3504 1062">
    <p class='ocr_par' dir='ltr' id='par_1_47' title="bbox 1846 980 3504 1062">
     <span class='ocr_line' id='line_1_47' title="bbox 1846 980 3504 1062; baseline 0.004 -26"><span class='ocrx_word' id='word_1_370' title='bbox 1846 987 1980 1062; x_wconf 86' lang='lat' dir='ltr'>post</span> <span class='ocrx_word' id='word_1_371' title='bbox 1994 980 2236 1037; x_wconf 87' lang='lat' dir='ltr'>biduum</span> <span class='ocrx_word' id='word_1_372' title='bbox 2250 983 2319 1038; x_wconf 78' lang='lat'>9°.</span> <span class='ocrx_word' id='word_1_373' title='bbox 2343 984 2790 1054; x_wconf 89' lang='lat' dir='ltr'>Etpostpauca:</span> <span class='ocrx_word' id='word_1_374' title='bbox 2815 984 3011 1040; x_wconf 91' lang='lat' dir='ltr'>Prima</span> <span class='ocrx_word' id='word_1_375' title='bbox 3023 984 3116 1040; x_wconf 84' lang='lat' dir='ltr'>die</span> <span class='ocrx_word' id='word_1_376' title='bbox 3134 999 3504 1058; x_wconf 83' lang='lat' dir='ltr'>azymorum,</span> 
     </span>
    </p>
   </div>
   <div class='ocr_carea' id='block_1_48' title="bbox 1849 1070 3508 1143">
    <p class='ocr_par' dir='ltr' id='par_1_48' title="bbox 1849 1070 3508 1143">
     <span class='ocr_line' id='line_1_48' title="bbox 1849 1070 3508 1143; baseline 0.005 -19"><span class='ocrx_word' id='word_1_377' title='bbox 1849 1071 2090 1141; x_wconf 86' lang='lat' dir='ltr'>quando</span> <span class='ocrx_word' id='word_1_378' title='bbox 2125 1070 2349 1128; x_wconf 84' lang='lat' dir='ltr'>Pascha</span> <span class='ocrx_word' id='word_1_379' title='bbox 2373 1071 2860 1141; x_wconf 68' lang='lat' dir='ltr'>immolabant“,</span> <span class='ocrx_word' id='word_1_380' title='bbox 2888 1077 2996 1128; x_wconf 90' lang='lat' dir='ltr'>etc.</span> <span class='ocrx_word' id='word_1_381' title='bbox 3033 1073 3089 1128; x_wconf 94' lang='lat' dir='ltr'>Si</span> <span class='ocrx_word' id='word_1_382' title='bbox 3114 1073 3294 1143; x_wconf 88' lang='lat' dir='ltr'>igitur</span> <span class='ocrx_word' id='word_1_383' title='bbox 3345 1076 3508 1132; x_wconf 85' lang='lat' dir='ltr'>vide-</span> 
     </span>
    </p>
   </div>
   <div class='ocr_carea' id='block_1_49' title="bbox 1847 1159 3506 1233">
    <p class='ocr_par' dir='ltr' id='par_1_49' title="bbox 1847 1159 3506 1233">
     <span class='ocr_line' id='line_1_49' title="bbox 1847 1159 3506 1233; baseline 0.004 -19"><span class='ocrx_word' id='word_1_384' title='bbox 1847 1163 2010 1215; x_wconf 90' lang='lat' dir='ltr'>retur</span> <span class='ocrx_word' id='word_1_385' title='bbox 2037 1174 2160 1216; x_wconf 93' lang='lat' dir='ltr'>non</span> <span class='ocrx_word' id='word_1_386' title='bbox 2180 1159 2597 1232; x_wconf 87' lang='lat' dir='ltr'>accipiendum</span> <span class='ocrx_word' id='word_1_387' title='bbox 2618 1160 2851 1217; x_wconf 86' lang='lat' dir='ltr'>Pascha</span> <span class='ocrx_word' id='word_1_388' title='bbox 2871 1165 2928 1216; x_wconf 91' lang='lat' dir='ltr'>et</span> <span class='ocrx_word' id='word_1_389' title='bbox 2957 1176 3190 1233; x_wconf 90' lang='lat' dir='ltr'>azyma,</span> <span class='ocrx_word' id='word_1_390' title='bbox 3234 1167 3301 1220; x_wconf 90' lang='lat' dir='ltr'>ut</span> <span class='ocrx_word' id='word_1_391' title='bbox 3321 1165 3506 1222; x_wconf 91' lang='lat' dir='ltr'>modo</span> 
     </span>
    </p>
   </div>
   <div class='ocr_carea' id='block_1_50' title="bbox 1848 1249 3507 1326">
    <p class='ocr_par' dir='ltr' id='par_1_50' title="bbox 1848 1249 3507 1326">
     <span class='ocr_line' id='line_1_50' title="bbox 1848 1249 3507 1326; baseline 0.004 -24"><span class='ocrx_word' id='word_1_392' title='bbox 1848 1249 2094 1318; x_wconf 88' lang='lat' dir='ltr'>Pascha,</span> <span class='ocrx_word' id='word_1_393' title='bbox 2123 1264 2234 1321; x_wconf 91' lang='lat' dir='ltr'>pro</span> <span class='ocrx_word' id='word_1_394' title='bbox 2264 1249 2412 1306; x_wconf 89' lang='lat' dir='ltr'>festo</span> <span class='ocrx_word' id='word_1_395' title='bbox 2438 1264 2812 1322; x_wconf 87' lang='lat' dir='ltr'>azymorum,</span> <span class='ocrx_word' id='word_1_396' title='bbox 2834 1253 2890 1306; x_wconf 91' lang='lat' dir='ltr'>et</span> <span class='ocrx_word' id='word_1_397' title='bbox 2917 1249 3102 1307; x_wconf 92' lang='lat' dir='ltr'>modo</span> <span class='ocrx_word' id='word_1_398' title='bbox 3126 1251 3345 1308; x_wconf 84' lang='lat' dir='ltr'>festum</span> <span class='ocrx_word' id='word_1_399' title='bbox 3371 1270 3507 1326; x_wconf 86' lang='lat' dir='ltr'>azy-</span> 
     </span>
    </p>
   </div>
   <div class='ocr_carea' id='block_1_51' title="bbox 1848 1337 3504 1411">
    <p class='ocr_par' dir='ltr' id='par_1_51' title="bbox 1848 1337 3504 1411">
     <span class='ocr_line' id='line_1_51' title="bbox 1848 1337 3504 1411; baseline 0.005 -20"><span class='ocrx_word' id='word_1_400' title='bbox 1848 1352 2089 1393; x_wconf 91' lang='lat' dir='ltr'>morum</span> <span class='ocrx_word' id='word_1_401' title='bbox 2114 1337 2474 1408; x_wconf 88' lang='lat' dir='ltr'>intelligatur</span> <span class='ocrx_word' id='word_1_402' title='bbox 2493 1353 2603 1410; x_wconf 91' lang='lat' dir='ltr'>pro</span> <span class='ocrx_word' id='word_1_403' title='bbox 2625 1338 2891 1407; x_wconf 86' lang='lat' dir='ltr'>Pascha;</span> <span class='ocrx_word' id='word_1_404' title='bbox 2923 1339 3234 1411; x_wconf 91' lang='lat' dir='ltr'>quomodo</span> <span class='ocrx_word' id='word_1_405' title='bbox 3277 1341 3457 1399; x_wconf 88' lang='lat' dir='ltr'>stabit</span> <span class='ocrx_word' id='word_1_406' title='bbox 3489 1360 3504 1399; x_wconf 91' lang='lat'>:</span> 
     </span>
    </p>
   </div>
   <div class='ocr_carea' id='block_1_52' title="bbox 1849 1425 3508 1498">
    <p class='ocr_par' dir='ltr' id='par_1_52' title="bbox 1849 1425 3508 1498">
     <span class='ocr_line' id='line_1_52' title="bbox 1849 1425 3508 1498; baseline 0.004 -16"><span class='ocrx_word' id='word_1_407' title='bbox 1849 1425 2004 1483; x_wconf 87' lang='lat' dir='ltr'>Erat</span> <span class='ocrx_word' id='word_1_408' title='bbox 2035 1427 2272 1483; x_wconf 89' lang='lat' dir='ltr'>Pascha</span> <span class='ocrx_word' id='word_1_409' title='bbox 2305 1433 2358 1484; x_wconf 91' lang='lat' dir='ltr'>et</span> <span class='ocrx_word' id='word_1_410' title='bbox 2388 1442 2602 1498; x_wconf 87' lang='lat' dir='ltr'>azyma</span> <span class='ocrx_word' id='word_1_411' title='bbox 2629 1433 2761 1497; x_wconf 89' lang='lat' dir='ltr'>post</span> <span class='ocrx_word' id='word_1_412' title='bbox 2801 1427 3043 1485; x_wconf 84' lang='lat' dir='ltr'>biduum</span> <span class='ocrx_word' id='word_1_413' title='bbox 3065 1432 3094 1483; x_wconf 84' lang='lat'><strong><em>?</em></strong></span> <span class='ocrx_word' id='word_1_414' title='bbox 3143 1429 3257 1486; x_wconf 91' lang='lat' dir='ltr'>Sed</span> <span class='ocrx_word' id='word_1_415' title='bbox 3293 1429 3508 1488; x_wconf 90' lang='lat' dir='ltr'>beatus</span> 
     </span>
    </p>
   </div>
   <div class='ocr_carea' id='block_1_53' title="bbox 1851 1516 3504 1577">
    <p class='ocr_par' dir='ltr' id='par_1_53' title="bbox 1851 1516 3504 1577">
     <span class='ocr_line' id='line_1_53' title="bbox 1851 1516 3504 1577; baseline 0.004 -7"><span class='ocrx_word' id='word_1_416' title='bbox 1851 1516 2040 1571; x_wconf 89' lang='lat' dir='ltr'>Lucas</span> <span class='ocrx_word' id='word_1_417' title='bbox 2071 1531 2315 1572; x_wconf 91' lang='lat' dir='ltr'>omnem</span> <span class='ocrx_word' id='word_1_418' title='bbox 2345 1516 2580 1572; x_wconf 90' lang='lat' dir='ltr'>solvens</span> <span class='ocrx_word' id='word_1_419' title='bbox 2607 1516 2850 1574; x_wconf 69' lang='lat' dir='ltr'>hreresis</span> <span class='ocrx_word' id='word_1_420' title='bbox 2878 1518 3345 1576; x_wconf 89' lang='lat' dir='ltr'>controversiam</span> <span class='ocrx_word' id='word_1_421' title='bbox 3390 1520 3504 1577; x_wconf 87' lang='lat' dir='ltr'>ait:</span> 
     </span>
    </p>
   </div>
   <div class='ocr_carea' id='block_1_54' title="bbox 1850 1606 3509 1678">
    <p class='ocr_par' dir='ltr' id='par_1_54' title="bbox 1850 1606 3509 1678">
     <span class='ocr_line' id='line_1_54' title="bbox 1850 1606 3509 1678; baseline 0.004 -18"><span class='ocrx_word' id='word_1_422' title='bbox 1850 1606 1896 1660; x_wconf 86' lang='lat' dir='ltr'><strong><em>A</em></strong></span> <span class='ocrx_word' id='word_1_423' title='bbox 1907 1606 2392 1676; x_wconf 87' lang='lat' dir='ltr'>ppropinquabal</span> <span class='ocrx_word' id='word_1_424' title='bbox 2409 1606 2532 1662; x_wconf 86' lang='lat' dir='ltr'>dies</span> <span class='ocrx_word' id='word_1_425' title='bbox 2543 1607 3020 1678; x_wconf 82' lang='lat' dir='ltr'>azymorum,qui</span> <span class='ocrx_word' id='word_1_426' title='bbox 3039 1607 3257 1663; x_wconf 88' lang='lat' dir='ltr'>dicitur</span> <span class='ocrx_word' id='word_1_427' title='bbox 3277 1609 3509 1666; x_wconf 84' lang='lat' dir='ltr'>Pascha</span> 
     </span>
    </p>
   </div>
   <div class='ocr_carea' id='block_1_55' title="bbox 1851 1694 3506 1768">
    <p class='ocr_par' dir='ltr' id='par_1_55' title="bbox 1851 1694 3506 1768">
     <span class='ocr_line' id='line_1_55' title="bbox 1851 1694 3506 1768; baseline 0.002 -18"><span class='ocrx_word' id='word_1_428' title='bbox 1851 1695 1921 1763; x_wconf 69' lang='lat'>9’;</span> <span class='ocrx_word' id='word_1_429' title='bbox 1939 1696 2147 1768; x_wconf 91' lang='lat' dir='ltr'>etquia</span> <span class='ocrx_word' id='word_1_430' title='bbox 2159 1710 2297 1751; x_wconf 92' lang='lat' dir='ltr'>cum</span> <span class='ocrx_word' id='word_1_431' title='bbox 2311 1711 2401 1765; x_wconf 93' lang='lat' dir='ltr'>eo,</span> <span class='ocrx_word' id='word_1_432' title='bbox 2417 1694 2519 1767; x_wconf 90' lang='lat' dir='ltr'>qui</span> <span class='ocrx_word' id='word_1_433' title='bbox 2535 1696 2772 1768; x_wconf 89' lang='lat' dir='ltr'>proprie</span> <span class='ocrx_word' id='word_1_434' title='bbox 2786 1696 3011 1751; x_wconf 91' lang='lat' dir='ltr'>Pascha</span> <span class='ocrx_word' id='word_1_435' title='bbox 3022 1696 3351 1766; x_wconf 89' lang='lat' dir='ltr'>dicebatur,</span> <span class='ocrx_word' id='word_1_436' title='bbox 3367 1697 3506 1753; x_wconf 89' lang='lat' dir='ltr'>sub-</span> 
     </span>
    </p>
   </div>
   <div class='ocr_carea' id='block_1_56' title="bbox 1852 1782 3505 1856">
    <p class='ocr_par' dir='ltr' id='par_1_56' title="bbox 1852 1782 3505 1856">
     <span class='ocr_line' id='line_1_56' title="bbox 1852 1782 3505 1856; baseline 0.002 -18"><span class='ocrx_word' id='word_1_437' title='bbox 1852 1787 2170 1856; x_wconf 90' lang='lat' dir='ltr'>sequentes</span> <span class='ocrx_word' id='word_1_438' title='bbox 2199 1798 2441 1855; x_wconf 90' lang='lat' dir='ltr'>quoque</span> <span class='ocrx_word' id='word_1_439' title='bbox 2467 1782 2594 1839; x_wconf 89' lang='lat' dir='ltr'>dies</span> <span class='ocrx_word' id='word_1_440' title='bbox 2625 1799 2975 1856; x_wconf 85' lang='lat' dir='ltr'>azymorum</span> <span class='ocrx_word' id='word_1_441' title='bbox 3003 1783 3250 1841; x_wconf 84' lang='lat' dir='ltr'>abusive</span> <span class='ocrx_word' id='word_1_442' title='bbox 3275 1799 3505 1842; x_wconf 88' lang='lat' dir='ltr'>nuncu-</span> 
     </span>
    </p>
   </div>
   <div class='ocr_carea' id='block_1_57' title="bbox 1853 1872 3506 1946">
    <p class='ocr_par' dir='ltr' id='par_1_57' title="bbox 1853 1872 3506 1946">
     <span class='ocr_line' id='line_1_57' title="bbox 1853 1872 3506 1946; baseline 0.001 -17"><span class='ocrx_word' id='word_1_443' title='bbox 1853 1876 2074 1946; x_wconf 88' lang='lat' dir='ltr'>pantur</span> <span class='ocrx_word' id='word_1_444' title='bbox 2098 1873 2346 1939; x_wconf 88' lang='lat' dir='ltr'>Pascha,</span> <span class='ocrx_word' id='word_1_445' title='bbox 2395 1888 2578 1945; x_wconf 90' lang='lat' dir='ltr'>quem</span> <span class='ocrx_word' id='word_1_446' title='bbox 2609 1873 2771 1929; x_wconf 90' lang='lat' dir='ltr'>diem</span> <span class='ocrx_word' id='word_1_447' title='bbox 2818 1872 2993 1930; x_wconf 84' lang='lat' dir='ltr'>vellet</span> <span class='ocrx_word' id='word_1_448' title='bbox 3017 1873 3285 1945; x_wconf 88' lang='lat' dir='ltr'>intelligi,</span> <span class='ocrx_word' id='word_1_449' title='bbox 3315 1875 3378 1931; x_wconf 90' lang='lat' dir='ltr'>in</span> <span class='ocrx_word' id='word_1_450' title='bbox 3409 1891 3506 1932; x_wconf 90' lang='lat' dir='ltr'>se-</span> 
     </span>
    </p>
   </div>
   <div class='ocr_carea' id='block_1_58' title="bbox 1853 1960 3505 2034">
    <p class='ocr_par' dir='ltr' id='par_1_58' title="bbox 1853 1960 3505 2034">
     <span class='ocr_line' id='line_1_58' title="bbox 1853 1960 3505 2034; baseline 0.002 -18"><span class='ocrx_word' id='word_1_451' title='bbox 1853 1960 2178 2034; x_wconf 89' lang='lat' dir='ltr'>quentibus</span> <span class='ocrx_word' id='word_1_452' title='bbox 2229 1961 2491 2017; x_wconf 87' lang='lat' dir='ltr'>ostendit</span> <span class='ocrx_word' id='word_1_453' title='bbox 2511 1961 2714 2016; x_wconf 87' lang='lat' dir='ltr'>dieens</span> <span class='ocrx_word' id='word_1_454' title='bbox 2742 1978 2754 2015; x_wconf 93' lang='lat'>:</span> <span class='ocrx_word' id='word_1_455' title='bbox 2796 1963 2964 2017; x_wconf 85' lang='lat' dir='ltr'>Venit</span> <span class='ocrx_word' id='word_1_456' title='bbox 2997 1967 3194 2018; x_wconf 89' lang='lat' dir='ltr'>autem</span> <span class='ocrx_word' id='word_1_457' title='bbox 3214 1963 3336 2019; x_wconf 89' lang='lat' dir='ltr'>dies</span> <span class='ocrx_word' id='word_1_458' title='bbox 3361 1979 3505 2033; x_wconf 80' lang='lat' dir='ltr'>azy-</span> 
     </span>
    </p>
   </div>
   <div class='ocr_carea' id='block_1_59' title="bbox 1853 2050 3504 2121">
    <p class='ocr_par' dir='ltr' id='par_1_59' title="bbox 1853 2050 3504 2121">
     <span class='ocr_line' id='line_1_59' title="bbox 1853 2050 3504 2121; baseline 0.001 -15"><span class='ocrx_word' id='word_1_459' title='bbox 1853 2066 2087 2106; x_wconf 89' lang='lat' dir='ltr'>morum</span> <span class='ocrx_word' id='word_1_460' title='bbox 2119 2050 2184 2106; x_wconf 90' lang='lat' dir='ltr'>in</span> <span class='ocrx_word' id='word_1_461' title='bbox 2210 2065 2330 2121; x_wconf 90' lang='lat' dir='ltr'>qua</span> <span class='ocrx_word' id='word_1_462' title='bbox 2356 2064 2587 2106; x_wconf 89' lang='lat' dir='ltr'>necesse</span> <span class='ocrx_word' id='word_1_463' title='bbox 2614 2055 2743 2106; x_wconf 89' lang='lat' dir='ltr'>erat</span> <span class='ocrx_word' id='word_1_464' title='bbox 2770 2050 2963 2106; x_wconf 83' lang='lat' dir='ltr'>occidi</span> <span class='ocrx_word' id='word_1_465' title='bbox 2980 2051 3205 2107; x_wconf 83' lang='lat' dir='ltr'>Pascha</span> <span class='ocrx_word' id='word_1_466' title='bbox 3229 2052 3302 2108; x_wconf 70' lang='lat'>93.</span> <span class='ocrx_word' id='word_1_467' title='bbox 3331 2050 3504 2116; x_wconf 90' lang='lat' dir='ltr'>Quod</span> 
     </span>
    </p>
   </div>
   <div class='ocr_carea' id='block_1_60' title="bbox 1854 2138 3503 2212">
    <p class='ocr_par' dir='ltr' id='par_1_60' title="bbox 1854 2138 3503 2212">
     <span class='ocr_line' id='line_1_60' title="bbox 1854 2138 3503 2212; baseline 0.001 -18"><span class='ocrx_word' id='word_1_468' title='bbox 1854 2138 2032 2212; x_wconf 86' lang='lat' dir='ltr'>plane</span> <span class='ocrx_word' id='word_1_469' title='bbox 2063 2139 2124 2194; x_wconf 91' lang='lat' dir='ltr'>in</span> <span class='ocrx_word' id='word_1_470' title='bbox 2156 2139 2390 2196; x_wconf 88' lang='lat' dir='ltr'>decima</span> <span class='ocrx_word' id='word_1_471' title='bbox 2420 2143 2637 2211; x_wconf 90' lang='lat' dir='ltr'>quarta</span> <span class='ocrx_word' id='word_1_472' title='bbox 2665 2139 2811 2194; x_wconf 90' lang='lat' dir='ltr'>luna</span> <span class='ocrx_word' id='word_1_473' title='bbox 2838 2138 3023 2194; x_wconf 85' lang='lat' dir='ltr'>ﬁebat</span> <span class='ocrx_word' id='word_1_474' title='bbox 3052 2139 3130 2194; x_wconf 89' lang='lat' dir='ltr'>ad</span> <span class='ocrx_word' id='word_1_475' title='bbox 3157 2153 3503 2212; x_wconf 90' lang='lat' dir='ltr'>vesperum,</span> 
     </span>
    </p>
   </div>
   <div class='ocr_carea' id='block_1_61' title="bbox 1854 2226 3508 2300">
    <p class='ocr_par' dir='ltr' id='par_1_61' title="bbox 1854 2226 3508 2300">
     <span class='ocr_line' id='line_1_61' title="bbox 1854 2226 3508 2300; baseline 0.002 -17"><span class='ocrx_word' id='word_1_476' title='bbox 1854 2227 2100 2300; x_wconf 91' lang='lat' dir='ltr'>quando</span> <span class='ocrx_word' id='word_1_477' title='bbox 2130 2242 2324 2298; x_wconf 87' lang='lat' dir='ltr'>agnus</span> <span class='ocrx_word' id='word_1_478' title='bbox 2353 2226 2776 2294; x_wconf 90' lang='lat' dir='ltr'>occidebatur;</span> <span class='ocrx_word' id='word_1_479' title='bbox 2831 2242 3014 2300; x_wconf 90' lang='lat' dir='ltr'>quem</span> <span class='ocrx_word' id='word_1_480' title='bbox 3061 2227 3242 2283; x_wconf 90' lang='lat' dir='ltr'>etiam</span> <span class='ocrx_word' id='word_1_481' title='bbox 3273 2227 3508 2287; x_wconf 86' lang='lat' dir='ltr'>Pascha</span> 
     </span>
    </p>
   </div>
   <div class='ocr_carea' id='block_1_62' title="bbox 1855 2315 3508 2389">
    <p class='ocr_par' dir='ltr' id='par_1_62' title="bbox 1855 2315 3508 2389">
     <span class='ocr_line' id='line_1_62' title="bbox 1855 2315 3508 2389; baseline 0.002 -18"><span class='ocrx_word' id='word_1_482' title='bbox 1855 2317 1993 2384; x_wconf 90' lang='lat' dir='ltr'>dici,</span> <span class='ocrx_word' id='word_1_483' title='bbox 2027 2317 2397 2387; x_wconf 89' lang='lat' dir='ltr'>evangelista</span> <span class='ocrx_word' id='word_1_484' title='bbox 2428 2316 2512 2372; x_wconf 88' lang='lat' dir='ltr'>sic</span> <span class='ocrx_word' id='word_1_485' title='bbox 2556 2316 2876 2389; x_wconf 87' lang='lat' dir='ltr'>perhibuit,</span> <span class='ocrx_word' id='word_1_486' title='bbox 2932 2319 2998 2372; x_wconf 87' lang='lat' dir='ltr'>ut</span> <span class='ocrx_word' id='word_1_487' title='bbox 3026 2316 3088 2372; x_wconf 93' lang='lat' dir='ltr'>in</span> <span class='ocrx_word' id='word_1_488' title='bbox 3117 2315 3249 2388; x_wconf 92' lang='lat' dir='ltr'>ipso</span> <span class='ocrx_word' id='word_1_489' title='bbox 3274 2316 3508 2374; x_wconf 84' lang='lat' dir='ltr'>Pascha</span> 
     </span>
    </p>
   </div>
   <div class='ocr_carea' id='block_1_63' title="bbox 1855 2405 2520 2464">
    <p class='ocr_par' dir='ltr' id='par_1_63' title="bbox 1855 2405 2520 2464">
     <span class='ocr_line' id='line_1_63' title="bbox 1855 2405 2520 2464; baseline -0.006 0"><span class='ocrx_word' id='word_1_490' title='bbox 1855 2405 2253 2464; x_wconf 73' lang='lat' dir='ltr'>occidendum</span> <span class='ocrx_word' id='word_1_491' title='bbox 2280 2405 2520 2462; x_wconf 89' lang='lat' dir='ltr'>diceret.</span> 
     </span>
    </p>
   </div>
   <div class='ocr_carea' id='block_1_64' title="bbox 1925 2493 3506 2568">
    <p class='ocr_par' dir='ltr' id='par_1_64' title="bbox 1925 2493 3506 2568">
     <span class='ocr_line' id='line_1_64' title="bbox 1925 2493 3506 2568; baseline -0.001 -15"><span class='ocrx_word' id='word_1_492' title='bbox 1925 2499 2127 2560; x_wconf 89' lang='lat' dir='ltr'>Porro,</span> <span class='ocrx_word' id='word_1_493' title='bbox 2147 2494 2670 2568; x_wconf 88' lang='lat' dir='ltr'>qualiterintelligi</span> <span class='ocrx_word' id='word_1_494' title='bbox 2691 2494 2926 2564; x_wconf 88' lang='lat' dir='ltr'>debeat,</span> <span class='ocrx_word' id='word_1_495' title='bbox 2953 2493 3118 2568; x_wconf 88' lang='lat' dir='ltr'>quod</span> <span class='ocrx_word' id='word_1_496' title='bbox 3147 2494 3264 2551; x_wconf 87' lang='lat' dir='ltr'>ait:</span> <span class='ocrx_word' id='word_1_497' title='bbox 3297 2493 3368 2551; x_wconf 84' lang='lat' dir='ltr'>Ut</span> <span class='ocrx_word' id='word_1_498' title='bbox 3384 2508 3506 2552; x_wconf 84' lang='lat' dir='ltr'>non</span> 
     </span>
    </p>
   </div>
   <div class='ocr_carea' id='block_1_65' title="bbox 1856 2584 3503 2656">
    <p class='ocr_par' dir='ltr' id='par_1_65' title="bbox 1856 2584 3503 2656">
     <span class='ocr_line' id='line_1_65' title="bbox 1856 2584 3503 2656; baseline 0.001 -14"><span class='ocrx_word' id='word_1_499' title='bbox 1856 2589 2432 2656; x_wconf 87' lang='lat' dir='ltr'>contaminarentur,</span> <span class='ocrx_word' id='word_1_500' title='bbox 2452 2586 2557 2641; x_wconf 89' lang='lat' dir='ltr'>sed</span> <span class='ocrx_word' id='word_1_501' title='bbox 2568 2592 2632 2642; x_wconf 88' lang='lat' dir='ltr'>ut</span> <span class='ocrx_word' id='word_1_502' title='bbox 2648 2585 3090 2642; x_wconf 87' lang='lat' dir='ltr'>manducarcnt</span> <span class='ocrx_word' id='word_1_503' title='bbox 3112 2584 3417 2642; x_wconf 62' lang='lat' dir='ltr'>Pascha“.</span> <span class='ocrx_word' id='word_1_504' title='bbox 3432 2587 3503 2643; x_wconf 67' lang='lat'>9’.</span> 
     </span>
    </p>
   </div>
   <div class='ocr_carea' id='block_1_66' title="bbox 1854 2673 3507 2747">
    <p class='ocr_par' dir='ltr' id='par_1_66' title="bbox 1854 2673 3507 2747">
     <span class='ocr_line' id='line_1_66' title="bbox 1854 2673 3507 2747; baseline -0.001 -16"><span class='ocrx_word' id='word_1_505' title='bbox 1854 2675 2035 2731; x_wconf 90' lang='lat' dir='ltr'>Paulo</span> <span class='ocrx_word' id='word_1_506' title='bbox 2058 2679 2193 2747; x_wconf 90' lang='lat' dir='ltr'>post</span> <span class='ocrx_word' id='word_1_507' title='bbox 2213 2673 2294 2731; x_wconf 87' lang='lat' dir='ltr'>ait</span> <span class='ocrx_word' id='word_1_508' title='bbox 2317 2691 2329 2728; x_wconf 94' lang='lat'>:</span> <span class='ocrx_word' id='word_1_509' title='bbox 2352 2675 2508 2730; x_wconf 87' lang='lat' dir='ltr'>Erat</span> <span class='ocrx_word' id='word_1_510' title='bbox 2529 2680 2726 2730; x_wconf 89' lang='lat' dir='ltr'>autem</span> <span class='ocrx_word' id='word_1_511' title='bbox 2749 2675 3069 2729; x_wconf 83' lang='lat' dir='ltr'>Parasceve</span> <span class='ocrx_word' id='word_1_512' title='bbox 3087 2673 3332 2730; x_wconf 50' lang='lat' dir='ltr'>Pascha»</span> <span class='ocrx_word' id='word_1_513' title='bbox 3359 2675 3507 2730; x_wconf 89' lang='lat' dir='ltr'>hora</span> 
     </span>
    </p>
   </div>
   <div class='ocr_carea' id='block_1_67' title="bbox 1855 2762 3507 2836">
    <p class='ocr_par' dir='ltr' id='par_1_67' title="bbox 1855 2762 3507 2836">
     <span class='ocr_line' id='line_1_67' title="bbox 1855 2762 3507 2836; baseline 0 -17"><span class='ocrx_word' id='word_1_514' title='bbox 1855 2765 2030 2836; x_wconf 85' lang='lat' dir='ltr'>quasi</span> <span class='ocrx_word' id='word_1_515' title='bbox 2061 2772 2232 2820; x_wconf 71' lang='lat' dir='ltr'>sexta</span> <span class='ocrx_word' id='word_1_516' title='bbox 2279 2765 2319 2819; x_wconf 90' lang='grc'>¹.</span> <span class='ocrx_word' id='word_1_517' title='bbox 2377 2765 2701 2819; x_wconf 85' lang='lat' dir='ltr'>Parasceve</span> <span class='ocrx_word' id='word_1_518' title='bbox 2729 2762 2986 2828; x_wconf 77' lang='lat' dir='ltr'>Paschae,</span> <span class='ocrx_word' id='word_1_519' title='bbox 3010 2762 3368 2833; x_wconf 63' lang='lat' dir='ltr'>praeparatio</span> <span class='ocrx_word' id='word_1_520' title='bbox 3403 2765 3507 2820; x_wconf 85' lang='lat' dir='ltr'>Pa-</span> 
     </span>
    </p>
   </div>
   <div class='ocr_carea' id='block_1_68' title="bbox 1857 2851 3508 2926">
    <p class='ocr_par' dir='ltr' id='par_1_68' title="bbox 1857 2851 3508 2926">
     <span class='ocr_line' id='line_1_68' title="bbox 1857 2851 3508 2926; baseline 0.001 -18"><span class='ocrx_word' id='word_1_521' title='bbox 1857 2854 2018 2910; x_wconf 70' lang='lat' dir='ltr'>schze</span> <span class='ocrx_word' id='word_1_522' title='bbox 2041 2854 2492 2926; x_wconf 86' lang='lat' dir='ltr'>interpretatur:</span> <span class='ocrx_word' id='word_1_523' title='bbox 2525 2851 2773 2924; x_wconf 88' lang='lat' dir='ltr'>quando</span> <span class='ocrx_word' id='word_1_524' title='bbox 2794 2852 2922 2922; x_wconf 88' lang='lat' dir='ltr'>jam</span> <span class='ocrx_word' id='word_1_525' title='bbox 2952 2851 3425 2923; x_wconf 72' lang='lat' dir='ltr'>prteparabatur,</span> <span class='ocrx_word' id='word_1_526' title='bbox 3447 2855 3508 2909; x_wconf 89' lang='lat' dir='ltr'>et</span> 
     </span>
    </p>
   </div>
   <div class='ocr_carea' id='block_1_69' title="bbox 1855 2939 3506 3011">
    <p class='ocr_par' dir='ltr' id='par_1_69' title="bbox 1855 2939 3506 3011">
     <span class='ocr_line' id='line_1_69' title="bbox 1855 2939 3506 3011; baseline -0.001 -14"><span class='ocrx_word' id='word_1_527' title='bbox 1855 2941 2343 2998; x_wconf 87' lang='lat' dir='ltr'>instabatcelebri</span> <span class='ocrx_word' id='word_1_528' title='bbox 2353 2945 2434 2996; x_wconf 87' lang='lat' dir='ltr'>tas</span> <span class='ocrx_word' id='word_1_529' title='bbox 2449 2941 2567 2997; x_wconf 90' lang='lat' dir='ltr'>diei</span> <span class='ocrx_word' id='word_1_530' title='bbox 2580 2941 2786 3009; x_wconf 88' lang='lat' dir='ltr'>magni</span> <span class='ocrx_word' id='word_1_531' title='bbox 2804 2939 3069 3006; x_wconf 88' lang='lat' dir='ltr'>Sabbati,</span> <span class='ocrx_word' id='word_1_532' title='bbox 3085 2939 3190 3011; x_wconf 89' lang='lat' dir='ltr'>qui</span> <span class='ocrx_word' id='word_1_533' title='bbox 3217 2939 3506 2996; x_wconf 90' lang='lat' dir='ltr'>celebrior</span> 
     </span>
    </p>
   </div>
   <div class='ocr_carea' id='block_1_70' title="bbox 1855 3027 3505 3100">
    <p class='ocr_par' dir='ltr' id='par_1_70' title="bbox 1855 3027 3505 3100">
     <span class='ocr_line' id='line_1_70' title="bbox 1855 3027 3505 3100; baseline -0.002 -13"><span class='ocrx_word' id='word_1_534' title='bbox 1855 3031 2083 3087; x_wconf 89' lang='lat' dir='ltr'>cunctis</span> <span class='ocrx_word' id='word_1_535' title='bbox 2107 3031 2320 3086; x_wconf 86' lang='lat' dir='ltr'>diebus</span> <span class='ocrx_word' id='word_1_536' title='bbox 2368 3034 2510 3086; x_wconf 88' lang='lat' dir='ltr'>tunc</span> <span class='ocrx_word' id='word_1_537' title='bbox 2557 3027 2894 3086; x_wconf 88' lang='lat' dir='ltr'>habebatur</span> <span class='ocrx_word' id='word_1_538' title='bbox 2922 3027 3307 3100; x_wconf 90' lang='lat' dir='ltr'>paschalibus</span> <span class='ocrx_word' id='word_1_539' title='bbox 3338 3028 3505 3100; x_wconf 90' lang='lat' dir='ltr'>apud</span> 
     </span>
    </p>
   </div>
   <div class='ocr_carea' id='block_1_71' title="bbox 1853 3116 3502 3188">
    <p class='ocr_par' dir='ltr' id='par_1_71' title="bbox 1853 3116 3502 3188">
     <span class='ocr_line' id='line_1_71' title="bbox 1853 3116 3502 3188; baseline -0.002 -14"><span class='ocrx_word' id='word_1_540' title='bbox 1853 3120 2089 3175; x_wconf 69' lang='lat' dir='ltr'>Iudaeos</span> <span class='ocrx_word' id='word_1_541' title='bbox 2115 3119 2297 3175; x_wconf 90' lang='lat' dir='ltr'>:adeo</span> <span class='ocrx_word' id='word_1_542' title='bbox 2320 3124 2384 3174; x_wconf 89' lang='lat' dir='ltr'>ut</span> <span class='ocrx_word' id='word_1_543' title='bbox 2408 3117 2788 3174; x_wconf 86' lang='lat' dir='ltr'>observantia</span> <span class='ocrx_word' id='word_1_544' title='bbox 2835 3117 2964 3188; x_wconf 87' lang='lat' dir='ltr'>ejus</span> <span class='ocrx_word' id='word_1_545' title='bbox 2988 3116 3222 3185; x_wconf 88' lang='lat' dir='ltr'>gentilis</span> <span class='ocrx_word' id='word_1_546' title='bbox 3239 3116 3502 3172; x_wconf 89' lang='lat' dir='ltr'>hominis</span> 
     </span>
    </p>
   </div>
   <div class='ocr_carea' id='block_1_72' title="bbox 1854 3205 3500 3278">
    <p class='ocr_par' dir='ltr' id='par_1_72' title="bbox 1854 3205 3500 3278">
     <span class='ocr_line' id='line_1_72' title="bbox 1854 3205 3500 3278; baseline -0.002 -12"><span class='ocrx_word' id='word_1_547' title='bbox 1854 3209 2316 3276; x_wconf 89' lang='lat' dir='ltr'>cohabitatione,</span> <span class='ocrx_word' id='word_1_548' title='bbox 2339 3207 2519 3264; x_wconf 89' lang='lat' dir='ltr'>veluti</span> <span class='ocrx_word' id='word_1_549' title='bbox 2546 3207 2787 3263; x_wconf 89' lang='lat' dir='ltr'>introitu</span> <span class='ocrx_word' id='word_1_550' title='bbox 2810 3207 3092 3278; x_wconf 83' lang='lat' dir='ltr'>praetorii,</span> <span class='ocrx_word' id='word_1_551' title='bbox 3115 3205 3500 3278; x_wconf 89' lang='lat' dir='ltr'>pollueretur.</span> 
     </span>
    </p>
   </div>
   <div class='ocr_carea' id='block_1_73' title="bbox 1855 3296 3594 3370">
    <p class='ocr_par' dir='ltr' id='par_1_73' title="bbox 1855 3296 3594 3370">
     <span class='ocr_line' id='line_1_73' title="bbox 1855 3296 3594 3370; baseline -0.001 -15"><span class='ocrx_word' id='word_1_552' title='bbox 1855 3301 2040 3370; x_wconf 89' lang='lat' dir='ltr'>Igitur</span> <span class='ocrx_word' id='word_1_553' title='bbox 2061 3301 2178 3354; x_wconf 90' lang='lat' dir='ltr'>:Ne</span> <span class='ocrx_word' id='word_1_554' title='bbox 2191 3300 2252 3354; x_wconf 91' lang='lat' dir='ltr'>in</span> <span class='ocrx_word' id='word_1_555' title='bbox 2270 3314 2442 3354; x_wconf 87' lang='lat' dir='ltr'>cruce</span> <span class='ocrx_word' id='word_1_556' title='bbox 2458 3303 2840 3354; x_wconf 86' lang='lat' dir='ltr'>remanerent</span> <span class='ocrx_word' id='word_1_557' title='bbox 2860 3311 3116 3366; x_wconf 87' lang='lat' dir='ltr'>corpora</span> <span class='ocrx_word' id='word_1_558' title='bbox 3137 3297 3200 3352; x_wconf 90' lang='lat' dir='ltr'>in</span> <span class='ocrx_word' id='word_1_559' title='bbox 3220 3296 3501 3366; x_wconf 86' lang='lat' dir='ltr'>Sabbato,</span> <span class='ocrx_word' id='word_1_560' title='bbox 3587 3349 3594 3354; x_wconf 86' lang='lat'>.</span> 
     </span>
    </p>
   </div>
   <div class='ocr_carea' id='block_1_74' title="bbox 1856 3384 3502 3459">
    <p class='ocr_par' dir='ltr' id='par_1_74' title="bbox 1856 3384 3502 3459">
     <span class='ocr_line' id='line_1_74' title="bbox 1856 3384 3502 3459; baseline -0.002 -16"><span class='ocrx_word' id='word_1_561' title='bbox 1856 3394 2151 3459; x_wconf 83' lang='lat' dir='ltr'>rogarunt</span> <span class='ocrx_word' id='word_1_562' title='bbox 2178 3388 2455 3454; x_wconf 89' lang='lat' dir='ltr'>Pilatum,</span> <span class='ocrx_word' id='word_1_563' title='bbox 2490 3395 2556 3441; x_wconf 88' lang='lat' dir='ltr'>ut</span> <span class='ocrx_word' id='word_1_564' title='bbox 2588 3386 2946 3442; x_wconf 89' lang='lat' dir='ltr'>tollerentur</span> <span class='ocrx_word' id='word_1_565' title='bbox 2968 3387 3012 3442; x_wconf 78' lang='grc'>³.</span> <span class='ocrx_word' id='word_1_566' title='bbox 3044 3384 3278 3441; x_wconf 89' lang='lat' dir='ltr'>Pascha</span> <span class='ocrx_word' id='word_1_567' title='bbox 3300 3384 3502 3456; x_wconf 89' lang='lat' dir='ltr'>igitur,</span> 
     </span>
    </p>
   </div>
   <div class='ocr_carea' id='block_1_75' title="bbox 1853 3473 3503 3550">
    <p class='ocr_par' dir='ltr' id='par_1_75' title="bbox 1853 3473 3503 3550">
     <span class='ocr_line' id='line_1_75' title="bbox 1853 3473 3503 3550; baseline -0.002 -18"><span class='ocrx_word' id='word_1_568' title='bbox 1853 3478 1915 3533; x_wconf 90' lang='lat' dir='ltr'>in</span> <span class='ocrx_word' id='word_1_569' title='bbox 1938 3477 2252 3550; x_wconf 81' lang='lat' dir='ltr'>praemissa</span> <span class='ocrx_word' id='word_1_570' title='bbox 2274 3474 2936 3547; x_wconf 88' lang='lat' dir='ltr'>auctoritate,accipitur</span> <span class='ocrx_word' id='word_1_571' title='bbox 2956 3489 3065 3546; x_wconf 90' lang='lat' dir='ltr'>pro</span> <span class='ocrx_word' id='word_1_572' title='bbox 3095 3473 3324 3546; x_wconf 90' lang='lat' dir='ltr'>azymis</span> <span class='ocrx_word' id='word_1_573' title='bbox 3348 3492 3360 3526; x_wconf 90' lang='lat'>:</span> <span class='ocrx_word' id='word_1_574' title='bbox 3380 3488 3503 3546; x_wconf 89' lang='lat' dir='ltr'>quo</span> 
     </span>
    </p>
   </div>
   <div class='ocr_carea' id='block_1_76' title="bbox 1854 3561 3504 3634">
    <p class='ocr_par' dir='ltr' id='par_1_76' title="bbox 1854 3561 3504 3634">
     <span class='ocr_line' id='line_1_76' title="bbox 1854 3561 3504 3634; baseline -0.001 -10"><span class='ocrx_word' id='word_1_575' title='bbox 1854 3567 2193 3624; x_wconf 85' lang='lat' dir='ltr'>necessario</span> <span class='ocrx_word' id='word_1_576' title='bbox 2208 3581 2511 3632; x_wconf 86' lang='lat' dir='ltr'>concesso,</span> <span class='ocrx_word' id='word_1_577' title='bbox 2527 3563 3211 3621; x_wconf 83' lang='lat' dir='ltr'>cessatadversariorum</span> <span class='ocrx_word' id='word_1_578' title='bbox 3223 3561 3504 3634; x_wconf 87' lang='lat' dir='ltr'>objectio.</span> 
     </span>
    </p>
   </div>
   <div class='ocr_carea' id='block_1_77' title="bbox 2335 3682 2975 3739">
    <p class='ocr_par' dir='ltr' id='par_1_77' title="bbox 2335 3682 2975 3739">
     <span class='ocr_line' id='line_1_77' title="bbox 2335 3682 2975 3739; baseline -0.003 -1"><span class='ocrx_word' id='word_1_579' title='bbox 2335 3683 2570 3738; x_wconf 86' lang='lat' dir='ltr'>Salutio</span> <span class='ocrx_word' id='word_1_580' title='bbox 2601 3682 2682 3738; x_wconf 90' lang='lat' dir='ltr'>ad</span> <span class='ocrx_word' id='word_1_581' title='bbox 2713 3682 2975 3739; x_wconf 86' lang='lat' dir='ltr'>tertiam.</span> 
     </span>
    </p>
   </div>
   <div class='ocr_carea' id='block_1_78' title="bbox 1926 3796 3504 3871">
    <p class='ocr_par' dir='ltr' id='par_1_78' title="bbox 1926 3796 3504 3871">
     <span class='ocr_line' id='line_1_78' title="bbox 1926 3796 3504 3871; baseline -0.002 -17"><span class='ocrx_word' id='word_1_582' title='bbox 1926 3798 2014 3855; x_wconf 82' lang='lat' dir='ltr'>Ad</span> <span class='ocrx_word' id='word_1_583' title='bbox 2035 3798 2289 3863; x_wconf 89' lang='lat' dir='ltr'>tertiam,</span> <span class='ocrx_word' id='word_1_584' title='bbox 2311 3797 2480 3871; x_wconf 91' lang='lat' dir='ltr'>quod</span> <span class='ocrx_word' id='word_1_585' title='bbox 2513 3797 2739 3865; x_wconf 91' lang='lat' dir='ltr'>dicunt,</span> <span class='ocrx_word' id='word_1_586' title='bbox 2771 3797 2938 3869; x_wconf 91' lang='lat' dir='ltr'>quod</span> <span class='ocrx_word' id='word_1_587' title='bbox 2965 3798 3118 3870; x_wconf 79' lang='grc' dir='ltr'><em>ἄρτος</em></span> <span class='ocrx_word' id='word_1_588' title='bbox 3144 3796 3504 3868; x_wconf 87' lang='lat' dir='ltr'>supponitur</span> 
     </span>
    </p>
   </div>
   <div class='ocr_carea' id='block_1_79' title="bbox 1855 3885 3508 3961">
    <p class='ocr_par' dir='ltr' id='par_1_79' title="bbox 1855 3885 3508 3961">
     <span class='ocr_line' id='line_1_79' title="bbox 1855 3885 3508 3961; baseline -0.003 -17"><span class='ocrx_word' id='word_1_589' title='bbox 1855 3904 1964 3961; x_wconf 89' lang='lat' dir='ltr'>pro</span> <span class='ocrx_word' id='word_1_590' title='bbox 1989 3888 2364 3955; x_wconf 85' lang='lat' dir='ltr'>fermentato,</span> <span class='ocrx_word' id='word_1_591' title='bbox 2397 3887 2675 3954; x_wconf 88' lang='lat' dir='ltr'>dicimus,</span> <span class='ocrx_word' id='word_1_592' title='bbox 2696 3885 2863 3958; x_wconf 91' lang='lat' dir='ltr'>quod</span> <span class='ocrx_word' id='word_1_593' title='bbox 2889 3885 3147 3941; x_wconf 89' lang='lat' dir='ltr'>multum</span> <span class='ocrx_word' id='word_1_594' title='bbox 3169 3885 3508 3956; x_wconf 87' lang='lat' dir='ltr'>discrepant</span> 
     </span>
    </p>
   </div>
   <div class='ocr_carea' id='block_1_80' title="bbox 1859 3974 3509 4049">
    <p class='ocr_par' dir='ltr' id='par_1_80' title="bbox 1859 3974 3509 4049">
     <span class='ocr_line' id='line_1_80' title="bbox 1859 3974 3509 4049; baseline -0.004 -14"><span class='ocrx_word' id='word_1_595' title='bbox 1859 3995 1896 4036; x_wconf 87' lang='lat' dir='ltr'>a</span> <span class='ocrx_word' id='word_1_596' title='bbox 1919 3979 2160 4035; x_wconf 90' lang='lat' dir='ltr'>veritate</span> <span class='ocrx_word' id='word_1_597' title='bbox 2190 3995 2202 4032; x_wconf 93' lang='lat'>:</span> <span class='ocrx_word' id='word_1_598' title='bbox 2236 3976 2382 4049; x_wconf 88' lang='lat' dir='ltr'>quia</span> <span class='ocrx_word' id='word_1_599' title='bbox 2417 3978 2574 4047; x_wconf 77' lang='grc' dir='ltr'><em>ἄρτος</em></span> <span class='ocrx_word' id='word_1_600' title='bbox 2599 3975 2661 4030; x_wconf 90' lang='lat' dir='ltr'>in</span> <span class='ocrx_word' id='word_1_601' title='bbox 2709 3991 2883 4030; x_wconf 89' lang='lat' dir='ltr'>sacra</span> <span class='ocrx_word' id='word_1_602' title='bbox 2927 3974 3230 4046; x_wconf 86' lang='lat' dir='ltr'>Scriptura</span> <span class='ocrx_word' id='word_1_603' title='bbox 3266 3988 3388 4029; x_wconf 92' lang='lat' dir='ltr'>non</span> <span class='ocrx_word' id='word_1_604' title='bbox 3415 3989 3509 4029; x_wconf 89' lang='lat' dir='ltr'>so-</span> 
     </span>
    </p>
   </div>
   <div class='ocr_carea' id='block_1_81' title="bbox 1857 4057 3508 4140">
    <p class='ocr_par' dir='ltr' id='par_1_81' title="bbox 1857 4057 3508 4140">
     <span class='ocr_line' id='line_1_81' title="bbox 1857 4057 3508 4140; baseline -0.005 -16"><span class='ocrx_word' id='word_1_605' title='bbox 1857 4069 1984 4125; x_wconf 85' lang='lat' dir='ltr'>lum</span> <span class='ocrx_word' id='word_1_606' title='bbox 2000 4083 2110 4140; x_wconf 91' lang='lat' dir='ltr'>pro</span> <span class='ocrx_word' id='word_1_607' title='bbox 2130 4081 2364 4138; x_wconf 85' lang='lat' dir='ltr'>azymo,</span> <span class='ocrx_word' id='word_1_608' title='bbox 2392 4080 2602 4121; x_wconf 90' lang='lat' dir='ltr'>verum</span> <span class='ocrx_word' id='word_1_609' title='bbox 2618 4063 2796 4119; x_wconf 89' lang='lat' dir='ltr'>etiam</span> <span class='ocrx_word' id='word_1_610' title='bbox 2818 4079 2928 4136; x_wconf 91' lang='lat' dir='ltr'>pro</span> <span class='ocrx_word' id='word_1_611' title='bbox 2949 4061 3216 4135; x_wconf 88' lang='lat' dir='ltr'>quolibet</span> <span class='ocrx_word' id='word_1_612' title='bbox 3237 4057 3391 4133; x_wconf 79' lang='lat' dir='ltr'>pane</span> <span class='ocrx_word' id='word_1_613' title='bbox 3413 4077 3508 4117; x_wconf 86' lang='lat' dir='ltr'>su-</span> 
     </span>
    </p>
   </div>
   <div class='ocr_carea' id='block_1_82' title="bbox 1860 4150 3510 4227">
    <p class='ocr_par' dir='ltr' id='par_1_82' title="bbox 1860 4150 3510 4227">
     <span class='ocr_line' id='line_1_82' title="bbox 1860 4150 3510 4227; baseline -0.005 -13"><span class='ocrx_word' id='word_1_614' title='bbox 1860 4158 2060 4225; x_wconf 89' lang='lat' dir='ltr'>mitur,</span> <span class='ocrx_word' id='word_1_615' title='bbox 2105 4159 2280 4227; x_wconf 87' lang='lat' dir='ltr'>prout</span> <span class='ocrx_word' id='word_1_616' title='bbox 2310 4154 2372 4209; x_wconf 93' lang='lat' dir='ltr'>in</span> <span class='ocrx_word' id='word_1_617' title='bbox 2407 4151 2794 4226; x_wconf 88' lang='lat' dir='ltr'>sequentibus</span> <span class='ocrx_word' id='word_1_618' title='bbox 2824 4151 3159 4224; x_wconf 87' lang='lat' dir='ltr'>apparebit.</span> <span class='ocrx_word' id='word_1_619' title='bbox 3212 4150 3510 4223; x_wconf 89' lang='lat' dir='ltr'>Scriptum</span> 
     </span>
    </p>
   </div>
   <div class='ocr_carea' id='block_1_83' title="bbox 1861 4240 3510 4316">
    <p class='ocr_par' dir='ltr' id='par_1_83' title="bbox 1861 4240 3510 4316">
     <span class='ocr_line' id='line_1_83' title="bbox 1861 4240 3510 4316; baseline -0.005 -13"><span class='ocrx_word' id='word_1_620' title='bbox 1861 4251 1950 4304; x_wconf 91' lang='lat' dir='ltr'>est</span> <span class='ocrx_word' id='word_1_621' title='bbox 1978 4247 2040 4302; x_wconf 92' lang='lat' dir='ltr'>in</span> <span class='ocrx_word' id='word_1_622' title='bbox 2072 4248 2250 4313; x_wconf 90' lang='lat' dir='ltr'>Luca,</span> <span class='ocrx_word' id='word_1_623' title='bbox 2279 4243 2445 4316; x_wconf 92' lang='lat' dir='ltr'>quod</span> <span class='ocrx_word' id='word_1_624' title='bbox 2502 4259 2642 4298; x_wconf 90' lang='lat' dir='ltr'>cum</span> <span class='ocrx_word' id='word_1_625' title='bbox 2699 4242 2988 4298; x_wconf 92' lang='lat' dir='ltr'>Dominus</span> <span class='ocrx_word' id='word_1_626' title='bbox 3035 4241 3415 4314; x_wconf 88' lang='lat' dir='ltr'>apparuisset</span> <span class='ocrx_word' id='word_1_627' title='bbox 3451 4240 3510 4296; x_wconf 91' lang='lat' dir='ltr'>in</span> 
     </span>
    </p>
   </div>
   <div class='ocr_carea' id='block_1_84' title="bbox 1863 4328 3510 4410">
    <p class='ocr_par' dir='ltr' id='par_1_84' title="bbox 1863 4328 3510 4410">
     <span class='ocr_line' id='line_1_84' title="bbox 1863 4328 3510 4410; baseline -0.005 -17"><span class='ocrx_word' id='word_1_628' title='bbox 1863 4336 2060 4410; x_wconf 89' lang='lat' dir='ltr'>specie</span> <span class='ocrx_word' id='word_1_629' title='bbox 2084 4333 2398 4407; x_wconf 89' lang='lat' dir='ltr'>peregrini,</span> <span class='ocrx_word' id='word_1_630' title='bbox 2437 4335 2680 4388; x_wconf 86' lang='lat' dir='ltr'>coactus</span> <span class='ocrx_word' id='word_1_631' title='bbox 2707 4331 2871 4387; x_wconf 88' lang='lat' dir='ltr'>fuita</span> <span class='ocrx_word' id='word_1_632' title='bbox 2913 4330 3155 4386; x_wconf 92' lang='lat' dir='ltr'>duobus</span> <span class='ocrx_word' id='word_1_633' title='bbox 3183 4328 3510 4402; x_wconf 90' lang='lat' dir='ltr'>discipulis,</span> 
     </span>
    </p>
   </div>
   <div class='ocr_carea' id='block_1_85' title="bbox 1861 4418 3515 4493">
    <p class='ocr_par' dir='ltr' id='par_1_85' title="bbox 1861 4418 3515 4493">
     <span class='ocr_line' id='line_1_85' title="bbox 1861 4418 3515 4493; baseline -0.005 -11"><span class='ocrx_word' id='word_1_634' title='bbox 1861 4430 1928 4482; x_wconf 89' lang='lat' dir='ltr'>ut</span> <span class='ocrx_word' id='word_1_635' title='bbox 1967 4423 2389 4490; x_wconf 89' lang='lat' dir='ltr'>discumberet,</span> <span class='ocrx_word' id='word_1_636' title='bbox 2439 4426 2495 4476; x_wconf 93' lang='lat' dir='ltr'>et</span> <span class='ocrx_word' id='word_1_637' title='bbox 2541 4420 2970 4491; x_wconf 81' lang='lat' dir='ltr'>postzaccepit</span> <span class='ocrx_word' id='word_1_638' title='bbox 3017 4420 3194 4493; x_wconf 77' lang='grc' dir='ltr'>ἄρτον,</span> <span class='ocrx_word' id='word_1_639' title='bbox 3246 4423 3302 4474; x_wconf 86' lang='lat' dir='ltr'>et</span> <span class='ocrx_word' id='word_1_640' title='bbox 3350 4418 3515 4474; x_wconf 87' lang='lat' dir='ltr'>bene-</span> 
     </span>
    </p>
   </div>
   <div class='ocr_carea' id='block_1_86' title="bbox 105 4505 3516 4587">
    <p class='ocr_par' dir='ltr' id='par_1_86' title="bbox 105 4505 3516 4587">
     <span class='ocr_line' id='line_1_86' title="bbox 105 4505 3516 4587; baseline -0.004 -13"><span class='ocrx_word' id='word_1_641' title='bbox 105 4520 318 4574; x_wconf 82' lang='lat' dir='ltr'>mensis</span> <span class='ocrx_word' id='word_1_642' title='bbox 335 4516 418 4572; x_wconf 87' lang='lat' dir='ltr'>ad</span> <span class='ocrx_word' id='word_1_643' title='bbox 434 4531 739 4587; x_wconf 84' lang='lat' dir='ltr'>vesperam</span> <span class='ocrx_word' id='word_1_644' title='bbox 761 4516 995 4572; x_wconf 89' lang='lat' dir='ltr'>Pascha</span> <span class='ocrx_word' id='word_1_645' title='bbox 1009 4517 1252 4572; x_wconf 85' lang='lat' dir='ltr'>Domini</span> <span class='ocrx_word' id='word_1_646' title='bbox 1267 4517 1446 4584; x_wconf 69' lang='lat' dir='ltr'>est“;</span> <span class='ocrx_word' id='word_1_647' title='bbox 1472 4522 1526 4573; x_wconf 92' lang='lat' dir='ltr'>et</span> <span class='ocrx_word' id='word_1_648' title='bbox 1548 4518 1607 4572; x_wconf 94' lang='lat' dir='ltr'>in</span> <span class='ocrx_word' id='word_1_649' title='bbox 1622 4521 1752 4574; x_wconf 85' lang='lat' dir='ltr'>Mat-</span> <span class='ocrx_word' id='word_1_650' title='bbox 1784 4519 1830 4574; x_wconf 91' lang='lat' dir='ltr'><strong>D</strong></span> <span class='ocrx_word' id='word_1_651' title='bbox 1863 4515 2039 4579; x_wconf 72' lang='lat' dir='ltr'>dixit,</span> <span class='ocrx_word' id='word_1_652' title='bbox 2071 4515 2127 4568; x_wconf 82' lang='lat' dir='ltr'>et</span> <span class='ocrx_word' id='word_1_653' title='bbox 2154 4527 2289 4583; x_wconf 86' lang='lat' dir='ltr'>quae</span> <span class='ocrx_word' id='word_1_654' title='bbox 2313 4513 2644 4581; x_wconf 88' lang='lat' dir='ltr'>sequuntur</span> <span class='ocrx_word' id='word_1_655' title='bbox 2674 4509 2714 4562; x_wconf 77' lang='grc'>³.</span> <span class='ocrx_word' id='word_1_656' title='bbox 2750 4507 2864 4564; x_wconf 89' lang='lat' dir='ltr'>Sed</span> <span class='ocrx_word' id='word_1_657' title='bbox 2890 4511 3146 4575; x_wconf 89' lang='lat' dir='ltr'>constat,</span> <span class='ocrx_word' id='word_1_658' title='bbox 3197 4505 3361 4578; x_wconf 90' lang='lat' dir='ltr'>quod</span> <span class='ocrx_word' id='word_1_659' title='bbox 3386 4506 3516 4560; x_wconf 76' lang='lat' dir='ltr'>haec</span> 
     </span>
    </p>
   </div>
   <div class='ocr_carea' id='block_1_87' title="bbox 106 4603 1754 4676">
    <p class='ocr_par' dir='ltr' id='par_1_87' title="bbox 106 4603 1754 4676">
     <span class='ocr_line' id='line_1_87' title="bbox 106 4603 1754 4676; baseline 0.001 -16"><span class='ocrx_word' id='word_1_660' title='bbox 106 4605 258 4662; x_wconf 76' lang='lat' dir='ltr'>thaeo</span> <span class='ocrx_word' id='word_1_661' title='bbox 285 4623 298 4660; x_wconf 93' lang='lat'>:</span> <span class='ocrx_word' id='word_1_662' title='bbox 335 4606 519 4661; x_wconf 89' lang='lat' dir='ltr'>Scitis</span> <span class='ocrx_word' id='word_1_663' title='bbox 545 4607 688 4676; x_wconf 89' lang='lat' dir='ltr'>quia</span> <span class='ocrx_word' id='word_1_664' title='bbox 707 4610 840 4674; x_wconf 89' lang='lat' dir='ltr'>post</span> <span class='ocrx_word' id='word_1_665' title='bbox 865 4603 1109 4660; x_wconf 87' lang='lat' dir='ltr'>biduum</span> <span class='ocrx_word' id='word_1_666' title='bbox 1143 4605 1378 4661; x_wconf 86' lang='lat' dir='ltr'>Pascha</span> <span class='ocrx_word' id='word_1_667' title='bbox 1402 4606 1502 4674; x_wconf 83' lang='lat' dir='ltr'>ﬁet</span> <span class='ocrx_word' id='word_1_668' title='bbox 1538 4607 1607 4660; x_wconf 80' lang='grc'>⁸⁵.</span> <span class='ocrx_word' id='word_1_669' title='bbox 1640 4607 1754 4662; x_wconf 89' lang='lat' dir='ltr'>Ali-</span> 
     </span>
    </p>
   </div>
   <div class='ocr_carea' id='block_1_88' title="bbox 107 4695 1755 4768">
    <p class='ocr_par' dir='ltr' id='par_1_88' title="bbox 107 4695 1755 4768">
     <span class='ocr_line' id='line_1_88' title="bbox 107 4695 1755 4768; baseline 0.001 -16"><span class='ocrx_word' id='word_1_670' title='bbox 107 4696 356 4768; x_wconf 87' lang='lat' dir='ltr'>quando</span> <span class='ocrx_word' id='word_1_671' title='bbox 385 4711 580 4766; x_wconf 89' lang='lat' dir='ltr'>agnus</span> <span class='ocrx_word' id='word_1_672' title='bbox 611 4695 980 4761; x_wconf 87' lang='lat' dir='ltr'>immolatus,</span> <span class='ocrx_word' id='word_1_673' title='bbox 1011 4699 1074 4752; x_wconf 89' lang='lat' dir='ltr'>ut</span> <span class='ocrx_word' id='word_1_674' title='bbox 1099 4714 1110 4750; x_wconf 93' lang='lat'>:</span> <span class='ocrx_word' id='word_1_675' title='bbox 1151 4695 1316 4752; x_wconf 89' lang='lat' dir='ltr'>Unde</span> <span class='ocrx_word' id='word_1_676' title='bbox 1358 4698 1444 4752; x_wconf 87' lang='lat' dir='ltr'>vis</span> <span class='ocrx_word' id='word_1_677' title='bbox 1471 4712 1755 4766; x_wconf 88' lang='lat' dir='ltr'>paremus</span> 
     </span>
    </p>
   </div>
   <div class='ocr_carea' id='block_1_89' title="bbox 110 4783 1759 4857">
    <p class='ocr_par' dir='ltr' id='par_1_89' title="bbox 110 4783 1759 4857">
     <span class='ocr_line' id='line_1_89' title="bbox 110 4783 1759 4857; baseline 0.002 -18"><span class='ocrx_word' id='word_1_678' title='bbox 110 4787 210 4841; x_wconf 85' lang='lat' dir='ltr'>tibi</span> <span class='ocrx_word' id='word_1_679' title='bbox 219 4785 464 4842; x_wconf 85' lang='lat' dir='ltr'>Pascha</span> <span class='ocrx_word' id='word_1_680' title='bbox 481 4786 566 4840; x_wconf 72' lang='lat'>86?</span> <span class='ocrx_word' id='word_1_681' title='bbox 581 4783 955 4857; x_wconf 90' lang='lat' dir='ltr'>Quandoque</span> <span class='ocrx_word' id='word_1_682' title='bbox 966 4799 1110 4839; x_wconf 87' lang='lat' dir='ltr'>vero</span> <span class='ocrx_word' id='word_1_683' title='bbox 1121 4783 1252 4840; x_wconf 90' lang='lat' dir='ltr'>dies</span> <span class='ocrx_word' id='word_1_684' title='bbox 1265 4787 1759 4856; x_wconf 84' lang='lat' dir='ltr'>azymorum,sic-</span> 
     </span>
    </p>
   </div>
   <div class='ocr_carea' id='block_1_90' title="bbox 110 4873 1762 4944">
    <p class='ocr_par' dir='ltr' id='par_1_90' title="bbox 110 4873 1762 4944">
     <span class='ocr_line' id='line_1_90' title="bbox 110 4873 1762 4944; baseline 0.002 -16"><span class='ocrx_word' id='word_1_685' title='bbox 110 4881 163 4931; x_wconf 90' lang='lat' dir='ltr'>ut</span> <span class='ocrx_word' id='word_1_686' title='bbox 195 4873 458 4930; x_wconf 87' lang='lat' dir='ltr'>habetur</span> <span class='ocrx_word' id='word_1_687' title='bbox 485 4874 547 4929; x_wconf 91' lang='lat' dir='ltr'>in</span> <span class='ocrx_word' id='word_1_688' title='bbox 589 4873 834 4930; x_wconf 85' lang='lat' dir='ltr'>Actibus</span> <span class='ocrx_word' id='word_1_689' title='bbox 878 4873 1290 4944; x_wconf 85' lang='lat' dir='ltr'>apostolorum</span> <span class='ocrx_word' id='word_1_690' title='bbox 1317 4874 1392 4929; x_wconf 90' lang='lat' dir='ltr'>de</span> <span class='ocrx_word' id='word_1_691' title='bbox 1423 4877 1627 4931; x_wconf 89' lang='lat' dir='ltr'>Petro:</span> <span class='ocrx_word' id='word_1_692' title='bbox 1669 4878 1762 4932; x_wconf 86' lang='lat' dir='ltr'>Vo-</span> 
     </span>
    </p>
   </div>
   <div class='ocr_carea' id='block_1_91' title="bbox 111 4963 1760 5035">
    <p class='ocr_par' dir='ltr' id='par_1_91' title="bbox 111 4963 1760 5035">
     <span class='ocr_line' id='line_1_91' title="bbox 111 4963 1760 5035; baseline 0.002 -18"><span class='ocrx_word' id='word_1_693' title='bbox 111 4963 230 5020; x_wconf 85' lang='lat' dir='ltr'>lens</span> <span class='ocrx_word' id='word_1_694' title='bbox 237 4963 717 5033; x_wconf 88' lang='lat' dir='ltr'>postproducere</span> <span class='ocrx_word' id='word_1_695' title='bbox 727 4979 854 5019; x_wconf 91' lang='lat' dir='ltr'>eum</span> <span class='ocrx_word' id='word_1_696' title='bbox 871 4963 1115 5032; x_wconf 87' lang='lat' dir='ltr'>populo;</span> <span class='ocrx_word' id='word_1_697' title='bbox 1130 4969 1303 5018; x_wconf 82' lang='lat' dir='ltr'>erant</span> <span class='ocrx_word' id='word_1_698' title='bbox 1315 4966 1468 5020; x_wconf 89' lang='lat' dir='ltr'>enim</span> <span class='ocrx_word' id='word_1_699' title='bbox 1483 4964 1612 5022; x_wconf 86' lang='lat' dir='ltr'>dies</span> <span class='ocrx_word' id='word_1_700' title='bbox 1623 4979 1760 5035; x_wconf 82' lang='lat' dir='ltr'>azy-</span> 
     </span>
    </p>
   </div>
   <div class='ocr_carea' id='block_1_92' title="bbox 108 5051 1757 5125">
    <p class='ocr_par' dir='ltr' id='par_1_92' title="bbox 108 5051 1757 5125">
     <span class='ocr_line' id='line_1_92' title="bbox 108 5051 1757 5125; baseline 0.001 -16"><span class='ocrx_word' id='word_1_701' title='bbox 108 5068 339 5109; x_wconf 89' lang='lat' dir='ltr'>morum</span> <span class='ocrx_word' id='word_1_702' title='bbox 353 5054 419 5106; x_wconf 72' lang='grc'>⁸⁷.</span> <span class='ocrx_word' id='word_1_703' title='bbox 441 5051 778 5125; x_wconf 84' lang='lat' dir='ltr'>Aliquando</span> <span class='ocrx_word' id='word_1_704' title='bbox 797 5057 994 5108; x_wconf 89' lang='lat' dir='ltr'>autem</span> <span class='ocrx_word' id='word_1_705' title='bbox 1009 5066 1197 5124; x_wconf 90' lang='lat' dir='ltr'>panes</span> <span class='ocrx_word' id='word_1_706' title='bbox 1219 5052 1433 5124; x_wconf 89' lang='lat' dir='ltr'>azymi,</span> <span class='ocrx_word' id='word_1_707' title='bbox 1468 5053 1757 5111; x_wconf 89' lang='lat' dir='ltr'>sicuthic:</span> 
     </span>
    </p>
   </div>
   <div class='ocr_carea' id='block_1_93' title="bbox 110 5142 1759 5214">
    <p class='ocr_par' dir='ltr' id='par_1_93' title="bbox 110 5142 1759 5214">
     <span class='ocr_line' id='line_1_93' title="bbox 110 5142 1759 5214; baseline 0.002 -18"><span class='ocrx_word' id='word_1_708' title='bbox 110 5142 237 5198; x_wconf 81' lang='lat' dir='ltr'>Non</span> <span class='ocrx_word' id='word_1_709' title='bbox 268 5144 641 5198; x_wconf 79' lang='lat' dir='ltr'>introierunt</span> <span class='ocrx_word' id='word_1_710' title='bbox 672 5143 740 5198; x_wconf 88' lang='lat' dir='ltr'>in</span> <span class='ocrx_word' id='word_1_711' title='bbox 766 5142 1217 5211; x_wconf 73' lang='lat' dir='ltr'>proetorium,ut</span> <span class='ocrx_word' id='word_1_712' title='bbox 1240 5157 1359 5197; x_wconf 90' lang='lat' dir='ltr'>non</span> <span class='ocrx_word' id='word_1_713' title='bbox 1391 5144 1759 5214; x_wconf 85' lang='lat' dir='ltr'>contamina,</span> 
     </span>
    </p>
   </div>
   <div class='ocr_carea' id='block_1_94' title="bbox 111 5229 1758 5304">
    <p class='ocr_par' dir='ltr' id='par_1_94' title="bbox 111 5229 1758 5304">
     <span class='ocr_line' id='line_1_94' title="bbox 111 5229 1758 5304; baseline 0.005 -23"><span class='ocrx_word' id='word_1_714' title='bbox 111 5237 340 5294; x_wconf 85' lang='lat' dir='ltr'>rentur,</span> <span class='ocrx_word' id='word_1_715' title='bbox 355 5231 462 5286; x_wconf 89' lang='lat' dir='ltr'>sed</span> <span class='ocrx_word' id='word_1_716' title='bbox 473 5235 535 5286; x_wconf 89' lang='lat' dir='ltr'>ut</span> <span class='ocrx_word' id='word_1_717' title='bbox 560 5229 1244 5287; x_wconf 82' lang='lat' dir='ltr'>manducarentPascha</span> <span class='ocrx_word' id='word_1_718' title='bbox 1261 5231 1329 5298; x_wconf 76' lang='grc'>⁸⁸,</span> <span class='ocrx_word' id='word_1_719' title='bbox 1360 5230 1421 5286; x_wconf 88' lang='lat' dir='ltr'>id</span> <span class='ocrx_word' id='word_1_720' title='bbox 1439 5235 1543 5302; x_wconf 89' lang='lat' dir='ltr'>est,</span> <span class='ocrx_word' id='word_1_721' title='bbox 1569 5247 1758 5304; x_wconf 80' lang='lat' dir='ltr'>panes</span> 
     </span>
    </p>
   </div>
   <div class='ocr_carea' id='block_1_95' title="bbox 1865 4595 3516 4662">
    <p class='ocr_par' dir='ltr' id='par_1_95' title="bbox 1865 4595 3516 4662">
     <span class='ocr_line' id='line_1_95' title="bbox 1865 4595 3516 4662; baseline -0.006 -3"><span class='ocrx_word' id='word_1_722' title='bbox 1865 4604 2023 4659; x_wconf 88' lang='lat' dir='ltr'>facta</span> <span class='ocrx_word' id='word_1_723' title='bbox 2089 4603 2226 4656; x_wconf 87' lang='lat' dir='ltr'>sunt</span> <span class='ocrx_word' id='word_1_724' title='bbox 2263 4601 2325 4655; x_wconf 93' lang='lat' dir='ltr'>in</span> <span class='ocrx_word' id='word_1_725' title='bbox 2348 4598 2443 4654; x_wconf 92' lang='lat' dir='ltr'>die</span> <span class='ocrx_word' id='word_1_726' title='bbox 2487 4597 2974 4662; x_wconf 84' lang='lat' dir='ltr'>Resurrectionis,</span> <span class='ocrx_word' id='word_1_727' title='bbox 3031 4596 3148 4652; x_wconf 91' lang='lat' dir='ltr'>hoc</span> <span class='ocrx_word' id='word_1_728' title='bbox 3195 4600 3301 4660; x_wconf 91' lang='lat' dir='ltr'>est,</span> <span class='ocrx_word' id='word_1_729' title='bbox 3331 4595 3395 4650; x_wconf 89' lang='lat' dir='ltr'>in</span> <span class='ocrx_word' id='word_1_730' title='bbox 3419 4595 3516 4650; x_wconf 91' lang='lat' dir='ltr'>die</span> 
     </span>
    </p>
   </div>
   <div class='ocr_carea' id='block_1_96' title="bbox 1866 4684 3516 4766">
    <p class='ocr_par' dir='ltr' id='par_1_96' title="bbox 1866 4684 3516 4766">
     <span class='ocr_line' id='line_1_96' title="bbox 1866 4684 3516 4766; baseline -0.008 -14"><span class='ocrx_word' id='word_1_731' title='bbox 1866 4707 2239 4766; x_wconf 87' lang='lat' dir='ltr'>azymorum,</span> <span class='ocrx_word' id='word_1_732' title='bbox 2270 4689 2376 4761; x_wconf 89' lang='lat' dir='ltr'>qui</span> <span class='ocrx_word' id='word_1_733' title='bbox 2405 4703 2512 4760; x_wconf 90' lang='lat' dir='ltr'>per</span> <span class='ocrx_word' id='word_1_734' title='bbox 2541 4691 2770 4759; x_wconf 86' lang='lat' dir='ltr'>septem</span> <span class='ocrx_word' id='word_1_735' title='bbox 2800 4687 2928 4741; x_wconf 91' lang='lat' dir='ltr'>dies</span> <span class='ocrx_word' id='word_1_736' title='bbox 2958 4685 3291 4741; x_wconf 90' lang='lat' dir='ltr'>secundum</span> <span class='ocrx_word' id='word_1_737' title='bbox 3319 4684 3516 4753; x_wconf 91' lang='lat' dir='ltr'>legem</span> 
     </span>
    </p>
   </div>
   <div class='ocr_carea' id='block_1_97' title="bbox 1867 4774 3517 4851">
    <p class='ocr_par' dir='ltr' id='par_1_97' title="bbox 1867 4774 3517 4851">
     <span class='ocr_line' id='line_1_97' title="bbox 1867 4774 3517 4851; baseline -0.008 -11"><span class='ocrx_word' id='word_1_738' title='bbox 1867 4779 2256 4850; x_wconf 88' lang='lat' dir='ltr'>durabant,in</span> <span class='ocrx_word' id='word_1_739' title='bbox 2268 4778 2489 4851; x_wconf 88' lang='lat' dir='ltr'>quibus</span> <span class='ocrx_word' id='word_1_740' title='bbox 2503 4793 2625 4833; x_wconf 92' lang='lat' dir='ltr'>non</span> <span class='ocrx_word' id='word_1_741' title='bbox 2665 4776 2861 4832; x_wconf 91' lang='lat' dir='ltr'>solum</span> <span class='ocrx_word' id='word_1_742' title='bbox 2891 4791 3015 4831; x_wconf 90' lang='lat' dir='ltr'>non</span> <span class='ocrx_word' id='word_1_743' title='bbox 3032 4774 3285 4842; x_wconf 89' lang='lat' dir='ltr'>comedi,</span> <span class='ocrx_word' id='word_1_744' title='bbox 3305 4787 3517 4828; x_wconf 88' lang='lat' dir='ltr'>verum</span> 
     </span>
    </p>
   </div>
   <div class='ocr_carea' id='block_1_98' title="bbox 1871 4859 3517 4935">
    <p class='ocr_par' dir='ltr' id='par_1_98' title="bbox 1871 4859 3517 4935">
     <span class='ocr_line' id='line_1_98' title="bbox 1871 4859 3517 4935; baseline -0.009 -7"><span class='ocrx_word' id='word_1_745' title='bbox 1871 4889 1978 4928; x_wconf 83' lang='lat' dir='ltr'>nec</span> <span class='ocrx_word' id='word_1_746' title='bbox 1999 4872 2060 4926; x_wconf 90' lang='lat' dir='ltr'>in</span> <span class='ocrx_word' id='word_1_747' title='bbox 2081 4867 2386 4935; x_wconf 90' lang='lat' dir='ltr'>domibus,</span> <span class='ocrx_word' id='word_1_748' title='bbox 2418 4882 2529 4922; x_wconf 87' lang='lat' dir='ltr'>nec</span> <span class='ocrx_word' id='word_1_749' title='bbox 2545 4866 2604 4921; x_wconf 90' lang='lat' dir='ltr'>in</span> <span class='ocrx_word' id='word_1_750' title='bbox 2627 4865 2849 4920; x_wconf 79' lang='lat' dir='ltr'>ﬁnibus</span> <span class='ocrx_word' id='word_1_751' title='bbox 2870 4863 2981 4919; x_wconf 90' lang='lat' dir='ltr'>illis</span> <span class='ocrx_word' id='word_1_752' title='bbox 3007 4861 3309 4929; x_wconf 87' lang='lat' dir='ltr'>omnibus,</span> <span class='ocrx_word' id='word_1_753' title='bbox 3341 4859 3517 4931; x_wconf 88' lang='lat' dir='ltr'>panis</span> 
     </span>
    </p>
   </div>
   <div class='ocr_carea' id='block_1_99' title="bbox 1869 4947 3518 5029">
    <p class='ocr_par' dir='ltr' id='par_1_99' title="bbox 1869 4947 3518 5029">
     <span class='ocr_line' id='line_1_99' title="bbox 1869 4947 3518 5029; baseline -0.008 -13"><span class='ocrx_word' id='word_1_754' title='bbox 1869 4961 2260 5017; x_wconf 89' lang='lat' dir='ltr'>fermentatus</span> <span class='ocrx_word' id='word_1_755' title='bbox 2289 4961 2526 5029; x_wconf 84' lang='lat' dir='ltr'>poterat</span> <span class='ocrx_word' id='word_1_756' title='bbox 2561 4954 2840 5010; x_wconf 88' lang='lat' dir='ltr'>inveniri.</span> <span class='ocrx_word' id='word_1_757' title='bbox 2881 4954 3121 5007; x_wconf 86' lang='lat' dir='ltr'>Constat</span> <span class='ocrx_word' id='word_1_758' title='bbox 3153 4963 3315 5018; x_wconf 84' lang='lat' dir='ltr'>ergo,</span> <span class='ocrx_word' id='word_1_759' title='bbox 3348 4947 3518 5019; x_wconf 90' lang='lat' dir='ltr'>quod</span> 
     </span>
    </p>
   </div>
   <div class='ocr_carea' id='block_1_100' title="bbox 1868 5037 3518 5122">
    <p class='ocr_par' dir='ltr' id='par_1_100' title="bbox 1868 5037 3518 5122">
     <span class='ocr_line' id='line_1_100' title="bbox 1868 5037 3518 5122; baseline -0.01 -14"><span class='ocrx_word' id='word_1_760' title='bbox 1868 5051 1970 5108; x_wconf 91' lang='lat' dir='ltr'>ille</span> <span class='ocrx_word' id='word_1_761' title='bbox 2035 5049 2229 5122; x_wconf 82' lang='lat' dir='ltr'>panis,</span> <span class='ocrx_word' id='word_1_762' title='bbox 2277 5046 2380 5118; x_wconf 92' lang='lat' dir='ltr'>qui</span> <span class='ocrx_word' id='word_1_763' title='bbox 2431 5045 2764 5101; x_wconf 89' lang='lat' dir='ltr'>secundum</span> <span class='ocrx_word' id='word_1_764' title='bbox 2819 5046 3047 5097; x_wconf 67' lang='lat' dir='ltr'>Crtecos</span> <span class='ocrx_word' id='word_1_765' title='bbox 3079 5041 3233 5112; x_wconf 74' lang='grc' dir='ltr'>ἄρτος</span> <span class='ocrx_word' id='word_1_766' title='bbox 3281 5037 3518 5100; x_wconf 82' lang='lat' dir='ltr'>dicitur,</span> 
     </span>
    </p>
   </div>
   <div class='ocr_carea' id='block_1_101' title="bbox 1870 5127 3517 5205">
    <p class='ocr_par' dir='ltr' id='par_1_101' title="bbox 1870 5127 3517 5205">
     <span class='ocr_line' id='line_1_101' title="bbox 1870 5127 3517 5205; baseline -0.013 -9"><span class='ocrx_word' id='word_1_767' title='bbox 1870 5155 1995 5196; x_wconf 91' lang='lat' dir='ltr'>non</span> <span class='ocrx_word' id='word_1_768' title='bbox 2053 5138 2162 5193; x_wconf 88' lang='lat' dir='ltr'>fuit</span> <span class='ocrx_word' id='word_1_769' title='bbox 2225 5135 2633 5205; x_wconf 87' lang='lat' dir='ltr'>fermentatus,</span> <span class='ocrx_word' id='word_1_770' title='bbox 2689 5131 2794 5188; x_wconf 88' lang='lat' dir='ltr'>sed</span> <span class='ocrx_word' id='word_1_771' title='bbox 2835 5144 3106 5201; x_wconf 88' lang='lat' dir='ltr'>azymus.</span> <span class='ocrx_word' id='word_1_772' title='bbox 3143 5127 3329 5201; x_wconf 74' lang='lat' dir='ltr'>&quot;Ap-:0;</span> <span class='ocrx_word' id='word_1_773' title='bbox 3375 5141 3517 5196; x_wconf 79' lang='lat' dir='ltr'>ergo</span> 
     </span>
    </p>
   </div>
   <div class='ocr_carea' id='block_1_102' title="bbox 1884 5227 2566 5301">
    <p class='ocr_par' dir='ltr' id='par_1_102' title="bbox 1884 5227 2566 5301">
     <span class='ocr_line' id='line_1_102' title="bbox 1884 5227 2566 5301; baseline -0.018 -11"><span class='ocrx_word' id='word_1_774' title='bbox 1884 5227 2174 5301; x_wconf 86' lang='lat' dir='ltr'>supponit</span> <span class='ocrx_word' id='word_1_775' title='bbox 2200 5242 2311 5299; x_wconf 91' lang='lat' dir='ltr'>pro</span> <span class='ocrx_word' id='word_1_776' title='bbox 2333 5239 2566 5296; x_wconf 87' lang='lat' dir='ltr'>azymo.</span> 
     </span>
    </p>
   </div>
   <div class='ocr_carea' id='block_1_103' title="bbox 178 5394 1749 5479">
    <p class='ocr_par' dir='ltr' id='par_1_103' title="bbox 178 5409 1749 5478">
     <span class='ocr_line' id='line_1_103' title="bbox 178 5409 1749 5478; baseline 0.002 -17"><span class='ocrx_word' id='word_1_777' title='bbox 178 5412 222 5445; x_wconf 75' lang='grc' dir='ltr'>ττ</span> <span class='ocrx_word' id='word_1_778' title='bbox 255 5410 434 5466; x_wconf 87' lang='lat' dir='ltr'>Joan.</span> <span class='ocrx_word' id='word_1_779' title='bbox 467 5426 578 5476; x_wconf 86' lang='lat' dir='ltr'>xm,</span> <span class='ocrx_word' id='word_1_780' title='bbox 605 5414 695 5466; x_wconf 77' lang='lat'>26.</span> <span class='ocrx_word' id='word_1_781' title='bbox 773 5414 840 5466; x_wconf 85' lang='lat'>78</span> <span class='ocrx_word' id='word_1_782' title='bbox 869 5409 1067 5466; x_wconf 87' lang='lat' dir='ltr'>Matth.</span> <span class='ocrx_word' id='word_1_783' title='bbox 1101 5425 1252 5478; x_wconf 79' lang='lat' dir='ltr'>xrri,</span> <span class='ocrx_word' id='word_1_784' title='bbox 1279 5413 1367 5465; x_wconf 79' lang='lat'>23.</span> <span class='ocrx_word' id='word_1_785' title='bbox 1426 5411 1474 5444; x_wconf 74' lang='lat'><strong>79</strong></span> <span class='ocrx_word' id='word_1_786' title='bbox 1503 5409 1702 5466; x_wconf 85' lang='lat' dir='ltr'>Matth.</span> <span class='ocrx_word' id='word_1_787' title='bbox 1733 5425 1749 5464; x_wconf 71' lang='grc' dir='ltr'>ι</span> 
     </span>
    </p>
   </div>
   <div class='ocr_carea' id='block_1_104' title="bbox 1859 5394 3526 5479">
    <p class='ocr_par' dir='ltr' id='par_1_104' title="bbox 1859 5394 3526 5479">
     <span class='ocr_line' id='line_1_104' title="bbox 1859 5394 3526 5479; baseline -0.008 -16"><span class='ocrx_word' id='word_1_788' title='bbox 1859 5425 1905 5474; x_wconf 85' lang='lat' dir='ltr'>.l,</span> <span class='ocrx_word' id='word_1_789' title='bbox 1937 5411 1991 5463; x_wconf 76' lang='grc'>4.</span> <span class='ocrx_word' id='word_1_790' title='bbox 2057 5407 2104 5440; x_wconf 76' lang='grc' dir='ltr'>⁸ο</span> <span class='ocrx_word' id='word_1_791' title='bbox 2139 5406 2298 5479; x_wconf 83' lang='lat' dir='ltr'>Deut.</span> <span class='ocrx_word' id='word_1_792' title='bbox 2335 5405 2452 5463; x_wconf 66' lang='grc' dir='ltr'>χιιι,</span> <span class='ocrx_word' id='word_1_793' title='bbox 2483 5404 2652 5479; x_wconf 27' lang='lat' dir='ltr'>t‘i-lOL</span> <span class='ocrx_word' id='word_1_794' title='bbox 2687 5396 2977 5479; x_wconf 52' lang='lat' dir='ltr'>f‘hlatth.</span> <span class='ocrx_word' id='word_1_795' title='bbox 3010 5413 3066 5479; x_wconf 52' lang='grc' dir='ltr'>ξε</span> <span class='ocrx_word' id='word_1_796' title='bbox 3106 5401 3198 5479; x_wconf 59' lang='lat' dir='ltr'>l7.</span> <span class='ocrx_word' id='word_1_797' title='bbox 3254 5396 3298 5430; x_wconf 60' lang='lat'>3‘3</span> <span class='ocrx_word' id='word_1_798' title='bbox 3327 5394 3526 5479; x_wconf 73' lang='lat' dir='ltr'>Matth.</span> 
     </span>
    </p>
   </div>
   <div class='ocr_carea' id='block_1_105' title="bbox 118 5467 1749 5553">
    <p class='ocr_par' dir='ltr' id='par_1_105' title="bbox 118 5467 1749 5550">
     <span class='ocr_line' id='line_1_105' title="bbox 118 5467 1749 5550; baseline -0.001 -14"><span class='ocrx_word' id='word_1_799' title='bbox 118 5497 227 5547; x_wconf 79' lang='lat' dir='ltr'>xm,</span> <span class='ocrx_word' id='word_1_800' title='bbox 257 5485 352 5538; x_wconf 77' lang='grc'>58.</span> <span class='ocrx_word' id='word_1_801' title='bbox 427 5467 601 5538; x_wconf 79' lang='lat' dir='ltr'>Mare.</span> <span class='ocrx_word' id='word_1_802' title='bbox 632 5499 712 5537; x_wconf 74' lang='lat' dir='ltr'>vr.</span> <span class='ocrx_word' id='word_1_803' title='bbox 789 5482 837 5515; x_wconf 80' lang='grc'><strong>⁸³</strong></span> <span class='ocrx_word' id='word_1_804' title='bbox 866 5483 1040 5537; x_wconf 87' lang='lat' dir='ltr'>Joan.</span> <span class='ocrx_word' id='word_1_805' title='bbox 1075 5467 1347 5550; x_wconf 53' lang='lat' dir='ltr'>xv1u,&#39;28.</span> <span class='ocrx_word' id='word_1_806' title='bbox 1427 5481 1474 5515; x_wconf 61' lang='lat' dir='ltr'>3t</span> <span class='ocrx_word' id='word_1_807' title='bbox 1508 5481 1693 5536; x_wconf 80' lang='lat' dir='ltr'>Exod.</span> <span class='ocrx_word' id='word_1_808' title='bbox 1723 5497 1749 5534; x_wconf 74' lang='grc' dir='ltr'>ιι</span> 
     </span>
    </p>
   </div>
   <div class='ocr_carea' id='block_1_106' title="bbox 1859 5467 3530 5553">
    <p class='ocr_par' dir='ltr' id='par_1_106' title="bbox 1859 5467 3530 5553">
     <span class='ocr_line' id='line_1_106' title="bbox 1859 5467 3530 5553; baseline -0.011 -19"><span class='ocrx_word' id='word_1_809' title='bbox 1859 5467 1988 5553; x_wconf 32' lang='lat'>18.”</span> <span class='ocrx_word' id='word_1_810' title='bbox 2017 5479 2073 5553; x_wconf 32' lang='grc' dir='ltr'>ξδ’</span> <span class='ocrx_word' id='word_1_811' title='bbox 2096 5475 2468 5553; x_wconf 46' lang='grc' dir='ltr'>Μίξῐιὶιεριιινι,</span> <span class='ocrx_word' id='word_1_812' title='bbox 2492 5476 2546 5528; x_wconf 82' lang='lat'>2.</span> <span class='ocrx_word' id='word_1_813' title='bbox 2608 5473 2654 5505; x_wconf 65' lang='grc'><strong>⁸⁸</strong></span> <span class='ocrx_word' id='word_1_814' title='bbox 2687 5468 2979 5553; x_wconf 37' lang='grc' dir='ltr'>ἰξιίάλῆιχ..</span> <span class='ocrx_word' id='word_1_815' title='bbox 3007 5468 3237 5553; x_wconf 36' lang='grc' dir='ltr'>’⁸τῲΛοῐῇ</span> <span class='ocrx_word' id='word_1_816' title='bbox 3257 5473 3442 5553; x_wconf 46' lang='lat'>1:33,},</span> 
     </span>
    </p>
   </div>
   <div class='ocr_carea' id='block_1_107' title="bbox 120 5539 3534 5623">
    <p class='ocr_par' dir='ltr' id='par_1_107' title="bbox 120 5539 3534 5623">
     <span class='ocr_line' id='line_1_107' title="bbox 120 5539 3534 5623; baseline -0.004 -14"><span class='ocrx_word' id='word_1_817' title='bbox 120 5555 160 5587; x_wconf 74' lang='grc'>⁸⁸</span> <span class='ocrx_word' id='word_1_818' title='bbox 188 5539 358 5609; x_wconf 80' lang='lat' dir='ltr'>Joan.</span> <span class='ocrx_word' id='word_1_819' title='bbox 391 5569 547 5623; x_wconf 83' lang='lat' dir='ltr'>xvm,</span> <span class='ocrx_word' id='word_1_820' title='bbox 593 5556 672 5608; x_wconf 86' lang='grc'>18.</span> <span class='ocrx_word' id='word_1_821' title='bbox 733 5553 779 5587; x_wconf 70' lang='grc'>⁸9</span> <span class='ocrx_word' id='word_1_822' title='bbox 812 5553 1008 5608; x_wconf 88' lang='lat' dir='ltr'>Matth.</span> <span class='ocrx_word' id='word_1_823' title='bbox 1036 5568 1148 5617; x_wconf 74' lang='lat' dir='ltr'>xw,</span> <span class='ocrx_word' id='word_1_824' title='bbox 1199 5539 1254 5609; x_wconf 53' lang='lat'>2&#39;.</span> <span class='ocrx_word' id='word_1_825' title='bbox 1323 5555 1371 5587; x_wconf 67' lang='lat'>9°</span> <span class='ocrx_word' id='word_1_826' title='bbox 1402 5555 1724 5622; x_wconf 79' lang='lat' dir='ltr'>Marc.x1v,</span> <span class='ocrx_word' id='word_1_827' title='bbox 1755 5539 1820 5606; x_wconf 79' lang='grc'>1.’</span> <span class='ocrx_word' id='word_1_828' title='bbox 1872 5553 1914 5587; x_wconf 79' lang='grc'>⁹¹</span> <span class='ocrx_word' id='word_1_829' title='bbox 1952 5549 2099 5606; x_wconf 88' lang='lat' dir='ltr'>Ibid.</span> <span class='ocrx_word' id='word_1_830' title='bbox 2135 5549 2217 5604; x_wconf 82' lang='lat' dir='ltr'>l2.</span> <span class='ocrx_word' id='word_1_831' title='bbox 2285 5546 2331 5580; x_wconf 68' lang='grc'>9⁸</span> <span class='ocrx_word' id='word_1_832' title='bbox 2360 5539 2499 5600; x_wconf 82' lang='lat' dir='ltr'>Lue.</span> <span class='ocrx_word' id='word_1_833' title='bbox 2532 5559 2671 5610; x_wconf 72' lang='lat' dir='ltr'>xxu,</span> <span class='ocrx_word' id='word_1_834' title='bbox 2709 5547 2758 5598; x_wconf 84' lang='lat' dir='ltr'>l.</span> <span class='ocrx_word' id='word_1_835' title='bbox 2824 5542 2872 5577; x_wconf 74' lang='lat'>93</span> <span class='ocrx_word' id='word_1_836' title='bbox 2899 5539 3048 5596; x_wconf 80' lang='lat' dir='ltr'>Ibid.</span> <span class='ocrx_word' id='word_1_837' title='bbox 3076 5544 3130 5598; x_wconf 82' lang='lat'>7.</span> <span class='ocrx_word' id='word_1_838' title='bbox 3199 5539 3332 5579; x_wconf 67' lang='grc' dir='ltr'>δ”-9³</span> <span class='ocrx_word' id='word_1_839' title='bbox 3362 5540 3534 5596; x_wconf 87' lang='lat' dir='ltr'>Joan.</span> 
     </span>
    </p>
   </div>
   <div class='ocr_carea' id='block_1_108' title="bbox 121 5623 1749 5698">
    <p class='ocr_par' dir='ltr' id='par_1_108' title="bbox 121 5623 1749 5698">
     <span class='ocr_line' id='line_1_108' title="bbox 121 5623 1749 5698; baseline -0.001 -16"><span class='ocrx_word' id='word_1_840' title='bbox 121 5642 265 5698; x_wconf 75' lang='lat' dir='ltr'>XVIII,</span> <span class='ocrx_word' id='word_1_841' title='bbox 291 5627 384 5682; x_wconf 74' lang='lat'>28.</span> <span class='ocrx_word' id='word_1_842' title='bbox 467 5627 481 5659; x_wconf 86' lang='grc'>¹</span> <span class='ocrx_word' id='word_1_843' title='bbox 509 5627 681 5679; x_wconf 71' lang='lat' dir='ltr'>toan.</span> <span class='ocrx_word' id='word_1_844' title='bbox 714 5639 826 5698; x_wconf 54' lang='grc' dir='ltr'>χιιι,</span> <span class='ocrx_word' id='word_1_845' title='bbox 856 5624 944 5679; x_wconf 82' lang='grc'>14.</span> <span class='ocrx_word' id='word_1_846' title='bbox 1000 5627 1043 5698; x_wconf 70' lang='lat'>_&#39;</span> <span class='ocrx_word' id='word_1_847' title='bbox 1074 5623 1223 5682; x_wconf 82' lang='lat' dir='ltr'>Ibid.</span> <span class='ocrx_word' id='word_1_848' title='bbox 1254 5625 1340 5684; x_wconf 89' lang='grc'>31.</span> <span class='ocrx_word' id='word_1_849' title='bbox 1421 5625 1442 5659; x_wconf 81' lang='grc'><strong>³</strong></span> <span class='ocrx_word' id='word_1_850' title='bbox 1477 5626 1618 5683; x_wconf 86' lang='lat' dir='ltr'>Luc.</span> <span class='ocrx_word' id='word_1_851' title='bbox 1649 5640 1749 5681; x_wconf 71' lang='lat' dir='ltr'>x11</span> 
     </span>
    </p>
   </div>
   <div class='ocr_carea' id='block_1_109' title="bbox 1859 5623 1933 5698">
    <p class='ocr_par' dir='ltr' id='par_1_109' title="bbox 1859 5627 1933 5681">
     <span class='ocr_line' id='line_1_109' title="bbox 1859 5627 1933 5681; baseline 0 -1"><span class='ocrx_word' id='word_1_852' title='bbox 1859 5627 1933 5681; x_wconf 85' lang='lat' dir='ltr'>l3.</span> 
     </span>
    </p>
   </div>
   <div class='ocr_carea' id='block_1_110' title="bbox 474 5695 1056 5755">
    <p class='ocr_par' dir='ltr' id='par_1_110' title="bbox 474 5695 1056 5755">
     <span class='ocr_line' id='line_1_110' title="bbox 474 5695 1056 5755; baseline 0.002 -2"><span class='ocrx_word' id='word_1_853' title='bbox 474 5699 718 5754; x_wconf 73' lang='lat' dir='ltr'>PATROL.</span> <span class='ocrx_word' id='word_1_854' title='bbox 758 5695 862 5755; x_wconf 76' lang='lat' dir='ltr'>GR.</span> <span class='ocrx_word' id='word_1_855' title='bbox 906 5695 1056 5754; x_wconf 77' lang='lat' dir='ltr'>CXL.</span> 
     </span>
    </p>
   </div>
   <div class='ocr_carea' id='block_1_111' title="bbox 3048 5689 3110 5744">
    <p class='ocr_par' dir='ltr' id='par_1_111' title="bbox 3048 5689 3110 5744">
     <span class='ocr_line' id='line_1_111' title="bbox 3048 5689 3110 5744; baseline 0.016 -1"><span class='ocrx_word' id='word_1_856' title='bbox 3048 5689 3110 5744; x_wconf 77' lang='lat' dir='ltr'>l7</span> 
     </span>
    </p>
   </div>
  </div>
