  <div class='ocr_page' id='page_1' title='image "/cluster/home/n/w/nwhite01/storage/ocr_20150623/140/pst.000005714568/303.png"; bbox 0 0 4020 6310; ppageno 0'>
   <div class='ocr_carea' id='block_1_1' title="bbox 522 377 692 443">
    <p class='ocr_par' dir='ltr' id='par_1_1' title="bbox 522 377 692 443">
     <span class='ocr_line' id='line_1_1' title="bbox 522 377 692 443; baseline 0.006 -1"><span class='ocrx_word' id='word_1_1' title='bbox 522 377 692 443; x_wconf 52' lang='grc' dir='ltr'><strong>5ῶ“</strong></span> 
     </span>
    </p>
   </div>
   <div class='ocr_carea' id='block_1_2' title="bbox 1745 345 2697 438">
    <p class='ocr_par' dir='ltr' id='par_1_2' title="bbox 1745 345 2697 438">
     <span class='ocr_line' id='line_1_2' title="bbox 1745 345 2697 438; baseline 0.008 -8"><span class='ocrx_word' id='word_1_2' title='bbox 1745 345 2224 436; x_wconf 70' lang='lat' dir='ltr'><strong>PANTALEDNIS</strong></span> <span class='ocrx_word' id='word_1_3' title='bbox 2265 380 2550 436; x_wconf 80' lang='lat' dir='ltr'><strong>DIACONI</strong></span> <span class='ocrx_word' id='word_1_4' title='bbox 2592 384 2697 438; x_wconf 79' lang='lat' dir='ltr'><strong>cp.</strong></span> 
     </span>
    </p>
   </div>
   <div class='ocr_carea' id='block_1_3' title="bbox 3853 383 3964 433">
    <p class='ocr_par' dir='ltr' id='par_1_3' title="bbox 3853 383 3964 433">
     <span class='ocr_line' id='line_1_3' title="bbox 3853 383 3964 433; baseline -0.009 0"><span class='ocrx_word' id='word_1_5' title='bbox 3853 383 3964 433; x_wconf 69' lang='grc'><strong>524</strong></span> 
     </span>
    </p>
   </div>
   <div class='ocr_carea' id='block_1_4' title="bbox 593 483 3965 583">
    <p class='ocr_par' dir='ltr' id='par_1_4' title="bbox 593 483 3965 583">
     <span class='ocr_line' id='line_1_4' title="bbox 593 483 3965 583; baseline -0.002 -17"><span class='ocrx_word' id='word_1_6' title='bbox 593 515 783 583; x_wconf 76' lang='lat' dir='ltr'><strong>Atque</strong></span> <span class='ocrx_word' id='word_1_7' title='bbox 810 509 926 566; x_wconf 93' lang='lat' dir='ltr'><strong>hoc</strong></span> <span class='ocrx_word' id='word_1_8' title='bbox 974 483 1177 580; x_wconf 89' lang='lat' dir='ltr'><strong>ipsum</strong></span> <span class='ocrx_word' id='word_1_9' title='bbox 1204 503 1504 561; x_wconf 77' lang='lat' dir='ltr'><strong>habemus</strong></span> <span class='ocrx_word' id='word_1_10' title='bbox 1532 499 1593 556; x_wconf 92' lang='lat' dir='ltr'><strong>in</strong></span> <span class='ocrx_word' id='word_1_11' title='bbox 1625 503 1898 568; x_wconf 86' lang='lat' dir='ltr'><strong>Levitico,</strong></span> <span class='ocrx_word' id='word_1_12' title='bbox 1926 505 2028 559; x_wconf 92' lang='lat' dir='ltr'><strong>ubi</strong></span> <span class='ocrx_word' id='word_1_13' title='bbox 2051 508 2172 560; x_wconf 84' lang='lat' dir='ltr'><strong>Mo-</strong></span> <span class='ocrx_word' id='word_1_14' title='bbox 2206 511 2253 561; x_wconf 79' lang='grc' dir='ltr'><strong>Α</strong></span> <span class='ocrx_word' id='word_1_15' title='bbox 2282 522 2469 578; x_wconf 90' lang='lat' dir='ltr'><strong>quam</strong></span> <span class='ocrx_word' id='word_1_16' title='bbox 2498 507 2983 578; x_wconf 88' lang='lat' dir='ltr'><strong>pravaricatores</strong></span> <span class='ocrx_word' id='word_1_17' title='bbox 3010 508 3179 578; x_wconf 83' lang='lat' dir='ltr'><strong>legis.</strong></span> <span class='ocrx_word' id='word_1_18' title='bbox 3232 507 3431 563; x_wconf 90' lang='lat' dir='ltr'><strong>Primo</strong></span> <span class='ocrx_word' id='word_1_19' title='bbox 3459 505 3640 576; x_wconf 83' lang='lat' dir='ltr'><strong>igitur</strong></span> <span class='ocrx_word' id='word_1_20' title='bbox 3669 505 3779 560; x_wconf 91' lang='lat' dir='ltr'><strong>die</strong></span> <span class='ocrx_word' id='word_1_21' title='bbox 3821 522 3965 576; x_wconf 84' lang='lat' dir='ltr'><strong>azy-</strong></span> 
     </span>
    </p>
   </div>
   <div class='ocr_carea' id='block_1_5' title="bbox 523 589 3889 670">
    <p class='ocr_par' dir='ltr' id='par_1_5' title="bbox 523 589 3889 670">
     <span class='ocr_line' id='line_1_5' title="bbox 523 589 3889 670; baseline -0.003 -14"><span class='ocrx_word' id='word_1_22' title='bbox 523 616 619 657; x_wconf 90' lang='lat' dir='ltr'><strong>ses</strong></span> <span class='ocrx_word' id='word_1_23' title='bbox 637 599 711 654; x_wconf 92' lang='lat' dir='ltr'><strong>de</strong></span> <span class='ocrx_word' id='word_1_24' title='bbox 741 597 1000 670; x_wconf 89' lang='lat' dir='ltr'><strong>panibus</strong></span> <span class='ocrx_word' id='word_1_25' title='bbox 1028 591 1458 667; x_wconf 73' lang='lat' dir='ltr'><strong>propositionis</strong></span> <span class='ocrx_word' id='word_1_26' title='bbox 1483 589 1618 645; x_wconf 80' lang='lat' dir='ltr'><strong>fecit</strong></span> <span class='ocrx_word' id='word_1_27' title='bbox 1647 591 2035 658; x_wconf 86' lang='lat' dir='ltr'><strong>mentionem,</strong></span> <span class='ocrx_word' id='word_1_28' title='bbox 2068 594 2174 665; x_wconf 90' lang='lat' dir='ltr'><strong>qui</strong></span> <span class='ocrx_word' id='word_1_29' title='bbox 2283 610 2543 662; x_wconf 90' lang='lat' dir='ltr'><strong>morum,</strong></span> <span class='ocrx_word' id='word_1_30' title='bbox 2576 597 2680 667; x_wconf 88' lang='lat' dir='ltr'>qui</span> <span class='ocrx_word' id='word_1_31' title='bbox 2701 602 2826 651; x_wconf 88' lang='lat' dir='ltr'><strong>erat</strong></span> <span class='ocrx_word' id='word_1_32' title='bbox 2853 596 3000 663; x_wconf 91' lang='lat' dir='ltr'><strong>dies,</strong></span> <span class='ocrx_word' id='word_1_33' title='bbox 3025 596 3290 650; x_wconf 85' lang='lat' dir='ltr'><strong>fecerunt</strong></span> <span class='ocrx_word' id='word_1_34' title='bbox 3317 594 3615 650; x_wconf 81' lang='lat' dir='ltr'><strong>Christum</strong></span> <span class='ocrx_word' id='word_1_35' title='bbox 3647 593 3889 649; x_wconf 85' lang='lat' dir='ltr'>occidi.</span> 
     </span>
    </p>
   </div>
   <div class='ocr_carea' id='block_1_6' title="bbox 522 680 2170 760">
    <p class='ocr_par' dir='ltr' id='par_1_6' title="bbox 522 680 2170 760">
     <span class='ocr_line' id='line_1_6' title="bbox 522 680 2170 760; baseline -0.004 -16"><span class='ocrx_word' id='word_1_36' title='bbox 522 687 716 760; x_wconf 88' lang='lat' dir='ltr'><strong>azymi</strong></span> <span class='ocrx_word' id='word_1_37' title='bbox 763 690 954 748; x_wconf 92' lang='lat' dir='ltr'><strong>erant,</strong></span> <span class='ocrx_word' id='word_1_38' title='bbox 999 683 1333 739; x_wconf 90' lang='lat' dir='ltr'><strong>secundum</strong></span> <span class='ocrx_word' id='word_1_39' title='bbox 1389 680 1584 750; x_wconf 85' lang='lat' dir='ltr'><strong>legem</strong></span> <span class='ocrx_word' id='word_1_40' title='bbox 1632 681 1673 732; x_wconf 74' lang='lat'><strong>‘.</strong></span> <span class='ocrx_word' id='word_1_41' title='bbox 1707 683 1868 746; x_wconf 88' lang='lat' dir='ltr'><strong>Item,</strong></span> <span class='ocrx_word' id='word_1_42' title='bbox 1924 683 2026 736; x_wconf 91' lang='lat' dir='ltr'><strong>ubi</strong></span> <span class='ocrx_word' id='word_1_43' title='bbox 2061 683 2170 738; x_wconf 88' lang='lat' dir='ltr'><strong>ait:</strong></span> 
     </span>
    </p>
   </div>
   <div class='ocr_carea' id='block_1_7' title="bbox 525 769 2170 842">
    <p class='ocr_par' dir='ltr' id='par_1_7' title="bbox 525 769 2170 842">
     <span class='ocr_line' id='line_1_7' title="bbox 525 769 2170 842; baseline -0.003 -11"><span class='ocrx_word' id='word_1_44' title='bbox 525 775 853 836; x_wconf 82' lang='lat' dir='ltr'><strong>Comedetis</strong></span> <span class='ocrx_word' id='word_1_45' title='bbox 865 788 1052 842; x_wconf 84' lang='lat' dir='ltr'><strong>panes</strong></span> <span class='ocrx_word' id='word_1_46' title='bbox 1069 786 1306 841; x_wconf 84' lang='lat' dir='ltr'><strong>azymos</strong></span> <span class='ocrx_word' id='word_1_47' title='bbox 1339 785 1472 824; x_wconf 87' lang='lat' dir='ltr'><strong>cum</strong></span> <span class='ocrx_word' id='word_1_48' title='bbox 1505 769 1758 824; x_wconf 76' lang='lat' dir='ltr'><strong>lactucis</strong></span> <span class='ocrx_word' id='word_1_49' title='bbox 1787 771 2170 840; x_wconf 67' lang='lat' dir='ltr'><strong>agrestibus&quot;,</strong></span> 
     </span>
    </p>
   </div>
   <div class='ocr_carea' id='block_1_8' title="bbox 517 857 2176 931">
    <p class='ocr_par' dir='ltr' id='par_1_8' title="bbox 517 857 2176 931">
     <span class='ocr_line' id='line_1_8' title="bbox 517 857 2176 931; baseline -0.004 -11"><span class='ocrx_word' id='word_1_50' title='bbox 517 863 753 920; x_wconf 89' lang='lat' dir='ltr'><strong>habens</strong></span> <span class='ocrx_word' id='word_1_51' title='bbox 770 863 832 918; x_wconf 92' lang='lat' dir='ltr'><strong>in</strong></span> <span class='ocrx_word' id='word_1_52' title='bbox 862 864 1082 926; x_wconf 87' lang='lat' dir='ltr'><strong>Graco,</strong></span> <span class='ocrx_word' id='word_1_53' title='bbox 1104 858 1428 915; x_wconf 78' lang='lat' dir='ltr'><strong>comedetis</strong></span> <span class='ocrx_word' id='word_1_54' title='bbox 1457 863 1629 931; x_wconf 79' lang='grc' dir='ltr'><strong>ἀρτον.</strong></span> <span class='ocrx_word' id='word_1_55' title='bbox 1670 857 1814 913; x_wconf 89' lang='lat' dir='ltr'><strong>Item</strong></span> <span class='ocrx_word' id='word_1_56' title='bbox 1841 859 1902 913; x_wconf 89' lang='lat' dir='ltr'><strong>in</strong></span> <span class='ocrx_word' id='word_1_57' title='bbox 1936 859 2176 931; x_wconf 87' lang='lat' dir='ltr'><strong>Sapien-</strong></span> 
     </span>
    </p>
   </div>
   <div class='ocr_carea' id='block_1_9' title="bbox 520 948 2174 1023">
    <p class='ocr_par' dir='ltr' id='par_1_9' title="bbox 520 948 2174 1023">
     <span class='ocr_line' id='line_1_9' title="bbox 520 948 2174 1023; baseline -0.002 -14"><span class='ocrx_word' id='word_1_58' title='bbox 520 953 620 1019; x_wconf 90' lang='lat' dir='ltr'><strong>tia,</strong></span> <span class='ocrx_word' id='word_1_59' title='bbox 652 953 754 1008; x_wconf 92' lang='lat' dir='ltr'><strong>ubi</strong></span> <span class='ocrx_word' id='word_1_60' title='bbox 784 952 1079 1023; x_wconf 89' lang='lat' dir='ltr'><strong>scriptura</strong></span> <span class='ocrx_word' id='word_1_61' title='bbox 1107 949 1183 1005; x_wconf 92' lang='lat' dir='ltr'><strong>de</strong></span> <span class='ocrx_word' id='word_1_62' title='bbox 1238 964 1394 1022; x_wconf 90' lang='lat' dir='ltr'><strong>pane</strong></span> <span class='ocrx_word' id='word_1_63' title='bbox 1425 948 1667 1016; x_wconf 77' lang='lat' dir='ltr'><strong>calesti,</strong></span> <span class='ocrx_word' id='word_1_64' title='bbox 1712 948 1773 1003; x_wconf 91' lang='lat' dir='ltr'><strong>id</strong></span> <span class='ocrx_word' id='word_1_65' title='bbox 1809 954 1895 1004; x_wconf 90' lang='lat' dir='ltr'><strong>est</strong></span> <span class='ocrx_word' id='word_1_66' title='bbox 1924 966 2174 1019; x_wconf 90' lang='lat' dir='ltr'><strong>manna,</strong></span> 
     </span>
    </p>
   </div>
   <div class='ocr_carea' id='block_1_10' title="bbox 516 1037 2176 1114">
    <p class='ocr_par' dir='ltr' id='par_1_10' title="bbox 516 1037 2176 1114">
     <span class='ocr_line' id='line_1_10' title="bbox 516 1037 2176 1114; baseline -0.002 -16"><span class='ocrx_word' id='word_1_67' title='bbox 516 1047 807 1114; x_wconf 82' lang='lat' dir='ltr'><strong>paratum</strong></span> <span class='ocrx_word' id='word_1_68' title='bbox 837 1042 912 1097; x_wconf 87' lang='lat' dir='ltr'><strong>de</strong></span> <span class='ocrx_word' id='word_1_69' title='bbox 938 1042 1086 1097; x_wconf 69' lang='lat' dir='ltr'><strong>caelo</strong></span> <span class='ocrx_word' id='word_1_70' title='bbox 1116 1041 1159 1106; x_wconf 75' lang='grc'><strong>⁵,</strong></span> <span class='ocrx_word' id='word_1_71' title='bbox 1193 1043 1327 1104; x_wconf 90' lang='lat' dir='ltr'><strong>etc.,</strong></span> <span class='ocrx_word' id='word_1_72' title='bbox 1355 1037 1498 1094; x_wconf 92' lang='lat' dir='ltr'><strong>dicit</strong></span> <span class='ocrx_word' id='word_1_73' title='bbox 1526 1039 1784 1100; x_wconf 87' lang='lat' dir='ltr'><strong>Gracus,</strong></span> <span class='ocrx_word' id='word_1_74' title='bbox 1818 1040 1994 1110; x_wconf 83' lang='grc' dir='ltr'><strong>οῐρτον.</strong></span> <span class='ocrx_word' id='word_1_75' title='bbox 2034 1039 2176 1094; x_wconf 84' lang='lat' dir='ltr'><strong>Item</strong></span> 
     </span>
    </p>
   </div>
   <div class='ocr_carea' id='block_1_11' title="bbox 523 1125 2178 1196">
    <p class='ocr_par' dir='ltr' id='par_1_11' title="bbox 523 1125 2178 1196">
     <span class='ocr_line' id='line_1_11' title="bbox 523 1125 2178 1196; baseline -0.004 -7"><span class='ocrx_word' id='word_1_76' title='bbox 523 1131 854 1194; x_wconf 87' lang='lat' dir='ltr'><strong>Psalmista,</strong></span> <span class='ocrx_word' id='word_1_77' title='bbox 881 1130 981 1185; x_wconf 89' lang='lat' dir='ltr'><strong>ubi</strong></span> <span class='ocrx_word' id='word_1_78' title='bbox 1001 1145 1114 1184; x_wconf 92' lang='lat' dir='ltr'><strong>nos</strong></span> <span class='ocrx_word' id='word_1_79' title='bbox 1133 1127 1391 1182; x_wconf 90' lang='lat' dir='ltr'><strong>dicimus</strong></span> <span class='ocrx_word' id='word_1_80' title='bbox 1417 1142 1429 1180; x_wconf 91' lang='lat'>:</span> <span class='ocrx_word' id='word_1_81' title='bbox 1451 1125 1671 1180; x_wconf 87' lang='lat' dir='ltr'><strong>Panem</strong></span> <span class='ocrx_word' id='word_1_82' title='bbox 1683 1127 2034 1196; x_wconf 82' lang='lat' dir='ltr'><strong>angelorum</strong></span> <span class='ocrx_word' id='word_1_83' title='bbox 2058 1130 2076 1161; x_wconf 72' lang='lat'><strong>7</strong></span> <span class='ocrx_word' id='word_1_84' title='bbox 2097 1128 2178 1196; x_wconf 92' lang='lat' dir='ltr'><strong>,in</strong></span> 
     </span>
    </p>
   </div>
   <div class='ocr_carea' id='block_1_12' title="bbox 522 1214 2174 1290">
    <p class='ocr_par' dir='ltr' id='par_1_12' title="bbox 522 1214 2174 1290">
     <span class='ocr_line' id='line_1_12' title="bbox 522 1214 2174 1290; baseline -0.004 -13"><span class='ocrx_word' id='word_1_85' title='bbox 522 1223 726 1277; x_wconf 87' lang='lat' dir='ltr'><strong>Graco</strong></span> <span class='ocrx_word' id='word_1_86' title='bbox 798 1218 1054 1275; x_wconf 88' lang='lat' dir='ltr'><strong>habetur</strong></span> <span class='ocrx_word' id='word_1_87' title='bbox 1103 1219 1254 1290; x_wconf 83' lang='grc' dir='ltr'>ἄρτον</span> <span class='ocrx_word' id='word_1_88' title='bbox 1317 1214 1558 1286; x_wconf 68' lang='grc' dir='ltr'><strong>ἀγγέλων.</strong></span> <span class='ocrx_word' id='word_1_89' title='bbox 1620 1214 1766 1270; x_wconf 90' lang='lat' dir='ltr'><strong>Item</strong></span> <span class='ocrx_word' id='word_1_90' title='bbox 1827 1215 2110 1271; x_wconf 90' lang='lat' dir='ltr'><strong>Salomon</strong></span> <span class='ocrx_word' id='word_1_91' title='bbox 2162 1233 2174 1270; x_wconf 94' lang='lat'>:</span> 
     </span>
    </p>
   </div>
   <div class='ocr_carea' id='block_1_13' title="bbox 521 1303 2176 1377">
    <p class='ocr_par' dir='ltr' id='par_1_13' title="bbox 521 1303 2176 1377">
     <span class='ocr_line' id='line_1_13' title="bbox 521 1303 2176 1377; baseline -0.004 -11"><span class='ocrx_word' id='word_1_92' title='bbox 521 1310 739 1366; x_wconf 79' lang='lat' dir='ltr'><strong>Suavis</strong></span> <span class='ocrx_word' id='word_1_93' title='bbox 765 1313 847 1366; x_wconf 87' lang='lat' dir='ltr'><strong>est</strong></span> <span class='ocrx_word' id='word_1_94' title='bbox 872 1309 1050 1377; x_wconf 83' lang='lat' dir='ltr'><strong>panis</strong></span> <span class='ocrx_word' id='word_1_95' title='bbox 1100 1303 1461 1361; x_wconf 67' lang='lat' dir='ltr'><strong>mendacii“.</strong></span> <span class='ocrx_word' id='word_1_96' title='bbox 1495 1305 1640 1358; x_wconf 91' lang='lat' dir='ltr'><strong>Ecce</strong></span> <span class='ocrx_word' id='word_1_97' title='bbox 1693 1303 2009 1360; x_wconf 86' lang='lat' dir='ltr'><strong>manifesto</strong></span> <span class='ocrx_word' id='word_1_98' title='bbox 2041 1320 2176 1360; x_wconf 89' lang='lat' dir='ltr'><strong>con-</strong></span> 
     </span>
    </p>
   </div>
   <div class='ocr_carea' id='block_1_14' title="bbox 525 1391 2176 1470">
    <p class='ocr_par' dir='ltr' id='par_1_14' title="bbox 525 1391 2176 1470">
     <span class='ocr_line' id='line_1_14' title="bbox 525 1391 2176 1470; baseline -0.004 -16"><span class='ocrx_word' id='word_1_99' title='bbox 525 1402 659 1465; x_wconf 85' lang='lat' dir='ltr'><strong>stat,</strong></span> <span class='ocrx_word' id='word_1_100' title='bbox 681 1396 850 1470; x_wconf 92' lang='lat' dir='ltr'><strong>quod</strong></span> <span class='ocrx_word' id='word_1_101' title='bbox 865 1397 980 1451; x_wconf 92' lang='lat' dir='ltr'><strong>hoc</strong></span> <span class='ocrx_word' id='word_1_102' title='bbox 998 1409 1223 1450; x_wconf 89' lang='lat' dir='ltr'><strong>nomen</strong></span> <span class='ocrx_word' id='word_1_103' title='bbox 1235 1394 1413 1463; x_wconf 82' lang='lat' dir='ltr'><strong>panis</strong></span> <span class='ocrx_word' id='word_1_104' title='bbox 1449 1391 1854 1447; x_wconf 78' lang='lat' dir='ltr'><strong>indifferenter</strong></span> <span class='ocrx_word' id='word_1_105' title='bbox 1865 1393 2176 1464; x_wconf 85' lang='lat' dir='ltr'><strong>accipitur,</strong></span> 
     </span>
    </p>
   </div>
   <div class='ocr_carea' id='block_1_15' title="bbox 523 1481 2176 1558">
    <p class='ocr_par' dir='ltr' id='par_1_15' title="bbox 523 1481 2176 1558">
     <span class='ocr_line' id='line_1_15' title="bbox 523 1481 2176 1558; baseline -0.001 -18"><span class='ocrx_word' id='word_1_106' title='bbox 523 1490 650 1542; x_wconf 91' lang='lat' dir='ltr'><strong>tam</strong></span> <span class='ocrx_word' id='word_1_107' title='bbox 705 1502 817 1558; x_wconf 92' lang='lat' dir='ltr'><strong>pro</strong></span> <span class='ocrx_word' id='word_1_108' title='bbox 869 1501 1106 1557; x_wconf 90' lang='lat' dir='ltr'><strong>azymo,</strong></span> <span class='ocrx_word' id='word_1_109' title='bbox 1156 1498 1339 1554; x_wconf 86' lang='lat' dir='ltr'><strong>quam</strong></span> <span class='ocrx_word' id='word_1_110' title='bbox 1370 1497 1480 1553; x_wconf 93' lang='lat' dir='ltr'><strong>pro</strong></span> <span class='ocrx_word' id='word_1_111' title='bbox 1530 1481 1924 1546; x_wconf 79' lang='lat' dir='ltr'><strong>fermentata;</strong></span> <span class='ocrx_word' id='word_1_112' title='bbox 1959 1487 2016 1538; x_wconf 92' lang='lat' dir='ltr'><strong>et</strong></span> <span class='ocrx_word' id='word_1_113' title='bbox 2054 1488 2176 1538; x_wconf 91' lang='lat' dir='ltr'><strong>tam</strong></span> 
     </span>
    </p>
   </div>
   <div class='ocr_carea' id='block_1_16' title="bbox 523 1572 2177 1646">
    <p class='ocr_par' dir='ltr' id='par_1_16' title="bbox 523 1572 2177 1646">
     <span class='ocr_line' id='line_1_16' title="bbox 523 1572 2177 1646; baseline -0.003 -14"><span class='ocrx_word' id='word_1_114' title='bbox 523 1576 599 1632; x_wconf 91' lang='lat' dir='ltr'><strong>de</strong></span> <span class='ocrx_word' id='word_1_115' title='bbox 631 1592 704 1632; x_wconf 93' lang='lat' dir='ltr'><strong>eo</strong></span> <span class='ocrx_word' id='word_1_116' title='bbox 732 1574 899 1646; x_wconf 89' lang='lat' dir='ltr'><strong>quod</strong></span> <span class='ocrx_word' id='word_1_117' title='bbox 926 1573 1115 1646; x_wconf 87' lang='lat' dir='ltr'><strong>replet</strong></span> <span class='ocrx_word' id='word_1_118' title='bbox 1138 1576 1429 1639; x_wconf 89' lang='lat' dir='ltr'><strong>ventrem,</strong></span> <span class='ocrx_word' id='word_1_119' title='bbox 1451 1585 1638 1636; x_wconf 89' lang='lat' dir='ltr'><strong>quam</strong></span> <span class='ocrx_word' id='word_1_120' title='bbox 1670 1586 1778 1642; x_wconf 92' lang='lat' dir='ltr'><strong>pro</strong></span> <span class='ocrx_word' id='word_1_121' title='bbox 1803 1586 1873 1626; x_wconf 90' lang='lat' dir='ltr'><strong>eo</strong></span> <span class='ocrx_word' id='word_1_122' title='bbox 1891 1572 2056 1643; x_wconf 91' lang='lat' dir='ltr'><strong>quod</strong></span> <span class='ocrx_word' id='word_1_123' title='bbox 2088 1589 2177 1628; x_wconf 87' lang='lat' dir='ltr'><strong>sa-</strong></span> 
     </span>
    </p>
   </div>
   <div class='ocr_carea' id='block_1_17' title="bbox 525 1657 2175 1730">
    <p class='ocr_par' dir='ltr' id='par_1_17' title="bbox 525 1657 2175 1730">
     <span class='ocr_line' id='line_1_17' title="bbox 525 1657 2175 1730; baseline -0.002 -11"><span class='ocrx_word' id='word_1_124' title='bbox 525 1665 632 1720; x_wconf 91' lang='lat' dir='ltr'><strong>tiat</strong></span> <span class='ocrx_word' id='word_1_125' title='bbox 654 1667 941 1729; x_wconf 90' lang='lat' dir='ltr'><strong>mentem,</strong></span> <span class='ocrx_word' id='word_1_126' title='bbox 969 1661 1085 1716; x_wconf 92' lang='lat' dir='ltr'><strong>hoc</strong></span> <span class='ocrx_word' id='word_1_127' title='bbox 1105 1665 1210 1730; x_wconf 91' lang='lat' dir='ltr'><strong>est,</strong></span> <span class='ocrx_word' id='word_1_128' title='bbox 1245 1657 1610 1715; x_wconf 85' lang='lat' dir='ltr'><strong>desiderium</strong></span> <span class='ocrx_word' id='word_1_129' title='bbox 1654 1659 1936 1727; x_wconf 87' lang='lat' dir='ltr'><strong>hominis,</strong></span> <span class='ocrx_word' id='word_1_130' title='bbox 1966 1661 2085 1716; x_wconf 84' lang='lat' dir='ltr'><strong>sive</strong></span> <span class='ocrx_word' id='word_1_131' title='bbox 2114 1661 2175 1716; x_wconf 93' lang='lat' dir='ltr'><strong>in</strong></span> 
     </span>
    </p>
   </div>
   <div class='ocr_carea' id='block_1_18' title="bbox 523 1747 1166 1820">
    <p class='ocr_par' dir='ltr' id='par_1_18' title="bbox 523 1747 1166 1820">
     <span class='ocr_line' id='line_1_18' title="bbox 523 1747 1166 1820; baseline -0.008 -12"><span class='ocrx_word' id='word_1_132' title='bbox 523 1751 712 1820; x_wconf 90' lang='lat' dir='ltr'><strong>bono,</strong></span> <span class='ocrx_word' id='word_1_133' title='bbox 740 1751 866 1805; x_wconf 84' lang='lat' dir='ltr'><strong>sive</strong></span> <span class='ocrx_word' id='word_1_134' title='bbox 895 1751 956 1805; x_wconf 90' lang='lat' dir='ltr'><strong>in</strong></span> <span class='ocrx_word' id='word_1_135' title='bbox 982 1747 1166 1805; x_wconf 91' lang='lat' dir='ltr'><strong>malo.</strong></span> 
     </span>
    </p>
   </div>
   <div class='ocr_carea' id='block_1_19' title="bbox 2782 730 3432 801">
    <p class='ocr_par' dir='ltr' id='par_1_19' title="bbox 2782 730 3432 801">
     <span class='ocr_line' id='line_1_19' title="bbox 2782 730 3432 801; baseline -0.006 -13"><span class='ocrx_word' id='word_1_136' title='bbox 2782 733 3101 801; x_wconf 80' lang='lat' dir='ltr'><strong>Responsio</strong></span> <span class='ocrx_word' id='word_1_137' title='bbox 3131 731 3212 786; x_wconf 88' lang='lat' dir='ltr'><strong>ad</strong></span> <span class='ocrx_word' id='word_1_138' title='bbox 3241 730 3432 786; x_wconf 80' lang='lat' dir='ltr'><strong>aliud.</strong></span> 
     </span>
    </p>
   </div>
   <div class='ocr_carea' id='block_1_20' title="bbox 2356 863 3964 937">
    <p class='ocr_par' dir='ltr' id='par_1_20' title="bbox 2356 863 3964 937">
     <span class='ocr_line' id='line_1_20' title="bbox 2356 863 3964 937; baseline -0.001 -16"><span class='ocrx_word' id='word_1_139' title='bbox 2356 865 2444 921; x_wconf 83' lang='lat' dir='ltr'><strong>Ad</strong></span> <span class='ocrx_word' id='word_1_140' title='bbox 2475 865 2555 935; x_wconf 88' lang='lat' dir='ltr'><strong>id,</strong></span> <span class='ocrx_word' id='word_1_141' title='bbox 2603 864 2770 937; x_wconf 93' lang='lat' dir='ltr'><strong>quod</strong></span> <span class='ocrx_word' id='word_1_142' title='bbox 2814 865 3100 937; x_wconf 90' lang='lat' dir='ltr'><strong>sequitur,</strong></span> <span class='ocrx_word' id='word_1_143' title='bbox 3147 864 3436 936; x_wconf 90' lang='lat' dir='ltr'><strong>quoniam</strong></span> <span class='ocrx_word' id='word_1_144' title='bbox 3485 863 3581 918; x_wconf 91' lang='lat' dir='ltr'><strong>illa</strong></span> <span class='ocrx_word' id='word_1_145' title='bbox 3631 865 3770 931; x_wconf 85' lang='lat' dir='ltr'><strong>tria,</strong></span> <span class='ocrx_word' id='word_1_146' title='bbox 3819 880 3964 936; x_wconf 83' lang='lat' dir='ltr'><strong>qua</strong></span> 
     </span>
    </p>
   </div>
   <div class='ocr_carea' id='block_1_21' title="bbox 2287 953 3966 1025">
    <p class='ocr_par' dir='ltr' id='par_1_21' title="bbox 2287 953 3966 1025">
     <span class='ocr_line' id='line_1_21' title="bbox 2287 953 3966 1025; baseline -0.002 -16"><span class='ocrx_word' id='word_1_147' title='bbox 2287 955 2507 1009; x_wconf 90' lang='lat' dir='ltr'><strong>suntin</strong></span> <span class='ocrx_word' id='word_1_148' title='bbox 2539 954 2792 1021; x_wconf 84' lang='lat' dir='ltr'><strong>Christo,</strong></span> <span class='ocrx_word' id='word_1_149' title='bbox 2849 954 3071 1008; x_wconf 85' lang='lat' dir='ltr'><strong>scilicet</strong></span> <span class='ocrx_word' id='word_1_150' title='bbox 3111 969 3349 1025; x_wconf 91' lang='lat' dir='ltr'><strong>corpus,</strong></span> <span class='ocrx_word' id='word_1_151' title='bbox 3391 958 3448 1008; x_wconf 92' lang='lat' dir='ltr'><strong>et</strong></span> <span class='ocrx_word' id='word_1_152' title='bbox 3485 953 3710 1019; x_wconf 91' lang='lat' dir='ltr'><strong>anima,</strong></span> <span class='ocrx_word' id='word_1_153' title='bbox 3750 958 3818 1008; x_wconf 88' lang='lat' dir='ltr'><strong>et</strong></span> <span class='ocrx_word' id='word_1_154' title='bbox 3881 953 3966 1007; x_wconf 87' lang='lat' dir='ltr'><strong>di-</strong></span> 
     </span>
    </p>
   </div>
   <div class='ocr_carea' id='block_1_22' title="bbox 2289 1041 3970 1113">
    <p class='ocr_par' dir='ltr' id='par_1_22' title="bbox 2289 1041 3970 1113">
     <span class='ocr_line' id='line_1_22' title="bbox 2289 1041 3970 1113; baseline 0 -17"><span class='ocrx_word' id='word_1_155' title='bbox 2289 1043 2519 1106; x_wconf 85' lang='lat' dir='ltr'><strong>vinitas,</strong></span> <span class='ocrx_word' id='word_1_156' title='bbox 2553 1042 2598 1096; x_wconf 92' lang='lat' dir='ltr'><strong>si</strong></span> <span class='ocrx_word' id='word_1_157' title='bbox 2625 1042 2738 1096; x_wconf 90' lang='lat' dir='ltr'><strong>ista</strong></span> <span class='ocrx_word' id='word_1_158' title='bbox 2765 1042 2970 1098; x_wconf 90' lang='lat' dir='ltr'><strong>fabula</strong></span> <span class='ocrx_word' id='word_1_159' title='bbox 2991 1041 3193 1113; x_wconf 90' lang='lat' dir='ltr'><strong>aliquo</strong></span> <span class='ocrx_word' id='word_1_160' title='bbox 3237 1041 3424 1096; x_wconf 93' lang='lat' dir='ltr'><strong>modo</strong></span> <span class='ocrx_word' id='word_1_161' title='bbox 3453 1041 3638 1110; x_wconf 87' lang='lat' dir='ltr'><strong>digna</strong></span> <span class='ocrx_word' id='word_1_162' title='bbox 3665 1047 3846 1097; x_wconf 87' lang='lat' dir='ltr'><strong>esset</strong></span> <span class='ocrx_word' id='word_1_163' title='bbox 3882 1057 3970 1096; x_wconf 90' lang='lat' dir='ltr'><strong>re-</strong></span> 
     </span>
    </p>
   </div>
   <div class='ocr_carea' id='block_1_23' title="bbox 2287 1129 3964 1202">
    <p class='ocr_par' dir='ltr' id='par_1_23' title="bbox 2287 1129 3964 1202">
     <span class='ocr_line' id='line_1_23' title="bbox 2287 1129 3964 1202; baseline 0.001 -18"><span class='ocrx_word' id='word_1_164' title='bbox 2287 1130 2630 1202; x_wconf 87' lang='lat' dir='ltr'><strong>sponsione,</strong></span> <span class='ocrx_word' id='word_1_165' title='bbox 2664 1147 2989 1202; x_wconf 90' lang='lat' dir='ltr'><strong>possumus</strong></span> <span class='ocrx_word' id='word_1_166' title='bbox 3019 1131 3234 1200; x_wconf 89' lang='lat' dir='ltr'><strong>dicere,</strong></span> <span class='ocrx_word' id='word_1_167' title='bbox 3254 1129 3422 1202; x_wconf 90' lang='lat' dir='ltr'><strong>quod</strong></span> <span class='ocrx_word' id='word_1_168' title='bbox 3446 1137 3658 1201; x_wconf 90' lang='lat' dir='ltr'><strong>prater</strong></span> <span class='ocrx_word' id='word_1_169' title='bbox 3677 1130 3796 1200; x_wconf 76' lang='lat' dir='ltr'><strong>illa</strong></span> <span class='ocrx_word' id='word_1_170' title='bbox 3823 1132 3964 1196; x_wconf 85' lang='lat' dir='ltr'><strong>tria,</strong></span> 
     </span>
    </p>
   </div>
   <div class='ocr_carea' id='block_1_24' title="bbox 2287 1219 3968 1291">
    <p class='ocr_par' dir='ltr' id='par_1_24' title="bbox 2287 1219 3968 1291">
     <span class='ocr_line' id='line_1_24' title="bbox 2287 1219 3968 1291; baseline -0.001 -16"><span class='ocrx_word' id='word_1_171' title='bbox 2287 1220 2415 1276; x_wconf 87' lang='lat' dir='ltr'><strong>alia</strong></span> <span class='ocrx_word' id='word_1_172' title='bbox 2445 1219 2580 1274; x_wconf 90' lang='lat' dir='ltr'><strong>dua</strong></span> <span class='ocrx_word' id='word_1_173' title='bbox 2607 1220 2998 1291; x_wconf 89' lang='lat' dir='ltr'><strong>proprietates</strong></span> <span class='ocrx_word' id='word_1_174' title='bbox 3027 1224 3266 1290; x_wconf 88' lang='lat' dir='ltr'><strong>possent</strong></span> <span class='ocrx_word' id='word_1_175' title='bbox 3323 1220 3385 1274; x_wconf 93' lang='lat' dir='ltr'><strong>in</strong></span> <span class='ocrx_word' id='word_1_176' title='bbox 3439 1235 3550 1275; x_wconf 92' lang='lat' dir='ltr'><strong>suo</strong></span> <span class='ocrx_word' id='word_1_177' title='bbox 3584 1219 3968 1275; x_wconf 75' lang='lat' dir='ltr'><strong>fermentato</strong></span> 
     </span>
    </p>
   </div>
   <div class='ocr_carea' id='block_1_25' title="bbox 2288 1307 3967 1380">
    <p class='ocr_par' dir='ltr' id='par_1_25' title="bbox 2288 1307 3967 1380">
     <span class='ocr_line' id='line_1_25' title="bbox 2288 1307 3967 1380; baseline -0.001 -16"><span class='ocrx_word' id='word_1_178' title='bbox 2288 1308 2606 1378; x_wconf 81' lang='lat' dir='ltr'><strong>assignari.</strong></span> <span class='ocrx_word' id='word_1_179' title='bbox 2639 1311 2735 1362; x_wconf 89' lang='lat' dir='ltr'><strong>Est</strong></span> <span class='ocrx_word' id='word_1_180' title='bbox 2755 1309 2914 1363; x_wconf 91' lang='lat' dir='ltr'><strong>enim</strong></span> <span class='ocrx_word' id='word_1_181' title='bbox 2939 1309 2997 1362; x_wconf 91' lang='lat' dir='ltr'><strong>in</strong></span> <span class='ocrx_word' id='word_1_182' title='bbox 3025 1308 3218 1364; x_wconf 86' lang='lat' dir='ltr'><strong>farina</strong></span> <span class='ocrx_word' id='word_1_183' title='bbox 3240 1307 3595 1363; x_wconf 84' lang='lat' dir='ltr'><strong>fermentata</strong></span> <span class='ocrx_word' id='word_1_184' title='bbox 3622 1307 3735 1370; x_wconf 79' lang='lat' dir='ltr'><strong>sal.</strong></span> <span class='ocrx_word' id='word_1_185' title='bbox 3762 1325 3967 1380; x_wconf 85' lang='lat' dir='ltr'><strong>aqua,</strong></span> 
     </span>
    </p>
   </div>
   <div class='ocr_carea' id='block_1_26' title="bbox 2287 1396 3968 1468">
    <p class='ocr_par' dir='ltr' id='par_1_26' title="bbox 2287 1396 3968 1468">
     <span class='ocr_line' id='line_1_26' title="bbox 2287 1396 3968 1468; baseline 0 -16"><span class='ocrx_word' id='word_1_186' title='bbox 2287 1403 2346 1452; x_wconf 92' lang='lat' dir='ltr'><strong>et</strong></span> <span class='ocrx_word' id='word_1_187' title='bbox 2381 1397 2554 1466; x_wconf 85' lang='lat' dir='ltr'><strong>ignis,</strong></span> <span class='ocrx_word' id='word_1_188' title='bbox 2608 1398 2735 1451; x_wconf 90' lang='lat' dir='ltr'><strong>sine</strong></span> <span class='ocrx_word' id='word_1_189' title='bbox 2787 1412 2910 1467; x_wconf 90' lang='lat' dir='ltr'><strong>quo</strong></span> <span class='ocrx_word' id='word_1_190' title='bbox 2959 1412 3231 1468; x_wconf 89' lang='lat' dir='ltr'><strong>unquam</strong></span> <span class='ocrx_word' id='word_1_191' title='bbox 3284 1397 3461 1468; x_wconf 86' lang='lat' dir='ltr'><strong>panis</strong></span> <span class='ocrx_word' id='word_1_192' title='bbox 3484 1396 3561 1451; x_wconf 89' lang='lat' dir='ltr'><strong>ad</strong></span> <span class='ocrx_word' id='word_1_193' title='bbox 3618 1397 3968 1452; x_wconf 83' lang='lat' dir='ltr'><strong>essentiam</strong></span> 
     </span>
    </p>
   </div>
   <div class='ocr_carea' id='block_1_27' title="bbox 2289 1481 3968 1557">
    <p class='ocr_par' dir='ltr' id='par_1_27' title="bbox 2289 1481 3968 1557">
     <span class='ocr_line' id='line_1_27' title="bbox 2289 1481 3968 1557; baseline 0.001 -17"><span class='ocrx_word' id='word_1_194' title='bbox 2289 1502 2463 1542; x_wconf 90' lang='lat' dir='ltr'><strong>suam</strong></span> <span class='ocrx_word' id='word_1_195' title='bbox 2497 1481 2688 1556; x_wconf 89' lang='lat' dir='ltr'><strong>potest</strong></span> <span class='ocrx_word' id='word_1_196' title='bbox 2732 1486 3060 1557; x_wconf 86' lang='lat' dir='ltr'><strong>pervenire.</strong></span> <span class='ocrx_word' id='word_1_197' title='bbox 3091 1489 3155 1546; x_wconf 87' lang='lat' dir='ltr'><strong>Et</strong></span> <span class='ocrx_word' id='word_1_198' title='bbox 3184 1486 3267 1541; x_wconf 88' lang='lat' dir='ltr'><strong>ita</strong></span> <span class='ocrx_word' id='word_1_199' title='bbox 3313 1501 3435 1541; x_wconf 90' lang='lat' dir='ltr'><strong>non</strong></span> <span class='ocrx_word' id='word_1_200' title='bbox 3503 1486 3836 1550; x_wconf 91' lang='lat' dir='ltr'><strong>ternarius,</strong></span> <span class='ocrx_word' id='word_1_201' title='bbox 3904 1494 3968 1541; x_wconf 90' lang='lat' dir='ltr'><strong>ut</strong></span> 
     </span>
    </p>
   </div>
   <div class='ocr_carea' id='block_1_28' title="bbox 2285 1574 3965 1646">
    <p class='ocr_par' dir='ltr' id='par_1_28' title="bbox 2285 1574 3965 1646">
     <span class='ocr_line' id='line_1_28' title="bbox 2285 1574 3965 1646; baseline -0.001 -16"><span class='ocrx_word' id='word_1_202' title='bbox 2285 1575 2399 1646; x_wconf 90' lang='lat' dir='ltr'><strong>ipsi</strong></span> <span class='ocrx_word' id='word_1_203' title='bbox 2430 1574 2815 1639; x_wconf 87' lang='lat' dir='ltr'><strong>mentiuntur,</strong></span> <span class='ocrx_word' id='word_1_204' title='bbox 2845 1575 2950 1630; x_wconf 91' lang='lat' dir='ltr'><strong>sed</strong></span> <span class='ocrx_word' id='word_1_205' title='bbox 2984 1575 3406 1646; x_wconf 87' lang='lat' dir='ltr'><strong>quaternarius</strong></span> <span class='ocrx_word' id='word_1_206' title='bbox 3422 1579 3480 1629; x_wconf 90' lang='lat' dir='ltr'><strong>et</strong></span> <span class='ocrx_word' id='word_1_207' title='bbox 3497 1575 3827 1646; x_wconf 88' lang='lat' dir='ltr'><strong>quinarius</strong></span> <span class='ocrx_word' id='word_1_208' title='bbox 3851 1590 3965 1629; x_wconf 91' lang='lat' dir='ltr'><strong>nu-</strong></span> 
     </span>
    </p>
   </div>
   <div class='ocr_carea' id='block_1_29' title="bbox 2287 1662 3478 1735">
    <p class='ocr_par' dir='ltr' id='par_1_29' title="bbox 2287 1662 3478 1735">
     <span class='ocr_line' id='line_1_29' title="bbox 2287 1662 3478 1735; baseline -0.002 -17"><span class='ocrx_word' id='word_1_209' title='bbox 2287 1679 2488 1718; x_wconf 92' lang='lat' dir='ltr'><strong>merus</strong></span> <span class='ocrx_word' id='word_1_210' title='bbox 2517 1663 2579 1718; x_wconf 93' lang='lat' dir='ltr'><strong>in</strong></span> <span class='ocrx_word' id='word_1_211' title='bbox 2605 1678 2761 1735; x_wconf 88' lang='lat' dir='ltr'><strong>pane</strong></span> <span class='ocrx_word' id='word_1_212' title='bbox 2783 1663 3082 1719; x_wconf 88' lang='lat' dir='ltr'><strong>invenitur</strong></span> <span class='ocrx_word' id='word_1_213' title='bbox 3103 1662 3478 1718; x_wconf 83' lang='lat' dir='ltr'><strong>fermentato.</strong></span> 
     </span>
    </p>
   </div>
   <div class='ocr_carea' id='block_1_30' title="bbox 2358 1749 3966 1821">
    <p class='ocr_par' dir='ltr' id='par_1_30' title="bbox 2358 1749 3966 1821">
     <span class='ocr_line' id='line_1_30' title="bbox 2358 1749 3966 1821; baseline 0 -17"><span class='ocrx_word' id='word_1_214' title='bbox 2358 1753 2418 1805; x_wconf 90' lang='lat' dir='ltr'><strong>In</strong></span> <span class='ocrx_word' id='word_1_215' title='bbox 2451 1755 2654 1806; x_wconf 91' lang='lat' dir='ltr'><strong>nostro</strong></span> <span class='ocrx_word' id='word_1_216' title='bbox 2677 1766 2817 1806; x_wconf 89' lang='lat' dir='ltr'><strong>vero</strong></span> <span class='ocrx_word' id='word_1_217' title='bbox 2849 1755 3245 1815; x_wconf 87' lang='lat' dir='ltr'><strong>sacramento,</strong></span> <span class='ocrx_word' id='word_1_218' title='bbox 3277 1750 3338 1804; x_wconf 90' lang='lat' dir='ltr'><strong>in</strong></span> <span class='ocrx_word' id='word_1_219' title='bbox 3377 1766 3500 1821; x_wconf 93' lang='lat' dir='ltr'><strong>quo</strong></span> <span class='ocrx_word' id='word_1_220' title='bbox 3544 1749 3690 1805; x_wconf 89' lang='lat' dir='ltr'><strong>nihil</strong></span> <span class='ocrx_word' id='word_1_221' title='bbox 3733 1756 3840 1804; x_wconf 87' lang='lat' dir='ltr'><strong>est</strong></span> <span class='ocrx_word' id='word_1_222' title='bbox 3868 1766 3966 1804; x_wconf 88' lang='lat' dir='ltr'><strong>su-</strong></span> 
     </span>
    </p>
   </div>
   <div class='ocr_carea' id='block_1_31' title="bbox 600 1837 3964 1916">
    <p class='ocr_par' dir='ltr' id='par_1_31' title="bbox 600 1837 3964 1916">
     <span class='ocr_line' id='line_1_31' title="bbox 600 1837 3964 1916; baseline -0.001 -19"><span class='ocrx_word' id='word_1_223' title='bbox 600 1840 715 1897; x_wconf 90' lang='lat' dir='ltr'><strong>Sed</strong></span> <span class='ocrx_word' id='word_1_224' title='bbox 760 1840 900 1896; x_wconf 90' lang='lat' dir='ltr'><strong>dicit</strong></span> <span class='ocrx_word' id='word_1_225' title='bbox 935 1841 1149 1894; x_wconf 91' lang='lat' dir='ltr'><strong>iterum</strong></span> <span class='ocrx_word' id='word_1_226' title='bbox 1204 1839 1476 1894; x_wconf 88' lang='lat' dir='ltr'><strong>Gracus:</strong></span> <span class='ocrx_word' id='word_1_227' title='bbox 1511 1837 1734 1894; x_wconf 87' lang='lat' dir='ltr'><strong>Veritas</strong></span> <span class='ocrx_word' id='word_1_228' title='bbox 1782 1838 1961 1894; x_wconf 87' lang='lat' dir='ltr'><strong>debet</strong></span> <span class='ocrx_word' id='word_1_229' title='bbox 1984 1855 2174 1896; x_wconf 90' lang='lat' dir='ltr'><strong>corre-</strong></span> <span class='ocrx_word' id='word_1_230' title='bbox 2205 1851 2247 1907; x_wconf 80' lang='lat' dir='ltr'><strong>B</strong></span> <span class='ocrx_word' id='word_1_231' title='bbox 2286 1839 2605 1916; x_wconf 90' lang='lat' dir='ltr'><strong>perﬂuum,</strong></span> <span class='ocrx_word' id='word_1_232' title='bbox 2627 1838 2806 1894; x_wconf 90' lang='lat' dir='ltr'><strong>etiam</strong></span> <span class='ocrx_word' id='word_1_233' title='bbox 2821 1839 3153 1894; x_wconf 88' lang='lat' dir='ltr'><strong>secundum</strong></span> <span class='ocrx_word' id='word_1_234' title='bbox 3167 1838 3964 1905; x_wconf 85' lang='lat' dir='ltr'><strong>signiﬁcationessuas,tria</strong></span> 
     </span>
    </p>
   </div>
   <div class='ocr_carea' id='block_1_32' title="bbox 529 1926 2178 2002">
    <p class='ocr_par' dir='ltr' id='par_1_32' title="bbox 529 1926 2178 2002">
     <span class='ocr_line' id='line_1_32' title="bbox 529 1926 2178 2002; baseline -0.001 -16"><span class='ocrx_word' id='word_1_235' title='bbox 529 1929 827 2002; x_wconf 90' lang='lat' dir='ltr'><strong>spondere</strong></span> <span class='ocrx_word' id='word_1_236' title='bbox 855 1927 1105 1984; x_wconf 87' lang='lat' dir='ltr'><strong>umbra.</strong></span> <span class='ocrx_word' id='word_1_237' title='bbox 1131 1926 1246 1983; x_wconf 91' lang='lat' dir='ltr'><strong>Sed</strong></span> <span class='ocrx_word' id='word_1_238' title='bbox 1266 1930 1482 1998; x_wconf 82' lang='lat' dir='ltr'><strong>quarta</strong></span> <span class='ocrx_word' id='word_1_239' title='bbox 1511 1926 1746 1983; x_wconf 91' lang='lat' dir='ltr'><strong>decima</strong></span> <span class='ocrx_word' id='word_1_240' title='bbox 1774 1927 1918 1982; x_wconf 90' lang='lat' dir='ltr'><strong>luna</strong></span> <span class='ocrx_word' id='word_1_241' title='bbox 1939 1929 2018 1984; x_wconf 90' lang='lat' dir='ltr'><strong>ad</strong></span> <span class='ocrx_word' id='word_1_242' title='bbox 2047 1947 2178 1985; x_wconf 89' lang='lat' dir='ltr'><strong>ves-</strong></span> 
     </span>
    </p>
   </div>
   <div class='ocr_carea' id='block_1_33' title="bbox 525 2015 2178 2091">
    <p class='ocr_par' dir='ltr' id='par_1_33' title="bbox 525 2015 2178 2091">
     <span class='ocr_line' id='line_1_33' title="bbox 525 2015 2178 2091; baseline 0 -17"><span class='ocrx_word' id='word_1_243' title='bbox 525 2034 734 2091; x_wconf 91' lang='lat' dir='ltr'><strong>peram</strong></span> <span class='ocrx_word' id='word_1_244' title='bbox 757 2017 1188 2073; x_wconf 88' lang='lat' dir='ltr'><strong>immolabatur</strong></span> <span class='ocrx_word' id='word_1_245' title='bbox 1214 2030 1409 2085; x_wconf 86' lang='lat' dir='ltr'><strong>agnus</strong></span> <span class='ocrx_word' id='word_1_246' title='bbox 1431 2015 1688 2087; x_wconf 83' lang='lat' dir='ltr'><strong>typicus.</strong></span> <span class='ocrx_word' id='word_1_247' title='bbox 1704 2018 1854 2086; x_wconf 85' lang='lat' dir='ltr'><strong>Ergo</strong></span> <span class='ocrx_word' id='word_1_248' title='bbox 1875 2017 1935 2072; x_wconf 90' lang='lat' dir='ltr'><strong>in</strong></span> <span class='ocrx_word' id='word_1_249' title='bbox 1962 2017 2058 2073; x_wconf 93' lang='lat' dir='ltr'><strong>die</strong></span> <span class='ocrx_word' id='word_1_250' title='bbox 2073 2022 2178 2074; x_wconf 89' lang='lat' dir='ltr'><strong>Pa-</strong></span> 
     </span>
    </p>
   </div>
   <div class='ocr_carea' id='block_1_34' title="bbox 523 2104 2182 2178">
    <p class='ocr_par' dir='ltr' id='par_1_34' title="bbox 523 2104 2182 2178">
     <span class='ocr_line' id='line_1_34' title="bbox 523 2104 2182 2178; baseline 0 -14"><span class='ocrx_word' id='word_1_251' title='bbox 523 2122 764 2173; x_wconf 89' lang='lat' dir='ltr'><strong>rasceve</strong></span> <span class='ocrx_word' id='word_1_252' title='bbox 794 2106 903 2162; x_wconf 85' lang='lat' dir='ltr'><strong>fuit</strong></span> <span class='ocrx_word' id='word_1_253' title='bbox 929 2107 1076 2163; x_wconf 87' lang='lat' dir='ltr'><strong>luna</strong></span> <span class='ocrx_word' id='word_1_254' title='bbox 1095 2109 1312 2178; x_wconf 88' lang='lat' dir='ltr'><strong>quarta</strong></span> <span class='ocrx_word' id='word_1_255' title='bbox 1339 2104 1594 2160; x_wconf 88' lang='lat' dir='ltr'><strong>decima.</strong></span> <span class='ocrx_word' id='word_1_256' title='bbox 1627 2105 1773 2177; x_wconf 87' lang='lat' dir='ltr'><strong>quia</strong></span> <span class='ocrx_word' id='word_1_257' title='bbox 1791 2112 2008 2178; x_wconf 90' lang='lat' dir='ltr'><strong>quarta</strong></span> <span class='ocrx_word' id='word_1_258' title='bbox 2027 2107 2182 2164; x_wconf 92' lang='lat' dir='ltr'><strong>deci-</strong></span> 
     </span>
    </p>
   </div>
   <div class='ocr_carea' id='block_1_35' title="bbox 525 2193 2180 2266">
    <p class='ocr_par' dir='ltr' id='par_1_35' title="bbox 525 2193 2180 2266">
     <span class='ocr_line' id='line_1_35' title="bbox 525 2193 2180 2266; baseline 0.001 -14"><span class='ocrx_word' id='word_1_259' title='bbox 525 2212 628 2253; x_wconf 92' lang='lat' dir='ltr'><strong>ma</strong></span> <span class='ocrx_word' id='word_1_260' title='bbox 646 2196 792 2252; x_wconf 90' lang='lat' dir='ltr'><strong>luna</strong></span> <span class='ocrx_word' id='word_1_261' title='bbox 820 2195 1168 2251; x_wconf 89' lang='lat' dir='ltr'><strong>immolatus</strong></span> <span class='ocrx_word' id='word_1_262' title='bbox 1215 2193 1325 2248; x_wconf 84' lang='lat' dir='ltr'><strong>fuit</strong></span> <span class='ocrx_word' id='word_1_263' title='bbox 1375 2197 1579 2264; x_wconf 85' lang='lat' dir='ltr'><strong>Agnus</strong></span> <span class='ocrx_word' id='word_1_264' title='bbox 1614 2209 1810 2250; x_wconf 90' lang='lat' dir='ltr'><strong>verus.</strong></span> <span class='ocrx_word' id='word_1_265' title='bbox 1845 2197 1995 2266; x_wconf 84' lang='lat' dir='ltr'><strong>Ergo</strong></span> <span class='ocrx_word' id='word_1_266' title='bbox 2044 2197 2180 2254; x_wconf 92' lang='lat' dir='ltr'><strong>etin</strong></span> 
     </span>
    </p>
   </div>
   <div class='ocr_carea' id='block_1_36' title="bbox 523 2280 2184 2356">
    <p class='ocr_par' dir='ltr' id='par_1_36' title="bbox 523 2280 2184 2356">
     <span class='ocr_line' id='line_1_36' title="bbox 523 2280 2184 2356; baseline 0.001 -16"><span class='ocrx_word' id='word_1_267' title='bbox 523 2285 738 2356; x_wconf 88' lang='lat' dir='ltr'><strong>quinta</strong></span> <span class='ocrx_word' id='word_1_268' title='bbox 767 2283 916 2340; x_wconf 84' lang='lat' dir='ltr'><strong>feria</strong></span> <span class='ocrx_word' id='word_1_269' title='bbox 943 2282 1302 2355; x_wconf 89' lang='lat' dir='ltr'><strong>pracedenti</strong></span> <span class='ocrx_word' id='word_1_270' title='bbox 1350 2280 1458 2336; x_wconf 87' lang='lat' dir='ltr'><strong>fuit</strong></span> <span class='ocrx_word' id='word_1_271' title='bbox 1485 2281 1633 2337; x_wconf 90' lang='lat' dir='ltr'><strong>luna</strong></span> <span class='ocrx_word' id='word_1_272' title='bbox 1657 2281 1829 2338; x_wconf 89' lang='lat' dir='ltr'><strong>tertia</strong></span> <span class='ocrx_word' id='word_1_273' title='bbox 1848 2283 2105 2352; x_wconf 92' lang='lat' dir='ltr'><strong>decima,</strong></span> <span class='ocrx_word' id='word_1_274' title='bbox 2127 2291 2184 2342; x_wconf 90' lang='lat' dir='ltr'><strong>et</strong></span> 
     </span>
    </p>
   </div>
   <div class='ocr_carea' id='block_1_37' title="bbox 527 2368 2181 2440">
    <p class='ocr_par' dir='ltr' id='par_1_37' title="bbox 527 2368 2181 2440">
     <span class='ocr_line' id='line_1_37' title="bbox 527 2368 2181 2440; baseline 0 -12"><span class='ocrx_word' id='word_1_275' title='bbox 527 2377 668 2428; x_wconf 91' lang='lat' dir='ltr'><strong>tunc</strong></span> <span class='ocrx_word' id='word_1_276' title='bbox 697 2371 835 2426; x_wconf 87' lang='lat' dir='ltr'><strong>fecit</strong></span> <span class='ocrx_word' id='word_1_277' title='bbox 863 2370 1129 2426; x_wconf 89' lang='lat' dir='ltr'><strong>Christus</strong></span> <span class='ocrx_word' id='word_1_278' title='bbox 1160 2368 1392 2424; x_wconf 85' lang='lat' dir='ltr'><strong>Pascha</strong></span> <span class='ocrx_word' id='word_1_279' title='bbox 1413 2371 1773 2440; x_wconf 89' lang='lat' dir='ltr'><strong>suum.Ergo</strong></span> <span class='ocrx_word' id='word_1_280' title='bbox 1801 2371 2064 2427; x_wconf 89' lang='lat' dir='ltr'><strong>Christus</strong></span> <span class='ocrx_word' id='word_1_281' title='bbox 2083 2389 2181 2429; x_wconf 90' lang='lat' dir='ltr'><strong>co-</strong></span> 
     </span>
    </p>
   </div>
   <div class='ocr_carea' id='block_1_38' title="bbox 526 2457 1230 2530">
    <p class='ocr_par' dir='ltr' id='par_1_38' title="bbox 526 2457 1230 2530">
     <span class='ocr_line' id='line_1_38' title="bbox 526 2457 1230 2530; baseline -0.004 -16"><span class='ocrx_word' id='word_1_282' title='bbox 526 2459 716 2515; x_wconf 90' lang='lat' dir='ltr'><strong>medit</strong></span> <span class='ocrx_word' id='word_1_283' title='bbox 741 2473 957 2530; x_wconf 86' lang='lat' dir='ltr'><strong>azyma</strong></span> <span class='ocrx_word' id='word_1_284' title='bbox 978 2457 1230 2513; x_wconf 87' lang='lat' dir='ltr'><strong>Pascha.</strong></span> 
     </span>
    </p>
   </div>
   <div class='ocr_carea' id='block_1_39' title="bbox 599 2545 2181 2622">
    <p class='ocr_par' dir='ltr' id='par_1_39' title="bbox 599 2545 2181 2622">
     <span class='ocr_line' id='line_1_39' title="bbox 599 2545 2181 2622; baseline 0.003 -22"><span class='ocrx_word' id='word_1_285' title='bbox 599 2546 863 2602; x_wconf 89' lang='lat' dir='ltr'><strong>Dicimus</strong></span> <span class='ocrx_word' id='word_1_286' title='bbox 893 2546 1060 2618; x_wconf 91' lang='lat' dir='ltr'><strong>quod</strong></span> <span class='ocrx_word' id='word_1_287' title='bbox 1088 2545 1306 2600; x_wconf 89' lang='lat' dir='ltr'><strong>veritas</strong></span> <span class='ocrx_word' id='word_1_288' title='bbox 1353 2545 1680 2618; x_wconf 91' lang='lat' dir='ltr'><strong>respondet</strong></span> <span class='ocrx_word' id='word_1_289' title='bbox 1725 2546 1978 2611; x_wconf 83' lang='lat' dir='ltr'><strong>umbrae,</strong></span> <span class='ocrx_word' id='word_1_290' title='bbox 2037 2550 2181 2622; x_wconf 90' lang='lat' dir='ltr'><strong>quia</strong></span> 
     </span>
    </p>
   </div>
   <div class='ocr_carea' id='block_1_40' title="bbox 528 2633 2178 2707">
    <p class='ocr_par' dir='ltr' id='par_1_40' title="bbox 528 2633 2178 2707">
     <span class='ocr_line' id='line_1_40' title="bbox 528 2633 2178 2707; baseline 0.002 -16"><span class='ocrx_word' id='word_1_291' title='bbox 528 2635 590 2692; x_wconf 92' lang='lat' dir='ltr'><strong>in</strong></span> <span class='ocrx_word' id='word_1_292' title='bbox 604 2635 836 2691; x_wconf 85' lang='lat' dir='ltr'><strong>Pascha</strong></span> <span class='ocrx_word' id='word_1_293' title='bbox 856 2634 1058 2706; x_wconf 88' lang='lat' dir='ltr'><strong>typico</strong></span> <span class='ocrx_word' id='word_1_294' title='bbox 1085 2633 1410 2698; x_wconf 87' lang='lat' dir='ltr'><strong>erantduo,</strong></span> <span class='ocrx_word' id='word_1_295' title='bbox 1431 2633 1651 2690; x_wconf 88' lang='lat' dir='ltr'><strong>scilicet</strong></span> <span class='ocrx_word' id='word_1_296' title='bbox 1669 2637 1808 2706; x_wconf 88' lang='lat' dir='ltr'><strong>agni</strong></span> <span class='ocrx_word' id='word_1_297' title='bbox 1824 2636 1902 2691; x_wconf 92' lang='lat' dir='ltr'><strong>im</strong></span> <span class='ocrx_word' id='word_1_298' title='bbox 1912 2637 2178 2707; x_wconf 90' lang='lat' dir='ltr'><strong>molatio,</strong></span> 
     </span>
    </p>
   </div>
   <div class='ocr_carea' id='block_1_41' title="bbox 530 2722 2182 2795">
    <p class='ocr_par' dir='ltr' id='par_1_41' title="bbox 530 2722 2182 2795">
     <span class='ocr_line' id='line_1_41' title="bbox 530 2722 2182 2795; baseline -0.001 -12"><span class='ocrx_word' id='word_1_299' title='bbox 530 2731 588 2782; x_wconf 90' lang='lat' dir='ltr'><strong>et</strong></span> <span class='ocrx_word' id='word_1_300' title='bbox 628 2723 934 2782; x_wconf 85' lang='lat' dir='ltr'><strong>comestio.</strong></span> <span class='ocrx_word' id='word_1_301' title='bbox 976 2727 1180 2794; x_wconf 79' lang='lat' dir='ltr'><strong>Agnus</strong></span> <span class='ocrx_word' id='word_1_302' title='bbox 1254 2723 1486 2795; x_wconf 84' lang='lat' dir='ltr'><strong>typicus</strong></span> <span class='ocrx_word' id='word_1_303' title='bbox 1547 2722 1977 2780; x_wconf 85' lang='lat' dir='ltr'><strong>immolabatur</strong></span> <span class='ocrx_word' id='word_1_304' title='bbox 2041 2728 2182 2782; x_wconf 83' lang='lat' dir='ltr'><strong>luna</strong></span> 
     </span>
    </p>
   </div>
   <div class='ocr_carea' id='block_1_42' title="bbox 528 2811 2180 2886">
    <p class='ocr_par' dir='ltr' id='par_1_42' title="bbox 528 2811 2180 2886">
     <span class='ocr_line' id='line_1_42' title="bbox 528 2811 2180 2886; baseline 0.001 -17"><span class='ocrx_word' id='word_1_305' title='bbox 528 2818 750 2886; x_wconf 89' lang='lat' dir='ltr'><strong>quarta</strong></span> <span class='ocrx_word' id='word_1_306' title='bbox 777 2813 997 2869; x_wconf 89' lang='lat' dir='ltr'><strong>dicima</strong></span> <span class='ocrx_word' id='word_1_307' title='bbox 1035 2830 1048 2880; x_wconf 89' lang='lat'><strong>;</strong></span> <span class='ocrx_word' id='word_1_308' title='bbox 1097 2815 1156 2867; x_wconf 91' lang='lat' dir='ltr'><strong>et</strong></span> <span class='ocrx_word' id='word_1_309' title='bbox 1207 2811 1540 2868; x_wconf 90' lang='lat' dir='ltr'><strong>immolatio</strong></span> <span class='ocrx_word' id='word_1_310' title='bbox 1565 2811 1690 2868; x_wconf 90' lang='lat' dir='ltr'><strong>veri</strong></span> <span class='ocrx_word' id='word_1_311' title='bbox 1719 2814 1869 2882; x_wconf 84' lang='lat' dir='ltr'><strong>Agni</strong></span> <span class='ocrx_word' id='word_1_312' title='bbox 1899 2814 2180 2872; x_wconf 90' lang='lat' dir='ltr'><strong>inchoata</strong></span> 
     </span>
    </p>
   </div>
   <div class='ocr_carea' id='block_1_43' title="bbox 530 2899 2174 2972">
    <p class='ocr_par' dir='ltr' id='par_1_43' title="bbox 530 2899 2174 2972">
     <span class='ocr_line' id='line_1_43' title="bbox 530 2899 2174 2972; baseline 0.001 -15"><span class='ocrx_word' id='word_1_313' title='bbox 530 2908 618 2959; x_wconf 91' lang='lat' dir='ltr'><strong>est</strong></span> <span class='ocrx_word' id='word_1_314' title='bbox 643 2902 790 2958; x_wconf 91' lang='lat' dir='ltr'><strong>luna</strong></span> <span class='ocrx_word' id='word_1_315' title='bbox 813 2901 1049 2958; x_wconf 90' lang='lat' dir='ltr'><strong>decima</strong></span> <span class='ocrx_word' id='word_1_316' title='bbox 1072 2899 1445 2972; x_wconf 82' lang='lat' dir='ltr'><strong>quarta,|qua</strong></span> <span class='ocrx_word' id='word_1_317' title='bbox 1473 2905 1684 2972; x_wconf 89' lang='lat' dir='ltr'><strong>captus</strong></span> <span class='ocrx_word' id='word_1_318' title='bbox 1713 2908 1840 2958; x_wconf 89' lang='lat' dir='ltr'><strong>erat</strong></span> <span class='ocrx_word' id='word_1_319' title='bbox 1865 2905 2174 2960; x_wconf 85' lang='lat' dir='ltr'><strong>Dominus.</strong></span> 
     </span>
    </p>
   </div>
   <div class='ocr_carea' id='block_1_44' title="bbox 527 2989 2179 3061">
    <p class='ocr_par' dir='ltr' id='par_1_44' title="bbox 527 2989 2179 3061">
     <span class='ocr_line' id='line_1_44' title="bbox 527 2989 2179 3061; baseline 0.001 -13"><span class='ocrx_word' id='word_1_320' title='bbox 527 2995 594 3048; x_wconf 91' lang='lat' dir='ltr'><strong>Et</strong></span> <span class='ocrx_word' id='word_1_321' title='bbox 621 2991 956 3048; x_wconf 90' lang='lat' dir='ltr'><strong>immolatio</strong></span> <span class='ocrx_word' id='word_1_322' title='bbox 1011 2990 1336 3061; x_wconf 91' lang='lat' dir='ltr'><strong>respondet</strong></span> <span class='ocrx_word' id='word_1_323' title='bbox 1391 2989 1815 3046; x_wconf 91' lang='lat' dir='ltr'><strong>immolationi.</strong></span> <span class='ocrx_word' id='word_1_324' title='bbox 1887 2994 2179 3051; x_wconf 89' lang='lat' dir='ltr'><strong>Comestio</strong></span> 
     </span>
    </p>
   </div>
   <div class='ocr_carea' id='block_1_45' title="bbox 527 3079 2181 3153">
    <p class='ocr_par' dir='ltr' id='par_1_45' title="bbox 527 3079 2181 3153">
     <span class='ocr_line' id='line_1_45' title="bbox 527 3079 2181 3153; baseline 0.001 -15"><span class='ocrx_word' id='word_1_325' title='bbox 527 3087 732 3138; x_wconf 86' lang='lat' dir='ltr'><strong>autem</strong></span> <span class='ocrx_word' id='word_1_326' title='bbox 752 3080 1104 3137; x_wconf 86' lang='lat' dir='ltr'><strong>comestioni</strong></span> <span class='ocrx_word' id='word_1_327' title='bbox 1141 3079 1396 3136; x_wconf 90' lang='lat' dir='ltr'><strong>totaliter</strong></span> <span class='ocrx_word' id='word_1_328' title='bbox 1423 3079 1746 3151; x_wconf 91' lang='lat' dir='ltr'><strong>respondet</strong></span> <span class='ocrx_word' id='word_1_329' title='bbox 1771 3099 1784 3149; x_wconf 89' lang='lat'>;</span> <span class='ocrx_word' id='word_1_330' title='bbox 1811 3082 1956 3153; x_wconf 89' lang='lat' dir='ltr'><strong>quia</strong></span> <span class='ocrx_word' id='word_1_331' title='bbox 1986 3098 2181 3152; x_wconf 88' lang='lat' dir='ltr'><strong>agnus</strong></span> 
     </span>
    </p>
   </div>
   <div class='ocr_carea' id='block_1_46' title="bbox 530 3168 2250 3254">
    <p class='ocr_par' dir='ltr' id='par_1_46' title="bbox 530 3168 2250 3254">
     <span class='ocr_line' id='line_1_46' title="bbox 530 3168 2250 3254; baseline 0.001 -28"><span class='ocrx_word' id='word_1_332' title='bbox 530 3171 767 3243; x_wconf 89' lang='lat' dir='ltr'><strong>typicus</strong></span> <span class='ocrx_word' id='word_1_333' title='bbox 793 3168 1225 3226; x_wconf 90' lang='lat' dir='ltr'><strong>comedebatur</strong></span> <span class='ocrx_word' id='word_1_334' title='bbox 1243 3173 1461 3240; x_wconf 90' lang='lat' dir='ltr'><strong>quarta</strong></span> <span class='ocrx_word' id='word_1_335' title='bbox 1516 3168 1754 3224; x_wconf 88' lang='lat' dir='ltr'><strong>decima</strong></span> <span class='ocrx_word' id='word_1_336' title='bbox 1802 3169 1966 3235; x_wconf 90' lang='lat' dir='ltr'><strong>luna,</strong></span> <span class='ocrx_word' id='word_1_337' title='bbox 1992 3176 2049 3226; x_wconf 92' lang='lat' dir='ltr'><strong>et</strong></span> <span class='ocrx_word' id='word_1_338' title='bbox 2073 3172 2181 3228; x_wconf 89' lang='lat' dir='ltr'><strong>Do-</strong></span> <span class='ocrx_word' id='word_1_339' title='bbox 2212 3201 2250 3254; x_wconf 66' lang='grc' dir='ltr'><strong>ρ</strong></span> 
     </span>
    </p>
   </div>
   <div class='ocr_carea' id='block_1_47' title="bbox 528 3254 1893 3327">
    <p class='ocr_par' dir='ltr' id='par_1_47' title="bbox 528 3254 1893 3327">
     <span class='ocr_line' id='line_1_47' title="bbox 528 3254 1893 3327; baseline -0.001 -14"><span class='ocrx_word' id='word_1_340' title='bbox 528 3257 732 3313; x_wconf 83' lang='lat' dir='ltr'><strong>minus</strong></span> <span class='ocrx_word' id='word_1_341' title='bbox 761 3255 929 3312; x_wconf 89' lang='lat' dir='ltr'><strong>dedit</strong></span> <span class='ocrx_word' id='word_1_342' title='bbox 957 3271 1175 3327; x_wconf 89' lang='lat' dir='ltr'><strong>corpus</strong></span> <span class='ocrx_word' id='word_1_343' title='bbox 1207 3271 1385 3310; x_wconf 92' lang='lat' dir='ltr'><strong>suum</strong></span> <span class='ocrx_word' id='word_1_344' title='bbox 1407 3254 1718 3326; x_wconf 91' lang='lat' dir='ltr'><strong>discipulis</strong></span> <span class='ocrx_word' id='word_1_345' title='bbox 1753 3256 1893 3312; x_wconf 90' lang='lat' dir='ltr'><strong>suis.</strong></span> 
     </span>
    </p>
   </div>
   <div class='ocr_carea' id='block_1_48' title="bbox 605 3342 2180 3418">
    <p class='ocr_par' dir='ltr' id='par_1_48' title="bbox 605 3342 2180 3418">
     <span class='ocr_line' id='line_1_48' title="bbox 605 3342 2180 3418; baseline 0.001 -17"><span class='ocrx_word' id='word_1_346' title='bbox 605 3346 662 3401; x_wconf 89' lang='lat' dir='ltr'><strong>Si</strong></span> <span class='ocrx_word' id='word_1_347' title='bbox 683 3349 884 3400; x_wconf 85' lang='lat' dir='ltr'><strong>autem</strong></span> <span class='ocrx_word' id='word_1_348' title='bbox 912 3343 1229 3414; x_wconf 90' lang='lat' dir='ltr'><strong>objiciatur</strong></span> <span class='ocrx_word' id='word_1_349' title='bbox 1279 3342 1354 3398; x_wconf 91' lang='lat' dir='ltr'><strong>de</strong></span> <span class='ocrx_word' id='word_1_350' title='bbox 1396 3343 1768 3412; x_wconf 90' lang='lat' dir='ltr'><strong>mulieribus,</strong></span> <span class='ocrx_word' id='word_1_351' title='bbox 1801 3346 1967 3415; x_wconf 90' lang='lat' dir='ltr'><strong>quod</strong></span> <span class='ocrx_word' id='word_1_352' title='bbox 2008 3362 2180 3418; x_wconf 83' lang='lat' dir='ltr'><strong>para-</strong></span> 
     </span>
    </p>
   </div>
   <div class='ocr_carea' id='block_1_49' title="bbox 536 3429 2178 3500">
    <p class='ocr_par' dir='ltr' id='par_1_49' title="bbox 536 3429 2178 3500">
     <span class='ocr_line' id='line_1_49' title="bbox 536 3429 2178 3500; baseline 0.002 -14"><span class='ocrx_word' id='word_1_353' title='bbox 536 3435 750 3486; x_wconf 89' lang='lat' dir='ltr'><strong>verunt</strong></span> <span class='ocrx_word' id='word_1_354' title='bbox 779 3435 1072 3497; x_wconf 90' lang='lat' dir='ltr'><strong>aromata,</strong></span> <span class='ocrx_word' id='word_1_355' title='bbox 1101 3429 1267 3500; x_wconf 88' lang='lat' dir='ltr'><strong>quod</strong></span> <span class='ocrx_word' id='word_1_356' title='bbox 1297 3445 1421 3485; x_wconf 91' lang='lat' dir='ltr'><strong>non</strong></span> <span class='ocrx_word' id='word_1_357' title='bbox 1468 3429 1747 3486; x_wconf 84' lang='lat' dir='ltr'><strong>fecissent</strong></span> <span class='ocrx_word' id='word_1_358' title='bbox 1784 3431 1843 3486; x_wconf 90' lang='lat' dir='ltr'><strong>in</strong></span> <span class='ocrx_word' id='word_1_359' title='bbox 1870 3432 1966 3487; x_wconf 87' lang='lat' dir='ltr'><strong>die</strong></span> <span class='ocrx_word' id='word_1_360' title='bbox 1992 3434 2140 3489; x_wconf 87' lang='lat' dir='ltr'><strong>festo</strong></span> <span class='ocrx_word' id='word_1_361' title='bbox 2165 3452 2178 3490; x_wconf 92' lang='lat'>:</span> 
     </span>
    </p>
   </div>
   <div class='ocr_carea' id='block_1_50' title="bbox 535 3516 2184 3594">
    <p class='ocr_par' dir='ltr' id='par_1_50' title="bbox 535 3516 2184 3594">
     <span class='ocr_line' id='line_1_50' title="bbox 535 3516 2184 3594; baseline 0.002 -19"><span class='ocrx_word' id='word_1_362' title='bbox 535 3517 860 3575; x_wconf 87' lang='lat' dir='ltr'><strong>dicendum</strong></span> <span class='ocrx_word' id='word_1_363' title='bbox 891 3523 999 3586; x_wconf 90' lang='lat' dir='ltr'><strong>est,</strong></span> <span class='ocrx_word' id='word_1_364' title='bbox 1026 3516 1196 3590; x_wconf 92' lang='lat' dir='ltr'><strong>quod</strong></span> <span class='ocrx_word' id='word_1_365' title='bbox 1216 3533 1401 3590; x_wconf 85' lang='lat' dir='ltr'><strong>opera</strong></span> <span class='ocrx_word' id='word_1_366' title='bbox 1439 3517 1868 3574; x_wconf 81' lang='lat' dir='ltr'><strong>misericordiae</strong></span> <span class='ocrx_word' id='word_1_367' title='bbox 1899 3536 2020 3576; x_wconf 90' lang='lat' dir='ltr'><strong>non</strong></span> <span class='ocrx_word' id='word_1_368' title='bbox 2051 3538 2184 3594; x_wconf 88' lang='lat' dir='ltr'><strong>pro-</strong></span> 
     </span>
    </p>
   </div>
   <div class='ocr_carea' id='block_1_51' title="bbox 535 3605 2184 3677">
    <p class='ocr_par' dir='ltr' id='par_1_51' title="bbox 535 3605 2184 3677">
     <span class='ocr_line' id='line_1_51' title="bbox 535 3605 2184 3677; baseline 0.002 -14"><span class='ocrx_word' id='word_1_369' title='bbox 535 3605 916 3674; x_wconf 88' lang='lat' dir='ltr'><strong>hibebantur,</strong></span> <span class='ocrx_word' id='word_1_370' title='bbox 940 3605 1046 3662; x_wconf 89' lang='lat' dir='ltr'><strong>sed</strong></span> <span class='ocrx_word' id='word_1_371' title='bbox 1072 3610 1307 3661; x_wconf 90' lang='lat' dir='ltr'><strong>tantum</strong></span> <span class='ocrx_word' id='word_1_372' title='bbox 1344 3621 1531 3676; x_wconf 89' lang='lat' dir='ltr'><strong>opera</strong></span> <span class='ocrx_word' id='word_1_373' title='bbox 1572 3606 1829 3677; x_wconf 84' lang='lat' dir='ltr'><strong>servilia,</strong></span> <span class='ocrx_word' id='word_1_374' title='bbox 1864 3609 2014 3664; x_wconf 92' lang='lat' dir='ltr'><strong>sicut</strong></span> <span class='ocrx_word' id='word_1_375' title='bbox 2042 3611 2184 3667; x_wconf 83' lang='lat' dir='ltr'><strong>dixit</strong></span> 
     </span>
    </p>
   </div>
   <div class='ocr_carea' id='block_1_52' title="bbox 538 3694 2182 3766">
    <p class='ocr_par' dir='ltr' id='par_1_52' title="bbox 538 3694 2182 3766">
     <span class='ocr_line' id='line_1_52' title="bbox 538 3694 2182 3766; baseline 0.004 -16"><span class='ocrx_word' id='word_1_376' title='bbox 538 3695 829 3753; x_wconf 90' lang='lat' dir='ltr'><strong>Dominus</strong></span> <span class='ocrx_word' id='word_1_377' title='bbox 849 3695 922 3752; x_wconf 92' lang='lat' dir='ltr'><strong>de</strong></span> <span class='ocrx_word' id='word_1_378' title='bbox 951 3694 1330 3766; x_wconf 80' lang='lat' dir='ltr'><strong>Magdalena:</strong></span> <span class='ocrx_word' id='word_1_379' title='bbox 1361 3695 1548 3751; x_wconf 89' lang='lat' dir='ltr'><strong>Sinite</strong></span> <span class='ocrx_word' id='word_1_380' title='bbox 1605 3697 1798 3762; x_wconf 89' lang='lat' dir='ltr'><strong>illam,</strong></span> <span class='ocrx_word' id='word_1_381' title='bbox 1831 3704 1895 3752; x_wconf 87' lang='lat' dir='ltr'><strong>ut</strong></span> <span class='ocrx_word' id='word_1_382' title='bbox 1935 3700 2000 3754; x_wconf 88' lang='lat' dir='ltr'><strong>in</strong></span> <span class='ocrx_word' id='word_1_383' title='bbox 2029 3702 2182 3758; x_wconf 86' lang='lat' dir='ltr'><strong>diem</strong></span> 
     </span>
    </p>
   </div>
   <div class='ocr_carea' id='block_1_53' title="bbox 534 3784 2184 3855">
    <p class='ocr_par' dir='ltr' id='par_1_53' title="bbox 534 3784 2184 3855">
     <span class='ocr_line' id='line_1_53' title="bbox 534 3784 2184 3855; baseline 0.003 -14"><span class='ocrx_word' id='word_1_384' title='bbox 534 3787 866 3855; x_wconf 73' lang='lat' dir='ltr'><strong>sepultura:</strong></span> <span class='ocrx_word' id='word_1_385' title='bbox 895 3799 1037 3841; x_wconf 74' lang='lat' dir='ltr'><strong>mea</strong></span> <span class='ocrx_word' id='word_1_386' title='bbox 1061 3791 1250 3840; x_wconf 81' lang='lat' dir='ltr'><strong>servet</strong></span> <span class='ocrx_word' id='word_1_387' title='bbox 1281 3784 1440 3839; x_wconf 85' lang='lat' dir='ltr'><strong>illud</strong></span> <span class='ocrx_word' id='word_1_388' title='bbox 1469 3785 1510 3837; x_wconf 84' lang='grc'><strong>⁹.</strong></span> <span class='ocrx_word' id='word_1_389' title='bbox 1546 3787 1709 3850; x_wconf 91' lang='lat' dir='ltr'><strong>Item,</strong></span> <span class='ocrx_word' id='word_1_390' title='bbox 1761 3786 2184 3846; x_wconf 85' lang='lat' dir='ltr'><strong>circumcidere</strong></span> 
     </span>
    </p>
   </div>
   <div class='ocr_carea' id='block_1_54' title="bbox 531 3872 2183 3950">
    <p class='ocr_par' dir='ltr' id='par_1_54' title="bbox 531 3872 2183 3950">
     <span class='ocr_line' id='line_1_54' title="bbox 531 3872 2183 3950; baseline 0.002 -19"><span class='ocrx_word' id='word_1_391' title='bbox 531 3873 751 3932; x_wconf 88' lang='lat' dir='ltr'><strong>licebat</strong></span> <span class='ocrx_word' id='word_1_392' title='bbox 778 3873 840 3930; x_wconf 94' lang='lat' dir='ltr'><strong>in</strong></span> <span class='ocrx_word' id='word_1_393' title='bbox 868 3873 965 3930; x_wconf 91' lang='lat' dir='ltr'><strong>die</strong></span> <span class='ocrx_word' id='word_1_394' title='bbox 989 3872 1270 3940; x_wconf 86' lang='lat' dir='ltr'><strong>Sabbato,</strong></span> <span class='ocrx_word' id='word_1_395' title='bbox 1302 3873 1447 3945; x_wconf 89' lang='lat' dir='ltr'><strong>quia</strong></span> <span class='ocrx_word' id='word_1_396' title='bbox 1499 3873 1615 3929; x_wconf 90' lang='lat' dir='ltr'><strong>hoc</strong></span> <span class='ocrx_word' id='word_1_397' title='bbox 1649 3879 1777 3930; x_wconf 91' lang='lat' dir='ltr'><strong>erat</strong></span> <span class='ocrx_word' id='word_1_398' title='bbox 1819 3891 1972 3948; x_wconf 89' lang='lat' dir='ltr'><strong>opus</strong></span> <span class='ocrx_word' id='word_1_399' title='bbox 2017 3879 2183 3950; x_wconf 88' lang='lat' dir='ltr'><strong>spiri-</strong></span> 
     </span>
    </p>
   </div>
   <div class='ocr_carea' id='block_1_55' title="bbox 534 3961 2184 4036">
    <p class='ocr_par' dir='ltr' id='par_1_55' title="bbox 534 3961 2184 4036">
     <span class='ocr_line' id='line_1_55' title="bbox 534 3961 2184 4036; baseline 0.002 -15"><span class='ocrx_word' id='word_1_400' title='bbox 534 3963 712 4036; x_wconf 89' lang='lat' dir='ltr'><strong>tuale,</strong></span> <span class='ocrx_word' id='word_1_401' title='bbox 740 3979 865 4019; x_wconf 90' lang='lat' dir='ltr'><strong>non</strong></span> <span class='ocrx_word' id='word_1_402' title='bbox 887 3962 1116 4027; x_wconf 88' lang='lat' dir='ltr'><strong>servile,</strong></span> <span class='ocrx_word' id='word_1_403' title='bbox 1150 3961 1528 4018; x_wconf 89' lang='lat' dir='ltr'><strong>sicutdicitur</strong></span> <span class='ocrx_word' id='word_1_404' title='bbox 1565 3963 1764 4018; x_wconf 90' lang='lat' dir='ltr'><strong>Matth.</strong></span> <span class='ocrx_word' id='word_1_405' title='bbox 1801 3980 1899 4033; x_wconf 88' lang='lat' dir='ltr'><strong>xu,</strong></span> <span class='ocrx_word' id='word_1_406' title='bbox 1931 3971 1960 4020; x_wconf 85' lang='lat'><strong>5</strong></span> <span class='ocrx_word' id='word_1_407' title='bbox 1989 3984 2001 4020; x_wconf 93' lang='lat'><strong>:</strong></span> <span class='ocrx_word' id='word_1_408' title='bbox 2033 3968 2184 4024; x_wconf 88' lang='lat' dir='ltr'><strong>Sab-</strong></span> 
     </span>
    </p>
   </div>
   <div class='ocr_carea' id='block_1_56' title="bbox 538 4051 2185 4121">
    <p class='ocr_par' dir='ltr' id='par_1_56' title="bbox 538 4051 2185 4121">
     <span class='ocr_line' id='line_1_56' title="bbox 538 4051 2185 4121; baseline 0.002 -12"><span class='ocrx_word' id='word_1_409' title='bbox 538 4054 688 4110; x_wconf 86' lang='lat' dir='ltr'><strong>batis</strong></span> <span class='ocrx_word' id='word_1_410' title='bbox 699 4053 1028 4110; x_wconf 82' lang='lat' dir='ltr'><strong>sacerdotes</strong></span> <span class='ocrx_word' id='word_1_411' title='bbox 1044 4053 1106 4108; x_wconf 87' lang='lat' dir='ltr'><strong>in</strong></span> <span class='ocrx_word' id='word_1_412' title='bbox 1121 4052 1339 4121; x_wconf 85' lang='lat' dir='ltr'><strong>templo</strong></span> <span class='ocrx_word' id='word_1_413' title='bbox 1351 4051 1682 4108; x_wconf 86' lang='lat' dir='ltr'><strong>Sabbatum</strong></span> <span class='ocrx_word' id='word_1_414' title='bbox 1696 4053 1925 4109; x_wconf 86' lang='lat' dir='ltr'><strong>violant</strong></span> <span class='ocrx_word' id='word_1_415' title='bbox 1936 4055 2185 4112; x_wconf 88' lang='lat' dir='ltr'><strong>circum-</strong></span> 
     </span>
    </p>
   </div>
   <div class='ocr_carea' id='block_1_57' title="bbox 534 4141 1970 4203">
    <p class='ocr_par' dir='ltr' id='par_1_57' title="bbox 534 4141 1970 4203">
     <span class='ocr_line' id='line_1_57' title="bbox 534 4141 1970 4203; baseline 0 -7"><span class='ocrx_word' id='word_1_416' title='bbox 534 4141 785 4198; x_wconf 90' lang='lat' dir='ltr'><strong>cidendo</strong></span> <span class='ocrx_word' id='word_1_417' title='bbox 814 4141 1146 4203; x_wconf 90' lang='lat' dir='ltr'><strong>hominem,</strong></span> <span class='ocrx_word' id='word_1_418' title='bbox 1177 4145 1234 4196; x_wconf 87' lang='lat' dir='ltr'><strong>et</strong></span> <span class='ocrx_word' id='word_1_419' title='bbox 1263 4141 1388 4196; x_wconf 81' lang='lat' dir='ltr'><strong>sine</strong></span> <span class='ocrx_word' id='word_1_420' title='bbox 1417 4141 1667 4197; x_wconf 87' lang='lat' dir='ltr'><strong>crimine</strong></span> <span class='ocrx_word' id='word_1_421' title='bbox 1700 4149 1860 4198; x_wconf 83' lang='lat' dir='ltr'><strong>sunt.</strong></span> <span class='ocrx_word' id='word_1_422' title='bbox 1964 4158 1970 4164; x_wconf 93' lang='grc'><strong>·</strong></span> 
     </span>
    </p>
   </div>
   <div class='ocr_carea' id='block_1_58' title="bbox 606 4229 2184 4302">
    <p class='ocr_par' dir='ltr' id='par_1_58' title="bbox 606 4229 2184 4302">
     <span class='ocr_line' id='line_1_58' title="bbox 606 4229 2184 4302; baseline 0.004 -17"><span class='ocrx_word' id='word_1_423' title='bbox 606 4230 664 4286; x_wconf 92' lang='lat' dir='ltr'>Si</span> <span class='ocrx_word' id='word_1_424' title='bbox 684 4245 822 4285; x_wconf 89' lang='lat' dir='ltr'><strong>vero</strong></span> <span class='ocrx_word' id='word_1_425' title='bbox 851 4229 1240 4302; x_wconf 84' lang='lat' dir='ltr'><strong>Opposuerint</strong></span> <span class='ocrx_word' id='word_1_426' title='bbox 1267 4229 1444 4284; x_wconf 90' lang='lat' dir='ltr'><strong>nobis</strong></span> <span class='ocrx_word' id='word_1_427' title='bbox 1475 4229 1548 4285; x_wconf 92' lang='lat' dir='ltr'><strong>de</strong></span> <span class='ocrx_word' id='word_1_428' title='bbox 1575 4230 1672 4285; x_wconf 90' lang='lat' dir='ltr'><strong>die</strong></span> <span class='ocrx_word' id='word_1_429' title='bbox 1701 4230 1947 4288; x_wconf 89' lang='lat' dir='ltr'><strong>Sabbati</strong></span> <span class='ocrx_word' id='word_1_430' title='bbox 1984 4250 1994 4262; x_wconf 91' lang='grc'><strong>·</strong></span> <span class='ocrx_word' id='word_1_431' title='bbox 2032 4235 2184 4302; x_wconf 82' lang='lat' dir='ltr'><strong>Quia</strong></span> 
     </span>
    </p>
   </div>
   <div class='ocr_carea' id='block_1_59' title="bbox 2287 1927 3961 1998">
    <p class='ocr_par' dir='ltr' id='par_1_59' title="bbox 2287 1927 3961 1998">
     <span class='ocr_line' id='line_1_59' title="bbox 2287 1927 3961 1998; baseline -0.002 -14"><span class='ocrx_word' id='word_1_432' title='bbox 2287 1934 2519 1984; x_wconf 88' lang='lat' dir='ltr'><strong>tantum</strong></span> <span class='ocrx_word' id='word_1_433' title='bbox 2541 1929 2936 1998; x_wconf 87' lang='lat' dir='ltr'><strong>reperiuntur,</strong></span> <span class='ocrx_word' id='word_1_434' title='bbox 2969 1927 3189 1982; x_wconf 89' lang='lat' dir='ltr'><strong>scilicet</strong></span> <span class='ocrx_word' id='word_1_435' title='bbox 3218 1927 3432 1995; x_wconf 85' lang='lat' dir='ltr'><strong>farina,</strong></span> <span class='ocrx_word' id='word_1_436' title='bbox 3455 1943 3616 1998; x_wconf 89' lang='lat' dir='ltr'><strong>aqua</strong></span> <span class='ocrx_word' id='word_1_437' title='bbox 3655 1932 3713 1982; x_wconf 89' lang='lat' dir='ltr'><strong>et</strong></span> <span class='ocrx_word' id='word_1_438' title='bbox 3741 1928 3921 1996; x_wconf 85' lang='lat' dir='ltr'><strong>ignis</strong></span> <span class='ocrx_word' id='word_1_439' title='bbox 3949 1944 3961 1990; x_wconf 88' lang='lat'>;</span> 
     </span>
    </p>
   </div>
   <div class='ocr_carea' id='block_1_60' title="bbox 2286 2015 3963 2088">
    <p class='ocr_par' dir='ltr' id='par_1_60' title="bbox 2286 2015 3963 2088">
     <span class='ocr_line' id='line_1_60' title="bbox 2286 2015 3963 2088; baseline -0.001 -16"><span class='ocrx_word' id='word_1_440' title='bbox 2286 2016 2589 2072; x_wconf 89' lang='lat' dir='ltr'><strong>mediante</strong></span> <span class='ocrx_word' id='word_1_441' title='bbox 2610 2032 2733 2088; x_wconf 92' lang='lat' dir='ltr'><strong>quo</strong></span> <span class='ocrx_word' id='word_1_442' title='bbox 2754 2016 2950 2071; x_wconf 75' lang='lat' dir='ltr'><strong>farina</strong></span> <span class='ocrx_word' id='word_1_443' title='bbox 2969 2022 3024 2071; x_wconf 93' lang='lat' dir='ltr'><strong>et</strong></span> <span class='ocrx_word' id='word_1_444' title='bbox 3049 2032 3209 2088; x_wconf 89' lang='lat' dir='ltr'><strong>aqua</strong></span> <span class='ocrx_word' id='word_1_445' title='bbox 3231 2015 3698 2086; x_wconf 83' lang='lat' dir='ltr'><strong>conjunguntur.</strong></span> <span class='ocrx_word' id='word_1_446' title='bbox 3727 2016 3963 2071; x_wconf 81' lang='lat' dir='ltr'><strong>Farina</strong></span> 
     </span>
    </p>
   </div>
   <div class='ocr_carea' id='block_1_61' title="bbox 2289 2104 3961 2177">
    <p class='ocr_par' dir='ltr' id='par_1_61' title="bbox 2289 2104 3961 2177">
     <span class='ocr_line' id='line_1_61' title="bbox 2289 2104 3961 2177; baseline -0.001 -18"><span class='ocrx_word' id='word_1_447' title='bbox 2289 2106 2575 2176; x_wconf 91' lang='lat' dir='ltr'><strong>supponit</strong></span> <span class='ocrx_word' id='word_1_448' title='bbox 2603 2120 2712 2177; x_wconf 89' lang='lat' dir='ltr'><strong>pro</strong></span> <span class='ocrx_word' id='word_1_449' title='bbox 2743 2120 2923 2160; x_wconf 90' lang='lat' dir='ltr'><strong>carne</strong></span> <span class='ocrx_word' id='word_1_450' title='bbox 2956 2122 2969 2171; x_wconf 93' lang='lat'>;</span> <span class='ocrx_word' id='word_1_451' title='bbox 3000 2118 3179 2176; x_wconf 85' lang='lat' dir='ltr'><strong>aqua,</strong></span> <span class='ocrx_word' id='word_1_452' title='bbox 3216 2119 3326 2175; x_wconf 92' lang='lat' dir='ltr'><strong>pro</strong></span> <span class='ocrx_word' id='word_1_453' title='bbox 3350 2104 3554 2159; x_wconf 89' lang='lat' dir='ltr'><strong>anima</strong></span> <span class='ocrx_word' id='word_1_454' title='bbox 3578 2104 3776 2173; x_wconf 82' lang='lat' dir='ltr'><strong>;ignis</strong></span> <span class='ocrx_word' id='word_1_455' title='bbox 3810 2120 3961 2159; x_wconf 86' lang='lat' dir='ltr'><strong>vero</strong></span> 
     </span>
    </p>
   </div>
   <div class='ocr_carea' id='block_1_62' title="bbox 2290 2193 3962 2266">
    <p class='ocr_par' dir='ltr' id='par_1_62' title="bbox 2290 2193 3962 2266">
     <span class='ocr_line' id='line_1_62' title="bbox 2290 2193 3962 2266; baseline 0.001 -18"><span class='ocrx_word' id='word_1_456' title='bbox 2290 2210 2397 2266; x_wconf 92' lang='lat' dir='ltr'><strong>pro</strong></span> <span class='ocrx_word' id='word_1_457' title='bbox 2427 2193 2770 2258; x_wconf 84' lang='lat' dir='ltr'><strong>divinitate;</strong></span> <span class='ocrx_word' id='word_1_458' title='bbox 2801 2209 2936 2264; x_wconf 87' lang='lat' dir='ltr'><strong>qua</strong></span> <span class='ocrx_word' id='word_1_459' title='bbox 2989 2199 3243 2264; x_wconf 89' lang='lat' dir='ltr'><strong>utraque</strong></span> <span class='ocrx_word' id='word_1_460' title='bbox 3299 2194 3629 2264; x_wconf 90' lang='lat' dir='ltr'><strong>assumpsit</strong></span> <span class='ocrx_word' id='word_1_461' title='bbox 3658 2193 3719 2247; x_wconf 93' lang='lat' dir='ltr'><strong>in</strong></span> <span class='ocrx_word' id='word_1_462' title='bbox 3757 2193 3962 2250; x_wconf 89' lang='lat' dir='ltr'><strong>unita-</strong></span> 
     </span>
    </p>
   </div>
   <div class='ocr_carea' id='block_1_63' title="bbox 2288 2281 3962 2355">
    <p class='ocr_par' dir='ltr' id='par_1_63' title="bbox 2288 2281 3962 2355">
     <span class='ocr_line' id='line_1_63' title="bbox 2288 2281 3962 2355; baseline -0.001 -17"><span class='ocrx_word' id='word_1_463' title='bbox 2288 2289 2409 2338; x_wconf 91' lang='lat' dir='ltr'><strong>tem</strong></span> <span class='ocrx_word' id='word_1_464' title='bbox 2439 2297 2734 2355; x_wconf 90' lang='lat' dir='ltr'><strong>persona.</strong></span> <span class='ocrx_word' id='word_1_465' title='bbox 2768 2283 2882 2338; x_wconf 91' lang='lat' dir='ltr'><strong>Sed</strong></span> <span class='ocrx_word' id='word_1_466' title='bbox 2911 2281 3058 2354; x_wconf 91' lang='lat' dir='ltr'><strong>quid</strong></span> <span class='ocrx_word' id='word_1_467' title='bbox 3083 2281 3258 2337; x_wconf 91' lang='lat' dir='ltr'><strong>nobis</strong></span> <span class='ocrx_word' id='word_1_468' title='bbox 3282 2281 3355 2336; x_wconf 90' lang='lat' dir='ltr'><strong>de</strong></span> <span class='ocrx_word' id='word_1_469' title='bbox 3387 2281 3512 2336; x_wconf 90' lang='lat' dir='ltr'><strong>istis</strong></span> <span class='ocrx_word' id='word_1_470' title='bbox 3538 2281 3762 2337; x_wconf 86' lang='lat' dir='ltr'><strong>fabulis</strong></span> <span class='ocrx_word' id='word_1_471' title='bbox 3793 2290 3962 2338; x_wconf 84' lang='lat' dir='ltr'><strong>vetu-</strong></span> 
     </span>
    </p>
   </div>
   <div class='ocr_carea' id='block_1_64' title="bbox 2285 2368 3963 2440">
    <p class='ocr_par' dir='ltr' id='par_1_64' title="bbox 2285 2368 3963 2440">
     <span class='ocr_line' id='line_1_64' title="bbox 2285 2368 3963 2440; baseline -0.001 -14"><span class='ocrx_word' id='word_1_472' title='bbox 2285 2371 2483 2426; x_wconf 91' lang='lat' dir='ltr'><strong>larum</strong></span> <span class='ocrx_word' id='word_1_473' title='bbox 2514 2371 2542 2424; x_wconf 85' lang='lat'><strong><em>?</em></strong></span> <span class='ocrx_word' id='word_1_474' title='bbox 2567 2370 2828 2425; x_wconf 82' lang='lat' dir='ltr'><strong>Audiant</strong></span> <span class='ocrx_word' id='word_1_475' title='bbox 2859 2369 3041 2426; x_wconf 86' lang='lat' dir='ltr'><strong>Graci</strong></span> <span class='ocrx_word' id='word_1_476' title='bbox 3099 2384 3282 2440; x_wconf 90' lang='lat' dir='ltr'><strong>super</strong></span> <span class='ocrx_word' id='word_1_477' title='bbox 3306 2369 3421 2424; x_wconf 91' lang='lat' dir='ltr'><strong>hoc</strong></span> <span class='ocrx_word' id='word_1_478' title='bbox 3441 2368 3690 2425; x_wconf 90' lang='lat' dir='ltr'><strong>beatum</strong></span> <span class='ocrx_word' id='word_1_479' title='bbox 3723 2371 3963 2439; x_wconf 86' lang='lat' dir='ltr'><strong>Grego-</strong></span> 
     </span>
    </p>
   </div>
   <div class='ocr_carea' id='block_1_65' title="bbox 2288 2457 3963 2530">
    <p class='ocr_par' dir='ltr' id='par_1_65' title="bbox 2288 2457 3963 2530">
     <span class='ocr_line' id='line_1_65' title="bbox 2288 2457 3963 2530; baseline -0.001 -16"><span class='ocrx_word' id='word_1_480' title='bbox 2288 2460 2444 2515; x_wconf 91' lang='lat' dir='ltr'><strong>rium</strong></span> <span class='ocrx_word' id='word_1_481' title='bbox 2474 2460 2534 2513; x_wconf 92' lang='lat' dir='ltr'><strong>in</strong></span> <span class='ocrx_word' id='word_1_482' title='bbox 2568 2458 2845 2528; x_wconf 88' lang='lat' dir='ltr'><strong>Dialogis,</strong></span> <span class='ocrx_word' id='word_1_483' title='bbox 2897 2473 3053 2530; x_wconf 86' lang='lat' dir='ltr'><strong>qua,</strong></span> <span class='ocrx_word' id='word_1_484' title='bbox 3095 2464 3152 2513; x_wconf 90' lang='lat' dir='ltr'><strong>et</strong></span> <span class='ocrx_word' id='word_1_485' title='bbox 3198 2457 3404 2529; x_wconf 88' lang='lat' dir='ltr'><strong>qualia</strong></span> <span class='ocrx_word' id='word_1_486' title='bbox 3435 2464 3827 2514; x_wconf 90' lang='lat' dir='ltr'><strong>sacramento</strong></span> <span class='ocrx_word' id='word_1_487' title='bbox 3861 2460 3963 2513; x_wconf 87' lang='lat' dir='ltr'><strong>de-</strong></span> 
     </span>
    </p>
   </div>
   <div class='ocr_carea' id='block_1_66' title="bbox 2289 2547 3962 2620">
    <p class='ocr_par' dir='ltr' id='par_1_66' title="bbox 2289 2547 3962 2620">
     <span class='ocr_line' id='line_1_66' title="bbox 2289 2547 3962 2620; baseline -0.001 -15"><span class='ocrx_word' id='word_1_488' title='bbox 2289 2549 2660 2605; x_wconf 90' lang='lat' dir='ltr'><strong>trahentibus</strong></span> <span class='ocrx_word' id='word_1_489' title='bbox 2706 2547 3078 2620; x_wconf 83' lang='lat' dir='ltr'><strong>responderit</strong></span> <span class='ocrx_word' id='word_1_490' title='bbox 3131 2548 3337 2602; x_wconf 89' lang='lat' dir='ltr'><strong>Graco</strong></span> <span class='ocrx_word' id='word_1_491' title='bbox 3359 2563 3657 2615; x_wconf 90' lang='lat' dir='ltr'><strong>sermone,</strong></span> <span class='ocrx_word' id='word_1_492' title='bbox 3717 2564 3870 2603; x_wconf 88' lang='lat' dir='ltr'><strong>cum</strong></span> <span class='ocrx_word' id='word_1_493' title='bbox 3902 2549 3962 2603; x_wconf 93' lang='lat' dir='ltr'><strong>in</strong></span> 
     </span>
    </p>
   </div>
   <div class='ocr_carea' id='block_1_67' title="bbox 2290 2635 3957 2705">
    <p class='ocr_par' dir='ltr' id='par_1_67' title="bbox 2290 2635 3957 2705">
     <span class='ocr_line' id='line_1_67' title="bbox 2290 2635 3957 2705; baseline -0.001 -12"><span class='ocrx_word' id='word_1_494' title='bbox 2290 2639 2512 2694; x_wconf 89' lang='lat' dir='ltr'><strong>Gracia</strong></span> <span class='ocrx_word' id='word_1_495' title='bbox 2566 2636 3028 2705; x_wconf 87' lang='lat' dir='ltr'><strong>translegatione</strong></span> <span class='ocrx_word' id='word_1_496' title='bbox 3085 2636 3449 2705; x_wconf 87' lang='lat' dir='ltr'><strong>fungeretur.</strong></span> <span class='ocrx_word' id='word_1_497' title='bbox 3523 2635 3671 2691; x_wconf 89' lang='lat' dir='ltr'><strong>Dicit</strong></span> <span class='ocrx_word' id='word_1_498' title='bbox 3728 2638 3957 2694; x_wconf 90' lang='lat' dir='ltr'><strong>enim:</strong></span> 
     </span>
    </p>
   </div>
   <div class='ocr_carea' id='block_1_68' title="bbox 2288 2725 3963 2797">
    <p class='ocr_par' dir='ltr' id='par_1_68' title="bbox 2288 2725 3963 2797">
     <span class='ocr_line' id='line_1_68' title="bbox 2288 2725 3963 2797; baseline 0.004 -21"><span class='ocrx_word' id='word_1_499' title='bbox 2288 2750 2316 2776; x_wconf 86' lang='grc'><em>‹‹</em></span> <span class='ocrx_word' id='word_1_500' title='bbox 2371 2726 2527 2782; x_wconf 89' lang='lat' dir='ltr'><strong>Solet</strong></span> <span class='ocrx_word' id='word_1_501' title='bbox 2573 2725 2751 2797; x_wconf 91' lang='lat' dir='ltr'><strong>plane</strong></span> <span class='ocrx_word' id='word_1_502' title='bbox 2805 2725 3034 2780; x_wconf 90' lang='lat' dir='ltr'><strong>moveri</strong></span> <span class='ocrx_word' id='word_1_503' title='bbox 3094 2725 3368 2796; x_wconf 88' lang='lat' dir='ltr'><strong>quastio,</strong></span> <span class='ocrx_word' id='word_1_504' title='bbox 3401 2725 3648 2796; x_wconf 87' lang='lat' dir='ltr'><strong>quodin</strong></span> <span class='ocrx_word' id='word_1_505' title='bbox 3679 2726 3963 2782; x_wconf 84' lang='lat' dir='ltr'><strong>Ecclesia</strong></span> 
     </span>
    </p>
   </div>
   <div class='ocr_carea' id='block_1_69' title="bbox 2289 2813 3961 2886">
    <p class='ocr_par' dir='ltr' id='par_1_69' title="bbox 2289 2813 3961 2886">
     <span class='ocr_line' id='line_1_69' title="bbox 2289 2813 3961 2886; baseline 0 -15"><span class='ocrx_word' id='word_1_506' title='bbox 2289 2815 2387 2872; x_wconf 91' lang='lat' dir='ltr'><strong>alii</strong></span> <span class='ocrx_word' id='word_1_507' title='bbox 2408 2817 2826 2870; x_wconf 88' lang='lat' dir='ltr'><strong>fermentatum</strong></span> <span class='ocrx_word' id='word_1_508' title='bbox 2849 2813 3108 2869; x_wconf 77' lang='lat' dir='ltr'><strong>otl‘erunt</strong></span> <span class='ocrx_word' id='word_1_509' title='bbox 3131 2833 3144 2881; x_wconf 87' lang='lat'>;</span> <span class='ocrx_word' id='word_1_510' title='bbox 3171 2814 3268 2869; x_wconf 90' lang='lat' dir='ltr'><strong>alii</strong></span> <span class='ocrx_word' id='word_1_511' title='bbox 3299 2830 3488 2886; x_wconf 88' lang='lat' dir='ltr'><strong>panes</strong></span> <span class='ocrx_word' id='word_1_512' title='bbox 3508 2830 3781 2884; x_wconf 86' lang='lat' dir='ltr'><strong>azymos.</strong></span> <span class='ocrx_word' id='word_1_513' title='bbox 3811 2818 3961 2871; x_wconf 87' lang='lat' dir='ltr'><strong>Esse</strong></span> 
     </span>
    </p>
   </div>
   <div class='ocr_carea' id='block_1_70' title="bbox 2288 2902 3958 2975">
    <p class='ocr_par' dir='ltr' id='par_1_70' title="bbox 2288 2902 3958 2975">
     <span class='ocr_line' id='line_1_70' title="bbox 2288 2902 3958 2975; baseline -0.001 -15"><span class='ocrx_word' id='word_1_514' title='bbox 2288 2920 2552 2975; x_wconf 90' lang='lat' dir='ltr'><strong>namque</strong></span> <span class='ocrx_word' id='word_1_515' title='bbox 2579 2903 2899 2958; x_wconf 90' lang='lat' dir='ltr'><strong>Ecclesiam</strong></span> <span class='ocrx_word' id='word_1_516' title='bbox 2926 2902 3270 2957; x_wconf 91' lang='lat' dir='ltr'><strong>distinctam</strong></span> <span class='ocrx_word' id='word_1_517' title='bbox 3304 2907 3565 2974; x_wconf 88' lang='lat' dir='ltr'><strong>quatuor</strong></span> <span class='ocrx_word' id='word_1_518' title='bbox 3602 2902 3958 2969; x_wconf 84' lang='lat' dir='ltr'><strong>ordinibus,</strong></span> 
     </span>
    </p>
   </div>
   <div class='ocr_carea' id='block_1_71' title="bbox 2288 2989 3957 3057">
    <p class='ocr_par' dir='ltr' id='par_1_71' title="bbox 2288 2989 3957 3057">
     <span class='ocr_line' id='line_1_71' title="bbox 2288 2989 3957 3057; baseline 0.001 -10"><span class='ocrx_word' id='word_1_519' title='bbox 2288 2993 2594 3057; x_wconf 90' lang='lat' dir='ltr'><strong>novimus,</strong></span> <span class='ocrx_word' id='word_1_520' title='bbox 2621 2991 2841 3046; x_wconf 89' lang='lat' dir='ltr'><strong>scilicet</strong></span> <span class='ocrx_word' id='word_1_521' title='bbox 2891 2993 3320 3056; x_wconf 82' lang='lat' dir='ltr'><strong>Romanorum,</strong></span> <span class='ocrx_word' id='word_1_522' title='bbox 3371 2989 3957 3056; x_wconf 71' lang='lat' dir='ltr'><strong>Alexandrinorum.</strong></span> 
     </span>
    </p>
   </div>
   <div class='ocr_carea' id='block_1_72' title="bbox 2292 3081 3961 3154">
    <p class='ocr_par' dir='ltr' id='par_1_72' title="bbox 2292 3081 3961 3154">
     <span class='ocr_line' id='line_1_72' title="bbox 2292 3081 3961 3154; baseline 0.002 -19"><span class='ocrx_word' id='word_1_523' title='bbox 2292 3081 2994 3154; x_wconf 81' lang='lat' dir='ltr'><strong>Hierosolymitanorum,</strong></span> <span class='ocrx_word' id='word_1_524' title='bbox 3053 3085 3109 3136; x_wconf 92' lang='lat' dir='ltr'><strong>et</strong></span> <span class='ocrx_word' id='word_1_525' title='bbox 3190 3081 3694 3136; x_wconf 80' lang='lat' dir='ltr'><strong>Antiochenorum</strong></span> <span class='ocrx_word' id='word_1_526' title='bbox 3747 3099 3760 3136; x_wconf 96' lang='lat'>:</span> <span class='ocrx_word' id='word_1_527' title='bbox 3816 3099 3961 3154; x_wconf 80' lang='lat' dir='ltr'><strong>qua</strong></span> 
     </span>
    </p>
   </div>
   <div class='ocr_carea' id='block_1_73' title="bbox 2293 3169 3958 3241">
    <p class='ocr_par' dir='ltr' id='par_1_73' title="bbox 2293 3169 3958 3241">
     <span class='ocr_line' id='line_1_73' title="bbox 2293 3169 3958 3241; baseline 0.001 -16"><span class='ocrx_word' id='word_1_528' title='bbox 2293 3170 2566 3226; x_wconf 87' lang='lat' dir='ltr'><strong>Ecclesia</strong></span> <span class='ocrx_word' id='word_1_529' title='bbox 2598 3169 2948 3240; x_wconf 88' lang='lat' dir='ltr'><strong>generaliter</strong></span> <span class='ocrx_word' id='word_1_530' title='bbox 2969 3174 3416 3241; x_wconf 89' lang='lat' dir='ltr'><strong>nuncupantur,</strong></span> <span class='ocrx_word' id='word_1_531' title='bbox 3481 3185 3619 3224; x_wconf 90' lang='lat' dir='ltr'><strong>cum</strong></span> <span class='ocrx_word' id='word_1_532' title='bbox 3648 3186 3842 3226; x_wconf 87' lang='lat' dir='ltr'><strong>unam</strong></span> <span class='ocrx_word' id='word_1_533' title='bbox 3883 3179 3958 3227; x_wconf 91' lang='lat' dir='ltr'><strong>te-</strong></span> 
     </span>
    </p>
   </div>
   <div class='ocr_carea' id='block_1_74' title="bbox 2291 3257 3961 3324">
    <p class='ocr_par' dir='ltr' id='par_1_74' title="bbox 2291 3257 3961 3324">
     <span class='ocr_line' id='line_1_74' title="bbox 2291 3257 3961 3324; baseline 0.001 -10"><span class='ocrx_word' id='word_1_534' title='bbox 2291 3265 2472 3314; x_wconf 90' lang='lat' dir='ltr'><strong>neant</strong></span> <span class='ocrx_word' id='word_1_535' title='bbox 2501 3258 2858 3314; x_wconf 85' lang='lat' dir='ltr'><strong>catholicam</strong></span> <span class='ocrx_word' id='word_1_536' title='bbox 2915 3257 3120 3324; x_wconf 85' lang='lat' dir='ltr'><strong>ﬁdem,</strong></span> <span class='ocrx_word' id='word_1_537' title='bbox 3171 3257 3420 3312; x_wconf 89' lang='lat' dir='ltr'><strong>diversis</strong></span> <span class='ocrx_word' id='word_1_538' title='bbox 3469 3263 3672 3313; x_wconf 89' lang='lat' dir='ltr'><strong>tamen</strong></span> <span class='ocrx_word' id='word_1_539' title='bbox 3699 3265 3961 3315; x_wconf 88' lang='lat' dir='ltr'><strong>utuntur</strong></span> 
     </span>
    </p>
   </div>
   <div class='ocr_carea' id='block_1_75' title="bbox 2290 3345 3961 3418">
    <p class='ocr_par' dir='ltr' id='par_1_75' title="bbox 2290 3345 3961 3418">
     <span class='ocr_line' id='line_1_75' title="bbox 2290 3345 3961 3418; baseline -0.001 -15"><span class='ocrx_word' id='word_1_540' title='bbox 2290 3347 2626 3403; x_wconf 77' lang='lat' dir='ltr'><strong>ofﬁciorum</strong></span> <span class='ocrx_word' id='word_1_541' title='bbox 2659 3346 2981 3418; x_wconf 87' lang='lat' dir='ltr'><strong>mysteriis.</strong></span> <span class='ocrx_word' id='word_1_542' title='bbox 3018 3345 3182 3401; x_wconf 91' lang='lat' dir='ltr'><strong>Unde</strong></span> <span class='ocrx_word' id='word_1_543' title='bbox 3222 3346 3308 3409; x_wconf 81' lang='lat' dir='ltr'><strong>fit,</strong></span> <span class='ocrx_word' id='word_1_544' title='bbox 3356 3351 3420 3402; x_wconf 91' lang='lat' dir='ltr'><strong>ut</strong></span> <span class='ocrx_word' id='word_1_545' title='bbox 3452 3348 3727 3402; x_wconf 84' lang='lat' dir='ltr'><strong>Romana</strong></span> <span class='ocrx_word' id='word_1_546' title='bbox 3759 3350 3961 3403; x_wconf 84' lang='lat' dir='ltr'><strong>Eccle-</strong></span> 
     </span>
    </p>
   </div>
   <div class='ocr_carea' id='block_1_76' title="bbox 2292 3435 3958 3507">
    <p class='ocr_par' dir='ltr' id='par_1_76' title="bbox 2292 3435 3958 3507">
     <span class='ocr_line' id='line_1_76' title="bbox 2292 3435 3958 3507; baseline 0.001 -16"><span class='ocrx_word' id='word_1_547' title='bbox 2292 3437 2380 3491; x_wconf 86' lang='lat' dir='ltr'><strong>sia</strong></span> <span class='ocrx_word' id='word_1_548' title='bbox 2406 3436 2614 3492; x_wconf 77' lang='lat' dir='ltr'><strong>otferat</strong></span> <span class='ocrx_word' id='word_1_549' title='bbox 2653 3452 2840 3507; x_wconf 87' lang='lat' dir='ltr'><strong>panes</strong></span> <span class='ocrx_word' id='word_1_550' title='bbox 2866 3451 3132 3507; x_wconf 82' lang='lat' dir='ltr'><strong>azymos,</strong></span> <span class='ocrx_word' id='word_1_551' title='bbox 3161 3442 3404 3507; x_wconf 88' lang='lat' dir='ltr'><strong>propter</strong></span> <span class='ocrx_word' id='word_1_552' title='bbox 3431 3435 3593 3507; x_wconf 91' lang='lat' dir='ltr'><strong>quod</strong></span> <span class='ocrx_word' id='word_1_553' title='bbox 3631 3437 3791 3491; x_wconf 89' lang='lat' dir='ltr'><strong>Deus</strong></span> <span class='ocrx_word' id='word_1_554' title='bbox 3828 3438 3958 3492; x_wconf 91' lang='lat' dir='ltr'><strong>sine</strong></span> 
     </span>
    </p>
   </div>
   <div class='ocr_carea' id='block_1_77' title="bbox 2292 3524 3953 3595">
    <p class='ocr_par' dir='ltr' id='par_1_77' title="bbox 2292 3524 3953 3595">
     <span class='ocr_line' id='line_1_77' title="bbox 2292 3524 3953 3595; baseline 0 -15"><span class='ocrx_word' id='word_1_555' title='bbox 2292 3525 2414 3580; x_wconf 90' lang='lat' dir='ltr'><strong>ulla</strong></span> <span class='ocrx_word' id='word_1_556' title='bbox 2443 3525 2857 3580; x_wconf 90' lang='lat' dir='ltr'><strong>commistione</strong></span> <span class='ocrx_word' id='word_1_557' title='bbox 2887 3539 3130 3579; x_wconf 88' lang='lat' dir='ltr'><strong>carnem</strong></span> <span class='ocrx_word' id='word_1_558' title='bbox 3161 3524 3441 3595; x_wconf 83' lang='lat' dir='ltr'><strong>suscepit.</strong></span> <span class='ocrx_word' id='word_1_559' title='bbox 3476 3524 3778 3592; x_wconf 88' lang='lat' dir='ltr'><strong>Scriptum</strong></span> <span class='ocrx_word' id='word_1_560' title='bbox 3820 3533 3953 3582; x_wconf 88' lang='lat' dir='ltr'><strong>est:</strong></span> 
     </span>
    </p>
   </div>
   <div class='ocr_carea' id='block_1_78' title="bbox 2302 3612 3955 3681">
    <p class='ocr_par' dir='ltr' id='par_1_78' title="bbox 2302 3612 3955 3681">
     <span class='ocr_line' id='line_1_78' title="bbox 2302 3612 3955 3681; baseline 0.001 -12"><span class='ocrx_word' id='word_1_561' title='bbox 2302 3613 2554 3670; x_wconf 87' lang='lat' dir='ltr'><strong>Verbum</strong></span> <span class='ocrx_word' id='word_1_562' title='bbox 2573 3629 2713 3669; x_wconf 85' lang='lat' dir='ltr'><strong>caro</strong></span> <span class='ocrx_word' id='word_1_563' title='bbox 2725 3614 2962 3681; x_wconf 80' lang='lat' dir='ltr'><strong>factum</strong></span> <span class='ocrx_word' id='word_1_564' title='bbox 2981 3619 3087 3679; x_wconf 90' lang='lat' dir='ltr'><strong>est,</strong></span> <span class='ocrx_word' id='word_1_565' title='bbox 3110 3620 3164 3668; x_wconf 87' lang='lat' dir='ltr'><strong>et</strong></span> <span class='ocrx_word' id='word_1_566' title='bbox 3189 3612 3482 3668; x_wconf 84' lang='lat' dir='ltr'><strong>habitavit</strong></span> <span class='ocrx_word' id='word_1_567' title='bbox 3501 3613 3562 3667; x_wconf 85' lang='lat' dir='ltr'><strong>in</strong></span> <span class='ocrx_word' id='word_1_568' title='bbox 3581 3613 3754 3668; x_wconf 81' lang='lat' dir='ltr'><strong>nobis</strong></span> <span class='ocrx_word' id='word_1_569' title='bbox 3773 3616 3840 3667; x_wconf 85' lang='grc'><strong>¹¹.</strong></span> <span class='ocrx_word' id='word_1_570' title='bbox 3863 3615 3955 3670; x_wconf 92' lang='lat' dir='ltr'><strong>Sic</strong></span> 
     </span>
    </p>
   </div>
   <div class='ocr_carea' id='block_1_79' title="bbox 2293 3701 3956 3775">
    <p class='ocr_par' dir='ltr' id='par_1_79' title="bbox 2293 3701 3956 3775">
     <span class='ocr_line' id='line_1_79' title="bbox 2293 3701 3956 3775; baseline -0.001 -15"><span class='ocrx_word' id='word_1_571' title='bbox 2293 3720 2434 3774; x_wconf 90' lang='lat' dir='ltr'><strong>ergo</strong></span> <span class='ocrx_word' id='word_1_572' title='bbox 2458 3719 2614 3775; x_wconf 87' lang='lat' dir='ltr'><strong>pane</strong></span> <span class='ocrx_word' id='word_1_573' title='bbox 2645 3719 2860 3775; x_wconf 78' lang='lat' dir='ltr'><strong>azymo</strong></span> <span class='ocrx_word' id='word_1_574' title='bbox 2879 3702 3129 3758; x_wconf 79' lang='lat' dir='ltr'><strong>eﬂicitur</strong></span> <span class='ocrx_word' id='word_1_575' title='bbox 3155 3718 3375 3774; x_wconf 90' lang='lat' dir='ltr'><strong>corpus</strong></span> <span class='ocrx_word' id='word_1_576' title='bbox 3402 3701 3628 3757; x_wconf 88' lang='lat' dir='ltr'><strong>Christi.</strong></span> <span class='ocrx_word' id='word_1_577' title='bbox 3649 3705 3809 3758; x_wconf 85' lang='lat' dir='ltr'><strong>Nam</strong></span> <span class='ocrx_word' id='word_1_578' title='bbox 3843 3720 3956 3759; x_wconf 77' lang='lat' dir='ltr'><strong>ca-</strong></span> 
     </span>
    </p>
   </div>
   <div class='ocr_carea' id='block_1_80' title="bbox 2294 3790 3951 3864">
    <p class='ocr_par' dir='ltr' id='par_1_80' title="bbox 2294 3790 3951 3864">
     <span class='ocr_line' id='line_1_80' title="bbox 2294 3790 3951 3864; baseline 0 -15"><span class='ocrx_word' id='word_1_579' title='bbox 2294 3799 2428 3849; x_wconf 83' lang='lat' dir='ltr'><strong>terae</strong></span> <span class='ocrx_word' id='word_1_580' title='bbox 2453 3793 2812 3864; x_wconf 86' lang='lat' dir='ltr'><strong>supradicta</strong></span> <span class='ocrx_word' id='word_1_581' title='bbox 2869 3791 3144 3846; x_wconf 88' lang='lat' dir='ltr'><strong>Ecclesia</strong></span> <span class='ocrx_word' id='word_1_582' title='bbox 3192 3790 3449 3846; x_wconf 72' lang='lat' dir='ltr'><strong>otferunt</strong></span> <span class='ocrx_word' id='word_1_583' title='bbox 3494 3791 3951 3862; x_wconf 84' lang='lat' dir='ltr'><strong>fermentatum,</strong></span> 
     </span>
    </p>
   </div>
   <div class='ocr_carea' id='block_1_81' title="bbox 2293 3879 3957 3954">
    <p class='ocr_par' dir='ltr' id='par_1_81' title="bbox 2293 3879 3957 3954">
     <span class='ocr_line' id='line_1_81' title="bbox 2293 3879 3957 3954; baseline 0.001 -18"><span class='ocrx_word' id='word_1_584' title='bbox 2293 3899 2402 3954; x_wconf 91' lang='lat' dir='ltr'><strong>pro</strong></span> <span class='ocrx_word' id='word_1_585' title='bbox 2440 3897 2533 3944; x_wconf 92' lang='lat' dir='ltr'><strong>eo,</strong></span> <span class='ocrx_word' id='word_1_586' title='bbox 2565 3880 2728 3954; x_wconf 94' lang='lat' dir='ltr'><strong>quod</strong></span> <span class='ocrx_word' id='word_1_587' title='bbox 2753 3880 3007 3936; x_wconf 87' lang='lat' dir='ltr'><strong>Verbum</strong></span> <span class='ocrx_word' id='word_1_588' title='bbox 3033 3879 3214 3935; x_wconf 90' lang='lat' dir='ltr'><strong>Patris</strong></span> <span class='ocrx_word' id='word_1_589' title='bbox 3235 3880 3512 3935; x_wconf 90' lang='lat' dir='ltr'><strong>indutum</strong></span> <span class='ocrx_word' id='word_1_590' title='bbox 3537 3886 3622 3934; x_wconf 88' lang='lat' dir='ltr'><strong>est</strong></span> <span class='ocrx_word' id='word_1_591' title='bbox 3653 3896 3863 3950; x_wconf 88' lang='lat' dir='ltr'><strong>carne,</strong></span> <span class='ocrx_word' id='word_1_592' title='bbox 3900 3887 3957 3937; x_wconf 92' lang='lat' dir='ltr'><strong>et</strong></span> 
     </span>
    </p>
   </div>
   <div class='ocr_carea' id='block_1_82' title="bbox 2294 3968 3956 4040">
    <p class='ocr_par' dir='ltr' id='par_1_82' title="bbox 2294 3968 3956 4040">
     <span class='ocr_line' id='line_1_82' title="bbox 2294 3968 3956 4040; baseline -0.001 -13"><span class='ocrx_word' id='word_1_593' title='bbox 2294 3977 2382 4027; x_wconf 92' lang='lat' dir='ltr'><strong>est</strong></span> <span class='ocrx_word' id='word_1_594' title='bbox 2409 3987 2582 4025; x_wconf 89' lang='lat' dir='ltr'><strong>verus</strong></span> <span class='ocrx_word' id='word_1_595' title='bbox 2609 3971 2829 4035; x_wconf 88' lang='lat' dir='ltr'><strong>homo;</strong></span> <span class='ocrx_word' id='word_1_596' title='bbox 2891 3969 2974 4024; x_wconf 89' lang='lat' dir='ltr'><strong>ita</strong></span> <span class='ocrx_word' id='word_1_597' title='bbox 3033 3969 3199 4040; x_wconf 88' lang='lat' dir='ltr'><strong>quod</strong></span> <span class='ocrx_word' id='word_1_598' title='bbox 3237 3968 3660 4023; x_wconf 85' lang='lat' dir='ltr'><strong>fermentatum</strong></span> <span class='ocrx_word' id='word_1_599' title='bbox 3691 3971 3956 4025; x_wconf 83' lang='lat' dir='ltr'><strong>commi-</strong></span> 
     </span>
    </p>
   </div>
   <div class='ocr_carea' id='block_1_83' title="bbox 2294 4056 3953 4129">
    <p class='ocr_par' dir='ltr' id='par_1_83' title="bbox 2294 4056 3953 4129">
     <span class='ocr_line' id='line_1_83' title="bbox 2294 4056 3953 4129; baseline -0.001 -15"><span class='ocrx_word' id='word_1_600' title='bbox 2294 4064 2530 4116; x_wconf 88' lang='lat' dir='ltr'><strong>sceatur</strong></span> <span class='ocrx_word' id='word_1_601' title='bbox 2560 4059 2784 4129; x_wconf 84' lang='lat' dir='ltr'><strong>farina,</strong></span> <span class='ocrx_word' id='word_1_602' title='bbox 2810 4065 2866 4112; x_wconf 86' lang='lat' dir='ltr'><strong>et</strong></span> <span class='ocrx_word' id='word_1_603' title='bbox 2895 4057 3186 4112; x_wconf 82' lang='lat' dir='ltr'><strong>efﬁciatur</strong></span> <span class='ocrx_word' id='word_1_604' title='bbox 3211 4073 3429 4128; x_wconf 79' lang='lat' dir='ltr'><strong>corpus</strong></span> <span class='ocrx_word' id='word_1_605' title='bbox 3466 4056 3702 4112; x_wconf 90' lang='lat' dir='ltr'><strong>Domini</strong></span> <span class='ocrx_word' id='word_1_606' title='bbox 3763 4060 3953 4114; x_wconf 87' lang='lat' dir='ltr'><strong>nostri</strong></span> 
     </span>
    </p>
   </div>
   <div class='ocr_carea' id='block_1_84' title="bbox 2293 4145 3953 4212">
    <p class='ocr_par' dir='ltr' id='par_1_84' title="bbox 2293 4145 3953 4212">
     <span class='ocr_line' id='line_1_84' title="bbox 2293 4145 3953 4212; baseline 0.001 -10"><span class='ocrx_word' id='word_1_607' title='bbox 2293 4150 2435 4203; x_wconf 87' lang='lat' dir='ltr'><strong>Jesu</strong></span> <span class='ocrx_word' id='word_1_608' title='bbox 2486 4147 2695 4202; x_wconf 89' lang='lat' dir='ltr'><strong>Christi</strong></span> <span class='ocrx_word' id='word_1_609' title='bbox 2739 4162 2965 4203; x_wconf 89' lang='lat' dir='ltr'><strong>verum.</strong></span> <span class='ocrx_word' id='word_1_610' title='bbox 3006 4145 3118 4201; x_wconf 90' lang='lat' dir='ltr'><strong>Sed</strong></span> <span class='ocrx_word' id='word_1_611' title='bbox 3157 4150 3283 4201; x_wconf 87' lang='lat' dir='ltr'><strong>tam</strong></span> <span class='ocrx_word' id='word_1_612' title='bbox 3347 4148 3616 4201; x_wconf 83' lang='lat' dir='ltr'><strong>Romana</strong></span> <span class='ocrx_word' id='word_1_613' title='bbox 3663 4147 3953 4212; x_wconf 83' lang='lat' dir='ltr'><strong>Ecclesia,</strong></span> 
     </span>
    </p>
   </div>
   <div class='ocr_carea' id='block_1_85' title="bbox 2291 4233 3956 4308">
    <p class='ocr_par' dir='ltr' id='par_1_85' title="bbox 2291 4233 3956 4308">
     <span class='ocr_line' id='line_1_85' title="bbox 2291 4233 3956 4308; baseline 0.001 -17"><span class='ocrx_word' id='word_1_614' title='bbox 2291 4252 2477 4308; x_wconf 91' lang='lat' dir='ltr'><strong>quam</strong></span> <span class='ocrx_word' id='word_1_615' title='bbox 2512 4235 2810 4308; x_wconf 78' lang='lat' dir='ltr'><strong>pradicta</strong></span> <span class='ocrx_word' id='word_1_616' title='bbox 2842 4250 2950 4306; x_wconf 92' lang='lat' dir='ltr'><strong>pro</strong></span> <span class='ocrx_word' id='word_1_617' title='bbox 2997 4233 3288 4290; x_wconf 76' lang='lat' dir='ltr'><strong>inetl&#39;abili</strong></span> <span class='ocrx_word' id='word_1_618' title='bbox 3322 4233 3624 4306; x_wconf 84' lang='lat' dir='ltr'><strong>mysterio,</strong></span> <span class='ocrx_word' id='word_1_619' title='bbox 3655 4239 3784 4290; x_wconf 84' lang='lat' dir='ltr'><strong>tam</strong></span> <span class='ocrx_word' id='word_1_620' title='bbox 3844 4236 3956 4292; x_wconf 88' lang='lat' dir='ltr'><strong>fer-</strong></span> 
     </span>
    </p>
   </div>
   <div class='ocr_carea' id='block_1_86' title="bbox 533 4317 3956 4397">
    <p class='ocr_par' dir='ltr' id='par_1_86' title="bbox 533 4317 3956 4397">
     <span class='ocr_line' id='line_1_86' title="bbox 533 4317 3956 4397; baseline 0.003 -24"><span class='ocrx_word' id='word_1_621' title='bbox 533 4320 666 4373; x_wconf 86' lang='lat' dir='ltr'><strong>erat</strong></span> <span class='ocrx_word' id='word_1_622' title='bbox 709 4331 933 4386; x_wconf 85' lang='lat' dir='ltr'><strong>magna</strong></span> <span class='ocrx_word' id='word_1_623' title='bbox 965 4318 1077 4373; x_wconf 81' lang='lat' dir='ltr'><strong>illa</strong></span> <span class='ocrx_word' id='word_1_624' title='bbox 1126 4317 1250 4372; x_wconf 88' lang='lat' dir='ltr'><strong>dies</strong></span> <span class='ocrx_word' id='word_1_625' title='bbox 1281 4317 1324 4351; x_wconf 87' lang='grc'><strong>¹⁰</strong></span> <span class='ocrx_word' id='word_1_626' title='bbox 1354 4334 1368 4383; x_wconf 92' lang='grc'><strong>;</strong></span> <span class='ocrx_word' id='word_1_627' title='bbox 1420 4317 1747 4373; x_wconf 90' lang='lat' dir='ltr'><strong>dicendum</strong></span> <span class='ocrx_word' id='word_1_628' title='bbox 1773 4321 2024 4393; x_wconf 90' lang='lat' dir='ltr'><strong>estquia</strong></span> <span class='ocrx_word' id='word_1_629' title='bbox 2053 4322 2182 4379; x_wconf 89' lang='lat' dir='ltr'><strong>dies</strong></span> <span class='ocrx_word' id='word_1_630' title='bbox 2217 4340 2258 4393; x_wconf 87' lang='grc'><strong>[)</strong></span> <span class='ocrx_word' id='word_1_631' title='bbox 2292 4331 2648 4392; x_wconf 88' lang='lat' dir='ltr'><strong>mentatum,</strong></span> <span class='ocrx_word' id='word_1_632' title='bbox 2678 4340 2864 4396; x_wconf 90' lang='lat' dir='ltr'><strong>quam</strong></span> <span class='ocrx_word' id='word_1_633' title='bbox 2889 4339 3192 4397; x_wconf 84' lang='lat' dir='ltr'><strong>azymum,</strong></span> <span class='ocrx_word' id='word_1_634' title='bbox 3226 4323 3375 4378; x_wconf 92' lang='lat' dir='ltr'><strong>dum</strong></span> <span class='ocrx_word' id='word_1_635' title='bbox 3398 4323 3719 4389; x_wconf 89' lang='lat' dir='ltr'><strong>sumimus,</strong></span> <span class='ocrx_word' id='word_1_636' title='bbox 3758 4341 3956 4382; x_wconf 91' lang='lat' dir='ltr'><strong>unum</strong></span> 
     </span>
    </p>
   </div>
   <div class='ocr_carea' id='block_1_87' title="bbox 529 4403 2180 4480">
    <p class='ocr_par' dir='ltr' id='par_1_87' title="bbox 529 4403 2180 4480">
     <span class='ocr_line' id='line_1_87' title="bbox 529 4403 2180 4480; baseline 0.004 -20"><span class='ocrx_word' id='word_1_637' title='bbox 529 4403 776 4461; x_wconf 88' lang='lat' dir='ltr'><strong>Sabbati</strong></span> <span class='ocrx_word' id='word_1_638' title='bbox 795 4419 1054 4475; x_wconf 88' lang='lat' dir='ltr'><strong>magnus</strong></span> <span class='ocrx_word' id='word_1_639' title='bbox 1073 4403 1404 4471; x_wconf 89' lang='lat' dir='ltr'><strong>dicebatur,</strong></span> <span class='ocrx_word' id='word_1_640' title='bbox 1428 4406 1571 4476; x_wconf 90' lang='lat' dir='ltr'><strong>quia</strong></span> <span class='ocrx_word' id='word_1_641' title='bbox 1587 4411 1713 4462; x_wconf 89' lang='lat' dir='ltr'><strong>erat</strong></span> <span class='ocrx_word' id='word_1_642' title='bbox 1735 4406 1862 4462; x_wconf 81' lang='lat' dir='ltr'><strong>dies</strong></span> <span class='ocrx_word' id='word_1_643' title='bbox 1913 4409 2180 4480; x_wconf 90' lang='lat' dir='ltr'><strong>Sabbati,</strong></span> 
     </span>
    </p>
   </div>
   <div class='ocr_carea' id='block_1_88' title="bbox 531 4491 2183 4567">
    <p class='ocr_par' dir='ltr' id='par_1_88' title="bbox 531 4491 2183 4567">
     <span class='ocr_line' id='line_1_88' title="bbox 531 4491 2183 4567; baseline 0.004 -18"><span class='ocrx_word' id='word_1_644' title='bbox 531 4496 590 4549; x_wconf 88' lang='lat' dir='ltr'><strong>et</strong></span> <span class='ocrx_word' id='word_1_645' title='bbox 636 4491 885 4563; x_wconf 91' lang='lat' dir='ltr'><strong>insuper</strong></span> <span class='ocrx_word' id='word_1_646' title='bbox 940 4492 1160 4548; x_wconf 86' lang='lat' dir='ltr'><strong>festum</strong></span> <span class='ocrx_word' id='word_1_647' title='bbox 1213 4507 1603 4563; x_wconf 83' lang='lat' dir='ltr'><strong>azymorum;</strong></span> <span class='ocrx_word' id='word_1_648' title='bbox 1657 4509 1781 4550; x_wconf 89' lang='lat' dir='ltr'><strong>non</strong></span> <span class='ocrx_word' id='word_1_649' title='bbox 1828 4495 1975 4567; x_wconf 90' lang='lat' dir='ltr'><strong>quia</strong></span> <span class='ocrx_word' id='word_1_650' title='bbox 2027 4505 2183 4557; x_wconf 87' lang='lat' dir='ltr'><strong>esset</strong></span> 
     </span>
    </p>
   </div>
   <div class='ocr_carea' id='block_1_89' title="bbox 527 4580 2180 4658">
    <p class='ocr_par' dir='ltr' id='par_1_89' title="bbox 527 4580 2180 4658">
     <span class='ocr_line' id='line_1_89' title="bbox 527 4580 2180 4658; baseline 0.004 -22"><span class='ocrx_word' id='word_1_651' title='bbox 527 4580 761 4653; x_wconf 89' lang='lat' dir='ltr'><strong>primus</strong></span> <span class='ocrx_word' id='word_1_652' title='bbox 803 4580 1360 4652; x_wconf 89' lang='lat' dir='ltr'><strong>azymorum;quia</strong></span> <span class='ocrx_word' id='word_1_653' title='bbox 1406 4595 1617 4636; x_wconf 90' lang='lat' dir='ltr'><strong>omnes</strong></span> <span class='ocrx_word' id='word_1_654' title='bbox 1659 4581 1787 4637; x_wconf 90' lang='lat' dir='ltr'><strong>dies</strong></span> <span class='ocrx_word' id='word_1_655' title='bbox 1835 4583 1919 4639; x_wconf 87' lang='lat' dir='ltr'><strong>illi</strong></span> <span class='ocrx_word' id='word_1_656' title='bbox 1949 4593 2180 4658; x_wconf 89' lang='lat' dir='ltr'><strong>septem</strong></span> 
     </span>
    </p>
   </div>
   <div class='ocr_carea' id='block_1_90' title="bbox 527 4669 2177 4745">
    <p class='ocr_par' dir='ltr' id='par_1_90' title="bbox 527 4669 2177 4745">
     <span class='ocr_line' id='line_1_90' title="bbox 527 4669 2177 4745; baseline 0.003 -19"><span class='ocrx_word' id='word_1_657' title='bbox 527 4671 702 4726; x_wconf 89' lang='lat' dir='ltr'><strong>erant</strong></span> <span class='ocrx_word' id='word_1_658' title='bbox 746 4669 986 4739; x_wconf 88' lang='lat' dir='ltr'><strong>magni;</strong></span> <span class='ocrx_word' id='word_1_659' title='bbox 1032 4671 1263 4740; x_wconf 88' lang='lat' dir='ltr'><strong>primus</strong></span> <span class='ocrx_word' id='word_1_660' title='bbox 1319 4673 1519 4724; x_wconf 90' lang='lat' dir='ltr'><strong>tamen</strong></span> <span class='ocrx_word' id='word_1_661' title='bbox 1541 4673 1598 4724; x_wconf 89' lang='lat' dir='ltr'><strong>et</strong></span> <span class='ocrx_word' id='word_1_662' title='bbox 1646 4669 1892 4727; x_wconf 90' lang='lat' dir='ltr'><strong>ultimus</strong></span> <span class='ocrx_word' id='word_1_663' title='bbox 1913 4675 2177 4745; x_wconf 87' lang='lat' dir='ltr'><strong>majores</strong></span> 
     </span>
    </p>
   </div>
   <div class='ocr_carea' id='block_1_91' title="bbox 527 4756 2174 4835">
    <p class='ocr_par' dir='ltr' id='par_1_91' title="bbox 527 4756 2174 4835">
     <span class='ocr_line' id='line_1_91' title="bbox 527 4756 2174 4835; baseline 0.004 -21"><span class='ocrx_word' id='word_1_664' title='bbox 527 4761 715 4815; x_wconf 87' lang='lat' dir='ltr'><strong>erant.</strong></span> <span class='ocrx_word' id='word_1_665' title='bbox 764 4757 863 4812; x_wconf 80' lang='lat' dir='ltr'><strong>llic</strong></span> <span class='ocrx_word' id='word_1_666' title='bbox 910 4761 1112 4814; x_wconf 90' lang='lat' dir='ltr'><strong>autem</strong></span> <span class='ocrx_word' id='word_1_667' title='bbox 1163 4756 1473 4812; x_wconf 88' lang='lat' dir='ltr'><strong>dicebatur</strong></span> <span class='ocrx_word' id='word_1_668' title='bbox 1524 4773 1785 4828; x_wconf 88' lang='lat' dir='ltr'><strong>magnus</strong></span> <span class='ocrx_word' id='word_1_669' title='bbox 1828 4775 1981 4829; x_wconf 89' lang='lat' dir='ltr'><strong>esse,</strong></span> <span class='ocrx_word' id='word_1_670' title='bbox 2012 4765 2174 4835; x_wconf 88' lang='lat' dir='ltr'><strong>quia,</strong></span> 
     </span>
    </p>
   </div>
   <div class='ocr_carea' id='block_1_92' title="bbox 527 4846 2176 4915">
    <p class='ocr_par' dir='ltr' id='par_1_92' title="bbox 527 4846 2176 4915">
     <span class='ocr_line' id='line_1_92' title="bbox 527 4846 2176 4915; baseline 0.004 -12"><span class='ocrx_word' id='word_1_671' title='bbox 527 4848 682 4904; x_wconf 89' lang='lat' dir='ltr'><strong>sicut</strong></span> <span class='ocrx_word' id='word_1_672' title='bbox 709 4847 937 4904; x_wconf 89' lang='lat' dir='ltr'><strong>dictum</strong></span> <span class='ocrx_word' id='word_1_673' title='bbox 958 4851 1064 4911; x_wconf 87' lang='lat' dir='ltr'><strong>est,</strong></span> <span class='ocrx_word' id='word_1_674' title='bbox 1099 4846 1224 4902; x_wconf 91' lang='lat' dir='ltr'><strong>duo</strong></span> <span class='ocrx_word' id='word_1_675' title='bbox 1273 4847 1731 4915; x_wconf 87' lang='lat' dir='ltr'><strong>concurrebant,</strong></span> <span class='ocrx_word' id='word_1_676' title='bbox 1767 4849 1990 4907; x_wconf 90' lang='lat' dir='ltr'><strong>scilicet</strong></span> <span class='ocrx_word' id='word_1_677' title='bbox 2029 4854 2176 4910; x_wconf 89' lang='lat' dir='ltr'><strong>Sab-</strong></span> 
     </span>
    </p>
   </div>
   <div class='ocr_carea' id='block_1_93' title="bbox 522 4935 2176 5008">
    <p class='ocr_par' dir='ltr' id='par_1_93' title="bbox 522 4935 2176 5008">
     <span class='ocr_line' id='line_1_93' title="bbox 522 4935 2176 5008; baseline 0.004 -14"><span class='ocrx_word' id='word_1_678' title='bbox 522 4935 757 5003; x_wconf 88' lang='lat' dir='ltr'><strong>batum,</strong></span> <span class='ocrx_word' id='word_1_679' title='bbox 786 4941 842 4992; x_wconf 91' lang='lat' dir='ltr'><strong>et</strong></span> <span class='ocrx_word' id='word_1_680' title='bbox 869 4936 1086 4992; x_wconf 87' lang='lat' dir='ltr'><strong>festum</strong></span> <span class='ocrx_word' id='word_1_681' title='bbox 1115 4938 1501 5008; x_wconf 86' lang='lat' dir='ltr'><strong>Azymorum,</strong></span> <span class='ocrx_word' id='word_1_682' title='bbox 1560 4936 1621 4992; x_wconf 94' lang='lat' dir='ltr'><strong>id</strong></span> <span class='ocrx_word' id='word_1_683' title='bbox 1649 4943 1734 4993; x_wconf 89' lang='lat' dir='ltr'><strong>est</strong></span> <span class='ocrx_word' id='word_1_684' title='bbox 1790 4955 1912 4996; x_wconf 89' lang='lat' dir='ltr'><strong>una</strong></span> <span class='ocrx_word' id='word_1_685' title='bbox 1934 4940 2062 4999; x_wconf 90' lang='lat' dir='ltr'><strong>dies</strong></span> <span class='ocrx_word' id='word_1_686' title='bbox 2100 4943 2176 5000; x_wconf 91' lang='lat' dir='ltr'><strong>de</strong></span> 
     </span>
    </p>
   </div>
   <div class='ocr_carea' id='block_1_94' title="bbox 522 5024 2175 5098">
    <p class='ocr_par' dir='ltr' id='par_1_94' title="bbox 522 5024 2175 5098">
     <span class='ocr_line' id='line_1_94' title="bbox 522 5024 2175 5098; baseline 0.004 -16"><span class='ocrx_word' id='word_1_687' title='bbox 522 5030 752 5098; x_wconf 89' lang='lat' dir='ltr'><strong>septem</strong></span> <span class='ocrx_word' id='word_1_688' title='bbox 781 5025 1017 5082; x_wconf 88' lang='lat' dir='ltr'><strong>diebus.</strong></span> <span class='ocrx_word' id='word_1_689' title='bbox 1051 5027 1131 5080; x_wconf 91' lang='lat' dir='ltr'><strong>De</strong></span> <span class='ocrx_word' id='word_1_690' title='bbox 1169 5024 1284 5080; x_wconf 90' lang='lat' dir='ltr'><strong>hoc</strong></span> <span class='ocrx_word' id='word_1_691' title='bbox 1337 5041 1497 5091; x_wconf 89' lang='lat' dir='ltr'><strong>vero,</strong></span> <span class='ocrx_word' id='word_1_692' title='bbox 1530 5025 1696 5098; x_wconf 91' lang='lat' dir='ltr'><strong>quod</strong></span> <span class='ocrx_word' id='word_1_693' title='bbox 1731 5028 1921 5084; x_wconf 87' lang='lat' dir='ltr'><strong>Judai</strong></span> <span class='ocrx_word' id='word_1_694' title='bbox 1949 5031 2175 5089; x_wconf 91' lang='lat' dir='ltr'><strong>clama-</strong></span> 
     </span>
    </p>
   </div>
   <div class='ocr_carea' id='block_1_95' title="bbox 519 5114 2173 5187">
    <p class='ocr_par' dir='ltr' id='par_1_95' title="bbox 519 5114 2173 5187">
     <span class='ocr_line' id='line_1_95' title="bbox 519 5114 2173 5187; baseline 0.004 -17"><span class='ocrx_word' id='word_1_695' title='bbox 519 5120 767 5171; x_wconf 89' lang='lat' dir='ltr'><strong>verunt:</strong></span> <span class='ocrx_word' id='word_1_696' title='bbox 802 5116 938 5171; x_wconf 89' lang='lat' dir='ltr'><strong>Non</strong></span> <span class='ocrx_word' id='word_1_697' title='bbox 963 5118 1027 5170; x_wconf 86' lang='lat' dir='ltr'><strong>in</strong></span> <span class='ocrx_word' id='word_1_698' title='bbox 1068 5114 1164 5170; x_wconf 81' lang='lat' dir='ltr'><strong>die</strong></span> <span class='ocrx_word' id='word_1_699' title='bbox 1210 5115 1368 5184; x_wconf 81' lang='lat' dir='ltr'><strong>festo</strong></span> <span class='ocrx_word' id='word_1_700' title='bbox 1400 5131 1413 5181; x_wconf 89' lang='lat'><strong>;</strong></span> <span class='ocrx_word' id='word_1_701' title='bbox 1444 5128 1585 5182; x_wconf 84' lang='lat' dir='ltr'><strong>ergo</strong></span> <span class='ocrx_word' id='word_1_702' title='bbox 1605 5131 1729 5171; x_wconf 91' lang='lat' dir='ltr'><strong>non</strong></span> <span class='ocrx_word' id='word_1_703' title='bbox 1777 5123 1902 5174; x_wconf 88' lang='lat' dir='ltr'><strong>erat</strong></span> <span class='ocrx_word' id='word_1_704' title='bbox 1931 5117 2173 5187; x_wconf 82' lang='lat' dir='ltr'><strong>festum,</strong></span> 
     </span>
    </p>
   </div>
   <div class='ocr_carea' id='block_1_96' title="bbox 517 5202 2174 5280">
    <p class='ocr_par' dir='ltr' id='par_1_96' title="bbox 517 5202 2174 5280">
     <span class='ocr_line' id='line_1_96' title="bbox 517 5202 2174 5280; baseline 0.006 -24"><span class='ocrx_word' id='word_1_705' title='bbox 517 5203 766 5273; x_wconf 90' lang='lat' dir='ltr'><strong>quando</strong></span> <span class='ocrx_word' id='word_1_706' title='bbox 796 5202 1109 5259; x_wconf 87' lang='lat' dir='ltr'><strong>cruciﬁxus</strong></span> <span class='ocrx_word' id='word_1_707' title='bbox 1131 5206 1257 5258; x_wconf 90' lang='lat' dir='ltr'><strong>erat</strong></span> <span class='ocrx_word' id='word_1_708' title='bbox 1285 5202 1591 5270; x_wconf 93' lang='lat' dir='ltr'><strong>Dominus,</strong></span> <span class='ocrx_word' id='word_1_709' title='bbox 1623 5204 1884 5260; x_wconf 89' lang='lat' dir='ltr'><strong>dicimus</strong></span> <span class='ocrx_word' id='word_1_710' title='bbox 1924 5210 2090 5280; x_wconf 88' lang='lat' dir='ltr'><strong>quod</strong></span> <span class='ocrx_word' id='word_1_711' title='bbox 2110 5210 2174 5266; x_wconf 92' lang='lat' dir='ltr'><strong>li-</strong></span> 
     </span>
    </p>
   </div>
   <div class='ocr_carea' id='block_1_97' title="bbox 519 5290 2171 5366">
    <p class='ocr_par' dir='ltr' id='par_1_97' title="bbox 519 5290 2171 5366">
     <span class='ocr_line' id='line_1_97' title="bbox 519 5290 2171 5366; baseline 0.007 -23"><span class='ocrx_word' id='word_1_712' title='bbox 519 5293 611 5345; x_wconf 88' lang='lat' dir='ltr'><strong>cet</strong></span> <span class='ocrx_word' id='word_1_713' title='bbox 646 5290 1080 5363; x_wconf 89' lang='lat' dir='ltr'><strong>clamaverunt,</strong></span> <span class='ocrx_word' id='word_1_714' title='bbox 1108 5295 1309 5347; x_wconf 91' lang='lat' dir='ltr'><strong>tamen</strong></span> <span class='ocrx_word' id='word_1_715' title='bbox 1356 5290 1624 5347; x_wconf 88' lang='lat' dir='ltr'><strong>fecerunt</strong></span> <span class='ocrx_word' id='word_1_716' title='bbox 1675 5298 1885 5350; x_wconf 90' lang='lat' dir='ltr'><strong>contra</strong></span> <span class='ocrx_word' id='word_1_717' title='bbox 1922 5312 2006 5366; x_wconf 91' lang='lat' dir='ltr'><strong>se,</strong></span> <span class='ocrx_word' id='word_1_718' title='bbox 2042 5304 2171 5355; x_wconf 90' lang='lat' dir='ltr'><strong>tan-</strong></span> 
     </span>
    </p>
   </div>
   <div class='ocr_carea' id='block_1_98' title="bbox 589 5411 2044 5488">
    <p class='ocr_par' dir='ltr' id='par_1_98' title="bbox 589 5411 2044 5488">
     <span class='ocr_line' id='line_1_98' title="bbox 589 5411 2044 5488; baseline 0.008 -24"><span class='ocrx_word' id='word_1_719' title='bbox 589 5413 611 5445; x_wconf 74' lang='grc'><strong>⁴</strong></span> <span class='ocrx_word' id='word_1_720' title='bbox 641 5411 821 5468; x_wconf 88' lang='lat' dir='ltr'><strong>Levit.</strong></span> <span class='ocrx_word' id='word_1_721' title='bbox 855 5430 958 5488; x_wconf 67' lang='lat' dir='ltr'><strong>xxi,</strong></span> <span class='ocrx_word' id='word_1_722' title='bbox 993 5414 1076 5488; x_wconf 60' lang='lat' dir='ltr'><strong>t7.</strong></span> <span class='ocrx_word' id='word_1_723' title='bbox 1107 5486 1119 5488; x_wconf 22' lang='lat'><em>4</em></span> <span class='ocrx_word' id='word_1_724' title='bbox 1169 5415 1189 5448; x_wconf 81' lang='grc'>⁵</span> <span class='ocrx_word' id='word_1_725' title='bbox 1217 5413 1398 5470; x_wconf 83' lang='lat' dir='ltr'><strong>Exod.</strong></span> <span class='ocrx_word' id='word_1_726' title='bbox 1427 5430 1533 5479; x_wconf 87' lang='lat' dir='ltr'><strong>xu,</strong></span> <span class='ocrx_word' id='word_1_727' title='bbox 1561 5418 1627 5481; x_wconf 92' lang='lat'><strong>8;</strong></span> <span class='ocrx_word' id='word_1_728' title='bbox 1665 5417 1836 5471; x_wconf 87' lang='lat' dir='ltr'><strong>Num.</strong></span> <span class='ocrx_word' id='word_1_729' title='bbox 1872 5421 1922 5488; x_wconf 87' lang='lat'><strong>9,</strong></span> <span class='ocrx_word' id='word_1_730' title='bbox 1962 5424 2044 5475; x_wconf 93' lang='grc'><strong>11.</strong></span> 
     </span>
    </p>
   </div>
   <div class='ocr_carea' id='block_1_99' title="bbox 515 5483 2110 5556">
    <p class='ocr_par' dir='ltr' id='par_1_99' title="bbox 515 5483 2110 5556">
     <span class='ocr_line' id='line_1_99' title="bbox 515 5483 2110 5556; baseline 0.006 -19"><span class='ocrx_word' id='word_1_731' title='bbox 515 5483 538 5519; x_wconf 73' lang='grc' dir='ltr'><strong>θ</strong></span> <span class='ocrx_word' id='word_1_732' title='bbox 563 5483 732 5540; x_wconf 84' lang='lat' dir='ltr'><strong>Joan.</strong></span> <span class='ocrx_word' id='word_1_733' title='bbox 765 5499 859 5552; x_wconf 88' lang='lat' dir='ltr'><strong>xu,</strong></span> <span class='ocrx_word' id='word_1_734' title='bbox 886 5485 940 5538; x_wconf 93' lang='lat'><strong>7.</strong></span> <span class='ocrx_word' id='word_1_735' title='bbox 1021 5486 1067 5518; x_wconf 88' lang='grc'><strong>¹⁰</strong></span> <span class='ocrx_word' id='word_1_736' title='bbox 1096 5486 1270 5540; x_wconf 86' lang='lat' dir='ltr'><strong>Joan.</strong></span> <span class='ocrx_word' id='word_1_737' title='bbox 1298 5501 1419 5552; x_wconf 65' lang='lat' dir='ltr'><strong>nux,</strong></span> <span class='ocrx_word' id='word_1_738' title='bbox 1449 5489 1538 5540; x_wconf 88' lang='grc'><strong>31.</strong></span> <span class='ocrx_word' id='word_1_739' title='bbox 1618 5488 1662 5522; x_wconf 74' lang='grc' dir='ltr'>ιι</span> <span class='ocrx_word' id='word_1_740' title='bbox 1694 5483 1918 5543; x_wconf 65' lang='lat' dir='ltr'><strong>Joann.</strong></span> <span class='ocrx_word' id='word_1_741' title='bbox 1942 5495 1986 5556; x_wconf 90' lang='lat' dir='ltr'><strong>l,</strong></span> <span class='ocrx_word' id='word_1_742' title='bbox 2021 5494 2110 5547; x_wconf 81' lang='grc'><strong>14.</strong></span> 
     </span>
    </p>
   </div>
   <div class='ocr_carea' id='block_1_100' title="bbox 2131 5423 2594 5498">
    <p class='ocr_par' dir='ltr' id='par_1_100' title="bbox 2131 5423 2594 5498">
     <span class='ocr_line' id='line_1_100' title="bbox 2131 5423 2594 5498; baseline 0 -16"><span class='ocrx_word' id='word_1_743' title='bbox 2131 5423 2153 5458; x_wconf 79' lang='grc'>⁸</span> <span class='ocrx_word' id='word_1_744' title='bbox 2185 5425 2322 5498; x_wconf 87' lang='lat' dir='ltr'><strong>Sap.</strong></span> <span class='ocrx_word' id='word_1_745' title='bbox 2355 5441 2470 5494; x_wconf 68' lang='lat' dir='ltr'><strong>xvr,</strong></span> <span class='ocrx_word' id='word_1_746' title='bbox 2503 5428 2594 5482; x_wconf 91' lang='lat'><strong>20.</strong></span> 
     </span>
    </p>
   </div>
   <div class='ocr_carea' id='block_1_101' title="bbox 2291 4411 3958 4486">
    <p class='ocr_par' dir='ltr' id='par_1_101' title="bbox 2291 4411 3958 4486">
     <span class='ocr_line' id='line_1_101' title="bbox 2291 4411 3958 4486; baseline -0.001 -16"><span class='ocrx_word' id='word_1_747' title='bbox 2291 4431 2510 4486; x_wconf 89' lang='lat' dir='ltr'><strong>corpus</strong></span> <span class='ocrx_word' id='word_1_748' title='bbox 2541 4412 2729 4468; x_wconf 91' lang='lat' dir='ltr'><strong>nostri</strong></span> <span class='ocrx_word' id='word_1_749' title='bbox 2765 4413 3089 4469; x_wconf 88' lang='lat' dir='ltr'><strong>Salvatoris</strong></span> <span class='ocrx_word' id='word_1_750' title='bbox 3122 4412 3393 4468; x_wconf 83' lang='lat' dir='ltr'><strong>efﬁcitur.</strong></span> <span class='ocrx_word' id='word_1_751' title='bbox 3419 4434 3447 4461; x_wconf 85' lang='lat'><strong>»</strong></span> <span class='ocrx_word' id='word_1_752' title='bbox 3488 4411 3627 4467; x_wconf 88' lang='lat' dir='ltr'><strong>Hac</strong></span> <span class='ocrx_word' id='word_1_753' title='bbox 3651 4418 3798 4469; x_wconf 88' lang='lat' dir='ltr'><strong>sunt</strong></span> <span class='ocrx_word' id='word_1_754' title='bbox 3825 4430 3958 4470; x_wconf 83' lang='lat' dir='ltr'><strong>ver-</strong></span> 
     </span>
    </p>
   </div>
   <div class='ocr_carea' id='block_1_102' title="bbox 2288 4501 3955 4573">
    <p class='ocr_par' dir='ltr' id='par_1_102' title="bbox 2288 4501 3955 4573">
     <span class='ocr_line' id='line_1_102' title="bbox 2288 4501 3955 4573; baseline -0.001 -14"><span class='ocrx_word' id='word_1_755' title='bbox 2288 4502 2370 4559; x_wconf 91' lang='lat' dir='ltr'><strong>ba</strong></span> <span class='ocrx_word' id='word_1_756' title='bbox 2417 4501 2698 4571; x_wconf 88' lang='lat' dir='ltr'><strong>Gregorii,</strong></span> <span class='ocrx_word' id='word_1_757' title='bbox 2733 4517 2872 4573; x_wconf 85' lang='lat' dir='ltr'><strong>qua</strong></span> <span class='ocrx_word' id='word_1_758' title='bbox 2918 4501 2980 4556; x_wconf 93' lang='lat' dir='ltr'><strong>in</strong></span> <span class='ocrx_word' id='word_1_759' title='bbox 3013 4501 3140 4557; x_wconf 88' lang='lat' dir='ltr'><strong>Vita</strong></span> <span class='ocrx_word' id='word_1_760' title='bbox 3173 4501 3365 4572; x_wconf 89' lang='lat' dir='ltr'><strong>ipsius</strong></span> <span class='ocrx_word' id='word_1_761' title='bbox 3422 4502 3623 4556; x_wconf 88' lang='lat' dir='ltr'><strong>Graco</strong></span> <span class='ocrx_word' id='word_1_762' title='bbox 3664 4516 3955 4559; x_wconf 90' lang='lat' dir='ltr'><strong>sermone</strong></span> 
     </span>
    </p>
   </div>
   <div class='ocr_carea' id='block_1_103' title="bbox 2287 4592 2834 4665">
    <p class='ocr_par' dir='ltr' id='par_1_103' title="bbox 2287 4592 2834 4665">
     <span class='ocr_line' id='line_1_103' title="bbox 2287 4592 2834 4665; baseline -0.013 -16"><span class='ocrx_word' id='word_1_763' title='bbox 2287 4593 2666 4665; x_wconf 91' lang='lat' dir='ltr'><strong>reperiuntur</strong></span> <span class='ocrx_word' id='word_1_764' title='bbox 2701 4592 2834 4660; x_wconf 79' lang='grc'><strong>(15).</strong></span> 
     </span>
    </p>
   </div>
   <div class='ocr_carea' id='block_1_104' title="bbox 2361 4678 3949 4750">
    <p class='ocr_par' dir='ltr' id='par_1_104' title="bbox 2361 4678 3949 4750">
     <span class='ocr_line' id='line_1_104' title="bbox 2361 4678 3949 4750; baseline -0.001 -12"><span class='ocrx_word' id='word_1_765' title='bbox 2361 4681 2474 4738; x_wconf 92' lang='lat' dir='ltr'><strong>Sed</strong></span> <span class='ocrx_word' id='word_1_766' title='bbox 2505 4682 2764 4736; x_wconf 89' lang='lat' dir='ltr'><strong>Joannes</strong></span> <span class='ocrx_word' id='word_1_767' title='bbox 2807 4679 3293 4750; x_wconf 89' lang='lat' dir='ltr'><strong>Chrysostomus,</strong></span> <span class='ocrx_word' id='word_1_768' title='bbox 3326 4695 3466 4734; x_wconf 94' lang='lat' dir='ltr'><strong>cum</strong></span> <span class='ocrx_word' id='word_1_769' title='bbox 3494 4678 3857 4748; x_wconf 88' lang='lat' dir='ltr'><strong>hujusmodi</strong></span> <span class='ocrx_word' id='word_1_770' title='bbox 3887 4681 3949 4736; x_wconf 91' lang='lat' dir='ltr'><strong>li-</strong></span> 
     </span>
    </p>
   </div>
   <div class='ocr_carea' id='block_1_105' title="bbox 2287 4767 3950 4839">
    <p class='ocr_par' dir='ltr' id='par_1_105' title="bbox 2287 4767 3950 4839">
     <span class='ocr_line' id='line_1_105' title="bbox 2287 4767 3950 4839; baseline -0.002 -12"><span class='ocrx_word' id='word_1_771' title='bbox 2287 4776 2408 4828; x_wconf 88' lang='lat' dir='ltr'><strong>tem</strong></span> <span class='ocrx_word' id='word_1_772' title='bbox 2428 4769 2600 4825; x_wconf 90' lang='lat' dir='ltr'><strong>vellet</strong></span> <span class='ocrx_word' id='word_1_773' title='bbox 2623 4769 2698 4823; x_wconf 92' lang='lat' dir='ltr'><strong>de</strong></span> <span class='ocrx_word' id='word_1_774' title='bbox 2719 4767 2918 4824; x_wconf 91' lang='lat' dir='ltr'><strong>medio</strong></span> <span class='ocrx_word' id='word_1_775' title='bbox 2938 4783 3267 4834; x_wconf 87' lang='lat' dir='ltr'><strong>removere,</strong></span> <span class='ocrx_word' id='word_1_776' title='bbox 3298 4770 3360 4822; x_wconf 93' lang='lat' dir='ltr'><strong>in</strong></span> <span class='ocrx_word' id='word_1_777' title='bbox 3380 4767 3649 4839; x_wconf 87' lang='lat' dir='ltr'><strong>quadam</strong></span> <span class='ocrx_word' id='word_1_778' title='bbox 3685 4768 3950 4838; x_wconf 89' lang='lat' dir='ltr'><strong>epistola</strong></span> 
     </span>
    </p>
   </div>
   <div class='ocr_carea' id='block_1_106' title="bbox 2287 4855 3950 4929">
    <p class='ocr_par' dir='ltr' id='par_1_106' title="bbox 2287 4855 3950 4929">
     <span class='ocr_line' id='line_1_106' title="bbox 2287 4855 3950 4929; baseline -0.002 -16"><span class='ocrx_word' id='word_1_779' title='bbox 2287 4874 2417 4927; x_wconf 84' lang='lat' dir='ltr'><strong>sua,</strong></span> <span class='ocrx_word' id='word_1_780' title='bbox 2448 4873 2637 4929; x_wconf 89' lang='lat' dir='ltr'><strong>quam</strong></span> <span class='ocrx_word' id='word_1_781' title='bbox 2670 4858 2883 4913; x_wconf 87' lang='lat' dir='ltr'><strong>Gracis</strong></span> <span class='ocrx_word' id='word_1_782' title='bbox 2915 4855 2991 4912; x_wconf 91' lang='lat' dir='ltr'><strong>de</strong></span> <span class='ocrx_word' id='word_1_783' title='bbox 3024 4861 3402 4912; x_wconf 89' lang='lat' dir='ltr'><strong>sacramento</strong></span> <span class='ocrx_word' id='word_1_784' title='bbox 3433 4861 3491 4910; x_wconf 88' lang='lat' dir='ltr'><strong>et</strong></span> <span class='ocrx_word' id='word_1_785' title='bbox 3533 4855 3664 4910; x_wconf 88' lang='lat' dir='ltr'><strong>aliis</strong></span> <span class='ocrx_word' id='word_1_786' title='bbox 3685 4870 3950 4912; x_wconf 85' lang='lat' dir='ltr'><strong>consue-</strong></span> 
     </span>
    </p>
   </div>
   <div class='ocr_carea' id='block_1_107' title="bbox 2285 4942 3949 5012">
    <p class='ocr_par' dir='ltr' id='par_1_107' title="bbox 2285 4942 3949 5012">
     <span class='ocr_line' id='line_1_107' title="bbox 2285 4942 3949 5012; baseline -0.002 -11"><span class='ocrx_word' id='word_1_787' title='bbox 2285 4946 2594 5002; x_wconf 89' lang='lat' dir='ltr'><strong>tudinibus</strong></span> <span class='ocrx_word' id='word_1_788' title='bbox 2627 4945 2974 5001; x_wconf 87' lang='lat' dir='ltr'><strong>Latinorum</strong></span> <span class='ocrx_word' id='word_1_789' title='bbox 3003 4944 3438 5012; x_wconf 81' lang='lat' dir='ltr'><strong>dubitantibus,</strong></span> <span class='ocrx_word' id='word_1_790' title='bbox 3490 4942 3567 4998; x_wconf 88' lang='lat' dir='ltr'><strong>de</strong></span> <span class='ocrx_word' id='word_1_791' title='bbox 3601 4943 3949 4999; x_wconf 86' lang='lat' dir='ltr'><strong>Constanti-</strong></span> 
     </span>
    </p>
   </div>
   <div class='ocr_carea' id='block_1_108' title="bbox 2283 5031 3949 5108">
    <p class='ocr_par' dir='ltr' id='par_1_108' title="bbox 2283 5031 3949 5108">
     <span class='ocr_line' id='line_1_108' title="bbox 2283 5031 3949 5108; baseline -0.002 -18"><span class='ocrx_word' id='word_1_792' title='bbox 2283 5035 2490 5108; x_wconf 90' lang='lat' dir='ltr'><strong>nopoli</strong></span> <span class='ocrx_word' id='word_1_793' title='bbox 2531 5035 2884 5104; x_wconf 90' lang='lat' dir='ltr'><strong>transmisit,</strong></span> <span class='ocrx_word' id='word_1_794' title='bbox 2940 5035 3021 5090; x_wconf 90' lang='lat' dir='ltr'><strong>ita</strong></span> <span class='ocrx_word' id='word_1_795' title='bbox 3080 5033 3264 5090; x_wconf 91' lang='lat' dir='ltr'><strong>dicit:</strong></span> <span class='ocrx_word' id='word_1_796' title='bbox 3301 5055 3328 5081; x_wconf 83' lang='grc'><strong>‹‹</strong></span> <span class='ocrx_word' id='word_1_797' title='bbox 3385 5031 3739 5088; x_wconf 87' lang='lat' dir='ltr'><strong>Volentibus</strong></span> <span class='ocrx_word' id='word_1_798' title='bbox 3765 5034 3949 5090; x_wconf 90' lang='lat' dir='ltr'><strong>nobis</strong></span> 
     </span>
    </p>
   </div>
   <div class='ocr_carea' id='block_1_109' title="bbox 2284 5123 3947 5197">
    <p class='ocr_par' dir='ltr' id='par_1_109' title="bbox 2284 5123 3947 5197">
     <span class='ocr_line' id='line_1_109' title="bbox 2284 5123 3947 5197; baseline -0.001 -17"><span class='ocrx_word' id='word_1_799' title='bbox 2284 5125 2513 5197; x_wconf 89' lang='lat' dir='ltr'><strong>aliquid</strong></span> <span class='ocrx_word' id='word_1_800' title='bbox 2567 5125 2762 5180; x_wconf 87' lang='lat' dir='ltr'><strong>dicere</strong></span> <span class='ocrx_word' id='word_1_801' title='bbox 2789 5125 2864 5180; x_wconf 93' lang='lat' dir='ltr'><strong>de</strong></span> <span class='ocrx_word' id='word_1_802' title='bbox 2909 5139 3086 5180; x_wconf 90' lang='lat' dir='ltr'><strong>sacra</strong></span> <span class='ocrx_word' id='word_1_803' title='bbox 3129 5123 3582 5186; x_wconf 89' lang='lat' dir='ltr'><strong>communione,</strong></span> <span class='ocrx_word' id='word_1_804' title='bbox 3634 5128 3843 5178; x_wconf 86' lang='lat' dir='ltr'><strong>utrum</strong></span> <span class='ocrx_word' id='word_1_805' title='bbox 3874 5140 3947 5180; x_wconf 88' lang='lat' dir='ltr'><strong>ex</strong></span> 
     </span>
    </p>
   </div>
   <div class='ocr_carea' id='block_1_110' title="bbox 2285 5210 3949 5283">
    <p class='ocr_par' dir='ltr' id='par_1_110' title="bbox 2285 5210 3949 5283">
     <span class='ocr_line' id='line_1_110' title="bbox 2285 5210 3949 5283; baseline -0.002 -13"><span class='ocrx_word' id='word_1_806' title='bbox 2285 5228 2519 5283; x_wconf 83' lang='lat' dir='ltr'><strong>azymo,</strong></span> <span class='ocrx_word' id='word_1_807' title='bbox 2580 5212 2673 5268; x_wconf 91' lang='lat' dir='ltr'><strong>vel</strong></span> <span class='ocrx_word' id='word_1_808' title='bbox 2703 5212 3060 5268; x_wconf 88' lang='lat' dir='ltr'><strong>fermentato</strong></span> <span class='ocrx_word' id='word_1_809' title='bbox 3102 5212 3164 5266; x_wconf 94' lang='lat' dir='ltr'><strong>in</strong></span> <span class='ocrx_word' id='word_1_810' title='bbox 3212 5227 3385 5267; x_wconf 90' lang='lat' dir='ltr'><strong>sacra</strong></span> <span class='ocrx_word' id='word_1_811' title='bbox 3424 5210 3736 5266; x_wconf 88' lang='lat' dir='ltr'><strong>Dominica</strong></span> <span class='ocrx_word' id='word_1_812' title='bbox 3769 5226 3949 5266; x_wconf 78' lang='lat' dir='ltr'><strong>cana</strong></span> 
     </span>
    </p>
   </div>
   <div class='ocr_carea' id='block_1_111' title="bbox 2285 5298 3946 5372">
    <p class='ocr_par' dir='ltr' id='par_1_111' title="bbox 2285 5298 3946 5372">
     <span class='ocr_line' id='line_1_111' title="bbox 2285 5298 3946 5372; baseline -0.001 -16"><span class='ocrx_word' id='word_1_813' title='bbox 2285 5301 2445 5358; x_wconf 88' lang='lat' dir='ltr'><strong>facta</strong></span> <span class='ocrx_word' id='word_1_814' title='bbox 2468 5301 2642 5357; x_wconf 89' lang='lat' dir='ltr'><strong>fuerit</strong></span> <span class='ocrx_word' id='word_1_815' title='bbox 2673 5318 2687 5356; x_wconf 89' lang='lat'>:</span> <span class='ocrx_word' id='word_1_816' title='bbox 2721 5301 3005 5372; x_wconf 87' lang='lat' dir='ltr'><strong>longioris</strong></span> <span class='ocrx_word' id='word_1_817' title='bbox 3054 5300 3364 5371; x_wconf 88' lang='lat' dir='ltr'><strong>temporis,</strong></span> <span class='ocrx_word' id='word_1_818' title='bbox 3397 5306 3452 5355; x_wconf 89' lang='lat' dir='ltr'><strong>et</strong></span> <span class='ocrx_word' id='word_1_819' title='bbox 3484 5299 3667 5356; x_wconf 88' lang='lat' dir='ltr'><strong>etiam</strong></span> <span class='ocrx_word' id='word_1_820' title='bbox 3715 5298 3946 5370; x_wconf 85' lang='lat' dir='ltr'><strong>perfec-</strong></span> 
     </span>
    </p>
   </div>
   <div class='ocr_carea' id='block_1_112' title="bbox 2688 5425 3941 5496">
    <p class='ocr_par' dir='ltr' id='par_1_112' title="bbox 2688 5425 3941 5496">
     <span class='ocr_line' id='line_1_112' title="bbox 2688 5425 3941 5496; baseline -0.002 -15"><span class='ocrx_word' id='word_1_821' title='bbox 2688 5427 2706 5459; x_wconf 79' lang='grc'>⁷</span> <span class='ocrx_word' id='word_1_822' title='bbox 2746 5425 2896 5482; x_wconf 88' lang='lat' dir='ltr'><strong>Psal.</strong></span> <span class='ocrx_word' id='word_1_823' title='bbox 2938 5441 3147 5496; x_wconf 83' lang='lat' dir='ltr'><strong>Lxxvn,</strong></span> <span class='ocrx_word' id='word_1_824' title='bbox 3174 5429 3264 5493; x_wconf 63' lang='lat'><strong>24,</strong></span> <span class='ocrx_word' id='word_1_825' title='bbox 3291 5427 3380 5480; x_wconf 82' lang='lat'><strong>25.</strong></span> <span class='ocrx_word' id='word_1_826' title='bbox 3465 5425 3485 5459; x_wconf 78' lang='grc'><strong>⁸</strong></span> <span class='ocrx_word' id='word_1_827' title='bbox 3515 5426 3687 5480; x_wconf 89' lang='lat' dir='ltr'><strong>Prov.</strong></span> <span class='ocrx_word' id='word_1_828' title='bbox 3718 5439 3824 5494; x_wconf 84' lang='lat' dir='ltr'><strong>xx,</strong></span> <span class='ocrx_word' id='word_1_829' title='bbox 3855 5425 3941 5479; x_wconf 88' lang='grc'><strong>17.</strong></span> 
     </span>
    </p>
   </div>
   <div class='ocr_carea' id='block_1_113' title="bbox 584 5605 3935 5694">
    <p class='ocr_par' dir='ltr' id='par_1_113' title="bbox 584 5605 3935 5694">
     <span class='ocr_line' id='line_1_113' title="bbox 584 5605 3935 5694; baseline 0.004 -33"><span class='ocrx_word' id='word_1_830' title='bbox 584 5605 886 5694; x_wconf 47' lang='lat' dir='ltr'><strong>(l5)nVide</strong></span> <span class='ocrx_word' id='word_1_831' title='bbox 931 5608 989 5665; x_wconf 92' lang='lat' dir='ltr'><strong>S.</strong></span> <span class='ocrx_word' id='word_1_832' title='bbox 1037 5606 1330 5664; x_wconf 91' lang='lat' dir='ltr'><strong>Thomam</strong></span> <span class='ocrx_word' id='word_1_833' title='bbox 1367 5622 1578 5678; x_wconf 90' lang='lat' dir='ltr'><strong>opusc.</strong></span> <span class='ocrx_word' id='word_1_834' title='bbox 1611 5612 1897 5683; x_wconf 86' lang='lat' dir='ltr'><strong>extremo,</strong></span> <span class='ocrx_word' id='word_1_835' title='bbox 1931 5612 2006 5670; x_wconf 90' lang='lat' dir='ltr'><strong>de</strong></span> <span class='ocrx_word' id='word_1_836' title='bbox 2033 5631 2216 5674; x_wconf 89' lang='lat' dir='ltr'><strong>error.</strong></span> <span class='ocrx_word' id='word_1_837' title='bbox 2265 5620 2543 5689; x_wconf 76' lang='lat' dir='ltr'><strong>Gracor.;</strong></span> <span class='ocrx_word' id='word_1_838' title='bbox 2587 5621 2861 5678; x_wconf 88' lang='lat' dir='ltr'><strong>Gennad.</strong></span> <span class='ocrx_word' id='word_1_839' title='bbox 2910 5621 3166 5679; x_wconf 85' lang='lat' dir='ltr'><strong>scholar.</strong></span> <span class='ocrx_word' id='word_1_840' title='bbox 3209 5637 3321 5694; x_wconf 87' lang='lat' dir='ltr'><strong>pro</strong></span> <span class='ocrx_word' id='word_1_841' title='bbox 3363 5620 3573 5678; x_wconf 90' lang='lat' dir='ltr'><strong>concil.</strong></span> <span class='ocrx_word' id='word_1_842' title='bbox 3605 5619 3762 5677; x_wconf 84' lang='lat' dir='ltr'><strong>Flor.</strong></span> <span class='ocrx_word' id='word_1_843' title='bbox 3786 5637 3849 5680; x_wconf 91' lang='lat' dir='ltr'><strong>c.</strong></span> <span class='ocrx_word' id='word_1_844' title='bbox 3879 5623 3935 5692; x_wconf 90' lang='lat'><strong>2,</strong></span> 
     </span>
    </p>
   </div>
   <div class='ocr_carea' id='block_1_114' title="bbox 511 5682 754 5756">
    <p class='ocr_par' dir='ltr' id='par_1_114' title="bbox 511 5682 754 5756">
     <span class='ocr_line' id='line_1_114' title="bbox 511 5682 754 5756; baseline 0 -21"><span class='ocrx_word' id='word_1_845' title='bbox 511 5683 660 5756; x_wconf 71' lang='lat' dir='ltr'><strong>sect.</strong></span> <span class='ocrx_word' id='word_1_846' title='bbox 697 5682 754 5736; x_wconf 88' lang='lat'><strong>8.</strong></span> 
     </span>
    </p>
   </div>
  </div>
