4020 6310
85 381 152 436 23
1449 379 1732 436 CONTRA
1771 378 2090 438 GRECOS.

3373 384 3477 446 526

48 505 211 559 tioris
270 505 586 578 scriptoris
622 501 969 574 indigemus
1046 503 1270 576 spatio.
1339 503 1454 559 Sed
1513 504 1716 559 multis
1748 508 1794 558 Α
1831 511 1969 561 cant
1998 505 2245 577 Eloquia
2276 517 2448 562 sacra
2481 520 2494 561 :
2526 507 2646 563 Sed
2675 523 2854 577 super
2875 509 2967 566 lus
3004 510 3272 567 omnibus
3300 512 3479 568 tertin

50 593 316 652 omissis.
350 593 408 648 id
432 594 595 665 quod
623 594 758 648 utile
781 600 837 648 et
865 593 1186 666 pacificum
1237 599 1342 654 est,
1377 593 1500 648 imo
1549 598 1611 646 ut
1641 592 1722 647 ita

53 683 271 747 dicam,
290 684 462 754 quod
479 684 677 751 magis
694 690 779 736 est
791 682 1125 738 secundum
1139 681 1650 752 dispensationem
1665 684 1722 736 et

52 772 494 837 necessarium,
536 778 594 826 et
636 771 788 842 quod
839 770 1032 841 magis
1079 771 1342 825 continet
1387 769 1718 832 veritatem,

51 858 390 914 dicendum
433 867 522 914 est
575 879 588 926 ;
641 861 811 931 panis
872 865 1198 930 antequam
1243 864 1644 925 consecretur,
1667 862 1724 912 et

51 948 442 1008 conficiatur,
478 949 602 1004 sive
632 965 900 1020 azymus,
951 948 1075 1002 sive
1103 948 1492 1002 fermentatus
1527 946 1720 1015 fuerit,

51 1037 475 1092 indifferenter
503 1037 681 1109 panis
721 1043 807 1092 est
846 1042 901 1090 et
944 1036 1160 1091 dicitur
1206 1038 1391 1090 sacris
1439 1034 1718 1107 Eloquiis,

50 1133 223 1195 prout
259 1125 666 1197 postmodum
714 1125 1119 1181 ostendemus.
1164 1125 1488 1196 Postquam
1516 1138 1722 1178 conse-

48 1222 249 1268 cratus
285 1214 493 1280 fuerit,
535 1231 732 1286 neque
785 1230 1036 1285 azymus
1085 1229 1281 1285 neque
1337 1213 1722 1268 fermentatus

47 1304 289 1370 dicitur,
352 1303 451 1358 vel
491 1310 612 1368 est;
668 1303 772 1358 sed
820 1318 1040 1374 corpus
1093 1309 1149 1358 et
1177 1318 1318 1358 caro
1348 1302 1596 1370 Domini,
1627 1317 1720 1357 ea-

49 1392 182 1446 dem
254 1408 382 1447 nec
417 1392 554 1457 alia,
608 1407 794 1463 quam
816 1407 952 1462 quas
984 1391 1062 1446 ab
1110 1391 1455 1461 incorrupta
1487 1390 1721 1458 Virgine

49 1499 78 1536 a
109 1482 319 1536 Verbo
368 1481 466 1536 Dei
514 1487 845 1552 assumpta,
892 1486 949 1534 et
980 1481 1037 1535 in
1070 1480 1314 1535 dextera
1341 1479 1652 1543 collocata,
1685 1494 1723 1534 a

47 1570 222 1625 nobis
250 1569 619 1625 orthodoxis
677 1575 732 1624 et
781 1568 1090 1624 catholicis
1151 1569 1398 1640 mystice
1445 1569 1718 1631 sumitur,

49 1663 298 1731 Propter
346 1659 517 1730 quod
560 1665 617 1714 et
655 1658 1026 1730 mysterium.
1081 1658 1195 1713 hoc
1251 1663 1356 1728 est,
1407 1657 1722 1713 abscondi-

50 1756 172 1803 tum
209 1749 594 1804 nominatur.
647 1751 710 1803 Et
745 1747 878 1802 ideo
914 1747 1219 1803 nonnullis
1259 1753 1350 1802 est
1389 1749 1723 1818 incompre-

1831 595 1955 650 dies
1976 601 2083 659 est,
2105 611 2221 665 quo
2242 595 2370 650 ἠως
2389 596 2559 663 facta
2587 604 2726 652 sunt
2752 599 2815 664 ιι,
2845 597 2999 654 infra
3027 606 3228 656 autem
3248 606 3478 670 septem

1831 683 1977 745 dies,
2030 690 2154 738 erat
2206 685 2331 738 dies
2390 684 2509 739 illa.
2562 684 2752 758 Ἀρτος
2791 702 2933 756 ergo
2976 695 3244 755 vocatur,
3278 695 3341 744 ut
3383 706 3477 745 os-

1831 779 2065 827 tensum
2089 779 2194 836 est,
2226 789 2496 843 azymus.
2532 776 2679 830 Nam
2700 774 2816 830 hoc
2854 792 3076 832 nomen
3105 779 3259 850 οἰρτος
3287 793 3480 846 genus

1831 865 1919 916 est
1965 860 2298 916 fermentati
2347 867 2652 933 etazyml;
2687 869 2744 918 et
2790 864 2865 920 de
2913 865 3218 933 ambobus
3265 865 3478 938 praedi-

1830 954 2016 1011 catur,
2065 949 2217 1005 sicut
2267 950 2342 1004 de
2381 951 2715 1020 speciebus.
2769 955 2847 1007 Ex
2877 953 2969 1008 his
2994 967 3137 1022 ergo
3167 953 3380 1021 verbis,
3416 960 3480 1010 ut

1829 1036 2057 1092 dictum
2085 1043 2194 1106 est,
2222 1038 2647 1109 Chrysostomi,
2679 1043 2737 1094 et
2774 1039 2904 1095 aliis
2934 1056 3042 1112 pro
3091 1041 3203 1096 ista
3231 1043 3481 1098 materia

1829 1125 2117 1194 allegatis,
2171 1126 2314 1181 satis
2361 1126 2672 1182 manifeste
2728 1127 3042 1197 colligitur,
3100 1131 3265 1201 quod
3288 1131 3479 1187 sancti

1831 1215 2033 1270 Patres
2071 1215 2326 1288 antiqui,
2357 1220 2480 1270 tam
2514 1217 2720 1284 Graeci,
2767 1234 2954 1289 quam
3009 1219 3214 1285 Latini,
3247 1224 3371 1276 tam
3401 1220 3477 1275 de

1831 1304 2452 1370 sacramentoaltaris,
2501 1321 2687 1376 quam
2739 1306 2813 1361 de
2870 1306 3001 1362 aliis
3030 1307 3474 1378 ﬁdeiarticulis,

1833 1392 1985 1446 sicut
2013 1393 2269 1448 Ecclesia
2297 1396 2589 1455 Romana,
2620 1392 2908 1448 catholice
2941 1399 2997 1450 et
3027 1401 3227 1450 sancte
3276 1412 3476 1452 sense-

1831 1486 1986 1536 runt.
2017 1481 2277 1538 Moderni
2306 1497 2447 1536 vero
2505 1483 2686 1538 δι’ωοὶ
2715 1483 2858 1554 quia
2884 1484 3099 1553 jugum
3124 1485 3476 1541 obedientiaa

1834 1576 2231 1625 sacrosancta:
2265 1569 2437 1625 dictae
2467 1572 2752 1627 Romante
2800 1571 3074 1627 Ecclesiae
3104 1588 3140 1627 a
3168 1573 3319 1630 collo
3365 1590 3475 1630 suo

1832 1657 2097 1713 indebite
2125 1664 2398 1713 excutere
2422 1657 2756 1724 voluerunt,
2776 1659 2978 1716 multis
2995 1661 3476 1718 eaminvolutam

1830 1762 1963 1801 esse
1993 1747 2295 1802 erroribus
2326 1747 2654 1818 praedicare
2711 1762 2837 1803 non
2883 1754 3182 1805 verentur.
3218 1751 3370 1815 Quia
3394 1756 3475 1806 ta-

52 1839 362 1894 hensibile
404 1839 518 1894 hoc
545 1843 989 1894 sacramentum
1015 1856 1027 1905 ;
1055 1843 1494 1893 transmutatur
1517 1844 1719 1894 autem
1759 1849 1800 1904 Β
1832 1850 1969 1889 men
2001 1834 2296 1906 ipsisuam
2327 1834 2712 1891 rebellionem
2727 1836 3092 1906 pertinacem
3109 1838 3474 1910 quibusdam

52 1929 262 1983 divina
321 1929 538 1982 virtute
570 1944 604 1982 a
651 1927 866 1998 Spiritu
899 1935 1108 1982 sancto
1156 1927 1214 1980 in
1261 1942 1481 1998 corpus
1507 1932 1563 1982 et
1586 1942 1719 1982 san-

55 2018 305 2088 guinem
339 2019 482 2072 Jesu
537 2017 768 2082 Christi,
808 2016 1141 2071 secundum
1190 2015 1352 2088 quod
1398 2017 1530 2086 ipsa
1551 2032 1721 2073 sacra

55 2115 290 2163 secreta
322 2108 574 2170 indicat,
607 2107 851 2162 etetiam
877 2107 1232 2161 manifestat.
1255 2106 1715 2162 Dicimusenim:

51 2199 122 2252 Te
140 2213 468 2269 rogamus,
504 2197 714 2252 Sancte
739 2201 1104 2265 sanctorum,
1130 2194 1582 2266 utbeneplacito
1601 2200 1718 2251 tuae

53 2285 348 2340 bonitatis
399 2285 601 2339 veniat
641 2283 888 2355 Spiritus
911 2288 1154 2338 sanctus
1211 2288 1345 2338 tuus
1376 2299 1557 2354 super
1585 2299 1715 2351 nos,

51 2383 102 2429 et
119 2390 318 2447 super
339 2373 551 2429 omnia
566 2373 696 2428 haec
712 2379 814 2426 tua
835 2371 1000 2427 dona
1015 2372 1163 2441 (sive
1186 2372 1458 2441 munera)
1473 2378 1529 2427 et
1550 2373 1720 2428 bene-

49 2463 232 2531 dicat,
265 2469 330 2517 et
362 2461 712 2523 sanctiﬁcet,
735 2466 792 2516 et
837 2460 1114 2516 ostendat
1155 2460 1400 2533 quidem
1431 2460 1592 2516 hunc
1615 2477 1718 2532 pa-

57 2568 194 2606 nem
242 2551 456 2623 ipsum
490 2549 819 2622 pretiosum
869 2563 1088 2620 corpus
1118 2549 1348 2604 Domini
1371 2554 1429 2605 et
1458 2549 1558 2604 Dei
1599 2549 1718 2606 Sal-

50 2641 282 2695 vatoris
310 2639 506 2694 nostri
533 2641 671 2694 Jesu
702 2637 931 2694 Christi.
969 2658 997 2686 υ

122 2732 180 2786 Si
237 2728 430 2794 igitur
493 2728 694 2783 divina
739 2727 945 2791 virtus,
998 2727 1121 2781 sive
1165 2726 1322 2782 Deus
1363 2731 1722 2783 transmutat

49 2819 374 2891 proposita
422 2817 586 2872 dona
647 2817 709 2872 in
781 2831 1000 2888 corpus
1061 2822 1119 2870 et
1173 2816 1530 2888 sanguinem
1584 2820 1721 2872 Jesu

53 2908 296 2971 Christi,
321 2906 699 2978 superfluum
733 2910 819 2960 est
845 2905 1218 2969 contendere,
1260 2913 1460 2960 utrum
1481 2921 1552 2960 ex
1583 2921 1721 2977 azy-

56 2998 188 3061 mis,
241 2997 374 3051 sive
421 2994 724 3050 fermentis
781 2993 973 3061 fuerit,
1032 2991 1153 3048 sive
1206 2993 1432 3063 album,
1461 2994 1584 3048 sive
1621 3010 1720 3050 ru-

55 3087 238 3141 brum
267 3086 528 3140 forsitan
558 3082 790 3152 vinum,
819 3089 877 3137 et
896 3082 1560 3154 hujusmodiquasdam
1584 3083 1722 3139 stul-

1823 1925 1954 1980 suis
1977 1925 2310 1980 rationibus
2330 1924 2573 1996 palliare
2598 1941 2721 1980 non
2743 1931 3021 1982 verentur
3049 1944 3060 1980 :
3095 1927 3241 1999 quid
3267 1944 3476 1985 eorum

1827 2013 1959 2069 libri
1995 2018 2204 2069 contra
2227 2012 2505 2081 clament,
2539 2030 2611 2069 ex
2641 2013 2842 2069 multis
2875 2031 3071 2086 pauca
3115 2015 3179 2071 in
3205 2017 3474 2074 medium

1827 2101 2220 2175 proferemus.

1829 2250 2056 2317 Quarta
2078 2249 2400 2304 distinctio.
2423 2249 2496 2304 In
2520 2264 2640 2321 qua
2653 2248 2985 2308 ostenditur
3008 2250 3164 2321 quod
3201 2264 3365 2320 papa
3389 2257 3472 2307 est

2395 2344 2574 2408 caput
2609 2335 2914 2397 Ecclesiae.

1900 2460 2218 2518 Sciendum
2243 2476 2404 2526 vero,
2439 2461 2606 2532 quod
2636 2461 2713 2518 ad
2759 2460 3144 2533 probandam
3183 2461 3474 2519 obedien-

1827 2550 1970 2605 tiam
1996 2555 2055 2606 et
2100 2549 2366 2606 debitam
2417 2550 2812 2606 reverentiam
2869 2549 3140 2606 Ecclesia
3190 2554 3473 2608 Romanae

1825 2645 2059 2709 oportet
2079 2654 2190 2694 nos
2205 2653 2475 2710 quaerere
2502 2638 2697 2710 primo
2722 2643 2824 2695 :«A
2841 2655 2965 2711 quo
2985 2639 3197 2696 habuit
3216 2639 3477 2698 Ecclesia

1827 2729 1999 2784 istam
2023 2732 2379 2800 potestatem
2401 2727 2428 2782 ?
2448 2727 2732 2788 secundo,
2756 2727 3048 2800 quando?
3074 2729 3241 2786 tertio
3271 2745 3350 2784 an
3377 2746 3476 2786 su-

1828 2833 1934 2889 per
1962 2832 2176 2872 omnes
2205 2815 2635 2882 universaliter,
2667 2831 2744 2876 an
2773 2815 3206 2888 particulariter
3224 2818 3252 2872 ?
3283 2839 3310 2866 υ

1901 2907 2202 2970 Quantum
2221 2904 2299 2959 ad
2319 2904 2472 2976 prim
2483 2920 2603 2971 um,
2617 2903 2946 2973 distingue:
2989 2905 3138 2969 Quia
3149 2905 3480 2962 authabuit

1830 3011 1868 3050 a
1898 2996 2036 3061 Deo,
2060 2994 2359 3050 mediante
2391 2993 2581 3058 Petro,
2605 2997 2710 3048 aut
2729 3008 2766 3048 a
2783 2992 3154 3064 principibus
3176 2994 3478 3056 saeculari-

1829 3082 1946 3138 bus
1971 3100 1985 3150 ;
2018 3087 2124 3138 aut
2149 3081 2330 3137 simul
2360 3080 2438 3137 ab
2466 3080 2592 3136 istis
2613 3080 2804 3136 tribus
2829 3097 2843 3147 ;
2871 3086 2976 3137 aut
3003 3097 3040 3137 a
3085 3081 3353 3138 conciliis
3381 3098 3479 3152 ge-

55 3182 139 3229 tas
185 3174 574 3230 curiositates
604 3172 679 3228 de
701 3171 1038 3227 metuendis
1064 3177 1120 3226 et
1148 3172 1469 3228 tremendis
1500 3178 1722 3244 myste-
1755 3197 1794 3252 ρ
1830 3171 2168 3236 neralibus;
2203 3175 2306 3225 aut
2327 3169 2506 3226 simul
2555 3169 2634 3226 ab
2680 3169 2810 3226 istis
2840 3169 3060 3241 tribus;
3113 3175 3218 3226 aut
3245 3187 3282 3227 a
3311 3171 3478 3228 nullo

53 3265 150 3320 riis
184 3262 583 3336 perscrutari.

120 3355 283 3419 Quia
307 3367 459 3406 vero
488 3350 738 3422 quidam
768 3365 979 3404 eorum
1000 3349 1207 3404 volunt
1237 3367 1306 3404 ex
1339 3350 1468 3406 sola
1487 3356 1719 3423 etymo-

51 3443 212 3514 logia
243 3439 540 3508 nominis,
591 3453 870 3509 azymum
920 3453 1041 3493 non
1100 3454 1231 3494 esse
1286 3441 1461 3511 ἄρτον,
1518 3440 1576 3495 id
1608 3443 1719 3508 est,

55 3546 308 3601 panem,
362 3529 458 3584 eia
492 3527 566 3582 de
612 3527 729 3582 hoc
775 3526 1032 3582 breviter
1057 3527 1538 3600 disputabimus:
1578 3552 1596 3578 ι
1629 3527 1720 3584 Di-

53 3621 204 3675 citur
257 3619 428 3673 enim
481 3617 638 3689 οῐρτος
681 3615 761 3672 ab
791 3617 1005 3688 ἄρθεως,
1060 3615 1122 3671 id
1171 3611 1283 3681 est,
1309 3618 1716 3687 perfectione:

53 3724 315 3779 azymus
387 3711 589 3760 autem
650 3720 772 3759 non
819 3711 909 3759 est
954 3705 1251 3778 perfectus
1297 3725 1309 3760 :
1358 3706 1500 3778 quia
1560 3711 1722 3762 caret

52 3805 104 3849 et
130 3797 476 3850 fermento:
518 3807 659 3861 ergo
704 3808 823 3847 non
878 3799 963 3847 est
995 3794 1170 3865 οῐρτος.
1207 3793 1498 3849 Dominus
1518 3799 1720 3850 autem

53 3887 210 3959 ἀρτον
241 3882 577 3939 benedixit.
602 3901 632 3933 ›
664 3880 817 3936 Talis
849 3887 937 3937 est
965 3881 1260 3936 mirabilis
1287 3899 1498 3938 eorum
1545 3881 1720 3954 syllo-

55 3975 311 4042 gismus.
343 3974 466 4026 Nos
497 3986 640 4025 vero
675 3969 753 4025 ad
807 3969 1139 4043 syllogismi
1188 3971 1372 4042 hujus
1404 3972 1718 4028 machina-

54 4069 359 4123 mentum,
384 4075 522 4114 cum
547 4058 769 4113 nullius
792 4059 1010 4113 valoris
1039 4060 1130 4125 sit,
1181 4059 1512 4130 inﬁrmum,
1543 4066 1599 4115 et
1619 4061 1717 4115 de-

57 4153 194 4213 bile,
212 4150 449 4206 nullam
467 4148 761 4204 faciamus
779 4149 1269 4219 responsionem;
1291 4166 1364 4205 ne
1377 4151 1714 4216 videamus,

54 4242 128 4295 ad
161 4239 581 4296 ostensionem
613 4238 765 4308 ejus,
803 4254 939 4310 quas
970 4238 1030 4293 in
1082 4239 1257 4294 nobis
1298 4246 1384 4296 est
1412 4239 1717 4296 rationalis

55 4329 352 4391 scientiee,
415 4325 603 4382 multa
651 4326 819 4398 loqui
864 4331 922 4382 et
965 4328 1333 4384 inutiliter.A
1386 4329 1605 4384 sanctis
1632 4335 1717 4384 ta-

55 4435 194 4475 men
229 4415 569 4486 Evangeliis
599 4416 754 4490 οἰρτον
789 4422 1066 4472 vocatum
1102 4433 1236 4472 esse
1265 4433 1550 4488 azymum
1584 4433 1718 4490 pro-

1829 3260 2079 3316 istorum
2114 3278 2126 3315 :
2160 3259 2265 3315 sed
2287 3267 2578 3331 usurpato
2609 3259 2724 3316 sibi
2752 3259 2981 3316 honore
3010 3260 3192 3317 utitur
3221 3261 3482 3324 Ecclesia

1830 3349 2111 3405 violenter
2141 3354 2198 3404 et
2218 3347 2484 3417 indigne.
2515 3351 2581 3403 Et
2603 3348 2782 3405 istam
2808 3348 3084 3406 ultimam
3140 3350 3482 3408 concedunt

1830 3439 2034 3493 Graeci.
2071 3440 2136 3493 Et
2161 3435 2369 3493 dicunt
2419 3435 2587 3508 quod
2627 3435 2832 3492 nullus
2883 3437 3298 3509 apostolorum
3369 3437 3481 3496 fuit

1829 3526 2024 3596 major
2075 3523 2300 3580 altero:
2381 3524 2482 3580 sed
2526 3539 2741 3582 omnes
2794 3524 3037 3581 fuerunt
3099 3526 3362 3598 aequales
3421 3533 3482 3586 et

1829 3615 2058 3682 fratres,
2103 3614 2282 3683 juxta
2356 3612 2536 3670 illud:
2597 3613 2809 3670 Omnes
2865 3620 3064 3670 autem
3119 3630 3219 3670 vos
3255 3619 3479 3686 fratres

1829 3703 1987 3770 estis,
2017 3709 2069 3758 et
2101 3709 2337 3770 patrem
2362 3702 2549 3760 nolite
2581 3716 2796 3758 vocare
2827 3701 2988 3757 vobis
3018 3717 3202 3771 super
3233 3710 3474 3772 terram,

1829 3796 1969 3866 quia
1991 3809 2147 3847 unus
2173 3793 2352 3848 Pater
2378 3798 2568 3848 vester
2589 3789 2837 3848 caelestis
2865 3798 2948 3846 est
2983 3793 3047 3845 ⁸³.

1898 3881 1986 3937 Ad
2011 3880 2176 3953 quod
2199 3881 2628 3952 respondentes
2674 3880 2953 3945 dicimus,
2991 3881 3155 3954 quod
3189 3882 3477 3937 Dominus

1826 3972 1922 4028 hic
1944 3986 2065 4025 non
2097 3973 2363 4024 removet
2386 3968 2652 4024 ofﬁcium
2681 3968 3062 4039 praelationis,
3092 3985 3229 4024 cum
3253 3969 3477 4026 Paulus

1829 4058 2138 4131 apostolus
2151 4057 2311 4113 dicat
2330 4075 2342 4112 :
2360 4057 2596 4113 Obedite
2601 4058 2938 4126 praepositis
2955 4059 3185 4124 vestris,
3200 4065 3254 4114 et
3275 4059 3477 4128 subja-

1825 4155 1942 4206 cete
1969 4150 2049 4204 eis
2103 4148 2167 4210 '6,
2202 4146 2307 4201 sed
2362 4145 2674 4201 libidinem
2712 4144 3087 4202 dominandi.
3147 4146 3312 4202 Unde
3352 4163 3476 4204 non

1824 4237 1972 4292 dixit
2024 4253 2036 4290 :
2101 4235 2287 4290 Nolite
2345 4239 2602 4291 statuere
2654 4250 2667 4288 :
2763 4235 2965 4291 Nolite
3040 4236 3474 4292 vocarizunde

1826 4342 1966 4382 cum
1986 4341 2095 4381 nos
2113 4323 2390 4394 eligimus
2410 4327 2717 4395 pastorem
2738 4322 3033 4387 Ecclesiae.
3047 4339 3171 4380 non
3194 4324 3473 4395 eligimus

1828 4414 2004 4472 nobis
2028 4418 2282 4484 patrem,
2320 4412 2410 4468 vel
2439 4417 2693 4468 matrem
2723 4411 3092 4484 simpliciter,
3126 4414 3232 4470 sed
3280 4415 3479 4486 potius

54 4509 374 4566 babimus,
408 4507 534 4560 sive
594 4503 1004 4574 Ostendemus,
1070 4512 1128 4561 et
1172 4507 1433 4563 mendax
1465 4507 1718 4563 istorum
1753 4528 1797 4582 ι)
1832 4503 2121 4558 vicarium
2153 4501 2336 4557 Patris
2353 4500 2540 4556 nostri
2561 4501 2679 4556 veri
2719 4506 2774 4556 et
2813 4501 3089 4572 Magistri,
3122 4502 3227 4575 qui
3252 4501 3315 4557 in
3359 4519 3478 4558 ca:-

53 4593 433 4667 etymologia
453 4592 788 4664 apparebit.
819 4596 882 4647 In
910 4596 1066 4649 Luca
1093 4595 1252 4650 enim
1284 4595 1572 4667 scriptum
1601 4600 1724 4661 est;

50 4686 124 4739 Et
155 4686 402 4753 factum
429 4687 532 4742 est,
561 4681 967 4738 discumbente
991 4698 1056 4738 eo
1103 4699 1236 4739 cum
1262 4685 1343 4740 eis
1379 4685 1442 4738 ³³.
1480 4686 1542 4740 Et
1591 4689 1728 4755 post

50 4789 300 4846 pauca:
334 4772 765 4839 Cognoverant
810 4785 943 4826 eum
1005 4772 1066 4826 in
1111 4773 1414 4841 fractione
1460 4774 1620 4846 ἄρτου
1656 4774 1723 4828 ¹³.

55 4865 225 4930 Ecce,
257 4859 344 4915 ibi
384 4873 670 4929 azymum
705 4859 863 4932 ἄρτον
910 4860 1264 4916 nominavit.
1326 4861 1497 4926 Quod
1524 4866 1724 4917 autem

56 4964 314 5021 azymus
343 4945 659 5009 fueritille.
681 4948 786 5018 qui
834 4953 976 5004 tunc
1026 4950 1088 5004 in
1132 4952 1418 5006 Emmaus
1448 4949 1722 5020 Cleophee

55 5045 114 5094 et
143 5035 584 5093 concomitanti
623 5035 737 5090 sibi
765 5037 940 5093 datus
985 5042 1092 5104 est,
1135 5038 1276 5093 hinc
1332 5043 1421 5094 est
1462 5037 1723 5094 manife—

58 5133 242 5182 stum.
279 5126 420 5179 Post
444 5122 922 5181 immolationem
955 5127 1095 5196 agni
1125 5131 1353 5200 septem
1383 5126 1598 5183 diebus
1629 5142 1723 5183 co-

58 5213 397 5271 medebant
412 5213 437 5267 ]
447 5211 602 5267 udaai
620 5229 853 5284 azyma,
866 5215 1090 5287 quibus
1105 5215 1318 5271 diebus
1336 5215 1724 5272 fermentatus

57 5301 240 5376 panis
262 5315 388 5356 non
412 5298 827 5358 inveniebatur
848 5303 1012 5376 apud
1040 5320 1161 5359 eos.
1188 5304 1348 5360 infra
1367 5309 1566 5359 autem
1595 5319 1726 5375 sep-

63 5400 186 5448 tem
237 5389 390 5454 dies,
450 5387 759 5446 benedixit
804 5393 1088 5450 Dominus
1147 5408 1370 5464 panem
1420 5393 1623 5458 istum,
1649 5391 1725 5448 de

63 5497 190 5555 quo
217 5477 582 5535 memoriam
634 5480 904 5551 fecimus,
936 5483 998 5538 in
1051 5486 1353 5549 Emmaus,
1402 5481 1727 5538 sicutindi—

1668 5609 1714 5645 ¹⁶
1746 5607 1946 5664 Matth.
1981 5621 2140 5670 XXIII,
2175 5608 2230 5671 8,
2272 5607 2324 5659 9.

1227 5606 1448 5664 1"Ibid.
1481 5613 1569 5663 21.

140 5614 186 5649 ³³
222 5615 362 5668 Luc.
395 5626 552 5676 xxw,
584 5610 670 5664 30.
779 5608 824 5643 ¹³
854 5607 1004 5664 Ibid.
1038 5612 1124 5664 35.

69 5685 118 5719 ¹⁸
143 5684 347 5741 Matth.
389 5697 555 5739 xxiii.
587 5683 641 5738 9.

1833 4593 1904 4649 lis
1917 4596 2023 4662 est,
2043 4593 2166 4657 sed,
2181 4606 2290 4652 nec
2301 4606 2482 4662 quem
2497 4589 2714 4660 eligere
2730 4590 3008 4647 volumus
3027 4607 3160 4661 nos,
3178 4592 3280 4647 sed
3295 4608 3479 4664 quem

1836 4684 1990 4738 Deus
2003 4681 2166 4741 dare,
2181 4679 2354 4750 juxta
2368 4681 2706 4736 sanctiones
2720 4685 2774 4735 et
2791 4695 3053 4735 canones
3067 4680 3481 4751 apostolorum

1837 4786 2108 4835 suorum,
2142 4767 2447 4824 constituit
2471 4768 2863 4835 etordinavit,
2912 4769 3084 4840 juxta
3131 4768 3316 4824 illud:
3366 4769 3482 4824 Ne-

1832 4860 2115 4916 mosumit
2126 4857 2240 4913 sibi
2250 4857 2551 4918 honorem,
2568 4858 2686 4912 nisi
2710 4863 2954 4913 vocatus
2981 4872 3018 4912 a
3035 4858 3171 4925 Deo,
3193 4863 3482 4928 tanquam

1832 4949 2040 5004 Aaron
2071 4948 2135 4999 ιτ.
2166 4945 2330 5011 Unde
2358 4944 2565 5000 Glossa
2583 4961 2761 5017 super
2791 4945 2958 5000 illum
2984 4944 3217 4999 locum:
3249 4946 3480 5000 Patrem

1832 5038 2017 5092 nolite
2038 5035 2198 5091 vobis
2219 5049 2433 5090 vocare
2461 5050 2642 5103 super
2675 5040 2897 5090 terram
2962 5034 3027 5099 ιδ,
3056 5033 3139 5086 sic
3171 5031 3281 5087 ait:
3309 5032 3481 5097 Quod

1834 5125 1950 5180 Deo
1979 5124 2252 5184 debetur,
2291 5121 2464 5178 vobis
2512 5138 2635 5178 non
2680 5121 3060 5194 praesumatis
3113 5135 3125 5184 ;
3190 5135 3299 5174 nec
3330 5119 3479 5176 alios

1833 5212 2023 5270 Rabbi
2051 5211 2294 5280 vocetis,
2318 5226 2428 5266 nec
2465 5210 2735 5265 divinum
2791 5210 3084 5264 honorem
3128 5207 3478 5265 hominibus

1831 5302 2132 5359 deieratis.
2167 5321 2194 5350 »
2221 5302 2364 5356 Item
2393 5298 2507 5355 alia
2528 5299 2766 5354 Glossa:
2798 5321 2825 5350 ‹‹
2868 5297 3021 5351 Deus
3066 5296 3279 5352 dicitur
3309 5301 3479 5354 Pater

1833 5396 1890 5448 et
1940 5391 2224 5461 Magister,
2286 5404 2429 5444 nam
2479 5387 2850 5455 indulgentia
2913 5388 3100 5451 Pater,
3150 5391 3213 5442 ut
3282 5387 3481 5443 honor

1837 5481 1994 5536 tetati
2022 5479 2341 5547 deferatur,
2373 5491 2496 5532 non
2522 5481 2731 5532 auctor
2759 5481 2894 5531 vitae
2923 5473 3252 5542 habeatur:
3289 5476 3484 5546 magi-

2446 5605 2490 5639 ¹⁶
2518 5601 2668 5658 Heb.
2704 5617 2826 5674 xm,
2864 5607 2950 5661 l7.
3027 5605 3070 5640 ¹⁷
3106 5603 3280 5660 Hebr.
3316 5619 3377 5675 v,
3409 5605 3469 5662 4.
