4020 6310
87 283 195 337 529
1514 285 1794 344 CONTRA
1835 285 2149 344 GBECOS.
3431 283 3535 340 530

85 405 151 462 In
188 406 422 479 primo
451 407 711 480 generali
739 407 1010 480 concilio,
1035 407 1240 466 Patres
1270 409 1480 481 sancti,
1514 410 1620 483 qui
1641 411 1778 468 ade-
1807 413 1854 468 A
1883 411 2184 485 praidictae
2215 408 2469 467 civitatis
2507 407 2814 483 episcopo,
2867 407 3089 482 petenti
3127 407 3535 466 conﬁrmatio-

83 500 246 564 rant,
272 497 747 554 considerantes
774 498 890 554 loci
917 499 1332 564 reverentiam,
1351 501 1426 555 de
1445 500 1775 557 Jerusalem
1883 516 2024 558 nem
2056 516 2179 557 suae
2229 499 2555 572 dignitatis,
2587 502 2641 555 et
2668 499 2942 572 querenti
2988 498 3064 554 de
3105 497 3317 568 legatis
3367 497 3529 554 sedis

82 585 351 655 scilicet,
384 604 576 662 quam
605 588 966 662 Redemptor
1015 589 1287 646 omnium
1317 604 1428 646 sua
1456 591 1776 663 praesentia
1883 588 2246 662 apostolicae,
2275 604 2347 646 eo
2371 587 2539 661 quod
2567 603 2691 643 non
2737 592 3174 644 consenserunt
3226 585 3529 658 praedictae

81 680 140 730 et
193 692 325 732 suo
389 692 604 734 cruore
645 677 916 750 piissime
948 677 1231 749 dignatus
1269 682 1357 734 est
1395 693 1768 744 consecrare,

77 764 416 824 honorem
483 767 850 838 hujusmodi,
911 772 967 825 et
1008 768 1446 842 patriarchatus
1472 769 1772 842 ejusmodi

76 854 194 911 loci
223 856 545 930 episcopo
569 856 975 930 dispensative
995 864 1439 916 concesserunt.
1487 859 1772 916 Dixerunt

77 944 296 1002 enim:
361 967 395 996 «ε
441 947 787 1012 Statuimus,
838 949 904 1003 ut
948 946 1107 1003 Elite
1154 948 1475 1021 episcopus
1524 953 1770 1021 propter

73 1034 508 1092 reverentiam
565 1035 816 1106 Domini,
849 1036 1366 1108 praeeminentiam
1410 1037 1503 1093 vel
1544 1052 1766 1110 praero-

74 1123 368 1193 gativam
435 1124 728 1180 honorem
787 1124 1228 1196 patriarchatus
1281 1125 1542 1183 habeat:
1599 1126 1767 1184 salvo

69 1214 212 1282 jure
286 1217 358 1269 et
427 1212 756 1269 reverentia
821 1214 1190 1286 metropolis,
1247 1236 1276 1265 »
1334 1215 1449 1272 hoc
1509 1219 1618 1283 est,
1669 1231 1765 1273 ar-

71 1299 485 1374 chiepiscopi
527 1300 854 1357 Palaestinas
886 1303 1192 1360 Caesareae.
1234 1303 1406 1369 Quod
1455 1302 1592 1360 ideo
1639 1303 1763 1360 fac-

73 1393 212 1445 tum
290 1394 419 1460 est,
481 1390 626 1463 quia
698 1389 1004 1448 Cornelius
1063 1392 1352 1459 centurio,
1399 1391 1550 1449 sicut
1610 1393 1763 1450 dixi-

72 1494 246 1547 mus,
282 1495 329 1536 a.
357 1481 529 1535 Petro
558 1479 834 1552 apostolo
864 1479 1184 1553 episcopus
1200 1481 1424 1536 ibidem
1449 1481 1763 1546 ordinatus

71 1567 249 1622 vices
276 1567 489 1638 ipsius
517 1567 773 1640 apostoli
801 1568 1214 1640 apostolorum
1243 1569 1531 1643 principis
1560 1570 1620 1626 in
1641 1570 1761 1628 vita

75 1672 196 1712 sua
229 1657 520 1727 gerebat.
554 1656 859 1713 Distinctio
890 1658 1268 1728 sexagesima
1312 1659 1523 1732 quinta
1549 1660 1632 1716 ita
1657 1659 1764 1716 ha-

1880 679 2261 745 ordinationi,
2291 677 2372 736 ita
2399 677 2541 734 dicit
2572 695 2584 732 :
2619 699 2648 728 ‹‹
2680 677 2796 734 Sed
2843 677 3224 749 temetipsum
3256 691 3527 742 accusas,

1879 768 2048 842 quod
2100 768 2183 824 eis
2224 767 2478 840 (legatis)
2527 781 2738 839 parere
2793 765 3076 832 nolueris,
3139 765 3288 821 dum
3327 764 3531 821 illicita

1877 857 2140 924 moliris;
2188 856 2490 930 superﬂue
2544 870 2669 912 non
2707 854 3096 912 concedenda
3138 857 3430 926 appetens
3472 858 3530 910 et

1875 946 2258 1004 insalubriter
2285 944 2578 1001 contraria
2619 944 3077 1017 concupiscens,
3109 959 3246 1016 quae
3290 941 3526 999 nullum

1875 1051 2148 1110 unquam
2177 1037 2500 1109 potuerunt
2521 1038 2798 1091 nostrum
2828 1032 3095 1089 obtinere
3125 1046 3514 1090 consensum.

1874 1126 2041 1182 Absit
2067 1125 2225 1182 enim
2256 1140 2292 1181 a
2321 1123 2685 1180 conscientia
2721 1138 2879 1191 mea,
2909 1127 2975 1179 ut
2998 1127 3123 1179 tam
3143 1137 3334 1194 prava
3359 1122 3525 1193 cupi-

1874 1215 2030 1273 ditas
2073 1215 2221 1272 meis
2265 1213 2478 1270 studiis
2526 1213 2866 1284 adjuvetur,
2893 1233 2922 1262 »
2966 1216 3076 1268 etc.
3128 1211 3263 1267 Haec
3313 1213 3521 1270 autem

1874 1308 2096 1380 scripta
2116 1311 2254 1363 sunt
2269 1306 2328 1362 in
2354 1304 2536 1377 gestis
2558 1303 2758 1378 quarti
2775 1302 3029 1374 concilii,
3055 1301 3130 1358 de
3146 1319 3268 1376 quo
3289 1302 3519 1376 praefati

1873 1413 2110 1453 sumus.

1944 1485 2056 1543 Sed
2073 1485 2390 1555 Gregorius
2408 1483 2690 1553 Dialogus
2703 1481 3057 1555 episcopum
3071 1479 3342 1552 ejusdem
3354 1481 3519 1538 urbis

1871 1570 2896 1645 Eleemosynariumreprehendens,
2909 1584 2980 1624 eo
2992 1567 3159 1640 quod
3173 1567 3285 1624 tale
3298 1584 3520 1626 nomen

1870 1663 2091 1720 habere
2121 1661 2594 1736 praesumpserit,
2623 1659 2706 1715 ita
2735 1657 2937 1714 scribit
2958 1659 3021 1713 in
3050 1671 3160 1712 suo
3203 1657 3468 1727 Registro
3501 1675 3515 1714 :

73 1745 200 1816 bet,
236 1761 447 1819 quam
480 1761 614 1801 mos
646 1746 932 1819 antiquus
962 1750 1017 1802 et
1046 1752 1284 1804 vetusta
1312 1747 1551 1804 traditio
1601 1749 1760 1806 obti—
1787 1765 1832 1818 Β
1869 1777 1897 1805 ‹‹
1933 1752 2100 1826 Papa
2120 1752 2370 1824 insuper
2411 1754 2718 1806 Romanus
2746 1764 2886 1803 cum
2923 1746 3193 1803 oblatum
3223 1749 3377 1803 esset
3399 1747 3453 1802 ei
3481 1762 3519 1804 a

73 1835 236 1902 nuit,
269 1833 347 1890 ut”
397 1833 664 1901 Λειὶωγὶά
705 1839 813 1902 est,
864 1835 1188 1892 Jerusalem
1230 1837 1514 1909 episcopo
1564 1836 1761 1894 honor

75 1923 432 1994 deferatur,
487 1923 708 1980 habeat
771 1928 1208 1997 consequenter
1252 1926 1569 1994 honorem,
1629 1943 1758 1983 ma-

73 2017 270 2068 nente
320 2017 532 2069 tamen
563 2011 1039 2085 metropolitante
1085 2013 1335 2070 civitatis
1380 2015 1627 2088 propria
1671 2015 1759 2072 di-

77 2103 346 2171 guitate.

152 2190 722 2264 Constantinopolis
737 2191 1225 2262 «propriesedem
1245 2211 1350 2248 non
1363 2194 1540 2250 habet
1564 2213 1577 2263 ;
1599 2215 1627 2244 »
1651 2194 1758 2251 sed

75 2278 480 2335 Theodosius
517 2278 842 2350 imperator
865 2280 929 2334 in
959 2279 1230 2336 secundo
1259 2282 1510 2337 concilio
1566 2283 1760 2354 coegit

81 2372 344 2424 centum
371 2367 812 2440 quinquaginta
840 2371 1061 2437 Patres,
1096 2368 1252 2425 clam
1280 2386 1520 2427 summo
1571 2371 1759 2427 Ponti-

81 2456 219 2528 ﬁce,
270 2457 412 2514 sine
460 2457 631 2528 cujus
676 2472 978 2513 consensu
1006 2457 1133 2514 ﬁeri
1163 2473 1285 2514 non
1337 2459 1550 2531 potuit,
1579 2464 1758 2532 prout

73 2544 432 2615 legentibus
461 2545 624 2602 hunc
650 2545 917 2602 libellum
951 2547 1195 2618 patebit,
1240 2550 1305 2603 ut
1340 2549 1758 2606 Constantino-

73 2635 235 2706 polis
267 2635 484 2692 sedem
517 2634 930 2697 sublimarent,
961 2651 1188 2691 nomen
1217 2637 1270 2692 ei
1315 2637 1754 2708 patriarchatus

76 2724 509 2793 attribuentes,
548 2724 715 2797 quod
767 2729 905 2781 ante
953 2741 1078 2781 non
1133 2725 1418 2782 habebat.
1469 2729 1756 2784 Processu

72 2827 218 2868 vero
252 2814 575 2886 temporis,
601 2819 903 2870 crescente
930 2817 1264 2870 Graecorum
1295 2815 1543 2886 malitia,
1575 2821 1632 2872 et
1651 2832 1753 2888 po-

69 2903 259 2958 tentia
292 2901 730 2969 invalescente,
782 2903 1008 2972 Patres,
1064 2904 1168 2975 qui
1228 2911 1634 2961 convenerant
1689 2905 1750 2961 in

67 2997 291 3061 quarto
325 2989 604 3055 concilio,
631 3007 816 3046 suasu
838 2991 1124 3064 principis
1146 2993 1437 3062 Martiani,
1464 2992 1748 3066 quaedam

1869 1841 2134 1898 conciliis
2156 1855 2379 1896 nomen
2399 1839 2564 1904 illud,
2589 1852 2907 1909 nunquam
2926 1836 3114 1891 voluit
3139 1836 3460 1907 suscipere:
3487 1859 3516 1886 »

1867 1933 1936 1988 Et
1988 1934 2126 2004 post
2152 1945 2390 2003 pauca:
2426 1951 2454 1980 ‹‹
2490 1927 2770 1994 Sufﬁciet,
2802 1926 3016 1999 inquit,
3075 1924 3200 1994 tibi,
3236 1925 3404 1997 quod
3433 1926 3519 1982 di-

1866 2021 2156 2091 gnitatem
2186 2017 2661 2092 patriarcharum
2711 2015 2990 2071 dedimus
3031 2013 3158 2082 tibi,
3219 2029 3358 2068 cum
3392 2029 3516 2071 non

1864 2109 2091 2166 habeas
2139 2107 2365 2164 sedem.
2397 2125 2429 2159 »
2463 2105 2676 2163 Sedem
2705 2092 2880 2160 vocat
2929 2102 3340 2160 auctoritatem
3368 2104 3515 2159 Petri

1864 2197 2172 2253 videlicet:
2218 2196 2419 2252 locum
2449 2210 2632 2268 quem
2665 2208 2768 2265 per
2795 2207 2876 2257 se,
2900 2189 2996 2246 vel
3024 2206 3131 2263 per
3159 2189 3343 2246 alium
3368 2206 3514 2262 prae-

1867 2285 2122 2342 sidendo
2171 2283 2652 2342 auctorisabilem
2686 2286 2742 2338 et
2794 2279 3184 2336 reverendum
3233 2278 3512 2346 reddidit,

1865 2379 1931 2432 ut
1955 2375 2166 2431 merito
2198 2373 2374 2431 sedes
2404 2372 2738 2446 apostolica
2759 2368 3119 2425 nominetur.
3145 2370 3265 2424 Hoc
3280 2383 3518 2439 semper

1867 2461 2410 2534 Constantinopolis
2448 2460 2701 2517 curavit.
2755 2461 2998 2530 Propter
3042 2456 3210 2529 quod
3261 2460 3320 2512 et
3363 2457 3515 2512 inter

1867 2551 2038 2608 sedes
2068 2550 2429 2625 apostolicas
2454 2565 2577 2620 non
2602 2551 2953 2604 numeratur
2983 2545 3078 2601 vel
3109 2550 3513 2617 computatur.

1940 2641 2106 2696 Unde
2139 2643 2250 2696 Leo
2296 2653 2462 2712 papa
2491 2639 2553 2694 in
2608 2653 2660 2691 ιν
2717 2635 2970 2693 concilio
3023 2633 3103 2691 ad
3164 2633 3516 2690 Martianum

1866 2729 2311 2803 imperatorem,
2341 2728 2416 2783 de
2437 2725 2729 2790 Anatolio,
2760 2724 3022 2796 praefatae
3043 2721 3209 2778 urbis
3230 2722 3516 2794 episcopo

1868 2823 2087 2874 temere
2113 2822 2440 2890 usurpante
2463 2817 2562 2886 jus
2587 2829 2711 2871 non
2732 2813 2846 2870 sibi
2865 2827 3245 2879 concessum,
3273 2812 3356 2867 ita
3379 2811 3514 2867 scri-

1865 2907 1994 2964 bit:
2034 2930 2054 2957 ι
2093 2907 2357 2965 Sufﬁciat
2403 2905 2708 2978 praedicto,
2742 2902 2964 2958 scilicet
3005 2900 3301 2966 Anatolio,
3350 2899 3517 2973 quod

1866 3002 1981 3052 tuae
2029 2997 2266 3068 pietatis
2319 2993 2541 3051 auxilio
2563 2997 2620 3049 et
2683 2989 2883 3047 studio
2931 3005 3038 3044 seu
3094 2987 3513 3051 sollicitudine,

66 3079 399 3150 privilegia
429 3083 714 3136 Romanae
766 3081 928 3137 sedis
979 3081 1222 3150 similia,
1275 3086 1332 3138 et
1377 3082 1492 3138 hoc
1526 3098 1746 3140 nomen
1792 3113 1832 3168 ρ
1862 3090 2071 3141 nostro
2104 3099 2357 3141 assensu
2399 3087 2576 3138 tantae
2626 3079 2876 3136 civitatis
2922 3077 3336 3148 episcopatum
3367 3076 3514 3132 obti-

70 3167 440 3242 οἰκουμενικὸς
493 3168 854 3240 patriarcha,
903 3169 1068 3242 quod
1123 3174 1316 3233 sonat,
1366 3171 1742 3239 orbicularis,

71 3258 194 3314 sive
210 3257 580 3314 universalis
598 3258 958 3326 patriarcha,
983 3259 1178 3316 eidem
1201 3261 1748 3333 Constantinopoli-

73 3351 214 3403 tano
239 3347 560 3419 episcopo,
591 3348 1143 3404 contradicentibus
1197 3350 1542 3421 apostolicae
1587 3351 1744 3406 sedis

73 3433 310 3505 legatis,
362 3435 763 3492 contulerunt.
822 3439 909 3500 Et,
980 3441 1043 3492 ut
1080 3437 1305 3493 habeat
1353 3438 1617 3510 primum
1656 3439 1744 3494 lo-

76 3540 212 3581 cum
227 3529 380 3598 post
394 3539 615 3596 papam
634 3541 647 3578 :
662 3540 800 3580 cum
815 3524 1247 3580 Alexandrinus
1261 3527 1746 3600 archiepiscopus

77 3615 372 3684 primitus
403 3630 538 3670 eam
569 3613 925 3684 dignitatem
974 3615 1275 3684 habuerit,
1327 3617 1388 3671 in
1436 3617 1654 3688 primo,
1688 3622 1746 3674 et

79 3702 385 3771 secundo,
419 3707 475 3758 et
523 3703 695 3759 tertio
725 3702 1003 3771 concilio,
1054 3709 1298 3776 propter
1346 3707 1742 3763 reverentiam

76 3790 240 3848 beati
294 3791 495 3856 Marci,
541 3790 819 3862 discipuli
860 3790 1020 3848 beati
1068 3793 1242 3850 Petri.
1318 3796 1741 3852 Verumtamen

76 3882 220 3951 quia
249 3895 327 3937 ea
367 3879 897 3936 definiebanturin
947 3880 1212 3936 conciliis
1263 3882 1389 3938 sine
1443 3899 1740 3940 consensu

75 3982 276 4042 papae,
313 3967 410 4024 vel
436 3967 772 4039 legatorum
801 3967 1013 4040 ipsius,
1059 3969 1244 4025 robur
1280 3971 1578 4028 ﬁrmitatis
1637 3971 1740 4028 ha.

73 4055 213 4114 bere
242 4072 376 4114 non
404 4061 701 4129 poterant,
733 4056 874 4114 dicti
914 4059 1112 4113 Patres
1143 4074 1193 4113 iv
1239 4059 1473 4115 concilii
1499 4066 1736 4128 cuncta,

76 4161 208 4216 quae
244 4149 516 4216 egerant,
550 4144 630 4202 ad
655 4145 856 4217 ipsum
889 4147 1371 4208 transmittentes.
1400 4154 1608 4220 petunt
1632 4150 1738 4206 hu-

74 4236 296 4292 militer
325 4234 684 4291 earumdem
713 4235 1255 4293 conﬁrmationem.
1289 4238 1404 4294 Sed
1427 4239 1571 4311 quia
1624 4239 1739 4296 tale

77 4324 432 4382 ambitionis
461 4339 682 4380 nomen
695 4328 751 4380 et
771 4329 1124 4397 potestatem
1140 4331 1493 4400 usurpatam
1511 4327 1740 4384 indebi-

80 4416 143 4479 te,
180 4429 317 4469 non
340 4413 470 4468 sine
486 4427 711 4483 magna
729 4413 949 4484 injuria
971 4413 1228 4470 aliorum
1258 4416 1739 4486 patriarcharum

79 4507 127 4560 et
145 4502 426 4559 maxime
449 4502 762 4575 papae,sibi
778 4507 1211 4572 arrogaverunt
1227 4505 1429 4569 Graeci;
1444 4505 1581 4562 ideo
1601 4505 1741 4564 bea-

78 4595 168 4649 tus
204 4596 326 4649 Leo
358 4607 518 4665 papa
545 4592 811 4664 petitioni
837 4592 1072 4648 concilii
1113 4593 1278 4650 nullo
1307 4595 1488 4651 modo
1543 4612 1744 4653 asseno

81 4698 215 4738 sum
235 4680 511 4753 praebere
529 4680 733 4746 voluit,
756 4681 864 4736 sed
881 4681 1115 4754 scripsit
1129 4681 1212 4738 eis
1226 4683 1311 4738 sic
1327 4685 1371 4754 (1
1387 4689 1442 4754 7)
1464 4705 1522 4744 ;«
1545 4684 1624 4741 De
1644 4701 1744 4742 ne-

81 4771 259 4839 gotiis
289 4767 430 4824 ﬁdei
459 4767 764 4841 synodum
785 4769 1140 4839 congregari
1168 4771 1572 4842 permisimus,
1597 4780 1654 4830 et
1681 4777 1746 4830 ut

80 4865 433 4914 sanctorum
466 4859 710 4913 Patrum
737 4873 1004 4912 canones
1039 4865 1487 4926 conserventur,
1519 4877 1656 4934 quae
1685 4861 1743 4918 in

80 4949 317 5003 Niczena
349 4945 587 5018 synodo
614 4946 990 5002 inconcussis
1016 4945 1405 5016 dogmatibus
1436 4950 1593 5008 edita
1621 4950 1740 5006 fue.

79 5041 236 5092 runt.
274 5037 676 5108 Quapropter,
710 5035 985 5108 inquam,
1019 5037 1495 5094 consideratione
1530 5044 1741 5096 vestrae

82 5124 412 5182 sanctitatis
445 5125 778 5190 innotesco,
811 5124 976 5197 quod
1001 5125 1421 5192 Ecclesiarum,
1455 5135 1633 5200 prout
1663 5128 1742 5186 ab

82 5213 189 5270 illis
240 5212 520 5269 trecentis
567 5212 777 5268 decem
839 5216 896 5268 et
942 5218 1077 5269 octo
1135 5215 1410 5271 Patribus
1459 5216 1742 5274 divinitus

83 5301 388 5375 inspiratis
419 5300 582 5357 edita
611 5305 770 5367 sunt,
803 5300 1086 5358 volumus
1118 5307 1182 5358 ut
1213 5313 1645 5377 permaneant;
1679 5313 1744 5366 ut

83 5392 163 5448 nil
184 5388 597 5448 inverecunda
615 5389 865 5447 ambitio
885 5389 1206 5450 desideret.
1241 5415 1268 5445 »
1305 5394 1446 5452 Inde
1465 5396 1741 5455 Anatolio

155 5571 263 5644 (t7)
295 5571 358 5630 S.
389 5567 512 5628 Leo
542 5567 623 5628 ad
651 5567 975 5628 concilium
1005 5583 1066 5626 iv

1861 3175 2025 3230 nuit:
2055 3190 2164 3230 nec
2210 3173 2529 3242 indignum
2560 3185 2621 3225 se
2669 3168 2846 3225 faciat
2873 3165 3097 3222 habere
3135 3163 3398 3234 regalem
3429 3165 3510 3220 ci-

1857 3263 2138 3319 vitatem:
2175 3277 2363 3334 quam
2393 3259 2640 3333 quidem
2687 3254 3084 3330 apostolicum
3132 3254 3358 3324 locum,
3389 3253 3508 3310 sive

1857 3353 2060 3407 sedem
2094 3351 2286 3406 facere
2317 3364 2438 3405 non
2469 3347 2703 3421 poterit.
2749 3345 2866 3401 Sed
2921 3359 3032 3400 nec
3080 3343 3284 3415 aliquo
3322 3342 3507 3398 modo

1857 3444 2072 3512 speret,
2095 3439 2264 3512 quod
2283 3437 2645 3495 oﬂendendo
2667 3435 2834 3504 alios,
2859 3433 3051 3507 possit
3067 3433 3197 3504 ipse
3220 3447 3504 3487 crescere.

1856 3533 2003 3585 Nam
2021 3528 2428 3600 praerogativae
2442 3527 2743 3582 honorum
2760 3527 3105 3580 sanctarum
3120 3520 3506 3577 ecclesiarum

1855 3621 2089 3674 Patrum
2111 3616 2469 3682 canonibus,
2490 3621 2544 3670 et
2565 3611 2921 3670 venerabilis
2943 3609 3159 3682 synodi
3183 3609 3390 3664 Nicaeae
3413 3624 3505 3663 ce-

1851 3706 2095 3763 lebratas
2122 3706 2390 3775 decretis,
2422 3704 2760 3773 constituta,
2808 3699 2974 3757 nulla
3018 3703 3272 3771 possunt
3321 3702 3503 3752 teme-

1797 3804 1803 3807 ‘
1851 3796 2040 3853 ritatis
2069 3795 2324 3852 audacia
2350 3793 2598 3860 moveri,
2620 3807 2731 3848 nec
2778 3791 2958 3846 etiam
2990 3787 3193 3860 aliqua
3240 3786 3502 3842 novitate

1851 3884 2090 3941 mutari.
2128 3907 2155 3934 »
2191 3883 2355 3940 Unde
2396 3884 2610 3938 beatus
2643 3879 2958 3949 Gregorius
3009 3875 3288 3944 Dialogus
3339 3873 3499 3941 dicit,

1850 3990 1990 4030 cum
2021 3973 2096 4029 de
2118 3972 2360 4028 sedibus
2393 3969 2774 4042 generalibus
2831 3966 3054 4022 faceret
3106 3962 3494 4028 mentionem,

1851 4063 2005 4120 sicut
2035 4077 2216 4134 supra
2238 4062 2298 4116 in
2323 4064 2573 4116 tractatu
2594 4058 2669 4113 de
2700 4057 3078 4112 sacramento
3117 4051 3498 4108 Eucharistiae

1848 4156 2158 4209 ostensum
2190 4154 2294 4216 est,
2322 4147 2642 4204 Ecclesiam
2675 4148 2935 4217 quatuor
2963 4139 3278 4198 ordinibus
3303 4138 3501 4195 distri-

1847 4240 2057 4296 butam
2084 4254 2234 4306 esse,
2258 4238 2318 4293 id
2345 4244 2451 4302 est,
2475 4239 2904 4299 Romanorum,
2927 4228 3496 4302 Hierosolymorum,

1849 4327 2491 4395 Alexandrinorum,et
2545 4322 3054 4378 Antiochenorum
3098 4336 3110 4374 :
3163 4317 3268 4391 qui
3323 4332 3502 4388 gene-

1847 4417 2068 4481 raliter,
2093 4415 2362 4489 inquam,
2401 4413 2657 4469 Ecclesia
2700 4409 3062 4466 nominetur.

1921 4506 2022 4562 Hic
2046 4521 2108 4562 se
2131 4504 2214 4560 sic
2233 4503 2618 4569 habentibus,
2652 4499 2911 4556 multum
2941 4496 3178 4553 videtur
3199 4495 3500 4572 op'positio

1847 4594 2257 4670 quorumdam
2301 4593 2646 4650 Latinorum
2691 4589 3006 4654 inﬁrmari,
3058 4586 3226 4660 quod
3271 4586 3498 4649 dicunt,

1847 4685 2013 4758 quod
2042 4683 2418 4758 patriarchiaa
2465 4681 2639 4738 dictae
2696 4683 2854 4748 sunt,
2907 4677 3054 4751 quia
3103 4676 3166 4732 in
3216 4675 3310 4731 his
3352 4675 3500 4730 locis

1847 4773 2102 4847 apostoli
2127 4773 2559 4846 praesederunt.
2580 4769 2695 4827 Sed
2720 4784 2812 4838 eo,
2830 4766 2994 4841 quod
3022 4765 3332 4837 apostolus
3350 4779 3500 4835 prte-

1851 4864 2025 4934 sidet,
2056 4863 2118 4919 id
2146 4867 2235 4919 est
2280 4865 2504 4929 Petrus,
2558 4860 2652 4916 vel
2681 4875 2787 4932 per
2818 4873 2902 4925 se,
2968 4857 3064 4911 vel
3120 4869 3298 4909 suum
3341 4853 3498 4908 vica-

1846 4953 2025 5017 rium,
2056 4951 2280 5009 valeret
2321 4951 2484 5024 quod
2536 4950 2770 5006 dicitur.
2825 4947 2882 5004 Si
2941 4942 3287 5016 simpliciter
3332 4941 3500 4998 intel-

1846 5041 1949 5113 ligi
1980 5041 2206 5108 volunt,
2235 5039 2547 5113 quomodo
2573 5042 2732 5094 stare
2772 5035 2963 5108 possit
3007 5047 3131 5088 non
3177 5031 3494 5088 videmus:

1846 5129 2138 5204 quoniam
2169 5133 2366 5186 essent
2393 5128 2614 5201 plures,
2639 5141 2824 5199 quam
2845 5123 2991 5178 haec.
3015 5123 3131 5177 Nec
3160 5119 3370 5178 omnia
3404 5135 3498 5175 su-

1845 5236 1958 5293 pra
1971 5219 2283 5276 nominata
2301 5217 2436 5275 loca
2455 5211 2834 5290 patriarchali
2846 5255 2860 5281 ,
2876 5211 3104 5267 honore
3121 5212 3496 5266 ornarentur.

1847 5307 2056 5366 Nullus
2085 5307 2247 5364 enim
2282 5305 2698 5379 apostolorum
2747 5299 2922 5356 sedit.
2959 5295 3499 5371 Constantinopoli,

1848 5396 1942 5454 vel
1965 5395 2357 5464 Alexandrite,
2388 5394 2504 5452 nisi
2550 5390 2699 5450 Petri
2729 5386 3032 5462 dicipulus
3083 5390 3326 5446 sanctus
3355 5388 3504 5444 Mar-
