4020 6310
542 297 639 353 531

1760 292 2245 352 PANTALEONIS
2286 291 2572 349 DIACONI
2613 293 2722 348 CP.

3864 293 3968 345 532

543 438 667 477 cus.
700 421 861 478 Sedit
885 422 1041 478 enim
1073 421 1382 478 Mediolani
1410 421 1736 487 Barnabas,
1767 420 1987 476 electus
2046 435 2188 491 apo-
2222 424 2264 472 Α
2298 418 2565 480 tentiam,
2588 420 2914 488 antequam
2932 433 3002 472 ea
3022 432 3156 488 quae
3180 419 3347 483 gesta
3364 420 3523 480 sunt,
3547 431 3685 471 cum
3703 410 3972 469 veritate

543 513 728 566 stolus
761 512 1025 581 gentium
1049 526 1184 564 cum
1206 509 1380 565 beato
1406 509 1617 568 Paulo.
1636 515 1692 565 et
1715 509 1898 580 aliqui
1929 509 2003 564 de
2029 523 2181 578 apo-

545 600 707 655 stolis
757 599 1122 671 quibusdam
1167 597 1512 668 regionibus
1560 597 1891 669 specialiter
1936 595 2188 669 praefue-

541 694 700 743 runt.
735 687 846 742 Sed
881 687 927 742 si
975 686 1384 759 quorumdam
1417 686 1850 758 apostolorum,
1901 691 1958 740 et
2011 684 2186 740 disci-

540 776 820 849 pulcrum
856 777 1088 832 Domini
1118 776 1302 832 sessio
1326 775 1545 832 faceret
1569 776 1773 831 sedem
1801 794 1811 830 :
1845 774 2184 830 necessario

538 870 713 931 esset,
748 864 899 920 sicut
950 864 1232 929 diximus,
1274 864 1441 936 quod
1486 868 1685 920 essent
1731 863 1952 936 plures,
1998 878 2183 934 quam

537 953 804 1025 quinque
836 953 1189 1026 patriarchas
1215 954 1275 1008 in
1307 953 1557 1008 mundo.
1610 953 1724 1008 Sed
1753 952 2044 1024 quoniam
2067 950 2184 1006 hoc

535 1056 658 1097 non
689 1041 979 1111 videmus,
1014 1043 1298 1114 sequitur,
1331 1041 1496 1113 quod
1529 1042 1722 1111 gratia
1764 1041 1910 1097 Petri
1965 1039 2182 1112 praedi-

536 1135 765 1186 ctarum
797 1131 1103 1186 civitatum
1135 1131 1310 1186 sedes
1340 1132 1633 1186 honorem
1664 1130 2017 1200 hujusmodi
2060 1143 2182 1200 pra:

535 1219 759 1275 caeteris
798 1219 1070 1274 Ecclesiis
1127 1224 1500 1275 meruerunt.
1557 1219 1826 1290 Suscepit
1871 1219 2076 1273 Petrus
2123 1217 2180 1271 in

532 1308 902 1380 plenitudine
927 1309 1260 1380 potestatis,
1279 1311 1336 1364 et
1349 1324 1485 1364 eam
1515 1310 1767 1380 posteris
1799 1309 1921 1363 suis
1951 1322 2182 1362 succes-

532 1397 660 1453 sivo
681 1398 814 1467 jure
845 1397 1108 1466 dimisit;
1141 1402 1205 1452 ut
1234 1397 1337 1469 qui
1367 1397 1429 1452 in
1459 1413 1531 1452 ea
1557 1397 1719 1464 sede,
1767 1412 1977 1468 quam,
2010 1401 2076 1450 ut
2103 1395 2184 1451 ita

529 1485 750 1556 dicam,
784 1487 1075 1558 martyrio
1103 1487 1296 1542 crucis
1353 1486 1727 1542 consecravit
1751 1502 1862 1558 pro
1908 1485 2178 1548 Domino,

528 1573 700 1646 isque
749 1576 1085 1631 secundum
1115 1590 1412 1630 canonem
1445 1574 1619 1630 fuerit
1669 1575 1911 1639 electus,
1973 1573 2182 1630 Christi

531 1663 787 1719 vicarius
817 1679 938 1718 non
971 1664 1270 1720 immerito
1295 1671 1714 1734 cognoscatur.
1756 1663 1926 1730 Quod
1974 1669 2039 1718 ut
2077 1678 2178 1717 ne-

2296 506 2643 573 audiamus,
2678 528 2706 555 »
2732 509 2844 560 etc.

2369 595 2533 650 ldem
2556 597 2669 649 Leo
2709 610 2870 666 papa
2893 594 3004 656 his,
3047 590 3149 666 qui
3177 595 3236 649 in
3260 593 3510 650 concilio
3563 592 3782 664 Ephesi
3819 591 3972 647 cele-

2295 683 2469 739 brato
2498 688 2685 748 erant,
2716 683 2793 738 ita
2821 683 3024 739 scribit
3053 701 3066 738 :
3101 705 3128 732 «
3155 687 3354 754 Itaque
3402 683 3479 738 ad
3521 681 3970 754 perfectionem

2294 771 2581 827 divinitus
2635 777 2994 828 statutorum
3053 771 3396 843 apostolicae
3444 770 3746 826 cathedras
3795 770 3972 841 petiit

2293 862 2620 933 imperator
2651 861 2877 932 apponi
2932 861 3448 917 conﬁrmationem
3495 865 3796 932 tanquam
3827 874 3867 913 a
3890 859 3960 913 B.

2293 953 2462 1006 Petro
2491 949 2666 1005 fuerit
2695 949 2869 1005 facta.
2904 971 2932 1000 »

2362 1040 2508 1095 Item
2539 1039 2842 1112 principes
2874 1039 2978 1111 qui
3010 1040 3333 1094 intererant
3373 1039 3628 1095 concilio
3679 1038 3827 1094 loco
3860 1039 3971 1093 im-

2292 1131 2607 1202 peratoris,
2639 1130 2713 1184 de
2758 1146 2918 1202 papa
2948 1131 3028 1185 ita
3078 1129 3446 1201 loquuntur:
3483 1153 3502 1178 ‹
3566 1129 3719 1194 Quia
3779 1129 3973 1197 igitur

2291 1217 2444 1274 lecta
2471 1224 2560 1274 est
2612 1219 2863 1289 epistola
2895 1219 3122 1273 domini
3168 1221 3352 1272 nostri
3407 1219 3593 1273 sancti
3649 1217 3849 1272 Patris
3879 1233 3972 1271 ar-

2292 1307 2660 1379 chiepiscopi
2688 1308 2913 1372 Leonis,
2943 1307 3043 1378 qui
3069 1306 3419 1361 cathedram
3443 1306 3850 1378 apostolicam
3878 1322 3969 1360 or-

2291 1403 2416 1461 nat,
2443 1397 2672 1468 expedit
2711 1399 2887 1451 etiam
2946 1409 3006 1450 ut
3050 1397 3205 1450 beati
3260 1395 3455 1467 Cyrilli
3487 1395 3762 1466 epistola,
3827 1411 3968 1466 quae

2291 1490 2498 1540 contra
2526 1487 2854 1540 Nestorium
2892 1485 3134 1556 scripta,
3167 1485 3424 1554 legatur.
3458 1508 3484 1531 »

2363 1573 2502 1628 Item
2527 1573 2666 1630 dicti
2703 1574 2910 1628 Leonis
2934 1589 3105 1645 papae
3137 1573 3451 1645 epistolam
3491 1573 3564 1628 de
3587 1572 3839 1627 duabus
3863 1587 3967 1626 na-

2292 1662 2436 1718 turis
2466 1663 2526 1716 in
2558 1662 2807 1728 Christo,
2841 1662 3081 1734 plenam
3123 1662 3306 1718 ﬁdem
3366 1663 3781 1718 continentem
3839 1668 3966 1716 tota

528 1751 850 1808 scientibus
879 1756 1158 1824 antiquas
1201 1753 1482 1808 historias
1529 1753 1884 1819 innotescat,
1931 1767 2180 1824 quoquo
2214 1768 2254 1824 Β
2289 1752 2551 1822 perfecta
2576 1752 2848 1823 synodus
2874 1751 3087 1806 devote
3129 1751 3464 1824 suspiciens
3492 1756 3547 1806 et
3573 1749 3962 1822 approbans,

528 1839 715 1894 modo
746 1839 820 1895 de
848 1839 1051 1896 multis
1081 1856 1274 1913 pauca
1308 1841 1368 1896 in
1391 1840 1660 1896 medium
1689 1841 2068 1898 adducimus.

599 1929 808 1985 Scribit
829 1929 989 1984 enim
1022 1932 1133 1985 Leo
1168 1945 1330 2002 papa
1361 1931 1476 2002 (l8)
1529 1931 1907 1999 congregatis
1959 1929 2180 1985 sanctis

524 2016 792 2073 Patribus
821 2019 882 2074 in
912 2024 1129 2089 quarto
1159 2020 1414 2075 consilio
1455 2020 1571 2075 sic:
1605 2042 1632 2068 «
1668 2020 1818 2074 Misit
1865 2019 2042 2074 nobis
2075 2018 2181 2073 im-

522 2111 777 2176 perator,
811 2112 875 2162 ut
901 2107 1221 2164 venerabili
1241 2108 1476 2180 synodo
1495 2114 1762 2164 nostram
1796 2113 2177 2178 praesentiam

521 2196 961 2266 praeberemus;
990 2197 1156 2269 quod
1185 2197 1434 2270 quidem
1466 2213 1574 2252 nec
1600 2197 1928 2252 necessitas
1955 2202 2179 2266 tempo-

519 2285 620 2350 ris,
651 2301 762 2341 nec
796 2285 918 2340 ulla
968 2285 1343 2341 consuetudo
1394 2291 1625 2356 poterat
1673 2286 2032 2357 permittere.
2065 2287 2178 2340 Ta-

521 2387 662 2428 men
695 2372 755 2426 in
781 2373 874 2427 his
915 2373 1195 2428 fratribus
1226 2373 1588 2428 Paschasino
1635 2377 1694 2429 et
1738 2373 2014 2429 Lucentio
2048 2372 2176 2443 epi-

521 2461 740 2532 scopis,
801 2460 1107 2516 Bonifacio
1155 2465 1212 2516 et
1263 2461 1480 2517 Basilio
1519 2461 1906 2533 presbyteris,
1951 2461 2056 2534 qui
2099 2461 2177 2516 ab

523 2548 855 2620 apostolica
904 2549 1047 2604 sede
1094 2549 1302 2606 directi
1350 2555 1510 2614 sunt.
1553 2565 1650 2606 me
1690 2549 1926 2622 synodo
1980 2554 2178 2606 vestra

522 2637 866 2692 fraternitas
892 2638 1186 2694 existimet
1220 2639 1583 2710 praesidere:
1618 2655 1728 2694 nec
1779 2640 2112 2709 sejunctam
2142 2654 2178 2694 a

523 2727 695 2782 vobis
725 2727 1107 2798 praesentiam
1142 2744 1343 2783 meam
1376 2728 1661 2791 conﬁdat,
1688 2728 1790 2800 qui
1811 2744 1972 2784 nunc
2002 2728 2062 2783 in
2090 2728 2168 2782 vi-

524 2815 698 2870 cariis
719 2815 869 2870 meis
893 2816 1134 2884 adsum,
1166 2821 1222 2872 et
1234 2816 1515 2885 jamdum
1538 2817 1677 2872 fidei
1699 2816 2008 2872 catholicae
2034 2832 2175 2888 prae-

522 2904 820 2959 dicatione
841 2919 961 2960 non
982 2904 1223 2967 desum,
1252 2927 1279 2953 »
1308 2910 1416 2960 etc.
1441 2907 1550 2970 Qui
1570 2906 1743 2975 legati
1761 2907 2174 2960 auctoritatem

523 2993 745 3048 summi
792 2993 1093 3064 pontiﬁcis
1149 2993 1357 3061 functi,
1435 2994 1521 3049 sic
1563 2995 1624 3049 in
1674 2993 1926 3050 concilio
1996 2993 2176 3049 locuti

521 3086 662 3137 sunt
684 3099 697 3136 :

594 3230 622 3256 «
655 3211 700 3262 Α
729 3206 1080 3263 beatissimo
1116 3211 1173 3262 et
1202 3206 1532 3278 apostolico
1568 3207 1853 3279 episcopo
1881 3209 2170 3275 Romano,

521 3298 622 3368 qui
645 3301 730 3349 est
751 3295 1219 3367 caputomnium
1241 3295 1658 3362 Ecclesiarum,
1685 3294 1972 3350 mandata
1994 3295 2173 3350 habe-

522 3401 680 3452 mus,
707 3385 1127 3448 utDioscorus,
1160 3384 1501 3454 patriarcha
1529 3384 1926 3449 Alexandriae,
1955 3385 2012 3438 in
2035 3400 2175 3439 con-

523 3471 656 3527 cilio
680 3488 798 3526 non
816 3471 1040 3526 sedeat.
1069 3471 1242 3536 Quod
1267 3472 1311 3525 si
1338 3472 1560 3539 sedeat,
1585 3473 1936 3543 expellatur.
1960 3497 1975 3518 ι
2007 3477 2168 3540 Item,

521 3560 697 3628 legati
726 3559 868 3614 dant
900 3563 1106 3614 contra
1131 3559 1478 3614 Dioscorum
1507 3561 1881 3625 sententiam,
1916 3562 2108 3630 rogati
2138 3577 2173 3616 a

519 3649 774 3704 conellio
802 3650 914 3704 sic:
955 3672 974 3697 ι
1012 3651 1314 3720 Rogamus
1345 3649 1714 3704 sanctitatem
1748 3656 2028 3714 vestram,
2069 3651 2172 3723 qui

516 3737 716 3792 locum
749 3736 1025 3793 obtinetis
1052 3736 1410 3791 sanctissimi
1472 3738 1908 3809 archiepiscopi
1942 3739 2170 3804 Leonis,

521 3831 583 3881 ut
604 3828 927 3882 sententias
959 3831 1169 3882 contra
1194 3843 1354 3891 eum,
1387 3831 1441 3881 et
1469 3842 1681 3898 poenas
1733 3843 1864 3898 quae
1910 3827 1967 3882 in
2001 3845 2176 3884 cano-

516 3915 693 3971 nibus
711 3916 1106 3984 continentur,
1130 3913 1495 3970 deﬁniatisin
1522 3916 1739 3986 ipsum.
1790 3918 1994 3972 Omnis
2017 3917 2174 3972 enim

517 4009 571 4060 et
601 4011 722 4060 tota
753 4005 1112 4060 universalis
1151 4004 1422 4075 synodus
1476 4011 1685 4060 vestris
1719 4005 2025 4060 sententiae
2057 4021 2176 4061 non

530 4094 924 4150 discordabit.
948 4117 975 4143 »
997 4094 1470 4159 Quideﬁnientes
1493 4093 1805 4150 dixerunt:
1831 4093 2180 4150 «Manifesta

516 4185 667 4238 ﬁant
695 4184 979 4238 omnibus
1018 4199 1088 4238 ea
1114 4199 1247 4253 quae
1278 4182 1440 4237 'dixit
1489 4183 1836 4238 Dioscorus.
1869 4205 1895 4231 ››
1941 4186 2001 4237 Et
2041 4173 2181 4255 pos!

515 4289 713 4346 pauca
743 4272 1098 4326 sententiam
1147 4271 1382 4336 dantes,
1417 4271 1827 4342 deposuerunt
1883 4289 2040 4327 eum.
2077 4253 2178 4328 Cul

518 4362 820 4416 sententiae
861 4360 1236 4414 concordans
1262 4361 1607 4430 patriarcha
1639 4362 2173 4433 Constantinopoli-

2288 1841 2348 1895 in
2375 1841 2673 1912 episcoiiis
2706 1840 2978 1909 singulis,
3011 1846 3068 1896 et
3096 1856 3201 1911 per
3245 1840 3516 1909 singulos
3565 1840 3708 1894 dicit
3739 1857 3752 1893 :
3794 1863 3824 1887 ‹‹
3863 1842 3964 1895 Fa-

2289 1935 2416 1985 teor
2445 1930 2760 2002 epistolam
2791 1931 3190 2002 archipiscopi
3229 1930 3414 1985 nostri
3448 1930 3660 1985 Leonis
3714 1937 3964 2000 aposto-

2285 2018 2415 2074 licae
2464 2019 2623 2074 sedis
2683 2019 3064 2090 patriarchae,
3122 2035 3451 2074 consonam
3508 2033 3642 2074 esse
3704 2017 3962 2073 editioni

2289 2113 2684 2163 trecentorum
2733 2108 2940 2162 decem
2997 2115 3053 2162 et
3104 2113 3240 2163 octo
3289 2111 3550 2174 Patrum,
3608 2107 3716 2179 qui
3760 2106 3828 2162 in
3876 2109 3961 2162 Ni-

2289 2211 2476 2266 caena,
2523 2203 2580 2251 et
2608 2201 2849 2251 centum
2880 2197 3347 2268 quinquaginta,
3383 2196 3488 2267 qui
3518 2196 3580 2250 in
3613 2196 3961 2250 Constanti-

2288 2284 2663 2355 nopolitana,
2692 2299 2802 2339 nec
2833 2300 2956 2339 non
2997 2285 3053 2338 in
3087 2285 3236 2354 ejus,
3269 2300 3405 2356 quae
3437 2283 3498 2339 in
3552 2283 3797 2356 Epheso
3848 2283 3960 2338 sub

2289 2374 2348 2426 Β.
2381 2372 2598 2444 Cyrillo
2627 2373 2737 2428 fuit
2767 2372 3090 2430 celebrata.
3122 2376 3184 2428 Et
3219 2373 3414 2428 eidem
3473 2371 3750 2444 epistolae
3803 2387 3950 2427 con-

2287 2463 2478 2516 sentio
2504 2465 2560 2516 et
2589 2461 2926 2517 subscribo.
2961 2484 2988 2511 »

2358 2587 2464 2642 Alii
2493 2593 2696 2643 autem
2727 2603 2799 2643 ex
2827 2588 2971 2660 ipsis
2993 2594 3212 2644 vocant
3241 2604 3380 2643 eum
3435 2589 3784 2656 episcopum
3841 2603 3936 2643 om

2287 2678 2452 2731 nium
2496 2677 2930 2732 Ecclesiarum.
2967 2675 3264 2732 Nonnulli.
3295 2691 3538 2745 papam,
3595 2677 3820 2745 plures
3848 2692 3958 2744 pa-

2289 2772 2435 2822 trem
2468 2782 2640 2820 suum
2663 2782 2686 2822 .·
2709 2768 2823 2822 alii
2843 2766 3264 2834 patriam-ham
3287 2767 3736 2824 recumenicum.
3761 2766 3824 2820 id
3848 2772 3955 2826 est,

2288 2856 2707 2910 uniuersalem.
2736 2855 2991 2921 Quidam
3014 2871 3148 2909 vero
3176 2856 3478 2909 dominum
3503 2870 3702 2922 suum,
3727 2854 3960 2909 adden-

2289 2947 2376 2998 tes
2404 2943 2628 3015 plures,
2662 2946 3069 3012 apostolorum
3093 2945 3219 2999 se'li
3235 2943 3676 3012 praesidentem,
3714 2949 3775 2997 et
3799 2945 3960 2997 simi-

2286 3031 2384 3094 lia.
2418 3048 2554 3103 quae
2585 3047 2771 3088 causa
2804 3033 3116 3088 brevitatis
3139 3033 3234 3087 hic
3262 3047 3384 3086 non
3412 3031 3719 3104 ponimus.
3759 3034 3826 3086 Et
3869 3039 3960 3086 ta—

2211 3111 2251 3166 C
2285 3135 2424 3176 men
2455 3121 2502 3176 si
2533 3121 2605 3176 de
2638 3121 2890 3190 singulis
2923 3121 3106 3176 velint
3135 3120 3447 3185 veriﬁcari,
3473 3121 3673 3188 legant
3695 3120 3960 3176 concilia

2283 3209 2603 3277 generalia.
2640 3216 2696 3265 et
2729 3211 2990 3265 maxime
3021 3218 3304 3280 quartum
3347 3209 3690 3275 concilium,
3723 3211 3959 3265 Graeco-

2281 3314 2415 3353 rum
2461 3299 2750 3353 Chronica
2791 3299 3136 3370 inspiciant,
3168 3298 3269 3352 ubi
3319 3299 3612 3353 dictorum
3666 3300 3953 3352 omnium

2281 3387 2513 3458 absque
2536 3387 2724 3441 dubio
2766 3388 3058 3457 reperient
3089 3387 3422 3442 veritatem.

2332 3478 2470 3530 Item
2485 3475 2829 3547 patriarcha
2845 3478 2964 3530 Con
2976 3475 3548 3546 stantinopolitanus
3564 3473 3640 3529 ad
3654 3476 3948 3529 eumdem

2281 3580 2504 3636 papam
2541 3568 2789 3618 Leonem
2823 3564 3192 3636 pontiﬁcem,
3217 3565 3321 3619 illa
3351 3564 3584 3619 scribit:
3623 3587 3647 3612 α
3685 3566 3946 3619 Sanctis-

2284 3654 2434 3708 simo
2456 3660 2510 3708 et
2540 3654 2888 3708 beatissimo
2913 3654 3085 3720 Patri,
3120 3661 3270 3710 netc.
3295 3655 3554 3708 Narratis
3586 3653 3700 3718 his,
3723 3669 3868 3725 quae
3893 3658 3948 3707 in

2283 3743 2536 3796 concilio
2564 3749 2728 3810 gesta
2761 3741 3018 3805 fuerunt,
3051 3741 3222 3797 dicit:
3255 3766 3281 3792 «
3317 3744 3558 3814 Oportet
3586 3743 3716 3796 haec
3740 3743 3950 3797 omnia

2285 3831 2356 3885 ad
2387 3832 2657 3886 notitiam
2691 3832 3018 3886 sanctitatis
3064 3839 3176 3886 tuae
3231 3831 3560 3902 pervenire,
3604 3832 3950 3887 necessario

2285 3921 2524 3974 mittens
2551 3937 2618 3975 ea
2649 3921 2782 3974 illuc
2815 3935 2920 3992 per
2943 3920 3142 3986 talem,
3193 3927 3250 3975 et
3281 3920 3457 3975 talem
3507 3921 3894 3991 cpiscopum,
3927 3943 3951 3966 υ

2285 4014 2399 4062 etc.
2441 4010 2503 4062 Et
2542 4009 2732 4063 infra:
2765 4031 2790 4055 ‹‹
2823 4010 2962 4073 Quae
3010 4023 3114 4079 per
3156 4024 3257 4063 eos
3314 4009 3630 4063 manifesta
3661 4007 3952 4070 facimus.

2285 4103 2566 4167 optamus
2601 4103 2659 4151 ut
2690 4111 2794 4168 per
2838 4105 3193 4169 prosperam
3229 4097 3708 4168 responsionem,
3764 4113 3952 4169 quam

2285 4200 2393 4238 vos
2422 4185 2610 4240 decet.
2647 4186 2755 4239 meti
2790 4186 2864 4240 ad
2885 4202 2994 4240 nos
3014 4192 3280 4252 redeant,
3313 4185 3630 4240 lantlantes
3655 4187 3714 4239 in
3760 4187 3952 4241 omni-

2285 4273 2400 4326 bus
2425 4275 2773 4328 charitatem
2807 4283 2859 4328 et
2890 4275 3326 4346 providentiam
3387 4280 3597 4329 vestrm
3630 4274 3951 4330 beatitudi-

2285 4362 2396 4424 nis,
2428 4378 2610 4433 quam
2639 4378 2781 4431 erga
2815 4363 3018 4417 sedem
3053 4363 3234 4433 hujus
3264 4364 3440 4432 regiae
3466 4363 3647 4433 urbis,
3692 4370 3948 4433 paterna

518 4455 716 4511 tanus,
751 4454 807 4502 ct
838 4454 960 4501 tota
1011 4447 1320 4518 synodus:
1355 4471 1379 4496 ‹‹
1423 4450 1563 4516 Ego,
1593 4454 1692 4513 ait,
1738 4465 1828 4513 ea,
1857 4465 1992 4520 quae
2023 4466 2173 4522 apo-
2207 4453 2252 4520 Ι)
2285 4459 2524 4520 Semper
2559 4452 2956 4506 consuevistis
2988 4452 3382 4506 sollicitudine
3410 4451 3654 4506 habere.
3688 4474 3716 4498 η
3771 4453 3840 4506 Et
3866 4453 3948 4505 in-

519 4535 765 4592 stolicus
803 4536 1051 4590 thronus
1083 4551 1190 4606 per
1217 4536 1424 4590 omnia
1453 4537 1646 4605 sentit,
1695 4539 1897 4606 sentio,
1947 4543 2002 4592 et
2032 4554 2170 4593 con-

517 4624 709 4679 sentio
735 4624 980 4695 deponi,
1020 4645 1046 4673 »
1072 4628 1182 4678 etc.

589 4716 730 4768 ltem
766 4714 879 4767 Leo
910 4728 1072 4784 papa
1099 4711 1256 4767 dicto
1281 4712 1638 4783 patriarchae
1671 4715 1752 4768 sic
1789 4715 1991 4769 scribit
2021 4733 2032 4768 :
2058 4718 2172 4770 «De

516 4801 778 4874 Eutyche
805 4817 925 4856 non
957 4801 1378 4868 cognovimus,
1425 4817 1545 4872 qua
1573 4802 1805 4871 justitia
1837 4819 1869 4857 a
1899 4820 2171 4857 commu-

511 4894 688 4947 nione
717 4897 802 4946 est
827 4891 1545 4962 separatus.Quapropter
1573 4906 1941 4959 cognoscere
1984 4893 2175 4946 volen-

508 4989 594 5038 tes
607 4983 679 5036 de
693 4979 1190 5047 causa,volumus
1216 4977 1298 5033 tui
1324 4977 1459 5034 facti
1484 4979 1776 5034 rationem
1792 4995 2175 5049 cognoscerev

509 5076 574 5128 ut
601 5071 806 5125 omnia
839 5069 1310 5142 suspendantur,
1343 5084 1535 5139 usque
1579 5069 1656 5122 ad
1707 5075 1974 5124 nostram
2027 5071 2168 5124 noti-

507 5162 669 5215 tiam.
696 5159 996 5225 Quoniam
1034 5174 1167 5224 nos,
1204 5157 1307 5228 qui
1340 5157 1619 5211 volumus
1654 5158 2034 5212 sacerdotum
2068 5161 2176 5212 Do-

509 5247 835 5317 minijusta
866 5261 999 5300 esse
1027 5245 1279 5315 judicia,
1314 5259 1433 5298 non
1463 5260 1796 5316 possumus
1816 5261 1934 5299 non
1970 5247 2176 5316 cogni-

507 5336 579 5392 tis
608 5333 872 5390 rebusin
903 5333 1329 5407 praejudicium
1360 5332 1615 5404 alicujus
1649 5334 1836 5405 partis
1865 5332 2014 5388 ferre
2039 5345 2175 5389 sen'

571 5594 686 5666 (18)
719 5591 881 5665 Epist
910 5595 998 5662 47,
1029 5591 1105 5648 ad
1137 5591 1441 5662 synodum
1472 5591 2052 5648 Chalcedonensem.

2282 4538 2407 4592 ira:
2437 4561 2463 4588 ‹‹
2510 4540 2734 4594 Etenim
2783 4541 2954 4594 sedes
3009 4541 3675 4613 ConstantinOpolitana
3705 4548 3941 4611 patrem

2280 4627 2461 4682 habet
2482 4630 2876 4699 apostolicum
2902 4630 3186 4684 thronum
3209 4636 3497 4684 vestrum.
3528 4629 3690 4685 Unde
3712 4645 3791 4683 ea
3808 4645 3942 4700 qua!

2282 4717 2338 4770 in
2363 4725 2569 4772 sancta
2588 4721 2824 4788 synodo
2841 4719 3216 4774 consecutive
3236 4725 3408 4787 gesta
3426 4726 3563 4773 sunt
3581 4717 3944 4774 conﬁrmare

2281 4804 2650 4872 dignemini:
2682 4823 2789 4861 nec
2814 4824 2931 4862 non
2961 4807 3311 4874 deﬁnitioni,
3337 4807 3410 4862 de
3433 4824 3556 4878 qua
3581 4807 3810 4861 dictum
3836 4813 3940 4873 est,

2282 4891 2465 4962 hujus
2498 4896 3170 4968 Constantinopolitanae
3204 4897 3386 4950 sedis.
3417 4915 3446 4946 »

2357 4983 2567 5037 Etﬁne
2599 4985 2776 5038 totius
2821 4985 2958 5039 dicti
3017 4985 3252 5040 concilii
3313 5000 3384 5040 ex
3443 4990 3610 5057 parte
3664 4985 3941 5039 on‘nium

2286 5070 2591 5134 scribunt;
2624 5075 2708 5126 sic
2739 5073 2814 5128 ad
2844 5075 3124 5128 eumdem
3161 5079 3494 5141 narrantes,
3527 5089 3662 5146 qum
3693 5074 3750 5127 in
3802 5088 3940 5127 con-

2283 5159 2417 5214 cilio
2448 5166 2613 5229 gesta
2640 5169 2797 5227 sunt,
2831 5168 2885 5216 et
2917 5162 3434 5218 conﬁrmationem
3455 5162 3809 5218 earumdem
3839 5178 3939 5234 po-

2283 5248 2594 5304 stulantes.
2633 5249 2840 5305 Dicunt
2887 5266 3070 5320 ergo:
3105 5275 3132 5301 «
3187 5253 3534 5307 Beatissimo
3583 5257 3640 5307 et
3688 5254 3918 5307 sanctis

2282 5336 2455 5408 simo,
2498 5358 2525 5386 »
2555 5344 2664 5392 etc.
2697 5342 2759 5394 Et
2815 5345 2984 5411 post:
3021 5362 3046 5389 «
3110 5341 3418 5412 Repletum
3463 5345 3551 5396 est
3594 5340 3822 5408 gaudio
3869 5357 3935 5394 os
