4020 6310
97 283 176 337 533

1453 278 1732 334 CONTRA
1769 279 2090 364 GRIECOS.

3376 281 3486 345 634

94 409 357 463 nostrum,
390 405 453 457 et
475 401 682 471 lingua
739 404 946 457 nostra
1003 402 1475 457 exsultatione.»
1526 403 1595 457 Et
1633 403 1724 458 in-
1754 408 1801 460 Α
1835 407 2270 477 ambigutatem
2295 409 2580 467 immisit:
2632 415 2835 470 utrum
2875 413 3151 471 videlicet
3186 415 3289 470 tua
3333 369 3485 469 bea-

98 495 190 549 fra:
214 514 237 541 «
261 494 460 557 Quam
485 491 669 546 ﬁdem
701 497 764 546 tu
791 491 976 546 veluti
1005 506 1258 547 aureum
1277 491 1501 546 flumen
1530 508 1726 564 usque

97 583 156 637 ad
175 597 274 636 nos
298 585 603 652 prmcepto
642 580 966 635 conditoris
1011 580 1339 635 deductum
1390 581 1724 649 custodisti,

96 669 343 728 omnibus
359 668 525 724 beati
557 671 704 724 Petri
733 669 1044 741 interpres,
1101 669 1198 724 vel
1235 669 1538 740 expositor
1590 686 1728 725 con-

97 761 319 815 stitutus.
345 759 519 814 Unde
545 773 655 812 nos
681 763 736 813 te
757 763 1050 829 tanquam
1094 763 1400 814 auctorem
1449 758 1592 813 boni
1648 757 1727 813 ad

95 847 374 904 utilitatem
418 850 670 910 utentes,
696 850 917 902 sortem
959 846 1225 901 veritatis
1265 845 1400 901 ﬁliis
1451 846 1726 902 Ecclesia;

97 936 582 992 demonstramus.
611 957 634 983 ι
669 934 852 991 Infra:
889 960 914 986 ι
945 934 1000 991 Si
1026 934 1186 990 enim
1216 935 1316 989 ubi
1376 939 1517 990 sunt
1577 937 1719 1005 duo,

95 1025 167 1080 vel
185 1031 293 1080 tres
313 1024 670 1095 congregati
699 1024 760 1078 in
802 1025 1045 1079 nomine
1074 1024 1225 1093 ejus,
1256 1023 1316 1078 id
1344 1028 1453 1091 est,
1492 1023 1614 1089 Dei,
1642 1024 1724 1079 ibi

98 1114 216 1168 dixit
240 1130 303 1168 se
329 1129 468 1169 esse
498 1114 558 1168 in
609 1112 830 1180 medio,
885 1117 1177 1184 quantam
1226 1117 1404 1183 putas
1433 1112 1589 1168 circa
1618 1113 1726 1167 du-

96 1211 265 1259 centos
281 1203 498 1274 viginti
512 1207 855 1258 sacerdotes
873 1201 1373 1257 inhabitationem
1387 1201 1718 1271 ostendere,

97 1301 136 1347 et
181 1292 661 1361 familiaritatem,
704 1308 840 1363 quae
898 1292 1077 1346 etiam
1155 1292 1233 1359 (9)
1293 1290 1617 1362 patientiae.
1669 1297 1726 1345 et

97 1382 280 1447 labori,
308 1381 661 1451 cognitioni,
694 1396 829 1452 quae
861 1380 920 1434 in
952 1379 1328 1435 confessione
1357 1379 1548 1450 ipsius
1577 1394 1726 1450 prae-

99 1475 415 1542 posuerunt,
448 1470 671 1542 quibus
703 1475 764 1524 tu
794 1470 996 1542 utique
1017 1474 1083 1524 ut
1106 1473 1289 1540 caput
1309 1467 1723 1524 membrorum

98 1559 436 1631 praesidebas
451 1560 482 1614 ?
504 1577 536 1611 ›

152 1650 209 1704 Et
231 1648 472 1704 infra:«
501 1646 1165 1703 DioscoriAlexandriae
1206 1645 1469 1718 praasulis
1508 1661 1724 1701 causas

1836 495 2045 562 titudo,
2078 512 2148 552 ea
2175 513 2310 568 quae
2342 499 2403 552 in
2433 500 2668 571 synodo
2703 505 2913 558 sancta
2933 502 3092 558 edita
3123 507 3279 568 sunt,
3340 517 3486 558 con-

1832 582 2178 640 ﬁrmaverit.
2207 587 2269 640 Et
2291 591 2535 658 propter
2560 589 2689 644 haec
2720 595 2919 646 vestra
2949 591 3281 646 reverentia
3329 589 3483 646 litte-

1833 686 1932 725 ras
1965 671 2193 728 mittere
2215 673 2512 744 dignetur,
2533 692 2640 749 per
2684 694 2838 750 quas
2879 679 3165 734 omnibus
3213 677 3482 734 ecclesiis

1833 763 1891 814 et
1913 760 2150 832 populis
2182 767 2393 818 notum
2424 764 2514 832 sit,
2541 765 2842 834 universa,
2871 783 3008 840 quae
3037 768 3098 822 in
3125 770 3338 822 sancta
3380 782 3484 838 sy-

1833 849 1996 904 nodo
2019 855 2188 919 gesta
2235 857 2394 921 sunt,
2435 868 2472 908 a
2517 858 2624 910 tua
2669 854 3041 912 beatitudine
3089 871 3219 912 esse
3267 855 3484 911 conﬁr-

1833 943 2014 995 mata.
2051 939 2200 996 Illud
2224 945 2446 1010 tamen,
2479 948 2544 999 ut
2573 945 2826 1002 decebat
2868 946 3219 1019 episcopum
3245 947 3482 1018 aposto-

1829 1026 1958 1083 licae
1990 1028 2170 1095 sedis,
2216 1035 2320 1085 tua
2373 1033 2657 1089 sanctitas
2702 1034 3054 1090 excellenter
3095 1033 3262 1106 dixit,
3313 1032 3482 1106 quod

1833 1117 2270 1175 ecclesiasticos
2299 1135 2561 1178 canones
2597 1139 2982 1192 conservans,
3015 1123 3164 1180 nihil
3207 1123 3285 1179 ab
3331 1120 3481 1179 anti-

1831 1220 1954 1277 qua
2006 1209 2438 1264 consuetudine
2482 1211 2541 1265 in
2585 1211 2962 1269 ordinatione
3003 1213 3147 1288 olim
3202 1212 3384 1280 edita,
3425 1216 3483 1269 et

1830 1294 2146 1362 immobili,
2177 1313 2368 1368 usque
2403 1299 2582 1354 hodie
2634 1302 3052 1371 perseveranti,
3108 1301 3336 1374 ahquid
3377 1315 3482 1372 pa-

1830 1382 2089 1439 tiebatur
2108 1384 2397 1441 diminui:
2431 1409 2459 1436 »
2491 1389 2556 1444 Et
2589 1387 2780 1445 infra:
2814 1412 2843 1439 «
2890 1393 3038 1447 Cum
3090 1394 3292 1446 autem
3340 1403 3456 1445 con

1829 1470 2156 1529 ﬁrmaverit
2172 1474 2527 1531 catholicam
2546 1476 2724 1532 ﬁdem
2745 1481 2803 1533 et
2826 1494 3033 1536 veram
3055 1478 3474 1549 orthodoxam,

1829 1562 2114 1618 noveritis
2147 1564 2631 1622 Chalcedonense
2659 1567 3000 1638 concilium,
3026 1568 3311 1625 omnibus
3357 1567 3478 1639 epi-

1831 1651 2029 1722 scopis
2071 1654 2610 1724 consentientibus,
2656 1655 2842 1712 fuisse
2900 1662 3186 1713 secutam.
3235 1661 3480 1729 Propter

98 1738 458 1808 depositionis
481 1740 848 1808 exponentes
875 1736 1028 1790 inter
1049 1734 1237 1790 multa
1281 1734 1609 1790 intulerunt
1648 1733 1723 1788 de
1754 1751 1793 1804 3
1829 1739 1965 1808 hoc,
1993 1741 2158 1813 quod
2189 1747 2245 1796 et
2277 1748 2377 1798 tua
2423 1745 2864 1817 venerabilitas,
2920 1747 3198 1819 proprias
3236 1752 3294 1802 et
3347 1761 3477 1818 spe-

99 1827 242 1881 vinea
270 1825 527 1893 Domini,
561 1829 616 1879 et
639 1824 883 1879 custode
913 1824 1067 1894 ejus.
1109 1826 1362 1894 Insuper
1404 1822 1718 1893 inquiunt:

101 1916 281 1970 Contra
309 1915 516 1986 ipsum
551 1913 743 1968 vineae
800 1911 1132 1981 custodem,
1185 1911 1288 1984 qui
1335 1926 1369 1965 a
1417 1910 1722 1966 Salvatore

98 2002 384 2075 deputatus
413 2008 506 2057 est
533 2006 755 2064 custos,
788 2000 1088 2056 insaniam
1115 2016 1287 2054 suam
1319 1998 1597 2066 ostendit,
1633 1997 1721 2053 di-

101 2091 259 2144 cimus
281 2091 502 2146 scilicet
535 2090 912 2145 sanctitatem
957 2097 1120 2144 tuam
1143 2095 1199 2143 et
1247 2088 1723 2143 incommunica—

100 2179 243 2233 bilem
276 2195 412 2234 eum
435 2179 543 2251 qui
565 2195 784 2250 corpus
813 2178 1082 2232 Ecclesiae
1102 2177 1268 2231 unire
1295 2176 1580 2231 sollicitus
1610 2180 1716 2243 est,

100 2271 383 2325 meditatus
413 2270 525 2326 fuit
573 2270 782 2324 facere.
821 2291 847 2318 »
887 2270 954 2323 Et
975 2267 1128 2323 infra
1153 2285 1165 2321 :
1190 2290 1217 2317 ‹‹
1248 2269 1324 2322 Ea
1354 2267 1550 2338 igitur,
1582 2282 1717 2340 quae

97 2359 380 2414 deﬁnimus
410 2360 491 2415 ad
524 2359 917 2414 remotionem
961 2357 1140 2412 totius
1203 2355 1589 2420 confusionis,
1639 2355 1717 2410 ad

97 2449 404 2504 roburvero
453 2447 874 2502 ecclesiasticae
919 2445 1314 2500 ordinationis
1363 2443 1609 2516 propria
1660 2449 1718 2499 et

97 2538 418 2605 amicabilia,
435 2538 515 2594 ad
532 2538 806 2592 decorem
823 2551 1110 2602 congrua,
1130 2534 1396 2590 stabilire
1426 2533 1711 2601 digneris,

100 2627 438 2683 sanctissime
469 2633 530 2683 et
555 2626 894 2682 beatissime
921 2627 1106 2678 Pater.
1162 2627 1309 2678 Nam
1339 2623 1420 2689 hi,
1472 2622 1577 2694 qui
1622 2621 1714 2677 lo-

100 2731 206 2771 cum
219 2723 380 2772 tuum
403 2716 678 2773 obtinent
695 2713 1060 2770 sanctissimi
1079 2711 1344 2784 episcopi
1361 2711 1712 2766 Paschasius

99 2810 139 2858 et
163 2807 485 2873 Lucentius,
513 2812 569 2860 et
594 2804 677 2872 hi,
710 2804 813 2876 qui
845 2818 980 2857 cum
1006 2802 1090 2855 eis
1112 2800 1317 2855 directi
1356 2799 1712 2872 presbyteri,

99 2894 395 2951 Bonifacius
422 2902 482 2950 et
515 2893 782 2964 Basilius,
817 2891 992 2946 dictis
1043 2890 1494 2945 deﬁnitionibus
1555 2887 1710 2943 forti-

99 2987 162 3036 ter
180 2985 538 3046 assisterunt,
568 2981 834 3036 volentes
865 2995 1134 3052 prorsus,
1167 2985 1228 3032 ut
1259 2979 1372 3033 hoc
1404 2977 1635 3032 bonum
1673 2993 1709 3032 a

1830 1829 2010 1884 ciales
2041 1829 2415 1886 velocissime
2441 1833 2652 1900 mittat,
2681 1848 2789 1904 per
2807 1850 2961 1907 quas
2990 1835 3347 1892 conﬁrmare
3369 1849 3473 1890 vos

1829 1919 2044 1989 ipsam,
2077 1935 2211 1990 quae
2241 1920 2302 1975 in
2334 1921 2804 1978 Chalcedonensi
2829 1924 3129 1980 celebrata
3153 1929 3261 1992 est,
3293 1939 3476 1996 syno-

1829 2007 1974 2062 dum
2031 2009 2517 2066 manifestissime
2561 2011 2922 2068 ostendatis:
2969 2017 3035 2068 ut
3077 2028 3188 2068 nec
3235 2013 3337 2080 illi,
3369 2013 3474 2086 qui

1828 2095 2188 2165 desiderant,
2211 2097 2681 2166 ignominiosam
2702 2101 2934 2172 possint
2953 2101 3177 2158 habere
3205 2101 3474 2174 aliquam

1828 2184 2235 2255 suspicionem
2265 2186 2582 2257 dejudicio
2612 2192 2726 2243 tua;
2771 2190 3096 2245 sanctitatis
3146 2189 3354 2260 gloria,
3414 2189 3475 2245 id

1827 2278 1936 2340 est,
1956 2275 2119 2346 quod
2138 2280 2238 2331 tua
2255 2276 2541 2332 sanctitas
2559 2277 2634 2332 de
2649 2277 2763 2347 his,
2777 2293 2912 2350 quae
2929 2283 3062 2334 acta
3076 2283 3236 2346 sunt,
3243 2279 3475 2349 judicat

1826 2378 1958 2418 esse
1985 2365 2332 2420 tenendum.
2359 2388 2387 2414 »
2412 2367 2530 2420 Hoc
2566 2369 2769 2422 autem
2781 2367 2942 2433 dicit,
2957 2368 3100 2439 quia
3118 2368 3247 2423 sine
3259 2367 3474 2424 conﬁr-

1826 2453 2089 2508 matione
2111 2469 2308 2526 papae,
2337 2454 2425 2509 vel
2443 2454 2778 2524 legatorum
2797 2455 2950 2526 ejus,
2982 2456 3269 2512 infectum
3292 2471 3473 2527 nego-

1824 2541 1971 2596 tium
1999 2542 2351 2598 habebatur.
2373 2543 2490 2599 Ista
2511 2549 2713 2600 autem
2726 2560 2862 2617 quae
2875 2544 3158 2617 diximus,
3183 2545 3474 2616 colligun-

1825 2634 1919 2684 tur
1947 2645 2019 2685 ex
2050 2633 2117 2686 lV
2142 2631 2416 2687 concilio-

1898 2718 2011 2773 Sed
2026 2734 2101 2773 ne
2125 2719 2430 2790 aliquibus
2453 2719 2749 2786 videatur,
2774 2721 2942 2794 quod
2961 2725 3206 2795 propter
3248 2723 3472 2781 dictam

1822 2807 2255 2872 deﬁnitionem,
2282 2809 2503 2865 editam
2534 2809 2594 2864 in
2625 2816 2962 2867 memorato
3008 2811 3279 2883 concilio,
3323 2811 3473 2885 quid

1821 2895 2098 2951 videatur
2115 2897 2502 2952 imminutum
2522 2897 2597 2952 de
2623 2903 2916 2970 potestate
2938 2915 3135 2972 papae,
3167 2899 3243 2956 de
3265 2915 3472 2956 conse-

1819 2986 2144 3056 quentibus
2158 2985 2444 3052 conciliis,
2461 3003 2596 3060 qua;
2610 2987 2800 3043 multo
2813 2989 3259 3060 postcelebrata
3309 2994 3468 3056 sunt,

96 3077 254 3127 vestra
298 3071 679 3144 providentia
735 3069 1073 3140 incipiatur,
1133 3088 1158 3117 »
1219 3071 1350 3158 etc.-
1376 3068 1441 3158 Et
1485 3065 1544 3121 in
1591 3064 1708 3158 ﬁne
1745 3103 1785 3158 Ε
1822 3073 2024 3146 aliqua
2052 3091 2488 3146 proponamus.
2525 3077 2588 3130 In
2621 3081 2788 3132 sexta,
2840 3077 3000 3132 enim
3048 3078 3284 3150 synodo
3334 3079 3468 3149 (20),

98 3158 326 3226 ejusdem
359 3162 442 3216 sic
502 3159 766 3232 loquitur
791 3175 803 3212 :
828 3179 854 3207 (ί
899 3160 966 3212 Ut
1006 3160 1205 3211 autem
1270 3154 1494 3220 sciatis,
1544 3153 1709 3225 quod
1756 3153 1785 3158 ⁷
1820 3179 1958 3235 qua
1981 3163 2094 3218 sub
2111 3179 2271 3235 papa,
2287 3164 2616 3234 Agathone,
2637 3170 2904 3236 tempore
2925 3165 3295 3222 Constantini
3311 3167 3470 3239 prin-

97 3263 190 3302 non
217 3250 286 3304 ad
316 3251 594 3319 gratiam,
631 3253 732 3303 aut
757 3247 831 3302 ad
855 3245 1061 3301 odium
1085 3244 1402 3298 fecerimus
1431 3242 1710 3312 alicujus,

98 3339 175 3391 sed
223 3345 506 3411 tanquam
537 3337 742 3392 divino
772 3340 920 3390 nutu
953 3333 1266 3403 gubernati
1298 3337 1352 3386 et
1378 3331 1582 3387 directi
1617 3346 1709 3386 su-

100 3441 221 3490 mus,
242 3434 451 3484 cuncta
480 3426 655 3482 vobis
687 3429 990 3495 gestarum
1013 3437 1211 3476 rerum
1249 3426 1392 3476 nota
1430 3419 1708 3487 facimus,

99 3519 199 3570 uta
225 3516 406 3581 vobis,
441 3532 580 3589 quae
611 3519 782 3584 gesta
815 3515 974 3578 sunt,
1000 3514 1360 3580 statuantur,
1411 3508 1707 3564 roboren-

98 3607 182 3663 tur,
219 3611 269 3660 et
302 3605 729 3662 concedantur.
770 3624 797 3651 »
839 3599 1062 3655 Pariter
1101 3598 1384 3671 quasdam
1424 3596 1706 3651 consimi-

96 3691 171 3755 lia,
195 3699 290 3748 etc.

152 3781 518 3854 lmperatores
551 3798 690 3838 vero
722 3780 873 3835 Petri
916 3777 1326 3832 auctoritatem
1378 3780 1434 3830 et
1480 3791 1711 3829 succes-

98 3884 262 3926 sorum
291 3874 414 3944 ejus
436 3889 560 3928 non
590 3873 958 3941 ignorantes,
984 3866 1060 3921 ad
1101 3865 1383 3920 eumdem
1450 3866 1701 3918 Leonem

98 3954 158 4011 ita
183 3962 465 4017 scribunt:
497 3984 522 4010 α
555 3961 814 4015 Victores
863 3955 1329 4018 Valentinianus,
1373 3958 1429 4008 et
1467 3952 1706 4008 Marcia-

96 4060 197 4112 nus,
255 4051 492 4118 gloriosi
553 4048 1035 4119 triumphatores,
1127 4058 1366 4113 semper
1431 4041 1702 4109 Augusti,

97 4139 421 4195 sanctissimo
505 4139 656 4194 Patri
736 4142 791 4192 et
840 4132 1164 4189 venerabili
1246 4130 1704 4202 archiepiscopo

95 4221 268 4281 Leoni:
302 4229 730 4285 Beatitudinem
755 4232 920 4282 tuam
950 4222 1197 4295 syllabis
1228 4226 1445 4275 nostra:
1491 4219 1705 4274 sereni-

95 4315 198 4368 tatis
265 4317 630 4373 velocissime
682 4316 875 4370 valere
926 4317 1243 4384 Optamus:
1314 4307 1700 4379 inquirentes,

96 4409 140 4454 Ut
163 4419 286 4461 cura
338 4406 764 4478 omnipotentis
806 4402 921 4471 Dei,
954 4407 1291 4455 vestrarum
1340 4412 1582 4468 precum
1604 4395 1699 4450 in-

93 4493 310 4550 terventu
341 4497 513 4552 nobis
536 4493 922 4556 concedatur,
947 4491 1027 4546 ita
1081 4493 1142 4542 ut
1192 4487 1293 4559 pia
1350 4491 1406 4539 et
1444 4482 1700 4556 paciﬁca

95 4593 177 4635 sua
209 4585 656 4654 magniﬁcentia,
686 4581 895 4638 omnia
945 4591 1241 4650 prospera
1285 4579 1342 4629 et
1369 4578 1573 4645 optata
1594 4589 1699 4628 no-

94 4672 184 4721 stro
216 4671 451 4744 imperio
490 4672 820 4728 concedere
859 4668 1158 4733 dignetur.
1194 4664 1471 4720 Miramur
1512 4663 1696 4717 maxi—

93 4768 179 4818 me.
203 4762 351 4830 quod
381 4769 514 4834 post
537 4759 838 4833 synodum
880 4753 1450 4818 Chalcedonensem,
1505 4755 1560 4805 et
1604 4750 1696 4806 lit-

95 4846 211 4900 teras
243 4851 664 4906 venerabilium
704 4850 1150 4920 episcoporum,
1192 4841 1288 4913 qui
1335 4841 1411 4895 ad
1438 4845 1606 4896 tuam
1632 4839 1692 4894 in

96 4928 183 4987 Deo
208 4939 507 4995 amicitiam
554 4941 754 4994 missae
814 4942 972 5001 sunt,
1023 4949 1127 5006 per
1177 4947 1330 5004 quas
1385 4929 1591 4986 omnia
1630 4930 1688 4984 in

93 5018 191 5087 ipsa
217 5025 375 5092 facta,
408 5030 575 5084 vobis
598 5027 1051 5084 nuntiaverunt:
1086 5035 1475 5092 nequaquam
1499 5035 1534 5072 a
1589 5023 1690 5073 tua

95 5114 352 5171 sanctitate
378 5119 522 5173 tales
537 5117 743 5172 litterae
761 5115 959 5170 missae
981 5117 1136 5177 sunt,
1159 5126 1295 5182 quae
1333 5104 1606 5162 videlicet
1625 5106 1685 5160 in

93 5201 426 5260 sanctissimis
456 5205 721 5261 ecclesiis
770 5201 938 5257 lectae
983 5197 1062 5254 ad
1094 5196 1368 5252 omnium
1411 5194 1682 5248 notitiam

91 5291 432 5358 Pervenirent,
491 5309 599 5365 pro
654 5288 1063 5364 quorumdam
1131 5284 1477 5345 animabus,
1545 5296 1681 5352 quae

94 5370 373 5443 Emi’chetis
416 5398 664 5453 pravam
709 5381 908 5435 adnue
957 5376 1303 5448 opinionem
1358 5378 1678 5434 sectantur,

144 5562 234 5630 t19)
254 5567 425 5624 Locus
453 5573 790 5642 corruptus.

1821 3252 1992 3323 cipis,
2024 3257 2079 3306 et
2120 3251 2385 3316 Heraclii,
2441 3257 2498 3308 et
2543 3253 2755 3308 Tiberii
2793 3253 3046 3310 fratrum
3094 3267 3363 3322 suorum,
3409 3255 3471 3312 in

1821 3341 1967 3395 urbe
1983 3340 2514 3412 Constantinopoli,
2532 3346 2740 3398 contra
2751 3343 3158 3400 Monothelitas
3170 3343 3471 3402 celebrata

1817 3434 1923 3494 est,
1957 3432 2150 3484 Patres
2178 3430 2283 3500 qui
2313 3435 2735 3496 convenerant,
2755 3432 3168 3488 auctoritatem
3184 3433 3470 3506 principis

1820 3518 2235 3590 apostolorum
2253 3533 2374 3574 non
2390 3519 2754 3590 ignorantes,
2775 3521 2850 3576 de
2864 3521 3243 3578 successione
3255 3522 3466 3595 ipsius,

1817 3608 1876 3662 in
1899 3613 2113 3663 octava
2152 3607 2416 3664 sessione
2447 3609 2578 3678 ejus
2596 3609 2728 3664 libri
2760 3609 2905 3666 talia
2928 3609 3189 3667 fatentur
3227 3615 3286 3668 et
3329 3612 3464 3676 seri:

1815 3697 1989 3753 bunt.
2059 3698 2387 3752 Demetrius
2413 3696 2755 3771 [Domitius]
2787 3699 3112 3771 episcopus
3178 3700 3469 3756 Phisiadis

1820 3785 2188 3858 [Prusiados]
2222 3785 2470 3841 civitatis
2516 3787 2599 3842 ita
2631 3787 2803 3843 dicit:
2836 3807 2866 3841 ‹
2895 3788 3300 3844 Relationibus
3321 3790 3465 3844 mis-

1819 3874 1900 3928 sis
1950 3875 2029 3930 ab
2077 3875 2408 3946 apostolica
2447 3880 2503 3930 et
2553 3875 2868 3946 principali
2921 3876 3060 3931 sede
3112 3876 3466 3948 antiquioris

1817 3966 2038 4028 Romae,
2070 3963 2131 4018 id
2157 3968 2243 4018 est
2272 3963 2605 4031 Agathone,
2640 3964 2717 4019 ad
2752 3979 2790 4020 a
2844 3967 2962 4019 Deo
3006 3969 3361 4020 coronatum
3410 3970 3470 4023 et

1816 4053 2200 4108 mitissimum
2217 4053 2533 4107 dominum
2554 4057 2828 4108 nostrum
2854 4067 3144 4122 magnum
3171 4053 3464 4111 Victorem

1813 4141 2565 4212 imperatorem,tanquam
2597 4157 2630 4196 a
2664 4141 2882 4212 Spiritu
2903 4145 3111 4197 sancto
3132 4141 3327 4210 editis,
3355 4157 3463 4216 per

1814 4245 1881 4283 os
1914 4229 2122 4294 sancti,
2155 4234 2213 4284 et
2255 4228 2543 4300 principis
2591 4229 3005 4301 apostolorum
3048 4230 3219 4299 Petri,
3265 4235 3322 4287 et
3355 4247 3463 4304 per

1811 4317 2064 4386 digitum
2089 4316 2151 4370 Β.
2179 4315 2478 4372 benedicti
2499 4331 2694 4388 papae,
2715 4317 3044 4388 Agathonis
3065 4318 3322 4391 scriptis,
3346 4335 3460 4391 ego

1811 4406 2122 4470 assentior,
2151 4411 2208 4461 et
2235 4406 2318 4460 sic
2355 4405 2554 4471 credo,
2613 4411 2670 4461 et
2708 4401 2791 4461 sic
2841 4407 3053 4474 sentio,
3096 4407 3250 4464 istas
3302 4409 3460 4465 duas

1810 4500 2046 4550 nostras
2075 4493 2412 4550 voluntates
2441 4493 2504 4548 in
2535 4493 2760 4550 Christo
2789 4495 2989 4551 unitas
3016 4511 3314 4568 personae,
3338 4502 3451 4554 etc.

1880 4584 2046 4649 item,
2069 4583 2416 4639 Theodorus
2465 4583 2788 4656 episcopus
2842 4585 3195 4640 Berissensis
3251 4590 3458 4643 Arme-

1805 4672 1946 4727 niae:
1974 4694 2002 4721 ‹‹
2024 4674 2142 4742 Ego
2164 4671 2416 4726 audiens
2431 4671 2749 4728 relationes
2772 4673 2993 4729 missas
3021 4673 3100 4729 ad
3129 4673 3452 4732 Dominum

1805 4766 2077 4816 nostrum
2099 4760 2630 4829 benignissimum,
2664 4777 2702 4817 a
2726 4761 2898 4818 Patre
2921 4767 3150 4829 nostro,
3182 4766 3454 4820 Romano

1802 4865 1965 4922 papa
1985 4852 2315 4920 Agathone,
2341 4855 2397 4906 et
2413 4850 2835 4906 auctoritatum
2852 4867 2989 4922 quae
3010 4851 3070 4905 in
3090 4850 3239 4922 ipsis
3255 4849 3450 4904 ferun-

1800 4945 1912 5003 tur,
1939 4937 2327 4993 intentionem
2355 4939 2635 5009 capiens;
2680 4938 2879 5004 credo,
2911 4939 3062 4992 sicut
3091 4936 3278 4992 credit
3321 4938 3449 5008 ipse

1800 5027 1970 5082 Pater
2001 5033 2199 5082 noster
2243 5043 2402 5099 papa
2457 5027 2811 5099 antiquioris
2861 5029 3085 5081 Romae.
3126 5045 3154 5075 ››
3173 5027 3238 5080 In
3283 5025 3446 5081 hunc

1797 5116 2048 5170 modum
2079 5132 2291 5170 omnes
2337 5115 2603 5188 episcopi
2644 5120 3076 5183 consurgentes
3127 5113 3442 5170 dixerunt:

1797 5229 1824 5256 ‹‹
1853 5209 1968 5261 Nos
1989 5221 2201 5260 omnes
2222 5205 2323 5261 illa
2344 5205 2666 5270 credimus,
2691 5210 2748 5260 et
2766 5204 2931 5259 illam
2946 5203 3131 5259 ﬁdem
3145 5209 3440 5270 tenemus,

1793 5300 1850 5349 et
1877 5296 2050 5349 istam
2085 5296 2410 5366 sequimur,
2443 5318 2462 5342 ι
2499 5297 2607 5349 etc.
2641 5297 2706 5348 Et
2733 5292 2988 5364 peractis
3009 5291 3115 5348 rite
3159 5293 3444 5350 omnibus

1790 5383 2110 5439 referentes
2144 5387 2260 5438 Deo
2285 5384 2525 5452 gratias,
2559 5387 2826 5453 etpape,
2851 5380 2955 5453 qui
2984 5397 3087 5437 eos
3117 5380 3330 5439 direxit
3364 5383 3442 5440 ad

1859 5561 1976 5631 (20)
2017 5563 2173 5616 Couc
2206 5563 2266 5613 Vl
2300 5564 2418 5614 act.
2446 5562 2498 5611 8.
