4020 6310
553 312 660 397 535

1761 325 2241 387 PANTALEONIS
2278 325 2562 387 DIACONI
2601 329 2710 389 ΟΡ.

3871 342 3980 396 536

555 464 792 522 bonum
837 461 902 519 in
942 459 1186 518 laudem
1237 456 1444 530 ipsius,
1495 457 1686 514 totum
1723 454 2044 512 concilium
2094 453 2211 510 ista
2240 453 2288 507 A
2321 455 2451 509 tur:
2482 475 2510 504 ‹‹
2530 455 2774 528 Propter
2797 472 2986 530 quam
3011 475 3262 520 causam
3281 461 3460 520 nobis
3483 462 3844 532 necessario,
3865 461 3981 518 fra-

559 552 835 627 scripsit:
869 574 896 602 ‹‹
951 547 1339 606 Sanctissimo
1388 551 1443 603 et
1488 545 1916 612 beatissimo,»
1991 549 2101 601 etc.
2147 547 2212 600 Et

560 642 748 699 infra:
782 663 811 692 ‹‹
845 639 1010 698 Unde
1036 642 1092 694 et
1119 652 1230 694 nos
1252 651 1462 692 omnes
1496 635 1621 703 tibi,
1647 640 1940 708 tanquam
1990 633 2209 706 princi-

560 731 683 805 pali
711 729 837 786 sedi
868 727 1138 784 Ecclesiaa
1159 725 1338 782 totius
1369 724 1550 791 orbis,
1603 725 1769 798 quod
1815 726 2050 794 gestum
2099 726 2204 789 est,

560 817 958 882 attribuimus,
974 816 1067 872 vel
1081 815 1512 871 committimus
1525 829 1711 887 supra
1721 813 1959 870 ﬁrmam
1972 816 2207 886 petram

556 907 699 964 ﬁdei
726 907 924 973 stanti,
955 904 1284 976 litterisque
1305 919 1342 960 a
1367 908 1555 961 vestra
1569 903 1935 960 beatitudine
1967 903 2043 960 ad
2066 902 2207 975 piis-

561 997 784 1054 simum
823 995 1250 1067 imperatorem
1280 993 1498 1058 missis,
1553 993 1617 1048 in
1646 992 1864 1065 quibus
1890 1007 2032 1048 vera
2070 1007 2209 1048 con-

555 1087 736 1145 fessio
758 1085 1113 1149 continetur,
1146 1083 1398 1140 libenter
1430 1082 1865 1149 consensimus,
1889 1099 2026 1155 quaa
2085 1088 2209 1140 tan-

556 1192 747 1250 quam
777 1173 1210 1249 summolapice
1239 1172 1650 1245 apostolorum
1670 1173 1997 1241 enuntiata,
2029 1188 2212 1246 agno-

559 1266 805 1324 scimus.
832 1287 866 1318 ιο

631 1363 777 1414 item
805 1359 1086 1424 Joannes,
1128 1355 1447 1427 episcopus
1493 1355 2207 1428 Constantinopolitanus,

562 1447 953 1504 Constantino
983 1461 1158 1517 papae
1179 1445 1262 1500 ita
1283 1444 1520 1500 scribit:
1548 1467 1577 1493 ‹‹
1603 1446 2008 1511 Sanctissimo,
2037 1468 2066 1496 »
2097 1451 2207 1502 etc.

562 1537 631 1592 Et
659 1535 904 1592 infrazu
934 1534 1090 1590 Licet
1127 1550 1250 1589 suae
1285 1533 1609 1590 divinitatis
1652 1538 1708 1589 et
1753 1535 2032 1606 potentias
2059 1536 2210 1591 indi-

565 1625 726 1680 cium
747 1625 948 1696 ipsam
967 1622 1448 1692 magnitudinem
1478 1623 1812 1688 creationis,
1836 1640 1970 1696 quae
1989 1624 2048 1680 in
2077 1624 2210 1680 visi-

563 1715 788 1771 bilibus
812 1717 919 1778 est,
948 1713 1149 1786 posuit
1177 1715 1331 1768 Deus
1359 1730 1371 1767 :
1396 1713 1712 1784 praecipue-
1732 1717 1936 1770 tamen
1983 1715 2042 1769 in
2086 1730 2212 1787 pre-

567 1803 894 1859 tiosissima
933 1801 1196 1858 sensibili
1243 1806 1533 1867 creatura,
1585 1801 1700 1857 hoc
1743 1807 1850 1867 est,
1901 1801 1960 1858 in
2005 1807 2211 1861 nostro
2242 1805 2282 1858 B

564 1892 877 1965 plasmate,
906 1890 1024 1958 illa,
1049 1907 1186 1963 qua:
1211 1907 1333 1946 suae
1365 1889 1568 1960 gloriae
1602 1894 1659 1946 et
1698 1891 2006 1964 sapientiae
2048 1897 2206 1960 sunt,

563 1981 1013 2038 demonstravit.
1045 1983 1127 2035 Ex
1155 1995 1279 2053 quo
1295 1980 1473 2037 etiam
1512 1979 1935 2037 admirandam
1956 1997 2088 2037 esse
2111 1983 2210 2039 Dei

563 2070 922 2142 sapientiam
952 2069 1251 2142 Propheta
1280 2068 1639 2125 exclamavit
1664 2070 1814 2142 ipse.
1857 2073 2065 2142 Itaque
2102 2087 2209 2128 no-

561 2166 698 2216 stra:
718 2163 947 2216 naturae
980 2158 1262 2216 Conditor
1284 2158 1550 2228 diligenti
1581 2160 1926 2231 operatione
1954 2161 2056 2216 toti
2085 2177 2208 2217 cor-

560 2249 693 2322 pori
724 2253 905 2320 caput
929 2248 1280 2320 praeposuit,
1315 2247 1376 2302 in
1414 2262 1540 2319 quo
1577 2248 2025 2318 perfectionem,
2086 2250 2210 2306 sive

559 2338 961 2408 integritatem
991 2351 1280 2392 sensuum
1319 2351 1654 2408 apponens,
1690 2337 1814 2393 sive
1854 2338 2207 2407 attribuens,

561 2441 809 2482 omnem
838 2425 977 2480 inde
1015 2424 1384 2496 reliquorum
1432 2424 1843 2481 membrorum
1881 2433 2114 2483 motum
2157 2434 2211 2485 et

560 2513 990 2586 perfectionem
1011 2513 1139 2567 fieri
1171 2517 1226 2568 et
1262 2513 1603 2568 conservari
1631 2512 1785 2579 fecit,
1811 2514 1892 2569 ita
1924 2522 1987 2570 ut
2017 2516 2064 2570 si
2111 2516 2214 2572 ho-

559 2617 697 2658 rum
711 2601 957 2674 aliquod
974 2600 1198 2656 offendi
1211 2601 1536 2668 contigerit.
1561 2606 1664 2658 aut
1676 2601 1792 2657 alio
1802 2601 1988 2658 modo
2005 2604 2208 2674 afﬂigi,

559 2706 687 2747 non
728 2690 856 2744 sine
889 2689 1193 2762 provisine
1234 2705 1445 2744 eorum
1505 2705 1647 2745 cura
1705 2690 1777 2746 sit
1833 2692 2047 2762 posita,
2105 2693 2213 2748 sed

561 2778 745 2836 etiam
768 2779 830 2836 in
845 2775 1208 2848 novissimis,
1241 2777 1548 2845 membris,
1572 2778 1694 2835 sive
1717 2778 1937 2836 viribus
1975 2785 2214 2839 natura-

561 2868 683 2924 lem
710 2867 1192 2940 compassionem
1232 2867 1509 2934 ostendit,
1535 2884 1643 2940 per
1664 2884 1956 2924 manuum
1989 2870 2214 2927 submi-

562 2956 978 3014 nistrationem
1006 2961 1064 3012 et
1091 2955 1404 3013 oculorum
1445 2971 1551 3028 per
1571 2957 1860 3014 visionem
1900 2958 2210 3028 ducatum,

563 3050 836 3115 sanatur,
862 3045 1028 3118 quod
1055 3045 1342 3102 afﬂictum
1374 3051 1460 3101 est
1481 3046 1754 3115 etdolet;
1805 3063 1927 3104 non
1971 3049 2213 3120 injuria-

2321 545 2438 598 tres
2469 543 2621 600 adeo
2646 545 3052 618 honorabiles,
3084 557 3443 624 praesentem
3472 552 3730 609 litteram
3767 552 3972 608 mani-

2317 631 2481 689 festae
2511 634 2878 692 certitudinis
2904 639 3180 697 misimus
3215 643 3403 708 vobis,
3454 647 3510 698 et
3564 641 3966 708 ostendimus,

2317 736 2503 794 quam
2526 723 2599 778 sit
2620 723 3001 796 importabile
3019 730 3258 799 pondus
3279 731 3494 802 plagae,
3517 735 3761 803 propter
3800 730 3967 803 quod

2317 815 2375 866 et
2398 827 2590 884 usque
2619 813 2698 868 ad
2727 818 2984 873 vestram
3001 820 3398 889 sanctitatem,
3417 820 3752 877 secundum
3797 820 3965 892 quod

2317 901 2500 971 exigit
2526 903 2898 961 consuetudo
2920 907 3234 978 synodalis
3264 909 3677 977 attestationis,
3695 925 3802 965 seu
3828 927 3964 982 pro-

2318 991 2715 1060 clamationis,
2749 992 3027 1053 devenire
3053 998 3501 1071 prohibeamur,
3533 999 3844 1073 tyrannica
3865 1000 3968 1058 de-

2318 1081 2483 1149 tenti,
2508 1104 2535 1132 n
2553 1093 2663 1146 etc,

2393 1176 2581 1242 Quem
2602 1178 2665 1234 in
2685 1179 2954 1239 favorem
2973 1184 3244 1241 Ecclesiae
3270 1186 3623 1258 ponendum
3656 1186 3964 1244 decretum

2321 1265 2711 1334 Constantini,
2739 1272 2903 1344 quod
2922 1279 3058 1345 post
3089 1281 3394 1348 receptam
3433 1277 3688 1345 gratiam
3725 1277 3790 1332 in
3820 1277 3966 1332 urbe

2321 1355 2594 1413 Romana
2620 1357 2798 1416 beato
2827 1363 2994 1419 Petro
3021 1368 3078 1420 et
3100 1366 3271 1436 Papae
3295 1367 3746 1422 successoribus
3767 1365 3969 1422 condi-

2321 1443 2427 1513 dit,
2459 1450 2517 1502 et
2539 1451 2661 1504 tam
2707 1450 2924 1506 Latinis
2982 1469 3166 1524 quam
3227 1456 3440 1511 Grecis
3493 1456 3697 1513 litteris
3740 1457 3969 1512 cunctis

2320 1532 2599 1592 ﬁdelibus
2622 1537 2683 1595 in
2714 1546 2936 1599 aeterna
2965 1543 3256 1600 memoria
3279 1545 3533 1618 reliquit.
3571 1544 3782 1603 Scribit
3811 1545 3972 1602 enim

2322 1640 2404 1680 SlC
2429 1641 2442 1680 ε

2677 1736 3073 1809 Privilegt'um
3103 1741 3490 1798 Constantini
3519 1745 3658 1813 (22).

2393 1898 2420 1924 ‹‹
2446 1880 2854 1936 Necessarium
2874 1881 3218 1952 jndicamus
3239 1900 3378 1940 cum
3408 1885 3691 1941 omnibus
3712 1885 3970 1957 satrapis

2320 1967 2541 2022 nostris
2563 1972 2619 2024 et
2645 1973 2768 2025 toto
2798 1971 3095 2044 consultu,
3121 1978 3176 2028 et
3198 1974 3569 2046 principibus
3604 1979 3660 2030 et
3717 1974 3968 2048 populo,

2320 2055 2423 2126 qui
2454 2061 2542 2113 est
2562 2057 2675 2114 sub
2702 2063 2991 2130 potestate
3031 2064 3315 2118 Romanae
3365 2063 3664 2132 Ecclesiae,
3715 2068 3781 2120 ut
3821 2064 3973 2119 sicut

2321 2149 2562 2200 sanctus
2588 2148 2790 2202 Petrus
2817 2164 2889 2204 ex
2913 2165 3171 2221 persona
3199 2151 3392 2207 fidelis
3421 2152 3517 2207 Dei
3540 2155 3628 2208 est
3673 2151 3736 2207 in
3793 2156 3969 2218 terra,

2321 2232 2403 2288 sic
2426 2234 2692 2308 episcopi
2721 2241 2776 2292 et
2801 2254 3174 2294 successores
3204 2240 3489 2313 principis
3533 2239 3971 2313 apostolorum,

2319 2325 2675 2394 potestatem
2707 2325 2767 2381 in
2799 2330 2954 2383 terra
2979 2327 3244 2385 habeant
3287 2329 3502 2400 magis,
3551 2345 3739 2402 quam
3788 2329 3973 2402 impe-

2321 2411 2478 2466 rium
2501 2417 2774 2469 nostrum
2807 2415 3008 2484 gloriae
3032 2421 3272 2473 nostrae.
3308 2420 3372 2474 Et
3413 2418 3525 2474 hoc
3557 2434 3919 2474 concessum
3944 2435 3976 2473 a

2321 2501 2522 2569 nobis,
2552 2507 2608 2557 et
2633 2502 2710 2558 ab
2743 2503 2995 2576 imperio
3025 2511 3234 2562 nostro
3261 2512 3316 2563 et
3337 2507 3617 2563 volumus
3643 2524 3754 2563 nos
3775 2510 3976 2580 ipsum

2321 2591 2657 2663 principem
2685 2595 3122 2665 apostolorum,
3139 2601 3194 2652 et
3216 2613 3595 2653 successores
3612 2598 3740 2669 ejus
3761 2614 3831 2653 ex
3851 2613 3975 2670 per-

2325 2695 2470 2736 sona
2491 2681 2641 2752 ejus,
2672 2684 2901 2755 primos
2927 2685 3004 2740 ad
3035 2689 3221 2742 Deum
3254 2690 3453 2742 Patres
3482 2703 3614 2742 esse
3659 2691 3716 2741 et
3771 2686 3975 2743 defen-

2325 2785 2509 2825 sores.
2539 2775 2605 2827 Et
2636 2773 2785 2829 sicut
2814 2774 3142 2846 imperialis
3181 2781 3443 2848 potestas
3482 2781 3688 2832 nostra
3720 2777 3781 2832 in
3824 2781 3976 2832 terra

2323 2865 2637 2917 veneratur
2666 2867 2724 2918 et
2751 2863 3206 2929 honoratur,sic
3232 2865 3549 2936 faciamus,
3578 2871 3642 2922 ut
3662 2871 3977 2922 veneretur

2324 2957 2379 3009 et
2407 2952 2732 3008 honoretur
2762 2955 3032 3009 Romana
3056 2954 3331 3020 Ecclesia,
3358 2960 3412 3010 et
3435 2955 3628 3025 magis
3659 2971 3849 3028 quam
3871 2955 3976 3010 im-

2325 3042 2554 3115 perium
2577 3047 2871 3098 nostrum.
2900 3046 2962 3098 Et
2984 3048 3268 3101 aeternam
3323 3045 3528 3100 sedem
3559 3051 3832 3101 sanctam
3875 3061 3972 3100 ca—

566 3140 680 3205 tur,
708 3136 979 3210 despicit,
1004 3141 1106 3192 aut
1133 3136 1323 3207 rejicit
1346 3136 1564 3192 horum
1603 3139 2088 3210 conparationem
2122 3140 2214 3196 vel
2248 3153 2288 3206 ρ
2327 3131 2600 3187 thedram
2633 3131 2792 3188 beati
2822 3132 2968 3187 Petri
3004 3133 3288 3188 volumus
3343 3133 3663 3204 gloriticari
3718 3141 3777 3189 et
3817 3133 3972 3188 exal-

567 3225 853 3291 oﬁicium,
887 3225 1416 3297 tanquaminutile.
1442 3228 1508 3280 Et
1531 3226 1623 3281 his
1649 3227 1873 3299 itaque,
1907 3244 2040 3299 quae
2061 3230 2219 3286 circa

566 3320 830 3371 vestram
853 3315 1237 3386 prmsentiam
1261 3320 1422 3380 sunt,
1439 3315 1736 3372 habemus
1762 3316 2106 3387 parabolice
2135 3319 2217 3375 lo-

569 3403 696 3474 qui,
716 3419 752 3458 ο
771 3402 1168 3458 sanctissime.
1190 3406 1334 3458 Nam
1351 3419 1490 3459 cum
1508 3405 2037 3476 caputsacerdotii,
2055 3407 2221 3480 quod

571 3491 633 3546 in
664 3491 893 3546 Christo
919 3494 1026 3560 est,
1062 3491 1349 3546 canonice
1370 3508 1479 3547 vos
1504 3508 1632 3547 esse
1663 3498 2034 3564 reputamus,
2079 3511 2221 3551 con-

552 3593 720 3661 .grue
741 3579 1068 3650 quaerimus
1091 3593 1199 3649 per
1225 3595 1334 3634 vos
1361 3579 1648 3635 auxilium
1681 3581 1895 3646 dolori,
1936 3583 2041 3654 qui
2081 3600 2224 3639 con-

574 3668 765 3737 tingit,
787 3671 844 3722 et
869 3667 1142 3723 tristitiae.
1177 3667 1584 3724 Ecclesiastico
1610 3684 1752 3741 ergo
1771 3672 2025 3742 corpori,
2057 3673 2222 3744 quod

574 3756 636 3812 in
666 3756 842 3812 nobis
863 3762 968 3828 est,
1003 3762 1246 3829 propter
1266 3757 1642 3829 pestilentem
1660 3765 1716 3814 et
1732 3760 2073 3816 morbidam
2093 3762 2220 3835 pla-

573 3862 717 3917 gam
747 3846 1089 3902 animarum
1129 3863 1165 3903 a
1221 3847 1534 3919 tyrannica
1577 3853 1868 3920 potestate
1912 3850 2218 3923 inﬂictam,

574 3935 1047 3993 consolationem
1084 3936 1315 3994 mittite.
1353 3940 1598 3993 Prorsus
1645 3939 1805 3994 enim
1827 3940 2053 3996 ratione
2085 3958 2223 4013 pro-

572 4025 842 4098 prietatis
869 4025 1100 4097 capitis,
1127 4026 1604 4096 nosinconsultc,
1631 4029 1724 4084 vel
1749 4044 1873 4083 non
1892 4029 2223 4086 voluntarie

573 4114 908 4171 inﬁrmatos
955 4131 1074 4171 non
1119 4116 1488 4187 despiciatis,
1535 4133 1730 4187 neque
1771 4117 2140 4174 identitatem
2190 4136 2226 4174 a

574 4208 795 4258 natura
823 4203 1012 4273 obliti,
1041 4205 1339 4274 repellatis
1369 4221 1480 4259 nos
1512 4205 1642 4274 (2t),
1672 4205 1774 4260 sed
1812 4208 2006 4274 magis
2029 4207 2224 4278 plagis

573 4292 795 4348 nostris
827 4292 1216 4348 condoleatis.
1244 4295 1393 4350 Cum
1415 4295 1576 4349 enim
1603 4298 1836 4362 patitur
1854 4313 2036 4352 unum
2056 4314 2227 4354 mem-

577 4380 840 4449 brorum,
892 4380 1225 4436 secundum
1285 4382 1448 4436 Pauli
1494 4399 1726 4450 vocem,
1785 4388 2229 4452 compatiuntur

574 4467 790 4523 merito
816 4469 1017 4523 omnia
1037 4470 1302 4524 membra
1321 4471 1388 4524 ⁵³.
1417 4473 1582 4526 Nunc
1603 4471 1781 4539 igitur
1807 4479 1864 4527 et
1888 4490 2225 4540 recursum,

575 4555 783 4627 quoad
813 4556 1130 4611 sanitatem
1157 4557 1254 4623 sit,
1280 4557 1360 4613 ad
1402 4559 1837 4616 restitutionem
1896 4563 2224 4633 perfectam

574 4643 753 4700 nobis
777 4645 1082 4700 concedite
1103 4644 1452 4715 justissime.
1474 4649 1837 4714 Etmaxime,
1863 4652 2109 4722 quando
2139 4654 2228 4710 in-

573 4736 828 4793 ﬁrmitas
854 4736 1233 4792 occasionem
1273 4753 1395 4794 non
1429 4739 1555 4794 sine
1586 4755 1770 4796 causa
1819 4743 2085 4814 corporis
2131 4746 2225 4801 sui

574 4824 1042 4881 stabilimentum
1056 4827 1369 4898 acceperit,
1385 4827 1490 4883 sed
1513 4828 1591 4883 ad
1613 4828 1981 4885 extrinsecus
2017 4837 2225 4890 coacto

572 4917 631 4970 et
653 4913 1422 4985 improvisoimpensa,sive
1445 4932 1655 4972 casum
1680 4933 1855 4973 suum
1869 4921 2223 4990 acceperit.»

641 5004 861 5060 Postea
884 5007 1078 5060 mutat
1104 5019 1446 5076 personam,
1487 5007 1630 5078 quia
1657 5005 1923 5081 loquitur
1949 5009 2220 5076 concilio,

569 5093 735 5165 quod
760 5087 1233 5163 congregaverat
1266 5111 1444 5167 papa,
1483 5101 1729 5168 propter
1758 5097 2036 5153 eamdem
2086 5115 2222 5155 cau-

570 5196 722 5251 sam,
757 5181 831 5237 de
861 5197 984 5253 qua
1013 5182 1108 5238 hic
1149 5183 1348 5251 igitur,
1381 5184 1601 5240 scilicet
1626 5191 1870 5257 propter
1898 5187 2218 5243 Iconoma-

566 5267 740 5339 chos,
758 5269 974 5329 scilicet
996 5270 1450 5344 impugnatores
1466 5273 1822 5344 imaginum.
1843 5275 1983 5331 Inde
2006 5275 2214 5332 subdi-

638 5501 690 5538 ²³
728 5500 748 5557 l
771 5502 897 5558 Cor.
924 5503 1027 5567 xii,
1059 5505 1148 5560 29.

663 5624 754 5769 21g
797 5625 983 5681 Locus
1004 5625 1300 5683 obscurus
1331 5632 1388 5685 et
1414 5629 1769 5686 mendosus.

663 5697 732 5753 2'2
793 5697 928 5754 Hac
958 5697 1323 5763 Constantini
1351 5699 1598 5767 donatio
1625 5701 1769 5760 ﬁdei

2331 3221 2442 3278 tari
2467 3239 2477 3275 :
2499 3221 2708 3277 dantes
2730 3222 2781 3276 ei
2810 3225 3184 3293 potestatem,
3211 3226 3265 3278 et
3288 3222 3491 3292 glorize
3512 3223 3888 3292 dignitatem,
3934 3227 3983 3276 et

2333 3311 2736 3367 discernentes
2758 3310 3064 3366 sancimus
3092 3316 3154 3368 ut
3182 3311 3404 3367 habeat
3432 3316 3788 3383 potestatem
3824 3312 3980 3382 prin-

2336 3400 2611 3473 cipalem,
2645 3406 2700 3456 et
2728 3401 2799 3455 sit
2820 3403 2952 3472 ipsa
2981 3405 3160 3472 caput
3186 3407 3447 3472 quatuor
3487 3401 3742 3462 sedium,
3767 3401 3985 3456 scilicet

2337 3489 2494 3545 sedis
2525 3489 2920 3555 Alexandriae,
2955 3490 3299 3556 Antiochiae,
3327 3489 3908 3562 Hierosolymorum,
3936 3495 3985 3544 et

2338 3577 2896 3650 Constantinopolis.
2923 3581 2989 3634 Et
3009 3579 3276 3634 similiter
3304 3579 3364 3635 in
3390 3579 3676 3635 omnibus
3711 3577 3983 3634 Ecclesiis

2336 3668 2518 3723 totius
2550 3668 2711 3723 orbis
2738 3668 3076 3740 episcopus,
3110 3669 3212 3740 qui
3244 3674 3332 3725 est
3357 3669 3416 3724 in
3457 3674 3667 3724 sancta
3721 3671 3986 3724 Romana

2336 3756 2596 3813 Ecclesia
2617 3757 2899 3812 sacerdos
2919 3757 3146 3812 mundi.
3173 3759 3237 3812 Et
3252 3757 3548 3830 quidquid
3569 3761 3659 3814 est
3671 3756 3752 3813 ad
3766 3757 3984 3813 sancti-

2334 3854 2538 3914 titem,
2572 3846 2665 3901 vel
2701 3845 3011 3902 utilitatem
3043 3847 3167 3917 Dei,
3190 3850 3246 3902 et
3288 3846 3738 3913 correctionem,
3798 3852 3859 3902 et
3900 3846 3986 3902 ﬁr-

2338 3938 2604 3993 mitatem
2633 3935 2772 3991 ﬁdei
2796 3935 3286 4002 Christianorum,
3319 3939 3383 3992 ut
3409 3935 3486 3991 ab
3512 3937 3644 4007 ipso
3660 3936 3976 4008 judicetur.

2337 4029 2570 4082 Justum
2595 4028 2681 4080 est
2712 4024 2892 4090 enim,
2922 4028 2986 4079 ut
3011 4023 3095 4079 ibi
3119 4029 3330 4081 sancta
3358 4024 3698 4080 luxhabeat
3725 4029 3908 4096 caput
3931 4028 3977 4076 et

2337 4113 2721 4186 principium,
2743 4112 2847 4184 qui
2869 4116 3110 4168 sanctus
3141 4112 3483 4182 Legislator,
3508 4112 3567 4167 id
3588 4117 3698 4180 est,
3725 4112 3983 4168 Salvator

2337 4209 2540 4260 noster
2563 4205 2736 4258 Jesus
2766 4201 3031 4258 Christus
3059 4201 3234 4257 beato
3268 4201 3638 4273 Petrojussit
3669 4208 3870 4257 tenere
3901 4218 3980 4256 ca-

2337 4293 2634 4356 thedram,
2666 4295 2722 4347 et
2751 4291 2930 4346 etiam
2961 4290 3064 4346 ubi
3095 4291 3439 4362 passionem
3468 4291 3752 4346 sustinuit
3773 4291 3978 4352 crucis,

2337 4389 2392 4440 et
2420 4383 2611 4439 beataa
2642 4381 2848 4437 mortis
2880 4380 3124 4436 calicem
3152 4380 3320 4451 bibit,
3356 4381 3546 4437 factus
3576 4380 3844 4436 imitator
3884 4383 3979 4436 Ma-

2264 4509 2306 4562 D
2339 4472 2503 4542 gistri
2532 4476 2587 4526 et
2617 4469 2850 4526 Domini
2882 4470 2991 4538 sui,
3038 4474 3094 4524 et
3123 4473 3188 4562 ut
3211 4469 3435 4525 ibidem
3467 4474 3674 4540 gentes
3704 4469 3979 4562 inclinent

2339 4561 2535 4633 capita
2566 4576 2674 4614 sua
2715 4563 2958 4631 propter
3011 4557 3451 4614 confessionem
3510 4558 3777 4614 nominis
3836 4557 3978 4613 Chri-

2341 4651 2434 4715 sti,
2491 4650 2592 4704 ubi
2635 4649 2843 4704 doctor
2889 4664 3099 4703 eorum
3151 4648 3366 4704 beatus
3408 4647 3628 4704 Paulus
3676 4649 3976 4720 apostolus

2337 4745 2581 4812 propter
2611 4739 2908 4794 Christum
2939 4737 3268 4792 extendens
3321 4740 3632 4804 cervicem,
3697 4753 3976 4793 coronam

2337 4829 2603 4900 martyrii
2627 4828 2908 4899 suscepit,
2941 4831 2999 4882 et
3027 4843 3218 4900 usque
3249 4827 3306 4882 in
3340 4828 3521 4885 tinem
3549 4828 3764 4882 mundi
3804 4827 3883 4882 ibi
3907 4842 3980 4882 re-

2335 4918 2574 4990 quirant
2605 4917 2934 4984 doctorem,
2956 4915 3059 4971 ubi
3087 4921 3433 4973 sanctorum
3462 4915 3728 4988 reliquiae
3759 4917 3976 4989 requie-

2334 5010 2526 5063 scunt.
2550 5028 2579 5057 ››

2404 5101 2468 5153 Et
2493 5095 2684 5152 intra:
2724 5119 2744 5145 ι
2781 5097 3022 5168 Propter
3049 5095 3164 5151 hoc
3195 5095 3332 5152 utile
3361 5095 3760 5164 aestimamus,
3805 5095 3976 5166 impe-

2329 5186 2485 5242 rium
2504 5191 2774 5242 nostrum
2792 5191 2849 5242 et
2868 5186 3203 5256 potentiam
3226 5185 3460 5257 imperii
3485 5184 3559 5241 ad
3574 5189 3779 5257 partes
3803 5187 3976 5240 orien-

2329 5275 2476 5333 tales
2507 5275 2833 5342 transferri,
2875 5273 3024 5336 etin
3059 5275 3364 5346 regionem
3415 5273 3702 5347 Byzantii,
3757 5274 3818 5330 in
3863 5273 3977 5332 loco

793 5697 928 5754 Haec
958 5697 1323 5763 Constantini
1351 5699 1598 5767 donatio
1625 5701 1812 5762 ﬁdem
1837 5717 1964 5766 non
1993 5708 2254 5766 meretur
2293 5708 2352 5780 et
2377 5719 2414 5768 a
2441 5703 2662 5784 criticis
2692 5703 2980 5772 omnibus
3003 5701 3386 5777 reprobatur.
