4020 6310
103 304 210 358 537
1525 303 1801 361 CONTRA
1844 303 2156 362 GRECOS.
3438 309 3540 366 538

102 425 237 483 utili
272 425 581 484 civitatem
603 426 882 498 condere,
913 429 971 485 et
1014 427 1338 502 imperium
1366 433 1641 486 nostrum
1670 430 1775 488 ibi-
1812 435 1856 487 A
1886 429 2053 503 quod
2077 429 2259 501 legati
2286 430 2457 488 missi
2487 431 2566 488 ab
2596 446 2667 490 ea
2697 433 3272 508 Constantinopolim
3299 448 3541 490 summo

102 516 254 574 dem
289 516 612 574 collocare.
644 517 943 583 Quoniam
963 517 1066 574 ubi
1088 522 1175 575 est
1194 518 1558 592 principium
1589 535 1778 576 sacer-
1889 535 2026 576 cum
2057 520 2286 577 honore
2308 524 2364 578 et
2387 521 2673 580 laudibus
2700 525 3124 596 reciperentur.
3157 524 3298 582 Inde
3346 530 3455 593 est,
3479 528 3544 580 ut

101 605 290 674 dotii,
326 610 382 662 et
413 611 599 680 caput
619 606 965 664 Christianas
1026 607 1330 678 religionis
1359 624 1396 666 a
1425 611 1578 679 Rege
1604 609 1779 665 ccelo-
1887 609 2356 683 ipseimperator
2377 610 2450 666 de
2471 627 2629 684 equo
2649 613 2894 685 proprio
2915 612 3440 686 resiliens,equum
3464 612 3543 668 le-

99 712 248 752 rum
282 695 598 761 traditum,
620 695 942 766 indignum
961 700 1068 767 est,
1097 699 1164 754 ut
1213 696 1297 754 ibi
1352 713 1459 756 rex
1509 702 1780 756 terrenus
1888 702 2164 770 gatorum
2187 699 2460 772 pedester
2499 701 2755 759 traheret
2790 702 2902 774 ('25)
2940 717 3134 776 usque
3156 701 3229 757 ad
3252 699 3542 773 palatium

101 783 351 842 habeat
379 789 761 858 potestatem.
792 807 818 836 ››
1888 787 2057 862 quod
2110 787 2521 846 Cardinalium
2569 791 2919 859 vocabatur,
2977 790 3269 848 imitando
3323 785 3544 843 scilicet

177 877 330 930 Haec
363 878 421 931 et
451 874 548 930 his
581 873 804 931 similia
833 890 1022 949 quam
1039 875 1300 950 plurima
1320 877 1700 934 continentur
1718 877 1780 936 in
1890 877 2300 934 Constantium
2361 879 2402 946 Ι,
2492 879 2967 937 Christianorum
3027 879 3384 952 principem,
3438 874 3543 947 qui

102 963 278 1019 dicto
313 962 630 1037 privilegio
657 964 1044 1034 Constantini,
1073 965 1240 1037 quod
1284 965 1364 1023 ad
1404 967 1697 1024 honorem
1725 971 1781 1023 et
1888 963 2066 1022 beato
2097 966 2396 1038 Sylvestro
2426 967 2609 1026 talem
2636 971 3036 1027 reverentiam
3071 965 3442 1040 dignoscitur
3465 964 3543 1020 fe-

100 1053 526 1112 reverenliam
554 1057 949 1111 sacrosanctae
995 1057 1281 1112 Romanae
1342 1055 1638 1124 Ecclesiae,
1680 1056 1780 1114 illo
1890 1053 2064 1121 cisse,
2097 1059 2276 1128 prout
2299 1056 2361 1111 in
2389 1057 2638 1130 praefato
2663 1057 2974 1129 privilegio
2991 1056 3324 1113 continetur
3352 1052 3543 1110 mani-

100 1145 395 1216 tempore
421 1143 642 1198 Graecis
671 1147 729 1200 et
754 1143 993 1211 Latinis,
1015 1148 1080 1200 ut
1114 1143 1342 1201 dictum
1399 1149 1510 1212 est,
1569 1145 1777 1203 litteris

99 1232 554 1305 promulgavit.
578 1235 696 1289 Hoc
722 1238 923 1290 tamen
946 1249 982 1290 a
1003 1235 1324 1307 semetipso
1371 1251 1495 1291 non
1545 1235 1777 1303 habuit,

103 1323 214 1378 sed
240 1339 394 1379 cum
417 1327 729 1380 essettunc
751 1327 1020 1396 tempore
1056 1324 1627 1392 Christianissimus,
1651 1342 1783 1382 san—
1891 1324 1983 1380 usi
2011 1341 2243 1392 sumus,
2271 1342 2378 1398 per
2409 1328 2767 1399 scripturam
2785 1328 3094 1402 publicam
3116 1326 3345 1382 cunctis
3369 1325 3541 1379 inno-

103 1415 357 1468 ctorum
398 1417 796 1468 trecentorum
829 1411 1036 1468 decem
1071 1417 1126 1469 et
1155 1414 1548 1482 octo;Patrum
1589 1414 1784 1470 conci-
1890 1417 2142 1469 tescant.
2187 1436 2205 1465 ι
2253 1415 2417 1471 Unde
2441 1419 2602 1472 tanta
2625 1417 2858 1474 caecitas
2885 1415 3190 1473 modernis
3219 1413 3451 1479 Graecis,
3484 1416 3542 1469 et

100 1501 181 1556 lio
202 1501 508 1557 interesse
536 1503 754 1558 meruit
783 1501 875 1558 vel
913 1502 1175 1569 studuit;
1219 1506 1274 1559 et
1294 1503 1509 1560 eodem
1567 1505 1783 1576 Spiritu
1893 1505 2109 1560 mentis
2141 1504 2466 1575 hebetudo,
2491 1511 2555 1562 ut
2583 1507 2807 1574 dicant,
2828 1522 2889 1563 se
2918 1522 3040 1563 non
3088 1505 3272 1562 teneri
3296 1503 3374 1560 ad
3403 1501 3542 1560 obe-

104 1604 231 1661 quo
267 1594 330 1646 et
353 1589 471 1662 ipsi
522 1589 702 1663 pleni,
750 1591 954 1646 sedem
1000 1590 1418 1662 apOStolorum
1473 1591 1780 1664 principis,
1893 1592 2178 1648 dientiam
2212 1594 2484 1650 Ecclesiae
2515 1595 2856 1652 Romanae?
3371 1589 3373 1592 ⁴

105 1684 293 1751 prout
328 1679 394 1735 in
426 1680 748 1748 Evangelia
776 1696 812 1735 a
841 1680 1095 1736 Domino
1127 1680 1440 1752 didicerat,
1465 1681 1525 1736 in
1556 1682 1783 1738 honore
1967 1684 2106 1737 Item
2133 1698 2500 1754 quaeramus,
2542 1689 2598 1740 et
2627 1684 2744 1756 ipsi
2787 1683 3222 1758 respondeant:
3273 1685 3388 1736 Aut
3408 1679 3541 1736 reli-

107 1768 377 1840 dignam
408 1785 539 1825 esse
569 1770 848 1828 decrevit.
871 1770 955 1826 Ibi
987 1771 1145 1826 enim
1169 1769 1435 1843 praedicti
1460 1771 1651 1828 sancti
1683 1774 1783 1827 Pa-
1816 1788 1855 1841 Β
1894 1771 2022 1843 quit
2044 1771 2282 1826 Petrum
2308 1773 2676 1829 utvicarium
2699 1773 2854 1830 sedis
2881 1789 3028 1843 suae,
3055 1775 3159 1828 aut
3173 1785 3315 1828 non.
3348 1769 3406 1826 Si
3435 1769 3538 1838 sic,

107 1865 227 1914 tres
241 1859 714 1932 praerogativam
736 1858 1089 1928 dignitatem
1118 1857 1388 1914 Ecclesiis
1417 1875 1522 1931 per
1553 1860 1784 1916 univer-
1894 1859 2191 1916 habemus
2218 1861 2616 1934 propositum,
2643 1866 2701 1918 et
2727 1867 2922 1918 cessat
2949 1862 3148 1918 omnis
3190 1858 3463 1934 quaestio,
3487 1861 3544 1915 et

109 1964 251 2004 sum
296 1947 517 2004 orbem
581 1948 1018 2022 dispensantes,
1074 1951 1411 2006 Romanam
1464 1948 1784 2006 Ecclesiam

1889 1143 2060 1202 feste.
2092 1145 2182 1200 Ait
2202 1145 2393 1204 enim:
2424 1167 2451 1196 «
2479 1149 2542 1202 Et
2560 1151 2823 1204 tenentes
2853 1148 3086 1204 frenum
3117 1147 3268 1218 ejus,
3299 1147 3544 1217 propter

1889 1235 2163 1290 timorem
2200 1239 2256 1291 et
2294 1238 2691 1294 reverentiam
2718 1239 2782 1295 Β.
2831 1239 2997 1306 Petri,
3057 1236 3323 1294 stratoris
3344 1232 3542 1290 ofﬁcio

112 2052 249 2093 esse
267 2041 460 2110 caput
476 2038 750 2094 omnium
770 2038 1166 2095 Ecclesiarum
1200 2038 1259 2092 in
1284 2038 1406 2094 suis
1426 2038 1786 2095 deﬁnierunt

113 2126 434 2181 sententiis
463 2145 477 2194 ;
507 2132 683 2200 prout
712 2127 772 2182 in
822 2125 1221 2200 praeallegatis
1277 2126 1539 2183 conciliis
1588 2142 1787 2183 neces-

111 2215 274 2271 sario
303 2216 764 2288 comprobatur.

184 2304 308 2361 Sed
338 2310 396 2360 et
449 2305 662 2378 reliqui
706 2306 1096 2378 imperatores
1137 2304 1453 2360 orthodoxi
1499 2305 1785 2362 thronum

111 2393 271 2449 Petri
289 2393 580 2449 omnibus
604 2393 1160 2468 aliis'prreferentes,
1180 2393 1330 2450 tales
1375 2393 1449 2449 de
1471 2395 1606 2466 ipsa
1623 2395 1784 2465 leges

110 2482 565 2539 condiderunt:
603 2507 628 2532 ‹‹
657 2484 962 2554 Volumus,
1014 2488 1078 2540 ut
1124 2483 1323 2540 omnis
1381 2484 1546 2552 regio
1601 2486 1782 2542 eccle-

113 2573 367 2628 siastica
380 2573 847 2629 consuetudines
864 2577 1143 2630 Romanae
1163 2572 1436 2628 Ecclesiae
1453 2574 1734 2632 imitetur.
1753 2601 1778 2626 ))

113 2663 175 2716 Et
204 2661 472 2717 iterum:
505 2685 525 2712 ε
566 2663 792 2718 Dictam
819 2663 1022 2718 sedem
1050 2661 1215 2718 omni
1256 2661 1485 2717 honore
1531 2662 1780 2733 dignam

114 2749 526 2818 decrevimus,
558 2753 702 2824 quia
755 2752 1051 2825 quidquid
1081 2752 1154 2806 ad
1186 2750 1610 2808 correctionem
1641 2753 1781 2811 fidei

114 2845 374 2910 spectat,
408 2841 489 2896 ab
518 2841 619 2896 illa
645 2841 784 2897 sede
816 2841 923 2897 fuit
951 2857 1188 2916 semper
1233 2844 1560 2912 receptum,
1594 2859 1782 2901 corre-

116 2934 282 2985 ctum
307 2933 366 2985 et
398 2931 805 2986 emendatum.
838 2953 866 2980 ››

187 3022 339 3085 Quae
379 3025 598 3076 cuncta
668 3020 716 3075 si
747 3019 1000 3090 diligens
1048 3019 1232 3079 lector
1269 3024 1564 3081 discutere
1602 3022 1780 3090 volet,

1897 1967 2110 2006 sumus
2144 1950 2205 2005 in
2232 1967 2399 2023 pace.
2425 1951 2481 2007 Si
2515 1967 2672 2008 non:
2724 1952 2830 2008 sed
2878 1951 3092 2008 eadem
3117 1951 3369 2018 ratione,
3398 1949 3542 2020 quia

1895 2042 2098 2096 Petrus
2123 2055 2243 2095 non
2271 2039 2642 2113 relinquitur,
2665 2057 2776 2096 nec
2805 2041 3095 2105 Andreas,
3122 2054 3231 2096 nec
3259 2037 3537 2103 Jacobus,

1896 2144 2006 2184 nec
2037 2129 2256 2202 aliquis
2283 2129 2432 2185 alius
2459 2129 2786 2203 apostolus.
2815 2129 2981 2186 Unde
3011 2143 3153 2200 ergo
3183 2128 3246 2183 in
3282 2125 3542 2183 Ecclesia

1897 2216 2215 2274 multitudo
2241 2218 2494 2285 sedium,
2530 2224 2585 2274 et
2610 2219 2968 2289 dignitatum
2993 2217 3327 2283 diversitas,
3387 2219 3444 2270 et
3470 2213 3541 2270 li—

1897 2305 2080 2375 gandi
2104 2312 2283 2379 atque
2306 2308 2568 2363 solvendi
2598 2309 2831 2364 animas
2855 2311 3020 2364 tanta
3039 2309 3302 2379 potestas
3326 2304 3354 2359 ?
3376 2302 3542 2360 Unde

1894 2394 2072 2450 etiam
2105 2395 2761 2469 Constantinopolitano
2818 2395 3057 2469 praesuli
3091 2397 3255 2450 tanta
3291 2391 3382 2448 vel
3413 2390 3542 2447 talis

1891 2489 2182 2555 potestas,
2217 2487 2375 2540 unde
2405 2485 2566 2541 dicat
2605 2502 2669 2541 se
2701 2486 2964 2558 primum
2994 2490 3129 2557 post
3176 2497 3421 2556 papam,
3451 2479 3543 2536 vel

1893 2588 2074 2646 super
2130 2573 2278 2630 alios
2331 2575 2705 2647 patriarchas
2762 2575 2789 2630 ‘?
2832 2575 2945 2633 Sed
3002 2575 3225 2640 dicunt,
3284 2568 3451 2644 quod
3507 2585 3545 2628 a

1893 2662 2181 2718 conciliis.
2215 2664 2328 2720 Sed
2349 2664 2603 2720 concilia
2651 2663 2855 2720 sedem
2909 2663 3080 2733 Petri,
3121 2665 3301 2735 prout
3345 2663 3544 2717 osten-

1893 2767 2028 2807 sum
2060 2755 2166 2820 est,
2195 2752 2324 2808 aliis
2355 2753 2695 2826 praeferunt.
2732 2753 2896 2810 Unde
2943 2753 3154 2809 beatus
3206 2751 3542 2823 Stephanus

1890 2846 2014 2909 νέος,
2059 2839 2121 2896 id
2161 2845 2270 2907 est,
2304 2858 2492 2897 novus
2531 2848 2760 2915 martyr
2789 2841 3048 2914 (supple,
3078 2841 3192 2910 his,
3224 2839 3329 2912 qui
3364 2852 3544 2894 voca-

1890 2929 2039 2986 bant
2066 2945 2206 2986 eum
2235 2931 2311 2986 ad
2342 2931 2652 3004 quoddam
2685 2931 2906 2986 falsum
2937 2930 3274 2998 concilium)
3299 2941 3542 3000 respon—

1892 3020 2013 3076 dit:
2041 3042 2069 3071 α
2102 3021 2416 3086 Quomodo
2439 3027 2635 3077 vestra
2666 3020 2937 3092 synodus
2963 3018 3323 3075 universalis
3369 3031 3544 3072 voca-

123 3109 400 3165 inveniet
450 3107 550 3165 illa
605 3108 738 3176 tria,
787 3125 924 3182 qua:
981 3110 1040 3165 in
1087 3111 1380 3185 principio
1408 3114 1576 3170 istius
1600 3111 1785 3185 partis
1815 3138 1856 3193 ρ
1893 3107 2071 3175 bitur,
2097 3109 2156 3164 in
2201 3124 2321 3180 quo
2369 3111 2641 3164 Romano
2693 3123 2814 3163 non
2861 3107 3086 3180 placuit
3126 3103 3385 3179 praesuli,
3417 3104 3542 3158 sine

125 3197 372 3254 fuerant
400 3199 672 3270 quaesita,
714 3214 842 3255 esse
896 3198 1111 3256 soluta.
1164 3201 1444 3259 Videlicet
1494 3218 1616 3274 quo
1642 3206 1787 3256 tem-

122 3303 273 3360 pore
295 3289 575 3343 Romana
627 3287 884 3344 Ecclesia
929 3288 1141 3346 habuit
1190 3290 1366 3348 istam
1413 3294 1784 3363 potestatem,

124 3375 216 3430 vel
243 3391 280 3431 a
309 3391 457 3447 quo,
480 3380 537 3431 et
555 3381 756 3432 utrum
779 3393 960 3448 super
983 3393 1196 3434 omnes
1240 3379 1669 3449 universaliter,
1693 3376 1788 3434 vel

125 3463 567 3536 particulariter
597 3479 778 3536 super
802 3464 1062 3536 aliquos.
1121 3468 1294 3533 Quod
1350 3469 1565 3524 iterum
1613 3483 1786 3539 repe-

123 3556 325 3608 tentes
343 3552 600 3608 dicimus
629 3569 643 3608 :
670 3553 844 3618 Quod
860 3554 1275 3612 auctoritatem
1299 3557 1512 3613 habuit
1532 3553 1790 3612 Ecclesia

126 3657 162 3698 a
185 3642 444 3712 Christo,
476 3642 779 3699 mediante
811 3647 996 3712 Petro,
1030 3647 1125 3701 cui
1155 3662 1301 3704 cura
1331 3647 1604 3703 omnium
1622 3644 1787 3717 spiri-

132 3731 386 3788 tualium
429 3731 762 3804 specialiter
785 3732 1280 3808 singular-iterque
1305 3735 1412 3791 fuit
1433 3734 1786 3792 commissa:

133 3820 583 3876 exsecutionem
603 3825 801 3876 tamen
847 3823 1176 3893 potestatis,
1204 3824 1292 3880 vel
1307 3823 1672 3880 auctoritatis
1688 3823 1790 3879 ha-

127 3907 225 3965 bet
247 3908 514 3964 Ecclesia
534 3925 567 3963 a
590 3910 788 3981 primo
807 3909 1058 3966 concilio
1081 3914 1280 3968 Nicaeae
1301 3913 1596 3969 celebrato
1646 3911 1784 3979 (23):

127 3997 188 4053 in
204 4013 336 4071 quo
357 4013 744 4070 unaquaeque
778 3999 948 4054 sedes
978 4000 1315 4057 secundum
1339 4002 1473 4073 plus
1491 4007 1544 4056 et
1565 4001 1788 4069 minus,

128 4085 428 4142 honorem
462 4086 540 4142 ab
570 4087 865 4159 apostolis
896 4093 1221 4160 receperat,
1248 4096 1304 4145 et
1325 4090 1524 4146 minus
1547 4089 1653 4145 fuit
1678 4090 1790 4161 pri-

128 4175 411 4245 vilegiata
444 4179 500 4232 et
555 4174 847 4232 exaltata:
907 4176 1262 4249 dignitatern
1315 4195 1458 4235 vero
1499 4184 1555 4234 et
1581 4183 1788 4251 poten-

127 4264 272 4320 tiam
299 4263 693 4336 temporalem
714 4265 1279 4338 recepitaﬁdelibus
1304 4267 1786 4339 imperatoribus,

128 4354 229 4425 qui
263 4357 594 4425 atempore
628 4356 687 4407 Β.
714 4353 1014 4426 Sylvestri,
1067 4371 1177 4426 pro
1205 4372 1276 4410 ea
1301 4355 1578 4427 publicas
1624 4355 1786 4424 leges

128 4441 602 4513 promulgantes,
632 4443 684 4497 ei
712 4458 920 4516 pacem
955 4443 1270 4501 dederunt.
1316 4445 1498 4516 Unde,
1535 4451 1590 4500 et
1613 4444 1788 4500 donis
1818 4472 1862 4525 ο

128 4528 468 4600 largissime
489 4532 712 4595 dotata,
734 4529 834 4602 jus
863 4548 1040 4586 suum
1072 4531 1254 4588 libere
1278 4548 1456 4604 super
1477 4549 1707 4603 omnes,
1733 4538 1789 4588 et

129 4619 357 4692 ubique
379 4634 453 4674 ex
472 4623 614 4674 tunc
645 4619 826 4692 coepit
854 4621 1194 4676 extendere.
1226 4621 1389 4678 Unde
1423 4628 1478 4678 et
1503 4623 1654 4678 duos
1686 4639 1787 4694 pa-

131 4708 421 4764 triarchas
450 4707 744 4775 Photium,
767 4713 822 4765 et
842 4708 1174 4780 quemdam
1221 4709 1404 4766 alium
1431 4713 1540 4782 (24)
1561 4711 1620 4767 in
1639 4711 1785 4766 urbe

131 4796 794 4868 Constantinopolitana
870 4796 1230 4869 deposuisse
1279 4797 1671 4868 dignoscitur,
1732 4800 1790 4852 et

132 4886 436 4961 quosdam
459 4885 609 4941 alios
633 4886 1217 4944 excommunicasse.
1244 4890 1368 4943 lmo
1389 4888 1448 4943 in
1470 4892 1686 4943 cuncta
1703 4902 1788 4942 re-

132 4974 395 5032 verentia
418 4973 740 5031 habita'est
760 4979 899 5031 ante
926 4975 1194 5032 schisma
1225 4979 1400 5032 sedes
1431 4975 1784 5048 apostolica,

197 5146 313 5214 (23)
343 5145 464 5200 Hoc
479 5159 643 5216 sano
676 5160 857 5200 sensu
879 5143 1071 5216 accipi
1101 5143 1297 5200 debet.
1334 5147 1513 5201 Srew.

201 5218 320 5285 (24)
358 5215 710 5288 Anthimum
735 5216 991 5288 forsan,
1020 5215 1100 5271 ab
1126 5221 1398 5288 Agapeto
1441 5216 1785 5288 depositum

137 5287 512 5360 temporibus
530 5288 558 5340 J
571 5286 848 5360 ustiniani
863 5328 876 5351 ,
899 5286 1088 5360 voluit
1119 5286 1406 5360 indicare.
1438 5286 1605 5360 ΒΑὲΝ.

199 5357 311 5428 ('23)
347 5358 604 5431 Romani
629 5357 946 5431 pontifices
973 5358 1486 5431 Constantinopoli
1516 5375 1656 5431 suos
1683 5359 1788 5416 ha-

136 5425 686 5501 bere‘responsale‘s
711 5428 837 5484 sive
889 5428 1336 5501 apocrisiarios,
1362 5425 1494 5501 'sed
1536 5429 1618 5485 illi
1661 5445 1786 5487 non

137 5499 490 5572 dicebantur
514 5499 712 5572 legati,
753 5514 866 5554 nec
916 5499 1533 5572 fueruntcardinales,
1585 5516 1697 5557 nec
1724 5502 1788 5558 id

139 5584 173 5645 a
196 5569 596 5645 temporibus
620 5569 1012 5627 Constantini.
1063 5570 1171 5645 sed
1220 5571 1535 5645 Iustiniani
1561 5573 1788 5645 potius

140 5641 494 5701 institutum.
519 5644 635 5700 Nec
666 5647 808 5701 tunc
835 5641 1125 5716 temporis
1165 5642 1459 5717 palatium
1489 5641 1610 5703 fuit
1656 5659 1786 5702 car-

1894 3213 2017 3270 quo
2047 3197 2418 3270 impossibile
2449 3201 2535 3252 est
2555 3212 2824 3269 prorsus,
2855 3212 2951 3251 res
2981 3192 3415 3251 ecclesiasticas
3437 3206 3542 3248 ca-

1895 3285 2160 3342 nonizari
2189 3287 2216 3343 ?
2248 3307 2276 3335 »
2309 3285 2470 3341 Istud
2500 3285 2904 3342 testimonium
2933 3283 3226 3340 invenitur
3264 3280 3542 3355 passione

1897 3391 2008 3430 sua
2029 3374 2406 3431 confirmare.
2436 3377 2502 3430 Et
2522 3374 2748 3448 alioqui
2801 3374 3103 3431 inﬁrmare
3142 3376 3278 3429 ante
3315 3372 3542 3441 legatos

1897 3481 2020 3520 non
2058 3469 2290 3537 poterat
2345 3463 2687 3533 concilium,
2727 3480 2838 3520 nec
2881 3461 3233 3536 congregari
3278 3459 3543 3516 similiter

1900 3554 2029 3608 sine
2060 3568 2358 3608 consensu
2388 3568 2587 3626 papae.
2622 3556 2774 3624 Ergo
2812 3558 2870 3609 et
2918 3555 3222 3608 Romanus
3276 3547 3543 3621 pontifex

1896 3641 2078 3699 habet
2104 3646 2461 3714 potestatem
2485 3641 2750 3698 similiter
2771 3640 3163 3716 principalem
3178 3655 3214 3697 a
3237 3637 3500 3696 conciliis
3525 3652 3539 3702 ;

1899 3735 1955 3786 et
1978 3731 2118 3788 inde
2138 3735 2202 3788 ut
2232 3731 2416 3803 prius.

1973 3821 2028 3876 Si
2058 3835 2200 3875 vero
2226 3819 2517 3875 dixerint:
2567 3823 2683 3876 Nos
2711 3822 3063 3892 reputamus
3113 3832 3250 3872 eum
3306 3828 3542 3869 excom-

1900 3908 2271 3964 municatum
2285 3908 2687 3964 ethaereticum
2713 3909 2884 3980 :quia
2907 3905 3206 3964 addiditin
3222 3901 3505 3977 Symbolo
3525 3917 3538 3956 :

1903 3997 2206 4066 Filioque;
2234 4001 2290 4050 et
2310 3995 2443 4051 ideo
2466 4011 2586 4050 non
2619 3995 2972 4051 obediemus
3004 3995 3056 4049 ei
3087 3995 3221 4064 (26).

1973 4088 2113 4139 Item
2141 4082 2427 4154 quaeritur
2453 4082 2530 4137 ab
2578 4083 2693 4137 eis:
2747 4085 2811 4137 In
2863 4097 2986 4154 quo
3032 4078 3308 4146 concilio,
3355 4077 3544 4133 autin

1897 4189 2022 4246 qua
2051 4172 2286 4244 synodo
2315 4175 2512 4226 tantus
2566 4175 2776 4244 pastor
2805 4174 2861 4226 et
2919 4173 3086 4226 Pater
3144 4167 3414 4225 Ecclesiae
3439 4165 3550 4221 fuit

1899 4261 2206 4317 convictus
2228 4259 2302 4316 de
2325 4259 2644 4315 mendacio
2661 4264 2717 4316 et
2740 4259 2970 4324 hreresi,
2991 4257 3300 4315 communi
3315 4259 3546 4312 senten-

1898 4351 1978 4407 tia
2003 4350 2473 4406 condemnatus:
2502 4364 2638 4420 quae
2672 4365 2809 4404 cum
2838 4347 3150 4403 ostendere
3189 4360 3312 4401 non
3342 4350 3547 4417 potue-

1897 4443 2053 4503 runt,
2087 4440 2233 4511 quia
2259 4454 2575 4510 nunquam
2624 4437 2847 4493 factum
2887 4441 2993 4504 est,
3048 4435 3322 4502 dicimus,
3381 4432 3549 4506 quod

1899 4527 2129 4583 etiamsi
2160 4543 2368 4582 verum
2420 4530 2595 4592 esset,
2641 4525 2807 4598 quod
2855 4524 2909 4580 ei
2951 4524 3296 4598 imponitur,
3348 4527 3548 4578 tamen

1897 4617 2116 4672 falsum
2130 4621 2235 4686 est,
2258 4614 3190 4688 sicutsuprademonstravimus.
3212 4616 3548 4684 Antequam

1897 4708 2291 4761 convincatur
2345 4703 2754 4777 principaliter
2813 4718 2920 4776 per
2961 4702 3300 4768 concilium,
3345 4701 3552 4755 manet

1899 4809 2337 4867 semperpenes
2366 4809 2506 4850 eum
2549 4793 2913 4857 auctoritas;
2967 4807 3078 4848 nec
3133 4790 3310 4846 debet
3352 4786 3548 4857 vitari,

1899 4883 2006 4940 sed
2027 4899 2239 4940 omnes
2265 4887 2539 4938 tenentur
2591 4882 2644 4938 ei
2693 4882 2956 4948 obedire,
3011 4891 3346 4953 quousque,
3401 4877 3550 4932 sicut

1897 4973 2181 5042 diximus,
2212 4973 2272 5028 in
2294 4988 2401 5029 sua
2421 4971 2740 5045 praesentia
2761 4973 3158 5041 cognoscatur
3179 4981 3384 5023 causa.
3427 4965 3549 5022 Hoc

1897 5143 2223 5218 dinalium;
2256 5141 2480 5218 quippe
2512 5156 2630 5218 non
2667 5140 2727 5196 in
2749 5138 2980 5218 uadibus
3023 5135 3301 5218 propriis,
3358 5135 3467 5218 sed
3486 5135 3548 5191 in

1900 5215 2121 5286 palatio
2151 5209 2314 5286 regio
2338 5209 2694 5286 habitabant
2715 5209 3105 5286 apocrisiarii,
3161 5211 3436 5286 ut__pate_t
3478 5223 3547 5263 ex

1897 5278 2150 5360 epistola
2170 5278 2380 5360 Phocus
2409 5285 2489 5340 ad
2520 5278 2864 5360 Gregorium
2893 5283 3193 5360 Magnum.
3221 5278 3334 5360 Nec
3358 5278 3550 5360 ullum

1897 5350 2151 5414 o'ccurrit
2181 5355 2473 5427 palatium
2504 5351 2901 5427 cardinalium
2929 5350 3092 5424 apud
3137 5351 3550 5427 Constantino-

1940 5429 2104 5485 olim.
2152 5421 2268 5484 Nec
2297 5426 2556 5497 denique
2573 5421 3328 5497 mosfuitimperatoribus
3355 5427 3548 5480 tantos

1940 5445 2104 5485 011m.
2152 5445 2268 5484 nec
2297 5445 2556 5497 ﬂentque
2573 5445 2706 5479 H105
2730 5445 2837 5478 ιιιιι
2855 5445 2950 5495 ιι.Πέ

1896 5445 2158 5558 ΕΟΠΟΡΘΞ
2185 5496 2394 5568 legatis
2423 5493 2748 5568 deferendi.
2787 5497 2950 5552 Basn.

1969 5573 2087 5644 (26)
2106 5566 2279 5627 Deest
2296 5566 2634 5640 responsio.
