4020 6310
489 277 592 332 539
1733 273 2220 331 PANTALEONIS
2258 275 2542 332 DIACONI
2579 276 2688 333 CP.
3804 275 3942 330 540

491 400 712 458 docent
733 398 1006 470 concilia,
1035 397 1186 455 ratio
1240 397 1415 454 docet
1435 400 1492 454 et
1529 398 1813 468 suggerit,
1855 401 1912 456 et
1957 413 2134 454 cano-
2164 399 2212 452 Α
2244 403 2452 462 tasset,
2491 398 2840 474 compulsus
2878 404 2969 456 est
3015 399 3337 471 pradictus
3394 414 3559 472 papa
3601 413 3942 470 magnum

490 504 598 545 nes
628 489 1015 560 compellunt.
1041 487 1204 544 Unde
1253 487 1312 542 in
1342 491 1557 560 quarto
1588 487 1841 542 concilio
1888 488 2135 559 patriar-
2245 487 2524 543 Carolum
2547 487 2622 542 de
2649 487 2882 543 Gallicis
2926 487 3200 561 partibus
3242 505 3513 553 evocare,
3563 494 3622 543 et
3642 488 3705 542 in
3737 488 3940 542 Italia

492 581 605 638 cha
641 580 1075 636 Alexandrinus
1121 578 1458 647 Dioscorus,
1499 583 1556 634 et
1609 578 1904 651 Eutyches
1948 577 2135 633 archi-
2245 577 2670 649 imperatorem
2699 578 3076 647 constituere,
3101 585 3157 633 et
3178 578 3446 634 Ecclesiae
3497 577 3940 633 defensorem.

490 669 811 740 mandrita,
856 684 991 723 cum
1023 682 1132 740 per
1179 683 1352 722 suam
1397 666 1806 722 facinorosam
1858 667 2136 724 haeresim
2249 667 2469 721 Etenim
2518 673 2644 722 erat
2665 666 2761 722 ille
2800 667 2936 733 Leo,
2981 671 3044 722 ut
3093 666 3326 736 legitur.
3376 666 3550 722 valde
3588 665 3940 737 voluptuo—

490 759 683 815 forent
710 757 1070 830 deponendi,
1099 761 1235 812 ante
1264 761 1466 812 tamen
1488 756 1672 812 latam
1696 757 2052 812 sententiam
2084 760 2142 811 et
2249 773 2370 820 sus,
2397 761 2452 811 et
2477 755 2611 811 ideo
2641 757 2702 811 in
2723 756 3010 826 regimine
3042 756 3276 828 imperii
3328 756 3421 811 sui
3472 754 3647 811 valde
3695 754 3941 810 remis-

489 863 735 904 causam
757 847 1083 916 cognitam,
1107 845 1420 901 manifeste
1442 845 1574 902 loca
1602 861 1712 901 sua
1742 850 2060 901 tenuerunt
2078 846 2138 899 in
2250 861 2369 899 sus.
2408 844 2570 900 Unde
2601 860 2710 899 suo
2759 850 3027 917 tempore
3082 845 3358 902 Saraceni
3418 845 3676 916 Syriam,
3732 843 3938 898 Turci

486 935 757 1002 concilio,
788 941 844 991 et
865 951 1105 1007 semper
1133 935 1501 992 venerabiles
1522 936 1756 1002 Patres,
1810 939 1862 990 et
1887 942 2138 991 sanctzs-
2250 949 2387 988 vero
2441 933 2891 1005 Cappadociam
2942 933 3348 1002 obtinuerunt,
3390 938 3447 988 et
3476 933 3560 988 sic
3604 932 3766 988 facta
3822 936 3946 985 est.

486 1026 619 1081 simi
644 1025 1040 1081 vocabantur.
2249 1021 2461 1077 divisio
2494 1022 2729 1094 imperii
2759 1022 3032 1079 Romani.

559 1115 701 1170 Cum
742 1113 920 1183 igitur
975 1129 1085 1168 nec
1126 1113 1186 1169 in
1230 1112 1346 1168 hoc
1405 1127 1468 1167 se
1557 1113 1792 1184 possint
1856 1127 2142 1168 excusare
2325 1111 2601 1168 Secunda
2633 1111 2871 1166 occasio
2898 1110 3204 1166 divisionis
3228 1109 3355 1177 fuit,
3405 1111 3550 1183 quia
3601 1125 3726 1165 non
3773 1113 3936 1165 tue-

487 1203 689 1266 Graici,
739 1203 899 1259 unde
952 1209 1060 1268 est,
1119 1202 1287 1274 quod
1350 1217 1386 1258 a
1441 1206 1631 1256 matre
1675 1200 1931 1256 Ecclesia
1979 1207 2142 1257 tanto
2252 1199 2599 1254 runtvocati
2635 1199 2712 1254 ad
2749 1200 3067 1255 concilium
3086 1199 3632 1270 Ultramontanum,
3651 1198 3934 1271 quando

495 1298 764 1364 tempore
822 1293 1187 1360 recedentes,
1228 1291 1418 1346 redire
1462 1291 1539 1345 ad
1583 1291 1989 1346 obedientiam
2021 1298 2142 1346 tam
2251 1287 2347 1343 illa
2374 1287 2588 1346 dictio:
2644 1289 2934 1360 Filioque,
2973 1288 3081 1344 fuit
3120 1289 3420 1361 apposita.
3472 1289 3710 1354 Verum,
3763 1288 3939 1360 quia

494 1380 796 1438 obstinato
853 1381 1056 1437 animo
1126 1380 1473 1436 recusant?
1536 1383 1683 1435 Puto
1739 1379 1904 1452 quod
1957 1379 2146 1449 longi'
2255 1379 2526 1450 superius
2546 1393 2789 1434 causam
2815 1379 3203 1447 signavimus,
3237 1377 3334 1432 hic
3366 1377 3760 1432 subticemus.

487 1473 741 1534 turnitas
825 1470 1115 1541 temporis
1203 1470 1360 1524 hanc
1458 1469 1783 1524 caecitatem
1850 1468 2143 1524 interioris
2323 1471 2512 1524 Tertia
2536 1469 2776 1525 occasio
2799 1468 2920 1534 fuit,
2967 1484 3156 1540 quam
3193 1467 3309 1540 ipsi
3351 1466 3681 1538 aliquando
3731 1466 3940 1522 nobis

493 1559 756 1614 hominis
776 1559 1013 1613 induxit
1033 1560 1134 1614 eis.
1156 1557 1459 1624 Transacti
1511 1563 1650 1612 sunt
1699 1557 1858 1612 enim
1907 1563 2143 1628 trecenti
2252 1557 2313 1612 in
2371 1558 2647 1614 familiari
2685 1557 2983 1629 colloquio
3019 1557 3496 1626 assignaverunt,
3536 1555 3760 1611 scilicet
3815 1573 3939 1611 su-

486 1648 792 1717 Octoginta
841 1647 984 1702 anni
1043 1652 1100 1702 et
1155 1645 1439 1716 amplius,
1514 1651 1578 1700 ut
1644 1645 1918 1715 creditur,
1979 1645 2142 1717 quod
2252 1646 2442 1718 perba
2481 1646 2659 1702 nimis
2707 1649 2938 1703 exactio
2984 1646 3318 1718 legatorum
3367 1660 3562 1717 papae.
3615 1645 3936 1700 Dicebant

483 1736 642 1790 istud
677 1735 938 1792 schisma
962 1741 1019 1791 et
1041 1735 1394 1790 scandalum
1437 1734 1615 1806 coepit
1645 1735 1808 1790 oriri.
1854 1734 1966 1789 Sed
1989 1751 2141 1790 nun-
2183 1734 2223 1787 Β
2253 1753 2516 1808 namque
2571 1738 2684 1806 (27)
2747 1735 3086 1797 referentes.
3152 1734 3317 1807 quod
3387 1733 3638 1806 quando
3727 1733 3933 1804 legati

484 1824 627 1896 quid
659 1831 897 1894 tempus
921 1824 1269 1896 prmjudicat
1293 1823 1349 1878 in
1375 1823 1591 1878 talibus
1612 1824 1777 1878 ?imo
1802 1828 1965 1879 tanto
2014 1839 2134 1878 ma-
2252 1827 2471 1879 summi
2497 1824 2789 1897 pontificis
2806 1825 2883 1879 ab
2906 1825 3036 1898 ipsa
3059 1823 3199 1879 sede
3232 1823 3567 1896 apostolica
3588 1825 3929 1878 annuatim

484 1911 576 1983 gis
603 1913 687 1968 rei
718 1912 1075 1981 schismatis,
1115 1912 1279 1981 apud
1336 1927 1592 1966 examen
1624 1912 1831 1968 aeterni
1877 1910 2122 1976 Judicis,
2249 1915 2828 1986 Constantinopolim
2852 1915 3112 1969 chrisma
3163 1911 3534 1980 deferebant,
3583 1913 3701 1967 nisi
3747 1918 3930 1968 octo-

483 2005 711 2072 quanto
762 2001 1005 2056 indultae
1084 2001 1444 2072 paenitentiae
1505 2001 1875 2071 temporibus
1913 1999 2133 2070 ingrati
2247 2004 2412 2072 ginta
2440 2003 2626 2058 libras
2654 2003 3029 2059 auriaclero
3077 2007 3135 2058 ct
3187 2001 3354 2056 urbis
3386 2001 3637 2074 populo,
3687 2006 3927 2073 praeter

481 2089 848 2157 abutuntur;
881 2089 1210 2162 praesertim
1233 2106 1371 2144 cum
1420 2088 1625 2155 semel,
1651 2089 1764 2150 bis,
1823 2094 1929 2153 ter,
1986 2089 2136 2143 sicut
2244 2091 2360 2146 alia
2395 2093 2558 2148 dona
2587 2100 2644 2148 et
2699 2092 3061 2147 munuscula
3101 2091 3330 2146 eisdem
3387 2091 3925 2162 impenderentur,

480 2178 543 2232 in
565 2179 778 2234 Graecis
799 2181 1172 2250 reperiuntur
1202 2177 1480 2237 historiis,
1506 2193 1612 2248 per
1636 2177 1866 2246 legatos
1915 2179 2132 2232 ltoma-
2244 2197 2359 2235 non
2387 2181 2764 2237 recedebant.
2794 2185 2982 2236 Taceo
3004 2196 3136 2250 age,
3168 2180 3431 2245 aiebant,
3459 2179 3533 2234 de
3565 2195 3818 2251 pompa,
3860 2186 3928 2234 et

479 2281 573 2321 nae
596 2268 795 2331 curize,
819 2272 875 2322 et
914 2283 1105 2338 nuper
1152 2281 1260 2338 per
1304 2265 1511 2320 fratres
1548 2265 1736 2320 nostri
1779 2265 2024 2331 ordinis,
2078 2270 2133 2321 et
2242 2270 2549 2341 superbia,
2572 2287 2755 2342 quam
2800 2271 2913 2343 ipsi
2943 2268 3364 2325 ostendebant.

480 2354 713 2410 Fratres
746 2356 995 2409 Minores
1020 2361 1285 2424 tempore
1319 2353 1578 2422 Gregorii
1625 2354 1690 2406 lX
1729 2369 1922 2426 papae,
1957 2371 1984 2408 δ
2022 2369 2130 2407 suo
2313 2359 2535 2424 Quarta
2559 2376 2694 2415 vero
2726 2366 2781 2414 et
2807 2359 3142 2431 potissima,
3165 2363 3463 2430 quantum
3511 2356 3590 2412 ad
3651 2355 3915 2414 clerum.

479 2457 678 2498 errore
707 2442 924 2498 fuerint
953 2441 1203 2498 dulciter
1254 2441 1554 2496 revocati:
1592 2447 1653 2496 ut
1700 2441 1967 2507 tandem,
1999 2441 2132 2497 licet
2238 2446 2346 2501 fuit
2370 2448 2664 2519 depositio
2697 2448 2880 2503 Photii
2909 2448 3287 2520 patriarcha,
3317 2452 3370 2502 et
3412 2446 3921 2501 excommunica-

480 2545 635 2598 sero,
674 2530 751 2586 ad
795 2531 993 2585 sinum
1047 2530 1255 2585 matris
1315 2529 1584 2584 Ecclesiae
1631 2530 1965 2597 redeuntes,
2008 2546 2128 2586 uno
2239 2536 2537 2608 tioipsius,
2579 2545 2634 2592 et
2674 2537 2926 2592 aliorum
2945 2537 3349 2608 praelatorum,
3399 2541 3453 2591 et
3481 2535 3917 2606 quorumdam

479 2633 603 2688 ore,
635 2618 911 2691 quamvis
931 2618 1178 2673 diversis
1203 2634 1491 2673 sonorum
1522 2617 1790 2686 vocibus,
1816 2618 2126 2674 benedice-
2237 2625 2547 2680 abbatum.
2583 2625 2694 2682 Sed
2728 2626 3028 2698 numquid
3059 2626 3188 2680 haec
3216 2624 3520 2679 sufﬁciunt
3540 2623 3616 2679 ad
3652 2638 3915 2679 excusa-

477 2721 682 2763 remus
704 2707 920 2778 pariter
957 2706 1418 2780 Redemptorem
1445 2711 1716 2761 nostrum
1739 2709 1938 2762 Jesum
1972 2709 2128 2763 Chri-
2239 2710 2460 2768 tionem
2488 2715 2632 2770 tanti
2664 2715 3023 2781 schismatis,
3059 2721 3113 2769 et
3144 2713 3539 2785 perditionem
3569 2716 3653 2767 tot
3671 2713 3917 2767 anima-

479 2799 656 2863 stum,
690 2798 791 2868 qui
821 2802 908 2850 est
953 2794 1307 2851 benedictus
1351 2796 1410 2850 in
1473 2795 1695 2851 saecula
1743 2795 2123 2851 smculorum.
2234 2818 2368 2857 rum
2391 2803 2417 2857 ‘I
2440 2803 2675 2858 Minime
2734 2804 2845 2859 Sed
2866 2827 2890 2853 ‹‹
2926 2802 3305 2858 occasionem
3335 2817 3444 2874 pro
3473 2802 3626 2856 facto
3657 2802 3909 2873 quaerit,

475 2889 686 2940 Amen.
2234 2891 2486 2962 quivult
2515 2893 2791 2947 recedere
2853 2893 2930 2948 ab
2969 2893 3185 2948 amico.
3213 2915 3232 2940 ι
3267 2891 3380 2946 Sed
3429 2890 3574 2963 quid
3627 2892 3912 2963 sequitur

551 2976 791 3031 Constat
821 2990 961 3044 ergo
990 2991 1060 3030 ex
1101 2975 1192 3031 his
1220 2991 1356 3048 quae
1378 2974 1536 3030 dicta
1588 2979 1748 3039 sunt,
1793 2975 1960 3046 quod
2009 2977 2124 3029 Ro-
2235 2981 2291 3034 in
2317 2981 2665 3036 auctoritate
2685 2982 2712 3037 ?
2737 2981 2911 3036 Omni
2927 2989 3209 3050 tempore,
3233 2976 3754 3053 iuquitSalOmon,
3788 2981 3907 3035 erit

475 3079 694 3120 manus
720 3064 984 3143 pontifex
1014 3067 1194 3136 caput
1231 3070 1317 3119 est
1373 3063 1642 3119 omnium
1704 3061 2124 3128 Ecclesiarum,
2164 3075 2204 3130 c
2234 3071 2618 3125 exsecrabilis
2644 3071 2709 3136 ξι,
2743 3071 2802 3124 1d
2831 3078 2936 3134 est,
2979 3069 3259 3124 vitandus
3310 3068 3388 3125 ab
3431 3068 3744 3134 omnibus,
3801 3081 3908 3123 ae-

475 3151 596 3206 sive
659 3151 1004 3208 universalis
1051 3152 1323 3208 Ecclesiae
1380 3169 1518 3207 cum
1574 3167 1696 3206 una
1751 3152 1844 3215 sit,
1889 3155 1946 3206 et
2000 3167 2122 3205 non
2236 3166 2472 3231 spectus
2531 3166 2588 3215 et
2647 3160 2828 3228 vilis;
2881 3159 3048 3233 quod
3089 3176 3352 3233 praesens
3397 3158 3524 3214 dies
3580 3157 3907 3214 indicatin

475 3239 1156 3313 plures,successorque
1203 3241 1352 3296 Petri
1377 3245 1432 3296 et
1477 3240 1732 3295 vicarius
1793 3241 1894 3295 Dei
1924 3239 1985 3294 in
2019 3245 2124 3294 ter-
2233 3248 2498 3303 ecclesiis
2557 3250 2914 3304 Grtecorum.
2998 3253 3143 3304 Nam
3193 3248 3640 3303 incarcerantur
3683 3262 3907 3302 eorum

474 3325 583 3392 Pis;
612 3333 669 3382 et
696 3329 749 3383 εἰ
771 3335 1061 3400 tanquam
1086 3329 1197 3399 ipsi
1223 3329 1474 3384 Domino
1517 3332 1752 3400 oportet
1801 3328 2031 3395 ﬁdeleS,
2062 3328 2121 3382 in
2234 3337 2424 3391 clerici
2453 3343 2509 3392 et
2539 3339 2842 3404 monachi,
2877 3338 3026 3393 sicut
3065 3338 3259 3392 caeteri
3289 3337 3512 3402 rustici,
3561 3336 3905 3407 etpopula-

472 3414 710 3487 hisquee
735 3417 1064 3472 secundum
1088 3419 1274 3472 Deum
1303 3423 1459 3486 sunt,
1482 3417 1696 3472 devote
1719 3421 1776 3472 et
1816 3416 2122 3472 humiliter
2232 3442 2326 3481 res
2360 3429 2697 3482 exactiones
2721 3433 2777 3483 et
2800 3427 3058 3500 pedagia
3106 3427 3257 3482 ﬁunt
3309 3442 3489 3498 super
3532 3441 3654 3490 eos,
3684 3441 3906 3497 quem—

475 3503 738 3559 obedire.
772 3507 884 3561 Eos
917 3522 1075 3572 vero,
1109 3506 1210 3577 qui
1258 3507 1688 3562 contumaciter
1739 3502 2122 3578 impugnant,
2233 3515 2562 3572 admodum
2588 3533 2768 3589 super
2808 3518 3017 3576 laicos,
3081 3523 3139 3571 ut
3192 3532 3400 3571 verum
3464 3515 3556 3579 sit,
3592 3514 3759 3586 quod
3789 3530 3908 3586 per

476 3597 531 3648 et
551 3592 744 3664 ipsam
778 3594 979 3650 sedem
1015 3595 1282 3650 Ecclesiae
1305 3611 1425 3650 non
1453 3601 1726 3650 asserunt
1755 3611 1889 3650 esse
1921 3602 2120 3666 caput,
2234 3606 2591 3677 prophetam
2621 3605 2904 3677 scriptum
2925 3612 3014 3660 est
3039 3623 3050 3659 :
3084 3606 3249 3660 Sicut
3273 3606 3554 3673 populus,
3585 3605 3669 3658 sic
3696 3618 3904 3658 sacer-

477 3683 824 3753 sicutjama
852 3684 1234 3755 pontiﬁcibus
1276 3684 1544 3755 ejusdem
1598 3684 1755 3739 sedis
1813 3684 2122 3740 decretum
2232 3694 2335 3748 dos
2367 3696 2433 3748 ³⁵.
2468 3695 2770 3749 Translata
2793 3694 3124 3767 estquippe
3145 3694 3334 3765 gloria
3365 3693 3441 3749 ab
3475 3693 3558 3747 eis
3608 3692 3901 3747 sacerdo-

475 3776 582 3837 est,
608 3772 1004 3858 anathematis
1037 3773 1236 3843 gladio
1267 3773 1554 3846 perwssi,
1611 3789 1748 3828 cum
1808 3773 2038 3829 Dathan
2069 3782 2124 3829 et
2234 3783 2388 3852 talis,
2413 3785 2668 3853 dignitas
2691 3794 2749 3840 et
2783 3784 3188 3839 ecclesiastica
3243 3783 3484 3838 libertas
3516 3783 3576 3836 in
3626 3787 3901 3837 contem-

475 3859 696 3916 Abiron
716 3862 1054 3917 schismatis
1079 3861 1427 3918 incursuros
1448 3862 1704 3917 dicimus
1727 3862 2117 3935 dispendium
2232 3880 2400 3944 ptum
2434 3876 2692 3930 redacta.
2728 3879 2875 3930 Nam
2931 3891 3066 3945 quae
3119 3873 3245 3928 vult
3289 3873 3435 3944 ipse,
3483 3872 3590 3944 qui
3632 3872 3901 3943 imperat

472 3947 877 4006 damnationis
904 3957 1161 4010 aeternae.
2230 3961 2550 4048 instituere,
2577 3964 2858 4025 instituit;
2912 3971 3170 4035 etquem
3203 3961 3328 4016 vult
3353 3962 3674 4033 deponere,
3724 3961 3892 4014 simi-

795 4066 880 4120 οε
907 4072 1169 4135 quatuor
1195 4069 1390 4122 causis
1418 4065 1775 4121 “hamatis.
2228 4051 2356 4118 [iter
2385 4052 2649 4122 deponit.
2677 4056 2737 4106 Et
2767 4052 2998 4106 merito.
3029 4052 3097 4106 Ut
3136 4051 3239 4122 qui
3294 4052 3544 4105 subesse
3613 4048 3897 4104 Ecclesiae

2229 4141 2513 4194 Romanae
2545 4146 2600 4195 et
2622 4141 2891 4213 personis
2923 4139 3343 4195 ecclesiasticis
3373 4143 3894 4212 contempserunt,

2229 4228 2580 4297 subjaceant
2612 4247 2768 4284 nunc
2801 4231 2965 4285 laicis
2990 4228 3362 4301 principibus
3417 4231 3507 4282 vel
3561 4227 3750 4282 inviti.
3786 4231 3894 4285 Be-

2228 4325 2597 4384 cognoscant
2641 4318 2984 4372 distantiam
3038 4318 3360 4380 servitutis,
3395 4322 3451 4372 et
3497 4316 3890 4373 dominorum

2148 4420 2195 4475 ι)
2230 4405 2391 4459 orbis
2440 4412 2728 4462 terrarum
2790 4414 2846 4462 et
2913 4411 3352 4472 convertantur,
3399 4411 3456 4461 et
3523 4405 3786 4461 clament
3812 4405 3888 4462 ad

2231 4496 2570 4562 Dominum,
2595 4501 2648 4550 et
2672 4513 2976 4551 summum
2999 4496 3366 4568 pontificem,
3390 4494 3674 4569 etliberet
3695 4512 3819 4550 eos.

2305 4587 2433 4639 llaec
2456 4593 2653 4639 autem
2673 4585 2891 4657 scripta
2918 4591 3055 4639 sunt
3075 4601 3235 4640 anno
3266 4583 3495 4639 Domini
3541 4583 3883 4649 millesimo,

2231 4672 2642 4728 ducentesimo
2670 4673 3174 4746 quinquagesimo
3206 4672 3472 4728 secundo
3532 4689 3590 4727 in
3647 4673 3884 4728 civitate

2233 4763 2795 4834 Constantinopolis,
2846 4781 2881 4818 a
2930 4763 3213 4818 fratribus
3268 4761 3783 4828 Praedicatoribus,
3808 4761 3882 4818 ad

2230 4851 2684 4906 tediiicationem
2724 4852 3008 4909 Ecclesiae.
3039 4858 3093 4906 et
3135 4851 3466 4922 profectum
3516 4853 3879 4915 animarum,

2232 4939 2304 4994 ad
2337 4939 2574 4994 laudem
2609 4946 2662 4994 et
2715 4941 2962 5010 gloriam
3015 4940 3224 5007 Patris,
3251 4944 3307 4995 et
3333 4939 3472 5008 Filii,
3529 4943 3586 4994 et
3632 4939 3882 5011 Spiritus

2231 5029 2443 5085 sancti.
2473 5035 2659 5084 Amen
2691 5033 2822 5097 (28).

546 4179 774 4233 Causas
799 4195 940 4234 vero
970 4181 1092 4235 sive
1123 4180 1536 4235 excusationes
1568 4180 1904 4235 schismatis
1935 4180 2120 4236 credi-

473 4279 610 4318 mus
637 4282 769 4321 esse
798 4273 1076 4338 quatuor.
1105 4269 1297 4324 Prima
1328 4270 1435 4324 fuit
1481 4269 1692 4324 divisio
1737 4269 1993 4340 imperii.
2033 4269 2118 4322 Li-

475 4357 567 4406 cet
596 4354 757 4408 enim
781 4355 1190 4425 imperatores,
1215 4357 1317 4428 qui
1348 4356 1682 4423 regnabant
1707 4357 2120 4412 Constantino-

474 4439 618 4510 poli,
649 4447 785 4512 post
812 4458 1110 4498 recessum
1145 4443 1514 4499 Constantini
1546 4445 1624 4498 ab
1651 4445 1796 4498 urbe
1829 4447 2116 4510 Romana,

473 4543 585 4600 pro
633 4545 703 4583 eo
738 4531 901 4600 quod
968 4536 1160 4586 totum
1225 4532 1598 4587 contulerant
1636 4532 1928 4601 Ecclesiae,
1970 4535 2122 4589 sicut

475 4631 659 4688 supra
685 4617 968 4683 diximus,
999 4619 1228 4674 nullum
1249 4621 1348 4690 jus
1379 4620 1662 4675 haberent
1691 4621 1751 4675 in
1802 4621 1985 4686 Italia,
2037 4622 2122 4676 in-

477 4704 713 4760 terdum
736 4711 934 4760 tamen
963 4707 1187 4778 ubique
1209 4714 1628 4779 regnaverunt.
1677 4709 1786 4763 Sed
1809 4725 1945 4763 cum
1968 4710 2124 4765 infra

477 4793 704 4850 Italiam
738 4811 930 4867 usque
962 4797 1036 4852 ad
1072 4800 1320 4852 Romam
1344 4797 1604 4852 barbara
1645 4813 1789 4866 gens
1837 4798 2120 4861 irruisset,

473 4888 531 4938 et
561 4900 837 4939 summus
864 4886 1127 4956 pontifex
1153 4886 1440 4940 auxilium
1464 4886 1839 4958 imperatoris
1891 4888 2118 4952 Leonis,

473 4971 580 5042 qui
612 4979 737 5028 erat
785 4974 1322 5045 Constantinopoli,
1363 4977 1734 5046 requisisset,
1792 4982 1847 5030 et
1882 4974 1978 5031 ille
2022 4991 2121 5031 ne-

473 5060 761 5132 gligenter
781 5063 1339 5133 agendo,auxilium
1369 5071 1653 5135 praestare
1674 5063 1943 5119 Ecclesiae
1965 5065 2120 5120 refu-

550 5178 597 5212 ²⁴
633 5168 1039 5248 Prom-amuli,
1072 5183 1123 5233 9.
1154 5180 1202 5214 ³⁵
1235 5182 1344 5233 lsa.
1379 5195 1526 5245 xx1v,
1559 5183 1610 5234 2.

542 5290 656 5361 (27)
678 5293 902 5367 Eadem
935 5292 1180 5364 prorsus
1221 5294 1328 5350 fuit
1360 5293 1612 5367 _Lutheri
1652 5297 1708 5347 et
1755 5294 2118 5367 Lutherano-
2226 5311 2406 5367 quem
2430 5301 2902 5365 composuerunt
2932 5295 3138 5350 fratres
3184 5294 3580 5351 Dominicani.
3615 5296 3761 5360 Quae
3791 5311 3876 5351 se-

471 5377 611 5439 rum
638 5362 778 5439 olim
809 5362 1732 5439 querela,quandodefectionem
1759 5364 1838 5419 ab
1860 5367 2116 5424 Ecclesia
2224 5362 2492 5437 quuntur
2526 5362 2662 5421 sunt
2720 5367 2963 5422 alterius
3003 5367 3282 5432 auctoris,
3327 5368 3602 5439 Hugong's
3656 5381 3875 5439 nempe

473 5432 907 5510 moliebantur;
936 5432 1141 5510 iniqu'a
1175 5453 1437 5507 prorsus,
1482 5436 1763 5503 mendax,
1811 5443 1869 5491 et
1889 5438 2115 5494 calum-
2221 5432 2598 5510 Etherium,
2636 5439 2740 5510 qui
2765 5439 3086 5510 scripserat
3132 5453 3230 5493 an.
3295 5432 3452 5510 1170'.
3511 5432 3873 5510 Idrpatetex

473 5454 907 5508 mouebantur;
936 5454 1017 5489 ιω
1069 5454 1141 5490 ua
1175 5454 1437 5507 prorsus,
1482 5454 1763 5503 mendax,
1811 5454 2115 5494 etcatum-
2221 5454 2598 5500 mlite?“an
2636 5454 3086 5510 qurscnpserar
3132 5454 3230 5493 an.
3295 5454 3452 5495 11m.
3511 5454 3570 5492 ια
3662 5454 3872 5496 atetex

472 5454 1212 5588 niosakutrobiquegrzw.‘
1330 5583 1339 5588 Δ
1392 5583 1400 5588 _
1572 5577 1589 5588 _
1855 5578 1888 5588 η
2220 5509 2370 5588 ipso_
2411 5509 2622 5588 titulo:
2668 5511 2811 5577 Quae
2857 5511 3116 5566 admista
3160 5509 3491 5579 praedictis.
3547 5455 3687 5565 ViSe
3739 5509 3872 5565 obs.

537 5577 661 5646 ’(28)
693 5575 964 5649 Ilicerat
1007 5576 1142 5632 ﬁnis
1198 5583 1482 5635 tractatus
1514 5577 1815 5633 adversus
1849 5578 2105 5646 Graecos,
2219 5575 2384 5648 praef.
2423 5583 2591 5635 BASN.
