4020 6310
110 313 206 364 ﬁt
1515 314 1786 372 CONTRA
1829 316 2144 374 GRAECOS.

469 437 752 505 Quaedam
789 438 1052 494 admista
1075 437 1406 506 praedictis.

173 541 343 599 Sicut
356 543 421 599 in
451 544 746 614 prooemio
773 544 954 615 hujus
985 543 1259 616 opusculi
1291 544 1486 600 testati
1535 562 1764 608 sumus,

100 632 458 688 Graecorum
491 632 749 688 Ecclesia
778 632 1107 704 doctorque
1137 633 1278 688 olim
1311 649 1421 688 sua
1454 639 1767 691 venustate

98 736 296 790 quam
321 720 618 792 plurimos
644 720 722 776 ad
753 721 1200 777 aemulationem
1230 721 1368 776 ﬁdei
1398 722 1770 793 provocabat

97 815 155 863 et
183 825 462 870 morum,
486 811 570 866 ita
600 815 659 865 et.
687 825 847 866 nunc
877 810 1092 865 erroris
1113 810 1370 879 caligine
1393 810 1764 877 obfuscatus,

97 898 274 968 quod
299 897 615 954 horrorem
634 914 743 954 sua
758 897 1024 955 foeditate
1044 899 1472 970 aspicientibus
1499 900 1765 967 incutiat,

97 993 160 1040 ut
175 988 320 1056 jam
339 1003 463 1042 non
489 988 744 1044 Ecclesia
765 987 1054 1055 ﬁdelium,
1082 987 1188 1044 sed
1213 989 1410 1060 potius
1444 1004 1764 1059 congrega-

97 1075 178 1130 tio
211 1091 345 1131 non
369 1076 671 1132 immerito
690 1077 1223 1133 haeresiarcharum
1239 1077 1425 1148 possit
1454 1077 1764 1150 appellari.

95 1164 302 1229 Quod,
329 1163 466 1219 licet
482 1165 612 1234 jam
635 1170 896 1238 quatuor
915 1164 1090 1221 dictis
1118 1165 1381 1222 articulis
1401 1165 1769 1221 demonstre-

94 1257 212 1317 tur,
238 1256 451 1308 tamen
475 1253 673 1308 adhuc
702 1254 761 1308 in
795 1254 907 1319 his,
940 1270 1075 1326 quae
1103 1254 1373 1324 subjecta
1399 1261 1533 1308 sunt
1571 1259 1768 1308 osten-

95 1340 287 1394 ditur.
326 1341 470 1406 Qua':
501 1357 574 1396 ex
597 1341 767 1398 dictis
784 1344 1091 1412 magistris
1116 1345 1388 1412 Hugom's
1409 1342 1769 1397 xEt/zeriani

92 1443 299 1500 nuper
345 1434 633 1496 extracta,
672 1431 810 1486 huic
866 1431 1035 1503 operi
1085 1431 1371 1486 duximus
1425 1429 1766 1486 inserenda.

95 1517 321 1572 Dicunt
350 1517 536 1586 enim,
567 1523 624 1572 et
643 1518 912 1574 scribunt
940 1519 1016 1573 de
1040 1519 1256 1574 Latinis
1281 1519 1391 1574 sic:

381 1642 612 1698 Contra
638 1643 970 1697 Romanum
1009 1644 1318 1712 poniﬁcem
1343 1643 1479 1712 (29).

161 1749 486 1802 Romanus
510 1748 793 1817 Pontifex,
817 1756 874 1804 et
913 1766 1126 1805 omnes
1153 1750 1411 1822 partium
1434 1748 1766 1805 occidenta-

93 1836 244 1890 lium
301 1837 639 1906 Christiani,
689 1838 1029 1894 sacerdotes
1069 1845 1125 1895 et
1167 1839 1299 1896 laici
1350 1844 1563 1911 praeter
1601 1837 1766 1893 Cala-

95 1924 263 1992 bros,
290 1931 433 1980 ante
465 1926 655 1982 multa
681 1931 957 1998 tempora
982 1933 1147 1982 extra
1186 1928 1545 1982 catholicam
1581 1925 1745 1981 Eccle

103 2014 257 2068 siam
282 2021 697 2087 pervagantur
714 2031 862 2071 evan
873 2017 1218 2084 gelistarum
1241 2017 1769 2088 etapostolicarum

109 2102 507 2158 traditionum
559 2104 773 2175 ignari,
806 2109 861 2160 et
892 2121 927 2160 a
957 2106 1074 2160 fide
1105 2105 1303 2162 alieni.
1338 2109 1484 2161 Nam
1525 2105 1768 2160 Theoto-

109 2192 224 2246 nici
280 2193 398 2263 (30)
432 2208 468 2248 a
495 2193 704 2249 ritibus
737 2195 1003 2266 gentium
1037 2210 1251 2267 parum
1310 2194 1676 2262 discordant,
1709 2193 1770 2248 in

101 2282 290 2334 Deum
346 2281 542 2352 impii;
609 2281 711 2336 sed
780 2281 1033 2348 Calabri,
1081 2288 1134 2337 et
1188 2283 1381 2337 caeteri
1429 2280 1767 2348 orthodoxi,

97 2370 251 2426 sicut
282 2371 638 2441 antiquitus,
663 2375 717 2425 et
742 2372 1110 2442 apostolicae.
1145 2376 1200 2427 et
1231 2370 1497 2427 Ecclesiae
1550 2376 1769 2425 nostra;

100 2458 336 2513 alumni
352 2460 485 2529 ejus
508 2460 778 2514 moribus
809 2459 1115 2515 informati
1136 2466 1291 2515 sunt.
1314 2459 1518 2515 Caeteri
1557 2473 1770 2513 omnes

99 2548 482 2611 exciderunt,
512 2549 730 2619 impios
755 2564 790 2603 a
831 2564 1079 2620 corpore
1103 2549 1374 2604 Ecclesia:
1418 2563 1535 2602 non
1571 2547 1766 2602 solum

99 2651 301 2690 mores
324 2635 479 2690 alios
503 2643 559 2691 et
591 2637 827 2704 ignotos
851 2636 1295 2708 amplectentes,
1331 2652 1536 2691 verum
1569 2636 1766 2707 ipsam

99 2722 452 2779 Trinitatem
507 2731 778 2780 sanctam
823 2725 1336 2796 blasphemantes.
1391 2724 1615 2779 Etenim
1658 2739 1768 2780 sua

106 2815 632 2904 concinnantesmt
663 2815 872 2870 alienis
896 2815 1294 2880 adhaerentes,
1322 2830 1517 2886 neque
1549 2813 1766 2868 divinis

100 2903 428 2974 Script’uris
452 2903 952 2970 redarguentibus
1002 2904 1240 2959 illorum
1263 2919 1512 2965 errores,
1569 2917 1765 2975 neque

109 2991 242 3057 illis,
267 2994 374 3065 qui
400 3008 506 3047 eos
536 2993 845 3058 miserunt,
897 2993 1099 3049 volunt
1126 3008 1351 3048 morem
1385 3008 1610 3063 gerere.

169 3084 364 3151 Magis
391 3088 631 3138 sanctos
659 3085 856 3138 Patres
881 3089 1114 3138 nostros
1132 3090 1186 3137 et
1204 3083 1501 3147 doctores,
1524 3084 1604 3136 sic
1629 3097 1762 3136 sen-

105 3173 275 3236 sisse,
295 3173 506 3228 etinde
525 3188 583 3227 se
614 3173 836 3228 habere
871 3173 1046 3228 talem
1065 3172 1441 3228 traditionem
1474 3173 1764 3226 mentiun-
1796 3149 1835 3203 (ί

103 3267 213 3316 tur.
242 3265 396 3318 Nam
422 3262 482 3316 in
509 3266 716 3317 sancto
749 3261 1060 3334 Symbolo,
1095 3261 1257 3334 quod
1294 3277 1328 3316 a
1365 3261 1632 3315 Pati-ibus
1664 3274 1764 3314 no-

104 3352 262 3420 stris,
297 3351 405 3421 qui
448 3351 611 3422 apud
645 3351 900 3406 Nicaeam
958 3356 1362 3406 convenerant
1444 3347 1764 3403 universali

114 3441 306 3510 prima
329 3441 566 3511 synodo
580 3447 1016 3513 consequenter
1040 3441 1346 3494 manifeste
1369 3437 1764 3493 sicdeﬁnitum

105 3534 225 3582 est:
264 3551 292 3576 «
320 3529 463 3583 Etin
499 3529 777 3599 Spiritum
803 3536 1078 3584 sanctum
1140 3528 1481 3592 Dominum,
1527 3531 1583 3580 et
1625 3526 1765 3580 vivi-

105 3616 414 3683 ficantem,
439 3634 508 3672 ex
533 3617 701 3672 Patre
730 3617 1147 3689 prooedentem
1176 3663 1188 3685 ,
1216 3640 1241 3665 ››
1276 3615 1379 3670 sed
1404 3623 1458 3669 et
1480 3617 1536 3669 in
1557 3620 1766 3670 sancto

108 3705 433 3775 Evangelio
452 3706 754 3761 evidenter
775 3707 1118 3763 clamitante
1139 3706 1210 3761 de
1257 3704 1473 3776 Spiritu
1524 3711 1763 3758 sancto:

107 3797 211 3860 Qui
249 3812 286 3851 a
315 3795 506 3850 Patre
531 3796 814 3863 procedit,
849 3811 1031 3866 supra
1072 3793 1360 3849 nominati
1403 3794 1504 3847 viri
1527 3792 1770 3848 addide-

101 3890 260 3940 runt:
283 3885 358 3938 Et
383 3899 460 3939 ex
489 3885 665 3949 Filio,
698 3884 999 3950 fallaciter,
1027 3889 1082 3938 et
1107 3883 1183 3937 ad
1205 3898 1382 3936 suum
1412 3881 1764 3954 periculum.

97 3974 543 4036 Verumtamen,
596 3980 659 4027 ut
685 3974 900 4044 opinor
921 3987 1027 4044 per
1051 3972 1391 4041 angustiam
1415 3969 1770 4039 sumlinguaa

97 4060 252 4116 idem
279 4076 417 4115 esse
459 4061 722 4116 arbitrati
755 4067 913 4123 sunt,
947 4061 1196 4132 Spiritus
1226 4075 1296 4113 ex
1346 4062 1507 4114 Patre
1534 4074 1768 4130 proces-

101 4150 359 4204 sionem.
379 4153 434 4204 et
460 4164 713 4203 causam
735 4165 871 4220 quae
893 4164 997 4221 per
1022 4149 1232 4203 Filium
1263 4148 1357 4215 sit,
1391 4149 1463 4202 ad
1488 4161 1595 4200 nos
1629 4147 1767 4201 mis-

101 4239 332 4294 sionem
383 4238 641 4292 barbare
675 4245 732 4293 et
766 4239 1258 4293 inconvenienter
1325 4235 1761 4290 intellexerunt.

167 4331 280 4383 Pro
314 4327 672 4382 fermentata
697 4343 911 4399 azyma
949 4327 1227 4390 offerunt,
1254 4331 1308 4379 et
1329 4323 1768 4378 calumniantur

103 4423 380 4472 sanctum
419 4416 679 4481 Petrum,
729 4425 783 4471 et
814 4422 1052 4470 sanctos
1079 4418 1270 4469 Patres
1293 4417 1590 4468 Romanos
1614 4418 1764 4485 pon-

104 4504 289 4560 tiﬁces
319 4511 599 4561 auctores
627 4505 878 4559 exstisse
936 4505 1068 4559 talis
1092 4502 1441 4558 traditionis.

175 4594 534 4650 Sacerdotes
569 4594 862 4666 principes
893 4609 1028 4647 cum
1061 4592 1227 4646 laicis
1267 4591 1341 4645 ad
1383 4591 1536 4644 bella
1574 4589 1762 4662 profi-

106 4683 410 4738 ciscuntur
431 4684 664 4747 armati,
716 4689 772 4737 et
794 4683 851 4737 in
876 4682 999 4737 acie
1033 4681 1257 4735 bellant
1282 4685 1416 4735 ante
1450 4678 1597 4733 alios
1629 4694 1762 4750 gra-

108 4773 387 4827 dientes.
470 4773 753 4842 Jejunant
809 4772 867 4826 in
925 4769 1226 4830 Sabbatis;
1263 4769 1388 4824 etsi
1438 4769 1582 4822 festa
1634 4767 1760 4822 dies

107 4859 434 4917 Nativitatis
454 4862 544 4925 sit,
565 4861 652 4916 vel
677 4862 1044 4933 Epiphaniae,
1068 4875 1186 4914 non
1211 4859 1760 4929 solvuntjejunium

108 4947 526 5022 Septimanam
547 4949 746 5004 edulio
764 4950 921 5004 casei
948 4949 1206 5003 dicatam
1225 4963 1342 5001 non
1367 4953 1760 5015 agnoscentes

105 5053 315 5094 carnes
341 5037 687 5093 comedunt.
725 5037 1003 5094 Secunda
1025 5037 1118 5092 die
1140 5035 1298 5091 Jovis
1327 5051 1461 5099 ova,
1491 5049 1755 5104 caseum,

105 5131 155 5182 et
177 5127 268 5183 lac
335 5127 792 5193 manducant,a
833 5126 1054 5199 quibus
1109 5124 1378 5191 minime,
1403 5139 1508 5196 per
1567 5129 1756 5179 totam

169 5255 216 5289 ²⁶
236 5257 370 5310 Act.
398 5268 494 5320 xv,
517 5253 607 5318 28,
631 5255 719 5307 29.

170 5414 287 5485 (‘29)
307 5411 681 5485 Notandum,
708 5483 715 5485 _
743 5412 801 5485 in
825 5413 940 5468 hoc
990 5410 1261 5484 sequenti
1309 5410 1600 5485 opusculo
1630 5410 1756 5485 piu-

104 5481 399 5542 rima'dici
453 5499 528 5539 ex
579 5481 885 5540 auditione
920 5488 978 5539 et
1025 5481 1266 5538 rumore
1321 5481 1480 5550 vulgi
1530 5481 1759 5550 ignobi-

111 5554 177 5610 lis
236 5561 295 5611 et
358 5555 572 5625 ignari.
595 5554 758 5621 Item,
814 5570 887 5610 ex
939 5554 1080 5609 odio
1129 5557 1219 5625 _et
1271 5553 1510 5625 invidia
1551 5558 1758 5608 contra

111 5627 159 5682 S.
182 5627 359 5683 Rom.
390 5623 628 5683 sedem.
657 5625 1054 5701 Novatoribus
1081 5623 1372 5702 pleraque
1394 5623 1590 5698 potius
1616 5640 1758 5680 con-

3422 331 3525 386 542

1797 450 1843 502 Α
1875 442 2404 514 quadragesimam
2426 459 2570 501 suos
2585 461 2804 518 pueros
2836 447 3172 520 prohibent.
3196 472 3224 501 »
3237 451 3522 509 Historias

1876 537 2223 585 sanctorum
2254 538 2460 603 praeter
2483 533 2828 604 passionem
2877 537 3106 608 Christi,
3134 539 3193 593 in
3251 540 3524 596 Ecclesiis

1876 618 1998 673 suis
2033 635 2154 674 non
2202 619 2540 690 designant.
2565 643 2592 669 »
2627 625 2690 678 Et
2744 624 2936 695 ipsam
2960 641 3081 682 non
3130 628 3384 698 pictura,
3418 628 3525 684 sed

1875 721 2057 778 opere
2083 709 2382 780 plumario
2405 710 2463 763 in
2503 711 2888 768 similitudine
2932 715 3319 786 sculptilium,
3360 722 3418 773 et
3461 718 3523 773 in

1878 799 2030 850 terra
2060 796 2340 851 similium
2367 797 2682 871 [ﬁctilium]
2712 799 2955 856 faciunt.
2985 801 3046 857 ln
3071 808 3275 859 sancta
3304 805 3528 877 templa

1876 882 2271 952 ingredientes
2299 902 2478 958 super
2520 890 2863 959 pavimenta
2881 890 3105 946 cadunt
3130 892 3188 946 in
3213 891 3446 955 faciem,
3468 898 3526 948 et

1875 973 2072 1043 primo
2104 982 2438 1030 susurrant.
2488 976 2706 1033 Deinde
2754 993 2994 1034 crucem
3039 996 3160 1036 uno
3203 981 3389 1050 digito
3436 982 3523 1038 in-

1879 1067 2190 1131 surgentes
2210 1064 2576 1130 osculantur,
2603 1071 2657 1121 et
2685 1066 2843 1122 hanc
2870 1069 3204 1124 orationem
3237 1086 3524 1126 consum-

1878 1156 2113 1204 inantes
2146 1156 2419 1220 surgunt,
2444 1158 2498 1208 et
2528 1169 2730 1209 sacras
2752 1154 3044 1224 imagines
3066 1163 3326 1212 renuunt
3349 1173 3520 1213 oscu-

1876 1237 2004 1293 lari.
2059 1239 2336 1294 Sanctam
2389 1242 2484 1295 Dei
2533 1241 2908 1308 Genitricem,
2965 1248 3208 1300 Matrem
3287 1246 3524 1302 Domini

1877 1329 2056 1381 nostri
2125 1328 2263 1384 Jesu
2315 1331 2541 1386 Christi.
2578 1337 2808 1388 tantum
2840 1342 3108 1390 sanctam
3131 1335 3392 1391 Mariam
3430 1350 3524 1392 v0-

1877 1425 2032 1470 cant.
2069 1421 2247 1472 Sccus
2280 1419 2462 1474 altare
2493 1419 2879 1476 ecclesiarum
2937 1423 3220 1496 quaelibet
3271 1423 3521 1492 accedit,

1877 1505 2292 1577 cujuscunque
2325 1507 2398 1560 sit
2427 1523 2629 1575 SeXUS,
2655 1508 2963 1573 aetatis,vet
3019 1511 3273 1565 ordinis.
3340 1513 3407 1565 Et
3461 1511 3522 1565 in

1878 1591 2254 1648 solemnitate
2285 1595 2611 1651 missarum
2625 1597 2900 1652 mulieres
2923 1598 3126 1653 sedere
3170 1603 3441 1670 possunt,
3474 1599 3522 1653 si

1877 1680 2078 1745 velint,
2110 1683 2166 1736 in
2201 1683 2339 1737 sede
2368 1686 2770 1741 sacerdotum.
2801 1687 2893 1742 Sic
2919 1687 3110 1742 sciunt
3160 1688 3522 1756 distinguere

1877 1769 2026 1826 inter
2055 1788 2224 1826 sacra
2253 1778 2309 1828 et
2340 1774 2624 1844 profana!
2660 1777 2984 1832 comedunt
3009 1776 3318 1843 suffocata,
3347 1783 3525 1849 capta

1878 1873 1914 1913 a
1966 1857 2192 1925 bestiis,
2251 1861 2564 1918 morticina
2623 1864 3002 1934 sanguinem,
3062 1882 3254 1936 ursos,
3315 1865 3520 1934 fibros,

1878 1963 2031 2018 quos
2053 1953 2271 2004 vocant
2291 1951 3072 2026 castores,ericios,quaaque
3101 1953 3191 2010 his
3213 1955 3525 2027 spurciora

1879 2041 2086 2090 contra
2117 2037 2510 2107 apostolicum
2538 2040 2844 2096 decretum
2871 2059 2883 2096 :
2909 2042 3059 2096 sicut
3087 2042 3276 2098 Lucas
3299 2043 3357 2098 in
3379 2058 3523 2114 apo-

1882 2124 2170 2180 stolorum
2195 2126 2440 2182 historia
2456 2127 2631 2184 refert
2649 2130 2741 2185 his
2769 2130 2993 2184 verbis:
3018 2132 3213 2186 Visum
3233 2137 3318 2187 est
3365 2133 3522 2187 enim

1879 2214 2132 2282 Spiritui
2147 2223 2434 2278 sancto,et
2462 2218 2814 2282 nobis,nihil
2832 2222 2997 2276 ultra
3014 2223 3090 2276 im
3097 2237 3315 2290 ponere
3338 2221 3518 2292 vobis,

1878 2318 2056 2372 quam
2090 2303 2213 2360 haec
2243 2309 2598 2373 necessaria,
2627 2314 2689 2363 ut
2715 2309 3060 2382 abstineatis
3086 2325 3184 2365 vos
3213 2310 3288 2366 ab
3319 2311 3522 2365 immo-

1881 2391 2020 2446 latis
2058 2396 2542 2463 simulacrorum,
2574 2402 2627 2453 et
2658 2399 2972 2467 sanguine,
3032 2404 3089 2454 et
3130 2399 3438 2468 su/focato,
3467 2403 3524 2454 et

1873 2481 2278 2549 fomz’catione
2314 2486 2380 2538 ³⁵.

1953 2572 2301 2628 Sacerdotes
2315 2574 2649 2646 etepiscopi
2672 2573 3074 2631 sacerdotales
3099 2576 3302 2642 stolas,
3324 2575 3385 2631 id
3412 2580 3520 2643 est,

1877 2659 2084 2715 casula
2113 2676 2233 2716 non
2261 2660 2335 2717 de
2372 2660 2531 2728 lana,
2566 2662 2669 2716 sed
2691 2662 2764 2718 de
2814 2663 3014 2719 sericis
3066 2670 3277 2720 netura
3326 2668 3522 2720 conte-

1876 2755 2081 2805 xentes
2112 2751 2194 2806 eis
2233 2753 2604 2822 operiuntur.
2636 2753 2953 2809 diuturnas
2978 2755 3091 2825 (3t)
3152 2754 3319 2825 ipsas
3371 2769 3520 2825 prae-

1876 2844 2178 2910 parantes,
2212 2857 2347 2894 cum
2377 2841 2729 2911 hujusmodi
2756 2843 2926 2907 stola,
2953 2843 3012 2898 id
3045 2848 3152 2911 est,
3202 2842 3407 2898 casula
3428 2840 3522 2897 vel

1875 2927 2114 2998 planeta
2129 2928 2332 2983 Christi
2349 2929 2619 2984 habitum
2651 2936 3097 3002 repraesentant,
3116 2932 3234 2986 sive
3247 2929 3520 2985 habitum

1873 3030 2054 3086 quem
2087 3015 2314 3080 habuit,
2344 3026 2589 3088 quando
2632 3024 2843 3072 exutus
2873 3018 2984 3074 fuit
3015 3018 3401 3086 vestimentis,
3456 3017 3518 3072 in

1873 3103 2053 3158 dutus
2071 3110 2161 3160 est
2181 3105 2500 3176 chlamyde
2513 3108 2812 3171 coccinea,
2834 3123 2969 3180 qua:
2991 3107 3063 3162 de
3081 3107 3222 3163 lana
3244 3112 3521 3162 contexta.

1874 3196 2165 3264 erat,qua
2209 3210 2320 3247 nos
2375 3195 2594 3250 utimur
2648 3195 3165 3266 Quadragesimali
3226 3199 3515 3266 tempore.

1874 3283 1935 3334 1n
1969 3280 2175 3335 alienis
2205 3297 2346 3336 vero
2377 3282 2588 3338 diebus
2605 3284 2823 3338 utimur
2861 3284 3036 3352 albis,
3068 3301 3139 3340 eo
3163 3283 3326 3357 quod
3362 3283 3518 3339 Chri—

1875 3364 1998 3422 stus
2026 3385 2221 3433 agnus
2263 3370 2608 3426 immolatus
2638 3372 2888 3428 dicatur.
2918 3375 2981 3428 Et
3035 3374 3171 3429 ideo
3227 3389 3296 3427 ex
3347 3371 3519 3426 vesti-

1874 3457 2089 3512 mentis
2119 3458 2322 3514 ovium
2369 3460 2541 3514 nobis
2571 3462 2776 3517 casula
2819 3477 3254 3534 praeparamus.
3325 3461 3390 3516 In
3447 3459 3518 3515 si-

1875 3559 2060 3613 gnum
2077 3562 2218 3601 sane
2228 3554 2296 3602 tae
2308 3547 2575 3603 Ecclesiae
2589 3548 3073 3621 desponsationis
3090 3549 3345 3606 annulos
3387 3564 3521 3620 por-

1875 3639 2021 3703 tant,
2074 3643 2131 3691 et
2157 3637 2551 3706 chirothecas,
2585 3638 2643 3693 in
2674 3639 2884 3695 dextra
2938 3640 3184 3713 quidem
3218 3638 3516 3694 scribunt:

1874 3726 2114 3779 Domini
2140 3725 2376 3791 dextra,
2411 3727 2468 3780 in
2487 3727 2717 3783 sinistra
2747 3745 2907 3784 vero:
2936 3730 3144 3798 Agnus
3170 3729 3286 3784 Dei.
3319 3729 3520 3782 Sacer-

1875 3811 2045 3866 dotes
2061 3814 2466 3868 eorumsolum
2484 3815 2539 3868 in
2555 3831 2714 3888 aqua
2738 3816 3058 3888 baptizant,
3087 3821 3143 3870 et
3168 3814 3427 3870 salemin
3449 3829 3518 3868 os

1878 3901 2171 3956 mittentes
2183 3901 2945 3976 baptizandi;baptizandos
2959 3909 3282 3976 postquam
3297 3905 3522 3972 spuunt

1873 3989 1931 4043 in
1958 3991 2195 4044 sinistra
2213 4006 2395 4045 manu
2426 3993 2699 4047 etdextra
2722 3993 3035 4047 miscentes
3054 3992 3329 4046 salivam.
3349 3990 3520 4044 inun-

1875 4087 2042 4146 gunt.
2062 4082 2383 4150 Postquam
2403 4081 2478 4135 ad
2492 4086 2723 4135 aetatem
2741 4077 3420 4153 pervenerunt,peccatis
3439 4077 3518 4132 ob

1872 4167 2084 4221 noxios
2117 4167 2246 4222 olco
2271 4171 2680 4239 perunguntin
2694 4170 3110 4225 remissionem
3138 4172 3519 4241 peccatorum

1872 4262 1927 4309 et
1959 4255 2048 4309 bis
2072 4257 2356 4326 baptizari
2385 4257 2675 4312 videntur.
2703 4256 2884 4312 lidem
2934 4257 3276 4313 sacerdotes
3340 4271 3520 4328 quas-

1871 4346 2010 4400 dam
2068 4347 2453 4417 purgationes
2478 4345 2705 4401 faciunt
2725 4348 2960 4417 jugiter,
2995 4354 3050 4403 et
3080 4346 3516 4420 aspersionem,

1871 4436 2090 4508 quibus
2140 4433 2459 4502 alligantur
2511 4435 2820 4508 culparum
2879 4437 3142 4491 Judaicis
3201 4437 3518 4490 servientes

1871 4525 2392 4597 ritibuszquinque
2424 4525 2622 4594 digitis
2677 4526 2988 4598 quomodo
3049 4525 3233 4598 aliqui
3274 4522 3518 4579 benedi-

1871 4620 2034 4683 cunt,
2057 4624 2112 4670 et
2139 4632 2274 4669 cum
2305 4613 2514 4685 pollice
2540 4613 2750 4670 faciem
2787 4617 3045 4683 signant,
3080 4622 3369 4686 tanquam
3401 4615 3515 4668 Mo-

1871 4703 2189 4759 nothelitm.
2226 4705 2370 4758 Cum
2412 4703 2589 4772 igitur
2638 4703 2896 4759 debeant
2943 4703 3179 4776 disponi
3238 4701 3403 4770 digiti
3455 4701 3516 4754 in

1870 4791 2450 4862 consignationibus,
2468 4793 2628 4864 quod
2646 4808 2751 4864 per
2763 4793 3012 4847 eosdute
3032 4799 3258 4846 naturae
3293 4787 3516 4858 signifi—

1869 4887 2166 4946 centur,et
2189 4889 2302 4936 tres
2348 4897 2640 4952 personae,
2681 4888 2855 4952 prout
2901 4881 3165 4937 Christus
3214 4882 3512 4930 monstra-

1868 4971 1963 5035 vit,
1987 4969 2234 5042 quando
2264 4969 2324 5023 in
2343 4969 2559 5023 coelum
2589 4985 2948 5023 ascensurus
2967 4963 3274 5034 discipulis
3324 4961 3512 5016 mani-

1865 5065 1981 5113 bus
2042 5060 2302 5112 elevatus
2349 5057 2740 5112 benedixit.A
2788 5052 3240 5127 Septuagesima
3293 5065 3512 5122 usque-

1864 5146 1942 5202 ad
1965 5147 2195 5202 Pascha
2218 5161 2336 5201 non
2359 5152 2602 5202 cantant
2620 5145 2908 5201 Alleluia.
2935 5141 3382 5196 Afﬁrmantnon
3408 5138 3512 5205 de:

1934 5395 2202 5452 veniunt.
2243 5397 2426 5451 STEW.

1938 5551 2057 5617 (30)
2104 5549 2408 5604 Teutones.

1939 5613 2050 5691 (31)
2071 5619 2307 5674 Videtur
2336 5619 2502 5674 locus
2526 5613 2876 5672 mendosus.
