4020 6310
513 333 614 390 543

1745 331 2228 392 PANTALEONIS
2267 329 2548 391 DIACONI
2590 332 2693 390 CP.

3845 334 3952 387 544

511 457 657 516 bere
677 457 806 515 aliis
826 457 1045 530 linguis
1074 459 1394 517 Dominum
1423 459 1717 527 venerari,
1744 445 1858 514 nisi
1883 459 2011 516 istis
2055 460 2160 517 tri-
2195 462 2240 516 Α
2276 457 2593 516 ambulant
2620 455 2895 512 extinctis
2919 455 3254 513 luminibus
3300 458 3363 514 in
3394 455 3686 522 ecclesiis,
3736 458 3946 512 terrae-

512 548 651 616 bus,
675 548 893 604 scilicet
944 549 1209 615 Hebraea,
1253 550 1467 620 Graeca,
1493 552 1550 604 et
1629 548 1857 605 Latina.
1909 551 2165 606 Mortuos

513 635 806 708 sepeliant
831 637 1114 693 manibus
1137 653 1346 693 eorum
1373 651 1889 710 nequaquaquam
1955 639 2168 696 consti-

516 725 655 781 tutis
698 726 757 780 in
790 727 1041 783 modum
1072 728 1288 798 crucis,
1329 727 1436 783 sed
1462 726 1746 784 deorsum
1776 727 1979 785 missis
2011 729 2169 788 circa

513 813 793 871 inferiora
838 815 1254 873 instrumenta.

584 904 800 960 Omnia
819 920 954 962 cera
973 907 1263 980 oppilant.
1293 906 1642 964 Sacerdotes
1657 911 1746 963 ter
1758 911 1972 979 quater
1986 907 2045 963 in
2075 907 2170 965 die

511 990 816 1050 celebrant
856 1009 1036 1068 super
1075 1011 1196 1052 uno
1231 995 1428 1064 altari,
1472 995 1814 1069 ubicunque
1837 997 2170 1068 contigerit.

519 1081 753 1138 Utunus
769 1084 1494 1157 sacerdoster,velquater
1511 1083 2061 1157 celebratquaterin
2077 1085 2172 1141 die

519 1185 657 1227 cum
671 1171 816 1229 felix
853 1175 948 1243 sit,
971 1175 1074 1247 qui
1105 1191 1296 1232 unam
1317 1174 1497 1246 digne
1517 1174 1707 1247 possit
1735 1179 1998 1239 cantare.
2034 1175 2171 1232 Tra‘

515 1257 668 1314 dunt
720 1261 874 1317 tilias
921 1279 1062 1321 suas
1109 1263 1326 1336 nuptui
1406 1263 1768 1335 accipientes
1833 1263 2174 1319 consororis

513 1345 699 1404 ﬁliam
726 1349 850 1407 ﬁlio
879 1367 1009 1422 suo,
1067 1355 1170 1407 aut
1224 1351 1410 1414 fratri,
1453 1355 1556 1406 aut
1597 1352 2064 1422 consanguineo.
2117 1353 2174 1416 Si

520 1436 655 1508 quis
678 1440 1013 1496 monachus
1034 1440 1095 1497 in
1117 1435 1465 1514 episcdpum
1484 1444 1925 1512 promoveatur,
1963 1456 2173 1497 carnes

515 1525 843 1584 manducet
866 1530 1183 1604 intrepide.
1201 1532 1267 1585 Et
1283 1528 1567 1585 monachi
1586 1544 1778 1600 parva
1796 1529 1989 1585 vexati
2037 1529 2181 1599 {egri

515 1613 724 1672 tudine
779 1619 1060 1674 carnibus
1115 1622 1459 1677 vescuntur.
1506 1618 1912 1675 Communiter
1960 1623 2159 1677 autem

515 1715 726 1760 omnes
753 1707 1118 1777 pinguedine
1135 1707 1382 1780 porcina
1421 1710 1686 1763 utuntur.

2276 553 2476 604 motus
2509 546 2756 612 faciunt,
2782 545 2977 613 sedes,
3019 545 3276 613 tabulas,
3304 545 3563 619 parietes
3590 545 3942 617 percutiunt

2274 635 2569 694 malleolis
2598 634 2920 704 etlagenas
2950 634 3370 705 confringunt;
3402 639 3457 690 et
3477 651 3617 690 cum
3639 633 3939 690 deberent

2273 725 2522 795 vigilare
2545 723 2607 779 in
2659 723 3036 780 orationibus
3088 723 3187 780 alii
3217 724 3279 779 in
3328 727 3637 795 stuporem
3690 722 3934 789 mentis,

2278 813 2376 871 alii
2404 813 2465 870 in
2502 813 2691 869 risum
2735 816 3184 881 convertuntur,
3217 815 3275 868 et
3302 811 3419 868 alia
3447 810 3823 884 quaedamin
3853 811 3938 882 ip-

2279 905 2360 960 sis
2389 902 2648 960 tenebris
2696 901 2871 970 ﬁunt,
2905 917 3042 974 quas
3084 917 3197 958 nec
3244 901 3373 958 fatu
3406 901 3595 971 digna
3634 901 3932 972 judicavi.

2279 995 2495 1050 Verum
2519 993 2634 1049 hac
2663 991 2738 1046 de
2769 991 3078 1061 grecogice
3105 992 3219 1064 (33)
3239 991 3531 1048 laicorum
3561 989 3808 1063 lapsum
3835 1005 3935 1045 ex-

2281 1082 2494 1156 cerpsi,
2524 1085 2590 1138 ut
2617 1080 2666 1136 si
2695 1079 2943 1152 quando
2973 1080 3053 1136 ad
3094 1095 3272 1136 aures
3314 1095 3526 1137 eorum
3557 1079 3935 1146 devenerint,

2281 1171 2361 1230 ad
2391 1187 2455 1228 se
2482 1170 2708 1227 reversi
2737 1169 3206 1226 correctionibus
3233 1173 3467 1226 vacent.

2585 1316 2924 1372 Graecorum
2956 1315 3130 1371 malm
3159 1313 3635 1372 consuetudines.

2354 1443 2691 1498 Graecorum
2708 1439 3096 1496 intolerabilis
3110 1439 3935 1511 est,redargutio,Vulcanum

2281 1529 2595 1598 imitando,
2627 1529 2730 1602 qui
2757 1528 2942 1585 altero
2971 1529 3126 1602 pede
3147 1529 3397 1585 claudus
3427 1528 3664 1584 dicitur.
3687 1530 3934 1584 Matrem

2285 1634 2462 1674 suam
2488 1618 2708 1674 scilicet
2737 1617 2943 1674 sedem
2992 1619 3138 1674 Petri
3169 1617 3583 1691 apostolorum
3615 1617 3935 1689 principis,

2284 1712 2490 1764 contra
2536 1706 2760 1762 faciens
2823 1707 3171 1775 contemnit,
3221 1711 3279 1763 et
3332 1706 3694 1764 abhonorat.
3753 1709 3936 1762 Porro

587 1792 997 1851 Venerabilem
1019 1795 1263 1868 quidem
1306 1811 1545 1851 crucem
1593 1795 1655 1851 in
1681 1795 1813 1852 aliis
1848 1796 2059 1851 diebus
2091 1797 2151 1852 in
2207 1825 2246 1878 Β
2284 1796 2525 1852 stultam
2556 1795 2692 1851 fecit
2719 1798 2873 1851 Deus
2904 1795 3111 1852 talium
3143 1795 3521 1869 sapientiam.
3571 1798 3721 1851 Nam
3765 1794 3937 1863 vani-

520 1880 768 1939 ecclesia
783 1883 982 1940 vident
1005 1890 1060 1942 et
1087 1884 1362 1952 adorant;
1379 1884 1436 1940 in
1455 1891 1658 1942 sancta
1707 1885 2176 1956 Quadragesima

519 1967 715 2026 velant
735 1972 1113 2038 sindonibus,
1152 1989 1288 2030 cum
1314 1990 1436 2046 qua
1458 1978 1513 2030 et
1551 1975 1852 2030 occultant
1881 1976 2172 2050 Alleluia_

517 2060 582 2114 Et
609 2060 671 2115 in
703 2067 908 2119 sancto
936 2079 1158 2134 magno
1192 2063 1454 2121 Sabbato
1487 2063 1560 2120 de
1589 2063 1992 2136 penetralibus
2032 2064 2172 2120 edu-

520 2153 718 2206 centes
747 2151 967 2225 ipsam,
995 2157 1285 2226 tanquam
1311 2152 1386 2209 de
1433 2152 1706 2226 sepulcro
1757 2159 2171 2223 resurgentem

517 2237 930 2298 demonstrant
959 2242 1204 2315 populo;
1231 2247 1288 2299 et
1307 2243 1381 2299 de
1406 2242 1603 2298 subito
1627 2259 1767 2299 cum
1801 2257 2025 2313 magno
2054 2242 2168 2298 cla-

515 2343 684 2384 more
702 2335 968 2385 cantant:
996 2332 1289 2399 Alleluia,
1312 2336 1368 2386 et
1386 2331 1711 2400 multoties,
1735 2335 1791 2387 et
1819 2347 1926 2403 per
1946 2331 2168 2388 multas

518 2415 702 2472 horas
725 2418 1144 2486 vociferantur,
1164 2419 1684 2492 quemadmodum
1737 2419 2001 2475 Christus
2039 2436 2165 2474 sur-

518 2505 686 2560 rexit.
725 2508 872 2562 Cum
913 2507 1111 2563 missae
1147 2507 1523 2564 celebrantur
1542 2511 1599 2564 et
1647 2508 1938 2580 mysteria
1985 2509 2167 2563 conti-

515 2597 769 2661 ciuntur,
794 2595 1063 2669 plerique
1100 2596 1507 2652 assistentium
1557 2596 1926 2659 laicorum,si
1974 2596 2167 2667 placet

515 2681 1042 2754 eis,loquunturet
1087 2685 1314 2741 sedent.
1371 2685 1896 2758 Participationem
1941 2690 2162 2741 sanctae

515 2772 1128 2840 communionis,non
1169 2774 1434 2830 similiter
1459 2779 1524 2829 ut
1571 2789 1683 2830 nos
1729 2774 1934 2840 Graeci,
1985 2774 2161 2846 perﬁ-

516 2859 802 2916 ciuntsed
846 2861 1051 2919 dicunt
1072 2863 1237 2936 quod
1258 2864 1362 2936 qui
1402 2864 1652 2919 missam
1700 2863 2163 2920 celebratsacer—

514 2948 958 3019 dos,osculatur
969 2951 1262 3009 volentem
1277 2952 2160 3024 communicare,promotiones

514 3037 936 3112 episcoporum
951 3041 1304 3098 etlaicorum
1319 3057 1438 3097 non
1454 3057 1559 3113 per
1571 3057 1750 3096 omne
1764 3046 1996 3114 tempus
2009 3042 2160 3114 perﬁ

514 3128 999 3196 ciuntantistites,
1023 3131 1128 3187 sed
1146 3137 1383 3189 tantum
1405 3133 1465 3188 in
1487 3147 1647 3188 anno
1705 3136 1937 3203 quater,
1955 3135 2011 3187 et
2057 3147 2163 3204 per

513 3215 948 3276 observabilem
969 3221 1150 3276 diem.
1196 3224 1345 3278 Nam
1367 3237 1506 3276 cum
1538 3221 1679 3275 anni
1719 3225 1977 3292 quatuor
2020 3224 2164 3276 tem-

513 3321 664 3378 pora
685 3313 844 3375 sunt,
882 3310 1104 3367 scilicet
1142 3327 1266 3379 ver,
1307 3315 1502 3381 aestas,
1550 3313 1896 3376 autumnus,
1948 3309 2162 3374 hiems,

512 3393 736 3450 horum
776 3401 1117 3468 temporum
1157 3399 1346 3465 initia,
1403 3400 1598 3471 primo
1630 3414 1766 3452 eum
1803 3398 1916 3469 (32)
1976 3397 2168 3453 mensi

514 3482 696 3537 Martii
727 3483 966 3550 scilicet,
995 3490 1050 3541 et
1079 3486 1256 3554 Junii,
1277 3484 1660 3558 Septembris,
1693 3489 1873 3556 atque
1933 3487 2168 3541 Decem-

512 3569 638 3624 bris
676 3569 1100 3630 observant.ln
1127 3575 1336 3646 primis
1372 3573 1862 3630 hebdomadibus
1901 3573 2164 3644 clericos,

514 3661 571 3714 et
598 3659 906 3732 diaconos,
951 3663 1354 3735 presbyteros,
1391 3663 1728 3734 episcopos,
1769 3667 2164 3734 promovent:

513 3747 672 3804 male
699 3752 1035 3819 sentientes,
1072 3757 1129 3809 et
1168 3751 1503 3821 barbarice,
1537 3750 1867 3806 adventum
1922 3751 2169 3823 Spiritus

515 3837 702 3893 sancti
725 3855 846 3895 non
869 3841 1204 3897 secundum
1220 3841 1498 3898 virtutem
1523 3840 1933 3912 promoventis
1953 3845 2008 3896 et
2027 3857 2171 3913 pro-

512 3926 658 3982 moti
689 3927 1043 3985 arbitrantes
1073 3929 1438 3986 descendere
1472 3947 1486 3997 ;
1524 3927 1629 3983 sed
1663 3927 1723 3982 in
1771 3927 1985 3983 diebus
2034 3944 2171 4000 qui-

510 4013 772 4073 busdam
803 4023 1015 4090 putant
1041 4019 1204 4076 hunc
1233 4019 1451 4089 venire,
1489 4022 1555 4073 ut
1611 4016 1984 4089 insipientes.
2043 4021 2169 4073 Non

510 4105 822 4176 patiuntur
841 4109 1178 4166 sacerdotes
1207 4110 1428 4166 habere
1447 4122 1714 4176 uxorem,
1740 4111 1796 4162 et
1827 4122 2172 4163 sacramen-

513 4197 710 4249 torum
738 4211 1023 4267 peragere
1055 4199 1367 4270 mysteria.
1393 4200 1551 4253 Duos
1571 4196 1781 4252 fratres
1806 4195 2048 4252 duabus
2075 4212 2172 4251 so-

513 4282 750 4338 roribus
805 4285 1120 4342 carnaliter
1172 4287 1441 4360 copulari
1494 4285 1873 4358 permittunt.
1933 4284 2174 4341 Radunt

513 4369 737 4426 barbas
775 4373 1110 4445 presbyteri
1143 4389 1308 4431 more
1355 4393 1597 4432 suorum
1635 4375 1917 4441 militum,
1945 4377 2177 4449 .prmter

2283 1887 2417 1942 tatis
2446 1885 2726 1958 opinione
2773 1885 2952 1958 pleni,
3005 1901 3210 1957 poma,
3243 1890 3307 1940 ut
3352 1884 3661 1953 Tantalus,
3693 1883 3940 1954 fugacia

2282 1975 2621 2048 quaeritant.
2643 1977 2718 2030 At
2741 1989 2882 2030 vero
2901 1975 3130 2031 munda
3150 1974 3278 2031 vult
3297 1973 3517 2045 [debet}
3538 1989 3672 2029 esse
3688 1988 3934 2036 manus,

2281 2080 2417 2137 quae
2445 2063 2593 2120 alias
2625 2063 2798 2119 debet
2819 2067 3043 2132 tergere
3070 2064 3300 2119 sordes.
3329 2065 3520 2128 Quare
3546 2061 3800 2134 collyrio
3822 2062 3937 2134 pri-

2280 2169 2450 2208 mum
2465 2152 2760 2222 inungant
2778 2151 2986 2208 oculos
3006 2169 3171 2221 suos,
3190 2150 3521 2208 abstersuri
3537 2150 3753 2207 saltem
3771 2149 3934 2206 dein-

2279 2257 2418 2316 ceps
2447 2240 2866 2314 lippitudinem
2895 2241 3242 2314 aliquando,
3273 2246 3331 2298 et
3358 2240 3612 2298 aliorum
3640 2240 3793 2296 vitia
3825 2257 3933 2296 ne-

2275 2333 2535 2406 quibunt
2558 2331 2896 2387 discernere
2924 2331 3234 2388 subtiliter.
3267 2335 3330 2387 In
3363 2329 3651 2386 scatebris
3680 2329 3932 2402 quidem

2276 2421 2701 2489 temeritatum,
2716 2423 2777 2475 in
2795 2419 3284 2492 praesumptionis
3305 2419 3535 2484 aculeo,
3557 2418 3619 2473 in
3635 2417 3934 2488 jactantia

2275 2509 2611 2566 amaritiam
2662 2509 3042 2580 proferendo,
3087 2508 3255 2580 quod
3297 2508 3463 2580 prius
3497 2508 3777 2562 auditum
3809 2523 3929 2564 non

2275 2604 2383 2665 est,
2411 2599 2694 2671 Spiritum
2721 2603 2998 2654 sanctum
3024 2597 3245 2654 scilicet
3267 2613 3340 2654 ex
3371 2597 3499 2654 solo
3522 2599 3690 2653 Patre
3716 2612 3928 2670 proce-

2273 2687 2434 2754 dere,
2495 2688 2794 2760 talparum
2850 2687 3359 2758 formicarumque
3406 2685 3719 2742 cuniculos
3769 2686 3928 2742 male

2272 2775 2454 2833 fortes
2475 2781 2913 2833 exstruxerunt.
2945 2775 3225 2832 Dividunt
3251 2775 3485 2848 utrique
3512 2791 3654 2830 cum
3678 2775 3826 2831 Ario
3846 2774 3932 2830 di-

2271 2868 2478 2922 vinam
2516 2866 2943 2924 substantiam.
2975 2869 3125 2921 Nam
3156 2882 3230 2921 ex
3257 2881 3467 2921 eorum
3497 2864 3932 2938 disputatione,

2272 2958 2442 3011 Patre
2473 2955 2671 3010 minor
2710 2955 3050 3011 necessario
3095 2955 3272 3010 Filius
3299 2955 3612 3026 reperitur.
3674 2955 3936 3010 Confun-

2273 3043 2425 3099 dunt
2450 3044 2755 3100 nascentis
2801 3048 2858 3100 et
2906 3043 3286 3116 procedentis
3331 3042 3760 3113 differentiam,
3805 3059 3934 3116 qua:

2271 3131 2332 3187 in
2370 3132 2486 3188 hoc
2541 3136 2742 3188 tamen
2790 3133 2945 3188 bene
2993 3133 3386 3202 dignoscitur,
3420 3131 3587 3204 quod
3628 3131 3816 3187 Filius
3863 3147 3932 3187 ex

2273 3234 2392 3275 uno
2425 3219 2572 3286 solo,
2608 3220 2859 3291 Spiritus
2891 3236 3034 3276 vero
3064 3235 3136 3275 ex
3165 3218 3407 3276 duobus
3447 3219 3748 3291 provenit.
3782 3222 3928 3275 Nam

2274 3325 2412 3364 cum
2441 3308 2690 3380 Spiritus
2718 3308 2921 3378 imago
2955 3307 3075 3364 Filii
3104 3308 3180 3364 sit
3209 3307 3580 3377 naturaliter,
3614 3308 3776 3363 sicut
3803 3323 3925 3364 ma-

2275 3413 2430 3468 gnus
2456 3396 2728 3466 Basilius,
2763 3396 3098 3466 Theologus
3126 3397 3459 3466 Gregorius,
3506 3401 3687 3467 atque
3720 3396 3936 3452 Dama-

2276 3502 2490 3542 scenus
2521 3486 2781 3554 tradunt,
2829 3501 3075 3542 necesse
3106 3491 3194 3541 est
3221 3485 3448 3542 habere
3473 3484 3549 3541 de
3601 3485 3743 3556 ipso
3773 3485 3934 3541 exsi-

2277 3575 2576 3644 stentiam,
2609 3581 2664 3632 et
2689 3575 3037 3647 procedere.
3079 3579 3395 3648 Propterea
3421 3575 3570 3630 liber
3601 3573 3716 3630 sub
3748 3574 3936 3645 impe-

2275 3664 2364 3720 rio
2386 3664 2667 3721 Manuelis
2685 3664 2897 3731 editus,
2917 3680 3100 3737 quem
3121 3666 3206 3721 De
3226 3663 3559 3720 immortali
3578 3678 3769 3720 causa
3785 3680 3935 3736 pras-

2277 3753 2474 3823 signat
2497 3752 2715 3817 titulus,
2741 3752 2836 3808 cui
2856 3752 3040 3808 Graeci
3065 3752 3474 3808 contradicere
3501 3767 3622 3807 non
3646 3757 3932 3824 possunt,

2277 3842 2497 3897 scilicet
2529 3842 2810 3914 Spiritum
2837 3858 2906 3897 ex
2935 3841 3176 3898 duobus
3207 3842 3429 3914 pariter
3458 3841 3813 3913 procedere,
3847 3843 3933 3896 in-

2279 3932 2787 4004 expugnabilibus
2863 3933 3232 4002 argumentis
3309 3933 3702 3988 demonstrat.
3780 3934 3934 4000 Ergo

2281 4021 2462 4076 Graaci
2494 4023 2678 4077 locuti
2705 4027 2843 4078 sunt
2866 4023 3054 4092 falsa,
3102 4028 3157 4077 et
3187 4027 3545 4078 erraverunt
3585 4021 3661 4077 ab
3694 4025 3868 4078 utero
3893 4023 3933 4055 ²ῖ

2280 4110 2488 4166 matris
2511 4126 2634 4165 sure
2661 4110 2952 4180 Ecclesiae,
2978 4126 3165 4181 quam
3199 4109 3468 4166 Christus
3496 4109 3558 4164 in
3589 4108 3855 4181 synodo,
3888 4113 3943 4165 et

2281 4199 2674 4270 imperatores
2699 4199 2973 4255 omnium
2998 4198 3397 4255 Ecclesiarum
3426 4197 3763 4271 principem
3797 4213 3940 4254 con-

2283 4288 2615 4343 stituerunt.
2643 4287 2817 4344 Obliti
2852 4293 2992 4343 sunt
3015 4287 3165 4343 illud
3193 4287 3532 4345 Salomonis
3562 4304 3574 4341 :
3608 4287 3936 4353 Conserva,

2279 4376 2376 4444 ﬁli
2401 4377 2503 4443 mi,
2529 4378 2724 4446 patris
2765 4379 2857 4432 tui
2877 4382 3196 4446 preat-epla,
3231 4382 3285 4432 et
3331 4392 3404 4432 ne
3451 4376 3717 4432 dimittas
3750 4376 3937 4446 legem

515 4461 908 4530 apostolicam
938 4463 1399 4520 institutionem.
1428 4468 1713 4524 Sanctam
1736 4461 2176 4519 Eucharistiam
2211 4525 2248 4536 ﬁ
2282 4466 2494 4520 matris
2525 4470 2670 4521 tme.
2702 4467 2853 4536 Liga
2875 4481 3001 4522 eam
3033 4466 3096 4521 in
3123 4466 3300 4522 corde
3330 4471 3430 4521 tuo
3450 4467 3706 4535 jugiter,
3735 4472 3790 4520 et
3824 4468 3937 4521 cir-

515 4549 1029 4618 negligentissime
1061 4557 1362 4624 spectant:
1387 4569 1529 4610 nam
1559 4556 1632 4612 ad
1658 4569 1852 4624 aegros
1867 4551 2178 4624 prolicien-

515 4643 602 4694 tes
632 4638 756 4693 sine
786 4637 1012 4694 lumine
1037 4640 1232 4713 ipsam
1263 4641 1616 4700 deferuntet
1647 4642 1944 4698 tribuunt.
1979 4642 2043 4694 Et
2073 4644 2178 4712 qui

2283 4569 2569 4623 cumpone
2595 4555 2831 4624 gutturi
2858 4559 2957 4610 tuo
2988 4555 3057 4624 ³⁸,
3099 4561 3279 4626 atque
3304 4568 3342 4610 a
3369 4553 3662 4618 stultitiis,
3687 4568 3827 4624 qua:
3857 4553 3936 4610 ad

2282 4657 2404 4697 rem
2437 4658 2556 4698 non
2579 4643 2897 4713 pertinent,
2941 4648 3210 4700 avertere
3243 4646 3312 4696 ³9.
3370 4641 3624 4699 Aret'acti
3649 4642 3929 4698 conversi

514 4731 710 4785 castra
733 4735 1085 4801 sequuntur,
1123 4730 1184 4786 in
1205 4732 1527 4804 marsupio
1562 4735 1816 4806 ponunt,
1845 4734 1901 4785 et
1938 4733 2181 4801 portant
2283 4734 2423 4787 sunt
2461 4733 2522 4787 in
2567 4731 2814 4788 arbores
2842 4732 3221 4789 autumnales
3246 4731 3518 4806 expositi,
3560 4747 3685 4787 non
3730 4731 3933 4788 solum

512 4816 572 4873 in
612 4817 903 4885 vestibus,
936 4819 997 4874 in
1041 4819 1246 4892 pileis.
1277 4821 1480 4877 Clerici
1534 4837 1744 4877 eorum
1793 4822 1850 4874 et
1879 4817 2011 4873 laici
2050 4833 2174 4873 non

515 4911 656 4963 sunt
686 4907 977 4973 distincti;
1009 4909 1196 4965 altare
1234 4908 1431 4965 velato
1453 4910 1648 4982 capite
1671 4907 1993 4964 accedunt.
2030 4907 2174 4962 San-

515 4996 620 5052 ctis
647 5012 717 5052 ac
761 4997 1126 5053 terribilibus
1145 4997 1293 5055 locis
1323 4998 1553 5055 nultam
1587 5001 1692 5055 aut
1732 4995 2034 5052 modicam
2066 5011 2169 5051 ex-

510 5084 718 5140 hibent
747 5087 1175 5142 reverentiam.
1235 5086 1322 5142 Ad
1380 5091 1620 5159 tempus
1673 5101 1890 5141 sonum
1918 5099 2171 5140 rcaeseu-

513 5173 698 5228 tando
719 5173 779 5228 in
792 5180 964 5231 nocte
983 5175 1314 5232 Nativitatis
1337 5176 1594 5247 Domini,
1615 5173 1907 5232 Matutinus
1920 5177 2170 5228 cantan-

513 5266 632 5331 tur;
662 5263 891 5320 vesicas
946 5264 1188 5337 explodi
1235 5264 1588 5337 permittunt
1630 5265 1790 5320 circa
1845 5261 2053 5328 altare,
2103 5265 2168 5318 ut

511 5349 782 5407 habeant
800 5352 952 5408 risus
973 5354 1311 5410 materiam.
1354 5358 1417 5410 ln
1443 5353 1658 5410 diebus
1684 5349 2003 5420 Passionis,
2027 5365 2165 5406 cum

585 5475 628 5509 ²ῖ
674 5473 824 5531 Psal.
857 5491 991 5544 Lvu,
1021 5478 1077 5534 4.
1153 5477 1201 5512 ’⁸
1242 5479 1417 5535 Prov.
1449 5494 1543 5546 xx,
1575 5481 1668 5532 2t.
1742 5477 1790 5513 ³⁸
1821 5473 2040 5548 Εριιθε.
2073 5492 2126 5547 ν,
2163 5479 2221 5537 4ο

586 5634 698 5710 (32)
737 5634 925 5693 Locus
953 5633 1312 5702 mendosus;
1345 5636 1494 5696 forte
1523 5651 1746 5695 eorum.

2281 4819 2502 4876 scilicet
2528 4821 2587 4876 in
2613 4820 2813 4891 rebus,
2845 4837 3051 4878 verum
3079 4822 3259 4878 etiam
3303 4820 3364 4877 in
3391 4820 3691 4892 plerisque
3723 4819 3934 4876 fructi-

2277 4907 2394 4964 bus
2421 4910 2705 4974 veritatis,
2736 4909 2902 4982 quod
2928 4925 3000 4966 ex
3027 4915 3274 4967 tractato
3301 4907 3562 4983 capitulo
3593 4912 3651 4966 et
3686 4908 3934 4983 reliquis

2277 5012 2414 5069 quae
2443 4996 2924 5067 subscribuntur,
2957 5002 3143 5070 patet.

2349 5088 2567 5142 Contra
2589 5085 3040 5143 instructionem
3068 5087 3277 5143 Christi
3329 5085 3675 5151 Salvatoris,
3720 5087 3930 5154 nostri,

2275 5172 2630 5230 fermentata
2642 5174 3066 5246 offerunt,cum
3082 5174 3400 5248 supercilio
3419 5175 3583 5231 enim
3625 5174 3931 5246 ignorant,

2275 5263 2411 5335 quis
2440 5262 2566 5319 dux
2595 5263 2768 5320 fuerit
2791 5264 2952 5320 illius
2983 5264 3320 5321 traditionis
3344 5283 3357 5334 ;
3389 5263 3620 5321 Christo
3649 5262 3713 5318 in
3755 5265 3936 5320 Coena

2275 5350 2668 5410 benedicente
2699 5368 2936 5428 azyma,
2986 5353 3154 5427 quod
3195 5352 3376 5412 trium
3423 5350 3934 5424 exangelistarum

2341 5638 2454 5712 (33)
2493 5641 2820 5698 Monstrum
2848 5637 3036 5700 verbi.
