4020 6310
132 339 240 397 545
1559 335 1832 393 CONTRA
1867 335 2180 395 amcos.
3457 349 3560 405 5,5

123 465 411 521 ﬁrmatur
438 461 808 522 testimonio.
840 456 1070 529 Dicunt,
1099 461 1160 516 et
1219 459 1386 533 quod
1416 473 1803 533 nequaquam
1834 461 1882 516 Α
1913 464 2096 518 tatem
2135 461 2476 529 obtinuerit,
2533 463 3102 539 excommunicetur,
3145 470 3202 525 et
3229 447 3556 542 separetur,

131 553 332 611 relatu
355 552 612 624 dignum
632 556 808 620 esset,
828 548 1128 624 nisiquod
1173 549 1226 606 ei
1247 565 1482 616 omnes,
1513 554 1805 622 tanquam
1912 557 1969 608 et
1995 567 2207 609 omnes
2235 553 2366 624 ejus
2397 558 2761 610 consortes.»
2806 555 2920 611 Sed
2977 558 3197 614 etenim
3255 562 3312 616 et
3357 559 3560 617 tertius

129 657 370 713 magno
426 641 865 715 propugnatori
918 639 1270 706 innituntur,
1329 642 1666 695 asserentes
1697 637 1806 694 fer-
1913 657 2108 698 canon
2134 642 2372 715 synodi,
2400 658 2588 714 quam
2615 643 2796 700 Graeci
2819 644 3137 718 septimam
3157 654 3398 718 vocant,
3425 664 3560 722 pro-

128 731 391 788 mentati
415 731 592 804 panis
616 732 803 787 vitam
842 734 900 786 et
917 728 1348 786 animationem
1371 726 1663 796 conferre,
1691 726 1804 783 Sed
1913 729 2149 786 nuntiat
2175 746 2420 788 omnem
2450 731 2799 790 electionem
2841 749 2877 790 a
2933 735 3303 808 principibus
3358 739 3560 796 seaculi

127 835 322 877 omne
370 835 591 892 corpus
638 817 846 888 artieii,
895 818 1048 874 sicut
1098 833 1170 874 ex
1203 834 1266 873 se
1294 816 1484 873 simile
1511 831 1632 872 non
1675 831 1806 888 pro-
1914 820 2137 876 factam
2158 820 2281 876 fore
2301 821 2761 879 irritam.Unum
2781 823 2976 880 solum
3013 824 3362 896 Sabbatum,
3393 827 3561 900 quod

135 909 332 980 ducit,
367 909 452 965 ita
481 908 603 964 vita
633 913 793 964 caret
826 912 883 964 et
909 906 1296 962 animatione.
1353 905 1640 961 Nimirum
1671 921 1808 960 cau-
1917 924 2027 964 nos
2059 913 2334 966 sanctum
2356 926 2663 982 vocamus,
2697 927 2806 984 pro
2838 913 3143 985 sepultura
3172 915 3406 971 Domini
3436 916 3560 974 Sal-

131 1014 276 1054 sam
295 998 670 1054 extrinsecus
689 996 1259 1064 habetmoventem,
1291 999 1351 1050 ut
1379 992 1810 1063 stannum,do-
1918 996 2138 1052 vatoris
2182 997 2411 1067 jejunio
2464 999 3081 1058 commendaverunt:
3137 1001 3366 1076 reliqua
3416 1020 3560 1061 vero

127 1103 298 1157 mus,
324 1103 491 1154 arca,
514 1086 905 1143 fermentatus
931 1085 1128 1158 panis,
1161 1090 1218 1141 et
1249 1083 1639 1149 similia.Qute
1671 1097 1810 1138 vero
1919 1085 2062 1141 anni
2083 1083 2581 1157 Sabbata,epulae,
2602 1085 2837 1156 balnea,
2867 1093 2924 1145 et
2945 1089 3564 1164 ludicra,etquaalibet

134 1177 512 1234 intrinsecus
553 1175 776 1232 habent
807 1179 1146 1232 moventem
1193 1188 1460 1238 causam,
1509 1170 1810 1229 naturalia
1919 1173 2256 1248 penesillos
2282 1175 2669 1233 celeberrima
2697 1192 2828 1234 esse
2887 1180 3282 1252 praetendunt.
3311 1182 3425 1238 Sed
3471 1198 3560 1239 er-

1919 1279 2052 1320 rore
2079 1265 2220 1320 satis
2245 1265 2515 1336 jucundo
2532 1265 3264 1341 traducuntur,quomodo
3277 1270 3562 1342 apostolis

1921 1355 2218 1410 sancitum
2237 1370 2367 1410 esse
2385 1353 2496 1412 sub
2518 1355 2897 1413 anathemate
2913 1359 3255 1416 mentiendo
3268 1367 3556 1435 astruant,

1918 1443 2270 1500 dicentibus:
2304 1443 2668 1514 Maledictus,
2689 1445 2794 1518 qui
2817 1445 2878 1502 in
2903 1446 3164 1504 Sabbato
3179 1448 3558 1521 jejunaverit,

1917 1538 2130 1606 praeter
2156 1549 2371 1590 unum.
2401 1537 2548 1590 Nam
2580 1534 2628 1590 si
2656 1539 2898 1607 propter
2934 1535 3298 1606 singularem
3328 1539 3563 1597 Domini

142 1272 311 1329 sunt.
350 1271 416 1322 ut
445 1280 700 1338 qumque
729 1264 1016 1322 animata.
1047 1267 1175 1319 Non
1204 1268 1406 1318 autem
1438 1265 1527 1318 est
1563 1261 1622 1317 in
1652 1263 1812 1334 pane

132 1356 228 1411 vis
252 1353 774 1425 sanctificationis,
797 1353 898 1410 sed
928 1353 989 1409 in
1015 1353 1221 1409 verbo.
1244 1353 1408 1409 Unde
1434 1367 1557 1407 non
1577 1351 1811 1407 videtur

133 1445 280 1502 ﬁdei
304 1444 646 1501 consentire
672 1442 1028 1516 hujusmodi
1054 1457 1263 1499 eorum
1291 1441 1514 1497 factum
1541 1445 1598 1497 et
1622 1455 1810 1497 asser-

135 1534 239 1605 tio,
266 1550 412 1608 qua:
428 1533 745 1607 penuriam
777 1531 1112 1590 monstrare
1141 1529 1426 1598 volentes,
1453 1533 1517 1586 ut
1543 1529 1804 1597 Armeni,

131 1623 244 1695 qui
265 1623 356 1680 nil
384 1623 567 1696 aquei
595 1623 788 1680 laticis
832 1638 958 1678 sure
1013 1620 1412 1678 immolationi
1467 1624 1801 1693 apponunt,
1914 1623 2408 1678 resurrectionem
2438 1637 2649 1678 omnes
2679 1623 2806 1679 dies
2830 1623 3120 1680 Dominici
3167 1625 3329 1682 cultu
3378 1626 3562 1698 digno

135 1713 442 1788 superﬂui
499 1713 906 1770 inveniuntur.
952 1714 1100 1768 Nam
1128 1709 1306 1766 simul
1337 1709 1639 1780 frigidam,
1671 1709 1806 1766 cali-
1915 1715 2294 1781 venerantur,
2326 1716 2384 1767 et
2413 1716 2654 1784 propter
2684 1711 3049 1783 singularem
3080 1717 3357 1785 mortem,
3396 1721 3564 1776 sexta

134 1803 415 1876 damque
445 1802 668 1869 denuo,
701 1802 878 1876 quasi
903 1800 1240 1858 benedictio
1270 1800 1570 1872 impotens
1624 1799 1808 1856 conﬁ-
1847 1816 1888 1871 Β
1916 1799 2081 1870 feria,
2118 1815 2319 1857 nonne
2346 1805 2400 1857 et
2452 1804 2694 1872 propter
2750 1802 3117 1872 singularem
3171 1803 3559 1876 sepulturam,

135 1891 340 1948 ciendi
370 1891 568 1957 fuerit,
595 1891 903 1948 Dominico
929 1888 1208 1961 sanguini
1231 1888 1309 1945 ad
1340 1889 1804 1946 consummatio-

135 1995 280 2036 nem
316 1980 676 2036 admiscent.

209 2068 440 2125 Diebus
464 2067 858 2141 paschalibus
889 2083 1028 2124 cum
1049 2065 1311 2140 populus
1337 2064 1808 2123 communicatu-

135 2173 240 2214 rus
269 2157 447 2214 aride
475 2162 838 2231 praaparant,
871 2157 1118 2229 insuper
1156 2154 1593 2212 abundantiam
1624 2154 1809 2210 conti-

137 2246 305 2304 ciunt
325 2246 391 2303 in
415 2246 796 2303 Dominicum
811 2262 1052 2320 corpus,
1068 2249 1274 2318 etpost
1300 2243 1802 2309 distributionem,

134 2335 545 2408 reliquiarum
592 2350 859 2401 acervos,
892 2335 1038 2408 quia
1065 2333 1336 2390 durabile
1357 2348 1482 2389 non
1511 2337 1615 2397 est,
1641 2346 1804 2404 sepe-

136 2423 865 2481 liunt.Communicandis
882 2439 1101 2496 panem
1114 2422 1426 2478 intinctum
1441 2425 1802 2494 praeparant.

138 2519 197 2570 et
219 2512 652 2570 accedentibus
676 2513 828 2569 offas
852 2513 1166 2586 porrigunt
1212 2517 1374 2568 tcum
1428 2511 1800 2567 cochlearto:

128 2603 302 2676 quod
335 2602 604 2658 Christus
634 2617 1022 2676 nequaquam
1057 2601 1268 2658 fecisse
1294 2601 1531 2671 legitur.
1560 2599 1807 2656 Diaconi

1918 1888 2170 1960 singulis
2201 1889 2499 1960 Sabbatis,
2532 1889 2648 1945 nisi
2673 1889 3022 1947 solemnitas
3051 1891 3338 1960 inhibeat,
3375 1910 3412 1951 a
3439 1909 3564 1967 qua

1917 1984 1973 2035 et
1997 1979 2317 2051 jejunium,
2340 1984 2395 2035 et
2425 1979 2653 2036 tristitia
2673 1978 3034 2037 abducenda
3053 1996 3176 2038 non
3191 1981 3310 2040 sint
3346 1983 3562 2040 beatus

1919 2067 2215 2140 Sylvester
2243 2069 2524 2124 asseruit?

1988 2161 2209 2214 Natura
2237 2157 2483 2230 quidem
2524 2156 2786 2214 hominis
2815 2173 2853 2215 a
2908 2158 3202 2232 principio
3230 2159 3292 2216 in
3320 2159 3562 2219 ruinam

1915 2245 2110 2319 posita
2138 2250 2253 2313 est,
2283 2261 2492 2302 verum
2523 2248 2862 2304 Graecorum
2889 2247 3030 2317 gula
3069 2264 3208 2304 cum
3237 2264 3311 2306 ea
3359 2253 3559 2319 certet,

1915 2351 2050 2407 quae
2085 2350 2115 2390 e
2147 2335 2486 2406 corruptine
2516 2336 2670 2392 inest
2721 2335 2966 2394 malitia.
3002 2339 3150 2393 Nam
3179 2353 3303 2394 non
3363 2337 3561 2396 solum

1912 2422 2026 2489 bis,
2049 2423 2155 2478 sed
2167 2422 2642 2496 quotiescunque
2654 2424 3070 2496 opportunitas
3081 2424 3286 2497 aliqua
3313 2426 3559 2498 praebet,

1915 2512 2199 2570 alimenta
2221 2512 2308 2568 ori
2332 2512 2681 2570 immittunt.
2713 2512 2856 2569 Hinc
2884 2518 2972 2570 est
2999 2513 3165 2585 quod
3204 2514 3268 2570 in
3311 2515 3563 2587 quibus-

1913 2601 2058 2658 dam
2087 2600 2304 2658 diebus
2345 2602 2966 2675 Veneris,postposita
2999 2602 3561 2673 omniverecundia,

126 2707 345 2749 eorum
364 2689 474 2764 qui
500 2690 580 2747 ad
609 2690 876 2764 aliquam
897 2691 1340 2764 promotionem
1369 2688 1678 2754 incedunt,
1711 2705 1808 2744 ac-
1916 2691 2198 2749 carnibus
2228 2696 2566 2756 vescuntur;
2599 2695 2829 2764 septem
2856 2691 3000 2748 solis
3036 2693 3251 2750 diebus
3294 2693 3358 2750 in
3399 2710 3560 2751 anno

125 2780 366 2855 cipiunt
387 2796 630 2848 uxores,
658 2796 734 2837 ne
755 2781 1015 2838 honores
1040 2779 1314 2853 perdant,
1363 2777 1530 2851 quod
1567 2783 1803 2836 contra-
1910 2782 2206 2854 jejunant:
2239 2781 2505 2854 quinque
2535 2796 2642 2854 pro
2675 2781 3376 2854 totaQuadragesima,in
3396 2784 3562 2858 prin-

123 2870 394 2927 riumest
414 2869 656 2926 decimo
680 2870 1166 2926 canoniNicasnaa
1185 2869 1422 2940 synodi.
1458 2867 1804 2925 Sacerdotes
1916 2869 2072 2942 cipio
2117 2885 2240 2925 sua
2295 2869 2534 2925 illorum
2586 2870 2958 2940 septimanae,
3012 2870 3275 2928 Sabbato
3333 2878 3557 2945 sancto,

123 2975 345 3016 eorum
365 2958 430 3014 in
446 2957 749 3032 plerisque
772 2958 941 3030 locis,
972 2959 1076 3014 viri
1111 2955 1802 3028 sanguinumexsistunt,
1913 2959 1975 3014 in
2005 2957 2208 3029 vigilia
2234 2957 2578 3030 Epiphaniae
2609 2957 2861 3013 Domini.
2897 2958 3126 3014 Etenim
3156 2974 3263 3030 per
3317 2975 3563 3017 omnem

124 3054 183 3105 et
229 3048 503 3105 inferunt
527 3049 636 3119 (34)
668 3048 916 3108 sacratis
947 3047 1270 3118 manibus;
1319 3045 1485 3120 quod
1543 3045 1803 3118 propriis
1914 3046 2750 3118 magnamQuadragesimam
2777 3061 2948 3102 caena
2963 3046 3207 3103 minime
3239 3047 3562 3118 abstinent,

123 3137 320 3194 oculis
333 3137 767 3210 imperatorem
783 3137 1094 3210 sequendo
1107 3151 1211 3210 per
1225 3133 1805 3226 Cappadociam_t35)
1841 3173 1883 3226 ο
1915 3137 2021 3226 sed
2050 3135 2252 3226 posito
2268 3150 2374 3208 per
2386 3134 2654 3206 singulos
2679 3134 2863 3226 semel
2875 3134 3217 3226 comedunt;
3231 3151 3340 3226 nec
3353 3153 3566 3194 secun-

124 3230 578 3300 Persarumque
593 3227 891 3298 regiones,
926 3226 1174 3282 intuitus
1193 3241 1350 3281 sum.
1384 3223 1804 3282 Sacerdotibus
1857 3223 1873 3226 ⁷
1916 3225 2065 3281 dum
2094 3224 2439 3298 opinionem
2467 3238 2640 3280 suam
2669 3223 3209 3294 Quadragesimam
3239 3225 3562 3298 celebrant,

127 3315 415 3373 debitum
453 3315 752 3374 honorem
831 3315 1272 3387 subtrahentes,
1328 3315 1481 3370 inter
1531 3314 1808 3370 convivia
1917 3331 2056 3371 cum
2089 3314 2564 3384 Quadragesima
2587 3314 2885 3386 jejunium
2905 3314 3312 3386 quadraginta
3333 3317 3570 3374 dierum

131 3405 252 3462 sibi
292 3405 584 3462 assistere
619 3405 865 3462 faciunt.
902 3408 1008 3462 Pro
1029 3404 1187 3462 facili
1217 3404 1551 3470 occasione,
1608 3402 1802 3476 poenis
1917 3402 2516 3475 signiticethsivero
2532 3403 2827 3474 majorem
2848 3402 3250 3474 septimanam
3265 3419 3566 3462 anumero

133 3500 192 3550 et
215 3494 483 3564 flagellis
513 3494 856 3551 sacerdotes
871 3495 1185 3552 etclericos
1207 3493 1394 3549 instar
1423 3507 1805 3565 paganorum
1917 3492 2406 3564 Quadragesimte
2437 3491 2809 3549 secludentes
2839 3507 2941 3547 sex
2969 3491 3370 3550 hebdomadis
3419 3497 3569 3562 Qua-

139 3583 449 3654 at‘ﬂigunt.
472 3585 541 3640 Et
563 3589 628 3640 ut
654 3583 919 3640 habeant
957 3583 1193 3640 ridendi
1231 3582 1570 3653 materiam,
1610 3581 1672 3637 in
1702 3597 1806 3638 ea-
1913 3582 2324 3651 dragesimam
2353 3580 2664 3638 claudunt.
2693 3584 2802 3638 Tot
2831 3581 2990 3638 enim
3017 3586 3156 3638 sunt
3179 3598 3216 3639 a
3253 3584 3450 3655 prima
3468 3600 3570 3641 eo-

134 3672 366 3745 pitibus
411 3687 623 3730 eorum
669 3673 856 3746 pileos
898 3674 1120 3745 pugnis
1169 3675 1612 3744 conquassant:
1663 3687 1803 3726 cum

139 3762 442 3834 scriptum
468 3761 543 3818 sit
564 3763 673 3833 (36)
699 3780 712 3818 :
751 3784 773 3811 ι
794 3762 849 3818 Si
877 3762 1015 3834 quis
1035 3776 1288 3817 manum
1318 3761 1379 3816 in
1409 3759 1690 3816 clericum
1714 3759 1802 3831 je-

138 3851 306 3918 cerit,
331 3855 440 3907 aut
480 3850 607 3906 sine
637 3866 825 3908 causa
867 3866 972 3906 seu
1019 3849 1372 3920 contingens
1400 3848 1801 3918 occasionem,

136 3940 474 3996 anathema
503 3943 652 3996 esto.
688 3961 716 3989 »

211 4032 276 4084 tn
304 4032 468 4084 sorte
497 4028 754 4084 Simonis
779 4027 930 4098 Magi
957 4026 1176 4097 dejure
1199 4025 1464 4099 ponendi
1495 4029 1633 4083 sunt
1657 4028 1808 4084 Grae-

138 4133 355 4175 corum
385 4117 720 4189 pontiﬁces,
752 4118 855 4190 qui
880 4116 1060 4172 nullis
1089 4115 1372 4172 ecclesias
1403 4115 1528 4171 sine
1550 4116 1810 4188 pecunia

137 4206 504 4277 largiuntur.
541 4208 701 4272 Quos
737 4221 874 4262 vere
932 4205 1118 4276 tangit
1173 4205 1320 4260 illud
1388 4203 1805 4277 apostolicum:

140 4297 407 4352 Pecunia
435 4301 542 4352 tua
569 4301 761 4352 tecum
791 4295 868 4352 sit
883 4297 945 4351 in
956 4294 1354 4365 perditionem
1387 4294 1455 4348 ³ο.
1497 4295 1704 4349 Sacros
1719 4309 1811 4349 or-

142 4385 343 4452 dines,
375 4383 482 4458 qui
511 4385 694 4455 gratis
722 4384 945 4440 dedent
971 4383 1122 4451 dari,
1176 4382 1290 4438 nisi
1328 4397 1548 4438 manus
1599 4397 1809 4438 eorum

1912 3687 2048 3727 rum
2080 3673 2416 3744 septimana
2446 3687 2634 3744 usque
2666 3673 2743 3726 a-l
2757 3670 3109 3737 Sabbatum,
3143 3673 3309 3744 quod
3326 3673 3555 3744 palma-

1913 3777 2048 3818 rum
2078 3761 2486 3832 arborumque
2498 3775 2701 3816 ramos
2717 3759 3020 3832 praecedit,
3041 3760 3102 3814 in
3123 3775 3246 3832 quo
3266 3761 3568 3818 universa-

1912 3852 2042 3909 liter
2072 3851 2150 3907 ab
2171 3850 2284 3906 illis
2307 3854 2634 3906 cantatum»
2667 3851 2808 3914 Quae
2834 3849 3052 3905 animm
3073 3848 3230 3904 utilis
3261 3855 3368 3915 est,
3401 3866 3567 3906 com-

1916 3940 2152 4014 plemus
2171 3938 2813 4007 Quadragesimam,»a
2831 3936 3054 4009 quibus
3077 3953 3180 3992 sex
3192 3937 3561 4010 septimanis,

1919 4031 1970 4086 si
1994 4046 2097 4085 sex
2117 4029 2244 4085 dies
2265 4026 2557 4084 Dominici
2586 4042 2725 4083 cum
2750 4025 2995 4082 totidem
3017 4024 3295 4082 Sabbatis
3330 4027 3567 4085 subtra-

1916 4121 2154 4189 hantur,
2181 4117 2418 4188 triginta
2449 4117 2647 4171 solum
2675 4114 2803 4171 dies
2832 4114 3223 4171 invenientur.
3249 4117 3328 4172 De
3371 4117 3566 4174 Domi-

1917 4209 2067 4265 nicis
2097 4223 2238 4263 vero
2267 4205 2481 4261 diebus
2509 4218 2950 4276 supervacuum
3001 4206 3090 4260 est
3142 4202 3451 4261 disserere:
3504 4206 3568 4263 in

1917 4297 2139 4370 quibus
2169 4294 2515 4352 Christianis
2544 4292 2825 4350 omnibus
2855 4291 3203 4365 prohibetur
3245 4293 3564 4366 jejunium.

1921 4391 1993 4442 At
2021 4386 2197 4457 igitur
2218 4385 2266 4440 si
2296 4383 2480 4440 Graeci
2526 4383 2800 4454 jejunant
2850 4382 2912 4436 in
2963 4381 3177 4437 diebus
3245 4383 3567 4440 Dominicis

144 4491 265 4532 aere
298 4479 642 4544 graventur,
667 4489 793 4529 non
823 4473 1110 4541 tribuunt;
1144 4470 1482 4544 sepulturas
1510 4470 1571 4525 in
1592 4485 1808 4527 coemo.
1839 4521 1881 4576 Β
1920 4479 2086 4549 (nam
2100 4473 2578 4532 eisdemcibariis
2606 4471 3003 4528 vescunturin
3035 4470 3357 4543 sabbatis),
3383 4488 3569 4531 anna-

145 4563 310 4620 teriis
331 4578 458 4620 non
486 4563 726 4632 faciunt,
756 4561 872 4618 nisi
904 4567 1151 4634 accepta
1177 4559 1453 4634 pecunia,
1497 4574 1533 4617 a
1559 4559 1810 4633 quibus-

145 4653 313 4724 libet,
347 4667 594 4725 prorsus
622 4651 913 4708 inﬁciant.
946 4650 1296 4708 Patriarchaa
1327 4664 1558 4718 eorum,
1599 4651 1657 4704 et
1712 4663 1811 4704 ar-

148 4741 544 4814 chiepiscopi,
575 4745 632 4796 et
680 4739 1186 4803 archimandritas,
1267 4737 1602 4794 secundum
1645 4735 1812 4808 quod

148 4831 489 4906 aliquando
510 4829 620 4887 fuit
645 4831 707 4886 in
730 4829 1034 4902 primitiva
1064 4828 1328 4887 Ecclesia
1372 4826 1806 4897 hmreticorum,

149 4923 227 4979 ad
252 4920 622 4979 obtinendos
647 4921 933 4985 honores,
972 4920 1370 4986 celsitudines,
1396 4933 1432 4974 a
1459 4916 1626 4973 laicis
1672 4931 1810 4988 pro-

150 5015 492 5068 moventur.
515 5010 685 5076 Quod
702 5025 950 5083 prorsus
972 5011 1087 5066 hoc
1107 5010 1165 5065 in
1191 5013 1458 5079 tempore
1478 5005 1812 5062 tricesimus

149 5097 569 5172 apostolorum
582 5115 779 5155 canon
793 5098 1023 5156 inhibet
1040 5098 1186 5166 ﬁeri,
1206 5097 1309 5170 qui
1325 5100 1414 5152 est
1426 5094 1530 5166 huj
1540 5093 1807 5151 usmodi:

151 5211 178 5238 «
203 5190 261 5246 Si
275 5187 414 5260 quis
431 5188 756 5260 episcopus
776 5204 885 5261 per
906 5187 1252 5246 mundanos
1273 5185 1574 5259 principes
1615 5182 1812 5256 digni-

151 5339 197 5374 ³ο
220 5343 348 5407 Act,
380 5355 509 5411 vni,
535 5343 624 5396 20.

121 5497 127 5503 -
217 5463 612 5546 (34).Videtur
639 5464 849 5524 deesse
879 5465 1095 5526 vocula
1123 5471 1390 5535 mortem,
1447 5468 1550 5522 aut
1605 5461 1825 5520 similis

155 5547 486 5609 qumplam,

227 5607 343 5677 (33)
397 5610 532 5664 Haec
573 5623 696 5665 non
753 5610 1112 5667 conveniunt
1139 5609 1441 5667 Fratribus
1467 5607 1814 5666 Praedicato-

155 5678 351 5752 ribus,
387 5679 513 5747 sed,
545 5679 905 5752 Etheriano,
958 5681 1064 5755 qui
1113 5683 1818 5751 Manuelemﬁraecorum

1921 4565 2196 4622 thematis
2224 4563 2308 4621 rei
2339 4567 2479 4619 sunt
2504 4561 2772 4627 canonis,
2795 4560 3194 4634 dicunturque
3219 4561 3564 4624 anathema:

1919 4657 2004 4714 sic
2032 4657 2136 4730 qui
2158 4657 2218 4710 in
2251 4653 2525 4713 Sabbatis
2545 4651 2923 4724 jejunaverit,
2956 4657 3168 4723 praeter
3198 4667 3387 4708 unum
3419 4657 3568 4710 Cum

1918 4746 2095 4818 igitur
2109 4745 2204 4802 die
2218 4741 2702 4813 Sabbatorumjej
2714 4741 2868 4797 uniis
2897 4739 3274 4805 valefaciant,
3292 4745 3348 4796 et
3363 4741 3570 4799 omnia

1918 4837 2018 4893 illa
2047 4835 2121 4890 de
2151 4833 2462 4890 festivitate
2493 4831 2631 4902 (37),
2653 4829 2834 4886 etiam
2884 4829 2933 4884 si
2987 4829 3186 4899 major
3232 4829 3570 4900 septimana

1919 4925 2160 4997 reliquis
2185 4927 2547 4990 numeretur,
2568 4917 3013 4974 evidentissime
3029 4919 3278 4985 constat,
3315 4931 3418 4973 eos
3443 4932 3570 4976 non

1919 5015 2144 5073 habere
2166 5011 2734 5081 Quadragesimam.

1993 5102 2262 5162 Monachi
2290 5109 2454 5159 extra
2485 5099 2814 5156 claustrum
2840 5096 3352 5168 pernoctanles,ut
3386 5109 3570 5168 pecu-

1921 5196 2052 5266 des,
2083 5193 2332 5264 singulis
2362 5189 2527 5248 horis
2567 5191 2629 5244 in
2667 5185 2874 5259 plateis
2929 5184 3044 5256 ipsi
3095 5183 3441 5252 comedunt,
3495 5188 3570 5243 de

1921 5394 2364 5467 imperatorem,
2401 5384 2786 5460 sequebatur,
2818 5381 2968 5442 dum
3012 5380 3171 5442 bella
3227 5386 3456 5456 gereret
3509 5383 3573 5442 in

1921 5487 2196 5557 Egypto,
2228 5480 2382 5548 Asia,
2408 5482 2519 5534 etc.
2544 5479 2714 5532 BASN.
2823 5548 2832 5556 θ

1997 5587 2110 5667 (36)⁹
2130 5593 2270 5667 Can.
2301 5589 2503 5661 Apost.

1999 5659 2116 5740 (37’)
2144 5666 2330 5721 Locus
2354 5659 2692 5732 corruptus.
