4020 6310
401 289 504 352 54,7
1628 253 2110 323 PANTALEONIS
2147 255 2429 319 DIACONI
2470 249 2570 315 Cp.
3712 257 3888 321 543

409 421 566 487 sinu,
591 421 886 484 tanquam
904 421 975 461 ex
995 417 1135 459 arca
1145 401 1386 468 fructus,
1415 395 1509 451 vel
1526 390 1753 464 aliquid
1768 387 2049 445 vescibile
2098 393 2140 442 A
2175 387 2612 444 Suffocatorum
2643 406 2753 446 nec
2769 391 3070 450 abstinent
3091 394 3383 465 sanguine
3408 411 3421 456 :
3442 408 3588 449 nam
3607 391 3825 447 turbo
3838 406 3882 441 s

407 478 803 568 extrahentes,
832 487 1542 552 manducant.Declinant
1573 491 1633 537 ut
1676 484 2066 551 caupones,et
2171 479 2497 533 comedunt
2521 478 2750 550 laqueis
2783 485 3210 551 strangulatos,
3254 489 3309 540 et
3349 483 3497 539 alias
3553 497 3715 544 aves,
3792 483 3888 532 et

409 598 603 658 calido
634 599 784 666 lyaeo
810 587 1073 642 comesta
1099 578 1381 635 inferiora
1409 574 1680 631 credunt.
2170 566 2448 622 intestina
2477 570 2768 636 sanguine
2791 575 3037 641 porcino
3068 573 3400 644 implentes,
3437 588 3546 643 pro
3591 569 3874 625 deliciis

481 655 674 743 Penes'
698 673 1026 734 monachos
1047 683 1167 724 non
1189 671 1279 722 est
1299 680 1487 721 unum
1516 659 1918 731 marsupium,
1953 655 2061 710 sed
2171 664 2512 722 vescuntur,
2541 665 2748 714 contra
2774 661 3186 731 apostolorum
3219 662 3474 718 decreta.
3517 660 3882 722 Sanguine

409 774 573 834 obliti
602 771 918 826 dicentem:
970 761 1102 814 Nisa
1139 758 1267 828 quis
1305 750 1740 810 renuntiaverit
1769 745 2060 834 omnibus,
2171 745 2439 800 humano
2468 763 2682 818 porcos
2721 748 2908 809 alunt.
2949 752 3051 822 qui
3108 759 3293 807 artem
3350 749 3664 806 minuendi
3712 747 3878 814 (38')

411 832 541 940 quae
556 857 814 931 possidet
844 855 912 917 ⁸¹,
940 854 1075 916 etc.,
1099 844 1318 914 singuli
1341 843 1566 898 habent
1589 837 1845 908 singula.
1881 832 2066 940 graeci
2173 842 2464 933 esercent.
2499 838 2646 891 Cum
2677 838 2751 892 ad
2788 847 3091 895 mortuum
3139 840 3550 912 sepeliendum
3610 852 3887 893 conve-

412 923 799 1026 ﬁeqnaquam
845 941 1197 994 venerantes
1242 936 1607 1004 praeceptum
1661 924 2065 997 apostolicum
2175 923 2365 991 niunt,
2395 925 2515 978 noti
2538 925 2714 980 amici
2736 931 2792 982 et
2815 928 3052 996 cognati
3081 928 3516 990 accedentes,ei
3543 926 3879 983 osculum

411 1011 577 1102 illud:
623 1011 724 1091 θίν’
745 1035 797 1088 si
822 1043 1052 1087 comam
1079 1023 1334 1085 nutriat,
1359 1018 1689 1090 ignominia
1714 1020 1798 1070 est
1852 1013 1950 1067 itti
1992 1011 2064 1063 θ’.
2174 1013 2701 1084 prmstantsinguti.
2720 1021 3007 1088 tanquam
3038 1017 3336 1074 licentiam
3353 1016 3676 1088 accepturi,
3707 1029 3887 1069 rno-

416 1138 635 1192 Omnes
665 1139 805 1180 cum
836 1117 1103 1174 maximo
1134 1110 1329 1167 studio
1387 1105 1766 1163 incrementis
1815 1114 2066 1174 operam
2177 1116 2648 1174 repaganorum,
2687 1103 2883 1175 quiad
2931 1113 3196 1161 mortuos
3220 1105 3610 1160 intendebant
3645 1103 3884 1158 verba

415 1222 720 1297 praestant.
745 1210 929 1279 Hujus
958 1205 1167 1276 lapsus
1197 1199 1392 1256 clerici
1419 1196 1682 1252 maxime
1704 1196 1783 1248 rei
1825 1195 1981 1287 sunt,
2011 1193 2071 1242 et
2175 1191 2304 1244 haec
2327 1213 2354 1239 ‹‹
2380 1189 2703 1255 Vade,cum
2727 1199 3007 1249 naturate
3030 1194 3325 1250 vocaverit
3349 1209 3704 1265 ;sequemur
3723 1199 3878 1246 te.»

417 1279 614 1374 etiam,
640 1317 794 1376 quos
822 1295 985 1352 nullo
1031 1291 1214 1347 modo
1245 1288 1416 1376 decet
1446 1331 1460 1354 ,
1482 1282 1758 1340 monachi
1780 1279 2066 1375 nutriunt.
2177 1279 2477 1335 Misturam
2502 1281 2810 1349 sanguinis
2849 1283 3216 1353 prohibitam
3238 1300 3273 1339 a
3306 1286 3522 1339 sanctis
3550 1281 3882 1336 Patribus

419 1397 645 1457 Etenim
661 1365 731 1448 in
761 1399 1001 1444 coronae
1032 1379 1304 1442 modum,
1335 1375 1488 1430 sicut
1529 1372 1734 1444 regula
1783 1365 2067 1440 ρι’ωοίρίίν
2182 1367 2407 1423 faciunt
2421 1370 2658 1438 iugiter.
2681 1373 2824 1424 Nam
2850 1372 3599 1427 consobriniconsobrinas
3617 1385 3882 1424 uxores

419 1497 729 1548 tonsuram
760 1473 1118 1547 capillorum
1144 1481 1265 1523 non
1291 1465 1534 1531 faciunt,
1562 1461 1666 1516 sed
1686 1461 1914 1532 peneiut
1945 1472 2078 1548 mu-
2185 1458 2430 1512 ducunt.
2468 1458 2529 1512 In
2581 1457 2942 1529 baptizando
2986 1468 3198 1532 praeter
3235 1461 3555 1516 Salvatoris
3611 1474 3888 1530 praece-

419 1580 590 1635 lieres
612 1574 671 1628 in
704 1545 893 1624 fronte
939 1556 1266 1616 dividendo
1319 1553 1756 1618 discriminant,
1829 1545 2077 1603 servatis
2188 1547 2906 1621 ptumapostolorumque
2929 1548 3586 1620 consuetudinem,duo
3610 1549 3886 1603 faciunt.

424 1665 692 1734 undique
715 1652 964 1726 capillis,
994 1654 1055 1703 ut
1083 1645 1217 1702 colli
1237 1643 1421 1713 nuda,
1445 1648 1504 1697 et
1529 1640 1764 1696 aurium
1783 1635 2078 1734 cartilagi-
2188 1637 2444 1690 multum
2490 1637 2920 1706 superstitiosa.
2953 1641 3145 1694 Unum
3175 1638 3442 1710 quidem,
3490 1637 3655 1710 quod
3706 1637 3882 1691 oleo

427 1770 533 1811 nes
561 1725 899 1822 protegant.
929 1736 1193 1795 Mulieres
1221 1734 1458 1788 deserto
1490 1728 1745 1785 naturali
1776 1725 1940 1782 cultu
1977 1739 2074 1779 ca-
2107 1732 2152 1785 Β
2192 1740 2296 1796 per
2338 1731 2548 1794 totum,
2594 1725 3022 1796 baptizandum
3077 1731 3351 1798 perungit
3395 1729 3700 1794 sacerlos,
3771 1741 3882 1780 ne

426 1813 938 1916 pillo-rum,comis
961 1832 1334 1881 mortuorum
1355 1817 1729 1875 densissimis
1748 1815 2081 1870 subornan-
2191 1829 2363 1886 aquai
2393 1813 2648 1868 tinctura
2669 1814 2834 1870 illum
2857 1817 3154 1887 pertingat
3177 1833 3188 1881 ;
3215 1817 3468 1872 alterum
3485 1831 3641 1883 vero,
3671 1815 3878 1886 quod

428 1903 545 1998 iur,
578 1930 785 1982 contra
810 1916 1201 1974 monitionem
1232 1910 1390 1966 beati
1410 1907 1553 1963 Petri
1575 1903 1850 1978 apostoli,
1881 1903 2080 1957 dicen-
2191 1918 2414 1973 aquam
2429 1903 3889 1976 ﬁerimandantcalidaminfantulumperpurga-

431 1992 907 2080 tisthutiembus
936 2020 1056 2060 non
1085 2004 1160 2056 sit
1182 2001 1549 2057 extrinsecus
1569 1995 1960 2064 eapittatura,
1977 2001 2085 2050 aut
2199 1999 2390 2047 turam
2414 2007 2427 2045 :
2455 1992 2620 2062 quod
2643 2007 2857 2064 neque,
2881 1994 3144 2048 Christus
3183 2009 3379 2065 neque
3409 1993 3624 2065 aliquis
3676 1993 3880 2048 disci-

432 2097 1102 2169 circumdatioauri,aut
1118 2087 1943 2146 indumentivestimentorum
1961 2084 2098 2137 σαί·
2193 2081 2478 2154 pulorum
2511 2081 2718 2135 fecisse
2745 2082 2990 2150 legitur:
3021 2098 3206 2154 quare
3228 2081 3349 2137 duo
3369 2081 3752 2153 baptismata
3777 2083 3892 2138 fa-

434 2209 526 2259 tus
558 2198 629 2252 ³³,
652 2191 917 2250 Mulieres
945 2185 1116 2240 fusco
1146 2178 1332 2251 [fuco]
1365 2182 1422 2232 et
1450 2175 1707 2247 puniceo
1738 2173 1919 2229 facies
1949 2187 2092 2229 suas
2201 2172 2382 2240 ciunt,
2425 2186 2562 2225 cum
2591 2171 2878 2242 scriptum
2930 2171 3038 2227 sit:
3087 2173 3248 2228 Unus
3297 2173 3607 2241 Dominus,
3660 2187 3890 2227 unum

433 2287 711 2363 pingunt,
740 2283 797 2334 et
822 2273 1003 2331 variis
1029 2267 1331 2326 coloribus
1364 2263 1794 2333 insigniuntur.
2204 2262 2522 2330 baptisma,
2551 2277 2676 2315 una
2697 2261 2842 2327 ﬁdes
2863 2261 2932 2314 δε.

507 2347 622 2430 Viri
649 2347 707 2427 et
748 2365 1025 2422 mulieres
1047 2360 1491 2414 sacramentum
1513 2351 1776 2422 conjugii
1808 2365 1918 2418 pro
1946 2347 2094 2404 futili
2278 2353 2512 2406 Frustra
2540 2349 2785 2422 quidem
2830 2355 3090 2418 arguunt
3125 2349 3359 2406 Latinos
3407 2351 3611 2416 Graeci,
3675 2367 3890 2424 aquae

439 2465 741 2538 reputant.
777 2459 924 2511 Nam
956 2448 1191 2521 quoties
1216 2445 1363 2538 alter
1413 2441 1737 2538 displicet,”
1767 2439 1860 2495 vel
1913 2439 2097 2494 altera
2205 2456 2550 2512 causa,quaa
2574 2455 2680 2510 per
2707 2439 2833 2494 dies
2864 2439 3205 2494 Dominicos
3238 2440 3297 2494 in
3325 2438 3589 2495 ecclesiis
3615 2439 3697 2494 ad
3727 2456 3895 2494 san-

442 2527 632 2615 alieri,
663 2559 866 2603 coram
892 2542 1146 2612 praetore
1174 2533 1407 2589 urbano
1429 2529 1836 2586 voluntatibus
1886 2543 2095 2583 eorum
2205 2529 2589 2586 cttﬁcandum
2617 2527 2910 2600 populum
2940 2529 3408 2592 benedicuntur;
3445 2543 3584 2583 cum
3633 2529 3682 2582 si
3735 2529 3891 2582 haec

443 2613 1194 2715 expositis,instrumentis
1218 2629 1288 2677 et-
1327 2618 1582 2715 cingulis
1638 2618 1916 2690 prmcisis,
1971 2618 2097 2672 sine
2207 2617 2384 2689 culpa
2406 2616 2497 2686 sit,
2535 2617 2649 2687 ipsi
2678 2615 3076 2687 multipliciter
3104 2616 3186 2670 rei
3241 2616 3376 2670 sint.
3423 2618 3572 2671 Nam
3637 2613 3892 2685 singuli

443 2704 913 2789 contradictione
938 2713 1047 2769 viri
1074 2725 1310 2780 uxores,
1344 2713 1399 2764 et
1428 2706 1710 2764 mulieres
1770 2706 1930 2760 viros
1988 2719 2098 2776 pro
2206 2705 2454 2778 papyris
2474 2705 2740 2760 oleolam
2752 2705 3045 2776 padarum
3067 2704 3404 2760 ardentium
3421 2704 3885 2773 coramimagi-

443 2819 614 2878 libitu
663 2806 981 2880 accipiunt,
1029 2806 1237 2857 contra
1265 2796 1645 2864 mandatum,
1696 2794 1861 2866 quod
1911 2793 2094 2848 dicit:
2209 2796 2386 2850 nibus
2407 2800 2754 2850 sanctorum
2779 2793 3054 2858 intinctis,
3079 2792 3303 2849 frontes
3326 2809 3468 2849 suas
3489 2799 3882 2864 perungunt,

450 2905 606 2979 Quod
631 2904 786 2958 Deus
811 2892 1146 2964 conjunxit,
1169 2888 1335 2944 homo
1360 2901 1436 2942 ne
1462 2891 1696 2954 separet
1723 2883 1793 2940 ³⁸.
1818 2883 1883 2938 In
1907 2881 2101 2938 domi-
2208 2891 2265 2940 et
2287 2898 2447 2956 aqua
2473 2898 2534 2936 se
2555 2889 2897 2952 aspergunt,
2934 2898 2971 2938 a
3009 2881 3272 2954 reliquiis
3317 2887 3662 2937 sanctorum
3723 2897 3884 2937 con-

445 2969 560 3057 bus
580 2992 705 3050 suis
743 2980 1196 3044 mansiunculas
1226 2979 1600 3042 construunt,
1629 2974 1690 3028 in
1714 2972 1937 3046 quibus
1965 2987 2101 3027 san-
2209 2978 2400 3036 tacta;
2429 2971 2566 3026 etin
2588 2971 2840 3041 singulis
2862 2969 3140 3027 Kalendis
3163 2969 3612 3040 diligentissime
3628 2985 3878 3042 aquam

447 3095 681 3146 ctorum
709 3074 1004 3144 imagines
1021 3068 1338 3131 collocant,
1359 3064 1515 3120 eteis
1535 3077 1716 3119 omne
1741 3061 2104 3133 obsequium
2137 3078 2176 3131 ρ
2215 3060 2604 3118 sanctiﬁcant.
2652 3060 2741 3116 Ad
2785 3077 2970 3133 quam
2998 3059 3346 3130 tollendam,
3380 3058 3456 3114 de
3504 3059 3727 3114 vicinia
3778 3074 3889 3114 ve-

451 3173 731 3233 exhibent
766 3160 1217 3235 lampadarum,
1261 3169 1593 3218 cereorum,
1654 3156 1711 3207 et
1734 3151 1998 3216 incensi;
2049 3154 2110 3204 et
2224 3151 2446 3206 uientes
2476 3157 2654 3221 atque
2685 3155 3057 3221 asportantes
3086 3149 3146 3204 in
3166 3150 3383 3205 domos
3415 3165 3579 3216 suas,
3620 3164 3747 3204 non
3783 3165 3887 3206 so-

453 3258 796 3339 synodales,
816 3267 982 3339 quas
1009 3253 1210 3320 patres
1237 3260 1446 3300 eorum
1495 3247 1974 3339 construxerunt,
2018 3255 2111 3295 ec-
2223 3240 2346 3294 lum
2374 3239 2487 3312 ipsi
2517 3245 2864 3310 aspergunt,
2897 3238 3001 3293 sed
3030 3238 3228 3292 verius
3268 3236 3554 3294 delibant.
3597 3237 3892 3309 Apostoli

453 3326 694 3412 ciesias,
725 3343 785 3397 in
818 3336 1201 3394 solitudinem
1219 3330 1570 3387 sinuntetin
1590 3335 2004 3400 paupertatem
2024 3342 2114 3382 re-
2223 3328 2753 3400 apostolorumque
2801 3342 3177 3383 successores
3220 3341 3468 3398 prorsus
3499 3326 3682 3382 etiam
3732 3343 3889 3382 cum

453 3438 619 3508 digi:
650 3439 708 3490 et
737 3443 890 3502 pene
910 3426 970 3480 in
1002 3421 1302 3478 cubitibus
1333 3420 1456 3474 suis
1505 3417 1730 3473 faciunt
1783 3419 2110 3473 missarum
2221 3435 2401 3475 uxore
2421 3420 2689 3485 coire,ne
2711 3416 3115 3472 sacerdotium
3138 3414 3488 3487 polluerent,
3510 3415 3886 3482 omiserunt;

457 3505 752 3585 solemnia
770 3510 1074 3574 celebrari,
1101 3510 1281 3564 beato
1310 3506 1608 3579 Sylvestro
1640 3507 1755 3560 hoc
1780 3505 2105 3562 inhibente.
2218 3509 2403 3564 Graeci
2432 3524 2572 3563 vero
2603 3506 2958 3569 sacerdotes,
2992 3505 3286 3561 derelictis
3312 3509 3665 3560 sanctorum
3695 3505 3887 3561 vesti-

459 3620 600 3674 Can.
624 3634 652 3661 «
681 3605 882 3666 Nullus
909 3599 1221 3674 presbyter
1241 3596 1562 3651 celebrare
1603 3600 1946 3665 praesumat,
1995 3596 2088 3649 nis
2217 3599 2345 3670 giis,
2373 3605 2434 3652 ut
2467 3596 2776 3665 animales,
2811 3595 3228 3650 contrahentes
3259 3593 3885 3659 matrimonium,non

459 3708 520 3763 in
543 3692 969 3759 sacratislocis,
985 3689 1047 3743 in
1061 3685 1232 3751 villis,
1251 3685 1310 3740 in
1329 3683 1568 3755 oppidis
1588 3682 2056 3754 provinciarum.
2077 3705 2105 3734 ››
2209 3688 2555 3758 percipiunt
2575 3701 2640 3742 ea
2662 3700 2792 3756 qua:
2814 3685 2922 3740 Dei
2939 3691 3071 3738 sunt
3093 3684 3162 3733 ³⁷.
3194 3685 3260 3738 Et
3277 3684 3445 3754 quod
3488 3681 3883 3738 abominabi-

461 3797 685 3852 Uxores
707 3783 1110 3840 sacerdotum,
1143 3774 1394 3831 chorum
1421 3771 1840 3844 ingredientes,
1873 3771 2107 3828 oblatos
2213 3779 2328 3834 lius
2357 3782 2461 3839 est,
2491 3792 2526 3832 δ,
2583 3773 2904 3830 concubitu
2957 3773 3221 3828 mulieris
3276 3777 3610 3842 sul-gemes,
3654 3779 3886 3828 sancta

459 3895 650 3956 panes
673 3876 749 3931 de
773 3869 940 3929 altari
962 3865 1197 3929 tollunt,
1223 3869 1288 3956 Aet
1315 3861 1682 3956 obsequium
1706 3859 1941 3916 diaconi
1973 3877 2106 3956 per-
2217 3867 2537 3939 profanant
2559 3863 2864 3934 mysteria,
2896 3878 3031 3933 quae
3059 3861 3311 3934 pollutos
3343 3866 3400 3917 et
3436 3866 3705 3916 receuter
3733 3877 3882 3917 cum

462 3974 727 4043 agentes,
771 3963 986 4018 cuncta
1039 3970 1176 4027 quae
1218 3953 1280 4008 in
1318 3953 1546 4007 cunctis
1593 3951 1718 4006 suis
1771 3950 2110 4006 necessaria
2220 3953 2569 4011 mulieribus
2601 3951 3019 4022 coinquinatos
3058 3951 3222 4006 nullo
3281 3949 3464 4006 modo
3523 3948 3884 4006 admittunt.

463 4040 832 4118 suntoﬁiciis
873 4048 1219 4105 missarum,
1261 4046 1623 4113 praeparant.
1687 4040 1920 4096 Missam
1952 4040 2112 4094 circa
2220 4043 2518 4101 Christum
2545 4041 2742 4096 minus
2762 4055 3165 4112 posse,quam
3195 4042 3376 4112 κῦριον
3431 4043 3667 4110 putant.
3727 4041 3883 4095 Nam

462 4151 677 4206 horam
703 4140 958 4203 tertiam,
990 4148 1142 4206 pene
1172 4130 1370 4185 nullos
1411 4128 1713 4184 auditores
1755 4127 1985 4183 habens
2020 4142 2112 4183 sa-
2221 4149 2293 4188 ex
2322 4132 2436 4186 hoc
2485 4129 2726 4202 probari
2774 4133 2985 4200 potest,
3013 4127 3177 4199 quod
3210 4127 3437 4183 Christe
3465 4129 3680 4183 eteison
3725 4143 3881 4182 nun-

466 4234 678 4295 cerdos
693 4228 970 4285 celebrat.
987 4219 1220 4291 thuod
1237 4217 1405 4273 nefas
1417 4222 1582 4289 puto,
1610 4217 1802 4283 uxori,
1819 4216 1913 4272 vel
1926 4232 2112 4288 puero
2222 4236 2406 4294 quam
2429 4217 2751 4274 concinunt
2770 4235 2782 4272 :
2809 4219 2983 4286 Kyrie
2998 4217 3214 4273 eteison
3231 4215 3714 4288 frequentissime
3735 4231 3879 4271 can-

466 4325 592 4382 ﬁlio
612 4316 966 4379 associatns,
987 4325 1140 4380 quos
1161 4321 1283 4362 non
1301 4305 1485 4361 habet
1505 4305 1718 4373 socios,
1752 4304 1846 4359 vel
1867 4305 2115 4362 comites
2225 4315 2350 4372 tant
2381 4309 2439 4363 in
2463 4306 2674 4362 ofﬁciis
2707 4306 2847 4360 suis.
2886 4305 3151 4360 Praelatio
3182 4305 3498 4360 sacerdotii
3549 4303 3716 4375 apud
3776 4319 3879 4359 eos

386 4436 390 4440 ·
471 4405 792 4470 salutando
817 4401 1002 4458 dicit:
1037 4417 1067 4450 ‹
1093 4400 1213 4451 Pax
1237 4394 1435 4484 vobis.
1465 4417 1490 4443 ›ι
1537 4393 1838 4484 Omnibus
1870 4393 2117 4484 inﬂQiua-
2151 4431 2194 4484 υ
2227 4406 2457 4456 tantum
2489 4398 2637 4452 inter
2676 4395 3008 4451 monachos
3055 4410 3183 4450 esse
3234 4393 3487 4449 videtur.
3542 4393 3662 4449 Soli
3717 4394 3879 4449 enim

471 4491 854 4568 dragesimali
877 4494 1145 4558 temPOre
1169 4482 1536 4546 sabbatis,“
1558 4482 1878 4537 ῧοωίηίοίε
1904 4482 2119 4538 diebus
2151 4481 2180 4484 ⁷
2225 4485 2508 4544 monachi
2538 4490 2890 4558 potestatem
2923 4483 3195 4539 solvendi
3235 4489 3415 4554 atque
3440 4481 3668 4551 ligandi
3711 4498 3876 4538 exer-

474 4591 692 4648 missas
717 4577 1040 4641 celebrant,
1062 4578 1120 4628 et
1138 4570 1515 4625 Dominicum
1533 4585 1754 4641 corpus
1772 4570 2117 4626 conﬁciunt.
2228 4582 2522 4648 (κατηρῶ
2550 4577 2734 4637 Petro,
2777 4573 3044 4643 Petrique
3085 4571 3531 4626 successoribus
3573 4571 3876 4643 principa-

474 4673 734 4747 Reliquis
762 4683 898 4725 vero
916 4679 1054 4719 cum
1080 4661 1275 4730 major
1299 4658 1591 4714 incumbit
1616 4659 1962 4730 necessitas,
1986 4661 2124 4715 mis-
2229 4667 2358 4722 liter
2384 4670 2471 4720 est
2500 4663 2732 4718 tradita.
2759 4664 2886 4728 Qua
2908 4661 2983 4716 de
3013 4676 3201 4716 causa
3255 4660 3525 4716 studium
3571 4659 3878 4730 singulare

473 4781 678 4830 sarum
700 4754 1104 4818 solemnitates
1125 4765 1371 4822 prorsus
1391 4748 1765 4813 abdicantes,
1784 4750 2124 4822 praesancti-
2232 4756 2501 4828 pecuniae
2518 4751 2856 4808 sacerdotes
2876 4751 2936 4805 in
2954 4750 3284 4806 monastico
3297 4749 3507 4805 habitu
3521 4749 3878 4805 constitutos

475 4856 666 4916 ﬁcatis
688 4853 954 4908 utuntur.
980 4846 1043 4898 lu
1065 4837 1546 4907 Quadragesima
1571 4838 1804 4896 silentio
1825 4855 2129 4896 commen-
2235 4841 2665 4916 complectitur,
2682 4838 3138 4911 multaqueinde
3154 4838 3426 4894 facinora
3451 4837 3783 4910 proﬂuunt,
3823 4843 3885 4893 ut

479 4950 658 5006 dant:
693 4945 847 4998 Deus
865 4933 1174 4996 Dominus,
1201 4934 1253 4985 et
1276 4928 1481 4984 illuxit
1503 4927 1672 4983 nobis
1705 4929 1775 4993 ³⁵,
1802 4930 1969 5002 quod
2002 4931 2130 4987 reli-
2235 4929 2671 4989 evanescantin
2699 4928 3162 4997 cogitationibus
3192 4927 3319 4982 suis
3367 4932 3424 4982 et
3451 4925 3887 4997 redargutioni-

478 5037 614 5107 quis
636 5029 778 5088 anni
800 5020 1173 5096 temporibus
1190 5016 1532 5107 decantant.
1553 5017 1901 5075 Sacerdotes
1919 5035 2130 5076 eorum
2237 5022 2352 5077 bus
2376 5022 2502 5074 suis
2527 5023 2747 5074 truces.
2775 5019 2924 5072 Nam
2954 5014 3122 5087 quod
3145 5014 3206 5070 iu
3240 5031 3463 5088 magno
3517 5013 3888 5071 Constantini

480 5103 650 5183 more
671 5115 940 5180 Judaico,
970 5107 1322 5183 promittunt
1350 5103 1593 5169 barbas,
1612 5121 1747 5178 qum
1762 5112 1904 5163 sunt
1931 5108 2130 5164 Domi-
2240 5109 2460 5182 palatio
2489 5105 2939 5177 diligentissime
2963 5103 3339 5169 observatur,
3369 5104 3480 5159 hoc
3523 5104 3760 5160 Latinos
3807 5103 3889 5160 fa-

484 5213 618 5270 nico
668 5203 982 5275 sanguine,
1025 5212 1161 5254 cum
1213 5193 1291 5250 ab
1329 5193 1440 5248 illis
1496 5193 1744 5263 bibitur,
1798 5196 2130 5251 madentes.
2243 5198 2458 5253 cientes
2490 5199 2844 5264 coarguunt.
2864 5197 2926 5248 In
2964 5193 3227 5249 Ecclesia
3252 5193 3456 5265 utique
3495 5191 3635 5247 dicti
3663 5191 3882 5264 palatii,

486 5381 775 5514 “usus.
804 5369 1079 5502 {361.3331},
1116 5364 1223 5492 ἃ]
1254 5367 1383 5420 Cor.
1410 5379 1490 5433 x1,
1528 5364 1610 5418 14.
1689 5364 1735 5398 ⁸³
1783 5366 1981 5420 lPetr.
2029 5381 2109 5434 in,
2151 5368 2217 5424 3.
2294 5365 2342 5401 ⁸⁸
2377 5363 2574 5422 Matth.
2631 5377 2750 5429 XIX,
2789 5365 2840 5417 6.
2919 5362 2967 5396 ³⁵
3013 5359 3163 5417 Psal.
3223 5375 3395 5428 cxvu,
3428 5363 3520 5417 27.
3597 5360 3644 5395 ⁸⁸
3677 5359 3891 5432 Ephes-

545 5496 568 5523 δ
609 5474 639 5508 ζ)
714 5474 753 5481 "
810 5474 978 5498 ιυυι.
1019 5474 1079 5502 u,
1121 5474 1201 5492 ιτο

559 5593 676 5675 (38)
701 5581 958 5646 Secandi
982 5593 1194 5636 venas.
