4020 6310
79 362 181 414 549

1516 345 1792 417 CONTRA
1829 346 2142 418 Canens.

3389 355 3492 425 530

76 484 176 539 ubi
210 488 435 539 sanctae
456 484 830 539 constituunt
872 482 1156 556 reliquiae,
1200 489 1418 538 sancta:
1441 483 1541 539 Dei
1573 485 1737 540 Geni-
1765 490 1812 539 Α
1842 486 2038 539 carnis
2069 484 2361 540 edulium.
2391 485 2596 541 Omnis
2626 487 2805 553 enim,
2839 489 2943 560 qui
2964 489 3024 544 in
3045 474 3210 559 regia
3229 491 3377 545 urbe
3415 490 3492 546 de

76 573 236 626 tricis
267 573 472 644 imago
505 578 640 644 post
669 571 853 628 altare
887 573 1020 636 sita,
1050 588 1236 644 quam
1260 573 1526 643 quodam
1552 573 1740 628 excel-

75 661 272 716 lentiae
311 661 623 734 privilegio
649 666 866 716 vecaut
894 661 1208 716 dominam
1250 661 1470 716 domus
1499 681 1511 726 ;
1542 663 1739 716 statim

77 765 110 804 a
135 750 336 822 capite
357 749 572 820 jejunii
597 750 657 804 in
687 749 954 804 conclavi
986 750 1281 805 clauditur
1297 765 1486 821 usque
1511 751 1584 805 ad
1617 766 1741 806 ma-

76 855 269 908 gnum
300 839 654 904 Sabbatum,
677 855 880 911 panno
928 837 1083 894 illius
1126 845 1312 910 portae
1367 840 1739 911 operiuntur,

77 928 352 984 similiter
379 933 584 983 autem
613 930 800 984 sancti
828 927 1147 992 mantellis,
1191 930 1500 1000 sanctique
1558 929 1742 983 Kora-

76 1017 246 1073 midii
270 1019 385 1086 (39)
409 1017 594 1084 locos,
623 1018 1106 1088 Quadragesimaa
1131 1024 1419 1090 tempore.
1447 1033 1643 1090 usque
1665 1018 1738 1074 ad

75 1108 222 1162 illud
273 1108 615 1164 Sabbatum
669 1108 1068 1163 velaminibus
1111 1113 1297 1162 tectos
1355 1107 1740 1173 custodiunt;

77 1203 307 1251 sanctae
342 1199 441 1252 Dei
496 1197 798 1254 Genitricis
845 1197 1193 1266 imaginem,
1232 1203 1296 1252 ut
1344 1197 1496 1251 ﬁlios
1543 1204 1742 1268 partu-

75 1287 185 1341 riat
212 1285 608 1358 compellant,
661 1302 850 1358 eaque
900 1287 1217 1342 mediante.
1261 1287 1458 1358 ipsam
1507 1286 1739 1341 Domini

74 1377 346 1440 Matrem,
379 1381 443 1430 ut
486 1379 816 1430 commater
844 1373 966 1437 ﬂat,
1000 1381 1334 1438 accersunt,
1380 1375 1493 1429 hoc
1533 1375 1734 1429 modo.

78 1463 336 1530 imagini
369 1461 685 1517 sindonem
701 1467 1081 1527 connectunt,
1117 1467 1178 1515 ut
1205 1461 1567 1532 baptizatum
1594 1478 1736 1532 pue-

77 1567 209 1606 rum
239 1550 323 1606 de
349 1566 541 1606 manu
571 1549 922 1619 sacerdotis,
946 1551 1081 1621 ipsa
1114 1555 1176 1605 ut
1203 1555 1535 1605 commater
1583 1550 1733 1605 acci-

80 1640 217 1708 piat.
247 1642 450 1705 Quam
474 1640 959 1711 superstitionem
992 1656 1025 1693 a
1057 1655 1118 1694 se
1150 1638 1274 1693 ﬁeri
1296 1655 1569 1693 sermone
1603 1655 1734 1709 pro-

79 1730 345 1785 ﬁtentur.
373 1727 488 1784 Sed
517 1727 664 1800 quid
687 1727 1204 1799 imagoloquatur,
1237 1733 1339 1782 aut
1364 1727 1544 1781 fidem
1558 1742 1737 1797 spon-

1845 571 2125 628 fratribus
2155 577 2492 629 Graecorum
2525 592 2771 630 uxorem
2791 575 3205 649 ducit,scripto
3237 578 3496 650 spondet

1839 664 2183 733 juramento
2205 664 2369 736 quod
2391 664 2605 719 deinde
2625 681 2746 720 non
2778 666 3170 722 manducabit
3186 668 3245 722 in
3264 669 3493 739 azymis

1847 767 2089 806 carnem
2124 753 2376 815 Domini,
2410 769 2517 808 nec
2539 753 2691 807 ﬁlios
2723 755 3056 810 secundum
3095 756 3273 810 ritum
3319 755 3495 812 faciet

1848 839 2158 912 baptizari,
2188 856 2381 912 neque
2413 841 2707 897 sacerdoti
2769 845 2972 897 Latino
3028 850 3274 915 peccata
3313 844 3493 899 conﬁ-

1848 927 2085 993 tebitur,
2110 945 2305 1000 neque
2325 931 2386 983 in
2415 929 2676 985 Sabbato
2701 931 3001 1000 jcjunabit
3033 939 3248 1004 praeter
3301 947 3494 988 unum

1851 1017 2067 1086 solum,
2091 1031 2284 1089 neque
2299 1033 2417 1072 non
2432 1034 2467 1072 a
2483 1018 2789 1073 Dominica
2801 1019 3288 1090 Quadragesimae
3301 1036 3494 1092 usque

1849 1105 1926 1161 ad
1957 1107 2186 1161 Pascha
2221 1111 2491 1161 vescetur
2520 1107 2827 1164 carnibus.

1921 1197 2260 1251 Griecorum
2292 1196 2633 1251 sacerdotes
2657 1196 2941 1252 omnibus
2972 1197 3170 1252 modis
3221 1197 3496 1254 laborant

1847 1283 2159 1339 ostendere
2201 1283 2333 1354 plus
2361 1283 2528 1338 factis
2558 1300 2744 1356 quam
2772 1285 2966 1344 dictis,
2996 1285 3161 1356 quod
3211 1286 3496 1342 inviolata

1845 1372 1996 1428 ﬁdes
2017 1377 2415 1428 sacrosanctae
2441 1374 2723 1428 Romanis
2757 1373 3034 1428 Ecclesiae
3052 1374 3211 1429 irrita
3233 1375 3324 1428 sit.
3346 1377 3494 1430 Nam

1843 1478 2268 1534 quemcunque
2304 1461 2571 1517 Latinum
2621 1462 2734 1518 sibi
2781 1463 3083 1518 associant
3126 1479 3235 1534 per
3287 1463 3494 1532 ﬁdem,

1843 1553 1965 1608 sive
1985 1551 2254 1618 latenter,
2291 1551 2415 1606 sive
2467 1557 2736 1622 patenter
2766 1550 3095 1623 baptizant.
3144 1552 3306 1607 Unde
3352 1553 3499 1607 Lati-

1841 1655 2060 1696 norum
2086 1641 2261 1709 ﬁlios,
2313 1638 2720 1696 mediantibus
2775 1639 3090 1705 matribus,
3134 1639 3275 1694 dicti
3305 1655 3497 1695 sacer-

1842 1731 2032 1790 dotes,
2065 1730 2339 1800 patribus
2372 1726 2791 1794 nescientibus,
2822 1727 3212 1798 rebaptizan‘t,
3234 1727 3498 1800 baptiza-

81 1817 214 1873 deat
236 1833 353 1887 pro
381 1833 586 1889 puero,
611 1824 711 1872 aut
744 1817 1149 1872 testimonium
1177 1816 1389 1871 reddat
1430 1815 1732 1887 baptismi,
1767 1827 1805 1882 Β
1843 1818 2074 1889 tosjam
2095 1818 2430 1872 secundum
2445 1817 2624 1871 ritum
2639 1815 3192 1880 Latinorum.Quod
3214 1815 3498 1872 omnibus

85 1908 192 1961 nisi
223 1907 424 1962 Deum
455 1912 820 1969 contemnat,
843 1907 980 1978 quis
1007 1906 1228 1961 audeat
1257 1921 1521 1960 asserere
1547 1905 1574 1959 ?
1605 1904 1740 1959 Nul-

82 1995 196 2050 lam
229 1995 676 2068 superstitionis
727 1996 988 2066 speciem
1038 1994 1300 2049 volentes
1353 1995 1640 2063 omittere,
1688 2000 1745 2049 et

85 2085 250 2140 vivos
276 2084 493 2140 fratres
524 2085 815 2140 habentes
841 2084 1000 2149 odio,
1029 2090 1270 2139 sanctos
1287 2099 1392 2156 per
1425 2099 1570 2137 suas
1596 2083 1742 2137 ima-

85 2174 246 2241 gines
270 2172 494 2228 invitos
527 2172 642 2228 sibi
683 2172 894 2228 fratres
944 2171 1187 2226 faciunt.
1239 2171 1351 2236 Qui
1402 2172 1561 2225 enim
1620 2185 1742 2226 non

85 2261 272 2331 diligit
293 2261 541 2317 fratrem
566 2275 962 2332 suum,quem
992 2259 1166 2324 videt,
1190 2259 1590 2330 Deum,quem
1617 2273 1740 2313 non

84 2348 364 2414 intuetur,
389 2364 589 2420 neque
610 2348 938 2417 cognoscit,
967 2347 1278 2418 quomodo
1294 2346 1534 2416 diliget?
1555 2346 1740 2414 Magis

87 2442 285 2492 autem
309 2452 453 2493 cum
473 2436 614 2492 ﬁcta
635 2441 691 2492 et
709 2435 991 2491 simulata
1011 2440 1178 2492 estet
1203 2434 1438 2490 inunita
1474 2433 1740 2490 fraterni-

89 2534 170 2582 tas
199 2526 582 2597 hujusmodi,
617 2542 730 2581 aere
757 2525 1106 2581 conducunt
1147 2523 1540 2587 sacerdotem,
1600 2539 1740 2578 cum

88 2616 141 2669 in
183 2615 450 2671 Ecclesia
486 2619 760 2670 cantatur
797 2613 1023 2678 missa;
1065 2613 1395 2668 funduntur
1442 2628 1550 2684 pro
1578 2627 1741 2666 exse-

89 2704 293 2760 crabili
327 2703 697 2759 fraternitate
726 2719 933 2776 preces
993 2718 1114 2757 non
1143 2701 1558 2757 exaudiendus.
1609 2701 1742 2754 Ani-

91 2792 259 2847 rnalis
297 2793 464 2847 enim
494 2798 584 2847 est
618 2791 971 2862 hujusmodi
1004 2789 1360 2854 fraternitas,
1402 2805 1523 2844 non
1571 2788 1742 2860 spiri-

88 2880 258 2936 tualis
283 2924 296 2936 .
339 2880 504 2938 Cerei
521 2881 600 2936 ad
628 2880 826 2935 minus
846 2878 1409 2942 accendunturduo,
1438 2883 1496 2932 et
1524 2893 1744 2948 perun-

88 2970 236 3038 gitur
266 2970 408 3025 oleo
437 2969 613 3025 ﬁctus
667 2969 866 3033 frater,
926 2974 979 3024 et
1031 2972 1302 3023 sanctam
1369 2966 1748 3038 amplectitur

89 3059 443 3130 imaginem,
470 3075 656 3130 quam
683 3073 869 3112 ausus
885 3063 974 3112 est
998 3057 1194 3112 dicere
1221 3056 1486 3120 fratrem;
1518 3057 1622 3126 qui
1641 3055 1743 3110 ho-

1847 1908 2020 1964 dictis
2053 1923 2237 1979 supra
2269 1905 2821 1963 abominationibus
2846 1905 3252 1960 detestabilius
3280 1912 3385 1960 est.
3419 1908 3499 1961 Ex
3577 1911 3587 1919 '

1849 1997 2043 2052 indice
2066 1997 2179 2052 hoc
2213 1995 2500 2051 mellitum
2549 1993 2642 2048 lac
2671 1994 2823 2048 inter
2863 1998 3108 2048 caeteras
3158 1995 3497 2050 Graecorum

1851 2085 2314 2141 consuetudines
2354 2088 2654 2155 repertum
2682 2082 2988 2152 expressi:
3028 2088 3093 2136 ut
3122 2098 3260 2136 cum
3292 2098 3364 2137 eo
3383 2082 3498 2153 ipsi

1850 2179 2092 2246 pectora
2108 2172 2511 2246 purgaverint,
2539 2176 2627 2226 ter
2637 2169 2899 2242 plurium
2920 2170 3260 2226 animarum
3278 2186 3340 2225 se
3360 2185 3494 2226 reos

1849 2267 2305 2333 recognoscant.

2272 2406 2358 2461 De
2394 2403 2666 2460 conciliis
2693 2402 3092 2472 generalibus.

1918 2535 2363 2605 Consequenter
2416 2534 2554 2602 post
2593 2529 2879 2600 praedicta
2923 2527 3252 2584 videndum
3286 2533 3378 2600 est
3421 2529 3498 2586 de

1849 2621 2114 2678 conciliis
2155 2618 2536 2691 generalibus
2600 2622 2657 2674 et
2695 2616 3176 2688 particularibus,
3228 2616 3499 2673 videlicet

1854 2711 1978 2777 ubi,
1999 2726 2162 2782 quan
2177 2710 2269 2773 io,
2289 2713 2348 2763 et
2367 2724 2402 2762 a
2422 2707 2662 2780 quibus,
2697 2713 2753 2761 et
2775 2721 2882 2777 pro
2903 2705 3125 2777 quibus
3149 2706 3348 2761 causis
3373 2705 3499 2762 fue-

1853 2806 1992 2855 runt
2011 2797 2345 2854 celebrata:
2379 2802 2436 2852 et
2454 2797 2636 2852 etiam
2659 2795 2766 2866 qui
2793 2794 2932 2858 sint,
2988 2793 3092 2865 qui
3148 2793 3319 2851 dictis
3361 2810 3499 2850 con-

1853 2890 2001 2946 ciliis
2035 2889 2273 2944 fuerunt
2295 2885 2700 2943 condemnati.

1927 2976 2268 3045 Sciendum,
2296 2974 2463 3048 quod
2491 2973 2626 3029 licet
2664 2977 2892 3044 septem
2922 2971 3016 3027 vel
3062 2976 3195 3028 octo
3225 2971 3500 3030 dicantur

1853 3067 2105 3123 concilia
2153 3065 2317 3136 apud
2369 3063 2666 3134 sapientes
2716 3062 3078 3129 Graecorum,
3132 3060 3192 3115 in
3219 3059 3373 3116 libro
3393 3060 3501 3134 qui

90 3149 312 3205 micida
345 3165 479 3204 esse
501 3147 892 3212 convincitur,
921 3162 1061 3202 cum
1087 3146 1296 3202 fratres
1318 3162 1461 3201 suos
1483 3145 1744 3200 viventes
1777 3166 1817 3220 ε
1850 3157 2236 3212 Νοφηοσαηοη
2274 3153 2508 3215 dicitur,
2526 3149 2863 3206 invenimus
2879 3149 3360 3222 tamenquinque
3373 3154 3504 3206 tan.

91 3238 224 3294 odio
256 3237 490 3293 habeat
525 3279 536 3290 .

154 3326 594 3384 Contradicunt
625 3326 856 3381 Christo
886 3329 1174 3396 patenter,
1208 3328 1266 3378 et
1295 3337 1478 3394 super
1497 3321 1744 3377 sanctis-

99 3416 247 3472 °imo
283 3415 449 3470 illius
465 3430 714 3486 corpore
734 3413 934 3469 verbis
955 3412 1358 3485 operibusque
1389 3415 1710 3466 occursant
1734 3451 1746 3462 .

96 3507 233 3560 Nam
258 3521 404 3560 cum
456 3505 582 3576 ipse
613 3519 966 3575 azymorum
1023 3501 1197 3572 panis
1253 3501 1449 3572 specie
1507 3513 1751 3556 carnem

98 3609 266 3649 suam
300 3593 619 3665 discipulis
645 3591 875 3648 dederit
894 3592 954 3646 bi
976 3595 1250 3645 asserunt
1276 3604 1521 3660 azymos
1565 3602 1752 3658 panes

96 3680 150 3735 in
179 3699 432 3738 carnem
461 3697 583 3737 non
614 3697 790 3753 posse
830 3679 1096 3736 converti
1124 3693 1228 3750 per
1248 3676 1752 3732 benedictionem.

103 3772 223 3836 Qua
251 3788 330 3828 ex
360 3788 445 3841 re,
475 3771 837 3826 sacramenti
892 3768 1159 3839 corporis
1222 3765 1451 3821 Domini
1519 3764 1754 3820 Latinos

104 3860 260 3917 aiunt
293 3864 571 3932 expertes
605 3900 618 3912 .
653 3857 767 3915 Sed
797 3873 833 3913 ο
866 3856 1190 3925 Pelagiana
1220 3853 1606 3909 incredulitas
1637 3853 1649 3906 l
1704 3851 1752 3904 si

100 3964 211 4005 non
233 3949 454 4006 credas
487 3948 758 4005 Latinum
808 3945 1182 4001 sacerdotem
1222 3943 1599 3998 incruentam
1646 3941 1751 3994 im-

101 4039 324 4095 molare
349 4037 633 4102 hostiam,
666 4035 960 4091 conﬁcere
991 4049 1212 4104 corpus
1243 4031 1474 4100 Christi,
1526 4027 1752 4084 haereti—

100 4143 193 4182 cus
221 4145 290 4183 es
323 4171 335 4181 .
362 4129 514 4182 Nam
543 4125 714 4181 multi
735 4140 842 4196 per
871 4124 1066 4194 ipsam
1097 4119 1575 4177 immolationem
1617 4131 1751 4172 san-

99 4216 433 4272 ctiﬁcantur
515 4230 623 4286 per
691 4229 955 4286 quorum
1004 4209 1286 4282 reliquias
1329 4207 1549 4278 jugiter
1599 4207 1754 4261 ﬁunt

99 4304 410 4362 miracula.
458 4306 680 4359 Rursus
727 4301 779 4357 si
809 4301 1020 4366 credis,
1051 4299 1374 4356 hereticus.
1416 4299 1562 4352 Nam
1593 4295 1750 4351 dete-

101 4395 264 4450 staris
286 4393 458 4466 quod
487 4391 746 4447 Ecclesia
769 4390 1110 4446 Latinorum
1134 4386 1374 4443 conﬁcit
1397 4400 1616 4457 corpus
1644 4387 1749 4439 Do-

103 4483 388 4538 minicum
423 4499 438 4548 ;
483 4489 540 4536 et
575 4479 776 4552 potius
814 4479 907 4533 vis
943 4477 1005 4532 in
1045 4483 1201 4532 sorte
1238 4473 1404 4530 ludas
1453 4473 1751 4530 traditoris

105 4570 704 4642 annumerari,quam
735 4567 893 4622 illius
915 4564 1285 4622 sanctissimi
1311 4561 1578 4634 corporis
1608 4577 1751 4633 par-

104 4655 342 4728 ticipare
377 4672 390 4720 ;
424 4654 530 4709 sed
586 4651 890 4709 attendere
919 4649 1100 4706 debet
1154 4647 1542 4713 Christianus,
1586 4645 1752 4718 quod

106 4745 247 4802 sicut
276 4745 418 4800 vina
444 4744 687 4799 diversa
723 4739 977 4796 verbum
1023 4739 1121 4794 Dei
1151 4738 1212 4792 in
1239 4735 1616 4805 sanguinem,
1671 4735 1755 4791 ita

106 4847 284 4902 panes
307 4847 556 4904 azymos
575 4836 631 4886 et
661 4830 1069 4888 fermentatos,
1093 4840 1216 4881 non
1241 4824 1394 4880 adeo
1415 4822 1756 4878 differentes

107 4927 403 4992 permutat
427 4923 488 4977 in
518 4935 764 4977 carnem
797 4935 811 4972 .'
848 4918 906 4974 Si
950 4918 1100 4972 forte
1154 4914 1392 4970 Latinus
1450 4911 1756 4980 sacerdos,

106 5015 257 5082 quod
273 5014 378 5068 vix
399 5010 755 5084 permittitur
780 5008 843 5062 in
878 5004 1149 5061 Ecclesiis
1183 5019 1415 5067 eorum,
1453 5001 1762 5058 Dominica

107 5110 370 5178 peragat,
411 5105 648 5158 Graecus
679 5113 802 5153 non
831 5095 946 5151 nisi
976 5093 1181 5150 abluto
1211 5091 1383 5148 altari
1413 5091 1637 5147 ibidem
1669 5103 1764 5147 ce‘

109 5191 310 5251 lebrat.
343 5191 618 5255 Ulterius,
660 5185 903 5243 Latinus
943 5198 1085 5238 cum
1123 5185 1326 5238 Graeca
1362 5179 1612 5235 muliere
1651 5196 1760 5236 vo-

108 5283 222 5340 lens
249 5277 706 5340 matrimonium
731 5273 1104 5334 contrahere,
1126 5271 1471 5342 juramento
1497 5267 1761 5340 compel-

109 5373 230 5432 litur
246 5375 528 5431 deserere
556 5364 1048 5424 communionem
1081 5376 1275 5425 suam,
1316 5358 1759 5416 confessionem

112 5480 297 5534 suam,
328 5449 1525 5533 baptismum,jejuniumSabbatorum,et
1550 5447 1760 5504 Christi

177 5671 284 5742 (59)
320 5671 511 5725 Locus
539 5655 878 5734 corruptus.

1854 3251 1982 3302 tum
2019 3261 2092 3299 ex
2120 3242 2269 3315 ipsis
2297 3256 2435 3313 quas
2456 3237 2760 3310 generalia
2785 3237 3086 3296 habentur
3128 3237 3402 3309 concilia,
3445 3243 3502 3295 et

1855 3350 1978 3391 non
2011 3333 2203 3405 plura,
2237 3336 2294 3386 et
2321 3330 2458 3386 ideo
2486 3327 2806 3397 contigisse
2834 3326 3109 3396 credunt,
3153 3326 3322 3398 quod
3378 3344 3502 3384 non

1855 3422 2187 3480 intercessit
2215 3420 2277 3476 in
2299 3420 2382 3475 eis
2404 3415 2700 3491 pontiﬁcis
2754 3416 3006 3472 Romani
3052 3415 3376 3472 auctoritas
3401 3435 3415 3484 ;
3446 3422 3506 3474 et

1856 3511 2122 3585 episcopi
2151 3525 2274 3565 non
2297 3509 2539 3564 fuerunt
2565 3503 2979 3562 universaliter
3006 3504 3185 3575 citati,
3231 3504 3324 3560 vel
3348 3510 3506 3562 certe

1857 3601 2003 3673 quia
2023 3615 2144 3655 non
2175 3597 2490 3654 ediderunt
2519 3609 2800 3664 canones,
2833 3592 2974 3648 ﬁdei
3001 3592 3338 3650 doctrinam
3367 3609 3505 3650 con-

1861 3691 2133 3754 tinentes,
2156 3690 2263 3743 sed
2292 3683 2712 3742 tantummodo
2739 3682 2840 3738 illa
2859 3698 2994 3754 quae
3029 3682 3109 3738 ad
3127 3683 3506 3740 honestatem

1861 3784 1920 3834 et
1939 3794 2135 3834 mores
2157 3775 2422 3832 Ecclesiae
2451 3772 2844 3846 pertinebant.
2897 3772 3115 3826 Verum
3166 3771 3289 3826 sive
3331 3785 3506 3840 gene-

1861 3867 2030 3937 ralia,
2077 3867 2202 3922 sive
2259 3863 2661 3937 particularia,
2722 3861 2816 3916 vel
2858 3875 3226 3932 quocunque
3263 3858 3507 3913 nomine

1862 3961 2238 4020 censeantur,
2269 3958 2488 4008 cuncta
2517 3958 2736 4018 tamen,
2786 3964 2924 4020 quae
2948 3947 3010 4002 in
3060 3947 3206 4018 ipsis
3257 3945 3509 4002 ﬁdeliter

1861 4050 2028 4115 gesta
2058 4049 2214 4112 sunt,
2248 4038 2646 4097 communiter
2692 4043 2832 4091 sunt.
2859 4040 3100 4107 recepta
3158 4052 3170 4088 :
3202 4038 3258 4090 et
3299 4049 3509 4090 eorum

1839 4134 2200 4197 auctoritas,
2224 4137 2349 4188 tam
2378 4130 2438 4185 in
2469 4127 2720 4198 negotiis
2740 4125 2901 4192 ﬁdei,
2933 4140 3122 4197 quam
3145 4124 3209 4181 in
3223 4123 3374 4190 aliis,
3405 4139 3509 4197 pa-

1860 4239 1987 4279 rem
2011 4221 2238 4278 obtinet
2264 4219 2627 4274 ﬁrmitatem.

1860 4369 1944 4423 De
1965 4367 2167 4436 prima
2193 4367 2404 4419 sancta
2430 4366 2483 4416 et
2511 4359 2841 4414 universali
2859 4357 3088 4428 synodo
3100 4356 3380 4425 Nicaena;
3409 4355 3509 4411 ho—

1928 4455 2195 4512 mousion
2233 4452 2459 4508 Filium
2485 4449 2662 4504 Patri
2687 4447 2913 4517 deﬁnit,
2949 4461 3153 4502 verum
3212 4445 3401 4502 Deum
3455 4450 3511 4500 et

1934 4545 2248 4606 hominem,
2272 4544 2593 4596 creatorem
2615 4538 2900 4602 omnium,
2924 4550 3045 4590 non
3070 4539 3438 4590 creaturam.

1936 4671 2130 4726 Prima
2165 4666 2346 4738 igitur
2381 4667 2592 4720 sancta
2636 4666 2696 4718 et
2741 4659 3093 4718 universalis
3151 4658 3422 4731 synodus
3451 4657 3514 4713 in

1868 4760 2171 4832 provincia
2202 4753 2504 4826 Bithyniae,
2539 4751 2770 4808 civitate
2800 4751 3016 4815 Nicaea,
3049 4753 3314 4820 tempore
3369 4747 3513 4802 Con-

1868 4846 2109 4904 stantini
2138 4845 2331 4914 Magni
2360 4840 2666 4914 principis,
2689 4854 2873 4911 quem
2905 4836 3089 4893 Graeci
3118 4837 3179 4892 in
3231 4833 3513 4903 Catalogo

1872 4942 2220 4993 sanctorum
2248 4935 2590 4996 numerant,
2620 4929 2734 4984 sub
2756 4926 3102 4984 beatissimo
3124 4937 3286 4996 papa
3317 4920 3515 4993 Sylve-

1871 5033 2011 5095 stro,
2036 5023 2141 5081 ubi
2176 5020 2441 5079 interfuit
2485 5018 2656 5076 Osius
2712 5017 3030 5088 episcopus
3088 5009 3398 5076 Cordubae,
3457 5013 3517 5066 et

1873 5116 2061 5171 Victor
2085 5113 2161 5168 de
2191 5111 2379 5178 Italia,
2406 5107 2611 5165 vicarii
2629 5104 2862 5162 domini
2883 5106 3072 5174 Papae,
3103 5098 3514 5169 Metrophanes

1871 5203 2356 5276 archiepiscopus
2377 5201 2498 5255 Con
2507 5192 2996 5266 stantinopolitan
3005 5206 3094 5260 us,
3111 5193 3168 5245 et
3182 5186 3517 5268 Alexander

1871 5291 2212 5367 patriarcha
2235 5285 2689 5350 Alexandrinus,
2717 5279 3057 5337 Eustathius
3086 5276 3515 5342 Antiochenus,

1869 5381 2158 5440 Macarius
2190 5371 2779 5445 Hierosolymitanus.
2838 5369 3100 5423 Fuerunt
3146 5371 3350 5424 autem
3375 5379 3516 5420 cum

1867 5472 1994 5529 istis
2008 5476 2066 5528 et
2093 5469 2193 5527 alii
2223 5471 2423 5524 Patres
2442 5459 2651 5531 sancti,
2697 5472 2950 5515 numero
3007 5455 3247 5514 trecenti
3271 5459 3328 5512 et
3381 5457 3516 5511 octo

1870 5567 1928 5619 et
1945 5561 2174 5617 decem.

1932 5649 2352 5706 Convenerunt
2374 5645 2582 5700 autem
2606 5642 2818 5696 contra
2835 5636 3042 5694 Arium
3091 5649 3250 5693 vana
3279 5629 3519 5702 sapien-
