4020 6310
560 285 657 348 831

1748 261 1757 269 “
1792 271 2269 344 PANTALEONIS
2306 280 2592 344 DIACONI
2629 279 2735 344 cr.

3864 287 3952 348 5'59

559 419 702 487 tem,
745 413 851 488 qui
901 412 1011 470 fuit
1046 415 1187 469 tunc
1237 407 1524 478 temporis
1579 406 1892 481 presbyter
1936 409 2208 468 Ecclesia
2238 437 2288 491 Α
2317 409 2552 468 tellectu
2587 410 2860 468 humano
2897 413 2954 468 et
2989 409 3050 468 in
3097 411 3290 467 morte
3338 410 3606 483 corporis
3672 427 3953 472 commor-

558 503 992 561 Alexandrina.
1028 502 1127 558 Hic
1155 499 1404 574 quidem
1434 497 1604 554 Arius
1623 496 2069 571 blasphemavit
2100 502 2211 556 Do-

558 593 792 649 minum
822 597 1093 649 nostrum
1126 593 1348 654 Jesum,
1408 590 1597 643 Deum
1649 602 1880 650 verum,
1924 592 1980 644 et
2000 604 2208 646 verum

556 681 885 738 hominem.
943 679 1186 736 Dicebat
1233 677 1391 735 enim
1446 676 1620 732 illum
1669 690 1800 732 esse
1848 681 2202 734 creaturam.

556 770 695 825 Ideo
723 768 966 842 impius,
1017 772 1074 824 et
1116 764 1694 824 consubstantialem
1729 767 1847 821 Deo
1899 765 2054 822 Patri
2096 781 2207 822 nec

553 874 825 931 unquam
853 857 1139 924 conﬁteri,
1160 871 1271 913 nec
1296 855 1675 913 considerare
1695 870 1834 910 cum
1856 855 1984 911 aliis
2001 855 2205 912 catho-

551 929 682 1004 licis
707 947 850 1003 viris
891 946 1110 1014 voluit;
1161 961 1300 1003 cum
1355 945 1469 1001 ista
1517 943 1814 1000 confessio
1863 945 2204 1001 communis

553 1041 708 1095 esset
743 1037 1048 1104 omnibus,
1081 1036 1311 1093 cunctis
1358 1033 1706 1108 pradicata,
1765 1033 1985 1092 scilicet
2036 1035 2202 1107 quod

551 1126 749 1184 omnis
775 1126 930 1183 filius
953 1125 1225 1198 ejusdem
1280 1129 1510 1181 natura
1555 1122 1632 1180 sit
1681 1138 1821 1179 cum
1861 1123 2123 1195 genitore
2145 1127 2202 1181 et

551 1215 898 1272 substantiae
915 1233 933 1286 ;
959 1221 1034 1283 et,
1066 1214 1170 1288 qui
1201 1212 1406 1269 Filium
1429 1213 1584 1268 inter
1627 1216 1930 1268 creaturas
1951 1228 2195 1287 compu-

547 1308 652 1370 tat,
684 1303 759 1360 de
796 1303 1142 1360 necessitate
1164 1302 1342 1359 etiam
1373 1305 1601 1358 Patrem
1627 1305 1963 1357 creaturam
2015 1301 2196 1358 conﬁ-

547 1397 723 1450 tetur.
755 1393 944 1458 Unde,
996 1392 1159 1448 hunc
1199 1396 1492 1463 tanquam
1544 1389 1856 1446 inimicum
1911 1391 2193 1459 veritatis,

541 1483 729 1541 simul
757 1481 1042 1547 cumillis,
1085 1481 1189 1553 qui
1216 1480 1378 1536 idem
1417 1479 1752 1551 sapiebant,
1806 1479 2197 1536 anathemati-

548 1576 768 1638 zantes,
793 1572 870 1627 ab
900 1570 1160 1626 Ecclesia
1188 1570 1509 1640 ejecerunt,
1541 1568 1658 1624 hoc
1705 1572 1815 1639 est,
1870 1569 2196 1626 Eusebium

549 1660 929 1727 Nicomedia,
985 1657 1345 1714 Eunomium
1384 1661 1440 1713 et
1468 1657 1901 1715 Macedonium.
1935 1659 2005 1713 Hi
2037 1658 2195 1714 enim

549 1748 828 1822 quamvis
848 1749 910 1804 in
939 1746 1302 1804 dictionibus
1351 1746 1472 1802 suis
1524 1745 1849 1814 differrent,
1900 1749 2103 1803 tamen
2135 1751 2200 1804 ut

451 1859 453 1864 ·
549 1838 723 1894 Arius
762 1855 799 1894 a
848 1837 1093 1894 veritate
1145 1835 1513 1894 exciderunt.
1546 1835 1952 1893 Orthodoxam
1996 1842 2196 1894 autem

548 1926 733 1982 ﬁdem
755 1925 1282 1991 conﬁrmaverunt,
1315 1924 1889 1982 consubstantialem
1931 1926 2085 1982 Patri
2115 1926 2198 1983 Fi-

545 2015 693 2072 lium
723 2014 1151 2072 conﬁrmantes
1182 2019 1237 2070 et
1267 2013 1688 2086 praedicantes,
1743 2020 2196 2088 creatoremque

544 2103 966 2173 univcrsitatis,
991 2108 1047 2160 et
1069 2117 1192 2159 non
1223 2108 1584 2171 creaturam,
1611 2103 1717 2159 sed
1766 2119 1976 2160 verum
2008 2107 2196 2160 Deum

545 2198 602 2251 et
619 2193 1060 2252 dominatorem
1118 2190 1203 2267 [in
1235 2191 1546 2266 Symbolo]
1579 2192 1980 2260 declararunt,
2029 2192 2198 2266 quod

546 2283 662 2355 ipsi
686 2283 876 2339 sancti
915 2285 1113 2339 Patres
1134 2282 1195 2337 in
1247 2281 1637 2354 inspiratione
1694 2283 1882 2339 sancti
1943 2281 2192 2354 Spiritus

547 2377 690 2429 tunc
725 2371 1009 2445 temporis
1039 2371 1373 2427 ediderunt.

551 2483 638 2539 De
665 2482 925 2539 secunda
966 2480 1214 2550 synodo,
1260 2479 1933 2548 Constantinopolitano
1971 2482 2191 2550 prima,

623 2585 757 2642 quae
771 2570 1062 2640 Spiritum
1082 2572 1354 2624 sanctum
1376 2566 1547 2625 Patri
1553 2568 1776 2625 etFitio
1803 2567 2194 2626 consubstan-

622 2660 825 2716 tialem
858 2657 1233 2729 pronuntiat.

620 2765 895 2824 Secunda
951 2768 1150 2821 autem
1189 2767 1397 2821 sancta
1447 2768 1505 2820 et
1541 2762 1893 2821 universalis
1919 2765 2192 2838 synodus

544 2855 655 2913 fuit
675 2853 1348 2926 Constantinopolitana,
1369 2858 1636 2925 tempore
1656 2854 1859 2924 magni
1879 2853 2192 2911 Theodosii

545 2943 939 3019 imperatoris,
967 2943 1080 2999 sub
1101 2947 1358 3000 Damaso
1388 2958 1572 3016 papa.
1599 2943 1705 3000 Ubi
1735 2943 1846 3000 fuit
1888 2943 2190 3000 Nectarius

546 3034 817 3106 ejusdem
842 3033 1009 3090 urbis
1042 3032 1550 3104 archiepiscopus,
1610 3037 1668 3089 et
1695 3032 2036 3089 Timotheus
2089 3048 2193 3105 pa-

527 3125 801 3182 triarcha
840 3122 1229 3189 Alexandria,
1258 3122 1516 3178 Meletius
1541 3123 1888 3189 Antiochiae,
1915 3122 2021 3195 qui
2050 3129 2106 3178 et
2131 3122 2191 3178 in

539 3214 674 3286 ipsa
695 3212 930 3286 synodo
949 3212 1084 3267 vita
1101 3212 1510 3268 ﬁniitcursum
1534 3229 1547 3278 ;
1576 3211 1830 3284 Cyrillus
1852 3213 2022 3268 Hiero
2033 3211 2188 3284 soly-

2317 504 2482 558 tuam
2507 499 2904 571 divinitatem,
2928 499 3504 567 asserebant,Sancti
3535 517 3676 558 vero
3702 504 3952 577 pradicti

2315 593 2514 646 Patres
2544 589 2744 663 ipsam
2770 605 3013 647 carnem
3043 589 3371 646 animatam
3401 593 3459 646 et
3500 589 3949 650 intellectualem

2315 678 2841 742 confirmaverunt,
2882 679 3204 737 habentem
3226 679 3494 736 animam
3507 681 3727 738 nostris
3739 683 3950 738 anima-

2314 767 2430 825 bus
2458 767 2712 824 similem
2751 772 2808 825 et
2831 768 3190 826 rationalem
3222 812 3233 823 .

2384 861 2449 914 In
2474 862 2682 916 sancta
2711 863 2913 915 tamen
2945 858 3182 932 synodo
3210 857 3406 914 dictus
3437 859 3765 933 imperator
3790 861 3955 919 Theo-

2313 946 2522 1004 dosius
2551 947 2808 1004 multum
2833 948 3112 1016 excessit,
3146 947 3377 1005 faciens
3414 949 3720 1021 quadam,
3763 957 3957 1008 contra

2310 1036 2520 1109 prima
2559 1041 2617 1093 et
2656 1041 2877 1093 sancta
2917 1036 3154 1109 synodi,
3197 1052 3268 1093 ac
3306 1037 3651 1094 reverenda
3676 1039 3955 1098 instituta.

2310 1126 2539 1184 Etenim
2597 1129 2788 1199 coegit
2819 1143 3004 1200 supra
3031 1127 3373 1184 nominatos
3401 1132 3644 1185 centum
3668 1130 3958 1203 quinqua-

2308 1207 2471 1276 ginta
2509 1210 2706 1264 Patres
2733 1206 2886 1264 clam
2910 1223 3152 1263 summo
3175 1207 3456 1280 pontiﬁce
3471 1212 3528 1264 et
3555 1208 3778 1266 vicario
3818 1211 3953 1282 ejus,

2308 1301 2372 1352 ut
2411 1296 3139 1370 Constantinopolitanam
3181 1295 3387 1352 sedem
3426 1296 3827 1356 sublimarent
3861 1315 3954 1356 no-

2308 1377 2467 1432 mine
2499 1376 2870 1449 patriarcha.
2905 1377 2988 1432 illi
3013 1376 3422 1447 attribucntes,
3453 1378 3618 1450 quod
3657 1385 3803 1435 ante
3843 1395 3955 1436 non

2306 1465 2589 1522 habebat.
2623 1467 2765 1532 Qua
2788 1482 2881 1521 res
2911 1466 3281 1522 vehementis
3306 1465 3621 1523 discordia
3649 1473 3708 1524 et
3739 1474 3958 1541 pertur-

2305 1553 2564 1610 bationis
2603 1555 2838 1611 sentina
2873 1559 2931 1612 et
2965 1570 3154 1611 causa
3175 1553 3414 1625 exstitit,
3446 1559 3502 1612 et
3541 1571 3735 1629 usque
3787 1557 3958 1614 hodie

2307 1648 2666 1716 perseverat.

2238 1804 2278 1860 Β
2307 1817 2393 1872 De
2422 1817 2599 1873 tertia
2621 1815 2870 1887 synodo,
2895 1814 3170 1885 Ephsina
3199 1814 3400 1885 prima
3436 1831 3448 1870 :
3484 1816 3594 1872 Dei
3612 1813 3956 1874 Genitricem

2231 3157 2272 3212 Ο

2803 1906 3124 1974 conﬁtetur
3161 1904 3421 1960 Mariam

2375 2038 2566 2096 Tertia
2592 2043 2801 2096 sancta
2829 2043 2887 2095 et
2923 2037 3280 2095 universalis
3321 2037 3592 2110 synodus
3663 2039 3960 2098 celebrata

2303 2126 2414 2184 fuit
2451 2127 2617 2201 apud
2639 2128 2938 2201 Ephesum
2969 2126 3960 2200 temporisbusTheodosiiJunioxis

2305 2215 2417 2272 sub
2441 2217 2754 2273 Caelestino
2774 2232 2936 2290 papa
2966 2219 3258 2272 Romano.
3294 2215 3401 2272 Ubi
3422 2215 3685 2274 interfuit
3709 2219 3961 2292 Cyrillus

2304 2322 2565 2376 magnus
2593 2306 2821 2377 doctor,
2846 2312 2900 2362 et
2920 2305 3263 2378 patriarcha
3293 2304 3668 2363 Alexandria
3708 2314 3776 2364 et
3830 2324 3958 2380 pro-

2303 2400 2604 2468 pugnator
2633 2395 2933 2464 Ecclesia,
2968 2397 3228 2450 Joannes
3256 2393 3601 2461 Antiochia,
3655 2397 3959 2453 Iuvenalis

2305 2485 2877 2559 Hierosolymorum,
2896 2490 2952 2541 et
2967 2487 3241 2542 Memnon
3264 2483 3674 2556 Ephesiorum.
3705 2489 3960 2544 Rraerat

2305 2581 2505 2632 autem
2533 2581 2673 2631 tunc
2703 2575 2988 2647 temporis
3006 2573 3133 2630 sedi
3151 2573 3834 2646 Constantinopolitana.
3863 2576 3960 2630 im-

2304 2664 2440 2738 pius
2487 2663 2789 2720 Nestorius
2841 2665 2989 2719 Cum
3039 2663 3134 2718 his
3189 2663 3393 2736 itaque
3432 2662 3651 2720 sanctis
3685 2663 3964 2720 Patribus

2304 2755 2544 2812 fuerunt
2573 2759 2630 2810 et
2666 2752 2764 2811 alii
2804 2751 2996 2808 sancti
3034 2767 3222 2824 quam
3260 2753 3482 2826 plures,
3522 2768 3789 2809 numero
3867 2753 3967 2809 du-

2302 2845 2475 2901 centi.
2495 2847 2913 2901 Convenerunt
2940 2847 3140 2898 autem
3159 2844 3582 2916 contraipsum
3629 2843 3968 2899 Nestorium

2303 2931 3038 3006 anthropolatriensem,id
3057 2931 3426 2988 esthominis
3456 2932 3744 2988 cultorem
3778 2931 3950 2988 :Chri

2303 3030 2460 3080 stum
2491 3027 2874 3096 separantem
2912 3025 2969 3076 et
2997 3019 3383 3077 dividentem.
3452 3021 3694 3077 Dicebat
3759 3021 3964 3094 ipsum

2300 3113 2608 3170 hominem
2635 3128 2764 3168 esse
2793 3126 3036 3184 purum,
3077 3114 3136 3166 et
3155 3125 3278 3166 non
3307 3111 3500 3167 Deum
3551 3110 3965 3166 incarnatum.

2303 3206 2461 3260 Duos
2489 3201 2646 3259 ﬁlios
2674 3202 2734 3257 in
2767 3215 2890 3256 uno
2914 3199 3142 3255 Christo
3175 3201 3292 3255 Deo
3324 3200 3548 3255 docens
3570 3203 3626 3255 et
3646 3198 3814 3255 duas
3839 3214 3964 3272 per-

540 3317 796 3371 morum,
839 3299 1107 3356 Gelasius
1139 3302 1420 3356 Casarea
1475 3299 1822 3370 Palaestina,
1874 3301 2190 3371 Gregorius
2301 3291 2690 3350 sonu-Unde
2714 3305 2825 3346 nec
2851 3293 3124 3345 Sanctam
3155 3288 3402 3344 Mariam
3443 3288 3770 3357 Virginem,
3836 3304 3964 3359 qua:

539 3393 864 3462 Nyssenus,
896 3388 1210 3457 Gregorius
1233 3389 1568 3458 Theologus
1591 3391 1713 3444 sive
1761 3390 2186 3458 Nazianzenus,

538 3479 646 3552 qui
674 3483 815 3535 tunc
842 3477 1128 3549 temporis
1144 3478 1427 3534 thronum
1447 3478 1753 3534 obtinebat
1769 3481 2186 3536 Constantino-

2297 3382 2526 3457 peperit
2581 3381 2785 3454 ipsum
2843 3379 3139 3434 Christum
3190 3379 3414 3444 Jesum,
3467 3379 3700 3430 Θεοτόκον
3733 3377 3807 3434 id
3859 3383 3959 3443 est,

2299 3473 2400 3529 Dei
2443 3470 2819 3539 Genitricem,
2851 3467 2956 3523 sed
3015 3471 3368 3540 Χριστοτόκον
3421 3467 3790 3525 nominibat.
3851 3471 3962 3523 Hu-

539 3566 722 3640 polis:
765 3565 868 3639 qui
889 3564 1155 3637 quidem,
1188 3565 1550 3621 discessione
1571 3566 1747 3636 facta,
1775 3566 2185 3625 voluntariein
2292 3561 2392 3633 jus
2424 3561 2506 3616 rei
2528 3560 2715 3632 gratia
2731 3556 3175 3629 dictasynodus
3191 3561 3673 3630 perseverantem
3697 3556 3762 3612 in
3803 3556 3961 3612 dicta

536 3656 670 3730 ipsa
687 3654 921 3728 synodo
941 3654 1305 3711 renuntiavit
1324 3653 1850 3720 honori,secedens
1877 3656 1936 3711 in
1956 3656 2180 3727 locum,

535 3747 640 3819 qui
665 3745 879 3802 dicitur
907 3743 1285 3800 Nazianzum.
1341 3745 1596 3799 Fuerunt
1631 3750 1831 3800 autem
1864 3761 2000 3802 cum
2055 3746 2185 3802 istis

536 3839 594 3891 et
639 3835 740 3892 alii
805 3832 999 3890 sancti
1055 3832 1257 3889 Patres
1310 3846 1565 3888 numero
1609 3838 1848 3889 centum
1887 3834 2183 3907 quinqua-

535 3924 718 3995 ginta.

605 4015 1022 4071 Convenerunt
1034 4014 1232 4067 autem
1247 4010 1721 4084 contraimpium
1745 4011 2180 4079 Macedonium,

532 4102 636 4174 qui
661 4099 1124 4172 patriarchalem
1155 4099 1359 4156 sedem
1383 4099 1634 4155 civitatis
1661 4100 1875 4157 furtive
1906 4106 1962 4158 et
1982 4105 2184 4173 tyran-

531 4190 665 4246 nice
692 4193 993 4260 rapuerat,
1025 4192 1080 4243 et
1107 4188 1550 4260 blasphemavit
1591 4189 1652 4242 in
1703 4189 1986 4260 Spiritum
2043 4206 2182 4246 san-

533 4282 696 4333 ctum
717 4276 944 4341 dicens,
976 4275 1143 4347 quod
1173 4291 1296 4332 non
1319 4281 1472 4332 esset
1503 4279 1674 4332 Deus.
1723 4279 1851 4343 Quo
1896 4278 2053 4349 juste
2083 4278 2182 4334 de-

530 4366 751 4439 posito,
779 4364 1088 4422 ordinatus
1120 4365 1226 4420 fuit
1247 4366 1448 4421 statim
1472 4367 1774 4422 Nectarius
1806 4368 1880 4422 de
1937 4384 2060 4440 quo
2085 4384 2179 4424 su-

531 4472 644 4530 pra
667 4454 918 4510 fecimus
949 4454 1336 4511 mentionem.
1386 4457 1712 4526 Eapropter
1765 4457 2178 4513 Macedonium

531 4548 599 4601 ut
625 4542 944 4598 inimicum
972 4541 1227 4614 pietatis,
1278 4542 1360 4599 ibi
1419 4558 1558 4599 cum
1610 4546 1733 4599 suis
1780 4544 2178 4617 complicibus

531 4629 1101 4691 anathematizantes
1131 4631 1711 4690 condemnaverunt.
1756 4636 1944 4688 Deum
1974 4640 2176 4691 autem

527 4737 760 4786 verum,
793 4735 864 4776 ac
903 4719 1303 4776 universitatis
1355 4719 1673 4776 dominum
1728 4723 2176 4780 sanctissimum

531 4809 813 4885 Spiritum
830 4809 890 4864 in
909 4807 1196 4880 Symbolo
1226 4808 1664 4881 ampliaverunt
1712 4827 1725 4864 :
1759 4815 1816 4867 et
1845 4811 2008 4883 quod
2032 4828 2176 4870 con-

529 4899 943 4957 substantialis
970 4897 1046 4953 sit
1073 4897 1246 4965 Patri,
1276 4902 1333 4954 et
1361 4897 1524 4967 Filio,
1557 4903 1612 4954 et
1641 4899 1914 4972 ejusdem
1966 4901 2179 4958 divini-

527 4989 690 5056 tatis,
723 4991 902 5060 prout
931 4987 993 5042 in
1026 4985 1312 5058 Symbolo
1333 4986 1473 5043 ﬁdei
1505 4989 1860 5058 continetur,
1882 4991 2050 5062 quod
2064 4991 2180 5064 ipsi

525 5077 704 5136 latius
735 5081 792 5132 et
819 5075 1090 5132 diﬂusius
1115 5076 1307 5146 gratia
1353 5075 1626 5148 ejusdem
1667 5079 1917 5151 Spiritus
1987 5080 2180 5137 sancti

528 5165 1030 5240 praedicaverunt.

599 5258 851 5324 Insuper
871 5258 1080 5310 contra
1099 5254 1532 5326 Apollinarium
1548 5255 1877 5324 Laodicea,
1897 5261 1952 5313 et
1976 5257 2179 5315 Sabel-

527 5343 677 5399 lium
699 5340 919 5412 Libya,
949 5341 1364 5414 blasphemos,
1396 5349 1453 5400 et
1501 5345 1773 5416 quicum
1830 5345 1919 5400 his
1967 5346 2183 5404 similia

527 5430 808 5499 sentiunt,
841 5432 1484 5488 excommunicationis
1514 5433 1874 5490 sententiam‘
1916 5434 2180 5506 protule-

525 5522 685 5578 runt.
706 5517 816 5583 Qui
834 5517 1112 5576 dicebant
1131 5535 1375 5577 carnem
1387 5522 1625 5578 Domini
1653 5523 1843 5578 nostri
1864 5524 2000 5578 Jesu
2023 5525 2182 5581 Chri-

529 5607 602 5670 sti
625 5607 1043 5679 inanimatam,
1068 5607 1131 5665 id
1159 5612 1269 5680 est,
1294 5609 1422 5668 sine
1469 5611 1675 5670 anima
1696 5611 2060 5684 rationali,et
2095 5614 2182 5673 in-

2211 4501 2258 4559 D

2295 3649 2674 3722 blasphemia
2711 3647 3007 3720 deposuit,
3051 3652 3346 3718 tanquam
3385 3645 3653 3709 Judaice,
3691 3644 3960 3718 doepmm-

2294 3739 2487 3814 ‘mirpm
2527 3743 2584 3794 et
2624 3737 2883 3810 proprie,
2926 3741 2980 3791 et
3020 3750 3151 3791 vere
3185 3735 3286 3790 Dei
3316 3735 3695 3800 Genitricem,
3757 3735 3960 3790 omni-

2295 3829 2508 3884 fariam
2531 3831 2801 3882 sanctam
2828 3825 3125 3896 Virginem
3155 3823 3397 3880 Mariam
3439 3822 3960 3887 demonstrarunt,

2295 3921 2353 3972 et
2389 3933 2549 3986 eum,
2589 3915 2695 3987 qui
2731 3931 2803 3970 ex
2843 3913 2976 3986 ipsa
3009 3913 3136 3969 sine
3177 3913 3404 3969 semine
3442 3913 3800 3968 incarnatus
3854 3919 3960 3976 est,

2296 4006 2618 4063 Dominum
2647 4008 2920 4061 nostrum
2949 4005 3160 4060 Jesum
3187 4001 3493 4060 Christum
3513 4000 3732 4057 Filium
3765 4001 3894 4066 Dei,
3914 4005 3966 4057 et

2294 4098 2483 4151 Deum
2507 4111 2718 4151 verum
2749 4092 3248 4166 pradicaverunt.

2363 4185 2627 4242 Joannes
2661 4182 3232 4251 vero,Antiochenus
3261 4180 3624 4254 patriarcha,
3646 4179 3966 4237 contrista-

2291 4279 2407 4346 tus,
2431 4273 2596 4347 quod
2611 4274 2739 4329 sine
2769 4273 2903 4344 ipso
2930 4271 3243 4343 depositus
3282 4269 3489 4327 fuisset
3514 4269 3853 4337 Nestorius,
3872 4285 3968 4325 ac-

2292 4365 2517 4436 cipiens
2547 4363 2652 4436 qui
2674 4377 2880 4418 secum
2906 4365 3194 4417 venerant
3230 4360 3570 4433 episcopos,
3613 4358 3675 4414 in
3731 4359 3966 4432 quibus

2291 4451 2898 4509 eteratTheodoritus
2930 4451 3207 4522 deposuit
3247 4449 3553 4520 Cyrillum,
3587 4447 3759 4520 quod
3789 4447 3965 4504 nefas

2289 4549 2381 4600 est
2408 4543 2626 4610 dicere,
2649 4540 2754 4614 qui
2784 4540 2962 4596 etiam
2991 4540 3052 4594 in
3087 4540 3222 4610 ipso
3250 4537 3549 4610 Ephesino
3589 4536 3858 4592 concilio
3881 4535 3966 4593 lo—

2289 4648 2428 4688 cum
2456 4631 2677 4686 summi
2705 4628 3005 4701 pontiﬁcis
3031 4627 3359 4692 obtinebat,
3381 4625 3564 4682 veluti
3587 4629 3817 4696 prater
3873 4641 3967 4681 ca-

2287 4737 2476 4778 nones
2491 4718 2766 4776 Ecclesia
2786 4718 3010 4774 dictam
3022 4717 3256 4773 fecisset
3277 4715 3676 4788 synodum.Et
3698 4714 3785 4770 ita
3804 4714 3966 4770 fecit.

2289 4810 2720 4869 schismainter
2750 4825 2872 4865 eos.
2905 4811 3114 4864 Postea
3143 4823 3287 4863 vero
3313 4821 3456 4863 cura
3477 4810 3535 4861 et
3555 4803 3970 4860 sollicitudine

2289 4900 2560 4973 ejusdem
2590 4897 2972 4971 imperatoris
2998 4897 3214 4953 iterum
3239 4895 3387 4951 uniti
3417 4894 3658 4950 fuerunt
3692 4907 3973 4948 consen-

2290 4991 2496 5047 tientes
2521 4987 2584 5044 in
2624 5002 2834 5043 unum.
2879 4985 3180 5042 Nestorius
3218 4984 3422 5056 itaque
3461 4981 3685 5054 impius
3733 4981 3974 5037 missus

2247 5072 2258 5079 ’
2290 5083 2379 5135 est
2405 5078 2465 5134 in
2496 5075 2793 5133 exsilium.

2363 5165 2640 5224 Secunda
2669 5180 2811 5234 ergo
2852 5163 3141 5236 synodus,
3183 5178 3322 5236 qua
3362 5159 3578 5217 eodem
3621 5157 3976 5217 Theodosio

2290 5257 2534 5314 Juniore
2562 5255 2623 5312 in
2655 5255 2886 5326 Epheso
2926 5253 3084 5309 facta
3121 5256 3229 5318 est,
3272 5254 3566 5323 tanquam
3605 5247 3843 5305 furtiva
3920 5252 3976 5304 et

2290 5343 2552 5418 reproba
2579 5342 2856 5399 habetur.
2888 5339 2958 5398 Et
2981 5340 3274 5414 quoniam
3306 5337 3574 5394 Dioscori
3610 5351 3815 5409 prava
3884 5353 3975 5393 sa-

2292 5435 2534 5508 pientis,
2575 5437 2630 5489 et
2669 5430 3005 5504 Eutychetis
3044 5430 3348 5488 fatuitates
3377 5427 3681 5484 consensit
3729 5430 3970 5487 tenere,

2292 5531 2351 5583 et
2375 5521 2751 5597 approbavit,
2785 5537 2822 5577 a
2843 5525 3049 5578 sancta
3069 5519 3367 5576 catholica
3383 5521 3440 5573 et
3459 5513 3800 5588 apostolica
3870 5517 3974 5572 Ec-

2293 5615 2476 5674 clesia
2506 5612 2713 5672 merito
2743 5616 2833 5670 est
2866 5610 3108 5684 repulsa
3143 5607 3435 5683 pradicta
3474 5603 3777 5678 synodus.
