4020 6310
7 352 139 418 553

1438 346 1717 416 CONTRA
1757 340 2077 415 Gnaeos.

3354 316 3460 425 {et

8 485 125 541 De
149 489 373 558 quarta
392 483 620 556 synodo
651 481 1356 544 Chalcedonensiwerum
1379 482 1696 547 hominem,
1728 480 1777 534 Α
1807 478 2156 551 Antiochiae,
2186 484 2243 538 et
2263 476 2561 555 Eutychos
2585 476 3132 559 Hierosolymorum
3144 501 3285 545 cum
3332 488 3462 547 aliis

102 572 163 620 et
188 580 394 622 verum
427 566 738 624 Christum
759 569 1084 635 conﬁtetur
1111 569 1177 624 in
1196 567 1424 624 duabus
1438 562 1700 630 naturis,

103 655 236 711 sine
260 654 616 724 confusione
643 661 697 713 et
726 655 1031 713 divisione.

106 799 338 863 Quarta
376 812 520 855 vero
568 805 779 857 saneta
808 803 866 856 et
890 799 1247 856 universalis
1297 796 1572 871 synodus
1612 809 1703 850 ce-

12 886 273 945 lebrata
311 888 422 945 fuit
452 889 516 945 in
546 889 1014 948 Chalcedonensi
1047 889 1215 955 urbe,
1249 895 1517 962 tempore
1557 888 1705 942 Mar-

15 978 189 1033 ciani
222 977 632 1049 imperatoris,
683 979 798 1035 sub
850 979 1231 1036 sanctissimo
1283 981 1474 1035 Leone
1521 989 1702 1049 papa,

18 1082 272 1137 magna
289 1064 578 1124 columna
602 1067 895 1124 Ecclesiae.
918 1072 979 1124 tu
994 1083 1117 1140 qua
1144 1067 1385 1124 fuerunt
1400 1064 1710 1122 Anatolius

19 1155 542 1229 archiepiscopus
557 1156 1273 1230 Constantinopolitanus,
1297 1155 1584 1213 Maximus
1598 1160 1714 1211 An-

29 1245 392 1311 tiochenus,
412 1245 722 1305 Juvenalis
734 1245 1311 1319 Hierosolymorum;
1344 1244 1714 1301 Alexandriae

23 1349 179 1390 vero
208 1332 326 1389 fuit
349 1333 672 1391 Dioscorus
702 1334 1025 1408 superbus,
1080 1350 1220 1390 cum
1243 1332 1465 1407 quibus
1512 1337 1570 1389 et
1614 1329 1716 1390 alii

15 1422 223 1479 sancti
252 1422 465 1478 Patres
482 1438 738 1479 numero
763 1439 896 1479 eam.
927 1422 1185 1497 [ccxxx].

103 1514 543 1568 Convenerunt
573 1516 776 1569 autem
808 1517 1018 1568 contra
1044 1512 1244 1585 ipsum
1278 1511 1628 1568 Dioscorum
1659 1513 1718 1565 et

26 1601 356 1672 Eutychen
374 1601 913 1657 archimandritam
929 1601 1301 1669 monasterii,
1314 1603 1717 1671 cognomento

28 1691 253 1757 Studii,
284 1691 459 1764 quod
483 1693 543 1746 in
575 1692 706 1764 ipsa
734 1691 898 1762 regia
932 1690 1081 1747 urbe
1111 1696 1219 1747 est.
1238 1691 1301 1747 I-li
1329 1691 1490 1745 enim
1520 1689 1720 1747 Salva-

28 1782 187 1837 toris
216 1785 276 1837 et
313 1780 412 1836 Dei
443 1781 631 1837 nostri
678 1782 820 1837 .lesu
850 1779 1062 1838 Christi
1111 1780 1591 1837 incarnationem
1633 1795 1720 1835 re-

27 1869 366 1940 cusabant,
450 1869 734 1926 facientes
782 1886 1032 1943 prorsus
1090 1869 1291 1941 ipsum
1338 1868 1720 1943 phantastice

28 1958 327 2015 indutum
354 1973 623 2014 carnem.
654 1960 820 2014 Unde
878 1959 1014 2015 etin
1071 1973 1194 2014 una
1242 1961 1463 2015 natura
1519 1958 1721 2031 ipsum

31 2048 338 2103 exsistere
402 2046 708 2118 dicebant,
777 2046 1078 2103 divinitati
1120 2046 1512 2103 attribuentes
1567 2062 1721 2118 quas

37 2135 342 2192 sustinuit
370 2135 711 2208 passiones.
744 2136 994 2209 Propter
1022 2135 1135 2192 hoc
1167 2150 1330 2205 ergo,
1350 2135 1497 2208 ipsis
1529 2150 1723 2207 perse-

30 2224 399 2281 verantibus
432 2225 491 2280 in
523 2224 875 2295 hujusmodi
899 2239 1120 2293 errore,
1167 2223 1716 2281 excommunieavit

35 2320 94 2371 et
149 2313 687 2371 auathematizavit
736 2319 793 2371 et
861 2329 1073 2370 omnes
1130 2314 1217 2369 eis
1270 2313 1719 2370 consentientes

37 2409 261 2461 sancta
301 2403 601 2477 synodus.

111 2492 527 2563 Promulgavit
558 2507 700 2562 ergo
732 2508 916 2565 super
946 2492 1076 2549 haec
1097 2498 1482 2549 sacramenta
1510 2491 1723 2548 deﬁni-

40 2585 309 2649 tionem,
344 2582 511 2655 quod
542 2582 669 2655 ipse
702 2583 775 2638 sit
802 2581 1102 2654 perfectus
1131 2584 1307 2648 Deus,
1340 2588 1393 2637 ct
1423 2580 1722 2655 perfectus

38 2674 234 2729 homo
263 2672 332 2728 in
361 2671 607 2728 duabus
644 2672 899 2740 naturis,
933 2672 1061 2727 sine
1088 2671 1438 2728 confusione
1468 2676 1525 2728 et
1572 2670 1720 2726 divi-

56 2763 252 2818 sione.

114 2851 454 2924 Epistolam
495 2866 740 2924 quoque
820 2850 1182 2907 sanctissimi
1239 2850 1470 2921 Leonis,
1532 2866 1721 2924 quam

42 2942 208 2996 misit
236 2940 532 2997 Flaviano
580 2955 865 3012 episcopo
915 2939 1543 3012 Constantinopoleos,
1594 2945 1720 2995 tau-

41 3046 238 3099 quam
264 3028 620 3085 columnam
677 3028 1032 3085 orthodoxte
1089 3028 1250 3096 ﬁdei,
1303 3033 1714 3101 susceperunt,

43 3125 97 3174 et
126 3134 333 3191 usque
363 3118 539 3174 hodie
569 3117 655 3173 sic
686 3117 1049 3191 appellatur.

114 3209 282 3266 Scire
314 3207 497 3263 etiam
519 3211 769 3279 oportet,
803 3208 969 3279 quod
994 3207 1076 3273 hi,
1109 3205 1505 3279 quidicuntur
1531 3206 1715 3262 Theo-

48 3297 267 3354 desita:
299 3313 339 3353 a
368 3296 639 3369 quodam
664 3296 1020 3365 Theodosio,
1049 3301 1106 3352 et
1160 3295 1439 3353 Jacobitze
1477 3312 1513 3352 a
1568 3312 1715 3368 quo-

48 3385 190 3442 dam
206 3385 459 3451 Jacobo,
480 3390 538 3441 et
551 3385 854 3441 Severiani
868 3401 903 3441 a
919 3385 1191 3457 quodam
1225 3387 1463 3452 Severo,
1500 3384 1716 3440 similia

53 3476 278 3530 scilicet
366 3473 669 3546 praedictis
728 3473 989 3529 Dioscori
1018 3479 1076 3530 et
1148 3474 1527 3546 Euthychetis
1575 3473 1715 3529 abo-

54 3562 437 3619 minabilium
468 3563 886 3619 hiereticorurn
915 3567 972 3618 ct
1001 3563 1507 3618 exsecrandorum
1556 3578 1716 3618 erro-

55 3652 243 3718 ribus,
290 3657 585 3724 tanquam
643 3651 756 3724 ipsi
812 3652 1121 3719 exsecrati,
1181 3667 1288 3706 seu
1345 3650 1715 3716 exsecrandi,

56 3741 322 3796 sentiunt
354 3745 409 3796 et
438 3739 702 3811 sapiunt,
733 3745 790 3796 et
816 3740 1119 3809 resistunt,
1148 3756 1285 3795 cum
1319 3740 1449 3795 aliis
1526 3740 1724 3795 hiare-

54 3828 794 3902 ticis,seipsosa1icnantes
821 3833 1076 3884 asancta
1099 3827 1361 3884 Ecclesia
1391 3828 1709 3884 catholica.

122 3922 424 3991 Tempore
451 3917 637 3989 ipsius
668 3917 942 3973 Marciani
974 3919 1244 3989 pervenit
1273 3917 1349 3972 ad
1365 3934 1538 3973 aures
1561 3917 1722 3974 beati

64 4008 294 4075 Leonis,
334 4007 410 4062 de
437 4023 560 4078 quo
590 4006 746 4062 facta
776 4012 865 4063 est
900 4007 1142 4077 mentio,
1173 4007 1338 4079 quod
1388 4008 1716 4072 Anatolius,

64 4097 734 4169 Constantinopolitanae
765 4097 926 4153 sedis
956 4098 1218 4159 antistes,
1239 4097 1548 4153 invaderet
1573 4114 1720 4170 pau-

61 4186 220 4245 latim
251 4188 485 4244 alienas
514 4187 683 4242 sedes
714 4187 1085 4260 suoqueillas
1113 4187 1360 4242 adderet
1389 4187 1718 4259 pontificio,

66 4277 324 4351 ideoque
356 4276 552 4331 dictus
582 4291 747 4349 papa
781 4276 1075 4345 Anatolio,
1108 4280 1172 4332 ut
1226 4276 1304 4332 ab
1366 4276 1721 4347 hujusmodi

66 4368 279 4439 rapina
308 4370 598 4435 cessaret,
632 4364 886 4437 scripsit.
921 4364 1035 4421 Sed
1066 4366 1266 4421 omnis
1298 4366 1427 4436 ejus
1470 4364 1722 4420 monitio

68 4471 197 4512 cum
232 4454 386 4510 nibil
424 4455 750 4526 proficeret,
784 4454 961 4509 cessit
987 4454 1046 4509 in
1078 4454 1329 4510 irritum.
1367 4458 1446 4510 Ex
1500 4454 1725 4527 quibus

70 4550 201 4601 tunc
230 4558 361 4600 non
392 4548 777 4598 cessaverunt
799 4541 972 4598 dictas
1001 4543 1160 4598 sedis
1187 4544 1477 4616 praesules
1528 4545 1730 4600 fovere

72 4634 465 4696 discordiam,
497 4637 553 4688 et
580 4631 660 4687 ob
691 4631 1031 4704 depositum
1062 4648 1201 4688 cum
1233 4636 1503 4690 Romana
1542 4633 1735 4690 Eccle-

75 4724 153 4780 sia
186 4720 580 4780 contendere.
640 4720 803 4776 Unde
830 4725 888 4777 et
939 4720 1002 4776 in
1027 4726 1245 4793 quarto
1302 4723 1555 4778 concilio
1608 4723 1734 4778 sine

78 4826 379 4868 consensu
408 4825 579 4882 papa:
605 4813 663 4864 et
689 4809 1028 4880 legatorum
1060 4810 1212 4880 ejus,
1243 4811 1396 4867 sicut
1449 4812 1619 4878 alias,
1672 4812 1735 4868 in

77 4904 330 4958 tractatu
362 4900 448 4955 De
471 4904 764 4967 potestate
790 4913 962 4969 papa:
988 4897 1221 4957 dictum
1269 4906 1374 4964 est,
1438 4917 1735 4957 canonem

78 5002 175 5060 pro
208 5005 273 5045 se
314 4986 659 5052 ediderunt,
717 4985 792 5043 de
835 5003 958 5060 quo
1016 4986 1077 5042 in
1129 4987 1250 5045 ﬁne
1301 4988 1483 5061 hujus
1538 4991 1735 5063 operis

80 5080 275 5152 aliqua
303 5077 705 5133 disseremus.

82 5213 155 5269 De
181 5214 401 5286 quinta
430 5211 681 5282 synodo,
721 5197 1396 5283 Constantinopolitano
1448 5215 1729 5272 secunda.

141 5338 366 5405 Quinta
399 5340 610 5393 sancta
646 5339 705 5392 et
729 5336 1084 5394 universalis
1114 5338 1385 5411 synodus
1441 5339 1739 5397 celebrata

89 5435 163 5483 est
191 5425 734 5498 Constantinopoli,
763 5426 1136 5498 temporibus
1185 5428 1496 5486 Justiniani
1551 5430 1736 5501 impe-

58 5519 305 5587 -ratoris,
340 5516 458 5573 sub
485 5531 649 5589 papa
676 5516 883 5586 Vigilio
943 5520 1236 5575 Romano.
1297 5520 1403 5575 Ubi
1463 5520 1738 5576 interfue-

91 5614 212 5665 runt
244 5605 546 5679 Eutyches
596 5604 1091 5679 archiepiscopus
1137 5608 1741 5682 Constantinopolita-

62 5760 63 5765 η
93 5694 629 5771 nus,Apollinarius
639 5694 1451 5765 patriarchaAlexandrinus,
1469 5698 1738 5756 Domuus

64 5804 69 5887 ι
472 5792 722 5851 Parnm.
763 5793 864 5851 Gn.
907 5794 1058 5857 CXL.

66 5890 69 5969 l

1809 572 2051 625 centum
2078 570 2480 643 septuaginta.

1882 659 2025 724 Quae
2056 665 2266 718 sancta
2318 662 2592 735 synodus
2625 663 2687 720 in
2738 663 2950 735 primis
2998 666 3362 739 approbavit
3406 671 3466 726 et

1811 748 2190 807 confirmavit
2228 752 2786 811 Chalcedonensem
2843 756 3147 827 synodum
3190 763 3465 818 sanctam

1811 854 1923 895 nec
1952 854 2076 895 non
2107 844 2163 897 et
2190 842 2529 900 orthodoxa
2557 847 2614 899 et
2655 843 2939 902 salutaria
2967 844 3096 917 ejus
3150 847 3459 919 dogmata.

1814 929 1882 983 Et
1905 943 2040 1000 quae
2070 946 2106 986 a
2126 929 2374 988 diversis
2398 938 2619 988 exortae
2652 938 2792 990 sunt
2812 933 3070 991 haereses
3111 936 3465 994 anathema-

1814 1015 2034 1085 tizavit,
2054 1020 2111 1073 et
2140 1020 2685 1078 excommunicavit
2713 1021 2927 1078 eadem
2958 1025 3166 1079 sancta
3187 1023 3463 1095 synodus

1819 1104 2158 1176 Origeuem,
2185 1112 2243 1164 et
2262 1109 2468 1166 omnia
2490 1110 2619 1181 ejus
2647 1110 2832 1183 impia
2853 1112 3094 1184 scripta,
3122 1113 3463 1184 Evagrium,

1821 1198 1878 1249 et
1907 1193 2248 1267 Didymum,
2280 1202 2337 1254 et
2364 1198 2608 1267 similes,
2651 1204 2710 1256 et
2754 1199 3013 1273 aequalia
3038 1201 3358 1273 sapientes,
3413 1209 3471 1261 et

1821 1283 2107 1339 doctrinis
2134 1286 2444 1355 gentilium
2475 1293 2928 1345 contemnentes
2971 1289 3352 1360 [inhaerentes
3376 1291 3473 1348 vel

1821 1373 2197 1445 insistentes]
2232 1376 2459 1432 Etenim
2484 1376 2596 1449 ipsi
2626 1393 2901 1450 corpora,
2946 1377 3006 1433 in
3060 1378 3281 1451 quibus
3310 1395 3476 1437 nunc

1826 1478 2061 1531 sumus,
2093 1462 2392 1531 dixerunt,
2416 1468 2708 1538 tanquam
2739 1466 2865 1523 sine
2886 1465 3184 1524 intellectu
3228 1473 3285 1525 et
3329 1469 3477 1527 insi-

1826 1550 2077 1624 pienter,
2107 1568 2229 1609 non
2260 1568 2397 1618 esse
2426 1558 2849 1625 resurrectura,
2878 1555 3118 1627 etquod
3152 1557 3479 1629 paradisus

1828 1640 2125 1696 sensibilis
2152 1657 2275 1698 non
2300 1648 2388 1698 est
2416 1642 2608 1700 factus
2636 1658 2672 1698 a
2698 1643 2838 1711 Deo,
2888 1659 2999 1699 nec
3046 1648 3175 1713 est;
3204 1650 3262 1702 et
3312 1645 3481 1720 quod

1826 1729 2020 1786 Adam
2049 1746 2174 1787 non
2201 1731 2307 1788 iuit
2331 1731 2623 1788 formatus
2649 1747 2685 1788 a
2711 1736 2828 1790 Deo
2858 1732 2919 1788 in
2960 1748 3170 1803 carne;
3205 1738 3263 1790 et
3314 1735 3482 1808 quod

1752 1828 1790 1883 Β
1829 1835 2012 1892 pcena
2040 1821 2436 1893 reproborum
2464 1820 2648 1877 ﬁnem
2679 1821 2940 1891 habeat;
2974 1827 3030 1879 et
3058 1823 3227 1897 quod
3256 1825 3483 1882 daemo-

1829 1923 1935 1964 nes
1963 1908 2399 1966 reducenturin
2429 1913 2652 1966 statum
2677 1910 3021 1982 pristinum,
3051 1928 3231 1985 quem
3255 1912 3484 1971 habue-

1829 2003 1987 2069 runt,
2057 1998 2277 2055 scilicet
2332 2004 2659 2070 antequam
2720 1999 3022 2057 caderent.
3099 2004 3227 2057 Non
3286 2002 3485 2059 solum

1833 2092 2034 2144 autem
2062 2087 2197 2156 hoc,
2227 2086 2332 2144 sed
2354 2092 2410 2143 et
2438 2086 2586 2143 alias
2616 2087 2878 2146 inﬁnitas
2906 2086 3318 2160 blasphemias
3366 2089 3487 2147 col-

1830 2176 2080 2247 ligentes
2110 2176 2342 2249 seipsos
2366 2175 2794 2233 immerserunt
2816 2175 2878 2232 in
2912 2176 3306 2251 profundum.
3342 2180 3487 2245 Quae

1833 2271 2034 2323 tamen
2060 2281 2252 2337 usque
2281 2264 2341 2321 in
2362 2264 2695 2337 publicum,
2726 2264 2821 2321 vel
2850 2265 2912 2321 in
2942 2265 3488 2324 manifestationem

1833 2371 1954 2411 non
1984 2354 2485 2426 praedicaverunt,
2519 2354 2624 2410 sed
2656 2352 2822 2427 apud
2864 2353 3102 2427 aliquos
3145 2356 3208 2411 in
3253 2356 3490 2412 occulto

1834 2443 2236 2509 habebantur,
2260 2458 2371 2500 nec
2396 2448 2720 2515 potuerunt
2746 2443 3003 2516 perfecte
3027 2443 3313 2500 aestimari
3337 2459 3491 2517 prae-

1835 2534 1993 2589 dicta
2024 2534 2314 2603 dogmata
2342 2532 2417 2588 de
2448 2537 2656 2588 sancta
2683 2532 2943 2605 synodo.
2976 2533 3126 2600 Quia
3156 2549 3295 2589 cum
3352 2533 3495 2590 dicti

1834 2627 1952 2679 tres
2006 2622 2266 2678 haeretici
2317 2620 2507 2677 multo
2564 2621 2932 2695 antiquiores
2998 2621 3249 2678 fuissent
3333 2636 3492 2694 prae-

1833 2711 1993 2767 dicto
2022 2710 2232 2783 quinto
2262 2710 2533 2775 concilio,
2563 2711 2785 2767 multos
2820 2711 2880 2766 in
2931 2709 3180 2766 diversis
3213 2711 3491 2783 partibus

1832 2800 2044 2857 mundi
2062 2805 2432 2857 attraxerant
2453 2800 2584 2856 sibi.
2621 2802 2888 2871 Cumque
2911 2798 3167 2854 multum
3196 2800 3492 2872 populum

1836 2888 2159 2960 coepissent
2186 2882 2543 2958 hujusmodi
2568 2886 2755 2959 impia
2776 2886 3068 2956 dogmata
3086 2902 3493 2960 corrumpere,

1831 2978 2033 3033 statim
2059 2981 2116 3032 et
2145 2976 2426 3048 quintum
2481 2975 2802 3032 concilium
2859 2974 3163 3031 voluntate
3222 2975 3324 3031 Dei
3375 2976 3490 3032 fuit

1828 3065 2212 3131 celebratum,
2248 3063 2352 3120 ubi
2373 3064 2557 3137 ipsos,
2601 3068 2887 3120 eteorum
2938 3061 3353 3135 blasphemias
3395 3079 3486 3121 re-

1748 3179 1788 3233 C
1825 3155 2114 3228 probans,
2146 3170 2249 3209 eos
2280 3159 2334 3209 et
2355 3168 2565 3208 omnes
2614 3151 2833 3208 similia
2869 3155 3189 3225 sequentes
3230 3152 3486 3210 anathe-

1819 3244 2007 3304 matis
2041 3242 2245 3313 gladio
2275 3241 2589 3314 percussit.

1894 3338 2146 3405 Insuper
2162 3331 2612 3388 etTheodorum
2636 3330 3010 3403 Mopsuestia
3034 3328 3207 3404 impii
3235 3331 3489 3405 Nestorii

1822 3421 2184 3493 discipulum
2197 3436 2268 3476 cu
2279 3436 2334 3475 m
2351 3418 2474 3474 suis
2494 3418 2819 3474 exsecratis
2832 3417 3219 3491 dogmatibus
3242 3436 3488 3477 excom-

1823 3511 2155 3568 municavit
2180 3514 2236 3564 et
2274 3508 2447 3579 ejecit
2485 3508 2562 3565 ab
2619 3506 2901 3565 Ecclesia.
2954 3509 3097 3564 Cum
3152 3507 3375 3581 quibus
3427 3513 3487 3566 et

1826 3599 2203 3667 Antiochum,
2237 3600 2545 3653 etPetrum
2576 3599 2757 3652 Zoam
2788 3596 3151 3663 eliminavit,
3202 3613 3310 3653 nec
3359 3612 3484 3654 non

1826 3695 1882 3743 et
1914 3687 2361 3755 Tlieodoritum,
2411 3686 2517 3758 qui
2547 3691 2758 3741 contra
2790 3694 3305 3757 propugnatorem
3361 3687 3484 3757 pie-

1828 3778 1962 3834 tatis
1984 3782 2040 3832 et
2070 3775 2355 3843 veritatis,
2384 3776 2633 3831 beatum
2666 3774 2972 3846 Cyrillum,
3002 3773 3263 3830 multum
3301 3774 3482 3845 impie

1828 3872 1883 3922 et
1909 3864 2063 3922 male
2096 3866 2481 3936 scripserunt,
2513 3868 2569 3918 et
2595 3865 2774 3918 etiam
2807 3868 3014 3918 contra
3035 3864 3297 3934 primam
3338 3877 3481 3918 san-

1826 3962 1983 4012 ctam
2013 3954 2317 4027 synodum
2352 3952 2737 4024 Epliesinam,
2778 3956 2836 4007 et
2874 3951 3482 4007 contratideinostraa

1827 4047 2194 4102 documenta
2220 4043 2507 4100 mentitus
2532 4047 2637 4107 est,
2663 4040 2902 4098 donans
2929 4056 2991 4095 se
3022 4040 3245 4096 inﬁdeli
3287 4044 3487 4098 Nesto-

1824 4138 1911 4192 rio
1938 4141 1995 4191 et
2024 4136 2299 4207 profano,
2374 4130 2453 4187 ab
2494 4129 2753 4187 Ecclesia
2803 4136 3093 4202 tanquam
3134 4130 3485 4187 hcereticum

1826 4226 2149 4293 ejecerunt,
2206 4223 2400 4279 donec
2459 4219 2666 4276 omnia
2705 4224 3045 4290 revocaret;
3087 4236 3224 4292 qum
3276 4220 3485 4276 omnia

1826 4325 2120 4389 tanquam
2150 4310 2428 4385 pestifera
2456 4326 2593 4365 cum
2626 4309 2724 4365 illa
2747 4307 3019 4381 epistola,
3043 4325 3179 4380 quae
3235 4308 3352 4366 lbae
3400 4309 3486 4366 di-

1833 4408 2003 4477 citur,
2027 4420 2163 4477 qua:
2197 4402 2382 4457 missa
2407 4399 2595 4455 fuitin
2626 4399 2928 4454 Persidem
2961 4398 3041 4454 ad
3064 4398 3289 4467 Marim,
3325 4397 3489 4471 peni—

1763 4521 1806 4574 D
1840 4504 1933 4554 tus
1989 4495 2506 4565 exstiparverunt;
2556 4505 2680 4547 non
2745 4488 2941 4545 solum
2990 4489 3165 4545 rectis
3199 4488 3489 4545 doctrinis

1841 4583 2220 4645 adversantia
2233 4578 2783 4651 erantliujusmodi,
2814 4579 2922 4634 sed
2944 4595 3083 4634 eum
3101 4578 3267 4636 omni
3285 4580 3493 4651 impie-

1844 4682 1963 4733 tate
1985 4670 2450 4748 participabaut.
2482 4668 2579 4725 llis
2609 4669 2812 4740 itaque
2842 4668 2952 4723 rite
2980 4669 3238 4739 peractis
3274 4668 3492 4724 contir-

1842 4767 2177 4827 maverunt,
2210 4764 2276 4816 ut
2312 4759 2560 4827 dictum,
2611 4757 2902 4828 dogmata
2954 4755 3244 4822 Ecclesiae,
3297 4759 3353 4811 et
3394 4769 3493 4811 ro-

1842 4854 2225 4911 boraverunt.

1841 4963 1928 5018 De
1942 4964 2109 5016 sexta
2131 4956 2378 5027 synodo,
2407 4950 3293 5022 Constantinopolitanotertia.
3318 4950 3495 5006 Dam-

1912 5053 2022 5107 nat
2052 5061 2234 5103 unam
2255 5046 2315 5100 in
2347 5044 2587 5100 C’u'tsto
2616 5043 2982 5098 voluntatem
2999 5045 3051 5094 et
3065 5041 3491 5107 operationem.

1918 5160 2093 5215 Sexta
2128 5157 2338 5210 sancta
2364 5156 2423 5208 et
2447 5148 2803 5206 universalis
2834 5145 3109 5218 synodus
3135 5144 3293 5202 facta
3313 5144 3496 5202 etiam

1844 5247 1953 5303 fuit
2009 5239 2544 5311 Constantinopoli,
2594 5236 2964 5294 Constantini
3002 5235 3313 5305 Pogonati,
3391 5234 3498 5290 ﬁlii

1845 5333 2181 5401 Justiniani,
2209 5328 2601 5402 Temporibus,
2649 5326 2762 5382 sub
2812 5324 3120 5395 Agathone
3167 5340 3331 5397 papa
3389 5327 3498 5381 Ito-

1845 5440 2050 5481 mano.
2084 5425 2145 5477 In
2175 5436 2296 5492 qua
2316 5414 2761 5485 fuitGregorius
2808 5411 3148 5485 patriarcha
3205 5414 3498 5470 Constan-

1846 5512 2300 5587 tinopolitanus,
2356 5504 2753 5576 Theophanes
2791 5502 3141 5565 Antiochiae,
3189 5506 3246 5559 et
3292 5502 3500 5558 Petrus

1848 5602 2184 5661 monachus
2236 5596 2485 5653 vicarius
2544 5591 2919 5648 Alexandriae
2984 5590 3266 5659 (vacabat
3339 5590 3499 5646 enim

1848 5694 2069 5763 sedes),
2096 5705 2235 5748 cum
2269 5685 2398 5747 aliis
2425 5687 2667 5742 centum
2699 5680 3105 5756 septuaginta,

3009 5782 3073 5837 18
