4020 6310
569 264 670 321 555

1806 247 2289 314 PANTALEONIS
2328 246 2614 309 DIACONI
2653 258 2754 316 CP.

3883 272 3970 326 5%

643 389 1000 460 Congregati
1029 391 1228 443 autem
1258 385 1497 441 {uerunt
1522 390 1731 442 contra
1758 365 2080 456 quosdam,
2113 375 2217 449 qui
2253 376 2299 428 A
2326 391 2473 432 num
2487 361 3073 453 populumrevocare
3087 390 3366 461 gestiens,
3403 392 3709 462 synodum
3739 409 3971 463 congre-

568 494 794 536 novam
824 477 1098 534 hteresim
1124 475 1538 531 conﬁnxerunt
1565 474 1626 530 in
1669 479 1878 529 sancta
1925 467 2218 527 catholica

573 572 629 623 et
659 567 986 640 apostolica
1019 564 1300 621 Ecclesia.
1353 563 1491 619 Dico
1537 570 1738 620 autem
1782 568 1990 617 contra
2033 558 2217 613 Theo-

570 657 786 712 dorum
799 656 1147 728 episcopum
1159 653 1234 709 de
1248 654 1501 720 Pharan,
1519 653 1839 708 Honorium
1855 654 2190 706 Romanum
2202 689 2215 712 ,

570 748 790 819 Cyrum
815 743 1202 809 Alexandriae,
1232 743 1501 814 Sergium
1528 747 1584 798 et
1605 742 1918 814 Pyrrhum,
1964 737 2217 793 Paulum

569 839 628 892 et
677 835 918 890 Petrum
962 833 1279 905 episcopos
1337 831 2052 904 ConstantinOpolitanos,
2109 841 2218 880 nec

567 940 692 981 non
723 928 929 980 contra
959 939 1060 979 eos
1080 923 1184 994 qui
1203 922 1404 977 denuo
1430 921 1710 976 haeresim
1741 922 2011 993 ipsorum
2050 917 2218 971 inno-

567 1017 864 1069 vaverunt
886 1013 948 1067 in
974 1012 1108 1085 ipsa
1139 1013 1346 1066 sancta
1391 1009 1646 1081 synodo,
1696 1009 2031 1070 haereticos;
2085 1005 2220 1060 dico

570 1107 782 1158 contra
808 1099 1130 1158 Macarium
1157 1100 1481 1171 praesulem
1513 1097 1858 1163 Antiochiae,
1885 1097 1988 1168 qui
2037 1094 2220 1166 depo-

572 1192 720 1248 situs
735 1190 865 1256 fuit,
889 1206 960 1245 eo
977 1188 1142 1261 quod
1165 1187 1433 1244 obviaret
1456 1187 1550 1242 his
1576 1203 1712 1258 quas
1735 1185 1812 1242 ab
1831 1188 1962 1258 ipsa
1987 1182 2220 1255 synodo

569 1278 856 1344 catholice
873 1276 1333 1343 deﬁniebantur,
1357 1280 1413 1329 et
1435 1275 1804 1346 Stephanum
1822 1273 2012 1345 ipsius
2047 1270 2218 1327 disci-

566 1369 800 1442 pulum.
831 1367 895 1423 Hi
921 1364 1249 1438 praescripti
1273 1363 1533 1418 hmretici
1575 1363 1705 1418 ausi
1755 1362 1995 1417 fuerunt
2042 1365 2222 1416 teme—

567 1459 722 1515 rarie
743 1459 958 1526 dicere,
995 1470 1180 1510 unam
1205 1451 1573 1507 voluntatem
1598 1457 1654 1507 et
1690 1466 1874 1506 unam
1921 1451 2219 1521 operatio-

567 1564 706 1604 nem
729 1563 866 1602 esse
893 1547 954 1601 in
984 1543 1213 1598 Christo
1234 1547 1370 1614 post
1407 1541 1881 1597 incarnationem
1906 1558 1919 1607 ;
1965 1539 2216 1610 conjun-

570 1637 972 1707 ctionemque,
1030 1647 1166 1704 quee
1223 1629 1572 1686 orthodoxae
1628 1629 1767 1684 ﬁdei
1818 1633 1927 1692 est,
1989 1627 2219 1682 solvere

2327 467 2451 534 gari
2479 467 2674 542 jussit,
2705 492 2889 546 quam
2923 479 3240 550 septimam
3270 483 3327 534 et
3359 481 3758 536 universalem
3818 484 3968 538 visus

2327 563 2414 611 est
2444 575 2677 623 vocare.
2711 581 2848 620 cum
2880 567 3110 622 nullum
3146 568 3410 624 favorem
3438 576 3665 626 sanctae
3697 572 3969 628 Romanae

2329 648 2620 717 Ecclesiae,
2652 658 2708 708 et
2735 656 3082 726 apostolicae
3115 657 3271 712 sedis
3330 658 3596 724 haberet,
3650 662 3967 716 secundum

2325 738 2491 808 quod
2513 740 2761 811 quidam
2794 744 3003 804 volunt
3029 748 3158 816 (40).
3193 751 3466 804 Attamen
3481 748 3721 805 inlibris
3753 752 3968 806 Graeco-

2329 841 2463 882 rum
2488 826 2700 897 legitur
2724 835 3089 890 contrarium
3113 835 3172 890 in
3203 836 3363 893 hunc
3394 837 3668 894 modum.

2402 915 2666 987 Septima
2696 925 2904 977 sancta
2930 929 2986 978 et
3026 925 3379 980 universalis
3408 927 3676 998 synodus
3704 931 3975 986 convenit

2329 1005 2560 1074 Nicaeae,
2594 1009 2696 1064 ubi
2726 1016 2782 1066 et
2811 1012 3003 1082 prima
3032 1015 3307 1070 omnium
3338 1015 3446 1071 fuit
3472 1017 3798 1086 celebrata,
3844 1009 3972 1074 tem;

2329 1110 2474 1165 pore
2501 1099 2869 1155 Constantini
2899 1102 3206 1174 principis;
3239 1104 3345 1174 qui
3388 1104 3545 1160 ﬁlius
3599 1108 3842 1162 Herenae
3896 1125 3973 1163 re-

2329 1183 2485 1251 ginae
2518 1186 2630 1240 sub
2661 1187 2925 1244 Adriano
2957 1206 3120 1264 papa
3151 1193 3517 1262 Romano,in
3547 1210 3670 1266 qua
3696 1195 3808 1252 fuit
3836 1198 3972 1252 Tha-

2333 1271 2522 1327 rasius
2562 1275 2905 1344 patriarcha
2963 1281 3680 1353 Constantinopolitanus,
3739 1285 3972 1340 Alexan-

2329 1360 2494 1428 driae,
2528 1363 2919 1422 Theodoritus
2949 1368 3336 1441 Anthiochiie,
3387 1377 3443 1426 et
3490 1373 3660 1428 Heliae
3717 1373 3973 1430 Hieroso-

2325 1447 2652 1518 lymorum,
2681 1470 2819 1508 cum
2846 1456 3067 1526 quibus
3093 1465 3150 1513 et
3179 1459 3276 1514 alii
3307 1462 3497 1521 sancti
3521 1463 3743 1527 Patres,
3780 1463 3842 1517 in
3872 1479 3972 1518 nu-

2329 1554 2494 1594 mero
2525 1543 2828 1610 sexaginta
2860 1560 2960 1599 sex
2991 1546 3156 1614 (350).
3194 1547 3402 1606 Vicarii
3424 1565 3564 1605 vero
3609 1550 3757 1606 dicti
3815 1568 3974 1623 papa

2326 1626 2568 1684 fuerunt
2595 1633 2798 1686 Petrus
2828 1633 3158 1706 presbyter,
3215 1637 3558 1707 cardinalis,
3619 1640 3973 1703 monachus,

569 1725 869 1782 volebant.
901 1723 1089 1792 Hujus
1113 1719 1303 1790 gratia
1329 1724 1538 1775 sancta
1561 1718 1917 1774 universalis
1947 1715 2216 1788 synodus
2248 1723 2289 1774 Β
2326 1723 2381 1772 et
2413 1717 2617 1773 Petrus
2636 1719 2838 1776 abbas
2868 1724 3218 1779 monasterii
3249 1727 3480 1782 Sanctae
3510 1726 3774 1794 Sabinae,
3823 1729 3972 1801 quod

569 1819 736 1871 sexta
764 1812 1083 1887 prmdictos
1108 1809 1418 1866 haereticos
1441 1813 1732 1880 tanquam
1764 1808 2217 1879 impugnatores

568 1904 667 1960 Dei
689 1904 1071 1960 anathemate
1092 1897 1360 1971 perculit,
1376 1902 1432 1952 et
1456 1898 1661 1952 omnia
1683 1913 1890 1953 eorum
1903 1897 2212 1966 dogmata,

567 1997 626 2050 et
674 2007 887 2048 omnes
929 1988 1144 2044 similia
1177 1987 1262 2042 eis
1303 1986 1626 2058 sapientes,
1677 1991 1732 2041 et
1787 1987 1888 2058 qui
1942 2000 2215 2056 unquam

566 2084 916 2156 sapuerunt,
952 2077 1040 2134 vel
1070 2075 1252 2132 futuri
1278 2078 1416 2130 sunt
1462 2090 1692 2146 sapere,
1744 2079 1801 2130 et
1845 2090 1969 2129 non
2025 2073 2216 2145 poeni—

567 2157 779 2237 tentes,
809 2184 945 2224 cum
968 2166 1062 2222 his
1087 2170 1144 2222 et
1174 2164 1665 2236 Polychronium,
1693 2163 1944 2234 puerilia
1985 2163 2220 2234 sapien-

561 2263 682 2316 tem
704 2273 928 2328 senem,
970 2254 1076 2328 qui
1115 2257 1386 2309 mortuos
1439 2255 1879 2306 resurrecturos
1929 2249 2215 2319 negabat,

561 2349 826 2404 similiter
846 2341 1539 2402 excommunicaverunt.

626 2435 950 2494 Roboravit
961 2433 1140 2503 igitur
1151 2435 1361 2486 sancta
1374 2428 1644 2501 synodus
1656 2427 1838 2484 ﬁdem
1854 2427 2213 2483 catholicam

559 2529 634 2586 de
660 2526 900 2584 duabus
927 2519 1340 2580 voluntatibus
1373 2517 1747 2574 naturalibus
1773 2523 1828 2573 et
1857 2518 2212 2590 operationi-

558 2620 675 2674 bus
704 2620 843 2690 post
872 2614 1154 2670 unionem
1189 2607 1360 2663 Verbi
1385 2607 1462 2663 ad
1521 2607 1857 2662 humanam
1907 2612 2206 2673 naturam,

557 2723 682 2764 non
710 2706 772 2762 in
802 2703 1095 2759 divisione
1127 2704 1329 2755 autem
1359 2711 1776 2768 personarum,
1809 2696 1969 2768 quod
2015 2696 2205 2752 absit!

559 2797 661 2852 sed
684 2795 828 2868 quia
853 2792 1056 2858 unitas,
1087 2802 1223 2860 quin
1252 2785 1313 2841 in
1330 2785 1559 2841 Christo
1581 2790 1718 2840 sunt
1743 2790 1994 2854 naturae,
2036 2801 2207 2840 suam

557 2884 839 2960 quaelibet
856 2879 1070 2938 habuit
1093 2876 1462 2933 voluntatem
1484 2873 1789 2945 propriam
1826 2879 1882 2929 et
1919 2874 2210 2945 operatio-

558 2991 718 3031 nem.
754 2972 864 3028 Alii
912 2969 1092 3032 enim,
1127 2964 1230 3038 qui
1260 2961 1607 3033 hujusmodi
1656 2967 1886 3017 natura:
1935 2962 2211 3019 auferunt

557 3063 966 3137 proprietates,
991 3062 1095 3114 aut
1119 3056 1435 3110 destruunt
1462 3052 1844 3124 operationes
1867 3057 1923 3106 et
1941 3052 2209 3108 volunta—
2240 3073 2279 3126 ρ

558 3155 1042 3221 tes,autnaturas
1062 3142 1459 3207 confundunt,
1482 3155 1742 3212 quarum
1773 3140 2209 3211 exsistuntpro‘

558 3241 856 3314 prietates.
893 3235 1130 3290 Nullum
1162 3237 1362 3286 tamen
1402 3244 1698 3284 canonem
1750 3229 1881 3282 haec
1938 3229 2209 3300 synodus

560 3327 764 3394 edidit,
787 3330 966 3399 prout
995 3323 1172 3378 etiam
1201 3320 1318 3392 ipsi
1349 3318 1533 3374 Graeci
1558 3318 1843 3372 mirantes
1896 3322 2204 3373 testantur.

559 3419 836 3474 Sec-unda
855 3419 1026 3471 sexta
1049 3410 1312 3481 synodus
1334 3407 1675 3478 reprobata,
1699 3414 1752 3462 et
1771 3421 2025 3463 canones
2057 3409 2206 3476 ejus.

634 3505 820 3577 Hujus
843 3499 1210 3560 Constantini
1256 3498 1368 3566 (39)
1415 3495 1572 3550 ﬁlius
1623 3495 2008 3564 Justinianus,
2072 3495 2208 3551 Rhi-

560 3599 862 3652 notmetus
883 3589 1149 3653 nomine,
1175 3591 1308 3659 post
1359 3584 1589 3656 obitum
1653 3583 1841 3653 patris
1900 3585 2012 3652 sui,
2071 3601 2206 3639 cum

561 3684 919 3757 suscepisset
942 3677 1155 3752 sceptri
1225 3672 1662 3739 moderamina,
1717 3673 1780 3727 in
1834 3671 2105 3728 fraudem
2155 3678 2209 3728 et

560 3775 846 3848 injuriam
875 3767 1214 3844 apostolica:
1265 3763 1424 3819 sedis
1480 3761 1784 3833 synodum
1828 3763 2211 3831 congregavit

558 3866 622 3923 in
644 3859 839 3921 Trullo
879 3857 1078 3935 palatii
1135 3855 1248 3922 sui,
1299 3857 1356 3908 et
1401 3851 1726 3923 appellavit
1767 3867 1902 3905 eam
1947 3851 2210 3908 similiter

559 3959 790 4013 sextam
806 3949 1285 4025 synodum,quae
1298 3957 1419 3996 non
1449 3945 1676 4007 sancta,
1703 3940 1808 3995 sed
1830 3941 2210 3996 exsecrabilis

558 4051 650 4103 est
673 4041 962 4100 dicenda:
997 4052 1136 4092 cum
1163 4033 1318 4089 clam
1343 4029 1621 4103 pontiﬁce
1653 4032 1924 4084 Romano
1957 4031 2034 4084 ad
2069 4047 2206 4085 con-

556 4133 1005 4192 demnationem
1037 4127 1255 4181 sancta:
1285 4121 1387 4176 Dei
1421 4119 1761 4175 Latinorum
1796 4119 2086 4183 Ecclesiae,
2111 4136 2205 4175 ca-

554 4239 747 4281 nones
801 4220 1115 4276 ediderunt
1155 4217 1396 4269 centum
1443 4223 1699 4264 numero
1750 4225 1886 4263 cum
1940 4209 2198 4264 duobus.

553 4312 959 4368 Adversantur
982 4311 1181 4361 autem
1201 4303 1423 4356 sanctae
1449 4298 1546 4354 Dei
1586 4300 1869 4353 Romanae
1912 4298 2199 4366 Ecclesiae,

553 4399 856 4474 praecipue
887 4394 1112 4456 tertius,
1141 4389 1431 4451 decimus,
1467 4385 1819 4454 tricesimus,
1867 4386 2201 4474 quadrage-
2232 4421 2274 4473 Β

552 4473 742 4544 simus
771 4484 1034 4557 quintus,
1066 4487 1123 4535 et
1163 4475 1698 4550 quinquagesimus
1755 4473 2054 4528 secundus
2107 4489 2198 4530 ca-

549 4592 774 4636 nones:
807 4571 912 4645 qui
940 4571 1098 4626 infra
1124 4568 1186 4622 in
1213 4563 1648 4636 objectionibus
1677 4562 2018 4618 Graecorum
2060 4564 2197 4619 sub-

544 4669 853 4725 notantur.

615 4759 702 4814 De
715 4755 966 4825 septima
991 4746 1237 4821 synodo,
1260 4745 1511 4801 Nicwna
1535 4741 1813 4808 secunda,
1838 4741 2124 4798 adversus

1149 4831 1587 4890 Iconomachos.

611 4935 1128 5008 Septimaquoque
1139 4918 1529 4993 fuitsynodus
1541 4917 1766 4981 Nicaeae,
1789 4915 1893 5008 ubi
1916 4916 2190 5008 etprima

536 5006 810 5086 omnium
869 5021 977 5076 fuit
1027 5014 1348 5079 celebrata,
1400 5017 1672 5079 tempore
1719 5006 1964 5062 Adriani
2011 5022 2187 5079 papae

532 5113 809 5172 Romani.
843 5103 1266 5165 Constantinus
1288 5111 1553 5168 namque
1582 5111 1722 5150 cum
1759 5095 1976 5151 Helena
1997 5101 2188 5151 matre

533 5219 645 5259 sua
661 5217 799 5258 cum
811 5198 1032 5271 pariter
1043 5190 1373 5264 apiissimis
1385 5185 1896 5259 praedecessorum
1916 5184 2075 5240 scitis
2086 5183 2186 5239 de-

527 5293 711 5348 viaret
753 5284 1107 5344 Nasimutiti
1145 5275 1461 5336 Justiniani
1507 5274 1897 5346 pertinaciam
1938 5280 2180 5328 secutus

526 5384 638 5438 est.
671 5380 1094 5434 Verumtamen
1125 5369 1202 5426 ad
1230 5380 1540 5423 sacrarum
1580 5363 1938 5419 memoriam
1967 5363 2178 5433 imagi-

2324 1810 2415 1860 est.
2443 1806 2501 1860 in
2531 1807 2670 1878 ipsa
2700 1810 2847 1864 urbe
2873 1813 3085 1866 Roma.

2398 1895 2461 1949 Hi
2487 1911 2698 1952 omnes
2735 1901 3080 1970 congregati
3139 1908 3280 1958 sunt
3326 1909 3535 1960 contra
3576 1905 3967 1979 εἰκονομάχσυς,

2323 1983 2384 2039 id
2417 1989 2524 2052 est,
2556 1987 3231 2059 contraimpugnatores
3256 1991 3614 2062 imaginum,
3645 1994 3972 2064 ﬁgurarum

2327 2073 2557 2140 Christi,
2592 2076 2784 2130 crucis
2810 2081 2868 2131 et
2893 2076 3084 2133 beatae
3119 2080 3311 2139 Mariae
3335 2081 3606 2150 Virginis,
3626 2087 3683 2138 et
3728 2084 3971 2140 aliorum

2325 2169 2693 2235 sanctorum,
2708 2181 2861 2236 quas
2876 2167 3227 2224 asserebant
3239 2169 3403 2225 nullo
3425 2172 3610 2226 modo
3624 2188 3763 2229 esse
3793 2173 3950 2229 colen
3961 2204 3973 2212 -

2323 2250 2454 2306 das:
2491 2252 2834 2322 ignorantes
2868 2255 3013 2311 tales
3042 2255 3305 2312 infelices
3338 2258 3619 2326 haeretici,
3649 2262 3829 2334 quod
3883 2263 3974 2317 ho-

2323 2355 2453 2402 nor,
2483 2341 2584 2413 qui
2614 2341 2831 2396 talibus
2853 2343 3240 2416 impenditur,
3271 2362 3391 2402 non
3433 2353 3674 2420 propter
3740 2367 3828 2412 se,
3885 2351 3974 2406 sed

2323 2437 2566 2501 propter
2594 2429 2784 2496 illum,
2817 2448 3001 2504 quem
3032 2434 3236 2504 imago
3277 2442 3686 2507 repraesentat,
3749 2440 3973 2496 exhibe-

2323 2524 2438 2575 tur.
2472 2522 2532 2574 Et
2561 2520 2724 2592 quod
2759 2527 3002 2593 propter
3029 2523 3383 2594 hujusmodi
3411 2526 3698 2598 picturas,
3735 2530 3971 2600 antiqua

2321 2612 2376 2663 et
2407 2613 2649 2664 strenua
2677 2609 2835 2665 facta
2883 2618 3230 2668 sanctorum
3282 2614 3614 2684 inﬁguntur
3669 2621 3969 2674 memoriae

2321 2697 2703 2767 simplicium,
2736 2700 2840 2770 qui
2892 2716 2997 2772 per
3043 2702 3370 2773 scripturas
3423 2719 3526 2758 eas
3585 2720 3809 2777 capere
3861 2723 3968 2762 non

2320 2784 2644 2848 sufﬁciunt,
2679 2792 2735 2842 et
2766 2789 3108 2845 successivo
3140 2793 3348 2846 ordine
3373 2794 3867 2851 transmittuntur
3919 2797 3969 2849 in

2319 2881 2614 2946 posteros,
2656 2881 2719 2930 ut
2771 2893 2980 2933 eorum
3040 2879 3282 2949 gloriosi
3344 2881 3628 2954 triumphi
3679 2884 3972 2940 oblivione

2319 2979 2438 3018 non
2468 2963 2801 3027 deleantur,
2827 2965 2938 3022 sed
2970 2984 3107 3024 cum
3136 2971 3298 3026 omni
3331 2971 3548 3042 pietate
3597 2980 3969 3030 venerentur.

2319 3068 2529 3107 eorum
2566 3053 2872 3110 imitentur
2902 3055 3060 3113 facta
3089 3073 3194 3129 per
3251 3059 3594 3132 exemplum
3655 3061 3967 3119 bonorum.

2321 3140 2458 3196 Ideo
2489 3141 2810 3197 barbaram
2845 3149 2901 3198 et
2926 3161 3238 3202 erroneam
3265 3148 3614 3218 opinionem
3651 3151 3966 3207 multorum

2319 3247 2504 3286 sacrae
2539 3232 2853 3304 Scriptura:
2880 3234 3230 3291 testimoniis
3261 3239 3639 3294 confutantes
3674 3239 3756 3296 ab
3789 3239 3968 3296 Eccle-

2320 3321 2406 3375 sia
2428 3320 2908 3390 eliminaverunt,
2937 3330 3226 3395 perpetuo
3257 3327 3642 3382 anathemate
3672 3328 3966 3384 damnan-

2318 3414 2405 3463 tes
2434 3423 2538 3464 eos
2565 3410 2669 3481 qui
2697 3409 2770 3465 de
2802 3418 3014 3467 caetero
3072 3429 3251 3485 super
3300 3415 3416 3470 hoc
3467 3415 3700 3488 aliquid
3761 3423 3968 3473 temere

2318 3503 2692 3554 attentarent.
2764 3500 2864 3554 Hic
2914 3506 3000 3556 est
3053 3506 3221 3558 tenor
3278 3505 3514 3575 septimi
3565 3506 3829 3577 concilii,
3876 3507 3966 3578 qui

2319 3586 2678 3656 supradictis
2706 3586 2962 3642 multum
2994 3604 3329 3660 repugnare
3361 3591 3611 3647 videtur.

2393 3675 2502 3728 Sed
2535 3673 2648 3729 ista
2678 3676 3066 3731 contrarietas
3093 3677 3262 3733 citius
3293 3679 3557 3741 solvitur,
3593 3680 3643 3734 si
3671 3681 3761 3736 rei
3802 3686 3966 3751 gesta:

2318 3768 2555 3834 tempus
2581 3767 2636 3819 et
2665 3764 2813 3818 ordo
2835 3764 3165 3821 videantur.
3225 3770 3447 3824 Revera
3497 3769 3639 3825 dicti
3689 3769 3966 3826 monachi

2320 3850 2511 3906 nuntii
2540 3850 2780 3906 fuerunt
2805 3852 2964 3907 sedis
2992 3854 3357 3924 apostolicae,
3395 3872 3517 3912 non
3541 3861 3604 3911 ut
3666 3859 3964 3929 synodum

2317 3939 2706 4004 celebrarent,
2740 3940 2842 3994 sed
2867 3947 2931 3996 ut
2955 3943 3180 3998 dictum
3208 3944 3633 4015 imperatorem
3690 3963 3769 4002 ex
3813 3951 3966 4019 parte

2318 4045 2488 4099 papae
2517 4045 2654 4084 cum
2699 4028 2905 4084 litteris
2958 4031 3079 4086 suis
3128 4032 3472 4102 diligentius
3517 4043 3862 4105 monerent,
3913 4040 3969 4090 ut

2315 4117 2516 4171 relicto
2546 4133 2742 4172 errore
2775 4134 3083 4174 sacrarum
3111 4121 3468 4192 imaginum,
3497 4139 3619 4194 quo
3647 4133 3799 4180 tunc
3860 4129 3970 4179 tota

2315 4205 2540 4261 Graecia
2577 4207 2794 4262 infecta
2848 4213 2994 4276 erat,
3051 4209 3129 4265 ad
3180 4211 3497 4282 antiquum
3545 4217 3604 4267 et
3650 4213 3967 4284 pristinum

2311 4293 2602 4349 honorem
2623 4295 3008 4352 ecclesiarum
3036 4299 3282 4370 picturae
3313 4299 3788 4372 restituerentur,
3827 4302 3968 4356 sicut

2312 4391 2366 4438 et
2392 4383 2545 4439 fecit.
2578 4389 2834 4457 Accepta
2859 4387 3036 4457 igitur
3062 4389 3377 4444 occasione
3398 4390 3591 4445 dictus
3616 4391 3962 4464 imperator.

2310 4489 2378 4528 ex
2394 4473 2599 4529 litteris
2613 4490 2804 4545 papae,
2825 4477 3546 4550 congregavitseptimum
3571 4480 3962 4536 conciliumin

2307 4564 2439 4634 ipsa
2458 4562 2621 4632 regia
2633 4562 2781 4618 urbe
2793 4563 3095 4636 primitus,
3109 4565 3213 4620 sed
3233 4565 3388 4623 facta
3403 4567 3811 4630 dissensione.
3833 4585 3965 4625 cum

2307 4667 2430 4707 non
2461 4656 2708 4723 possent
2735 4653 3121 4725 concordare,
3156 4654 3649 4712 discesseruntab
3679 4658 3962 4724 invicem,

2305 4740 2410 4813 qui
2442 4745 2868 4796 convenerant.

2377 4831 2589 4885 Verum
2606 4829 2825 4885 detenti
2836 4829 3077 4887 fuerunt
3101 4833 3161 4887 in
3173 4832 3387 4889 eadem
3421 4834 3566 4891 urbe
3583 4851 3690 4908 per
3731 4852 3960 4892 annum

2300 4917 2621 4988 integrum,
2655 4923 2710 4973 ct
2728 4919 2811 4974 sic
2823 4922 3210 4991 postmodum
3218 4922 3390 4992 jussu
3412 4923 3553 4980 dicti
3581 4925 3960 4996 imperatoris

2300 5013 2725 5063 convenerunt.
2759 5010 2861 5064 Cui
2894 5009 3146 5066 concilio
3183 5012 3549 5084 praefuerunt
3573 5014 3718 5070 dicti
3769 5015 3957 5070 nuntii

2299 5112 2498 5168 papae,
2528 5102 2584 5152 et
2638 5096 2957 5152 Tharasius
3016 5100 3380 5170 patriarcha,
3434 5118 3618 5174 quem
3676 5109 3956 5159 sanctum

2295 5185 2632 5252 nominant,
2664 5190 2720 5240 et
2747 5185 2847 5241 alii
2876 5187 3103 5258 praelati
3131 5205 3317 5260 supra
3349 5192 3660 5248 nominati.
3717 5195 3871 5250 Pace
3902 5194 3955 5248 in

2292 5273 2567 5330 Ecclesiis
2601 5275 2894 5345 peristum
2915 5276 3165 5333 modum
3191 5280 3480 5345 restituta,
3505 5281 3721 5348 retulit,
3753 5289 3822 5339 ut
3835 5300 3955 5338 mos

2292 5369 2436 5431 erat,
2482 5363 2801 5419 Tharasius
2855 5366 3198 5436 patriarcha
3249 5369 3954 5443 Constantinopolitanus

592 5523 707 5595 (39)
742 5514 1048 5595 Pogonati.
1082 5510 1223 5595 Vide
1257 5516 1468 5595 Ba‘roin,
1488 5505 1918 5595 tom‘Llll—Eccl.
1950 5505 2161 5562 Histor.
2199 5521 2363 5562 anno
2399 5503 2613 5560 Christi
2647 5508 2767 5560 680.

589 5577 704 5670 (40)
741 5577 1058 5662 Pereram
1090 5582 1184 5638 isti
1217 5578 1573 5636 sentiebant.
1610 5577 1799 5632 Srsw.
