4020 6310
71 244 148 303 557
1432 232 1709 317 CONTRA
1747 228 2060 317 caecos.
2424 270 2429 273 ι
3343 238 3452 313 338

66 374 219 433 totum
238 383 592 440 processum
614 380 855 421 summo
877 362 1162 435 pontiﬁci,
1186 366 1250 418 ut
1269 362 1353 419 sic
1386 360 1501 417 tale
1545 374 1683 414 con-
1793 358 2014 445 tiochia
2068 363 2271 445 Syriae,
2337 361 2607 445 tempore
2661 368 3037 424 Constantini
3068 369 3445 444 [Constantii]

68 460 358 515 cilinmsua
407 457 758 511 auctoritate
807 447 1284 509 conﬁrmaretur.
1328 454 1477 509 Nam
1526 447 1685 503 colli-
1795 447 2100 520 principis,
2162 452 2262 507 lilii
2324 454 2691 510 Constantini
2743 458 2954 527 Magni,
3021 475 3157 531 quae
3244 458 3452 531 Viginti

70 556 249 615 guntur
265 552 493 616 septem
509 542 1140 614 conciliainlibro,qu1
1164 543 1551 599 Nomocanon
1577 554 1685 609 ap-
1796 544 2057 592 canones
2079 541 2513 600 ecclesiasticos
2537 544 2957 617 promulgavit.
2989 548 3126 603 Post
3147 548 3322 605 istam
3346 551 3454 606 fuit

70 636 301 708 pellatur.
320 634 473 697 Quid
501 641 699 688 tamen
722 649 881 704 papa
902 630 1296 703 responderit,
1316 645 1436 685 nou
1460 627 1685 683 inveni.
1796 630 1853 680 et
1882 626 1997 682 alia
2029 629 2301 700 synodus
2332 631 2389 686 in
2418 633 2671 699 civitate,
2704 650 2839 707 quae
2866 634 3080 690 dicitur
3103 640 3359 706 Gangra,
3392 638 3455 695 in

1798 715 2537 789 regionel‘aphlagonum.
2571 720 2710 781 Quae
2742 722 2949 791 viginti
2974 724 3241 797 quinque
3277 742 3457 783 cano-

1800 818 1909 858 nes
1942 819 2048 875 pro
2078 805 2388 864 honestate
2420 809 2772 865 clericorum
2804 810 3075 867 edidit‘et
3098 802 3413 871 ordinavit.

123 900 434 956 Dicendum
475 914 741 972 quoque,
785 903 1001 970 praeter
1021 897 1166 953 istas
1193 902 1422 969 septem
1448 895 1691 950 univer-
1872 893 1999 949 Alia
2046 894 2153 950 fuit
2182 896 2240 951 in
2301 897 2555 967 civitate,
2616 915 2751 972 quae
2809 899 3009 957 Sardis
3058 901 3450 975 dicitur'(4t),

71 984 193 1045 sales
217 987 511 1061 synodos,
536 988 712 1043 fuitet
734 987 1003 1054 unaalia,
1029 985 1381 1041 universalis
1420 982 1688 1057 quidem,
1800 988 2044 1055 propter
2079 986 2496 1043 Constantium
2529 988 2978 1060 imperatorem,
3008 990 3198 1046 ﬁlium
3248 993 3457 1062 magni

72 1081 147 1134 sed
164 1079 299 1151 quia
315 1093 440 1132 non
462 1077 588 1148 agit
608 1075 682 1131 de
698 1075 963 1131 articulis
984 1075 1142 1141 ﬁdei,
1185 1090 1308 1130 non
1344 1074 1589 1148 ponitur
1630 1071 1691 1126 in
1802 1072 2190 1137 Constantini,
2219 1073 2321 1146 qui
2353 1074 2675 1131 declinavit
2702 1076 2761 1131 in
2784 1075 3038 1132 hwresin
3070 1079 3452 1135 Arianorum.

71 1180 287 1221 numero
304 1164 679 1233 generalium
696 1166 1072 1234 synodorum
1094 1162 1172 1217 ab
1195 1161 1458 1234 antiquis
1476 1159 1692 1216 Grmcis
1803 1158 1950 1214 Huic
1980 1160 2157 1215 frater
2189 1179 2333 1217 suus
2364 1162 2725 1236 [Constans].
2754 1166 2857 1237 qui
2888 1166 3182 1235 regnabat
3212 1167 3272 1223 in
3299 1169 3455 1224 occi—

70 1255 149 1308 sed
180 1255 327 1310 inter
347 1253 502 1309 alias
540 1269 673 1325 quae
705 1250 927 1307 locales
976 1251 1386 1307 nominantur.
1429 1241 1696 1305 Moderni
1803 1247 2000 1315 dente,
2034 1248 2111 1304 ad
2137 1250 2526 1307 monitionem
2553 1268 2748 1325 papae,
2775 1250 2933 1309 misit
2958 1254 3181 1311 litteras
3208 1258 3460 1313 commi-

71 1341 767 1411 veroCraeci,schismatici
792 1356 931 1396 cum
952 1340 1090 1403 sint,
1116 1340 1193 1396 ab
1235 1339 1401 1395 omni
1442 1356 1694 1395 numero
1804 1337 2089 1404 natorias,
2121 1336 2359 1406 scilicet,
2391 1339 2555 1411 quod
2590 1349 2884 1412 pugnaret
2913 1348 3121 1399 contra
3149 1360 3311 1411 eum,
3344 1346 3459 1401 nisi

72 1432 199 1487 illam
220 1432 624 1492 excluserunt,
640 1420 932 1485 etnomen
968 1430 1098 1499 ejus
1146 1429 1353 1484 audire
1382 1418 1693 1484 'subticue—
1806 1440 1842 1479 a
1863 1424 2021 1479 dicto
2047 1442 2243 1482 errore
2265 1427 2592 1485 desisteret.
2613 1428 2876 1486 Tandem
2901 1432 2973 1486 de
3031 1433 3336 1507 utriusque
3357 1451 3459 1491 vo-

72 1527 268 1582 runLeo
313 1519 486 1593 quod
536 1535 745 1575 eorum
804 1518 1144 1591 patriarcha
1205 1518 1467 1587 Photius,
1516 1518 1699 1599 haere-
1804 1512 2033 1568 luntate
2079 1513 2317 1585 exstitit,
2348 1521 2412 1570 ut
2457 1517 2727 1590 synodus
2756 1522 3295 1590 congregareturin
3321 1538 3463 1597 par-

76 1610 299 1674 siarcha,
322 1608 437 1663 fuit
479 1609 538 1663 in
571 1607 703 1680 ipsa
750 1606 1038 1677 dignitate
1089 1602 1471 1678 patriarchali
1508 1622 1698 1683 quam
1810 1603 1971 1657 tibus
2003 1604 2272 1669 Orientis,
2306 1612 2361 1661 et
2385 1607 2681 1679 quidquid
2714 1612 2911 1664 Patres
2945 1626 3127 1683 super
3150 1610 3265 1667 hoc
3320 1606 3463 1667 deﬁ-

74 1698 384 1769 Sihiinjuste
407 1697 1381 1770 usurpaverat,nuperdepositus.
1414 1697 1703 1752 Etbeatus
1743 1710 1782 1763 Β
1813 1691 2024 1754 nirent.
2071 1710 2279 1748 eorum
2346 1700 2571 1751 starent
2624 1697 2871 1753 consilio
2925 1702 2983 1754 et
3028 1686 3351 1756 Sententiae.
3399 1698 3466 1771 Et

78 1788 321 1856 lgnatius,
345 1788 453 1859 qui
470 1786 668 1842 studio
690 1786 830 1841 dicti
850 1785 1032 1840 Photii
1055 1784 1269 1841 adicta
1307 1786 1447 1840 sede
1485 1785 1703 1857 injuste
1813 1798 1950 1837 cum
1969 1783 2193 1838 factum
2212 1789 2386 1850 esset,
2404 1784 2975 1858 deﬁnivitprasdicta
3010 1784 3281 1861 synodus
3337 1792 3465 1847 Sar-

78 1878 322 1947 expulsus
346 1874 564 1938 fuerat.
583 1875 911 1931 honoriﬁce
933 1875 1260 1931 restitutus.
1284 1876 1549 1931 Testatur
1590 1876 1704 1931 hoc
1813 1871 1973 1937 dica,
1992 1869 2352 1944 Symbolum
2368 1873 2675 1929 Nicaenum
2699 1892 2936 1931 summe
2949 1893 3081 1932 esse
3099 1878 3427 1935 tenendum
3449 1896 3463 1933 :

81 1964 389 2021 Chronicon
409 1966 656 2021 nomine
680 1963 1103 2036 Paphlagonis,
1144 1964 1203 2019 in
1251 1980 1375 2037 quo
1423 1980 1575 2038 pene
1620 1948 1704 2019 iril
1814 1959 2045 2014 addens
2078 1958 2287 2029 viginti
2329 1975 2519 2016 unum
2562 1976 2825 2018 canones
2854 1962 2933 2017 ad
2959 1962 3295 2020 doctrinam
3326 1964 3467 2021 ﬁdei

81 2054 252 2110 audita
276 2062 639 2110 enarrantur
663 2053 736 2107 de
761 2053 969 2109 Photio
992 2053 1364 2109 exsecranda
1408 2042 1706 2110 maleﬁcia
1814 2049 2195 2120 pertinentes.

429 779 513 832 De
525 775 768 846 synodi:
797 774 1297 844 particulambus.

82 2143 796 2216 indamnationemipsius.
827 2143 1417 2200 Fluxeruntautema
1454 2144 1708 2219 septima
1818 2142 1823 2153 '
1885 2136 2158 2193 Similiter
2198 2138 2259 2193 in
2313 2138 2608 2195 Laodicea
2657 2140 2972 2212 metropoli
3011 2140 3295 2214 quaedam
3352 2143 3472 2200 alia.

87 2228 830 2306 universalisynmiousque
857 2231 933 2286 ad
952 2233 1125 2287 istam
1138 2226 1596 2301 octavam,anni
1615 2249 1712 2289 oc-
1817 2226 1926 2282 fuit
1954 2226 2249 2309 synodus,
2279 2243 2415 2300 quae
2446 2232 2514 2282 59
2538 2243 2800 2284 canones
2830 2230 3250 2311 promulgavit.

88 2324 280 2389 tog‘nta
295 2322 445 2392 duo;
462 2321 539 2376 ab
554 2316 766 2376 eadem
789 2327 992 2376 autem
1007 2327 1175 2375 sexta
1201 2323 1443 2376 trecenti
1459 2328 1706 2394 septem.
1890 2316 2024 2371 Post
2078 2314 2236 2370 hanc
2280 2328 2422 2371 vero
2465 2321 2827 2387 congregata
2871 2324 2960 2374 est
2992 2318 3257 2376 secunda
3278 2325 3333 2376 et
3348 2323 3476 2377 uni-

144 2412 539 2467 Particulares.
592 2402 711 2466 sive
776 2406 996 2466 locales
1067 2409 1284 2482 synodi
1325 2400 1386 2467 in
1433 2411 1711 2483 partibus
1820 2404 2064 2460 versatis
2086 2404 2375 2477 synodus,
2406 2420 2542 2479 qua:
2561 2407 3218 2480 Constantinopolitana
3238 2408 3472 2480 dicitur,

92 2499 309 2554 Orientis
346 2499 592 2554 fuerunt
639 2496 783 2553 istae:
906 2488 915 2497 ’

1890 2498 2031 2549 κοῖνα
2044 2493 2476 2563 Macedonium,
2492 2493 2753 2566 praefatae
2802 2495 2970 2551 urbis
2989 2498 3477 2571 episcopum,sic-

145 2587 321 2643 Prima
340 2588 452 2643 fuit
472 2582 772 2643 celebrata
802 2584 863 2641 in
910 2587 1226 2643 Antiochia
1283 2587 1535 2653 Pisidiae,
1568 2593 1712 2644 tem-
1825 2588 1885 2639 ut
1916 2598 2101 2655 supra
2132 2580 2382 2638 fecimus
2405 2583 2791 2646 mentionem,
2825 2584 2926 2657 qui
2957 2589 3165 2642 contra
3195 2586 3478 2660 Spiritum

91 2690 207 2745 pore
229 2676 1173 2755 Aurelianiimperatoris,contra
1210 2676 1466 2732 Paulum
1506 2677 1714 2734 Samo-
1825 2678 2100 2727 sanctum
2145 2670 2327 2755 impie
2356 2670 2822 2755 blasphemavit.
2872 2674 2986 2730 Sed
3039 2689 3306 2731 canones
3354 2662 3480 2732 non

92 2769 377 2838 satensem,
400 2767 504 2838 qui
525 2765 757 2838 primus
777 2780 962 2819 ausus
984 2768 1072 2820 est
1093 2754 1513 2837 blasphemare
1560 2767 1717 2822 Chri-
1826 2760 2013 2817 edidit
2046 2752 2159 2816 nisi
2187 2752 2476 2834 quinque.

91 2836 852 2913 stum'Dominumnostrum
879 2852 1085 2908 Filium
1112 2836 1457 2921 Dei,ﬁdicens
1494 2842 1719 2927 purum
1900 2850 2062 2905 lianc
2114 2855 2316 2905 secuta
2367 2853 2459 2905 est
2513 2850 2684 2906 tertia
2737 2852 3056 2920 generalis,
3110 2853 3172 2908 in
3243 2853 3481 2910 civitate

90 2943 392 2999 eumtuisse
436 2942 1261 3014 hominem;sedpergratiam
1275 2934 1720 3015 fuisseinsigni-
1827 2939 2059 3009 Epheso
2088 2934 2403 3003 celebrata,
2435 2944 2644 2994 contra
2674 2938 2927 3011 impium
2949 2941 3304 3011 Nestorium,
3331 2940 3483 2998 sicut

91 3035 191 3085 tum
207 3036 261 3087 et
279 3031 697 3087 sublimatum.
724 3030 895 3096 Quod
914 3030 1226 3086 audientes
1254 3031 1485 3104 praelati
1533 3032 1723 3088 Eccle—
1752 3057 1794 3112 ρ
1829 3024 2081 3112 habetur
2110 3042 2310 3098 supra.
2340 3026 2528 3112 Cujus
2558 3042 2821 3082 canones
2850 3026 3090 3083 fuerunt
3118 3045 3244 3086 sex.

90 3113 748 3187 siarum,confluxerunt
763 3118 1025 3191 undique
1038 3118 1369 3191 complures
1390 3121 1467 3177 ad
1498 3120 1721 3178 dictam
1744 3108 1793 3157 Τ
1900 3110 2035 3171 Post
2063 3115 2239 3170 istam
2266 3108 2408 3171 vero
2444 3112 2554 3170 fuit
2580 3115 2752 3172 tertia
2780 3116 2841 3171 in
2873 3114 3020 3172 urbe
3069 3119 3479 3176 Constantino-

90 3210 380 3277 civitatem,
419 3208 726 3264 obviantes
771 3209 953 3263 errori
983 3224 1165 3273 novo,
1190 3213 1246 3264 et
1305 3200 1580 3281 primitus
1618 3227 1723 3282 ‘ex-
1831 3198 2327 3276 politana'contra
2356 3204 2681 3276 Eutychen,
2707 3202 2811 3260 sed
2832 3200 3480 3277 particularisiz'nullos

92 3303 215 3353 orto.
236 3294 475 3354 Praefuit
492 3305 694 3353 autem
715 3296 807 3350 isti
842 3292 1240 3368 synOdotnnc
1280 3292 1566 3369 temporis
1612 3302 1722 3371 Hy-
1827 3297 2027 3349 tamen
2059 3306 2323 3348 canones
2347 3289 2551 3356 edidit,
2585 3288 2693 3347 nec
2723 3292 3035 3350 habentur.
3276 3288 3281 3293 ’

98 3403 339 3443 menaeus
392 3382 950 3459 Hierosolymorum
1019 3386 1435 3459 episcopus,et
1506 3386 1721 3444 beatus
1902 3378 2123 3437 Deinde
2151 3384 2356 3437 secuta
2378 3383 2466 3436 est
2493 3379 2614 3446 illa,
2643 3396 2778 3452 quae
2799 3384 2860 3436 in
2906 3380 3281 3441 Chalcedone
3329 3384 3477 3443 urbe

95 3472 387 3546 Gregorius
408 3477 807 3531 Neocmsarem
820 3472 1346 3549 Cappadociae,qui
1368 3462 1721 3547 agnomina-
1828 3488 1864 3529 a
1894 3469 2186 3538 sexcentis
2221 3466 2460 3541 triginta
2483 3468 2759 3526 Patribus
2776 3471 2995 3527 sanctis
3016 3466 3312 3530 celebrata
3336 3472 3468 3535 fuit.

95 3569 171 3618 tur
186 3562 750 3634 Thaumaturgus,id
769 3569 877 3623 est.
916 3563 1291 3645 Amiriﬁcus,et
1315 3548 1718 3638 alii,quiPau-
1828 3558 2011 3630 Cujus
2036 3574 2300 3614 canones
2331 3562 2472 3614 sunt
2497 3556 2699 3627 viginti
2725 3559 3012 3645 quinque.

94 3652 196 3709 tum
220 3652 525 3710 communi
540 3644 1209 3724 sententiadeponentes
1224 3650 1305 3710 ab
1320 3654 1573 3710 Ecclesia
1600 3656 1717 3727 eje-
1899 3647 2026 3704 Fuit
2049 3652 2104 3703 et
2115 3646 2241 3721 alia
2257 3647 2528 3720 synodus
2546 3644 3190 3721 Contantinopolitana,
3214 3651 3473 3724 particu—

95 3749 291 3799 cerunt.
318 3745 527 3799 Utrum
549 3756 690 3796 vero
713 3739 963 3797 ediderit
983 3756 1408 3807 canones,non
1437 3743 1714 3802 habetur.
1820 3736 1964 3794 laris
1990 3741 2191 3792 tamen
2220 3741 2427 3792 contra
2462 3736 2766 3791 Severum.
2788 3737 3139 3793 Anastasius
3175 3736 3472 3811 siquidem

150 3831 276 3888 Post
316 3832 496 3888 istam
538 3830 883 3886 immediate
905 3828 1015 3885 fuit
1063 3830 1332 3887 secunda
1360 3831 1419 3887 in
1455 3831 1712 3902 civitate,
1822 3827 2171 3898 imperator,
2197 3823 2510 3879 declinans
2535 3824 2596 3879 in
2624 3824 2896 3880 haeresim
2926 3826 3285 3898 Eutychetis,
3323 3826 3471 3882 mul-

92 3932 204 3989 qua:
223 3919 438 3977 dicitur
459 3918 1106 3990 Anguria[Ancyra];in
1122 3919 1433 3991 provincia
1447 3921 1711 3992 Galatiae,
1822 3922 1912 3971 tos
1941 3920 1996 3970 et
2027 3928 2279 3986 magnos
2302 3912 2581 3984 praelatos
2629 3912 2801 3983 ejecit
2823 3912 2898 3969 de
2925 3912 3071 3969 locis
3101 3915 3247 3981 suis,
3287 3916 3472 3972 susci—

90 4009 163 4061 cui
183 4010 414 4080 prrefuit
435 4000 1303 4080 Jutellius[Vitalis]AntiOchite
1333 4010 1516 4082 Syrius.
1561 4028 1710 4085 prae-
1822 4011 1954 4060 tans
1968 4018 2074 4075 per
2094 4002 2440 4058 universum
2462 4001 2776 4072 imperium
2792 4018 2967 4057 suum
2986 3996 3468 4089 persecutionem

92 4096 179 4161 sul,
200 4097 617 4169 etAgricolaus
641 4100 922 4153 Caesarem
946 4098 1359 4171 Cappadociae.
1413 4090 1712 4157 Convene-
1819 4094 2112 4149 universae
2140 4090 2410 4146 Ecclesiae
2442 4089 2677 4146 Christi.
2737 4090 2902 4146 Unde
2932 4107 3071 4148 cum
3103 4093 3472 4164 praestitisset

92 4186 489 4259 runtpraedicti
511 4189 732 4253 Patres,
751 4178 991 4241 e'tmulti
1013 4202 1147 4241 cum
1164 4184 1248 4241 eis
1272 4187 1329 4242 in
1378 4187 1537 4244 dicto
1579 4189 1712 4248 loco
1820 4181 2087 4237 favorem
2125 4181 2340 4235 ΒενθΓο
2370 4178 2671 4246 Πωΐθῐίοο,
2706 4182 2768 4235 ut
2788 4177 2953 4235 ﬁeret
2980 4182 3326 4253 Patriamha
3371 4184 3469 4238 Ec-

90 4284 303 4347 prOpter
337 4274 665 4349 quosdam,
715 4274 817 4346 qui
867 4279 1134 4347 tempore
1182 4271 1613 4348 persecutionis
1652 4280 1714 4335 in
1821 4269 2014 4327 etesiae
2071 4267 2431 4324 Antochenae
2459 4268 2584 4323 sine
2624 4267 2788 4324 irrita
2844 4267 3130 4326 electione
3170 4268 3466 4338 Flaviani,

94 4362 341 4431 Ecclesia,
362 4369 608 4437 propter
631 4363 817 4419 nimia
833 4368 1131 4420 tormenta
1151 4371 1520 4433 negaverunt
1555 4368 1713 4423 Chri-
1744 4393 1790 4449 υ
1821 4375 2004 4433 quem
2025 4372 2286 4415 canones
2298 4355 3019 4449 advocabant-martyrem
3042 4360 3154 4430 (42)
3181 4378 3192 4427 ;
3217 4359 3472 4416 scanda-

94 4455 247 4508 stum:
269 4454 421 4509 scire
440 4453 726 4522 volentes,
752 4456 950 4508 utrum
972 4451 1119 4508 tales
1149 4454 1471 4526 recipiendi
1521 4462 1719 4514 essent
1745 4445 1779 4449 ⁷
1821 4449 1914 4516 lis,
1942 4453 1999 4505 et
2028 4445 2565 4525 persecutionibum
2601 4450 2659 4501 et
2686 4445 3025 4507 homicidiis
3054 4448 3324 4522 implevit
3372 4451 3471 4506 Ec-

96 4531 159 4585 ad
174 4534 353 4590 ﬁdem
390 4533 465 4589 de
495 4536 730 4602 caetero,
762 4538 819 4587 et
865 4532 1175 4604 quomodo
1213 4541 1412 4590 essent
1454 4538 1717 4593 reconci-
1824 4539 2070 4596 elesiam
2101 4535 2312 4591 Christi
2342 4534 2662 4607 praedictus
2687 4536 2982 4592 Severus:
3010 4538 3091 4593 ita
3139 4544 3200 4594 ut
3228 4544 3472 4596 Anasta-

95 4617 272 4678 liandi.
297 4621 487 4690 Unde,
510 4621 902 4694 inquisitione
940 4618 1117 4687 facta,
1140 4622 1501 4680 deﬁnierunt
1530 4625 1719 4683 multa
1825 4622 1949 4683 sius
1980 4626 2107 4698 ipse
2137 4627 2438 4697 protector
2467 4639 2613 4679 suus
2645 4628 2701 4680 et
2729 4622 2940 4683 fautor.
2976 4642 3084 4698 per
3110 4626 3333 4683 litteras
3358 4627 3473 4700 ipsi

98 4724 253 4780 super
292 4712 430 4777 hoc,
462 4715 521 4766 et
554 4710 819 4766 fecerunt
865 4709 1129 4765 canones
1174 4710 1381 4781 viginti
1428 4712 1715 4787 quinque.
1825 4714 2310 4779 comminaretur,
2342 4712 2509 4785 quod
2538 4711 2651 4767 nisi
2681 4712 2989 4770 desisteret
3025 4731 3060 4770 a
3087 4715 3187 4770 tali
3216 4716 3472 4782 insania,

156 4800 269 4856 t-‘uit
286 4808 343 4858 et
362 4801 531 4857 tertia
566 4799 839 4872 synodus
872 4807 1307 4872 consequenter
1347 4807 1483 4874 post
1529 4802 1716 4873 illam,
1826 4820 1965 4862 eum
1987 4805 2065 4860 ab
2088 4803 2316 4859 honore
2336 4800 2776 4874 patriarchatus
2797 4802 3140 4875 deponeret.
3167 4806 3295 4869 Quo
3321 4807 3474 4858 Ana-

99 4888 209 4944 etin
261 4893 648 4947 Neocaesarea
696 4888 881 4944 Ponti:
933 4902 1070 4960 quae
1125 4888 1394 4946 similiter
1457 4908 1719 4950 canones
1828 4894 2011 4951 stasio
2040 4891 2341 4961 defuncto,
2367 4890 2627 4962 suscepit
2651 4890 2914 4947 Justinus
2934 4890 3118 4947 homo
3146 4889 3474 4946 catholicus

102 4974 264 5034 edidit
280 4977 758 5051 quatuordecim.
876 4976 879 4979 ’
967 5045 974 5052 ε
1827 4979 2398 5055 sceptrumimperii.
2428 4979 2597 5045 Quod
2616 4977 2833 5034 timens
2860 4985 2915 5035 et
2940 4979 3146 5034 videns
3197 4981 3473 5049 Severus,

188 5068 341 5124 Hanc
385 5073 593 5124 secuta
613 5070 699 5123 est
745 5066 943 5139 prima
989 5066 1356 5136 generalium
1378 5067 1440 5125 in
1483 5069 1720 5128 civitate
1826 5068 2154 5128 voluntarie
2183 5067 2359 5124 cessit
2385 5067 2620 5133 honori,
2651 5065 2901 5123 latenter
2926 5066 3133 5137 fugam
3164 5067 3376 5131 iniens,
3423 5072 3480 5123 et

100 5154 287 5228 Niema,
355 5163 534 5213 conta
611 5156 838 5218 Arium,
872 5159 938 5211 ut
1006 5156 1280 5228 superius
1366 5173 1719 5232 expressum
1827 5173 2083 5234 pergens
2102 5155 2520 5214 Alexandriam
2545 5154 2620 5210 ad
2650 5170 2793 5210 suos
2826 5153 3171 5226 complices.
3208 5158 3479 5229 Cumque

103 5249 191 5309 est,
219 5248 388 5318 cujus
412 5260 676 5303 canones
706 5249 845 5300 sunt
888 5245 1116 5315 viginti.
1608 5308 1611 5311 _
1827 5248 2053 5305 ibidem
2078 5247 2139 5301 in
2152 5244 2502 5318 praedictum
2524 5259 2787 5299 errorem
2810 5243 3100 5314 plurimos
3123 5242 3481 5314 induxisset,

163 5332 279 5390 Alia
308 5336 578 5408 synodus
603 5332 903 5390 celebrata
940 5332 1049 5390 fuit
1090 5335 1475 5407 postmodum
1521 5338 1580 5393 in
1611 5342 1721 5394 An-
1832 5335 2200 5394 Justinianus
2230 5333 2577 5405 imperator,
2607 5334 2712 5403 qui
2753 5331 3037 5403 praedicto
3075 5335 3308 5391 Iustino
3353 5350 3485 5392 suc-

295 5459 574 5588 modus
596 5458 711 5586 ista
738 5462 824 5514 est
847 5458 1220 5527 universalis,
1250 5459 1488 5516 tametsi
1518 5460 1770 5518 Nicaeum
1800 5458 2019 5536 synodi
2043 5456 2349 5531 appendix
2371 5453 2656 5528 quaedam
2686 5454 2918 5512 censeri
2952 5454 3162 5521 soleat.

417 5548 489 5588 us
510 5545 655 5587 men
699 5544 868 5592 osus.
1732 5562 1733 5565 η

417 5548 489 5588 IIS
510 5544 868 5592 mendosus.
1732 5562 1733 5565 ‘
