4020 6310
580 327 683 383 559

581 540 812 612 patriae,
843 535 1193 607 congregari
1233 533 1539 607 synodum
1591 533 1756 606 petiit
1782 533 1845 590 in
1901 533 2050 590 urbe
2080 535 2229 591 Con-

580 626 1132 699 stantinopolitana.
1170 623 1392 680 Eodem
1414 627 1681 696 tempore
1708 639 1870 695 papa
1899 627 2224 694 Agapetus,

580 721 822 789 propter
842 713 1338 788 persecutionem,
1355 727 1492 784 quae
1515 716 1701 767 totam
1723 711 1951 768 Italiam
1973 727 2227 783 occupa-

578 810 764 872 verat,
798 819 935 859 cum
964 801 1168 858 multis
1199 801 1428 856 clericis
1455 805 1511 856 et
1537 800 1837 872 episcopis
1888 800 2052 856 venit
2080 803 2224 856 Con-

577 892 1049 965 stantinopolim.
1096 891 1282 962 Hujus
1330 894 1534 946 autem
1585 890 1898 946 autoritate
1925 890 2084 945 dicta
2129 905 2224 961 sy-

575 983 776 1040 nodus
802 980 1232 1037 condemnavit
1281 978 1541 1051 impium
1590 980 1874 1036 Severum
1913 984 1970 1034 et
2010 994 2223 1034 omnes

571 1073 702 1142 ejus
730 1071 973 1127 similes.
1000 1073 1150 1126 Nam
1175 1068 1575 1130 Anthemium,
1599 1067 1893 1140 prefectae
1915 1067 2080 1122 urbis
2099 1067 2219 1139 epi-

572 1176 845 1234 scopum.
879 1158 1234 1228 complicem
1263 1145 1480 1226 Severi,
1511 1157 1614 1228 qui
1646 1161 1852 1212 contra
1875 1156 2015 1226 jura
2038 1171 2221 1211 cano-

567 1267 715 1306 num
747 1250 920 1306 dictae
961 1247 1213 1304 civitatis
1271 1251 1674 1318 occupaverat
1726 1245 1953 1315 sedem,
2006 1245 2221 1300 beatus

567 1355 726 1412 papa
743 1341 1046 1410 Agapetus
1059 1336 1138 1392 ab
1153 1335 1382 1392 honore
1400 1333 1677 1407 deposuit
1691 1339 1746 1390 et
1775 1333 2218 1390 condemnavit.

636 1429 774 1484 Post
791 1427 956 1482 illam
979 1425 1085 1480 fuit
1105 1424 1204 1480 illa
1219 1423 1431 1496 quinta
1449 1422 1722 1495 synodus
1741 1421 2058 1492 generalis,
2081 1438 2218 1494 quae

557 1515 668 1576 fuit
692 1514 770 1570 ab
794 1512 1130 1570 Justiniano
1147 1511 1433 1582 principe,
1458 1516 1666 1566 contra
1681 1510 1996 1580 Origenem
2015 1515 2072 1566 et
2094 1509 2218 1566 the-

559 1604 818 1660 odorum
850 1599 1246 1674 Mopsuestias,
1278 1603 1337 1655 et
1367 1598 1628 1670 reliquos
1676 1599 2011 1668 haereticos,
2042 1603 2222 1671 prout

561 1691 840 1764 superius
865 1690 1116 1746 fecimus
1137 1687 1506 1745 mentionem
1529 1707 1543 1745 :
1566 1705 1702 1761 quae
1724 1689 1936 1746 habuit
1954 1703 2218 1746 canones

554 1779 766 1850 viginti
793 1779 968 1835 duos.

630 1870 772 1926 Post
818 1870 995 1924 istam
1025 1867 1134 1924 fuit
1183 1871 1352 1924 sexta
1379 1871 1438 1924 et
1482 1867 1757 1939 septima,
1808 1883 1946 1940 quae
2002 1867 2212 1924 ultimo

553 1957 999 2022 describuntur,
1022 1958 1176 2013 inter
1194 1956 1463 2029 quinque
1485 1975 1501 2027 ;
1527 1961 1583 2012 et
1602 1956 1879 2028 superius
1899 1956 2212 2013 nominata

555 2046 686 2105 fuit.
720 2046 1098 2104 Celebratum
1149 2051 1239 2101 est
1285 2043 1434 2100 illud
1495 2045 1971 2101 famosissimum
2010 2045 2211 2100 conci-

554 2136 700 2192 lium
732 2139 866 2208 (43).
890 2136 1178 2192 Plurimos
1207 2149 1475 2191 canones
1498 2133 1704 2202 edidit,
1729 2133 1948 2190 scilicet
1967 2139 2210 2190 centum

552 2226 795 2296 triginta
822 2231 960 2281 tres.

625 2314 738 2370 Sed
769 2319 827 2370 et
882 2314 1127 2370 Photius
1175 2310 1535 2385 patriarcha,
1580 2311 1686 2384 qui
1729 2316 1857 2368 erat
1903 2312 2212 2369 haeresiar-

555 2403 690 2471 cha,
734 2402 857 2458 duo
887 2400 1221 2458 successive
1268 2399 1524 2457 concilia
1573 2399 1895 2457 celebravit
1950 2402 2010 2457 in
2063 2400 2210 2457 urbe

556 2491 1092 2564 Constantinopoli.
1154 2490 1418 2546 Primum
1464 2489 1525 2545 in
1573 2489 1797 2562 templo
1854 2492 2210 2547 Sanctorum

559 2579 984 2654 Apostolorum
1018 2598 1030 2635 :
1065 2578 1383 2652 reliquum,
1411 2579 1507 2634 cui
1551 2579 1827 2650 praebuit,
1873 2584 1938 2634 ut
1981 2579 2206 2650 dicunt,

552 2686 715 2744 papa
735 2672 999 2726 Joannes
1020 2670 1309 2739 favorem,
1341 2669 1404 2724 in
1425 2668 1675 2724 ecclesia
1695 2669 1926 2724 Sanctae
1951 2669 2206 2740 Sophim.

631 2761 751 2814 lsta
779 2758 957 2827 igitur
983 2761 1121 2813 sunt
1168 2756 1418 2814 concilia
1444 2773 1581 2829 qua:
1611 2757 1816 2828 recipit
1869 2758 2210 2812 Griecorum

562 2849 824 2906 Ecclesia
850 2853 907 2904 et
933 2848 1144 2904 retinet
1169 2869 1182 2903 :
1212 2847 1288 2902 de
1317 2861 1579 2919 quorum
1611 2845 1946 2902 canonibus
2001 2847 2209 2902 adver-

561 2956 666 2994 sus
725 2941 1057 2995 Romanam
1103 2936 1427 2994 Ecclesiam
1467 2935 1755 3006 gloriatur
1801 2935 2031 2992 addens
2082 2936 2210 2991 istis

559 3043 824 3085 canones
864 3026 1296 3100 apostolorum,
1325 3041 1480 3098 quos
1510 3041 1545 3081 a
1592 3024 1770 3080 beato
1821 3025 2118 3082 Clemente
2149 3041 2212 3081 se

1810 319 2295 377 PANTALEONIS
2332 318 2616 382 DIACONI
2656 323 2761 380 (ΣΡ.

581 452 862 516 cesserat,
889 450 1102 518 rogatu
1122 444 1544 518 episcoporum
1568 443 2046 501 orthodoxorum
2068 442 2228 500 illius
2259 448 2307 502 Α

3901 325 3992 380 560

2621 463 3027 535 Oppositiones
3075 463 3441 523 Graecorum.

2409 622 2488 678 Sit
2508 637 2648 692 ergo
2685 638 2841 678 unus
2859 639 3053 680 canon
3097 624 3530 696 apostolorum:
3553 647 3582 675 ››
3631 625 3987 697 EpisCOpus,

2333 711 2784 783 autpresbyter,
2809 717 2912 768 aut
2943 712 3237 768 diaconus
3285 729 3535 770 uxorem
3579 731 3756 770 suam
3817 731 3986 770 occa-

2333 799 2498 854 sione
2519 800 2864 871 honestatis,
2910 801 3002 856 vel
3051 802 3340 858 castitatis
3364 818 3484 858 non
3534 803 3755 872 ejiciat.
3779 805 3842 859 Si
3893 821 3988 858 au-

2332 893 2450 944 tem
2472 889 2725 960 ejecerit,
2742 891 3314 947 excommunicelur.
3342 895 3726 947 Perseverans
3759 899 3984 956 autem,

2330 977 2686 1050 deponatur.
2732 1000 2759 1028 »
2795 978 2909 1036 Sed
2959 995 3085 1047 vos,
3119 979 3422 1051 inquiunt,
3479 980 3845 1036 accedentes
3915 981 3988 1035 ad

2329 1081 2532 1122 sacros
2554 1068 2812 1136 ordines,
2837 1073 3045 1124 votum
3068 1068 3335 1124 emittere
3386 1068 3672 1124 castitatis
3720 1069 3983 1139 adigitis.

2331 1157 2483 1224 Ergo
2525 1155 2879 1228 compellitis
2916 1171 3024 1212 vos
3074 1173 3291 1212 uxores
3340 1157 3729 1225 dimittere,si
3779 1159 3988 1215 volunt

2329 1243 2570 1315 assequi
2593 1243 2772 1299 talem
2795 1244 3075 1313 gradum.
3109 1247 3282 1314 Ergo,
3298 1250 3406 1302 etc.

2399 1331 2545 1388 Item
2591 1332 2910 1389 vicesimus
2959 1333 3250 1406 septimus
3294 1349 3491 1390 canon
3535 1334 3676 1390 dicit
3715 1353 3727 1391 :
3781 1358 3811 1385 n
3864 1336 3983 1407 Epi-

2328 1435 2598 1492 scopum,
2621 1421 3063 1493 presbyterum,
3083 1427 3188 1478 aut
3207 1422 3536 1478 diaconum
3556 1423 3984 1480 verberantem

2329 1507 2553 1576 ﬁdeles,
2576 1509 2682 1581 qui
2716 1516 2986 1582 peccant,
3013 1518 3116 1567 aut
3154 1511 3428 1567 inﬁdeles
3476 1511 3680 1584 inique
3713 1520 3984 1583 agentes,

2328 1602 2506 1671 etper
2550 1597 2666 1654 hoc
2714 1599 2909 1655 timeri
2956 1599 3188 1668 volunt,
3238 1599 3465 1672 deponi
3514 1602 3984 1673 praecipimus.»

2327 1689 2720 1759 Nequaquam
2742 1692 2944 1743 autem
2980 1688 3098 1744 hoc
3147 1687 3475 1745 docuitvos
3527 1692 3850 1757 Dominus;
3889 1693 3983 1746 sed

2256 1799 2292 1853 Β
2325 1791 2458 1832 cum
2476 1777 2957 1833 malediceretur.
2984 1793 3102 1833 non
3127 1779 3669 1835 remaledicebat”.
3709 1781 3834 1837 Sed
3883 1797 3979 1835 vos

2325 1865 2511 1920 Latini
2533 1865 2846 1922 manifeste
2867 1866 3258 1938 disciplinatis
3281 1883 3400 1937 eos,
3434 1884 3588 1941 quos
3638 1869 3974 1934 absolvitis,

2319 1955 2378 2010 et
2397 1952 2764 2025 quandoque
2788 1969 2976 2025 usque
2993 1954 3069 2009 ad
3087 1953 3437 2010 effusionem
3462 1955 3803 2026 sanguinis.
3839 1959 3978 2027 Ergo

2314 2041 2486 2112 juxta
2507 2041 2848 2096 sanctiones
2873 2041 3113 2098 Patrum
3154 2043 3294 2098 estis
3323 2042 3686 2116 deponendi.

2394 2133 2535 2185 Item
2619 2130 3030 2200 sexagesimus
3114 2131 3319 2187 tertius
3408 2132 3570 2188 dicit:
3640 2134 3864 2199 »Quod
3935 2135 3978 2187 si

2318 2218 2659 2290 episcopus,
2684 2224 2787 2274 aut
2804 2219 3086 2275 sacerdos
3112 2220 3539 2286 autdiaconus,
3561 2238 3666 2278 seu
3729 2223 3976 2279 omnino

2319 2307 2394 2363 de
2417 2307 3056 2379 catalogoclericorum
3096 2325 3306 2366 carnes
3356 2311 3679 2368 comederit
3727 2315 3796 2368 in
3850 2329 3978 2368 san-

2321 2397 2500 2466 guine
2543 2398 2761 2452 animus
2824 2397 3034 2470 ipsius,
3079 2404 3182 2454 aut
3231 2405 3531 2472 captuma
3597 2400 3821 2467 bestia,
3895 2400 3977 2456 vel

2320 2486 2744 2552 morticinium,
2777 2487 3137 2558 deponatur.
3181 2491 3295 2543 Hoc
3345 2488 3614 2545 enimlex
3675 2492 3973 2562 prohibet.

2323 2575 2380 2631 Si
2439 2591 2578 2630 vero
2653 2575 2841 2631 laicus
2906 2576 3100 2641 fuerit,
3166 2578 3791 2635 excommunicetur.»
3873 2580 3973 2637 Sed

2321 2669 2577 2727 constat,
2601 2663 2830 2733 dicunt,
2849 2664 3016 2737 quod
3050 2665 3234 2722 Latini
3275 2666 3686 2725 indifferenter
3734 2687 3974 2726 vescan-

2321 2758 2416 2808 tur
2444 2753 2679 2810 talibus.
2697 2756 2896 2824 Igitur,
2933 2760 3044 2812 etc.

2397 2847 2538 2898 Item
2592 2844 3006 2912 sexagesimus
3078 2850 3330 2916 quartus
3384 2847 3717 2919 praecipita
3782 2852 3972 2921 Neque

2321 2931 2457 3004 quis
2481 2932 2711 3002 jejunet
2733 2933 2978 2989 Sabbati
2997 2933 3112 2998 die,
3137 2934 3252 2989 nisi
3275 2935 3348 2990 sit
3370 2935 3572 3003 vigilia
3617 2938 3886 2994 Pascbae.
3924 2939 3973 2993 Si

2322 3021 2457 3092 quis
2480 3021 2728 3077 clericus
2760 3022 3039 3077 inventus
3071 3023 3247 3079 fuerit
3291 3023 3452 3080 diem
3485 3026 3871 3082 Dominicum
3897 3028 3970 3096 je-

559 3117 864 3191 accepisse
885 3121 1136 3174 testatur
1159 3131 1451 3189 ;quorum
1472 3130 1792 3170 numerum
1819 3114 1878 3170 in
1903 3115 2027 3170 suis
2046 3114 2212 3171 libris
2253 3153 2295 3209 C
2319 3109 2540 3179 junans
2571 3116 2673 3166 aut
2703 3111 3054 3178 Sabbatum,
3083 3117 3296 3184 praeter
3329 3129 3515 3170 unum
3545 3115 3770 3180 solum,
3805 3116 3969 3188 depo-

561 3207 904 3278 assignans,
935 3206 1105 3279 ponit
1129 3221 1233 3261 eos
1264 3221 1394 3260 esse
1419 3203 1724 3274 octoginta
1748 3205 2038 3276 quinque.

638 3295 877 3352 Furtiva
929 3295 1176 3366 insuper
1204 3293 1497 3366 synodus,
1527 3309 1664 3364 qum
1695 3293 1756 3348 in
1786 3293 1980 3349 Trullo
2012 3293 2214 3366 palatii

564 3385 673 3440 fuit
723 3384 892 3451 facta,
924 3383 1059 3439 fecit
1103 3399 1367 3439 canones
1388 3381 1466 3438 ad
1494 3382 1726 3438 libitum
1759 3384 2211 3454 imperatorum,

569 3477 634 3529 ut
657 3473 886 3528 dictum
921 3477 1008 3528 est
1039 3487 1241 3544 supra,
1270 3476 1509 3527 centum
1537 3476 1593 3526 et
1621 3471 1795 3526 duos.

642 3561 756 3619 Sed
785 3566 842 3617 et
885 3560 1154 3632 synodus
1208 3559 1421 3620 Photii,
1472 3560 1567 3614 cui
1619 3559 1886 3630 praestitit
1947 3559 2216 3616 favorem

570 3653 830 3708 Joannes
857 3665 1036 3722 papa,
1069 3655 1136 3705 ut
1189 3648 1306 3720 ipsi
1359 3647 1591 3714 volunt,
1643 3647 1778 3702 fecit
1820 3663 2083 3704 canones
2125 3665 2216 3705 se-

568 3746 734 3814 ptem
764 3743 821 3796 et
849 3739 1080 3796 decem.
1113 3739 1382 3804 Quorum
1410 3735 1651 3792 ultimus
1675 3736 1911 3792 videtur
1959 3738 2218 3793 multum

567 3829 756 3886 facere
788 3844 898 3902 pro
930 3828 1169 3884 Latinis.

642 3921 790 3977 Sunt
838 3918 1018 3989 igitur
1045 3917 1105 3973 in
1136 3916 1413 3972 universo
1461 3929 1673 3971 omnes
1719 3929 1982 3971 canones
2030 3915 2220 3970 nomi-

565 4009 708 4079 nati,
745 4006 1075 4080 computati
1103 4004 1440 4061 canonibus
1471 4003 1906 4076 apostolorum,
1937 4019 2074 4058 cum
2102 4003 2216 4076 his,

567 4098 744 4170 etqui
770 4098 830 4152 in
857 4097 1074 4152 furtiva
1108 4097 1345 4168 synodo
1385 4093 1460 4149 de
1518 4092 1712 4149 Trullo
1769 4092 1907 4148 editi
1959 4093 2218 4160 fuerunt,

565 4203 777 4244 cccxxx.
805 4186 1036 4244 Habent
1057 4185 1301 4258 insuper
1324 4183 1622 4256 quasdam
1645 4183 1932 4255 epistolas
1990 4189 2219 4240 sancto—

563 4292 700 4331 rum
732 4291 1000 4342 suorum,
1032 4274 1244 4339 Basilii,
1275 4273 1490 4345 Cyrilli,
1525 4273 1830 4328 Athanasii
1861 4278 1915 4328 et
1937 4272 2215 4343 aliorum,

564 4365 624 4420 in
653 4364 874 4434 quibus
903 4363 1279 4419 continentur
1310 4376 1572 4417 canones
1609 4363 1834 4432 plures,
1883 4377 2038 4434 quos
2067 4361 2218 4417 inter

562 4453 715 4507 alios
763 4451 1137 4508 authenticos
1181 4450 1494 4521 recipiunt,
1558 4452 1615 4504 et
1657 4450 1788 4520 pari
1830 4451 2211 4506 veneratione

557 4539 888 4596 imitantur.

629 4631 852 4685 Horum
890 4627 1070 4698 igitur
1108 4627 1454 4683 auctoritate
1508 4624 1693 4680 Graeci
1735 4625 1978 4692 suffulti,
2020 4641 2203 4698 quam

554 4717 848 4791 plurimos
879 4716 1128 4772 latratus
1157 4721 1365 4771 contra
1393 4717 1726 4770 Romanam
1758 4712 2082 4770 Ecclesiam
2116 4715 2202 4771 la-

549 4807 766 4866 trando
788 4806 1097 4862 emittunt:
1126 4821 1237 4878 pro
1267 4820 1358 4870 eo,
1391 4802 1559 4876 quod
1589 4801 1776 4858 multa
1824 4803 1885 4858 in
1916 4803 2020 4873 eis,
2063 4821 2199 4876 quae

2322 3203 2521 3254 natur.
2576 3199 2631 3256 Si
2687 3200 2875 3255 laicus
2943 3207 3053 3269 est,
3127 3203 3708 3259 excommunicetur.
3782 3224 3812 3257 ›
3869 3203 3968 3260 Sed

2326 3289 2513 3344 Latini
2545 3289 2660 3345 fere
2695 3290 2858 3345 omni
2905 3291 3000 3346 die
3034 3291 3277 3348 Sabbati
3308 3293 3609 3364 jejunant.
3655 3296 3834 3364 Ergo,
3869 3301 3966 3349 etc.

2395 3381 2536 3432 Item
2569 3378 2973 3449 octogesimus
3004 3378 3225 3436 clamat
3271 3382 3354 3436 sic
3389 3399 3401 3436 :
3442 3406 3461 3430 α
3518 3383 3857 3456 Episcopus
3889 3382 3968 3438 vel

2322 3465 2634 3538 presbyter
2663 3472 2768 3522 aut
2809 3467 3101 3522 diaconus
3133 3468 3355 3525 militiae
3385 3485 3634 3540 vacans,
3684 3478 3744 3528 et
3773 3471 3967 3527 volens

2322 3559 2646 3626 utrumque
2669 3560 2883 3625 tenere,
2909 3555 3128 3612 scilicet
3159 3557 3538 3614 mundanum
3567 3560 3964 3632 principatum

2325 3648 2382 3698 et
2411 3643 2841 3700 sacerdotalem
2873 3645 3199 3715 dioecesim,
3221 3646 3580 3718 deponatur.
3613 3671 3640 3696 »
3673 3653 3826 3704 Nam
3849 3665 3967 3721 qua:

2326 3738 2464 3788 sunt
2490 3734 2757 3801 Caesaris,
2791 3735 3025 3802 Caesari,
3058 3739 3114 3789 et
3141 3751 3277 3806 qua:
3312 3737 3429 3800 Dei,
3484 3739 3623 3792 Deo.
3671 3739 3792 3794 Sed
3833 3754 3967 3810 pra:-

2324 3821 2428 3877 lati
2481 3823 2844 3891 Latinorum,
2899 3827 2956 3878 et
2983 3823 3162 3880 etiam
3194 3824 3321 3896 ipse
3350 3827 3529 3896 Papa,
3579 3829 3836 3882 assumit
3870 3825 3965 3881 sibi

2326 3910 2535 3966 talium
2567 3911 2904 3981 dignitates,
2937 3916 2994 3967 et
3023 3919 3312 3968 vocantur
3341 3914 3592 3986 quidam
3623 3916 3824 3985 duces,
3851 3915 3966 3988 qui-

2327 3999 2470 4054 dam
2492 4001 2748 4065 comites,
2771 4000 3020 4071 quidam
3040 4001 3216 4056 etiam
3241 4003 3635 4058 marc/u'ones.
3669 4007 3844 4074 Ergo,
3869 4009 3965 4059 etc.

2400 4092 2540 4144 Item
2571 4103 2768 4143 canon
2799 4090 3001 4143 tertius
3048 4089 3277 4145 consilii
3308 4091 3367 4144 in
3401 4093 3791 4149 Neocaesarea
3837 4093 3967 4148 cele-

2325 4177 2480 4234 brati
2513 4178 2768 4248 injungit
2796 4178 3207 4250 paenitentiam
3235 4179 3515 4249 bigamis.
3551 4184 3617 4237 Et
3642 4183 3834 4239 multo
3855 4199 3964 4237 ma-

2319 4267 2515 4338 jorem
2545 4267 2660 4334 his,
2689 4266 2792 4338 qui
2822 4267 2882 4321 in
2915 4266 3206 4336 trigamia,
3259 4273 3315 4324 et
3347 4268 3498 4326 ultra
3527 4271 3890 4335 ceciderunt,
3918 4275 3965 4324 et

2322 4355 2547 4411 indicat
2576 4355 2789 4410 beatus
2819 4355 3072 4411 Basilius
3102 4356 3214 4412 tale
3241 4358 3696 4414 matrimonium
3728 4360 3961 4415 fornica-

2321 4444 2570 4500 tionem.
2629 4443 2778 4500 Dicit
2815 4445 2976 4502 enim
3007 4445 3322 4500 concilium
3357 4463 3368 4500 :
3404 4470 3430 4495 ‹‹
3489 4450 3569 4502 De
3615 4448 3729 4517 his,
3778 4449 3879 4521 qui
3904 4449 3958 4502 in

2318 4531 2590 4604 pluribus
2663 4533 2866 4604 nuptis
2937 4533 3293 4590 ceciderunt.
3375 4535 3664 4606 Equidem
3730 4542 3952 4608 tempus

2315 4621 2678 4694 poenitentiae
2716 4621 3099 4678 manifestum
3149 4629 3256 4692 est,
3304 4624 3471 4692 quod
3509 4625 3828 4681 deﬁnitum
3857 4629 3954 4689 est,

2313 4710 2416 4766 sed
2443 4712 2814 4767 conversatio
2841 4727 3049 4766 eorum
3083 4716 3137 4767 et
3163 4712 3311 4768 Iides
3332 4712 3645 4770 abbreviat
3668 4720 3951 4786 tempus.»

2385 4803 2524 4855 Item
2556 4800 2845 4872 septimus
2876 4815 3071 4856 canon
3102 4801 3185 4856 ait
3217 4817 3229 4856 :
3257 4824 3282 4850 «ι
3310 4801 3620 4873 Presbyter
3647 4803 3708 4858 in
3739 4801 3952 4875 nuptiis

547 4903 756 4953 contra
785 4895 1052 4962 Latinos,
1089 4899 1146 4950 et
1170 4908 1280 4966 pro
1311 4893 1528 4950 Graecis
1573 4891 1770 4963 prima
1816 4890 1965 4947 facie
2021 4907 2198 4963 agere
2307 4886 2534 4960 bigami
2561 4903 2682 4944 non
2715 4888 2996 4946 comedat
3025 4906 3037 4943 :
3072 4889 3216 4961 quia
3246 4907 3381 4945 cum
3417 4891 3652 4947 veniam
3685 4897 3850 4964 petat
3871 4891 3951 4945 bi-

546 4987 842 5042 videntur.
876 4986 1144 5050 Quorum
1166 4987 1434 5038 tenorem
1459 4979 1725 5050 diligenti
1745 4980 2196 5051 investigatione
2305 4991 2540 5047 gamus,
2575 4977 2712 5048 quis
2741 4978 2849 5032 erit
2876 4977 2972 5033 ille
3004 4977 3334 5050 presbyter,
3368 4980 3462 5036 cui
3492 4986 3738 5052 propter
3767 4996 3947 5037 come-

541 5074 1008 5144 considerantes,
1055 5072 1131 5128 de
1162 5073 1367 5127 Graeco
1397 5069 1459 5126 in
1509 5069 1781 5126 Latinum
1839 5085 1947 5142 pro
1995 5069 2196 5140 legen-
2303 5067 2558 5122 stionem
2586 5073 2814 5138 quaerat
2842 5067 3125 5138 bigamus
3155 5069 3474 5125 confiteri?
3502 5092 3530 5119 »

538 5163 686 5218 tium
729 5161 1142 5218 exercitatione
1186 5157 1608 5230 tractabimus,
1629 5157 1769 5214 huic
1799 5157 1967 5230 operi
1987 5174 2190 5230 super-
2371 5154 2515 5211 ltem
2544 5156 2606 5210 in
2636 5156 2972 5211 canonibus
2995 5155 3155 5213 beati
3186 5157 3378 5214 Basilii
3416 5158 3491 5213 de
3521 5158 3740 5215 eodem
3770 5159 3943 5215 habe-

535 5250 960 5308 immiscentes.
2297 5247 2392 5300 tur
2439 5246 2568 5301 sic:
2603 5244 2678 5300 de
2709 5245 3003 5316 trigamis,
3060 5251 3116 5302 et
3154 5245 3428 5318 pluribus
3480 5249 3706 5320 nuptiis
3765 5264 3942 5320 copu-

603 5407 647 5442 87
683 5407 775 5464 IP
816 5412 836 5465 ί
934 5407 946 5417 _
1016 5413 1081 5466 23
2295 5332 2450 5400 latis,
2510 5333 2796 5392 eumdem
2833 5335 3156 5392 deﬁnimus
3205 5352 3521 5404 canonem,
3564 5354 3746 5411 quem
3777 5344 3833 5396 et
3872 5337 3937 5397 de

779 5424 810 5464 e
839 5424 884 5464 r.
914 5424 972 5466 ιι.
1092 5450 1103 5464 .

779 5424 884 5465 etr.
914 5424 972 5480 ιι,
1016 5424 1103 5466 23.

597 5629 711 5704 (43)
750 5630 940 5690 Locus
969 5627 1239 5689 mutilus.
1272 5629 1444 5690 Forte
1471 5625 1980 5701 Carthaginiense,
2011 5627 2185 5702 cujus
2215 5624 2384 5702 apud
2413 5625 2835 5693 Balsamonem
2859 5634 3096 5694 exstant
3125 5644 3389 5696 canones
3425 5635 3546 5694 I36.
