4020 6310
67 355 148 408 561

62 567 303 636 bigamis
329 586 343 634 ;
377 567 478 623 alii
509 569 785 625 dixerunt
808 569 984 626 duos.
1017 567 1277 635 Quidam
1318 568 1632 638 trigamos,
1655 569 1712 622 et

62 655 217 725 ultra,
250 657 472 723 tribus,
508 661 564 714 et
592 662 851 731 quatuor
871 659 1146 730 puniunt,
1170 657 1423 730 quidam
1463 656 1710 727 insuper

65 745 585 802 excommunieant
612 762 741 804 eos.
776 768 806 795 »
1465 809 1491 829 .

123 833 260 888 Item
309 833 533 889 eodem
565 833 723 890 dicto
753 849 984 891 canone
1015 852 1028 890 :
1064 857 1091 885 »
1127 837 1204 890 De
1234 833 1460 907 nuptiis
1491 831 1714 904 pluries

63 920 360 978 celebratis
393 923 599 979 Patres
653 925 1091 993 conticuerunt,
1148 919 1716 996 tanquamincenti-

61 1025 184 1065 vum
208 1015 441 1078 essent,
499 1012 667 1084 quod
722 1017 780 1070 et
829 1014 1082 1070 omnino
1136 1015 1714 1081 alienumagenere

62 1098 312 1155 humano
341 1118 356 1155 :
389 1100 562 1156 nobis
591 1105 790 1158 autem
831 1102 1079 1159 evidens
1109 1106 1216 1168 est,
1261 1101 1428 1174 quod
1474 1099 1610 1174 plus
1642 1097 1716 1154 sit

59 1197 574 1260 quampeccatum
623 1191 1051 1249 fornicationis.
1114 1217 1135 1241 ι
1175 1193 1288 1248 Sed
1346 1188 1534 1248 Latini
1568 1187 1716 1244 cele-

59 1276 396 1332 branttales
421 1279 662 1351 nuptias
714 1281 841 1336 sine
889 1282 1383 1337 contradictione.
1441 1282 1592 1348 Ergo
1624 1277 1709 1333 fa-

59 1366 198 1419 ciunt
253 1372 479 1423 contra
545 1368 817 1426 instituta
875 1385 1204 1436 canonum,
1252 1374 1309 1425 et
1359 1375 1706 1424 sanctorum

61 1453 308 1510 Patrum.
365 1456 482 1511 Sed
536 1457 640 1528 qui
680 1457 820 1514 talia
891 1467 1100 1529 agunt,
1142 1454 1708 1515 excommunicandi

63 1548 201 1598 sunt.
245 1546 434 1615 Ergo,
467 1549 578 1601 etc.

117 1634 254 1687 ltem
288 1648 496 1688 canon
512 1634 799 1690 Timothei
830 1635 1100 1708 episcopi
1127 1634 1503 1690 Alexandriae
1525 1633 1664 1689 dicit
1690 1649 1702 1688 :

66 1742 86 1763 τε
120 1720 286 1784 Quod
309 1722 600 1778 mulieres
631 1727 1016 1780 menstruatze
1035 1740 1156 1780 non
1179 1723 1400 1779 debent
1422 1723 1706 1779 accedere

1447 349 1724 409 CONTRA
1765 348 2076 408 GRAECOS.

64 477 306 546 bigamis
366 478 914 553 proportionaliter,
961 493 1193 536 annum
1237 477 1486 553 quidem
1532 491 1710 549 super
1744 477 1789 530 Α

3332 336 3334 340 ’
3365 353 3472 409 562

1890 476 2034 532 Item
2064 491 2260 535 canon
2297 477 2842 552 quinquagesimus
2894 477 3200 535 secundus
3233 477 3473 550 septimi

1820 566 2071 632 concilii,
2099 567 2266 640 quod
2291 568 2517 624 factum
2557 567 2666 624 fuit
2711 568 2772 623 in
2818 567 3036 638 Trullo,
3081 567 3362 640 prohibet
3382 581 3471 621 ce-

1818 653 2212 712 lebrationem
2231 658 2418 714 Misere
2459 657 2519 713 in
2554 656 3055 726 Quadragesima,
3078 655 3294 711 diebus
3330 655 3475 712 Sab-

1819 741 1973 798 batis
1999 748 2056 800 et
2075 746 2394 802 Dominicis
2424 748 2704 819 exceptis,
2735 746 2942 802 dicens
2975 763 2987 801 :
3017 766 3046 795 «
3076 747 3139 800 In
3185 743 3470 800 omnibus

1820 831 2034 888 diebus
2058 833 2270 904 jejunii
2300 840 2521 892 sanctae
2550 835 3060 906 Quadragesimte,
3087 837 3303 905 praeter
3329 831 3474 888 Sab-

1822 919 2033 978 batum
2081 929 2139 978 et
2187 924 2580 996 Dominicam,
2632 923 3236 994 Annuntiationisque
3287 919 3470 983 diem,

1821 1009 1928 1068 ﬁat
1946 1011 2020 1067 de
2039 1014 2554 1086 prmsanctiﬁcaiis
2587 1031 2759 1071 sacra
2798 1014 2986 1069 missa
3019 1031 3033 1082 ;
3067 1034 3096 1062 ››
3146 1011 3250 1067 sed
3281 1009 3470 1066 Latini

1822 1103 1987 1156 omni
2016 1103 2110 1158 die
2149 1103 2211 1159 in
2259 1104 2737 1173 Quadragesima
2790 1103 3109 1172 celebrant,
3145 1105 3202 1156 et
3223 1099 3466 1171 ubique,

1819 1190 1999 1246 etiam
2028 1192 2122 1248 bis
2172 1194 2233 1248 in
2276 1193 2392 1249 die.
2452 1197 2605 1263 Ergo
2645 1192 2868 1250 faciunt
2915 1197 3124 1248 contra
3181 1189 3465 1246 instituta.

1819 1281 1972 1349 Ergo
2003 1286 2142 1337 sunt
2165 1282 2664 1339 excommunicati
2697 1286 2755 1338 et
2777 1277 3288 1338 anathematizati.

1874 1415 2193 1484 Responsio
2211 1416 2564 1472 Latinorum
2577 1415 2658 1472 ad
2672 1415 3060 1472 auctoritates
3083 1427 3399 1470 canonum.

1889 1541 2006 1610 llis,
2037 1546 2102 1597 ut
2122 1541 2348 1598 dictum
2375 1547 2482 1609 est,
2514 1541 2969 1599 auctoritatibus
3019 1539 3278 1595 Ecclesia
3303 1541 3462 1594 Gree-

1815 1646 2024 1686 corum
2055 1647 2118 1686 se
2151 1632 2427 1687 muniens
2454 1636 2510 1688 et
2533 1631 2770 1701 erigens
2817 1634 3024 1684 contra
3053 1629 3310 1684 Latinos.
3342 1643 3465 1682 non

1816 1725 2014 1775 cessat
2041 1721 2255 1777 iisdem
2276 1721 2581 1786 insultare,
2615 1719 2844 1776 rabiem
2872 1717 3380 1791 praevaricationis
3411 1721 3469 1771 et

66 1807 126 1861 ad
147 1809 490 1880 ecclesiam,
521 1812 702 1868 etiam
733 1827 843 1884 pro
871 1812 1174 1884 baptismo
1203 1812 1568 1884 recipiendo,
1599 1813 1704 1867 sed
1735 1827 1778 1880 Β
1819 1809 2215 1865 anathematis
2246 1809 2636 1882 imponendo.
2672 1812 2738 1864 Et
2761 1808 2897 1864 licet
2920 1811 3138 1863 nostrae
3170 1805 3468 1862 facultatis

65 1896 264 1954 debent
294 1899 604 1957 abstinere
633 1902 711 1958 ab
740 1903 1018 1972 ingressu
1068 1902 1350 1965 ecclesiae,
1386 1906 1442 1959 et
1470 1902 1708 1961 differre

69 1985 446 2058 baptismum,
474 2005 793 2063 quousque
815 1990 1224 2064 puriﬁcentur.
1259 2013 1286 2041 »

129 2080 263 2132 ltcm
285 2078 679 2135 Laodicensis
695 2080 929 2136 concilii
961 2096 1152 2136 canon
1198 2079 1707 2152 quadragesimus

70 2169 302 2235 quartus
363 2167 648 2238 prohibet
694 2185 768 2224 ne
816 2169 1094 2225 mulieres
1147 2174 1377 2242 partem
1427 2169 1590 2226 illam
1611 2171 1709 2226 ali-

71 2256 364 2323 quomodo
395 2257 683 2329 ecclesiae,
744 2274 930 2330 quam
989 2275 1100 2314 nos
1147 2259 1399 2314 chorum
1430 2259 1708 2330 dicimus,

69 2341 283 2398 intrent.
375 2347 520 2402 Item
565 2362 759 2402 canon
807 2348 1076 2418 ejusdem
1129 2347 1362 2403 concilii
1417 2347 1709 2420 septimus

69 2430 347 2501 prohibet,
383 2449 459 2489 ne
486 2435 621 2506 quis
664 2435 1182 2507 presbyterorum,
1228 2440 1332 2491 aut
1391 2439 1710 2508 episcopus

68 2518 255 2575 offerat
308 2523 674 2579 sacriﬁcium
707 2525 766 2579 in
824 2525 1031 2596 aliqua
1077 2524 1282 2591 domo,
1343 2525 1458 2580 nisi
1490 2526 1595 2580 ubi
1625 2530 1713 2582 est

70 2607 313 2666 ecclesia.
350 2612 496 2676 Quae
524 2617 760 2677 cuncta,
810 2613 1066 2685 qualiter
1092 2613 1152 2668 in
1190 2613 1447 2669 Ecclesia
1478 2614 1710 2670 Latino-

69 2708 181 2750 rum
212 2704 532 2754 serventur
561 2706 613 2754 et
655 2716 691 2755 a
721 2700 881 2767 viris,
927 2705 984 2756 et
1009 2717 1046 2756 a
1075 2701 1332 2766 feminis,
1361 2701 1579 2767 omnis,
1607 2702 1713 2774 qui

74 2785 254 2840 oculos
279 2789 490 2856 habet,
523 2790 723 2846 videre
756 2795 968 2862 potest.

129 2877 262 2930 Item
299 2881 513 2933 tertius
563 2895 758 2935 canon
805 2879 1057 2935 secundi
1108 2880 1342 2935 concilii
1395 2880 1476 2936 ita
1533 2880 1712 2953 dicit:

77 2983 94 3005 ίε
120 2965 842 3039 Constantinopolitanum
867 2969 1224 3040 episcopum
1244 2969 1470 3024 habere
1490 2985 1716 3041 praero-

72 3053 316 3117 gativam
371 3057 618 3112 honoris
678 3065 814 3130 post
865 3061 1205 3114 Romanum
1265 3059 1642 3130 episcopum,
1687 3083 1712 3111 ς

71 3142 279 3212 supple,
322 3145 738 3202 decrevimus:
768 3163 838 3202 eo
863 3148 1029 3220 quod
1054 3147 1186 3219 ipsa
1215 3148 1288 3202 sit
1317 3163 1476 3202 nova
1499 3151 1709 3204 Roma.

73 3227 154 3282 Cui
191 3235 475 3290 convenit
504 3236 826 3291 vicesimus
862 3241 1114 3293 octavus
1158 3252 1354 3292 canon
1387 3236 1710 3292 Chalcedo-

72 3320 251 3375 nensis
284 3324 541 3394 concilii,
576 3325 681 3396 qui
725 3326 810 3381 sic
854 3325 1095 3380 definit:
1144 3348 1171 3375 ››
1220 3326 1447 3397 Ubique
1475 3330 1709 3381 sancto-

73 3419 182 3462 rum
205 3412 448 3466 Patrum
479 3413 855 3470 deﬁnitiones
910 3419 1252 3486 sequentes,
1298 3419 1353 3469 et
1382 3429 1704 3482 canonem,

71 3495 155 3563 qui
187 3514 382 3571 nuper
431 3501 616 3558 lectus
665 3508 772 3571 est,
823 3508 1063 3559 centum
1114 3503 1556 3575 quinquaginta
1603 3503 1707 3559 Dei

74 3589 602 3646 amantissimorum
633 3594 1057 3664 episcoporum
1093 3592 1228 3656 (sub
1252 3592 1364 3663 pia:
1400 3593 1702 3647 memoria:

73 3671 378 3733 Theodosio
411 3682 641 3747 Magno,
695 3682 801 3753 qui
846 3680 955 3735 fuit
999 3681 1344 3751 imperator,
1402 3679 1461 3734 in
1518 3681 1705 3750 regali

77 3761 563 3839 Constantinopoli
613 3769 781 3837 urbe,
844 3785 1003 3825 nova
1057 3771 1288 3840 Roma),
1342 3784 1705 3838 cognoscen-

74 3852 160 3910 tes,
184 3877 208 3902 η
253 3857 540 3914 eumdem
580 3864 636 3914 et
664 3875 774 3914 nos
803 3859 1127 3914 deﬁnimus
1165 3866 1222 3914 et
1277 3860 1596 3914 statuimus
1627 3859 1701 3916 de

75 3946 461 4014 prierogativis
489 3948 879 4003 sanctissimae
928 3947 1202 4017 ejusdem
1249 3948 1522 4003 Ecclesiae
1555 3951 1700 4004 Con-

75 4032 541 4106 stantinOpoleos,
568 4052 741 4092 novre
775 4040 994 4093 Romae.
1049 4037 1277 4092 Etenim
1306 4038 1522 4092 throno
1554 4039 1700 4093 anti-

74 4121 270 4186 quioris
295 4126 524 4193 Romae,
543 4141 612 4182 eo
633 4125 796 4198 quod
823 4132 1098 4195 regnaret
1122 4125 1223 4180 illa
1240 4125 1466 4194 civitas,
1497 4129 1696 4182 Patres

73 4220 302 4280 rongrue
330 4218 390 4268 et
415 4213 693 4271 decenter
720 4215 1095 4271 tradiderunt
1147 4219 1290 4269 tunc
1326 4215 1697 4286 primitivum

71 4291 286 4355 honoris
321 4319 335 4357 :
389 4309 445 4358 et
474 4303 686 4358 eodem
731 4308 1006 4376 respectu
1055 4303 1221 4367 moti,
1253 4308 1493 4359 centum
1523 4304 1696 4375 quin-

70 4390 331 4455 quaginta
355 4391 455 4446 Dei
486 4393 881 4447 amantissimi
903 4392 1191 4463 episcopi,
1220 4392 1517 4464 aequalem
1544 4408 1693 4464 pras-

69 4478 378 4541 rogativam
399 4480 643 4535 honoris
672 4481 1069 4536 attribuerunt
1091 4481 1270 4536 etiam
1297 4481 1691 4537 sanctissimae

73 4574 214 4620 novre
282 4570 486 4624 Romae
517 4588 530 4635 ;
560 4575 617 4626 et
635 4575 700 4626 ut
727 4570 788 4626 in
845 4569 1260 4625 ecclesiasticis
1312 4569 1513 4634 rebus,
1545 4569 1694 4626 sicut

71 4650 195 4719 ipsa,
215 4659 648 4726 magniticetur,
674 4659 939 4715 secunda
961 4658 1303 4732 postipsam
1326 4657 1637 4713 exsistens.

132 4740 235 4800 Hoc
255 4747 418 4801 idem
471 4747 682 4804 definit
725 4754 894 4804 sexta
950 4746 1240 4820 synodus.
1273 4746 1387 4802 Sed
1439 4746 1545 4802 etsi
1570 4761 1694 4802 non

73 4834 322 4890 eamdem
344 4841 698 4908 potestatem
719 4837 900 4893 habet
915 4835 1253 4909 patriarcha
1279 4836 1694 4892 Constantino-

75 4919 373 4993 politanus,
396 4940 580 4997 quam
604 4927 785 4982 habet
809 4941 990 4998 papa,
1013 4930 1248 4981 constat
1265 4926 1427 4996 quod
1461 4941 1572 4998 par
1609 4928 1697 4980 est

76 5013 119 5061 et
142 5013 339 5070 similis
366 5015 425 5069 in
456 5020 770 5088 potestate.
805 5015 919 5071 Sed
965 5030 1076 5086 par
1106 5014 1166 5069 in
1198 5029 1405 5085 parem
1437 5029 1559 5070 non
1588 5014 1696 5070 ha-

76 5092 155 5152 bet
177 5101 512 5175 imperium.
540 5105 704 5160 Unde
734 5120 876 5174 ergo
907 5105 959 5160 ei
984 5108 1149 5160 tanta
1174 5105 1591 5175 praesumptio,
1631 5107 1698 5158 ut

78 5183 208 5246 dicat
225 5208 286 5247 se
313 5193 647 5266 principem
667 5209 846 5266 super
863 5209 1102 5248 omnem
1123 5199 1343 5248 terram
1364 5192 1392 5248 ‘I
1414 5195 1471 5247 et
1493 5193 1696 5261 etiam,

79 5281 212 5344 quod
238 5282 400 5338 dicta
430 5283 602 5338 sedes
646 5299 818 5338 novae
871 5286 1072 5338 Romae
1132 5281 1375 5338 subdita
1409 5281 1484 5337 sit
1529 5282 1699 5337 sibi?

83 5363 177 5422 Hoc
195 5372 335 5427 nihil
360 5376 468 5434 est.
494 5373 606 5427 nisi
635 5371 920 5427 invadere
942 5371 1113 5426 sedes
1163 5371 1411 5427 alienas.
1451 5370 1566 5427 Sed
1592 5369 1698 5443 qui

81 5451 172 5512 hoc
189 5465 391 5531 agunt,
415 5461 740 5518 anathema
770 5463 926 5517 sunt.
959 5462 1128 5530 Ergo,
1157 5463 1269 5515 etc.

140 5669 178 5704 ⁸⁸
205 5674 387 5746 Apoc.
411 5689 532 5742 xxi,
563 5679 594 5729 7
618 5689 786 5747 seqq.

1725 4533 1768 4587 Ι)

1816 1904 1874 1956 et
1918 1900 2136 1970 ingenii
2167 1914 2290 1955 non
2319 1900 2412 1968 sit,
2439 1899 2515 1955 ad
2542 1898 2795 1970 singula,
2824 1901 3002 1970 prout
3046 1896 3352 1968 competit,
3380 1911 3468 1950 re-

1818 1989 2118 2061 spondere
2135 2006 2145 2043 :
2162 1989 2446 2061 quaedam
2463 1993 2663 2044 tamen
2685 1987 2985 2056 lectorem,
2997 1986 3018 2056 j
3032 1985 3463 2053 urisignarum,

1817 2079 2145 2134 cautiorem
2175 2077 2368 2133 facere
2397 2081 2671 2150 possunt,
2729 2075 2881 2131 sicut
2931 2089 3255 2146 possumus
3296 2087 3465 2128 com-

1816 2166 2166 2241 pendiosius
2205 2182 2313 2239 pro
2344 2171 2512 2237 parte
2532 2167 2897 2231 Latinorum,
2929 2167 3046 2220 Deo
3077 2166 3340 2231 auctore,
3363 2161 3468 2216 ob-

1817 2255 2120 2314 viabimus
2151 2255 2526 2328 supradictis.

1892 2345 2418 2418 Respondentibus
2445 2346 2623 2416 igitur
2640 2343 2870 2417 primis,
2895 2342 3157 2414 generali
3179 2340 3363 2397 modo
3384 2339 3470 2396 lo-

1818 2435 2064 2510 quendi,
2112 2435 2410 2490 dicimus:
2460 2434 2630 2506 quod
2677 2432 2874 2490 omnis
2923 2431 3236 2503 scriptura,
3285 2445 3472 2502 quam

1820 2527 2055 2580 Graecus
2082 2539 2192 2596 pro
2217 2539 2285 2578 so
2311 2527 2518 2579 contra
2551 2523 2844 2591 Latinum,
2873 2524 3089 2593 praeter
3121 2523 3346 2576 textum
3384 2519 3471 2573 Bi-

1819 2612 1976 2683 bliee,
2011 2611 2276 2676 adducit,
2329 2615 2609 2682 suspecta
2635 2615 2724 2666 est
2751 2615 2809 2666 et
2836 2624 2967 2665 esse
3010 2607 3189 2663 debet
3236 2606 3477 2663 cuilibet

1820 2702 1949 2757 viro
1977 2701 2248 2773 sapienti,
2277 2715 2348 2755 eo
2365 2699 2531 2772 quod
2555 2698 2633 2756 ab
2654 2699 2820 2755 initio
2851 2697 3152 2754 nascentis
3182 2695 3471 2766 Ecclesiae,

1821 2793 2056 2846 tantum
2108 2789 2367 2845 exercuit
2426 2789 2512 2859 [se
2563 2787 2842 2861 exseruit]
2871 2802 3222 2859 perversum
3250 2785 3478 2853 dogma

1823 2879 2240 2934 haereticorum
2266 2877 2324 2932 in
2359 2882 2534 2947 gente
2565 2877 2868 2949 praedicta,
2903 2875 3070 2948 quod
3118 2890 3326 2929 eorum
3359 2878 3476 2928 stu-

1823 2966 1991 3021 dium
2023 2970 2079 3021 et
2099 2966 2344 3021 intentio
2363 2967 2488 3035 fuit,
2521 2981 2760 3036 semper
2789 2964 2947 3019 dicta
2969 2967 3316 3018 sanctorum
3336 2977 3477 3016 vera

1823 3056 2208 3126 removendo,
2237 3061 2340 3110 aut
2367 3054 2520 3109 falsa
2546 3052 2890 3122 inserendo,
2935 3065 3339 3122 corrumpere,
3367 3050 3472 3106 de-

1753 3181 1792 3236 C
1825 3150 2069 3214 struere,
2129 3149 2185 3200 et
2229 3144 2577 3208 dilacerare,
2626 3143 2887 3198 Probant
2932 3142 3045 3196 hoc
3095 3139 3368 3204 concilia,
3419 3144 3476 3194 et

1821 3235 2084 3291 maxime
2111 3250 2336 3298 unum;
2371 3233 2472 3288 ubi
2498 3249 2570 3288 ex
2600 3237 2768 3304 parte
2827 3229 3368 3297 Monothelitarum,
3406 3229 3474 3284 li-

1816 3323 1940 3378 bris
1972 3323 2263 3394 corruptis
2310 3323 2369 3378 in
2429 3321 2698 3377 medium
2751 3319 3019 3392 prolatis,
3075 3317 3473 3390 imponebant

1817 3412 1994 3468 beato
2016 3428 2190 3484 papae
2223 3411 2450 3481 Vigilio,
2478 3410 2642 3482 quod
2666 3409 2970 3478 quosdam
2997 3408 3469 3466 anathematiza-

1815 3509 1980 3557 verat
2001 3502 2103 3572 qui
2129 3517 2248 3555 non
2271 3499 2713 3556 conﬁtebantur
2739 3499 2892 3554 duas
2916 3503 3182 3562 naturas,
3209 3503 3466 3551 etunam

1813 3591 2178 3646 voluntatem
2201 3596 2257 3646 et
2285 3590 2695 3662 operationem
2741 3587 2921 3642 fuisse
2965 3587 3024 3642 in
3057 3586 3302 3641 Christo.
3338 3586 3466 3640 Imo

1811 3680 1893 3736 ita
1918 3679 2024 3735 fuit
2051 3686 2104 3736 et
2133 3685 2220 3735 est
2249 3679 2540 3735 familiare
2589 3677 2806 3734 Graecis
2847 3683 2903 3732 et
2954 3677 3287 3749 prOprium,
3317 3675 3463 3730 Scri-

1811 3773 2020 3841 pturas
2035 3785 2240 3825 sacras
2254 3783 2635 3840 corrumpere
2653 3786 2664 3834 ;
2680 3766 2844 3838 quod
2863 3765 2938 3822 ad
2953 3763 3460 3836 compescendam

1810 3857 2156 3928 hujusmodi
2177 3858 2470 3913 insaniam
2499 3857 2688 3911 sancti
2704 3861 2902 3911 Patres
2919 3855 3034 3908 sub
3057 3852 3458 3908 anathematis

1809 3947 2183 4002 attestatione
2213 3946 2408 4002 hocin
2435 3946 2557 3999 suis
2587 3943 2712 3999 ﬁeri
2735 3943 3188 4016 prohibuerunt,
3224 3944 3456 3996 utentes

1805 4036 2004 4090 verbis
2034 4034 2426 4108 Apocalypsis
2472 4037 2519 4068 ³⁸
2577 4049 2715 4087 cum
2765 4031 2864 4087 tali
2896 4030 3236 4086 additione:
3273 4050 3300 4077 «
3327 4029 3457 4092 Qui-

1807 4139 2043 4196 cunque
2074 4122 2551 4195 apposuerithis,
2583 4121 2673 4177 vel
2705 4119 3050 4175 diminuerit
3077 4135 3090 4172 :
3126 4120 3172 4173 si
3201 4117 3452 4173 clericus

1804 4218 1913 4278 est,
1947 4213 2302 4284 deponatur;
2335 4211 2383 4265 si
2407 4211 2618 4279 laicus,
2651 4207 3223 4274 excommunicetur,
3261 4227 3288 4256 »
3317 4211 3452 4275 etc.,

1803 4306 1868 4357 ut
1897 4317 2080 4373 supra
2116 4300 2360 4355 fecimus
2393 4301 2779 4354 mentionem.
2813 4301 2878 4353 Et
2909 4301 2973 4352 ut
3003 4297 3200 4352 omnis
3233 4296 3328 4352 via
3346 4297 3453 4351 eis-

1802 4390 1940 4445 dem
1972 4389 2257 4445 htercticis
2305 4388 2792 4456 prtecludcretur,
2824 4386 3256 4442 ordinaverunt
3285 4385 3451 4440 insu-

1801 4495 1928 4553 per,
1945 4484 2010 4535 ut
2035 4480 2435 4534 communiter
2465 4478 2697 4542 dicitur,
2714 4482 2776 4532 ut
2792 4474 3265 4548 libri,preecipuo
3283 4489 3451 4530 sanc-

1802 4575 2000 4625 torum
2027 4569 2440 4634 conciliorum,
2465 4569 2521 4622 in
2555 4567 2776 4622 chartis
2814 4564 3200 4637 bombycinis
3233 4564 3453 4621 scribe-

1801 4664 2027 4723 rentur,
2055 4673 2126 4712 eo
2173 4657 2415 4722 scilicet,
2474 4656 2637 4728 quod
2688 4671 2960 4710 rasuram
3008 4669 3132 4710 non
3165 4654 3454 4710 sustineat

1801 4746 1984 4817 hujus
2015 4745 2362 4818 pergameni
2390 4745 2458 4815 (f.
2492 4745 2644 4800 sicut
2661 4744 3076 4816 pergamena).

1876 4839 2090 4892 Contra
2111 4850 2376 4890 canones
2427 4849 2567 4889 vero
2616 4833 3031 4906 apostolorum
3084 4836 3141 4887 et
3169 4831 3447 4894 aliorum,

1804 4925 1906 4998 qui
1925 4924 2102 4980 nobis
2130 4922 2347 4994 objecti
2370 4927 2529 4990 sunt,
2563 4922 2875 4994 multiplex
2900 4923 3008 4977 erit
3037 4920 3372 4994 responsio,
3397 4923 3454 4976 et

1803 5012 2202 5070 diversimode
2232 5013 2829 5085 possuntadversarii
2859 5011 3173 5067 confutari.
3207 5013 3457 5066 Constat

1805 5104 1984 5174 enim,
2020 5102 2170 5158 sicut
2213 5102 2326 5174 ipsi
2357 5102 2585 5170 dicunt,
2645 5117 2931 5164 canones,
2964 5105 3111 5172 quot
3166 5099 3454 5173 apostolis

1805 5193 2229 5261 inscribuntur,
2261 5191 2336 5246 de
2369 5192 2572 5247 Latino
2598 5191 2658 5246 in
2717 5193 2985 5246 Graecum
3006 5205 3043 5245 a
3092 5189 3267 5246 beato
3291 5205 3457 5262 papa

1808 5283 2101 5338 Clemente
2123 5281 2308 5337 fuisse
2335 5281 2674 5338 translatos.
2704 5281 2848 5334 Cum
2866 5279 3045 5349 igitur
3065 5279 3266 5344 omnis
3294 5295 3458 5351 aqua

1807 5373 1999 5429 ﬂuens
2049 5371 2112 5426 in
2169 5373 2331 5428 fonte
2373 5377 2430 5428 et
2458 5370 2686 5440 origine
2746 5368 3074 5426 naturalior
3129 5374 3188 5426 et
3237 5369 3455 5432 verior.

1807 5478 1994 5534 quam
2025 5461 2084 5517 in
2110 5461 2336 5531 rivulis,
2366 5460 2470 5533 qui
2497 5458 2836 5533 procedunt
2866 5458 2944 5517 ab
2977 5474 3066 5531 eo,
3095 5458 3457 5530 inveniatur,
