4020 6310
526 411 629 467 563

1677 371 2162 465 PANTALEONIS
2202 410 2485 467 DIACONI
2523 413 2627 468 cp.

3867 397 3970 450 564

530 533 998 608 supponendum
1027 539 1083 588 et
1108 533 1471 589 credendum
1506 540 1612 605 est,
1641 534 1805 606 quod
1833 533 1894 589 in
1925 533 2181 590 Ecclesia
2211 551 2258 601 Α
2288 534 2491 603 legum
2525 535 2814 590 Dominus
2835 547 2939 604 pro
2980 528 3266 585 varietate
3306 532 3650 597 temporum
3703 520 3969 608 diversa

532 625 759 688 Latina,
793 639 828 678 a
849 623 1070 694 quibus
1098 627 1390 694 tanquam
1419 639 1454 678 a
1484 622 1645 680 fonte
1675 622 1851 678 rivuli
1876 639 2182 693 processe-

531 719 690 777 runt,
716 712 853 766 dicti
878 727 1139 767 canones
1167 712 1423 768 veriores
1441 717 1496 768 et
1519 714 1788 784 puriores
1810 717 1966 780 sunt,
1994 727 2182 783 quam

533 801 593 856 in
615 800 870 856 Ecclesia
889 802 1228 855 Graecorum
1251 819 1263 855 :
1292 801 1618 876 praesertim
1642 817 1780 856 cum
1803 816 1910 872 per
1929 817 2031 856 ora
2055 801 2183 872 plu-

533 888 687 943 rium
717 888 1129 942 haereticorum
1166 894 1223 943 et
1252 889 1796 954 schismaticorum,
1829 903 1866 942 a
1914 887 2187 943 trecentis

534 975 838 1046 octoginta
869 977 1066 1040 annis,
1091 982 1148 1031 et
1168 977 1314 1032 citra
1338 978 1738 1032 transierunt:
1778 976 1945 1048 quod
1967 976 2186 1032 multas

536 1064 682 1120 alias
715 1064 868 1120 soliti
893 1070 1031 1120 sunt
1053 1081 1439 1137 corrumpere
1458 1067 1808 1136 scripturas.
1829 1064 1941 1120 Sed
1963 1080 2099 1119 cum
2126 1064 2188 1119 in

537 1156 804 1210 Ecclesia
819 1154 1095 1210 Romana
1110 1155 1309 1226 plures
1323 1170 1397 1210 ex
1408 1154 1512 1223 eis,
1526 1155 1875 1224 etmaxime,
1891 1155 1992 1226 qui
2007 1154 2190 1211 modo

536 1242 755 1297 Latinis
781 1242 999 1313 objecti
1021 1247 1178 1313 sunt,
1205 1243 1450 1298 minime
1470 1242 1860 1314 reperiantur,
1904 1242 2188 1314 sequitur,

535 1330 703 1402 quod
733 1337 835 1385 aut
862 1331 1233 1403 superadditi
1267 1336 1408 1385 sunt
1433 1330 1512 1384 ab
1544 1330 1659 1384 eis:
1695 1347 1828 1384 cum
1863 1331 1935 1385 sit
1964 1330 2192 1384 verissi-

535 1434 729 1481 mum,
753 1419 913 1490 quod
933 1420 1009 1474 de
1031 1420 1236 1474 Latino
1254 1419 1312 1473 in
1333 1421 1601 1474 Graecum
1619 1417 1856 1473 fuerunt
1873 1419 2192 1490 assumpti,

610 1507 725 1563 Sed
753 1513 800 1562 si
830 1523 1040 1563 verum
1073 1513 1182 1575 est,
1217 1509 1381 1578 quod
1415 1508 1532 1562 sint
1556 1506 1672 1562 ficti
1720 1507 1798 1562 ab
1827 1506 2119 1562 haereticis
2142 1515 2198 1560 et

540 1597 958 1663 schismaticis,
989 1601 1046 1651 et
1075 1596 1205 1652 aliis
1231 1596 1566 1652 canonibus
1622 1596 1778 1651 veris
1825 1596 2048 1661 inserti,
2081 1611 2200 1652 me'

537 1684 651 1740 rito
677 1689 734 1739 et
760 1684 992 1756 absque
1018 1684 1351 1757 quaestione
1386 1684 1589 1756 aliqua
1639 1691 1778 1739 sunt
1803 1685 2188 1756 repudiandi.

543 1773 600 1827 Si
622 1787 762 1828 vero
788 1772 866 1828 ab
888 1772 1113 1845 aliquo,
1136 1773 1445 1828 nescimus
1462 1789 1608 1844 quo,
1629 1773 1810 1828 talem
1837 1773 2196 1843 scripturam

541 1861 804 1932 suscepit
847 1867 904 1916 et
933 1862 1122 1917 tenuit
1168 1862 1419 1918 Ecclesia
1494 1864 1856 1930 Graecorum,
1915 1861 2193 1927 dicimus,

539 1949 707 2022 quod
728 1949 786 2004 in
820 1952 1020 2006 Graeca
1049 1951 1397 2007 auctoritate
1417 1951 1730 2018 ignoratur
1748 1950 1937 2021 ipsius
1957 1955 2192 2014 veritas,

539 2043 593 2094 et
647 2038 799 2093 inter
845 2040 1197 2112 apocrypha
1249 2043 1307 2094 et
1351 2038 1540 2095 dubia
1571 2043 1712 2100 sunt
1749 2038 2190 2110 computanda:

539 2129 892 2200 apocrypha
924 2135 1126 2185 autem
1160 2129 1418 2184 Ecclesia
1443 2129 1649 2194 nescit,
1685 2127 1786 2183 ubi
1814 2129 2075 2184 maxime
2095 2144 2194 2183 eo-

537 2233 672 2272 rum
708 2218 941 2274 silentio
972 2218 1200 2273 veritati
1226 2219 1463 2289 penitus
1521 2218 1890 2273 convincitur
1930 2218 2195 2273 obviare.

541 2305 692 2370 Quid
710 2322 852 2376 ergo
875 2307 1010 2362 est?
1033 2306 1153 2362 Nos
1175 2322 1318 2362 sane
1366 2305 1625 2377 primam
1651 2311 1881 2376 partem
1903 2306 2082 2376 hujus
2109 2321 2200 2359 ar-

542 2395 1010 2465 gumentationis
1043 2395 1348 2464 eligentes,
1392 2393 1655 2450 dicimus
1702 2410 1838 2467 cum
1863 2395 2199 2466 expositore

545 2498 871 2548 canonum,
902 2499 965 2538 re
995 2489 1051 2539 et
1076 2483 1319 2539 nomine
1347 2483 1608 2538 maxime
1638 2483 1790 2537 inter
1821 2486 2054 2538 Graecos
2085 2484 2197 2554 (44)

543 2571 710 2644 quod
754 2572 1012 2642 Photius,
1061 2572 1157 2628 vel
1213 2573 1503 2628 Photinus
1579 2571 1938 2644 patriarcha,
1993 2575 2202 2627 auctor

549 2660 916 2728 schismatis,
967 2663 1072 2733 qui
1119 2661 1311 2718 multa
1337 2661 1412 2718 de
1465 2662 1644 2716 corde
1677 2676 1788 2716 suo
1839 2661 1966 2715 ﬁxit
1993 2667 2202 2716 contra

549 2747 811 2818 Latinos,
839 2748 1058 2804 dubios
1089 2765 1372 2815 canones,
1397 2754 1451 2804 et
1508 2748 1709 2820 plures
1731 2747 1881 2803 alios
1904 2747 2203 2819 apostolo-

548 2852 682 2892 rum
713 2837 1072 2904 canonibus,
1101 2846 1157 2894 et
1183 2838 1436 2894 aliorum
1466 2843 1810 2894 sanctorum
1843 2840 2085 2892 Patrum
2119 2837 2205 2892 in-

549 2925 842 2991 terseruit,
874 2932 931 2982 et
951 2927 1010 2982 in
1040 2927 1240 2983 multis
1261 2926 1407 2982 locis
1432 2927 1624 2982 libens
1649 2926 1958 2982 veritatem
1989 2925 2204 2980 conde.-

545 3015 796 3071 mnavit.

619 3101 900 3160 Secundo
927 3104 1007 3160 ad
1032 3104 1192 3160 idem
1225 3103 1502 3169 dicimus,
1567 3101 1733 3174 quod
1767 3102 1925 3158 beati
1950 3101 2206 3173 apostoli

546 3195 603 3246 et
634 3193 823 3248 sancti
854 3195 1053 3249 Patres
1084 3194 1265 3249 etiam
1292 3192 1608 3264 complura
1659 3191 2020 3248 deﬁnierunt
2039 3197 2094 3246 et
2119 3206 2210 3247 or-

546 3278 910 3337 dinaverunt
934 3283 995 3337 in
1030 3283 1306 3350 Ecclesia,
1339 3298 1450 3354 pro
1479 3281 1656 3337 variis
1682 3280 1879 3336 causis
1931 3285 1987 3334 et
2035 3295 2208 3334 even-
2241 3273 2280 3327 C

547 3367 732 3435 tibus,
764 3369 1038 3426 locorum
1065 3371 1351 3426 nimirum
1379 3375 1432 3425 et
1465 3375 1830 3440 temporum,
1861 3371 2042 3422 etiam
2071 3383 2211 3439 per-

548 3471 858 3524 sonarum,
879 3458 1103 3530 quibus
1127 3457 1336 3530 procul
1354 3457 1540 3513 dubio
1560 3455 1842 3512 causisde
1861 3455 2060 3510 medio
2075 3455 2188 3511 sub

547 3542 703 3611 latis,
737 3561 946 3601 eorum
978 3547 1246 3602 similiter
1270 3548 1514 3602 effectus
1544 3545 1770 3609 debuit,
1827 3549 1884 3599 et
1911 3543 2095 3600 debet
2122 3540 2216 3623 ra:

553 3632 913 3692 tionabiliter
965 3641 1023 3692 et
1079 3636 1206 3691 sine
1290 3651 1476 3691 causa
1529 3634 1839 3689 removeri.
1912 3633 2056 3688 Hinc
2106 3638 2213 3714 est,

549 3722 715 3793 quod
742 3725 1042 3782 interdum
1071 3725 1284 3795 rigida,
1303 3724 1602 3780 interdum
1625 3722 1874 3778 remissa
1895 3721 2212 3794 imperant.

555 3811 930 3885 Quandoque
959 3813 1137 3869 etiam
1155 3815 1213 3869 in
1235 3813 1328 3872 his
1348 3828 1484 3884 quae
1509 3818 1647 3866 sunt
1667 3810 1790 3863 suis
1836 3809 2215 3880 praedicatio-

551 3899 732 3956 nibus
764 3903 1081 3970 contraria,
1120 3902 1504 3958 inveniuntur
1523 3900 1929 3970 dispensasse.
1956 3898 2215 3954 Probant

552 3990 668 4046 hoc
699 3997 872 4048 actus
913 3992 1266 4049 eorumdem
1321 3989 1754 4062 apostolorum,
1815 3987 1918 4043 ubi
1949 3987 2022 4041 de
2075 4003 2214 4042 con-

555 4095 742 4134 sensu
774 4082 1046 4138 unanimi
1096 4097 1293 4153 pauca
1313 4080 1618 4152 quaedam,
1650 4075 1757 4132 sed
1789 4083 1988 4132 tamen
2011 4076 2216 4144 gravia

557 4169 838 4236 gentibus
865 4171 1261 4242 imponentes,
1324 4169 1550 4223 scilicet
1580 4168 1882 4223 abstinere
1930 4166 2006 4220 ab
2038 4165 2215 4219 idolis

556 4256 901 4322 immolatis,
918 4257 1604 4327 etsanguz’nesu/focato,
1631 4261 1686 4310 et
1708 4253 2213 4322 fornicatione";

562 4343 845 4414 quaedam
909 4346 1300 4417 postmodum
1326 4345 1544 4400 Paulus
1562 4344 1771 4397 doctor
1792 4341 2084 4410 gentium,
2111 4341 2214 4413 qui

557 4431 769 4486 eodem
803 4433 1011 4503 spiritu
1044 4434 1255 4506 plenus
1287 4438 1432 4498 erat,
1460 4438 1518 4486 ut
1548 4431 1696 4486 infra
1753 4429 2001 4493 dicetur,
2060 4431 2215 4483 salu-

557 4519 738 4574 briter
768 4522 1085 4576 revocavit.
1127 4522 1288 4576 ldem
1317 4521 1495 4576 etiam
1550 4518 1888 4601 Apostolus,
1925 4534 2038 4590 pro,
2071 4523 2216 4573 tem-

2292 625 2451 679 visus
2468 629 2556 679 est
2577 625 2870 695 imperare
2893 617 3203 691 apostolis,
3226 632 3362 671 cum
3385 613 3606 670 scilicet
3626 627 3737 666 eos
3774 607 3969 663 modo

2293 729 2430 766 cum
2463 713 2639 766 unica
2675 711 2891 777 tunica,
2920 715 2976 764 et
3008 707 3133 762 sine
3163 703 3454 772 sandalis,
3479 707 3535 756 et
3577 701 3832 771 alisque
3860 699 3968 751 ba-

2295 799 2448 870 culo,
2471 782 2654 855 modo
2675 816 2812 853 cum
2833 797 3094 864 duabus,
3117 800 3174 849 et
3190 792 3482 849 calceatos
3507 789 3681 844 mittit
3699 786 3794 842 ad
3819 801 3972 857 pra:-

2295 887 2646 944 dicandum.

2369 980 2429 1032 In
2451 975 2900 1032 deﬁnitionibus
2928 987 3174 1046 quoque
3208 974 3468 1038 Patrum,
3489 969 3638 1023 sicut
3658 965 3973 1022 diximus,

2297 1065 2901 1125 multainveniuntur,
2923 1077 3059 1133 quae
3079 1062 3190 1116 hoc
3207 1059 3366 1115 idem
3386 1057 3643 1122 probant
3661 1051 3972 1112 similiter,

2298 1155 2414 1211 hoc
2445 1160 2549 1219 est,
2583 1153 2866 1226 quasdam
2899 1167 3006 1222 pro
3034 1157 3321 1220 tempore,
3349 1154 3404 1202 et
3431 1145 3509 1204 ad
3562 1151 3822 1214 tempus
3859 1145 3953 1194 sta

2301 1248 2428 1299 tuta
2457 1242 2656 1306 fuisse,
2689 1243 2896 1296 Dicunt
2927 1239 3084 1294 enim
3107 1238 3166 1293 in
3196 1233 3564 1308 quibusdam
3593 1232 3724 1286 suis
3757 1228 3974 1284 deﬁni-

2303 1332 2588 1401 tionibus,
2605 1338 2781 1403 prout
2803 1332 3139 1385 Grmcorum
3165 1326 3423 1398 probant
3440 1320 3847 1393 exemplaria,
3876 1316 3978 1372 tali

2306 1421 2530 1476 modo:
2571 1421 2788 1492 Siquis
2822 1435 3029 1472 carnes
3079 1415 3356 1471 etcaules
3399 1414 3457 1468 in
3489 1412 3584 1466 die
3645 1407 3975 1465 Dominico

2306 1527 2426 1567 non
2451 1511 2793 1574 comederit,
2818 1511 2860 1562 si
2887 1508 3132 1562 clericus
3155 1512 3263 1566 est,
3311 1504 3650 1575 deponatur
3674 1518 3689 1568 ;
3714 1500 3763 1552 si
3787 1497 3978 1552 laicus

2308 1605 2415 1664 est,
2465 1599 3040 1654 excommunicetur.
3084 1598 3148 1650 Et
3195 1597 3440 1650 iterum:
3500 1590 3555 1647 Si
3609 1589 3761 1660 quis
3816 1587 3975 1641 diem

2307 1689 2681 1746 Dominicum
2719 1687 2986 1758 iejunare
3033 1686 3312 1740 inventus
3361 1680 3550 1740 fuerit,
3602 1677 3697 1733 vel
3746 1674 3976 1732 Satiba—

2305 1783 2431 1834 tum
2468 1782 2680 1844 praeter
2713 1791 2921 1839 unum,
2954 1773 3277 1830 anathema
3299 1771 3388 1826 sit.
3416 1771 3547 1824 Haec
3571 1766 3728 1823 etiis
3753 1763 3974 1818 similia

2303 1866 2496 1922 multa
2525 1869 2877 1922 statuerunt.
2907 1862 3098 1930 Quod,
3129 1869 3196 1916 ut
3224 1876 3383 1932 srepe
3414 1858 3709 1922 diximus,
3743 1854 3969 1910 factum

2304 1961 2415 2022 est,
2444 1960 2506 2010 ut
2529 1970 2601 2010 ex
2631 1953 2849 2009 talibus
2883 1951 3120 2008 statutis
3147 1965 3398 2016 errores,
3443 1948 3545 2019 qui
3566 1951 3754 2000 erant
3780 1944 3842 1998 in
3878 1944 3970 1996 Ec-

2305 2044 2506 2111 clesia,
2538 2042 2855 2098 evellerent
2875 2059 2889 2108 ;
2912 2058 3056 2108 non,
3074 2045 3138 2094 ut
3156 2038 3352 2107 legem
3371 2041 3730 2109 perpetuam
3759 2049 3840 2088 ex
3865 2033 3966 2085 hoc

2304 2132 2652 2189 hominibus
2699 2129 3148 2202 persuaderent.
3183 2127 3286 2183 Cui
3343 2127 3502 2180 enim
3534 2123 3814 2178 dubium
3863 2125 3967 2179 est,

2305 2221 2472 2294 quod
2503 2220 2671 2276 multi
2717 2219 2988 2274 ﬁdelium
3030 2217 3330 2273 abstinent
3372 2231 3406 2271 a
3454 2211 3751 2270 carnibus
3805 2208 3966 2265 omni

2306 2311 2622 2381 tempore?
2651 2315 2709 2365 et
2729 2315 2930 2364 tamen
2963 2323 3081 2362 non
3138 2311 3420 2378 peccant;
3451 2309 3507 2359 et
3562 2300 3742 2374 quod
3771 2299 3969 2371 plures

2308 2400 2406 2456 alii
2438 2406 2560 2455 tam
2587 2400 2644 2454 in
2673 2398 2857 2460 festis,
2887 2412 3075 2469 quam
3106 2396 3162 2448 iu
3190 2395 3319 2450 aliis
3343 2409 3454 2465 pro
3494 2392 3682 2447 salute
3753 2400 3963 2458 corpo-

2307 2487 2688 2560 ris,quidam
2722 2502 2831 2558 pro
2858 2486 3045 2541 salute
3093 2483 3354 2540 animas?
3382 2488 3437 2538 et
3487 2485 3696 2536 tamen
3753 2477 3819 2533 in
3874 2473 3965 2529 tali

2309 2595 2488 2651 opere
2510 2577 2674 2633 nullo
2697 2576 2882 2632 modo
2904 2579 3172 2647 peccant,
3204 2574 3348 2646 quia
3374 2569 3846 2634 intentioﬁnem
3867 2565 3966 2619 im-

2309 2668 2480 2739 ponit
2505 2667 2692 2738 operi,
2723 2681 2847 2721 non
2871 2679 3026 2735 opus
3057 2662 3389 2722 intentioni.
3416 2657 3764 2716 secundum
3812 2651 3969 2726 quod

2309 2757 2491 2812 iidem
2524 2759 2720 2810 Patres
2752 2754 2937 2809 sancti
2971 2754 3031 2808 in
3082 2751 3380 2824 plerisque
3428 2749 3553 2804 suis
3610 2743 3966 2802 tractatibus

2313 2853 2511 2918 aperte
2533 2850 2958 2912 exposuerunt.
2985 2843 3097 2900 Sed
3121 2858 3194 2898 ne
3224 2847 3564 2896 nostrorum
3589 2834 3966 2892 adversario-

2313 2952 2445 2991 rum
2470 2951 2711 2996 manus,
2735 2933 2817 2988 sic
2839 2931 3189 3002 generaliter
3209 2926 3659 3000 respondendo,
3686 2923 3966 2991 effugisse

2312 3024 2648 3093 videamur,
2693 3023 3017 3079 redeamus
3073 3019 3150 3076 ad
3207 3017 3464 3086 singula,
3515 3020 3570 3071 et
3626 3014 3960 3071 videamus.

2319 3119 2515 3169 utrum
2539 3128 2650 3169 nos
2675 3112 2932 3182 objecta,
2965 3126 3043 3165 an
3075 3112 3329 3174 Graecos,
3363 3107 3467 3180 qui
3526 3120 3599 3160 ea
3653 3103 3962 3174 objiciunt,

2316 3190 2733 3258 miserabiliter
2761 3200 3072 3254 damnent.

2393 3292 2536 3347 Dicit
2555 3306 2711 3346 unus
2736 3305 2952 3352 canon,
2975 3301 3156 3360 quem
3179 3285 3590 3358 apostolorum
3629 3283 3962 3338 nominant.

2319 3381 2470 3436 sicut
2511 3395 2698 3452 supra
2753 3385 3068 3435 ostensum
3097 3382 3206 3443 est,
3271 3377 3381 3431 isto
3429 3373 3652 3429 modo:
3696 3398 3716 3420 ι
3756 3372 3811 3427 Si
3843 3368 3965 3440 quis

2321 3470 2660 3542 episcopus,
2697 3475 2798 3525 aut
2824 3467 3156 3539 presbyter,
3181 3471 3284 3520 aut
3305 3464 3600 3519 diaconus
3621 3477 3805 3516 suam
3838 3472 3964 3512 uxo-

2320 3575 2468 3626 rem,
2507 3581 2526 3606 ι
2562 3563 2674 3614 etc.

2397 3647 2680 3711 Dicimus,
2709 3645 2872 3718 quod
2905 3647 2965 3700 in
3023 3643 3282 3700 Ecclesia
3327 3641 3426 3697 Dei
3456 3637 3819 3695 occidentali
3843 3650 3964 3690 nus-

2323 3753 2507 3808 quam
2561 3736 2674 3792 tale
2726 3735 3003 3802 vidimus,
3039 3750 3148 3789 nec
3179 3731 3578 3804 permittimus
3611 3728 3744 3783 ﬁeri
3803 3723 3962 3799 quale

2323 3826 2499 3881 nobis
2521 3824 2702 3881 Graeci
2733 3823 3059 3894 objiciunt;
3093 3821 3381 3886 videlicet,
3425 3824 3488 3873 ut
3524 3817 3746 3888 aliquis
3780 3812 3961 3870 matri-

2324 3913 2531 3969 monio
2551 3913 2810 3981 legitime
2857 3910 3172 3982 copulatus
3223 3908 3336 3964 sub
3361 3913 3650 3978 praetextu
3719 3902 3959 3970 alicujus

2323 4001 2624 4068 religionis
2653 4000 2742 4055 vel
2781 3999 3129 4062 honestatis,
3180 4013 3352 4052 suam
3411 3995 3668 4050 dimittat
3702 4005 3958 4048 uxorem.

2323 4091 2455 4162 ipsa
2480 4089 2862 4157 reclamante,
2889 4093 2990 4142 aut
3029 4088 3338 4142 renitente.
3375 4083 3488 4140 Sed
3521 4084 3720 4155 potius
3753 4096 3862 4136 nos
3894 4085 3963 4130 ta-

2322 4179 2408 4235 les
2437 4195 2541 4251 per
2571 4193 2889 4233 censuram
2940 4175 3405 4230 ecclesiasticam
3449 4170 3887 4242 compellimus,
3920 4164 3960 4217 si

2321 4284 2504 4339 quam
2540 4266 2886 4334 religionem
2918 4264 3171 4332 ingressi
3216 4268 3374 4331 sunt,
3415 4261 3734 4319 dimittere.
3769 4265 3824 4312 et
3853 4269 3961 4308 suae

2323 4371 2563 4428 sponsae
2583 4355 2842 4424 legitime
2873 4352 3163 4424 cOpulari.
3197 4354 3407 4406 Verum
3431 4351 3475 4405 si
3523 4349 3702 4404 soluti
3729 4351 3881 4408 sunt,
3912 4348 3958 4394 et

2323 4445 2398 4499 ad
2423 4460 2660 4500 sacrum
2688 4443 2964 4498 ordinem
2990 4449 3200 4512 sponte
3223 4446 3279 4495 et
3300 4439 3629 4494 voluntarie
3652 4436 3957 4502 confugere

2322 4533 2550 4594 volunt,
2588 4549 2722 4587 cum
2758 4548 2891 4586 mos
2919 4532 3202 4601 antiquus
3224 4531 3280 4584 in
3313 4527 3668 4583 occidentali
3693 4522 3954 4582 Ecclesia,

557 4625 723 4682 pore,
757 4626 867 4681 pro
920 4627 1104 4666 causa
1159 4612 1340 4666 etiam
1401 4609 1550 4674 utili,
1600 4607 1969 4662 circumcidit
2022 4607 2201 4662 'l‘imo-

2323 4623 2402 4677 ob
2430 4622 2776 4692 religionem
2825 4620 2960 4674 ﬁdei
3020 4627 3076 4674 et
3129 4617 3484 4674 sacramenti
3554 4614 3956 4670 reverentiam.

556 4699 780 4762 theum,
814 4705 870 4753 et
901 4700 1289 4769 postmodum
1316 4697 1460 4752 dixit
1484 4696 1742 4751 Galatis:
1797 4696 1863 4750 Si
1895 4698 2212 4750 circumci-

557 4789 789 4856 dimim',
813 4788 1090 4845 Christ-us
1108 4789 1267 4842 vobis
1283 4786 1690 4855 nihilprodest
1710 4787 1776 4838 ιο.
1794 4784 1935 4838 llinc
1949 4785 2211 4858 estquod

556 4878 786 4948 Cephas
817 4876 1101 4950 quaedam
1132 4875 1347 4945 legalia
1373 4891 1575 4930 coram
1602 4873 1821 4928 JllthlS
1843 4874 2044 4938 tenuit,
2077 4873 2211 4950 licet

555 4947 870 5040 appareret
916 4965 1426 5039 reprehensibilis,
1500 4969 1744 5036 propter
1792 4962 2078 5019 inﬁrmos.
2147 4947 2208 5019 Et

553 5057 770 5111 Paulus
803 5055 1071 5111 similiter
1094 5055 1350 5110 totondit
1404 5054 1517 5110 sibi
1571 5059 1752 5126 caput
1808 5052 1867 5106 in
1901 5052 2202 5124 Cenchris,

551 5146 1052 5215 coruscantejam
1084 5143 1420 5212 Evangelio,
1454 5141 1941 5215 etpuriﬁcandus
1996 5157 2205 5214 secun-

546 5234 696 5288 dum
725 5233 917 5302 legem
949 5232 1220 5289 ascendit
1272 5231 1775 5302 Hierosolymam,
1808 5236 1869 5285 ut
1924 5235 2204 5285 tractaret

552 5339 687 5377 cum
720 5321 1109 5393 quibusdam,
1143 5321 1244 5392 qui
1278 5326 1477 5376 votum
1511 5321 1772 5398 fecerant
1816 5319 1877 5373 in
1913 5318 2198 5404 templum

552 5410 808 5466 Domini.
838 5411 978 5464 llinc
1009 5415 1094 5464 est
1119 5409 1320 5475 etiam,
1344 5410 1506 5481 quod
1568 5409 1838 5465 Salvator
1893 5412 2114 5472 noster,
2146 5412 2201 5462 et

621 5518 667 5552 3’
703 5521 828 5571 Act.
859 5532 955 5585 xv,
990 5520 1078 5570 20.
1158 5518 1203 5551 ⁵ο
1235 5517 1419 5572 Galat.
1453 5533 1509 5585 v,
1542 5521 1574 5570 2

619 5694 730 5767 (44)
755 5692 1098 5757 Nominato,
1125 5691 1216 5746 vel
1246 5691 1434 5746 simile
1465 5690 1610 5761 quid
1634 5689 1820 5744 defuit
1844 5689 1905 5743 in
1937 5704 2050 5744 ms.

2322 4711 2661 4769 obtinuerit,
2702 4717 2763 4764 ut
2800 4708 3052 4764 ministri
3107 4706 3473 4762 immaculati
3503 4704 3726 4766 altaris,
3751 4709 3806 4759 et
3848 4715 3952 4755 non

2320 4800 2552 4854 umbrae
2584 4805 2640 4853 et
2667 4797 3009 4852 carnalibus
3029 4796 3354 4859 sacrificiis,
3386 4793 3488 4848 sed
3519 4792 3744 4847 veritati
3772 4797 3827 4844 et
3855 4786 3947 4858 spi-

2317 4889 2451 4944 ritui
2477 4889 2785 4950 servirent,
2831 4889 3146 4957 exiguntur
3182 4899 3389 4941 revera
3420 4888 3624 4937 votum
3676 4877 3953 4936 castitatis

2317 4979 2602 5042 emittere,
2639 4975 3161 5048 quemadmodum
3193 4974 3276 5034 hi.
3320 4972 3423 5043 qui
3469 4973 3700 5043 seipsos
3733 4977 3954 5041 propter

2315 5082 2563 5135 regnum
2591 5065 2876 5120 caelorum
2909 5068 3316 5118 castraverunt
3347 5063 3619 5128 ingressu
3645 5054 3946 5128 religionis.

2316 5162 2517 5209 votum
2545 5154 2918 5218 obedientite,
2953 5152 3239 5206 castitatis
3271 5156 3327 5206 et
3357 5148 3727 5221 paupertatis
3786 5143 3948 5217 proti—

2313 5249 2508 5298 tentur
2533 5261 2544 5310 ;
2570 5249 2625 5298 et
2645 5243 2927 5314 quaedam
2953 5240 3067 5296 alia
3081 5239 3410 5295 secundum
3441 5237 3658 5300 regulae
3680 5236 3945 5290 instituta.

2311 5335 2433 5387 Non
2469 5347 2611 5399 ergo
2643 5333 2914 5400 cogimus
2937 5330 3178 5385 clericos
3213 5330 3286 5383 ad
3317 5328 3696 5382 coiitinentize
3751 5331 3944 5378 sortem

2308 5421 2694 5488 descendere,
2724 5421 2826 5475 sed
2855 5421 2939 5476 eis
2994 5419 3269 5488 religiose
3301 5425 3356 5472 et
3407 5419 3500 5486 pie
3559 5415 3944 5486 prredicimus.
