4020 6310
91 368 177 421 565

88 489 253 562 quod,
280 489 334 545 si
366 489 567 547 talem
588 489 861 547 ordinem
890 493 946 547 et
966 489 1226 563 gradum
1257 487 1580 545 ascendere
1604 482 1754 540 desi-

86 578 598 652 derant,'oportet
625 594 729 634 eos
747 580 888 650 jura
917 580 1009 637 sui
1054 578 1281 635 ordinis
1336 573 1757 632 inviolabiliter

85 669 427 725 observare.
458 668 809 738 Congruum
831 674 923 724 est
943 668 1193 741 quippe,
1221 672 1277 723 et
1298 678 1639 723 consonum
1664 676 1753 716 ra-

85 757 234 827 tioni,
269 763 335 813 ut
365 758 424 813 si
460 758 750 815 sacerdos
769 758 1382 831 legalisingressurus
1402 754 1751 811 tabernacu-

85 848 210 911 lum.
243 847 348 903 vel
378 848 688 922 templum
718 848 796 904 ad
826 846 1262 905 immolandam
1304 845 1628 909 victimam,
1660 840 1754 898 vel

83 938 392 993 incensum
406 937 698 1008 Domino,
718 942 983 1010 tempore
996 936 1141 992 vicis
1161 953 1300 1005 suae,
1318 948 1559 991 carnem
1576 946 1751 986 suam

86 1025 235 1083 freno
287 1026 689 1083 continentiae
738 1025 1208 1091 moderabatur;
1258 1022 1425 1098 quod
1472 1020 1751 1078 sacerdos

84 1114 476 1185 evangelicus
491 1164 498 1169 .
516 1116 619 1189 qui
636 1115 895 1171 hostiam
914 1114 1629 1182 immaculatam,Agnum
1644 1109 1745 1164 sci-

82 1203 195 1264 licet
224 1219 486 1269 verum,
536 1219 659 1259 non
698 1203 1188 1260 obumbraticum
1243 1199 1509 1275 quotidie
1536 1196 1748 1253 offerre

83 1290 261 1357 debet,
296 1292 589 1365 quotidie
620 1298 674 1348 et
714 1291 995 1348 continue
1024 1291 1317 1347 castitatis
1368 1292 1426 1344 et
1477 1285 1748 1359 puritatis

81 1386 223 1437 veste
254 1381 590 1448 induatur,
622 1382 672 1438 si
701 1381 1095 1454 omnipotenti
1124 1384 1240 1437 Deo
1264 1377 1623 1436 sacriﬁcium
1650 1391 1746 1431 ac-

90 1469 379 1545 ceptabile
414 1469 632 1527 oﬂ'erre
663 1471 1050 1545 concupiscit.
1100 1473 1225 1525 Non
1275 1468 1456 1537 igitur
1502 1481 1615 1521 nos
1646 1460 1746 1519 illa

82 1557 366 1629 inhibitio,
405 1559 523 1615 sed
556 1561 892 1616 Graecorum
926 1558 1249 1615 Ecclesiam
1281 1556 1489 1627 tangit,
1518 1570 1654 1627 quas
1682 1554 1743 1608 in

85 1646 238 1702 istam
287 1648 789 1704 maledictionem
841 1647 921 1703 ab
964 1647 1130 1703 initio
1177 1646 1417 1712 corruit,
1447 1649 1504 1701 et
1554 1656 1744 1714 usque

86 1734 245 1790 hodie
270 1736 711 1792 miserabiliter
740 1737 802 1792 in
833 1752 904 1791 eo
922 1740 1286 1809 perseverat.
1316 1740 1448 1806 Ipsa
1479 1747 1743 1803 namque

87 1830 179 1892 est,
208 1841 348 1898 qua:
381 1825 580 1881 laicos
607 1830 663 1881 et
692 1824 957 1898 plebeios
994 1825 1172 1890 viros,
1205 1828 1486 1879 uxoratos
1520 1829 1737 1891 tamen,
1773 1864 1816 1918 Β

85 1928 387 1970 assumens
420 1915 487 1971 in
521 1915 862 1988 episcopos,
890 1913 979 1970 vel
1021 1919 1249 1979 contra,
1282 1913 1439 1983 cogit
1467 1927 1570 1966 eos
1596 1925 1737 1964 con-

89 2001 513 2059 tradicentibus
563 2019 771 2059 eorum
823 2001 1131 2071 uxoribus,
1195 2001 1478 2057 castitatis
1530 2003 1738 2053 votum

90 2090 360 2163 emittere,
399 2092 500 2148 vel
529 2093 963 2149 monasterium
996 2091 1240 2163 aliquod
1265 2090 1527 2155 introire,
1571 2087 1737 2159 ipsas

94 2194 350 2249 sponsas.
383 2181 825 2237 continentiam
858 2181 1141 2252 proﬁteri.
1178 2179 1338 2234 lstud
1379 2176 1736 2250 probatione

90 2281 195 2347 non
224 2266 484 2340 indiget,
508 2269 653 2343 quia
678 2285 829 2342 pene
859 2270 942 2326 tot
965 2275 1140 2324 testes
1171 2272 1328 2337 sunt,
1359 2270 1505 2338 quot
1542 2263 1733 2345 gentis

91 2342 229 2410 illius
243 2342 719 2415 consuetudines
741 2374 863 2415 non
888 2358 1187 2428 ignorant.
1214 2360 1418 2412 Nonne
1442 2352 1535 2409 hic
1556 2342 1736 2423 caput

91 2443 319 2502 Goliathi
377 2449 631 2520 proprio
675 2463 815 2502 ense
858 2446 1185 2502 inciditur?
1243 2460 1445 2500 nonne
1497 2441 1733 2513 gladius

91 2546 299 2604 eorum,
333 2552 529 2608 super
562 2536 797 2592 Latinos
834 2536 1326 2602 vibratus,intrat
1346 2535 1406 2589 in
1428 2531 1610 2589 corda
1641 2546 1732 2587 co-

95 2637 233 2691 rum,
267 2631 321 2680 et
350 2641 541 2682 arcus
571 2628 613 2661 ⁸¹
652 2624 915 2682 indebite
946 2631 1169 2699 tensus,
1201 2625 1263 2678 in
1294 2623 1419 2678 suis
1448 2619 1732 2678 manibus

93 2706 294 2767 fractus
318 2730 458 2770 esse
490 2720 862 2770 monstratur
881 2714 909 2769 ?

156 2800 257 2855 Sed
281 2819 486 2859 canon
523 2803 936 2875 apostolorum
966 2807 1077 2870 est,
1102 2801 1203 2874 qui
1235 2801 1413 2856 dicit:
1447 2823 1475 2850 ‹‹
1508 2799 1576 2855 Si
1605 2799 1735 2871 quis

94 2889 404 2959 episcopus,
432 2916 459 2940 ιι
490 2897 601 2949 etc.
626 2894 820 2958 Quare
848 2907 967 2946 non
991 2890 1346 2946 observatur
1362 2886 1439 2944 ab
1462 2889 1545 2943 eis
1570 2887 1597 2941 ?
1625 2888 1736 2941 Cur

95 2975 248 3031 nobis
272 2979 702 3036 innocentibus
724 2996 898 3035 suam
921 2978 1371 3036 damnationem
1405 2982 1458 3032 et
1491 2976 1735 3047 turpitu-

95 3058 277 3120 dinem
314 3072 445 3123 tam
492 3067 793 3124 obstinato
829 3069 1031 3123 animo
1053 3066 1391 3137 objiciunt?
1416 3066 1561 3119 Cum
1594 3079 1736 3133 ergo

97 3155 447 3223 respondere
467 3172 591 3212 non
610 3156 864 3228 possint,
885 3163 1264 3211 transeamus
1285 3152 1363 3209 ad
1382 3152 1737 3207 vicesimum

1493 358 1773 417 CONTRA
1810 359 2136 423 GR/ECOS.

3424 357 3530 414 566

1866 487 2048 545 trium
2094 491 2445 549 sacerdotis.
2493 490 2905 547 Discernentes
2938 488 3141 545 autem
3177 479 3526 540 sacerdotes

1864 578 2165 648 Ecclesiae,
2194 596 2457 654 quorum
2474 583 2566 637 est
2587 578 2929 634 discernere
2957 576 3115 635 inter
3142 570 3418 629 ﬁdelium
3447 569 3528 626 le-

1863 682 2059 739 pram,
2092 675 2149 725 et
2174 685 2297 726 non
2325 668 2581 741 lepram,
2604 666 3052 739 judicaverunt,
3110 666 3174 719 ut
3202 661 3252 716 is
3282 658 3386 732 qui
3416 674 3526 732 per

1863 758 2310 814 contumaciam
2333 757 2411 813 ab
2438 755 2665 813 unitate
2693 753 2964 809 ﬁdelium
2988 753 3301 824 separatus
3331 752 3437 814 est,
3464 751 3524 804 et

1863 850 2114 902 matrem
2138 862 2335 911 suam,
2366 845 2427 901 id
2458 850 2548 902 est
2578 843 2926 908 Ecclesiam,
2951 841 3076 897 imo
3100 842 3288 895 Deum
3308 835 3522 909 inipsa

1861 934 2171 991 contristat
2198 933 2665 1003 contemnendo,
2687 935 3026 1005 prostratus
3048 942 3253 984 coram
3270 940 3340 981 eo
3357 928 3521 996 petat

1859 1025 2125 1090 veniam,
2173 1028 2232 1079 et
2270 1023 2330 1079 in
2363 1022 2606 1092 signum
2638 1019 3026 1091 subiectionis
3055 1019 3114 1073 et
3168 1012 3517 1071 humilitatis

1859 1128 2080 1184 corpus
2110 1111 2570 1185 percutiendum
2607 1116 2662 1166 et
2685 1106 3129 1167 verberandum
3155 1096 3520 1170 offerat,imi-

1859 1207 2018 1259 tatus
2036 1218 2175 1258 eum
2200 1221 2212 1270 ;
2228 1202 2332 1275 qui
2350 1201 2493 1257 dicit
2511 1217 2523 1254 :
2551 1200 2783 1272 Corpus
2806 1213 3001 1255 meum
3021 1194 3160 1253 dedi
3174 1193 3512 1263 percutien-

1857 1294 2036 1359 tibus,
2059 1299 2308 1365 etgenas
2325 1307 2484 1348 mea:
2499 1282 2852 1348 vellentibus
2865 1289 2933 1342 ⁸³.
2953 1289 3016 1343 Et
3035 1287 3253 1342 iterum
3276 1300 3289 1339 :
3317 1281 3508 1337 Disci-

1853 1384 2030 1454 plina
2050 1385 2223 1453 pacis
2242 1394 2461 1439 nostrae
2490 1396 2672 1450 super
2695 1395 2830 1437 eum
2864 1378 2932 1445 ιὲ,
2964 1381 3076 1434 etc.
3105 1377 3170 1430 Et
3208 1378 3273 1429 ut
3296 1388 3369 1429 ex
3394 1371 3507 1428 hoc

1854 1472 2132 1529 ostendat
2150 1470 2465 1544 paenitens,
2491 1468 2812 1526 Ecclesiam
2835 1466 2937 1523 Dei
2962 1469 3215 1521 matrem
3236 1466 3295 1518 et
3315 1459 3505 1531 magi~

1854 1566 2037 1616 stram
2056 1575 2185 1615 esse
2205 1560 2339 1615 vitae
2360 1564 2418 1615 et
2437 1557 2712 1615 moribus
2733 1554 3144 1630 parvulorum,
3164 1552 3229 1608 in
3248 1564 3502 1623 quorum

1852 1648 2134 1705 nimirum
2188 1648 2466 1705 cordibus
2520 1645 2858 1703 secundum
2916 1640 3235 1717 Sapientiae
3290 1652 3499 1708 voces,

1850 1739 2113 1795 stultitia
2144 1738 2432 1808 colligata
2455 1738 2558 1803 est,
2590 1742 2643 1792 et
2673 1737 2844 1806 virga
2872 1732 3208 1800 disciplina
3235 1725 3503 1798 fulgabit

1851 1843 1978 1885 eam
2002 1829 2068 1882 “.
2096 1830 2230 1883 Esto
2246 1826 2449 1893 etiam,
2465 1825 2632 1899 quod
2652 1839 2863 1880 verum
2884 1823 2978 1889 sit,
2999 1820 3165 1894 quod
3189 1832 3384 1875 canon
3403 1814 3501 1872 ille

1852 1916 1927 1972 sit
1950 1914 2362 1988 apostolorum
2407 1919 2793 1977 sanctorum;
2828 1911 3066 1968 Latinos
3117 1913 3320 1965 tamen
3375 1917 3499 1961 non

1847 2005 2058 2075 tangit,
2081 2005 2226 2077 quia
2246 2018 2366 2059 non
2389 2002 2604 2058 dicitur
2619 2001 2878 2058 ibidem:
2909 2021 2930 2050 ι
2958 1998 3130 2065 Quod
3149 1997 3497 2071 quicunque

1846 2094 2170 2167 episcopus
2182 2091 2454 2159 voluerit,
2478 2095 2613 2160 etc.,
2630 2103 2994 2163 quacunque
3010 2104 3083 2143 ex
3102 2100 3309 2152 causa,
3335 2104 3364 2133 n
3387 2081 3494 2167 sed

1844 2163 2093 2239 dicitur:
2128 2204 2156 2231 «
2192 2181 2540 2254 Episcopus,
2567 2186 2701 2247 etc.,
2760 2178 3142 2235 verberantes
3172 2172 3401 2239 ﬁdeles,
3436 2163 3494 2228 et

1844 2277 2087 2346 propter
2102 2271 2217 2326 hoc
2239 2271 2431 2326 timeri
2450 2269 2683 2341 volunt,
2709 2290 2736 2319 ››
2765 2273 2877 2324 etc.
2900 2270 3028 2324 Non
3047 2264 3207 2321 enim
3236 2262 3353 2318 hoc
3371 2260 3493 2330 agit

1844 2356 2103 2417 Ecclesia
2121 2361 2392 2415 Romana
2406 2358 2466 2414 in
2487 2358 2610 2414 suis
2624 2356 2780 2425 ﬁliis,
2799 2362 3094 2429 tanquam
3111 2350 3490 2426 tyrannicam

1842 2466 2125 2508 exercens
2154 2452 2532 2521 potestatem,
2559 2447 2655 2504 vel
2683 2446 2823 2503 odio
2850 2448 3175 2510 commota,
3207 2440 3313 2498 sed
3356 2454 3489 2512 pro-

1841 2545 1971 2614 pter
1999 2538 2130 2595 illas
2155 2552 2394 2609 causas,
2422 2552 2577 2609 quas
2601 2535 3015 2609 praediximus,
3047 2537 3105 2590 et
3135 2530 3304 2596 alias,
3333 2543 3487 2601 quas

1840 2634 2086 2704 propter
2114 2627 2466 2683 brevitatem
2489 2625 2836 2698 judicamus
2863 2622 3220 2680 retinendas.

1916 2718 2032 2777 Sed
2074 2717 2331 2774 Ecclesia
2360 2717 2726 2783 Graecorum,
2766 2731 2903 2788 quae
2948 2713 3183 2771 trabem
3211 2713 3402 2782 gestat
3425 2708 3488 2766 in

1843 2809 2040 2871 oculo,
2073 2823 2259 2880 quam
2282 2822 2404 2862 non
2426 2805 2736 2873 videt,sed
2757 2805 2954 2878 potius
2977 2804 3268 2860 festucam
3300 2798 3491 2856 modi-

1844 2914 1977 2955 cam
2010 2897 2071 2952 in
2093 2896 2268 2959 oculo
2289 2893 2488 2950 fratris
2521 2895 2616 2950 sui
2639 2897 2708 2960 ⁵⁵,
2740 2894 2877 2963 hoc,
2907 2892 3076 2964 quod
3105 2890 3282 2949 nobis
3334 2887 3492 2959 obji-

1845 2988 1944 3051 cit,
1977 2985 2303 3042 studiosius
2332 2984 2560 3056 implet,
2593 2999 2717 3041 non
2748 2982 2884 3039 dico
2909 2982 2970 3037 in
3014 2981 3140 3036 suis
3193 2978 3385 3047 laicis,
3415 2977 3496 3033 ad

1845 3092 2002 3149 quos
2018 3075 2303 3131 nimirum
2324 3089 2542 3128 manus
2554 3072 2875 3129 extendere
2894 3085 3019 3126 non
3038 3066 3367 3142 prwsumit,
3389 3065 3496 3122 sed

1845 3165 1906 3220 in
1939 3164 2062 3218 suis
2086 3161 2412 3234 papatibus
2438 3166 2495 3217 et
2514 3160 2763 3227 clericis,
2784 3173 2938 3231 quos
2956 3163 3252 3230 tanquam
3271 3153 3418 3211 viles
3439 3160 3500 3210 et

95 3240 403 3310 Septimum
438 3258 757 3312 οδηοηθω»
788 3243 893 3315 (illi
920 3242 1059 3298 dicit
1088 3263 1098 3301 ί
1134 3265 1155 3292 ⁶
1195 3241 1574 3314 Episcopum:
1615 3241 1737 3295 Sive
1768 3237 1807 3292 (ἶ
1845 3251 2121 3308 rusticos.
2152 3249 2377 3323 pugnis
2400 3249 2620 3306 faciunt
2647 3248 2969 3316 verberari,
3008 3244 3246 3303 sublato
3298 3247 3500 3301 tamen

98 3328 526 3402 presbyterum,
552 3331 641 3387 vel
672 3331 998 3388 diaconum
1030 3330 1415 3387 verberantes
1448 3328 1676 3395 ﬁdeles,
1710 3352 1736 3379 υ

98 3419 190 3469 etc.

158 3507 546 3579 Respondeo:
582 3509 646 3564 In
667 3509 935 3583 quolibet
978 3514 1225 3581 peccato
1256 3507 1573 3564 manifesto
1630 3506 1739 3562 tria

99 3591 163 3647 ad
217 3598 413 3654 minus
468 3600 870 3671 reperiuntur,
926 3597 1167 3665 scilicet,
1226 3596 1414 3652 libido
1472 3595 1735 3661 interior,

100 3696 230 3753 opus
249 3688 531 3755 exterius,
554 3695 608 3743 et
629 3688 929 3744 evidentia
952 3687 1231 3744 libidinis.
1258 3685 1519 3741 lnteriori
1551 3685 1737 3741 offen-

102 3768 424 3833 diturDeus.
456 3777 836 3833 Diiformatur
851 3777 1077 3850 quippe
1101 3777 1305 3832 anima
1321 3777 1737 3846 adimaginem

103 3860 185 3914 Dei
209 3862 381 3935 facta,
417 3872 475 3922 et
504 3869 677 3932 Deus,
707 3866 811 3939 qui
841 3864 941 3922 tibi
988 3854 1313 3937 prohibuit,
1344 3864 1674 3937 despicitur
1702 3881 1740 3920 a

102 3954 366 4010 creatura.
398 3957 590 4028 Opere
612 3955 887 4011 exteriori
915 3954 1244 4026 corrumpit
1270 3954 1454 4009 homo
1473 3953 1737 4025 seipsum

101 4037 362 4101 etalium.
400 4045 713 4100 Evidentia
745 4061 904 4107 vero,
937 4043 1023 4099 vel
1064 4043 1434 4113 enormitate,
1483 4059 1616 4115 quae
1649 4048 1740 4097 est

101 4122 301 4186 clamor
326 4150 468 4188 cum
497 4149 661 4199 voce,
697 4139 881 4189 totam
911 4131 1228 4188 Ecclesium
1265 4130 1530 4187 offendit.
1558 4134 1739 4202 Opor-

101 4216 163 4270 tet
211 4234 372 4290 ergo,
404 4223 450 4277 si
501 4222 621 4278 vult
652 4231 807 4279 recte
858 4222 1163 4295 poenitere,
1219 4226 1282 4276 ut
1338 4228 1546 4276 contra
1594 4224 1738 4275 istos

105 4312 201 4360 tres
232 4313 472 4368 morbos
504 4312 610 4369 tria
632 4312 915 4385 quaedam
945 4313 1183 4384 objecta
1205 4310 1474 4367 remedia
1499 4312 1735 4382 penitus

104 4393 383 4466 adhibeat,
409 4401 629 4457 scilicet
650 4400 922 4458 dolorem
947 4400 1343 4465 contritionis,
1368 4406 1578 4455 contra
1601 4399 1732 4455 libi-

101 4479 276 4554 dinem
299 4491 516 4546 mentis
546 4509 559 4557 ;
586 4488 861 4548 laborem
892 4489 1335 4557 satisfactionis,
1358 4506 1464 4561 per
1487 4505 1731 4545 exsecu-

1847 3341 2015 3413 prius
2046 3348 2117 3410 τῷ
2151 3339 2356 3412 ἱματίῳ,
2380 3338 2441 3393 id
2484 3344 2592 3401 est,
2632 3343 2796 3394 veste
2832 3335 3110 3405 clericali,
3143 3333 3223 3392 ad
3257 3333 3495 3405 horam,

1848 3433 2028 3503 prout
2052 3428 2311 3501 propriis
2343 3426 2532 3483 oculis
2559 3426 2908 3499 aspeximus
2934 3426 2995 3481 in
3016 3424 3252 3481 civitate
3280 3422 3496 3479 Nicaea.

1919 3520 2086 3574 Nunc
2115 3531 2282 3589 ergo,
2314 3516 2362 3571 si
2392 3517 2475 3572 ita
2501 3520 2613 3586 est,
2643 3516 2767 3573 imo
2795 3515 2943 3588 quia
2970 3514 3050 3572 ita
3094 3516 3202 3581 est,
3254 3510 3498 3567 stultam

1849 3606 1987 3662 fecit
2017 3605 2304 3661 Dominus
2336 3607 2674 3661 Graecorum
2708 3602 3086 3677 sapientiam.
3120 3602 3289 3657 Hunc
3319 3599 3499 3672 igitur

1849 3709 2145 3751 canonem
2179 3699 2470 3766 tanquam
2500 3693 2772 3750 inutilem
2801 3692 3202 3764 relinquentes
3232 3688 3310 3747 ad
3338 3704 3500 3744 sexa-

1849 3785 2147 3854 gesimum
2176 3785 2433 3855 tertium,
2466 3782 2568 3857 qui
2626 3783 2702 3839 de
2754 3781 3048 3852 sanguine
3100 3784 3158 3836 et
3207 3777 3498 3834 suﬂ‘ocato

1847 3872 2131 3945 loquitur,
2161 3886 2501 3928 sermonem
2529 3876 2972 3928 convertamus.

1923 3964 1983 4016 Et
2010 3960 2146 4015 licet
2175 3958 2471 4028 generalis
2503 3959 2822 4031 responsio
2874 3954 3189 4029 supposita
3217 3952 3494 4022 sufﬁciat,

1846 4055 2050 4106 tamen
2065 4047 2286 4119 aliquid
2307 4047 2482 4103 latius
2502 4046 3004 4120 respondeamus.
3031 4047 3304 4101 Fatemur
3324 4054 3493 4110 sane,

1846 4153 2054 4194 verum
2087 4137 2395 4192 decretum
2442 4135 2624 4193 fuisse
2675 4134 2754 4192 ab
2800 4133 3087 4208 apostolis
3131 4133 3193 4188 in
3250 4130 3494 4187 Actibus

1845 4242 2077 4293 eorum,
2110 4230 2175 4280 ut
2198 4225 2280 4291 bi,
2311 4225 2416 4297 qui
2443 4224 2715 4281 conversi
2739 4229 2908 4281 erant
2927 4222 3003 4279 de
3027 4221 3323 4294 gentibus,
3357 4218 3494 4276 abs-

1845 4316 2187 4372 tinerent“.
2221 4313 2391 4379 Quod
2418 4313 2667 4387 quidem
2716 4311 3076 4386 expediebat
3129 4309 3385 4382 tempori
3413 4307 3495 4365 illi

1843 4409 1899 4461 et
1928 4403 2106 4459 statui
2133 4401 2532 4470 inﬁrmorum,
2573 4419 2645 4459 eo
2679 4403 2845 4476 quod
2891 4417 3206 4475 synagoga
3251 4413 3496 4456 conver-

1840 4494 2443 4559 sorumJudaeorum,
2474 4509 2616 4550 cum
2641 4493 2870 4550 honore
2898 4498 2956 4549 et
2979 4490 3296 4566 obsequio,
3339 4490 3495 4545 sicut

102 4570 295 4632 tionem
326 4579 526 4650 operis
558 4598 578 4646 ,-
607 4579 888 4651 privatim
924 4584 1125 4634 tamen
1157 4594 1267 4650 pro
1299 4577 1569 4650 privatis,
1623 4594 1729 4649 pu-
1764 4591 1807 4644 D
1840 4584 1979 4639 dicit
2027 4582 2241 4639 beatus
2271 4582 2659 4653 Augustinus,
2691 4582 2974 4639 ducenda
3009 4585 3138 4638 erat
3173 4579 3254 4638 ad
3294 4576 3493 4651 sepul.

103 4655 229 4718 blice
259 4682 366 4737 pro
396 4668 744 4725 manifestis.

160 4749 288 4809 Item
321 4763 704 4826 peccatorum
738 4756 1021 4828 quaedam
1070 4760 1208 4811 sunt
1238 4772 1307 4810 ex
1364 4754 1724 4824 ignorantia,

104 4840 352 4905 quasdam
370 4862 439 4900 ex
461 4844 821 4916 inﬁrmitate,
838 4844 1120 4917 quaedam
1136 4861 1206 4900 ex
1221 4844 1416 4899 studio
1433 4849 1490 4899 et
1503 4842 1726 4899 malitia

109 4938 426 4999 Pm‘petrata.
445 4934 699 4999 Quando
713 4950 857 5003 ergo
870 4934 1085 5006 aliquis
1103 4934 1176 4989 de
1192 4949 1442 4988 numero
1456 4932 1720 4989 ﬁdelium

105 5023 203 5069 non
242 5022 536 5093 privatim,
571 5021 676 5077 sed
726 5010 997 5095 publice,
1032 5038 1151 5078 non
1200 5023 1564 5091 ignoranter,
1617 5022 1720 5078 sed

109 5104 337 5167 studiose
365 5118 420 5167 et
452 5109 707 5183 superbe
740 5128 1018 5183 peccans,
1052 5117 1369 5182 separatus
1400 5116 1487 5166 est
1513 5111 1590 5167 ab
1624 5114 1720 5168 Ec-

106 5187 270 5283 clesia,
303 5203 424 5255 tam
447 5199 656 5254 merito
681 5199 902 5267 delicti,
931 5215 1113 5271 quam
1139 5199 1430 5254 sententia
1468 5200 1717 5270 praelati,

105 5286 297 5344 Ιιιςιιιω
327 5293 436 5355 est,
469 5292 533 5342 ut
564 5288 610 5342 si
633 5288 754 5343 vult
775 5287 1145 5343 reconciliari
1175 5288 1467 5345 Ecclesia.
1489 5304 1523 5343 a
1549 5289 1720 5359 cujus

1835 4662 2058 4730 turam.
2092 4670 2384 4726 Processu
2415 4687 2558 4728 vero
2589 4672 2899 4743 temporis,
2946 4671 3231 4728 roborata
3274 4667 3490 4741 praedi-

1834 4763 2068 4817 catione
2100 4760 2424 4831 Evangelii,
2456 4765 2512 4818 et
2556 4761 2932 4819 multitudine
2961 4761 3228 4832 gentium
3287 4757 3364 4814 ad
3418 4755 3487 4811 ﬁ-

1832 4851 1971 4908 dem
2004 4854 2294 4917 currente,
2324 4866 2430 4922 per
2478 4850 2727 4907 Paulum
2773 4851 3086 4908 doctorem
3126 4847 3393 4920 gentium
3429 4849 3487 4901 et

1835 4938 2176 5013 apostolum
2211 4938 2531 5011 specialem
2563 4956 2794 5005 earum,
2825 4940 2948 4995 imo
2986 4928 3111 5012 per.
3141 4937 3345 5009 ipsum
3374 4937 3484 4992 Do-

1830 5030 2086 5089 minum,
2108 5026 2213 5099 qui
2237 5043 2342 5100 per
2363 5029 2715 5101 Apostolum
2729 5026 3109 5100 loquebatur,
3131 5024 3234 5096 huj
3245 5023 3485 5081 usmodi

1830 5116 2121 5172 sententia
2142 5123 2423 5175 revocata
2452 5123 2558 5175 est.
2591 5117 2738 5173 Dicit
2778 5116 2936 5172 enim
2985 5115 3063 5172 ad
3103 5114 3480 5173 Corinthios:

1830 5206 2015 5261 Omne
2042 5206 2202 5275 quod
2234 5207 2298 5261 in
2327 5208 2580 5263 macello
2630 5207 2809 5269 venit,
2858 5204 3158 5271 comedite,
3192 5204 3350 5260 nihil
3396 5205 3485 5260 in-

1829 5300 2217 5366 terrogantes,
2250 5303 2499 5364 propter
2512 5295 2934 5352 conscientiam
2961 5294 3030 5350 ‘7.
3062 5293 3205 5351 Item
3228 5310 3241 5349 :
3268 5294 3483 5352 Omnia

106 5362 397 5440 integritate
411 5377 714 5432 abscissus
732 5376 1338 5450 estpeccando,quod
1354 5378 1716 5448 condignam
1826 5362 2056 5439 munda
2089 5362 2327 5439 mundis
2359 5362 2426 5441 ‘8.
2462 5387 2524 5439 Et
2554 5382 2693 5439 alibi
2719 5400 2732 5438 :
2764 5383 2897 5438 Scio
2925 5388 2979 5438 et
3011 5383 3243 5452 conﬁdo
3273 5385 3335 5439 in
3371 5386 3485 5439 Do-

111 5461 153 5513 ει
175 5474 481 5536 congruam
505 5465 704 5522 delicti
729 5467 1193 5523 satisfactionem
1218 5466 1430 5522 oﬂ'erat
1454 5467 1531 5522 ad
1564 5469 1716 5524 arbi-

114 5648 145 5679 ιτ
164 5572 353 5679 ἶίρῂδᾶἱ
380 5580 747 5679 Χξξῗίνιὲἷξ,ι
810 5590 856 5626 ³2
880 5592 1000 5679 ,ιὲάι
1034 5588 1086 5679 ξιξ
1110 5594 1162 5679 Ξ·
1268 5593 1316 5627 ’⁵³
1344 5586 1452 5645 lSd.
1472 5604 1597 5679 'Llli,
1632 5596 1682 5648 5.

174 5655 310 5716 lCor
334 5678 390 5728 x,
425 5668 513 5717 25.
572 5655 639 5696 "3
668 5663 772 5719 Tit.
807 5668 954 5731 ι,15.
1034 5664 1080 5697 ⁸⁸
1116 5665 1286 5719 Rom.
1311 5678 1427 5733 xw,
1462 5667 1512 5718 4.
1586 5730 1587 5733 η

1798 5596 1847 5630 “
1880 5595 2052 5651 Prov.
2084 5611 2220 5657 τέχιι,
2262 5599 2339 5649 15.

1830 5473 1988 5527 mino
2016 5474 2159 5527 Jesu
2177 5490 2201 5535 ;
2227 5473 2359 5542 quis
2379 5486 2459 5539 es,
2479 5474 2585 5543 qui
2590 5472 2827 5541 judicas
2846 5474 3108 5528 alienum
3126 5488 3361 5529 servum
3387 5475 3432 5508 ἰθ
3456 5472 3484 5528 ?

2447 5596 2492 5628 is
2753 5612 2856 5677 γη,
2894 5601 2944 5679 3Γ
3060 5598 3106 5633 ἰδ
3136 5602 3259 5667 Act.
3287 5612 3383 5665 XV,
3416 5599 3485 5661 29
