4020 6310
452 254 576 333 r567
1707 244 2190 306 PANTALEONIS
2229 246 2515 307 DiACONl
2555 251 2660 307 ΟΡ.
3840 247 3971 302 568

470 375 722 443 Scilicet,
756 376 859 450 qui
887 375 1051 433 salva
1070 389 1224 448 pura
1247 373 1613 432 conscientia
1639 374 1919 445 comedit,
1953 371 2127 446 quid-
2159 374 2207 429 Α
2235 387 2343 430 nes
2373 374 2535 432 enim
2564 374 2843 449 discipuli
2873 374 3110 432 Domini
3138 374 3347 432 ﬂetum
3374 372 3731 432 habuerunt
3778 369 3975 429 Sab-

474 466 624 540 quid
656 482 693 523 a
717 465 1053 537 majoribus
1076 463 1521 521 comedendum
1541 465 1786 537 accepit.
1806 462 2128 520 ldem:Ne-
2235 462 2401 533 bato,
2429 465 2734 538 sepultum
2764 464 3167 538 suspicantes,
3185 464 3477 522 etludaais
3504 461 3968 536 epulantibus

475 571 572 612 mo
589 555 933 625 vosjudicet
958 554 1022 610 in
1048 555 1172 611 cibo
1197 560 1253 611 et
1276 558 1424 623 potu
1450 554 1519 609 ⁵ο.
1543 558 1623 610 Ac
1656 554 1705 609 si
1726 555 1886 610 dicat
1908 571 1923 608 ε
1942 555 2129 609 Nemo
2236 551 2438 610 laetitia
2464 553 2693 624 inerat;
2725 554 3036 627 discipulis
3077 558 3281 611 autem
3325 552 3766 625 jejunantibus
3842 552 3969 605 tri-

456 660 583 701 vos
612 644 774 700 velut
805 643 1043 699 Judaeos
1075 642 1378 700 discernat
1407 642 1487 699 ab
1514 642 1631 712 his,
1664 643 1818 700 inter
1844 657 1999 715 quos
2025 641 2129 696 ha-
2239 641 2397 698 stitia
2422 642 2779 717 imperabat.
2806 645 3127 701 Tristemur
3157 659 3299 714 ergo
3324 659 3465 700 cum
3514 640 3961 699 tristantibus

475 731 696 798 bitatis,
729 733 789 787 in
820 731 1155 788 differentia
1184 732 1478 796 ciborum,
1508 738 1564 787 et
1591 733 1653 788 in
1682 731 1944 806 reliquis,
1993 743 2130 803 quae
2237 729 2313 787 de
2345 730 2653 805 sepultura
2695 732 2946 801 domini,
2977 733 3028 788 si
3073 732 3358 788 volumus
3407 748 3545 788 cum
3574 730 3833 787 iisdem
3870 728 3965 784 de

478 821 641 877 idem
667 820 974 893 apostolus
1004 821 1242 892 adjecit.
1276 820 1364 877 Ad
1394 821 1556 877 idem
1576 820 1718 878 facit
1740 820 1907 895 quod
1939 819 2133 876 Domi-
2240 820 2477 877 Domini
2500 821 2933 879 resurrectione
2963 820 3246 893 gaudere.
3280 824 3482 894 Neque
3501 820 3666 878 enim
3688 818 3815 876 fas
3854 822 3970 874 est

479 925 595 967 nus
619 910 681 966 in
713 909 1037 981 Evangelio
1084 909 1229 966 dicit
1278 911 1456 968 :Non
1508 911 1670 983 quod
1695 912 1891 967 intrat
1932 912 1991 965 in
2046 924 2128 974 os,
2239 910 3044 980 utdistinctionesciborum,
3067 914 3124 967 et
3143 910 3532 968 caeremonias
3550 909 3965 967 Judaaorum

482 1001 825 1070 coinquinat
880 1000 1174 1057 hominem
1205 1001 1275 1067 5‘,
1312 1003 1423 1056 etc.
1458 1000 1630 1067 Quod
1659 999 1906 1073 quidem
1938 998 2133 1071 primo
2242 1015 2410 1056 more
2437 1000 2685 1058 Judaico
2709 1000 3122 1058 observemus.
3155 1022 3185 1051 η

482 1088 706 1163 pastori
734 1088 1041 1146 declarare
1093 1087 1298 1145 volens
1344 1089 1633 1145 Dominus
1664 1089 1727 1145 in
1781 1088 2010 1145 visione
2034 1087 2136 1142 illa
2316 1087 2452 1145 Haec
2481 1094 2539 1145 et
2565 1090 2658 1146 his
2692 1089 2907 1146 similia
2937 1090 3169 1147 dicente
3195 1088 3369 1146 beato
3397 1088 3732 1162 Sylvestro,
3788 1087 3964 1160 pla.—

486 1178 715 1235 cmlesti
745 1182 802 1234 et
843 1177 1207 1244 admirabili,
1240 1177 1384 1250 quia
1439 1178 1601 1234 idem
1632 1181 1837 1251 pastor
1866 1176 2135 1232 Ecclesite
2245 1178 2368 1234 cuit
2390 1178 2760 1251 quibusdam
2789 1179 3180 1235 orientalibus
3213 1177 3606 1235 conventibus
3635 1177 3751 1234 illa
3817 1181 3955 1232 tra-

485 1269 691 1323 Petrus
720 1266 967 1323 linteum
998 1270 1259 1340 quatuor
1278 1266 1456 1322 initiis
1487 1267 1561 1322 de
1608 1266 1757 1322 coelo
1787 1267 1866 1323 ad
1917 1272 2138 1321 terram
2248 1267 2391 1323 ditio
2418 1268 2763 1341 apostolicae
2780 1268 2961 1324 sedis.
2988 1269 3101 1323 Sed
3125 1269 3320 1338 magis
3345 1267 3655 1337 elegerunt
3679 1266 3961 1324 Sabba—

489 1355 1033 1425 submittividebat,
1056 1354 2139 1429 postadmirationem’,quamhahuit,
2252 1361 2377 1414 tum
2411 1357 2709 1415 celebrare
2739 1375 2875 1414 cum
2906 1358 3144 1414 Judaeis.
3196 1358 3373 1429 Cujus
3422 1357 3741 1413 sententiae
3777 1370 3961 1411 con-

489 1445 634 1501 dixit
654 1446 743 1501 ei:
780 1446 949 1514 Quod
979 1446 1136 1501 Deus
1165 1446 1615 1515 permundavz’t,
1644 1452 1708 1501 tu
1736 1461 1810 1502 ne
1838 1459 2143 1501 commune
2251 1447 2511 1504 cordans
2542 1446 2759 1505 beatus
2810 1448 3191 1505 Innocentius
3236 1463 3399 1520 papa
3428 1447 3545 1503 ait:
3579 1466 3610 1499 ‹
3644 1445 3966 1503 Sabbato

490 1534 719 1591 dixeris
745 1536 813 1590 ⁵³.
2248 1537 2650 1612 jejunandum
2674 1553 2825 1606 esse,
2852 1537 3005 1593 ratio
3036 1536 3486 1592 evidentissima
3511 1536 3963 1591 demonstrat.

563 1623 661 1679 His
692 1623 1146 1679 auctoritatibus
1178 1627 1235 1679 et
1277 1622 1479 1679 multis
1522 1620 1854 1680 rationibus
1887 1621 2145 1679 Ecclesia
2254 1632 2401 1685 Nam
2430 1626 2479 1682 si
2508 1626 2667 1683 diem
2696 1625 3072 1681 Dominicum
3112 1624 3190 1680 ob
3246 1625 3643 1681 reverentiam
3681 1623 3963 1680 Domini

492 1713 589 1768 Dei
620 1712 890 1768 Romana
912 1712 1154 1768 suffulta
1177 1712 1309 1769 loco
1342 1716 1397 1769 et
1421 1717 1687 1786 tempore
1714 1712 1933 1769 talibus
1962 1712 2147 1768 utitur
2176 1728 2216 1782 Β
2254 1733 2375 1774 non
2402 1716 2770 1788 jejunamus,
2806 1714 3139 1772 Sabbatum
3162 1715 3608 1787 praetermittere
3652 1728 3793 1768 non
3826 1712 3963 1767 de-

492 1801 724 1874 absque
748 1801 1112 1857 oﬁendiculo
1144 1807 1199 1858 et
1227 1803 1590 1859 conscientia
1621 1802 1871 1875 peccati.
1904 1802 2017 1859 Sed
2046 1804 2144 1857 Ec-
2254 1807 2470 1863 bemus
2497 1823 2509 1860 :
2543 1804 2710 1878 quod
2740 1805 2893 1860 inter
2917 1804 3213 1860 tristitiam
3240 1808 3296 1859 et
3323 1803 3595 1859 laetitiam
3626 1804 3955 1875 temporis

434 1945 439 1949 .
491 1889 671 1947 clesia
696 1893 1053 1959 Graecorum,
1079 1893 1174 1947 cui
1194 1892 1399 1947 omnia
1419 1893 1480 1948 in
1503 1892 1859 1948 scandalum
1888 1890 2148 1965 etoffen-
2254 1896 2411 1952 illius
2438 1895 2674 1950 videtur
2700 1884 3178 1950 inclusum.Nam
3210 1893 3414 1966 utique
3435 1892 3748 1964 apostolos
3780 1906 3957 1947 con-

492 1977 760 2034 diculum
789 1980 1166 2036 conscientiae
1193 1996 1372 2037 versa
1406 1986 1564 2047 sunt,
1601 1997 1724 2037 non
1760 1981 1990 2053 absque
2022 1996 2144 2036 ma-
2257 1987 2374 2040 stat
2397 1983 2584 2039 biduo
2618 1983 2752 2047 isto,
2787 1982 2933 2037 etin
2971 1997 3231 2037 maerore
3278 1981 3485 2047 fuisse,
3550 1984 3610 2036 et
3664 1984 3950 2053 propter

489 2067 626 2124 cula
678 2067 941 2125 criminis
994 2069 1215 2126 talibus
1262 2069 1548 2126 abutitur.
1604 2071 1746 2136 Quis
1801 2070 2144 2125 Latinorum
2254 2071 2838 2129 metumJudreorum
2870 2087 2931 2126 se
2961 2068 3316 2126 occultasse.
3347 2068 3518 2135 Quod
3546 2068 3756 2141 utique
3798 2083 3947 2122 non

490 2173 627 2213 cum
659 2161 822 2214 tanto
853 2158 1052 2215 studio
1079 2163 1134 2215 et
1163 2160 1486 2215 attentione
1508 2159 1689 2215 utitur
1717 2160 1969 2229 porcino
2000 2175 2144 2216 san-
2255 2166 2341 2217 est
2370 2160 2644 2228 dubium,
2673 2160 2810 2215 etin
2841 2162 3071 2215 tantum
3097 2157 3408 2229 jejunasse
3460 2156 3651 2213 biduo
3678 2172 3945 2212 memo—

488 2249 689 2316 guine,
719 2250 871 2307 sicut
898 2248 1160 2321 populus
1191 2250 1524 2304 Graecorum
1550 2248 1578 2302 ‘?
1609 2252 1674 2305 Et
1702 2266 1766 2305 1..
1796 2248 1985 2305 oculis
2008 2264 2145 2320 pro-
2252 2256 2402 2319 rato,
2436 2254 2500 2305 ut
2527 2247 2763 2305 traditio
2795 2247 3065 2303 Ecclesiae
3092 2246 3331 2314 habeat,
3355 2247 3467 2302 isto
3495 2245 3681 2301 biduo
3711 2260 3953 2302 sacra—

488 2337 636 2409 priis
664 2337 948 2404 vidimus,
982 2353 1091 2409 pro
1132 2338 1388 2392 summis
1430 2342 1667 2409 reputat
1695 2337 1919 2393 deliciis
1951 2355 1963 2393 :
1998 2354 2144 2410 quo-
2256 2344 2460 2396 menta
2488 2339 2725 2412 penitus
2756 2353 2878 2393 non
2905 2336 3226 2393 celebrare.
3261 2338 3401 2402 Quae
3429 2335 3626 2391 forma
3658 2350 3768 2408 per
3806 2335 3939 2389 sin-

487 2424 597 2481 ties
648 2423 749 2480 illo
800 2426 1092 2493 sanguine
1149 2424 1442 2493 confecto,
1509 2425 1675 2498 quod
1732 2431 1796 2481 ut
1843 2425 2143 2482 credimus
2255 2430 2423 2498 gulas
2454 2424 2875 2481 hebdomadas
2905 2428 2994 2480 est
3022 2423 3301 2479 tenenda.
3354 2423 3453 2479 Hic
3483 2423 3807 2496 loquimur
3843 2438 3947 2477 se-

490 2511 754 2586 cipuncti
786 2513 895 2584 (45)
942 2517 1162 2570 vocant
1198 2514 1261 2569 in
1316 2514 1439 2569 suis
1487 2514 1699 2586 epulis,
1747 2514 1907 2570 velut
1963 2530 2146 2571 canes
2255 2516 2523 2572 cundum
2544 2514 2814 2584 modum,
2840 2514 2944 2585 qui
2966 2518 3105 2569 tunc
3128 2516 3272 2577 erat,
3299 2511 3729 2584 propterquod
3753 2527 3945 2567 com-

489 2600 1019 2674 impudentissimi,
1068 2602 1423 2672 ingurgitari
1452 2607 1713 2676 possunt
1743 2604 1770 2661 ?
1801 2604 1944 2659 Item
1976 2619 2144 2659 num-
2254 2604 2608 2661 memoratio
2634 2602 2788 2658 illius
2816 2604 2936 2674 (47)
2964 2601 3081 2657 diei
3111 2616 3348 2673 semper
3385 2605 3472 2656 est
3518 2600 3934 2656 celebranda.

489 2691 641 2764 quid
662 2706 786 2747 non
834 2695 1081 2747 utuntur
1112 2691 1444 2759 suffocatis,
1495 2697 1553 2749 et
1599 2693 1791 2765 captis
1844 2709 1880 2750 a
1930 2693 2143 2763 bestia,
2256 2694 2428 2760 Quod
2451 2693 2497 2749 si
2526 2696 2738 2765 putant
2760 2690 2963 2757 semel,
2992 2694 3171 2763 atque
3195 2706 3315 2745 uno
3348 2688 3612 2746 Sabbato
3629 2689 3946 2761 jejunan-

488 2779 738 2852 quando
795 2781 1086 2838 venatitiis
1134 2780 1437 2848 carnibus,
1488 2786 1553 2837 ut
1594 2781 1849 2855 leprum,
1892 2782 1995 2854 qui
2053 2797 2147 2839 ca-
2254 2783 2436 2848 dum;
2469 2798 2610 2854 ergo
2636 2786 2693 2837 et
2717 2780 2847 2836 dies
2878 2779 3209 2849 Dominica,
3241 2785 3298 2835 et
3327 2782 3496 2834 sexta
3525 2778 3697 2846 feria,
3732 2777 3943 2834 semel

486 2885 637 2927 num
660 2869 944 2927 dentibus
968 2871 1389 2943 praefocantur,
1409 2876 1465 2928 et
1491 2871 1744 2928 aliorum
1767 2871 2144 2942 animalium,
2254 2873 2315 2927 in
2350 2871 2568 2927 Pascha
2602 2871 2711 2926 erit
2740 2869 2946 2941 utique
2978 2867 3356 2925 celebranda.
3393 2868 3450 2924 Si
3476 2872 3682 2923 autem
3718 2868 3940 2923 Domi-

487 2976 599 3018 nec
627 2977 752 3018 non
778 2967 837 3018 et
886 2963 1111 3033 avium,
1146 2979 1281 3035 quae
1316 2962 1537 3035 loqueo
1596 2968 1787 3035 captae
1842 2968 2002 3031 sunt,
2056 2962 2148 3018 vel
2255 2961 2372 3017 nici
2403 2960 2539 3028 diei,
2568 2964 2672 3015 aut
2692 2963 2874 3014 sextae
2890 2958 3049 3014 ferite
3074 2973 3179 3030 per
3199 2954 3468 3027 singulas
3489 2956 3936 3013 hebdomadas

486 3051 618 3121 reti,
670 3057 730 3107 et
780 3051 1064 3108 manibus
1101 3068 1408 3124 aucupum
1460 3067 1670 3108 eorum
1724 3053 1923 3124 capita
1961 3055 2145 3109 retor-
2179 3084 2219 3137 Ο
2256 3048 2596 3122 reparanda
2625 3052 2713 3104 est
2737 3048 2961 3117 imago,
3006 3046 3303 3103 dementis
3353 3050 3460 3110 est,
3519 3045 3694 3101 bidui
3741 3061 3936 3111 agere

488 3142 768 3212 quentur,
802 3145 859 3196 et
889 3145 1009 3197 tam
1041 3140 1352 3211 diligenter
1378 3146 1434 3197 et
1486 3142 1717 3197 curiose
1772 3142 2149 3197 vescuntur?
2192 3134 2219 3137 ⁷
2258 3137 2773 3203 consuetudinem,
2824 3136 3089 3193 Sabbato
3136 3134 3557 3208 praetermisso,
3616 3151 3760 3189 cum
3802 3150 3935 3190 nou

492 3229 661 3285 Unde
691 3245 834 3299 ergo
857 3230 939 3285 eis
971 3234 1135 3286 tanta
1158 3231 1414 3299 insania,
1438 3235 1501 3287 ut
1527 3230 1666 3298 hoc,
1697 3230 1861 3303 quod
1886 3230 1997 3303 ipsi
2026 3234 2148 3285 tam
2257 3229 2563 3301 disparem
2588 3228 2808 3284 habeat
2838 3243 3108 3292 causam,
3134 3229 3352 3281 asexta
3371 3223 3540 3291 feria,
3570 3224 3633 3279 in
3659 3240 3792 3295 qua
3818 3226 3938 3278 Do-

494 3333 737 3372 summo
769 3318 967 3374 studio
998 3324 1314 3390 peragunt,
1343 3321 1404 3374 in
1436 3335 1500 3375 se
1532 3319 1892 3391 approbent,
1925 3320 1985 3373 in
2018 3318 2147 3373 aliis
2258 3318 2458 3373 minus
2488 3333 2706 3389 passus
2737 3320 2845 3383 est,
2876 3315 3125 3388 quando
3157 3319 3213 3368 et
3242 3312 3408 3386 apud
3436 3312 3663 3368 inferos
3691 3312 3832 3381 fuit,
3865 3316 3933 3367 ut

493 3405 837 3477 reprobent,
868 3406 1196 3473 derideant,
1230 3414 1285 3463 et
1314 3409 1641 3480 depravent
1665 3408 1692 3461 ‘?
1720 3407 2150 3464 Obmutescant
2259 3407 2353 3462 die
2388 3408 2552 3461 tertia
2584 3420 2903 3476 resurgens
2934 3402 3513 3469 redderetlastitiam,
3545 3408 3687 3474 pcst
3711 3402 3940 3458 bidua-

499 3494 710 3550 saltem
740 3510 902 3549 nunc
948 3510 1156 3550 eorum
1187 3495 1398 3552 dolosa
1425 3496 1610 3566 labia,
1663 3500 1720 3551 et
1764 3495 2149 3567 impudentes
2260 3512 2405 3551 nam
2435 3495 2873 3568 praecedentem
2909 3494 3225 3550 tristitiam.
3258 3496 3384 3549 Non
3416 3507 3560 3562 ergo
3598 3508 3714 3547 nos
3744 3506 3938 3562 nega-

499 3583 724 3638 frontes
754 3582 1033 3639 decidant
1052 3585 1181 3655 jam
1213 3584 1490 3639 confusa.
2261 3601 2419 3652 mus,
2453 3589 2681 3640 sextam
2713 3583 2921 3639 feriam
2950 3581 3349 3654 jejunandam
3377 3598 3390 3648 ;
3420 3581 3523 3636 sed
3554 3580 3849 3649 dicimus,
3884 3583 3939 3634 et

573 3671 713 3727 Post
737 3672 901 3727 hunc
928 3673 1195 3745 sequitur
1215 3688 1410 3729 canon
1436 3673 1850 3743 sexagesimus
1879 3676 2151 3745 quartus,
2265 3674 2527 3731 Sabbato
2560 3675 2674 3730 hoc
2705 3673 3034 3743 agendum,
3065 3672 3210 3744 quia
3236 3670 3421 3727 ambo
3451 3670 3580 3726 dies
3626 3671 3935 3727 tristitiam

500 3761 606 3833 qui
636 3762 718 3817 sic
747 3760 956 3837 incipit
988 3781 1001 3818 :
1040 3787 1063 3812 ί(
1091 3763 1146 3818 Si
1172 3763 1308 3836 quis
1348 3762 1596 3818 clericus
1651 3763 1930 3819 inventus
1982 3762 2156 3817 fuerit
2266 3763 2570 3836 apostolis,
2596 3778 2667 3818 ac
2690 3763 2761 3818 iis
2787 3762 2890 3835 qui
2913 3761 3210 3819 Christum
3237 3760 3419 3816 secuti
3447 3764 3609 3826 sunt,
3646 3782 3675 3809 »
3698 3760 3937 3815 indixe-

496 3851 779 3922 jejunans
810 3853 970 3909 diem
1003 3851 1402 3924 Dominicum,
1433 3852 1524 3908 vel
1545 3852 1704 3909 diem
1732 3851 1976 3908 Sabbati
2006 3867 2155 3923 prze-
2263 3857 2420 3919 runt,
2446 3853 2547 3924 qui
2568 3852 2663 3907 die
2684 3851 2989 3907 Dominica
3009 3849 3339 3920 exhilarati,
3364 3863 3487 3905 non
3509 3848 3937 3921 solumipsum

502 3944 591 3997 ter
616 3958 825 4015 unum,
862 3966 887 3994 n
927 3948 1036 4001 etc.
2265 3940 2534 3996 festivum
2563 3957 2690 3996 esse
2708 3939 3043 4009 voluerunt,
3067 3938 3174 3993 sed
3201 3939 3377 3993 etiam
3401 3952 3511 4009 per
3535 3953 3753 3993 omnes
3786 3936 3933 3993 heb—

578 4033 927 4105 Respondeo
972 4052 984 4088 :
1029 4034 1228 4089 Canon
1274 4033 1382 4089 iste
1419 4047 1543 4088 non
1580 4037 1667 4087 est
1718 4029 2153 4103 apostolorum,
2266 4030 2563 4085 domadas
2594 4027 3101 4101 frequentandum
3131 4042 3263 4083 esse
3288 4026 3585 4082 dixerunt.

504 4120 611 4176 sed
639 4121 1067 4193 quorumdam,
1124 4122 1249 4193 qui,
1282 4127 1524 4194 propter
1570 4137 1820 4178 causam
1883 4118 2157 4191 superius
2344 4123 2409 4174 Ut
2432 4135 2574 4189 ergo
2591 4119 2663 4174 ad
2687 4118 2950 4190 primum
2972 4116 3220 4173 verbum
3242 4121 3519 4172 nostrum
3535 4118 3931 4183 revertamur,

508 4209 902 4278 assignatam,
926 4211 1101 4266 talem
1127 4212 1482 4265 sententiam
1510 4210 2069 4282 promulgaverunt.
2101 4206 2158 4264 Si
2267 4224 2459 4265 cauon
2480 4208 2608 4278 iste,
2631 4224 2813 4281 quem
2836 4207 3020 4264 Graeci
3039 4205 3451 4279 apostolorum
3477 4220 3605 4259 esse
3629 4207 3937 4261 mentiun-

506 4297 668 4353 enim
698 4300 850 4351 esset
875 4312 1069 4352 canon
1103 4298 1489 4369 apostolicus,
1517 4299 1722 4353 fuisset
1775 4297 1979 4368 utique
2010 4300 2157 4350 teln-
2268 4303 2380 4362 tur,
2415 4298 2460 4353 si
2493 4298 2700 4352 fuisset
2731 4303 2869 4352 tunc
2897 4295 3202 4367 temporis,
3230 4293 3560 4349 suffecisset
3588 4293 3708 4348 illis
3740 4294 3802 4348 in
3836 4291 3935 4349 ad-

507 4399 653 4456 pore
687 4383 959 4454 Sylvestri
989 4401 1183 4457 paper.
1217 4388 1457 4441 Constat
1481 4390 1703 4455 autem,
1736 4387 1987 4459 quodin
2041 4385 2160 4441 die-
2191 4442 2230 4459 η
2264 4388 2552 4459 jutorium
2586 4403 2710 4442 suae
2740 4385 3060 4459 petitionis,
3094 4400 3199 4440 seu
3229 4382 3555 4456 opinionis,
3584 4382 3705 4438 hoc
3735 4382 3935 4438 decre-

406 4508 409 4511 -
507 4473 627 4529 bus
660 4473 784 4527 suis
814 4477 979 4527 mota
1009 4473 1117 4528 fuit
1140 4475 1393 4546 quaestio
1424 4490 1460 4530 a
1490 4476 1722 4544 Graecis,
1775 4477 1943 4548 quod
1995 4477 2158 4533 vide-
2190 4468 2233 4496 υ
2269 4478 2393 4529 tum
2408 4468 3707 4546 apostolicum,quodnimirumimmutahile
3728 4484 3935 4525 secun-

508 4561 646 4618 licet
673 4576 796 4617 non
820 4561 1119 4632 jejunaret
1158 4562 1509 4632 Sabbatum,
1540 4570 1754 4636 praeter
1810 4582 2021 4637 unum,
2079 4566 2160 4621 al-
2269 4564 2416 4621 dum
2447 4580 2550 4619 eos
2584 4568 2933 4635 permanet;
2965 4561 3247 4627 maxime,
3275 4559 3326 4614 si
3347 4558 3509 4614 istud
3538 4559 3639 4614 Dei
3671 4558 3935 4630 apostoli

510 4648 1475 4722 legantibusquibusdamdelege
1492 4653 2163 4723 Moysis,sicuthabctur
2271 4653 2727 4710 immutabiliter
2757 4652 3041 4708 omnibus
3073 4649 3443 4706 servandum
3466 4648 3928 4705 mandaverunt.

512 4741 577 4798 in
606 4742 737 4798 Vita
764 4741 952 4814 ipsius
977 4756 1149 4813 papae
1180 4760 1192 4807 ;
1222 4741 1329 4797 sed
1370 4757 1514 4815 cum
1559 4742 1793 4799 nullum
1844 4760 2163 4800 assensum
2274 4744 2415 4809 Quae
2446 4742 2555 4797 fuit
2580 4758 2719 4814 ergo
2750 4757 2957 4810 causa,
2985 4757 3119 4812 quae
3149 4754 3359 4794 eorum
3389 4736 3602 4793 clausit
3646 4736 3838 4805 labia,
3869 4740 3931 4790 ut

512 4831 783 4902 praebere
812 4830 1113 4899 voluisset,
1148 4830 1444 4902 Sylvester
1470 4845 1631 4903 papa
1660 4832 1741 4889 ait
1768 4849 1781 4888 :
1816 4855 1845 4883 «
1881 4833 1936 4890 Si
1966 4833 2163 4889 omnis
2272 4846 2394 4887 non
2425 4830 2717 4887 haberent
2744 4845 3054 4886 recursum
3100 4829 3157 4883 in
3189 4827 3407 4883 diebus
3439 4824 3553 4880 illis
3583 4825 3662 4881 ad
3695 4826 3933 4881 certitu-

516 4921 862 4977 Dominicus
884 4920 1332 4976 resurrectionis
1363 4925 1450 4976 est
1472 4920 1761 4976 colendus
1789 4922 1848 4978 in
1876 4923 2165 4993 gaudium
2274 4921 2479 4977 dinem
2508 4920 2851 4992 apostolicae
2880 4917 3202 4974 sanationis
3224 4917 3251 4972 ?
3297 4914 3470 4971 Nulla
3498 4930 3751 4987 prorsus
3782 4914 3923 4970 fuit:

517 5011 1007 5076 Christianorum,
1036 5013 1094 5065 et
1139 5010 1336 5065 omnis
1385 5009 1633 5067 Sabbati
1662 5012 1789 5067 dies
1845 5012 2164 5085 sepulturae
2275 5010 2420 5083 quia
2444 5026 2554 5065 nec
2585 5009 2776 5065 editus
2805 5013 2946 5081 erat,
2981 5024 3092 5064 nec
3122 5022 3316 5063 canon
3348 5004 3465 5060 dici
3497 5008 3754 5076 poterat,
3787 5004 3928 5077 quia

516 5100 1004 5172 estdeputandus
1035 5099 1113 5155 ad
1144 5098 1620 5155 exercitationem
1645 5100 2005 5157 Judaeorum.
2032 5103 2166 5158 Om-
2274 5116 2384 5158 nec
2409 5103 2554 5156 erat.
3320 5100 3321 5103 “

586 5260 634 5295 εο
660 5258 883 5316 Coloss.
914 5275 975 5330 1|,
1006 5263 1089 5316 t6.
1122 5261 1166 5296 εί
1198 5260 1394 5317 Matth.
1427 5276 1526 5333 xv,
1561 5264 1644 5317 ll.
1679 5260 1726 5295 ⁵³
1784 5263 1909 5317 Act.
1941 5276 1980 5317 x
2017 5300 2030 5325 ,
2065 5264 2155 5317 15.

2140 5372 2175 5389 κ

583 5420 696 5494 (45)
714 5420 976 5510 barbara
996 5420 1163 5492 lexis,
1185 5420 1498 5490 fartorum,
1523 5422 1861 5479 Blutwurst
1891 5422 2033 5480 oder
2051 5422 2162 5479 Ro-
2342 5440 2455 5505 (ιγ)
2488 5440 2631 5506 Quae
2660 5437 2865 5510 utique
2893 5435 3089 5510 τοι-μηδ,
3112 5448 3222 5510 ραις
3245 5431 3513 5503 singulas
3547 5430 3923 5510 κυφὰς-ρει

508 5497 818 5552 senwurst.

581 5582 692 5658 (46)
722 5580 906 5655 Epist.
943 5585 993 5651 t,
1025 5580 1105 5657 ad
1126 5580 1496 5658 Decentium.

2330 5497 2706 5581 abdomadas,
2719 5497 2965 5591 propter
2978 5508 3042 5565 id
3060 5497 3229 5585 quod
3243 5497 3743 5579 commemoratio
3767 5501 3917 5576 illius

2330 5599 2380 5650 ὓ,
3086 5596 3095 5602 .

893 5622 906 5636 .
943 5599 993 5651 1,
1025 5599 1105 5657 ᾳα
1126 5599 1496 5662 Decentium.
2268 5599 2380 5661 θω,
