4020 6310
83 369 192 426 569

1488 358 1771 421 CONTRA
1816 359 2126 418 GRAECOS.

3408 357 3519 418 5‘70

155 491 286 550 Sed
339 493 772 563 octogesimus,
841 490 1141 566 inquiunt.
1209 492 1316 567 qui
1355 491 1438 548 sic
1491 489 1698 563 incipit
1738 506 1751 544 :
1785 486 1833 540 Α
1861 486 2048 543 verbo
2071 491 2127 544 et
2143 502 2341 561 opere,
2365 487 2616 546 reddere
2647 488 2929 557 satagunt
2947 481 3425 558 animaequiores.
3447 484 3513 539 Et

90 606 118 631 ιι
148 582 517 656 Episcopus,
546 582 644 639 vel
674 581 1007 657 presbyter,
1040 598 1149 639 seu
1176 581 1471 639 diaconus
1531 579 1755 637 militia

83 687 350 740 vacans,
380 694 411 722 »
441 676 579 750 etc.,
604 688 852 729 rursum
881 671 1104 729 clamat
1131 677 1341 730 contra
1372 671 1628 728 Latinos.

120 758 1757 836 Respondeo,sivimcanonisinspiciatlector,supposi-

84 855 143 907 to
171 851 367 908 etiam
398 855 548 925 quot
575 850 648 908 sit
675 850 1336 924 apostolorum,Latinis
1376 865 1503 907 non
1530 848 1755 907 obviat.

84 940 242 1005 Quia
258 955 375 998 nec
387 938 618 997 militiae
632 944 849 997 vacant
860 940 1127 1013 episcopi
1137 939 1423 1008 nostri,eo
1440 938 1624 997 modo
1636 953 1757 1011 quo

81 1045 293 1086 canon
305 1029 666 1103 accipit;nec
679 1030 1011 1102 [quisquam
1024 1028 1250 1104 eorum]
1266 1033 1588 1101 utrumque
1601 1028 1759 1101 prin-

81 1117 364 1189 cipatum
381 1132 658 1191 unquam
681 1118 887 1188 tenuit,
919 1117 1003 1174 vel
1032 1121 1211 1187 tenet,
1252 1120 1317 1174 ut
1344 1116 1525 1173 simul
1560 1132 1665 1172 rex
1703 1119 1761 1171 et

79 1204 384 1262 sacerdos
402 1207 495 1275 sit,
512 1205 604 1262 vel
620 1210 880 1274 vocetur,
893 1206 1012 1262 nisi
1029 1205 1428 1279 spiritualiter,
1450 1205 1605 1261 sicut
1618 1203 1762 1261 dicit

80 1295 438 1368 Scriptura:
464 1296 687 1353 Fecisti
694 1311 799 1353 nos
827 1297 947 1353 Deo
972 1302 1177 1352 noser
1215 1310 1464 1367 regnum
1489 1302 1542 1352 et
1567 1309 1758 1350 sacer-

80 1384 323 1440 dotium
336 1384 408 1439 ⁵³.
425 1384 483 1440 Si
507 1400 648 1441 vero
670 1385 867 1458 ipsam
894 1385 1388 1455 exhortationem,
1414 1399 1602 1457 quam
1627 1382 1761 1438 fecit

81 1472 354 1528 Ecclesia
384 1473 642 1546 principi
669 1474 963 1543 saeculari,
997 1473 1086 1530 vel
1109 1473 1542 1535 auctoritatem,
1570 1488 1758 1545 quam

83 1560 211 1631 dat,
239 1562 336 1617 vel
360 1561 758 1634 adjutorium,
778 1562 946 1636 quod
973 1566 1215 1637 praestat
1244 1567 1452 1618 contra
1481 1576 1757 1633 persecu-

84 1648 285 1705 tiones
312 1651 512 1723 ipsius
537 1651 830 1718 Ecclesiae,
861 1656 916 1708 et
947 1653 1104 1707 viros
1136 1651 1451 1719 nefandos,
1485 1649 1757 1705 militiam

83 1744 399 1811 reputant,
431 1740 569 1812 quis
600 1739 661 1795 in
698 1740 814 1796 hoc
845 1755 967 1797 non
997 1739 1365 1796 offenditur?
1405 1742 1609 1795 Nonne
1659 1740 1759 1794 Ec-

1859 575 1962 644 ita,
1985 592 2124 650 quae
2148 578 2399 635 Caesaris
2447 582 2586 634 sunt
2634 577 2855 634 Caesari
2890 574 3260 649 persolvunt,
3279 575 3337 630 et
3373 586 3509 647 qute

1864 669 2005 722 sunt
2025 666 2145 735 Dei,
2170 668 2288 723 Deo
2330 667 2630 723 exhibent.

1934 755 2016 810 De
2035 754 2295 825 bigamis
2319 759 2541 823 autem,
2560 760 2619 812 et
2656 755 2830 822 ultra,
2860 753 3038 811 nobis
3059 751 3254 809 brevis
3273 750 3510 807 incum-

1861 844 2299 918 bitresponsio.
2339 845 2454 902 Aut
2496 845 2655 902 enim
2702 845 2805 918 qui
2851 844 2992 901 talia
3038 844 3386 909 statuerunt,
3434 839 3512 894 de

1864 934 2109 1002 clericis,
2132 939 2334 991 etnon
2368 934 2443 991 de
2479 934 2666 1001 laicis,
2700 932 2946 1004 intelligi
2985 931 3343 988 voluerunt:
3386 932 3509 997 aut,

1865 1023 2008 1080 side
2039 1024 2323 1081 omnibus
2357 1023 2776 1098 accipiendum
2829 1027 2939 1091 est,
2974 1021 3050 1077 de
3090 1020 3205 1076 illis
3249 1017 3389 1074 solis
3418 1017 3509 1073 lo-

1863 1119 2149 1187 quuntur,
2181 1114 2285 1187 qui
2315 1114 2373 1170 vi
2388 1118 2549 1170 vente
2580 1114 2781 1187 prima
2821 1110 3183 1169 contrahunt
3219 1123 3359 1165 cum
3397 1122 3511 1163 seu

1864 1203 2085 1272 eunda,
2107 1209 2164 1259 et
2185 1204 2385 1261 tertia:
2410 1208 2514 1261 aut
2541 1208 2717 1271 certe,
2740 1206 2806 1259 ut
2832 1202 3081 1275 quidam
3111 1212 3322 1255 eorum
3365 1211 3512 1252 sane

1863 1293 2227 1366 interpretati
2246 1297 2405 1363 sunt,
2429 1307 2550 1349 non
2570 1297 2656 1348 est
2681 1293 2794 1349 hoc
2835 1288 3253 1362 accipiendum
3294 1286 3370 1342 de
3414 1299 3512 1342 co-

1863 1381 2007 1455 pula
2028 1381 2593 1450 matrimoniali,sed
2615 1382 2690 1437 de
2711 1379 3127 1437 benedictione
3151 1374 3509 1432 nubentium

1864 1470 2847 1544 etsolemnitatenuptiarum,qure
2875 1469 3040 1525 aliter
3088 1481 3231 1536 erga
3269 1464 3507 1528 viduas,

1864 1560 2032 1617 aliter
2050 1575 2195 1629 erga
2212 1559 2468 1630 virgines
2480 1559 2855 1616 observatur.
2873 1557 2974 1614 Cui
2991 1556 3170 1613 etiam
3203 1551 3510 1609 sententiae

1864 1650 2228 1705 concordare
2246 1648 2480 1704 videtur
2499 1649 2691 1705 littera
2728 1646 2998 1713 canonis,
3029 1644 3135 1717 qui
3163 1642 3306 1699 dicit
3335 1659 3396 1696 :«
3432 1642 3510 1697 De

1862 1737 2086 1810 nuptiis
2142 1737 2368 1811 pluries
2421 1737 2729 1794 celebratis
2797 1740 2999 1809 patres
3062 1728 3507 1796 conticuerint,»

88 1827 273 1884 clesia
306 1830 653 1884 Graecorum
684 1829 788 1886 dat
812 1844 1099 1885 coronam
1148 1828 1612 1900 imperatoribus
1664 1842 1759 1897 ge-
1794 1847 1836 1901 Β
1864 1832 1973 1884 etc.
2001 1827 2056 1883 Si
2096 1832 2318 1893 autem,
2365 1827 2623 1882 υἱοί-εεοὶ
2667 1828 3006 1890 autumant,
3055 1819 3399 1893 simpliciter
3455 1820 3513 1873 et

87 1916 385 1973 standam
416 1917 477 1973 in
518 1917 761 1987 signum
797 1917 1275 1992 pulchritudinis,
1310 1921 1367 1974 et
1395 1916 1664 1986 gladium
1696 1915 1756 1971 in

88 2021 284 2062 manu
315 2006 647 2062 tenendum
670 2007 748 2063 ad
776 2007 1106 2064 vindictam
1136 2007 1450 2077 sanguinis
1478 2018 1758 2061 exercen-

91 2093 237 2151 dam
258 2096 292 2150 ‘2
317 2098 528 2152 Nonne
555 2112 694 2152 cum
714 2096 859 2170 ipsis
880 2096 1111 2153 vadunt
1132 2097 1191 2152 in
1205 2096 1633 2162 exercitium,et
1654 2109 1760 2167 pu-

88 2185 370 2253 gnaturis
408 2185 693 2242 exhibent
713 2190 1089 2243 sacramenta
1112 2202 1241 2248 sua,
1264 2191 1318 2242 et
1340 2189 1513 2242 orant
1540 2201 1650 2258 pro
1672 2184 1757 2240 eis

91 2273 455 2340 generaliter
484 2280 541 2330 et
569 2276 907 2348 specialiter
935 2280 996 2331 in
1036 2281 1267 2333 secreto
1296 2277 1480 2332 Missae
1532 2276 1559 2330 ‘l
1608 2276 1760 2331 sicut

90 2362 391 2434 scriptum
421 2368 511 2419 est
543 2383 556 2419 :
594 2367 937 2431 «Memento,
966 2365 1234 2424 Domine.
1268 2365 1683 2437 piissimorum
1706 2366 1761 2420 et

88 2448 594 2508 ﬁdelissimorum
616 2455 1108 2525 imperatorum,»
1133 2459 1242 2510 etc.
1268 2456 1332 2510 Et
1366 2458 1499 2526 pest
1521 2468 1717 2526 pauca
1744 2470 1756 2508 :

93 2560 110 2586 ι
150 2540 401 2596 Robora
422 2557 631 2597 eorum
683 2542 955 2610 brachia,
998 2542 1194 2599 exalta
1233 2558 1442 2599 eorum
1466 2543 1760 2609 dextram,

89 2628 391 2686 conﬁrma
412 2647 621 2686 eorum
646 2648 919 2702 regnum,
946 2632 1173 2703 subjice
1192 2634 1274 2688 eis
1310 2647 1521 2688 omnes
1543 2629 1765 2686 barba-

88 2719 186 2775 1'as
216 2721 612 2792 nationes,et
664 2739 768 2778 eos
823 2723 928 2795 qui
981 2723 1139 2779 bella
1190 2723 1458 2789 volunt,»
1486 2725 1596 2777 etc.
1652 2724 1765 2777 Nec

90 2823 455 2866 recusamus
506 2816 828 2884 utrumque
887 2812 1153 2882 gladium
1215 2810 1767 2879 csse,materialem

94 2899 322 2956 seilicet
354 2905 412 2956 et
443 2900 841 2973 spiritualem.
874 2901 987 2956 Sed
1039 2918 1227 2958 unum
1278 2900 1553 2956 concedit
1600 2898 1768 2954 militi

96 2986 169 3043 ad
203 2995 434 3044 nutum
458 2990 783 3046 sacerdotis
806 2991 1209 3057 educendum,
1238 2990 1491 3045 alterum
1511 3004 1652 3045 vero
1670 3003 1768 3043 re-

95 3079 273 3135 tinuit
304 3079 440 3134 sibi.
471 3081 645 3151 Ecce,
694 3081 974 3154 inquiunt
1019 3080 1277 3154 apostoli
1319 3081 1380 3135 in
1424 3079 1763 3150 Evangelim

94 3169 298 3237 gladii
327 3170 449 3226 duo
474 3169 640 3227 hic“.
669 3172 733 3228 Et
781 3187 989 3227 rursus
1038 3170 1293 3243 loquens
1351 3170 1424 3226 de
1474 3166 1765 3225 materiali
1799 3197 1840 3250 ο

96 3259 395 3315 Dominus
408 3258 1092 3330 aitzConverlegladium
1121 3268 1287 3315 tuum
1316 3262 1379 3314 in
1411 3258 1759 3329 vaginam“.

96 3348 369 3405 Dieendo
402 3356 589 3418 tuum,
626 3349 995 3406 materialem
1028 3349 1295 3420 gladium
1315 3347 1764 3420 signiﬁcatque

98 3442 485 3510 percusserat
507 3454 748 3494 servum
779 3438 1070 3511 principis
1096 3437 1513 3494 Sacerdotum.
1551 3438 1628 3491 De
1652 3434 1767 3507 spi—

97 3527 299 3582 rituali
330 3541 475 3582 vero
507 3528 735 3583 nemini
767 3528 927 3583 venit
956 3528 1018 3583 in
1073 3526 1349 3592 dubium,
1410 3542 1549 3580 cum
1606 3524 1765 3579 idem

96 3618 265 3673 Petro
298 3631 409 3688 per
438 3617 764 3688 cujusdam
798 3617 1179 3690 specialitatis
1232 3616 1487 3689 apicem,
1537 3614 1767 3685 ligandi

101 3710 282 3779 atque
299 3705 573 3762 solvendi
594 3709 1291 3780 concessitpotestatem.
1324 3704 1768 3776 Uterqueigilur

103 3794 344 3863 gladius
387 3796 663 3853 Ecclesiae
710 3796 982 3853 traditur.
1045 3796 1156 3853 Sed
1190 3794 1268 3852 ab
1320 3795 1454 3868 ipsa
1504 3793 1767 3849 Ecclesia

105 3899 265 3941 unus
299 3886 671 3941 exercendus
706 3904 719 3953 ;
754 3886 925 3957 alius,
957 3887 1108 3941 sicut
1139 3900 1322 3957 supra
1349 3884 1632 3954 diximus,
1656 3897 1766 3955 pro

108 3974 371 4030 Ecclesia
402 3990 591 4030 manu
617 3974 922 4031 srecularis
962 3974 1244 4048 principis
1275 3971 1648 4029 eximendus.
1704 3976 1766 4027 In

104 4079 224 4135 quo
257 4078 406 4133 ergo
436 4068 647 4136 peccat
677 4064 958 4133 Ecclesia,
997 4064 1042 4119 si
1076 4080 1187 4119 suo
1214 4063 1347 4134 jure
1382 4062 1559 4117 utitur
1590 4076 1626 4115 a
1657 4060 1766 4116 Do—

106 4154 271 4211 mino
297 4152 415 4209 sibi
436 4169 757 4210 conccesso
782 4155 810 4210 ?
834 4156 1088 4226 Uterque
1107 4153 1291 4222 igitur
1311 4151 1568 4223 gladius.
1600 4154 1662 4205 ut
1682 4148 1796 4209 di-.

105 4245 267 4298 ctum
320 4245 431 4311 est,
457 4242 535 4298 ad
588 4242 913 4300 Ecclesiam
963 4243 1233 4314 pertinet,
1291 4245 1348 4296 et
1399 4239 1473 4295 de
1514 4243 1765 4312 utroque

106 4329 424 4403 disposuit,
453 4330 604 4387 sicut
624 4331 739 4387 sibi
757 4331 1013 4398 videtur,
1038 4331 1109 4388 ad
1141 4330 1449 4386 tuitionem
1473 4327 1763 4397 fidelium,

106 4424 157 4473 et
177 4418 530 4491 reipublicae
559 4419 1101 4477 conservationem.

174 4510 377 4575 Quam
408 4508 758 4579 dignitatem
799 4525 905 4564 seu
936 4511 1289 4581 potestatem
1346 4509 1765 4565 Constantinus

110 4598 343 4668 primus
373 4597 841 4654 Christianorum
869 4598 1195 4670 imperator
1226 4597 1545 4669 providens
1566 4598 1623 4653 in
1652 4598 1765 4670 Spi-

107 4685 219 4742 ritu
238 4703 385 4743 mox
406 4691 730 4760 postquam
754 4687 833 4742 ad
852 4687 1032 4743 tidem
1051 4702 1377 4743 conversus
1395 4690 1501 4753 est,
1522 4686 1768 4744 contulit

112 4789 178 4831 eo
191 4764 387 4831 modo
396 4775 592 4831 eidem
607 4775 879 4832 Ecclesiae
896 4775 1097 4840 libere,
1126 4790 1247 4847 quo
1275 4790 1459 4846 supra
1482 4775 1543 4830 in
1556 4779 1770 4848 quarta

110 4865 499 4929 distinctione
527 4865 711 4936 hujus
743 4866 944 4938 operis
979 4864 1212 4937 plenius
1243 4871 1332 4921 est
1380 4879 1759 4937 expressum.

115 4955 401 5020 Quamvis
428 4954 588 5011 enim
620 4954 871 5027 quidam
902 4953 1305 5027 praelatorum,
1338 4969 1446 5027 pro
1493 4952 1659 5010 terris
1714 4957 1771 5009 et

112 5043 480 5114 regionibus,
510 5054 663 5115 quas
688 5044 766 5100 ad
791 5060 937 5099 usus
959 5043 1233 5098 Ecclesiae
1262 5043 1531 5114 retinent,
1557 5057 1771 5098 vocen-

116 5136 202 5188 tur
232 5132 440 5203 duces,
478 5132 748 5201 comites,
781 5147 887 5188 seu
920 5131 1321 5200 marehiones,
1362 5135 1419 5186 et
1470 5130 1769 5186 interdum

112 5220 447 5291 procedunt
472 5221 535 5277 in
580 5220 1040 5294 expeditionem,
1093 5225 1293 5276 tamen
1351 5235 1571 5275 manus
1626 5236 1768 5275 suas

112 5309 621 5383 sempermundas
640 5309 1028 5366 custodiunta
1042 5309 1336 5379 sanguine
1359 5314 1763 5380 peccatorum.

113 5400 235 5455 Non
265 5398 428 5454 enim
454 5398 857 5471 pugnantipsi
872 5397 1268 5471 personaliter
1290 5396 1393 5452 sed
1408 5396 1765 5470 pugnaturis

111 5486 392 5553 ﬁdelibus
444 5492 654 5544 contra
694 5487 937 5561 iniquos
965 5487 1438 5559 assistentes,eos
1469 5486 1570 5557 sic,
1619 5491 1766 5558 puta

180 5602 231 5637 ⁵³
254 5606 445 5675 Apoc.
471 5618 530 5659 v.
567 5606 649 5659 10.
743 5604 791 5639 ⁵⁸
821 5603 958 5661 Luc.
1005 5617 1148 5666 xxii,
1199 5604 1287 5660 38.

116 5672 159 5717 ⁵⁸
181 5672 355 5750 Joan.
386 5689 467 5750 Iv,
502 5676 587 5739 t8.

1381 5602 1430 5638 ⁵⁵
1459 5601 1632 5659 Joan.
1669 5617 1831 5689 mn,
1862 5606 1952 5672 ll,

1863 1914 2418 1985 nudeintelligenda
2435 1914 2773 1972 suntverba
2795 1913 3063 1980 canonis,
3090 1909 3257 1966 verbi
3295 1905 3508 1977 gratia,

1864 2004 2198 2073 utdicatur,
2216 2020 2337 2060 non
2357 2004 2533 2060 licere
2552 2003 2782 2059 homini
2822 2001 3019 2074 prima
3053 2013 3236 2054 uxore
3272 1997 3512 2052 mortua

1864 2095 2364 2151 contraherecum
2395 2094 2680 2155 secunda.
2729 2093 3003 2155 dicimus,
3046 2087 3213 2162 quod
3259 2100 3395 2140 cum
3437 2084 3512 2140 sit

1865 2188 2072 2239 contra
2092 2183 2428 2241 doctrinam
2445 2183 2734 2257 Apostoli,
2758 2185 2814 2238 et
2835 2180 3089 2236 salutem
3106 2175 3506 2236 inﬁrmorum,

1864 2273 2029 2330 nulla
2048 2273 2278 2331 ratione
2325 2275 2504 2331 debet
2539 2272 2827 2331 exaudiri.
2852 2270 2943 2326 Ait
2986 2268 3146 2324 enim
3190 2260 3511 2337 Apostolus

1864 2363 1943 2418 ad
1965 2363 2296 2421 Corinthios
2318 2365 2542 2420 Mulier
2561 2371 2643 2421 est
2678 2362 2937 2432 alligata
2965 2352 3382 2428 legi,quandiu
3414 2350 3512 2407 vir

1864 2467 2006 2508 suus
2027 2451 2191 2509 ύίυίι.
2209 2454 2487 2510 Siaulem
2499 2458 2767 2509 mortuus
2791 2450 2999 2520 fuerit,
3026 2447 3125 2504 cui
3144 2444 3273 2501 vult
3299 2440 3506 2509 nubat,

1869 2546 2102 2597 tantum
2125 2542 2188 2597 in
2203 2543 2454 2599 Domino
2472 2542 2539 2598 ⁵⁸.
2568 2539 2856 2597 Dominus
2885 2549 3128 2610 quoque
3160 2532 3221 2588 in
3254 2533 3514 2598 Evange-

1867 2630 1947 2687 lio
1969 2630 2042 2686 de
2063 2631 2329 2695 muliere,
2346 2647 2481 2704 quae
2498 2626 3052 2688 causasuscitandm
3066 2622 3248 2697 prolis
3283 2623 3513 2691 septem

1868 2721 2030 2777 viros
2061 2720 2270 2778 fratres
2323 2721 2655 2778 successive
2694 2718 3012 2782 habuerat,
3035 2729 3159 2771 non
3205 2704 3516 2778 redarguit

1871 2809 2049 2865 talem
2078 2810 2358 2883 copulam
2406 2811 2580 2867 toties
2626 2808 2964 2881 repetitam,
2999 2803 3104 2858 sed
3142 2804 3376 2857 tantum
3419 2810 3513 2851 er-

1868 2914 2119 2956 roneam
2144 2900 2488 2972 opinionem
2515 2914 2722 2955 eorum
2744 2896 3090 2970 quifnturas
3103 2888 3372 2947 carnales
3398 2900 3512 2941 nu-

1875 2988 2300 3059 ptiasinregno
2326 2989 2625 3060 justorum
2663 2985 2988 3059 sperabant
3016 2983 3083 3036 57.
3118 2983 3261 3035 ltem
3307 2978 3513 3032 Sama-

1873 3076 2102 3144 ritanae,
2134 3094 2269 3150 quae
2299 3078 2499 3150 plures
2522 3079 2681 3133 viros
2714 3075 3025 3139 habuerat,
3062 3071 3235 3142 juxta
3264 3069 3513 3138 puteum

1870 3164 2351 3237 loquens,deillo
2374 3166 2500 3223 solo
2535 3166 2699 3222 illam
2737 3162 3063 3232 redarguit,
3109 3170 3290 3231 quem
3332 3166 3509 3208 suum

1873 3269 1996 3310 non
2045 3271 2171 3311 esse
2227 3255 2424 3311 virum
2480 3254 2763 3311 divinitus
2827 3249 3129 3309 intellexit.
3172 3246 3263 3301 Ait
3328 3242 3509 3298 enim:

1877 3344 2148 3417 Quinque
2178 3347 2333 3402 viros
2368 3345 2650 3409 habuisti,
2681 3350 2733 3400 et
2770 3343 2951 3411 hunc,
2976 3352 3144 3412 quem
3179 3335 3369 3400 habes,
3392 3343 3513 3387 non

1875 3439 1959 3490 est
1994 3440 2131 3490 tuus
2151 3435 2315 3490 vir“.
2350 3434 2624 3509 Copulari
2660 3448 2803 3503 ergo
2822 3429 3094 3504 pluribus
3113 3425 3349 3482 vicibus
3382 3434 3516 3475 sue-

1876 3524 2099 3579 cessive
2127 3540 2248 3580 non
2275 3530 2361 3581 est
2386 3524 2774 3597 prohibitum,
2807 3520 2911 3577 sed
2934 3532 3306 3581 concessum;
3337 3512 3517 3568 etiam

1877 3616 2063 3668 status
2080 3613 2289 3670 talium
2306 3630 2427 3670 non
2444 3618 2530 3670 est
2556 3609 3079 3675 condemnandus,
3120 3605 3225 3661 sed
3266 3603 3516 3658 toleran-

1876 3699 2156 3767 dus,cum
2195 3702 2394 3758 neeab
2434 3702 2635 3775 aliquo
2679 3700 2923 3757 homine
2962 3695 3149 3770 possit
3190 3689 3514 3765 prohiberi,

1875 3790 1933 3847 id
1956 3791 2119 3864 quod
2141 3807 2247 3864 per
2270 3792 2516 3864 Spiritus
2539 3790 2794 3861 gratiam
2812 3804 2922 3862 pro
2939 3785 3124 3842 salute
3140 3782 3518 3837 inﬁrmorum

1876 3880 2175 3936 cernimus
2196 3896 2324 3936 esse
2357 3879 2677 3937 indultum.

1949 3970 2087 4023 Item
2112 3969 2396 4039 qureritur
2416 3984 2449 4022 a
2478 3967 2711 4033 Graecis,
2744 3967 3015 4020 Potestne
3060 3960 3185 4016 fieri
3213 3957 3521 4029 dispensa-

1874 4057 1954 4113 tio
1977 4057 2230 4127 alicnjus
2252 4055 2512 4113 concilii?
2530 4056 2587 4112 Si
2606 4054 2829 4124 dicunt,
2848 4050 3013 4125 quod
3034 4065 3177 4116 non,
3200 4046 3335 4120 quis
3377 4058 3518 4114 ergo

1877 4151 2213 4203 Graecorum
2238 4145 2585 4213 salvabitur,
2611 4144 2827 4217 posito,
2850 4139 3013 4213 quod
3038 4132 3157 4194 sint
3175 4137 3235 4192 in
3259 4134 3377 4190 tide
3426 4147 3519 4188 ca-

1874 4237 2153 4298 toliolica,
2190 4252 2294 4291 seu
2331 4234 2665 4290 orthodoxa
2700 4246 2835 4287 vere
2878 4226 3273 4286 obedientes?
3314 4227 3521 4281 Nonne

1875 4331 2084 4384 contra
2104 4327 2284 4382 istum
2308 4340 2625 4389 canonem,
2641 4328 2697 4378 ct
2716 4322 2846 4377 illos
2870 4334 3050 4391 supra
3066 4317 3313 4391 positos,
3330 4314 3522 4387 quoti-

1875 4417 1970 4472 die
1994 4415 2266 4471 veniunt‘.’
2286 4403 2342 4470 Si
2364 4414 2588 4482 dicunt,
2604 4411 2766 4485 quod
2784 4411 2889 4477 sic;
2915 4408 3042 4478 sed,
3059 4407 3109 4462 si
3127 4405 3408 4479 praelatus
3422 4402 3524 4459 ali-

1875 4506 2031 4578 quis,
2054 4503 2241 4560 multo
2278 4502 2471 4573 magis
2493 4516 2768 4557 summus
2807 4497 3095 4571 pontifex,
3127 4495 3232 4568 qui
3267 4497 3524 4566 potesta-

1875 4599 1994 4650 tem
2018 4592 2401 4666 plenitudinis
2427 4590 2655 4647 obtinet
2675 4606 2711 4646 a
2737 4587 2984 4657 Christo,
3015 4585 3315 4642 mediante
3356 4584 3523 4638 Petro

1875 4683 2165 4756 apostolo.
2194 4685 2400 4756 Dequa
2422 4681 2654 4753 require
2676 4695 2859 4751 supra
2878 4680 3095 4751 quarta
3124 4672 3519 4730 distinctione.

1948 4778 2175 4829 interea
2200 4770 2572 4827 consulimus
2592 4769 2809 4825 Graecis
2831 4781 3047 4823 aurum
3088 4760 3393 4834 sapientia:
3444 4756 3523 4815 ab

1877 4860 2135 4917 Ecclesia
2160 4859 2436 4915 Romana
2456 4873 2670 4930 emere,
2696 4872 2882 4929 quam
2904 4852 3261 4925 despiciunt,
3277 4853 3342 4904 ut
3363 4847 3525 4902 locu-

1876 4948 2063 5021 pletes
2088 4948 2257 5016 ﬁant,
2280 4951 2338 5003 ct
2374 4946 2715 5016 ealiginosis
2749 4942 2937 4999 oculis
2975 4939 3289 5011 collyrium
3327 4948 3523 5006 appo-

1876 5042 2060 5094 nant:
2086 5042 2147 5092 ut
2167 5037 2228 5092 in
2259 5036 2504 5109 speculo
2531 5035 2682 5091 sacri
2715 5030 2938 5104 Eloquii
2964 5030 3115 5086 clare
3146 5024 3524 5098 inspicientes

1876 5131 2307 5198 recognoscant
2336 5128 2665 5180 Romanam
2701 5118 3034 5184 ecclesiam,
3072 5130 3207 5188 quae
3250 5112 3524 5170 omnium

1877 5216 2274 5272 Ecclesiarum
2321 5217 2498 5287 caput
2543 5218 2647 5282 cst,
2684 5213 2926 5282 insuper
2972 5212 3031 5263 et
3069 5204 3361 5276 magistra
3407 5217 3523 5258 :eo

1875 5305 2042 5380 quod
2093 5303 2174 5361 nil
2224 5304 2282 5359 in
2326 5304 2496 5359 dictis
2570 5296 2930 5369 evangelicis
2991 5300 3048 5352 et
3101 5292 3522 5368 Epistolarum.

1875 5400 1932 5452 et
1983 5394 2163 5451 etiam
2206 5393 2544 5459 doctorum,
2599 5387 2967 5445 contrarium
3030 5383 3277 5454 invenit,
3335 5381 3521 5455 quod,

1873 5483 2333 5558 interpretative,
2356 5481 2450 5538 vel
2496 5476 2906 5552 dispensative
2950 5474 3287 5532 secundum
3342 5476 3524 5530 statu-

2052 5601 2101 5637 ⁵⁸
2133 5603 2154 5657 ι
2193 5600 2325 5661 Cor.
2354 5612 2446 5665 γη,
2480 5599 2568 5661 39,
2670 5595 2714 5630 ⁵⁷
2744 5592 2945 5651 Matth.
2984 5608 3126 5662 xxu,
3166 5594 3237 5649 24
3279 5604 3452 5664 seqq.
