4020 6310
515 425 611 479 571

1742 396 2238 480 PAN'l‘ALEONlS
2280 418 2567 477 DIACONI
2605 421 2711 476 cp.

3854 418 3958 471 572

514 552 576 608 ta
601 554 946 605 sanctorum
976 550 1238 619 Patrum,
1263 548 1326 605 in
1357 548 1579 607 unitate
1606 549 1855 622 Spiritus
1880 561 2002 603 non
2048 560 2162 601 con
2196 543 2241 597 A
2275 544 2616 611 nominant,
2648 562 2785 619 quae
2817 545 3031 602 dicitur
3059 520 3277 600 furtiva
3304 524 3508 605 fuisse,
3538 540 3955 597 similiterdic-

516 638 744 695 cordat.

591 725 1045 795 Distinguentes,
1091 727 1294 801 itaque
1332 729 1483 784 inter
1508 745 1578 785 ea
1599 745 1734 803 quas
1772 726 2165 801 dispensatio-

515 828 656 870 nem
677 815 988 886 recipiunt,
1016 820 1072 871 et
1086 814 1208 880 illa,
1231 833 1367 889 quae
1388 818 1555 875 aliter
1576 834 1637 874 se
1657 817 1883 875 habent
1905 817 2164 872 dicimus

512 902 680 975 quod
709 908 850 959 sunt
870 910 1175 976 praecepta
1197 907 1405 978 primae
1426 907 1820 967 necessitatis.
1841 921 1977 979 quae
2017 902 2163 959 assi-

512 990 722 1047 milant
750 992 1020 1049 animam
1053 996 1192 1061 Deo,
1237 996 1389 1050 sicut
1433 1001 1734 1068 praecepta
1777 992 2073 1063 Decalogi;
2107 996 2165 1048 et

509 1078 614 1135 illa
636 1095 758 1135 non
781 1081 1077 1153 recipiunt
1093 1081 1623 1155 dispensationem.
1646 1087 1789 1141 item
1839 1087 1982 1139 sunt
2008 1097 2160 1154 prte-

510 1173 683 1239 cepta
714 1170 997 1227 secundae
1029 1172 1421 1242 necessitatis,
1441 1177 1505 1228 ut
1525 1189 1683 1230 unus
1724 1171 1826 1228 uni
1875 1172 2163 1241 jungatur

513 1261 572 1312 et
592 1257 723 1314 haec
740 1260 1110 1331 quandoque
1137 1260 1378 1319 fuerunt
1401 1262 1769 1334 dispensata,
1801 1265 1864 1317 ut
1888 1265 2047 1332 patet
2100 1258 2161 1314 in

510 1350 678 1417 patre
709 1347 1033 1418 Abraham,
1056 1356 1116 1405 et
1143 1350 1351 1413 Jacob.
1390 1351 1592 1411 David.
1621 1357 1677 1406 et
1729 1351 1859 1405 aliis
1916 1348 2157 1417 sanctis,

510 1435 616 1509 qui
641 1436 911 1506 pluribus
943 1438 1248 1509 conjuncti
1276 1439 1537 1495 fuerunt-
1567 1442 1715 1497 Sunt
1764 1445 1822 1495 et
1863 1442 2161 1510 praecepta

511 1523 696 1579 tertiae
718 1526 1116 1593 necessitatis,
1142 1532 1203 1582 ut
1221 1533 1309 1582 est
1331 1532 1537 1583 votum
1557 1528 1961 1584 voluntarium
1979 1532 2035 1582 et
2049 1526 2160 1581 hoc

516 1611 916 1683 quadruplex,
948 1613 1346 1678 continentiae,
1380 1615 1702 1684 religionis.
1761 1613 2159 1681 abstinentiae,

511 1699 1030 1769 peregrinationis.
1064 1704 1187 1761 Duo
1219 1702 1417 1773 prima
1445 1718 1564 1760 non
1594 1703 1888 1775 recipiunt
1917 1702 2158 1775 dispen-

514 1787 809 1855 sationem
836 1790 945 1863 (48)
972 1807 986 1855 ;
1018 1788 1134 1846 alia
1167 1790 1289 1846 duo
1320 1792 1634 1864 recipiunt,
1686 1807 1823 1847 cum
1873 1789 2161 1863 mquipol-

2275 637 2402 688 tum
2434 649 2728 690 canonem
2764 638 3226 691 renovaverunt.
3263 636 3464 704 Itaque
3512 646 3711 702 usque
3760 628 3950 684 hodie

2273 722 2534 779 Ecclesia
2559 725 2900 781 Graecorum
2917 737 3336 779 nonconcessa
3346 720 3636 793 possndet,
3669 722 3859 783 tenet,
3896 724 3949 773 et

2272 809 2475 875 utitur,
2512 812 2662 869 sicut
2691 816 2871 884 patet.
2909 800 3048 878 Quis
3083 811 3243 866 enim
3295 809 3355 865 in
3413 808 3775 882 pontiﬁcatu
3842 809 3949 861 Ro-

2272 915 2468 955 manae
2499 900 2655 956 sedis
2687 901 2881 973 potuit
2912 917 2974 955 se
2997 898 3330 972 exspoliare
3354 901 3646 970 potestate
3668 897 3945 969 propria,

2272 993 2330 1043 et
2359 980 2505 1044 dare
2533 989 2701 1045 alteri
2728 990 2756 1046 ?
2786 995 2848 1045 ut
2878 990 2992 1045 sint
3018 990 3076 1044 in
3111 1004 3232 1043 uno
3257 1002 3507 1059 corpore
3537 984 3663 1040 duo
3714 983 3944 1057 capita,

2272 1075 2491 1132 scilicet
2511 1077 2569 1132 in
2598 1078 2859 1134 Ecclesia
2888 1078 3019 1141 Dei;
3051 1078 3160 1133 Res
3189 1079 3393 1148 utique
3426 1079 3845 1130 monstruosa.

2342 1167 2489 1223 Item
2518 1183 2531 1221 :
2567 1168 2622 1223 Si
2648 1167 2989 1224 habuerunt
3018 1166 3077 1222 in
3103 1166 3237 1237 jure
3266 1181 3340 1221 ex
3387 1163 3443 1221 vi
3491 1163 3945 1220 constitutionis

2270 1256 2332 1310 in
2345 1255 2615 1312 secunda
2629 1255 2860 1326 synodo
2870 1255 3187 1326 factumue}
3202 1255 3529 1309 necessitas
3543 1250 3654 1308 fuit
3668 1258 3943 1324 repetere

2270 1343 2333 1400 in
2358 1350 2573 1415 quarta
2597 1348 2625 1399 ?
2657 1352 2734 1413 et,
2768 1346 2816 1399 si
2844 1345 2899 1399 in
2933 1350 3149 1417 quarta
3181 1342 3774 1399 obtinueruntsuum
3806 1357 3940 1411 pro-

2270 1436 2533 1506 positum
2564 1433 2768 1497 Graeci,
2800 1448 2985 1505 quare
3013 1432 3227 1487 iterum
3259 1430 3315 1486 in
3334 1435 3496 1485 sexta
3510 1429 3776 1502 synodo,
3801 1444 3941 1500 quae

2269 1510 2404 1593 pOSt
2438 1521 2624 1577 multa
2656 1527 2924 1594 tempora
2970 1522 3099 1587 fuit,
3135 1521 3246 1575 hoc
3302 1518 3462 1575 idem
3514 1517 3943 1589 repetierant?

2270 1610 2400 1665 Non
2414 1610 2518 1665 fuit
2533 1609 2669 1671 alia,
2688 1611 2797 1665 nisi
2812 1612 2954 1681 quia
2974 1596 3226 1681 urgebat
3239 1624 3340 1663 eos
3354 1623 3541 1679 prava
3557 1622 3777 1661 eorum
3805 1610 3946 1660 con-

2271 1698 2538 1765 scientia,
2572 1699 2718 1771 quia
2745 1698 2944 1754 videre
2974 1702 3269 1771 poterant,
3295 1703 3352 1753 et
3375 1712 3481 1769 per
3502 1692 3943 1752 conciliaintel-

2268 1786 2471 1856 ligere,
2506 1788 2664 1860 quo'l
2708 1789 2908 1844 nullus
2939 1804 3135 1844 canon
3166 1788 3431 1858 vigorem
3466 1791 3524 1841 et
3584 1785 3937 1841 ﬁrmitatem

513 1876 682 1934 lenti.
710 1868 858 1934 Sunt
885 1878 1133 1951 insuper
1152 1886 1210 1936 et
1230 1887 1459 1954 quartae
1489 1881 1879 1948 necessitatis,
1899 1884 1961 1936 ut
1988 1879 2158 1936 insti-
2185 1886 2230 1956 Β
2269 1876 2491 1932 obtinet
2519 1876 2804 1950 aliquam,
2840 1878 2948 1933 nisi
2976 1876 3244 1932 favorem
3270 1876 3489 1948 pariter
3521 1880 3577 1931 et
3608 1890 3937 1931 assensum

515 1965 772 2022 tutiones
798 1966 1181 2038 praelatorum
1209 1988 1221 2036 ;
1250 1974 1308 2026 et
1345 1970 1475 2027 haec
1525 1969 1819 2045 recipiunt
1846 1970 2156 2041 dispensa-

507 2054 751 2120 tionem,
779 2057 1015 2128 quoties
1042 2062 1099 2114 et
1142 2058 1392 2131 quando
1423 2060 1506 2114 eis
1553 2075 1663 2132 pro
1715 2074 1900 2115 causa
1954 2057 2079 2113 utili
2103 2062 2158 2112 et

507 2146 870 2210 necessaria,
911 2145 1148 2203 videtur
1180 2148 1488 2221 expe’dire.

582 2232 753 2291 Hisce
788 2233 863 2289 sit
907 2234 1293 2298 habentidus,
1349 2242 1406 2293 et
1450 2238 1559 2293 rite
1609 2236 1941 2303 intellectis,
1997 2238 2157 2308 patet

506 2321 723 2379 solutio
764 2322 842 2379 ad
876 2323 1155 2396 plurima,
1189 2342 1325 2399 quae
1355 2327 1626 2384 nondum
1677 2326 1855 2384 etiam
1913 2326 2157 2381 fuerunt

505 2412 871 2485 quaesita.De
894 2412 985 2469 his
1012 2420 1231 2487 autem,
1254 2432 1387 2488 quae
1401 2422 1732 2490 sequuntur
1762 2420 1817 2471 et
1838 2414 1913 2471 de
1946 2414 2155 2471 mulie-

503 2497 673 2555 ribus
704 2508 1107 2573 menstruatis,
1135 2510 1193 2561 et
1231 2521 1367 2577 quas
1416 2505 1832 2577 ingrediuntur
1878 2504 2154 2573 chorum,

506 2589 749 2657 propter
769 2586 861 2643 sui
889 2582 1320 2658 ignobilitatem
1347 2590 1621 2648 auditum
1653 2595 1937 2664 praestare
1991 2589 2159 2646 nolu-

504 2689 643 2739 mus
677 2691 690 2730 :
717 2674 829 2731 nisi
860 2681 1091 2735 tantum
1118 2678 1192 2735 de
1223 2680 1564 2755 patriarcha
1618 2679 2158 2751 Constantinopoli-

506 2769 669 2834 tano,
692 2765 796 2839 qui
819 2783 943 2822 suae
974 2769 1270 2839 superbiae
1292 2770 1631 2836 consulens,
1665 2770 1863 2845 plures
1894 2768 2039 2841 ﬁngi
2075 2768 2158 2825 fe-

505 2853 583 2909 cit
606 2869 870 2911 canones
903 2856 1033 2913 talis
1055 2857 1416 2925 ambitionis,
1434 2864 1498 2916 ut
1521 2876 1702 2932 super
1721 2875 1929 2916 omnes
1959 2858 2160 2931 praela-

504 2946 595 2998 tos
637 2942 910 3002 videatur
936 2946 1234 3018 praelatus.
1270 2951 1451 3006 Vocat
1477 2956 1679 3005 autem
1711 2965 1772 3004 se
1804 2948 2157 3020 οἰκουμενικὸν

505 3032 933 3105 patriarcham,
966 3035 1024 3111 id
1067 3042 1154 3093 est
1183 3038 1581 3095 orbicularem
1611 3038 2066 3107 patriarcham:
2100 3039 2158 3092 et

500 3119 637 3193 licet
659 3121 720 3177 in
741 3129 953 3195 quarta
981 3124 1358 3203 distinctione
1374 3128 1553 3199 hujus
1573 3127 1789 3200 operis,
1807 3126 1948 3183 satis
1971 3124 2044 3180 de
2084 3139 2156 3183 eo

501 3208 873 3282 disputatum
896 3213 1193 3280 sit,tamen
1217 3216 1503 3285 adhuc,in
1518 3216 1972 3273 detestationem
1987 3219 2043 3270 et
2059 3228 2155 3268 su-

501 3296 849 3367 gilationem
871 3300 970 3370 huj
981 3318 1049 3356 us
1062 3303 1805 3375 superbinominis,pauca
1816 3310 2157 3375 repetemus

573 3384 686 3454 (49)
718 3387 1047 3444 Canoniste
1068 3389 1142 3446 de
1186 3391 1517 3457 ambitione
1563 3380 1736 3448 dicta:
1782 3390 1940 3446 sedis
1962 3389 2156 3446 editus

500 3470 611 3527 fuit
632 3474 690 3529 in
723 3476 989 3533 secunda
1019 3477 1273 3550 synodo.
1300 3479 1453 3536 clam
1489 3496 1729 3536 summo
1760 3479 2059 3552 pontifice.
2092 3482 2157 3533 ut

500 3560 785 3630 magister
820 3562 990 3631 Hugo
1027 3564 1375 3631 Etherianus
1422 3565 1620 3633 refert,
1672 3565 1761 3621 vir
1807 3567 2012 3638 utique
2053 3580 2153 3620 sa.

500 3648 693 3721 piens,
744 3656 801 3706 et
846 3653 1069 3722 peritus
1108 3654 1169 3721 in
1235 3658 1486 3735 utraque
1532 3654 1755 3737 lingua.
1828 3653 2154 3726 Responsio

501 3753 687 3810 supra
709 3737 875 3795 estin
899 3740 1166 3798 secunda
1210 3743 1445 3813 synodo
1481 3742 1541 3798 in
1586 3743 1722 3799 ﬁne.
1745 3744 1812 3798 Et
1853 3742 1996 3815 quia
2028 3739 2151 3797 ﬁeri

498 3842 620 3883 non
646 3828 856 3900 potuit,
877 3845 985 3885 nec
1014 3829 1244 3899 debuit,
1277 3834 1408 3904 ipso
1433 3832 1588 3889 facto
1632 3831 1939 3888 suscitavit
1978 3830 2150 3885 scan:

498 3914 707 3972 dalum
729 3917 1593 3987 etdiscordiamintei'Grmcos
1654 3926 1711 3977 et
1756 3919 1989 3976 Latinos
2032 3934 2151 3973 non

508 4005 838 4070 modicam,
863 4024 1053 4080 usque
1072 4009 1146 4063 ad
1175 4016 1443 4083 tempora
1469 4027 1642 4083 papae
1663 4009 1869 4079 Vigilii.
1915 4007 2151 4063 Nullum

503 4098 705 4150 tamen
730 4094 778 4150 is
800 4095 1064 4153 favorem
1091 4098 1515 4170 praebuitdicto
1542 4099 1778 4168 canoni,
1825 4097 1992 4171 quod
2039 4113 2152 4153 nos

500 4182 748 4249 scimus,
775 4184 955 4240 etiam
989 4186 1150 4252 dato,
1198 4186 1355 4260 quod
1406 4188 1689 4260 possetin
1733 4187 2149 4261 praejudicium

495 4269 1004 4340 praedecessorum
1030 4292 1275 4330 suorum
1294 4275 1560 4349 priebere
1580 4293 1891 4333 assensum
1905 4279 2151 4332 .lnterea

495 4366 632 4430 post
652 4359 1010 4432 Ephesinam
1046 4362 1378 4419 celebratur
1397 4364 1900 4437 quartasynodus
1927 4366 1982 4419 in
2008 4363 2151 4419 civi-

495 4451 610 4502 tate
634 4446 1003 4504 Chalcedone
1035 4450 1123 4505 :iu
1151 4467 1271 4523 qua
1300 4450 1548 4525 quidem
1594 4452 1898 4510 Anatolius
1930 4450 2148 4526 praesul

496 4535 673 4603 regia:
707 4535 889 4593 urbis.
915 4540 1055 4593 satis
1087 4539 1203 4609 egit
1232 4556 1338 4610 pro
1369 4541 1706 4615 principatu
1741 4542 1834 4596 sui
1879 4541 2151 4596 sacerdo-

392 4666 397 4673 .
494 4623 574 4679 tii.
612 4626 677 4680 Et
715 4623 905 4696 factus
943 4631 1029 4682 est
1060 4627 1195 4682 inde
1243 4644 1464 4685 canon.
1521 4633 1735 4686 Verum
1780 4630 1922 4702 quia
1970 4628 2148 4699 legati

497 4713 704 4769 Leonis
734 4712 907 4786 primi
945 4714 1182 4771 viriliter
1210 4715 1589 4786 obstiterunt,
1610 4718 1772 4791 petiit
1795 4724 1981 4774 totum
2010 4735 2145 4773 con-

493 4798 695 4856 cilium
726 4818 834 4873 pro
885 4820 968 4861 se.
1003 4809 1060 4859 et
1086 4804 1408 4877 imperator
1450 4823 1740 4871 seorsum,
1771 4794 1879 4862 nec
1930 4823 2048 4862 non
2092 4810 2148 4863 et

495 4889 690 4947 dictus
722 4884 1035 4948 Anatolius
1069 4909 1104 4949 a
1130 4893 1289 4949 dicto
1323 4897 1511 4950 Leone
1540 4894 1839 4951 humiliter
1886 4895 2025 4951 dicti
2055 4913 2146 4952 ca-

490 4981 665 5035 nonis
697 4980 1242 5039 conﬁrmationem.
1272 4982 1385 5038 Sed
1416 5000 1553 5039 cum
1583 5001 1794 5039 omnes
1827 5001 2029 5057 preces
2058 4985 2144 5041 in-

490 5083 735 5126 cassum
763 5071 1062 5139 caderent.
1098 5072 1384 5127 remansit
1414 5072 1606 5127 ιίἱιειτιμ
1634 5090 1829 5129 canon
1872 5075 2145 5129 infirmus

489 5161 545 5246 et
572 5154 794 5213 inutilis
825 5157 1071 5231 dejure,
1095 5161 1200 5216 etsi
1232 5175 1351 5216 non
1379 5162 1451 5216 de
1475 5160 1649 5228 facto,
1674 5168 1852 5234 prout
1877 5180 2063 5235 supra
2086 5165 2142 5218 in

489 5253 707 5325 quarta
727 5246 1124 5319 distinctione,
1143 5256 1199 5305 et
1222 5250 1279 5304 in
1304 5258 1514 5322 quarta
1531 5252 1765 5325 synodo
1789 5252 2140 5307 continetur.

493 5332 819 5402 Nam,sicut
837 5352 1019 5408 supra
1039 5338 1233 5394 dictus
1256 5340 1565 5396 Anatolius
1589 5339 1887 5413 superbus
1921 5340 2145 5396 alienas

493 5419 665 5476 s'edes
681 5422 967 5494 paulatim
992 5434 1044 5480 et
1064 5416 1291 5482 occulte
1312 5430 1548 5500 rapiens
1572 5446 1683 5482 suo
1706 5428 1834 5482 illos
1857 5445 2040 5483 ausus
2057 5434 2145 5484 est

490 5507 711 5565 addere
735 5512 1061 5581 pontiﬁcio;
1084 5517 1140 5569 in
1170 5515 1405 5585 synodo
1427 5532 1690 5588 quoque,
1707 5532 1891 5587 quam
1912 5522 2140 5571 sextam

510 5620 514 5633 |
708 5652 821 5707 Cur
842 5626 959 5707 non
984 5655 1327 5711 auctoritate
1352 5628 1570 5712 summi
1592 5656 1919 5726 pontiﬁcis?
1940 5636 2123 5713 Sruvv.

583 5727 668 5794 49)
713 5725 846 5780 Haec
876 5725 1084 5781 addita
1104 5732 1243 5784 sunt
1261 5741 1299 5783 a
1323 5728 1623 5783 Fratribus
1646 5729 2123 5796 Praedicatoribus

583 5727 668 5794 49)
713 5725 846 5780 Haec
876 5725 1084 5781 addita
1104 5732 1243 5784 sunt
1261 5741 1299 5783 a
1323 5725 1623 5783 Fratribus
1646 5729 2136 5807 t’raedicatoribus

562 5820 568 5827 ι

2184 3264 2226 3317 C

2182 4613 2222 4666 D

2256 5660 2361 5733 qui
2393 5661 2750 5732 superiorae
2776 5659 2940 5716 libris
2973 5661 3263 5717 Etheriani
3283 5678 3424 5717 exce

2269 1966 2492 2022 summi
2522 1966 2810 2022 Pontiﬁcis
2832 1965 3118 2022 obtineat.
3147 1964 3224 2022 De
3253 1981 3377 2038 quo
3404 1980 3587 2036 supra
3616 1965 3677 2020 in
3714 1970 3936 2036 quarta

2263 2054 2660 2111 distinctione.
2698 2054 2864 2110 Unde
2896 2055 3078 2109 istum
3094 2070 3411 2119 canonem,
3430 2059 3731 2125 tanquam
3759 2053 3935 2109 inuti-

2262 2142 2383 2199 lem
2412 2150 2467 2200 et
2492 2144 2704 2200 furtive
2736 2144 3035 2199 intrnsum
3068 2149 3437 2214 respuentes,
3469 2142 3757 2211 dicimus,
3787 2142 3936 2197 sicut

2264 2232 2454 2291 alias:
2488 2249 2701 2288 omnes
2735 2232 3301 2305 illos,quiasscrunt
3326 2234 3667 2287 Romanum
3686 2230 3931 2302 pontiﬁ-

2264 2336 2393 2400 cem
2423 2337 2546 2377 non
2567 2337 2697 2377 esse
2721 2326 2905 2394 caput
2938 2321 3289 2400 universalis
3325 2320 3747 2391 Ecclesiaa,per
3768 2319 3932 2375 viam

2262 2396 2541 2466 incedere
2570 2410 2976 2468 damnationis
3008 2409 3097 2465 vel
3148 2396 3502 2483 perditionis
3547 2414 3603 2464 et
3662 2426 3805 2466 esse
3862 2407 3933 2463 de

2264 2516 2518 2555 numero
2550 2501 2713 2563 Core,
2750 2501 3000 2566 Dathan,
3035 2504 3091 2554 et
3125 2499 3347 2556 Abiron
3376 2497 3930 2565 schismaticorum,

2264 2580 2368 2662 qui
2396 2588 2456 2644 in
2487 2588 2729 2658 signum
2751 2587 3161 2645 damnationis
3189 2594 3426 2644 aeternae
3458 2586 3933 2659 absorptisunta

2266 2682 2439 2735 terra.

2338 2766 2418 2822 De
2449 2765 2845 2823 celebratione
2877 2771 3076 2822 autem
3109 2767 3298 2822 Missae
3327 2765 3384 2820 in
3418 2763 3926 2834 Quadragesima,

2264 2854 2782 2927 etdequibusdam
2799 2855 3085 2924 aliis,non
3134 2855 3594 2927 respondemus,
3634 2860 3763 2910 tum
3789 2854 3930 2927 quia

2264 2942 2478 3001 frivola
2509 2951 2650 2999 sunt
2680 2952 2804 3000 tum
2836 2944 2980 3013 quia
3012 2945 3071 2999 in
3102 2944 3320 3006 furtiva
3362 2942 3600 3015 synodo
3627 2942 3705 2999 de
3736 2943 3927 3000 Trullo

2266 3031 2530 3088 similiter
2561 3033 2851 3089 fabricata
2879 3037 3034 3088 sunt.
3055 3033 3264 3089 Sivero
3278 3031 3923 3103 objiciuntnobisillud

2264 3121 2567 3178 decretum
2585 3128 2757 3178 sextae
2773 3120 3011 3195 synodi,
3028 3121 3193 3195 quod
3209 3138 3369 3194 papa
3385 3121 3683 3177 Adrianus
3709 3136 3924 3194 appro.

2265 3204 2457 3268 barit:
2493 3212 2643 3281 Quia
2672 3214 2733 3266 in
2765 3227 2830 3269 eo
2860 3216 3150 3267 statutum
3186 3219 3267 3267 est
3305 3218 3439 3277 ,etc.
3479 3215 3535 3266 et
3562 3202 3715 3266 illud
3752 3215 3921 3267 lnno-

2265 3300 2459 3367 centii,
2492 3301 2881 3371 Renovantes,
2919 3298 3051 3355 etc..
3091 3297 3567 3371 Respondemus.
3599 3300 3773 3372 quod
3829 3297 3922 3354 illa

2264 3388 2570 3461 propriam
2600 3386 3142 3460 interpretationem
3159 3387 3582 3444 etcatholicam
3603 3388 3917 3460 recipiunt,

2264 3481 2321 3534 et
2349 3494 2471 3533 non
2503 3478 2834 3534 secundum
2869 3494 3118 3550 pravum
3152 3475 3513 3533 intellectum
3546 3479 3911 3533 Graecorum.

2263 3566 2395 3622 Alia
2424 3582 2561 3622 vero
2590 3565 2950 3621 discussioni
2976 3566 3461 3639 jurisperitorum
3493 3565 3815 3622 etarbitrio
3836 3580 3921 3621 re-

2262 3651 2635 3726 linquamus.

2332 3745 2449 3815 (50)
2484 3747 2790 3816 Tempore,
2830 3761 2952 3816 quo
3011 3742 3537 3800 victoriosissimus
3598 3745 3920 3818 imperator

2264 3834 2707 3901 Constantinus,
2747 3838 3150 3901 cognomento
3189 3833 3639 3900 Monomacbus,
3688 3832 3915 3906 imperii

2261 3920 3915 3994 perspicacitermoderabaturdignitatibus,eratquidam

2261 4008 2504 4065 Michael
2531 4009 3203 4080 Constantinopolitanae
3220 4010 3381 4065 sedis
3415 4010 3763 4082 patriarcha
3784 4010 3915 4066 acti-

2261 4096 2375 4153 bus
2397 4106 2453 4155 et
2478 4096 2773 4154 intellectu
2798 4098 3201 4166 stultissimus,
3225 4098 3350 4171 qui,
3380 4106 3557 4170 prout
3583 4100 3772 4155 verba
3795 4101 3913 4170 ejus

2262 4194 2643 4246 attestantur.
2682 4187 3078 4243 haeresiarcha
3113 4187 3328 4259 potius,
3360 4204 3547 4261 quam
3579 4189 3914 4260 patriarcha

2262 4275 2980 4338 esseomnibusinnotuit,
3001 4275 3264 4333 Hiclteva
3287 4277 3568 4333 suasione
3592 4278 3683 4332 sui
3722 4276 3911 4333 cordis

2261 4372 2755 4431 exactus,sancta3
2781 4368 3061 4421 Romanae
3077 4366 3233 4420 sedis
3253 4365 3687 4422 Eucharistiam
3715 4367 3909 4422 nefan-

2259 4453 2411 4509 diter
2435 4454 2788 4511 intamabat.
2824 4461 3082 4509 tractans
3108 4470 3333 4523 secum,
3350 4454 3515 4527 quod
3531 4455 3748 4510 melius
3770 4458 3912 4512 esset

2261 4545 2597 4599 Graecorum
2629 4542 3010 4598 sacriﬁcium.
3044 4559 3230 4615 quam
3264 4543 3630 4611 Latinorum,
3654 4560 3728 4600 eo
3754 4542 3906 4617 Quod

2257 4631 2368 4703 ipsi
2401 4632 2839 4697 fermentatum,
2866 4638 2921 4686 et
2952 4634 3224 4687 Romana
3258 4632 3533 4701 Ecclesia,
3563 4639 3628 4687 ut
3657 4632 3741 4687 ab
3774 4649 3907 4704 apo-

2256 4719 2421 4775 stolis
2455 4727 2785 4790 acceperat,
2818 4736 3101 4791 azymum
3139 4721 3462 4776 sacriﬁcat.
3508 4722 3742 4777 interea
3769 4722 3903 4777 dum

2256 4809 2534 4880 praefatus
2566 4808 2924 4880 patriarcha.
2955 4808 3525 4881 utlibellisuiapices
3543 4816 3903 4875 asseverant,

2257 4896 2616 4952 sacriﬁcium
2651 4898 2991 4951 Latinorum
3029 4913 3275 4963 arguere
3288 4902 3629 4959 conaretur,
3647 4898 3765 4954 hoc
3780 4913 3904 4952 san-

2255 4985 2563 5041 ctissimus
2596 4986 2704 5041 Leo
2734 5002 2891 5059 papa
2925 4988 2985 5041 l.\'
3017 4983 3290 5050 audiens,
3323 5002 3486 5041 more
3519 4985 3691 5041 solito
3715 4987 3794 5042 ad
3819 5002 3902 5042 ne-

2256 5074 2503 5131 fandam
2526 5071 2936 5130 alterationem
2958 5073 3430 5148 exstirpandam,
3447 5073 3769 5131 dominum
3793 5078 3903 5132 Ste-

2256 5163 2528 5236 phanum
2558 5164 2980 5219 cancellarium
3014 5162 3530 5233 religiosissimum
3562 5163 3760 5220 virum
3811 5162 3903 5237 qui

2255 5252 2458 5307 tertius
2484 5257 2617 5325 post
2642 5267 2778 5308 eum
2812 5269 2972 5325 papa
2998 5248 3281 5308 Romanas
3300 5253 3458 5308 sedis
3481 5253 3903 5317 exstitit,etho-

2254 5347 2437 5395 nestze
2464 5338 2620 5395 sedis
2650 5342 3016 5413 pontiﬁcem,
3049 5347 3105 5395 et
3135 5356 3271 5396 cum
3322 5339 3434 5396 illis
3487 5341 3732 5398 Petrum
3788 5340 3902 5399 Mel-

2254 5430 2566 5502 phitanum
2600 5430 2975 5500 magistrum,
3013 5437 3067 5485 ct
3102 5430 3309 5485 doctos
3342 5447 3476 5486 cum
3495 5431 3899 5503 suisupicibus

2252 5518 2599 5574 transmisit.
2636 5519 2745 5583 Qui
2777 5519 3494 5591 Constantinopolitanam
3555 5519 3773 5576 urbem
3827 5522 3901 5574 iu-

2318 5667 2361 5716 ii
2393 5667 2750 5732 superiorae
2776 5667 2940 5716 libris
2973 5667 3263 5717 Etheriani
3283 5667 3728 5789 excel‘ipserant.

2318 5737 2428 5823 (ὅθ)
2472 5734 2602 5789 Haec
2632 5736 2774 5788 sunt
2825 5732 3202 5812 Pantaleonis
3235 5749 3415 5789 mera:
3468 5732 3684 5789 abulse.
3733 5738 3888 5790 BASN.
