4020 6310
110 435 206 488 573
1525 435 1804 490 CONTRA
1841 434 2150 491 GRAECOS.

3437 436 3540 490 574

110 557 326 626 gressi,
367 560 425 613 et
448 557 748 630 imperiali
773 556 1228 614 honorificentia
1257 557 1583 625 sublimati,
1621 559 1777 629 ejus-
1807 563 1851 614 Α
1885 558 2152 614 raculum
2171 562 2370 614 actum
2389 563 2495 614 est.
2523 558 2814 614 Liminare
2828 573 3238 615 marmoreum
3264 557 3538 628 ejusdem

111 645 247 700 dem
277 645 457 701 urbis
486 645 891 719 patriarcham
918 645 1254 715 (adeuntes)
1280 653 1491 718 quater
1520 664 1658 704 cum
1708 663 1779 701 eo

111 734 492 807 colloquium
514 736 590 790 de
612 737 918 791 nominato
937 735 1226 790 sacriﬁcio
1241 737 1645 792 habuerunt...
1668 738 1780 808 (5t)

109 839 213 895 per
231 824 532 879 nuntium
559 825 916 879 asciverunt.
947 825 1112 889 Quod
1145 825 1271 897 ipse
1297 826 1549 880 audiens
1589 842 1650 880 se
1703 824 1784 879 ab

110 928 327 968 eorum
360 912 674 985 colloquio
694 913 968 968 deviavit.
993 915 1120 969 Mox
1148 914 1262 986 ipsi
1294 916 1524 970 Sanctia
1549 914 1783 984 Sophia:

106 999 437 1056 basilicam
463 1001 883 1070 ingredientes,
901 1015 1081 1073 super
1104 1001 1287 1056 altare
1309 1001 1655 1072 paginulam
1684 1017 1762 1074 po

112 1096 398 1144 suerunt.
431 1093 683 1145 Exeutcs
737 1095 947 1144 autem
967 1089 1045 1144 ab
1094 1089 1346 1146 ecclesia
1395 1089 1643 1146 sublatis
1688 1106 1787 1164 pe-

109 1179 259 1234 dum
316 1179 617 1236 sandaliis
674 1181 1157 1252 pavimentorum
1210 1196 1519 1236 marmora
1573 1196 1784 1252 percu-

108 1269 358 1335 tientes,
421 1269 485 1324 in
532 1269 683 1324 mari
740 1268 1055 1342 pulverem
1117 1269 1507 1340 projecerunt,
1561 1276 1618 1325 et
1673 1271 1785 1326 hoc

107 1359 462 1414 secundum
479 1359 778 1427 Evangelii
800 1376 1005 1414 vocem
1023 1360 1784 1430 egeruntdicenteszouam-

109 1463 352 1518 cunque
373 1449 678 1504 civitatem
709 1451 1126 1512 introvierite‘s,
1147 1458 1200 1504 et
1233 1452 1540 1505 renuerint
1570 1451 1787 1518 dogma

109 1543 406 1602 vestrum,
438 1538 597 1593 nihil
615 1538 832 1593 exinde
852 1538 1130 1606 e/feratis.
1163 1539 1276 1593 Sed
1302 1539 1442 1594 inde
1507 1538 1787 1593 abeuntes

108 1624 428 1691 pulverem
453 1625 674 1693 pedum
703 1631 1034 1680 vestrorum
1063 1629 1326 1682 exeunte
1375 1628 1443 1680 ⁵³.
1505 1628 1790 1681 Praeterea

111 1710 259 1782 ipsis
282 1727 319 1768 e
336 1712 580 1768 civitate
597 1712 1046 1768 discedentibus
1073 1714 1442 1786 stupendum
1474 1713 1648 1771 valde
1677 1713 1790 1769 mi-

182 1855 233 1888 ‘9
267 1853 475 1910 Matth.
511 1871 589 1923 x;
622 1855 796 1911 Marc.
829 1871 918 1922 v1;
951 1857 1088 1912 Luc.
1121 1843 1159 1910 i.

183 1979 312 2049 (51)
355 1980 602 2034 Lacuna
631 1979 692 2034 in
725 1995 842 2034 ms.

1885 647 2152 702 ecclesiae
2181 647 2346 702 mirae
2372 646 2798 716 magnitudinis
2823 646 3182 712 dissolvitur;
3223 648 3540 718 statimque

1887 735 2021 791 talis
2053 742 2141 790 est
2170 735 2372 791 clades
2413 735 2751 800 subsecuta,
2784 740 2850 790 ut
2885 735 3099 790 diebus
3130 734 3338 806 paucis
3376 750 3542 791 sexa-

1890 825 2402 896 gintaGrtecorum
2423 824 2608 880 millia
2627 829 3139 892 morerentur,nec
3158 822 3313 878 ullus
3334 822 3542 878 aliena:

1892 914 2101 981 gentis:
2133 913 2367 968 interim
2400 923 2454 968 et
2485 929 2591 985 per
2614 912 2877 968 triduum
2905 910 3346 968 inmstimabiles
3374 927 3542 967 coru-

1893 1003 2206 1070 scationes,
2242 1007 2299 1056 et
2328 1003 2606 1073 tonitrua,
2633 1007 2689 1058 et
2736 1002 3022 1058 imbrium
3074 1004 3132 1057 et
3175 1001 3540 1071 grandinum

1895 1090 2308 1146 multitudines
2338 1090 2710 1146 exstiterunt.

1966 1186 2097 1235 Haec
2127 1194 2269 1235 vero
2308 1183 2474 1247 gesta
2506 1184 2648 1234 sunt
2672 1195 2833 1236 anno
2865 1179 2943 1235 ab
2973 1177 3383 1234 lncarnatione
3436 1177 3541 1231 Do-

1897 1268 2036 1322 mini
2073 1268 2390 1322 nullesimo
2419 1267 2924 1340 quinquagesimo
2957 1266 3185 1339 quinto,
3218 1265 3543 1322 indictione

1894 1365 2128 1412 octava.
2161 1357 2332 1422 Quod
2362 1372 2474 1423 ego
2507 1357 2848 1424 Pantaleon,
2876 1372 3013 1410 cum
3040 1371 3236 1410 essem
3265 1354 3346 1409 ibi
3395 1355 3543 1410 Con-

1897 1447 2156 1500 stautin
2165 1445 2304 1517 poli,
2328 1445 2426 1500 ubi
2449 1445 2562 1501 hoc
2579 1451 2780 1500 actum
2803 1450 2910 1511 est,
2939 1445 3052 1499 hoc
3077 1443 3297 1499 idcirco
3316 1459 3543 1498 memo-

1895 1535 2080 1589 rabile
2113 1536 2239 1602 feci,
2291 1549 2415 1605 quo
2480 1533 2815 1602 legentibus
2882 1538 3084 1605 pateat
3138 1531 3356 1587 Latinae
3413 1545 3542 1586 sere

1897 1623 2095 1678 uitatis
2126 1622 2436 1688 institutio,
2467 1627 2525 1677 et
2544 1636 2723 1677 nemo
2750 1620 2971 1677 audeat
2993 1620 3136 1676 talia
3158 1634 3538 1692 praesumere.

124 2151 3540 2187 Μ

1164 2283 1792 2444 ΡΑΝΤΑ
1822 2277 2509 2446 LEONIS

709 2551 1073 2627 DlACONI
1123 2551 1234 2625 ET
1282 2555 2088 2628 CHARTOPHYLACIS
2135 2555 2481 2625 MAGNZE
2528 2541 2985 2624 ECCLESl/E

1561 2715 1986 2820 NAltRAl
2014 2731 2124 2819 Io

515 2957 1272 3114 MIRACUWIIUM
1348 2960 1730 3112 MAXIMI
1809 2959 2469 3137 ARCHANGELI
2545 2945 3176 3110 MICIIAELIS'

195 3371 233 3426 Ῑ.
266 3373 499 3439 Magnae
522 3377 576 3427 et
603 3369 804 3428 multae
827 3376 884 3428 et
908 3371 1086 3426 variae
1121 3377 1258 3427 sunt
1282 3372 1780 3446 tumincorporeae
1817 3375 1855 3428 Β
1892 3371 2168 3428 homines
2201 3371 2279 3428 ab
2311 3387 2444 3426 eam
2473 3375 2484 3406 '
2515 3389 2528 3426 :
2562 3370 2642 3428 ita
2671 3372 2848 3426 etiam
2879 3367 3304 3439 archangelicaa
3336 3381 3542 3421 essen-

123 3465 174 3515 et
200 3459 545 3530 magnificae
559 3460 990 3529 archangelicte
1009 3460 1236 3516 virtutis
1261 3467 1316 3515 et
1347 3462 1651 3529 dignitatis
1680 3478 1784 3517 no-

123 3549 336 3617 tiones,
363 3551 650 3622 donaque
676 3556 732 3606 et
753 3551 977 3620 gratiae,
1015 3552 1058 3606 Ο
1086 3549 1514 3620 gloriosissime
1545 3549 1788 3607 Michael

124 3641 406 3711 princeps
437 3638 680 3706 militiae,
721 3638 1083 3711 amplusque
1113 3643 1171 3694 et
1196 3655 1403 3694 revera
1434 3638 1706 3695 sublimis
1733 3644 1790 3694 et

127 3727 438 3799 multiplex
466 3727 698 3783 decorae
727 3734 840 3782 tua:
889 3727 1173 3791 materiae,
1229 3729 1484 3799 expertis
1558 3728 1785 3794 formae,

127 3821 179 3870 et
209 3817 344 3887 vitae
381 3822 587 3872 status.
620 3819 717 3872 Est
743 3823 943 3872 autem
979 3832 1163 3887 parva
1192 3825 1246 3872 et
1277 3817 1440 3872 nihili
1517 3817 1789 3873 facienda

124 3904 410 3961 humanze
425 3905 642 3974 linguzr
656 3921 872 3960 carnea
887 3910 1170 3977 potestas,
1189 3913 1446 3975 angustu
1457 3923 1604 3978 sque
1617 3907 1788 3961 ethu-

124 3994 280 4048 milis
311 4001 371 4048 et
405 4011 458 4049 ar
479 3994 653 4049 titicio
680 4009 909 4060 carens,
938 3993 1040 4065 qui
1069 4009 1173 4065 per
1204 3992 1602 4050 instrumenta
1664 4010 1788 4049 cor-

124 4099 312 4154 porea
333 4102 365 4137 a
388 4088 592 4138 nostro
609 4081 786 4138 corde
811 4098 1008 4136 sermo
1026 4080 1441 4152 proﬁciscitur.
1473 4083 1787 4149 Quomodo

126 4188 266 4242 ergo
303 4179 378 4235 te,
412 4189 448 4227 ο
479 4170 908 4243 omnipotentis
937 4170 1034 4224 Dei
1070 4172 1348 4243 princeps
1381 4172 1626 4239 militiae,
1679 4189 1786 4244 pro

137 4261 455 4329 dignitate,
513 4261 646 4315 licet
699 4275 1014 4320 conemur,
1073 4258 1352 4314 laudibus
1383 4261 1789 4316 atl‘ecerimus?

125 4351 314 4413 Quam
354 4365 560 4404 vocem
589 4348 1030 4418 incorpoream,
1065 4345 1418 4418 incorporeo
1474 4356 1573 4402 tuo
1626 4347 1787 4403 intelo

125 4437 326 4505 ligenti
357 4437 552 4492 ordini
583 4436 1068 4510 respondentem.
1094 4451 1198 4506 per
1229 4437 1555 4492 materialia
1578 4445 1633 4492 et
1663 4455 1785 4492 cor-

123 4541 307 4596 porea
333 4526 507 4582 labra
533 4526 885 4581 oil'eremus?
919 4523 1145 4589 Quibus
1163 4531 1398 4580 utemur
1431 4527 1618 4591 sonis,
1647 4543 1783 4599 quae

123 4615 461 4688 significent
483 4614 846 4670 ineffabilem
877 4619 932 4668 et
952 4610 1428 4682 inexplicabilem
1465 4621 1628 4670 tuam
1663 4614 1785 4683 glo-

1895 3460 2049 3516 tialis
2077 3466 2190 3516 tuae
2213 3460 2492 3517 bonitatis
2523 3465 2577 3515 et
2598 3459 2904 3532 potestatis
2925 3459 3156 3514 infinita
3201 3453 3542 3521 multitudo,

1894 3566 1931 3606 a
1958 3566 2082 3622 qua
2107 3568 2330 3607 arcana
2359 3558 2414 3606 et
2443 3549 2647 3606 divina
2671 3557 2956 3606 emanant
2982 3548 3278 3612 ﬁdelibus,
3328 3561 3542 3618 appre-

1895 3637 2075 3694 hendi
2099 3647 2154 3694 et
2183 3640 2524 3712 investigari
2555 3656 2676 3696 non
2706 3646 2897 3712 potest
2926 3639 3208 3695 humanis
3245 3635 3543 3706 cogitatio-

1895 3727 2094 3800 nibus.

1895 3817 1958 3871 ll.
1993 3817 2103 3872 Sed
2131 3817 2419 3890 quoniam
2451 3817 2668 3873 alicubi
2693 3817 2836 3873 dicit
2881 3815 3151 3871 divinum
3205 3813 3538 3885 Eloquium:

1900 3907 2101 3972 «Quod
2134 3907 2474 3964 didicimus.
2503 3906 2925 3978 praedicamus:
2969 3911 3023 3960 et
3071 3903 3237 3976 quod
3293 3901 3538 3969 scimus,

1897 3996 2328 4051 aununtiamus
2351 3995 2370 4029 ²
2406 4011 2418 4060 ;
2453 4018 2471 4043 ι
2491 4012 2560 4050 ea
2576 3995 2649 4050 de
2664 4010 2849 4049 causa
2863 3987 3540 4048 mittentesiuﬁuitama-

1896 4084 2097 4154 gualia
2129 4090 2364 4138 tuorum
2398 4082 2848 4151 miraculorum,
2880 4097 3074 4153 pauca
3102 4078 3406 4153 quaedam,
3440 4092 3540 4148 ap-

1894 4172 2083 4244 posite
2107 4180 2162 4227 et
2191 4174 2612 4228 convenienter
2642 4169 2892 4227 collecta
2922 4186 2992 4225 ex
3024 4167 3226 4224 divini.
3291 4165 3540 4240 Spiritus

1893 4261 2165 4333 eloquiis,
2189 4261 3179 4334 conamurexprimerenostrorum
3222 4256 3540 4312 verborum

1894 4350 2213 4414 coloribus,
2248 4352 2852 4423 etgraphicenarrare
2882 4346 3385 4418 magnificentiam
3420 4343 3540 4413 glo-

1892 4443 1994 4497 riae
2028 4441 2354 4496 sanctitatis
2388 4447 2524 4508 tute,
2558 4449 2612 4496 et
2639 4439 2988 4496 terribilium
3016 4444 3255 4493 tuorum
3290 4435 3543 4492 miracu-

1892 4531 2087 4588 lorum
2118 4539 2384 4585 eructare
2415 4531 2765 4601 potentiam,
2798 4537 2853 4584 et
2874 4527 3151 4601 prodigia
3181 4521 3280 4583 tua
3306 4539 3541 4581 annun-

1894 4622 2036 4676 tiare
2069 4621 2137 4675 iis
2166 4622 2267 4692 qui
2305 4619 2478 4675 hodie
2510 4619 2628 4674 fide
2661 4626 2797 4674 sunt
2849 4615 3192 4686 congregati
3228 4616 3289 4670 iu
3341 4613 3542 4668 divino

123 4705 307 4762 riam?
342 4704 805 4761 Dubitatrevera
844 4703 1129 4757 universa
1187 4707 1401 4759 natura
1453 4705 1779 4769 terrigena-
1815 4725 1855 4780 ρ
1895 4715 1995 4764 tuo
2027 4710 2197 4771 festo,
2235 4715 2293 4764 ut
2321 4708 2528 4763 salutis
2553 4709 2682 4780 jam
2715 4706 3084 4779 propositum
3117 4707 3540 4774 argumentum

125 4810 255 4850 rum
291 4801 344 4849 te
367 4793 613 4849 laudare
645 4793 1034 4859 etcelebrare,
1061 4795 1526 4866 quiesprinceps
1559 4793 1784 4848 ordinis

125 4884 885 4956 supercwlestisJinarrari
929 4886 1090 4940 enim
1147 4893 1203 4941 et
1251 4884 1446 4939 verbis
1502 4883 1782 4955 explicari

126 4988 243 5028 non
283 4977 477 5044 potest
519 4971 690 5027 locus
747 4971 965 5027 divinas
1027 4980 1140 5030 tua;
1208 4971 1663 5045 pulchritudinis
1729 4979 1785 5026 et

126 5061 485 5134 splendoris.
548 5062 865 5127 Quomodo
937 5063 1094 5119 enim
1163 5062 1451 5118 mirabilis
1498 5062 1651 5117 facta
1699 5065 1786 5117 est

129 5149 375 5204 scientia
403 5148 501 5204 Dei
545 5165 615 5204 ex
640 5149 835 5204 nobis!
869 5149 1135 5214 invaluit,
1161 5167 1281 5206 non
1318 5149 1646 5223 poterimus
1677 5164 1787 5204 nos

192 5295 207 5328 ¹
244 5293 402 5348 Psal.
429 5307 704 5360 cxxxvui,
737 5296 790 5361 6,
813 5295 835 5327 ⁸
869 5295 1082 5347 lJoan.
1118 5310 1153 5362 ι,
1199 5298 1246 5348 1.

187 5471 210 5490 '
248 5469 316 5524 In
347 5468 555 5541 codice
596 5471 795 5524 Graeco
841 5469 946 5525 308
994 5469 1157 5541 apud
1208 5469 1430 5541 Nanios
1479 5474 1784 5524 asservato

126 5538 401 5632 leguntur
446 5539 975 5632 huiussermo’nis
1027 5538 1228 5628 titulus
1278 5547 1334 5595 et
1376 5540 1612 5632 initium
1640 5558 1651 5594 :
1679 5541 1782 5624 Tit.

129 5610 756 5696 llawaliozrogdtaxovou
785 5616 877 5662 καί
905 5612 1304 5683 χαρφοφύλακος
1317 5621 1411 5673 τῆς
1437 5611 1678 5696 Μεγάλης
1709 5610 1785 5663 ἐκ-

125 5682 344 5764 ahala;
371 5678 405 5734 δ
410 5688 623 5766 tif/nat;
671 5678 948 5766 Θαυμάῖώῦ
980 5678 1484 5754 ἐοᾶπαμμεγίστου
1517 5678 1783 5766 ἀρχαγγέ-

126 5751 208 5806 λου
253 5751 500 5824 Μιχαὴλ.
553 5758 667 5810 tnc.
700 5751 942 5826 Μέγάλαι
978 5758 1033 5806 αἶ
1069 5751 1258 5808 «olidi
1301 5751 1392 5807 imi
1437 5751 1785 5816 ποιλέίλὰιέῆς

1892 4798 2194 4856 omnibus,
2229 4798 2329 4870 qui
2361 4797 2639 4852 ardenter
2659 4797 2733 4851 ad
2759 4796 2817 4850 id
2841 4798 3220 4856 accurrunt,o
3281 4791 3542 4847 maxime

1893 4895 1945 4943 et
1979 4886 2270 4958 imprimis
2297 4884 2665 4941 admirabilis
2695 4884 2935 4940 Michael
2954 4885 3227 4955 princeps
3261 4880 3355 4935 liei
3383 4877 3541 4934 mili-

1893 4973 2199 5031 titeiiodie
2230 4975 2388 5030 enim
2423 4981 2712 5046 tanquam
2747 4962 3377 5042 magnificentiSsimus
3412 4966 3541 5041 qui-

1893 5065 2032 5121 dam
2064 5065 2430 5129 convivator,
2465 5079 2765 5118 convocas
2819 5077 2928 5115 nos
2988 5074 3197 5114 omnes
3245 5055 3540 5128 spiritales

1895 5145 2176 5210 convivas
2191 5152 2264 5210 ad
2280 5152 2622 5224 epulumtui
2641 5150 2792 5218 festi,
2813 5148 2980 5222 quod
3011 5152 3285 5202 exortum
3300 5151 3387 5202 est
3416 5145 3542 5202 sole

1894 5465 2193 5536 ἀσωμάτου
2215 5471 2304 5516 καὶ
2339 5463 2762 5536 μεγαλοπρεποῦς
2805 5458 3199 5536 ἀρχαγμλικῆς
3231 5477 3326 5512 σου
3355 5457 3543 5536 ἀρετῆς

1891 5543 1981 5590 καί
2005 5523 2153 5600 ἆξιας
2179 5523 2364 5587 ἐννοιαί
2395 5523 2484 5586 sui
2521 5523 2800 5607 despecti}:
2833 5523 2924 5582 ίιαί
2949 5523 3190 5604 igitur“,
3223 5523 3544 5607 παναᾷίδιμε

1893 5609 2116 5680 Μιχαὴλ
2138 5607 2558 5680 ἀρχιστράτηγευ
2583 5602 2671 5656 iaci
2693 5603 2912 5655 πλατεῖα
2929 5602 3108 5672 idfth
3130 5607 3237 5655 ὄντι
3269 5602 3539 5676 μετέωροςι

1891 5675 2304 5738 καῖ’πολυέιδήής
2337 5675 2430 5736 τῆς
2470 5684 2859 5747 πανευτῖρεποῦς
2884 5675 3164 5727 away-0°"
3194 5675 3544 5747 P°97mtxai

1894 5731 2083 5814 ςῷῆςὴ
2118 5731 2433 5808 xui-ciosum;
2463 5747 2610 5804 Cod.
2635 5731 2786 5804 Nan.
2812 5731 2954 5819 pug.
2980 5747 3104 5802 521.
3194 5731 3204 5746 ¹
3265 5731 3274 5747 ⁸
3306 5731 3316 5744 Ι
3509 5755 3513 5758 “
