4020 6310
451 334 555 392 575
1168 356 1173 357 ν
1686 329 2038 390 PANTALEO

2295 327 2489 388 tCONI
2525 330 2627 387 (ΖΡ.
3764 326 3882 382 576

450 456 1286 532 luminosius,quodpositum
1300 461 1389 515 est
1409 457 1487 515 ad
1500 455 2098 531 principiaorbister-
2133 485 2180 539 Α
2213 454 2289 511 ad
2318 454 2435 511 hoc
2466 458 2531 509 ut
2556 454 2773 523 essent,
2806 455 2862 509 et
2890 452 3097 509 omnia
3128 450 3207 509 ad
3234 450 3566 508 essentiam
3612 448 3885 539 deduxit.

452 565 558 618 rae,
588 548 694 622 qui
718 551 805 604 est
833 563 871 606 a
896 546 1119 603 ﬁnibus
1132 548 1414 620 usquead
1428 548 1672 605 ﬁneszin
1696 562 1817 619 quo
1845 544 2101 601 miraeu-
2138 538 2143 539 ί
2211 548 2266 598 et
2294 542 2623 606 constituit,
2655 558 2852 616 eaque
2885 540 3348 615 comprehendit
3374 545 3432 596 et
3462 538 3749 607 continet,
3781 538 3879 594 di—

452 638 650 696 iorum
673 641 730 693 et
758 637 977 693 animae
1004 636 1271 693 utilitatis
1297 637 1525 693 deliciis
1540 653 1606 694 se
1635 637 1874 709 explent
1896 635 2099 693 omnia
2209 632 2349 703 rigit
2377 636 2432 688 et
2456 631 2640 702 ducit,
2668 632 2864 688 ferens
2891 630 3019 687 solo
3046 635 3201 687 nutu
3253 646 3376 686 suae
3424 629 3767 702 majestatis
3812 634 3877 683 et

454 727 640 783 corda
666 725 958 783 ﬁdelium.
988 726 1099 783 Sed
1119 742 1283 783 nunc
1310 742 1580 799 quoque,
1616 730 1679 782 ut
1708 740 1964 798 semper,
1996 723 2103 779 mi-
2211 724 2508 796 potentiae.

454 830 645 871 serere
673 818 893 871 nostrae
921 814 1293 885 humilitatis,
1332 814 1793 889 quiesexcelsus
1826 826 2103 870 assessor
2285 813 2372 867 ιν.
2415 814 2605 884 Atque
2622 810 2885 883 primum
2897 810 3165 883 quidem,
3184 809 3608 866 convenienter
3628 806 3885 879 etquod

452 902 619 974 regni
641 902 946 970 caelorum,
975 908 1034 960 et
1062 919 1304 960 exorere
1344 904 1521 961 nobis
1554 902 1977 978 splendoribus
2006 900 2105 956 be-
2214 900 2357 957 dicit
2376 900 2717 969 Theologus
2739 901 3078 970 Gregorius,
3096 904 3292 955 mente
3304 896 3885 967 agitavitangelicas

455 990 657 1063 nignae
691 996 804 1047 ture
834 991 1246 1064 providentiae,
1276 993 1378 1065 qui
1406 1008 1442 1049 a
1470 992 1735 1062 benigno
1768 995 1887 1047 Deo
1936 1004 2105 1046 acce-
2216 994 2274 1047 et
2298 988 2564 1046 caelestes
2585 992 2946 1062 potestates:
2977 993 3034 1045 et
3057 987 3223 1061 quod
3244 992 3442 1043 mente
3464 986 3736 1056 agitavit,
3763 984 3885 1041 fuit

451 1078 593 1152 pisti
653 1078 1108 1151 benignitatem,
1156 1080 1416 1152 benigne
1436 1080 1677 1139 Michael
1708 1080 1983 1153 princeps
2005 1075 2109 1133 mi-
2218 1093 2374 1152 opus
2400 1077 2587 1135 verbo
2621 1077 3008 1150 completum,
3039 1082 3096 1134 et
3124 1077 3334 1150 spiritu
3363 1076 3724 1149 perfectum.
3758 1074 3891 1130 Sie-

451 1161 617 1224 litite.
648 1169 758 1234 Qui
785 1185 850 1224 es
883 1168 1036 1226 lecta
1061 1174 1118 1225 et
1164 1168 1489 1242 luminosa,
1553 1170 2024 1240 signiﬁcansque
2056 1170 2114 1222 et
2217 1184 2337 1242 que
2353 1168 2743 1224 constiterunt
2761 1168 3009 1224 secundi
3025 1166 3398 1239 splendores,
3418 1164 3672 1221 ministri
3694 1163 3890 1236 primi

453 1256 774 1329 splendida
821 1257 989 1315 stella
1015 1258 1159 1315 solis
1188 1258 2110 1328 gloriae.Quiesfortissimuspu-
2221 1257 2576 1330 splendoris,
2608 1256 2733 1312 sive
2762 1256 3155 1329 intelligentes
3188 1256 3587 1327 spiritus,sive
3644 1255 3883 1323 ignem,

452 1350 668 1416 gnator
694 1352 749 1404 et
784 1352 1203 1420 propugnator
1233 1365 1304 1404 ac
1334 1348 1618 1404 defensor
1647 1363 1854 1403 eorum
1874 1345 1978 1418 qui
2002 1349 2110 1401 Do-
2219 1352 2423 1420 utpote
2453 1346 2716 1402 materiae
2750 1350 3049 1419 expertem
3081 1350 3137 1401 et
3166 1342 3749 1417 incorporeum,sive
3781 1341 3893 1396 ali-

451 1436 687 1491 minum
713 1435 986 1506 diligunt.
1017 1437 1128 1502 Qui
1158 1437 1437 1509 provides
1473 1441 1529 1492 et
1547 1436 1860 1509 prospicis,
1887 1450 2110 1507 eosque
2218 1451 2406 1507 quam
2438 1434 2616 1490 aliain
2648 1440 2948 1502 naturam,
2981 1434 3148 1506 quod
3177 1449 3365 1506 quam
3391 1431 3666 1505 proxime
3698 1429 3779 1486 ad
3810 1445 3897 1485 ea.

450 1524 629 1580 ﬁrmo
653 1528 757 1580 tuo
785 1525 1116 1598 patrocinio
1161 1526 1420 1596 adjuvas
1446 1532 1502 1581 et
1546 1524 1840 1588 defendis,
1894 1525 1999 1596 qui
2056 1530 2110 1579 te
2218 1539 2350 1595 quze
2377 1523 2539 1579 dicta
2567 1528 2723 1590 sunt,
2757 1522 3024 1586 accedat,
3055 1536 3158 1577 eos
3185 1521 3528 1576 existimare
3577 1523 3889 1592 oporteat.

453 1611 758 1682 invocant,
786 1617 844 1670 et
873 1628 1098 1683 magno
1144 1614 1443 1669 desiderio
1472 1614 1550 1670 ad
1566 1619 1617 1670 te
1634 1613 1996 1669 acceduntiu
2027 1612 2111 1667 di-
2216 1612 2360 1668 Volo
2380 1612 2645 1684 quidem,
2679 1612 2892 1684 inquit,
2920 1610 3109 1665 dicere
3135 1609 3511 1683 eosprimum
3536 1608 3617 1664 ad
3643 1608 3895 1664 malum

450 1700 658 1756 vinam
684 1706 848 1756 tuam
879 1701 1071 1757 aedem
1110 1707 1168 1758 et
1212 1703 1474 1758 maxime
1530 1702 1962 1757 venerandam.
2024 1704 2107 1757 Tu
2215 1700 2575 1767 immobiles,
2609 1706 2665 1757 et
2691 1702 2797 1774 qui
2827 1700 3027 1755 solum
3057 1699 3284 1755 habent
3309 1699 3454 1754 boni
3505 1703 3768 1763 motum,
3817 1704 3894 1753 ut

451 1788 724 1844 illumina
754 1794 989 1846 nostros
1032 1790 1423 1861 intelligentes
1447 1792 1644 1847 cordis
1666 1790 1895 1857 oculos,
1928 1796 1991 1846 ut
2020 1790 2105 1845 in-
2139 1827 2177 1880 Β
2215 1791 2320 1863 qui
2351 1791 2469 1845 sint
2500 1790 2657 1846 circa
2689 1793 2897 1861 Deum,
2931 1795 2987 1845 et
3015 1788 3210 1861 primo
3241 1804 3277 1843 a
3310 1791 3428 1844 Deo
3458 1787 3892 1851 iluminantur,

455 1875 818 1947 telligamus,
846 1885 1164 1952 menteque
1191 1881 1722 1952 apprehendamus
1754 1885 1810 1936 et
1839 1879 2107 1935 enuntie-
2140 1870 2176 1880 “’
2215 1895 2358 1936 nam
2390 1896 2525 1952 quae
2555 1879 2652 1935 hic
2677 1885 2834 1949 sunt,
2869 1883 3007 1933 sunt
3053 1870 3333 1933 secundm
3390 1870 3888 1942 illuminatiOnis,

455 1980 615 2033 mus,
636 1966 841 2037 quoad
868 1967 996 2037 ejus
1020 1966 1149 2023 ﬁeri
1174 1972 1410 2041 poterit,
1444 1968 1736 2025 miracula
1768 1972 1882 2024 tuae
1918 1967 2103 2037 maje-
2219 1969 2353 2026 Mihi
2384 1974 2585 2024 autem
2617 1968 2957 2041 persuadet,
2992 1972 3055 2022 ut
3085 1983 3207 2022 non
3237 1965 3603 2035 immobiles,
3637 1963 3751 2020 sed
3800 1963 3891 2020 ad

454 2052 645 2109 statis.
670 2056 819 2110 Nam
849 2070 954 2128 per
975 2059 1028 2112 te
1051 2057 1331 2113 universa
1356 2058 1603 2131 cepiosa
1619 2056 1891 2112 omnium
1913 2055 2103 2110 bono-
2214 2057 2586 2113 movendum
2616 2056 2888 2112 difﬁciles
2920 2072 3024 2112 eos
3065 2054 3418 2117 existimem,
3474 2053 3581 2127 qui
3629 2058 3893 2127 propter

452 2156 589 2197 rum
620 2143 1025 2215 Suppeditatio
1047 2145 1225 2202 datur
1247 2146 1325 2202 ab
1347 2145 1738 2219 omnipotenti
1773 2144 1873 2200 Dei
1904 2143 2105 2216 provi-
2215 2145 2595 2219 splendorem
2625 2146 2876 2211 Lucifer,
2903 2145 3161 2200 etractus
3180 2144 3579 2199 estetdicetur
3612 2141 3891 2198 tenebrae

455 2229 679 2300 dentia,
709 2232 781 2286 iis
806 2234 909 2304 qui
934 2234 996 2288 in
1026 2238 1079 2289 te
1110 2241 1353 2306 sperant
1377 2236 1526 2292 citra
1566 2234 1752 2291 ullam
1782 2233 2104 2289 dubitatio-
2215 2241 2457 2308 propter
2481 2234 2821 2304 elationem,
2854 2241 2908 2290 et
2937 2250 3075 2308 quae
3107 2233 3219 2289 sub
3245 2249 3317 2288 eo
3365 2232 3708 2288 consistunt
3766 2247 3887 2302 po-

456 2334 617 2391 nem,
650 2324 707 2375 et
731 2337 792 2376 se
814 2320 1129 2379 conferunt
1153 2324 1232 2379 ad
1254 2340 1499 2380 omnem
1523 2324 1607 2379 tui
1638 2322 2068 2379 laudationem.
2216 2328 2476 2389 testates,
2508 2323 3010 2384 architectatrices
3043 2323 3183 2388 vitii,
3216 2322 3361 2378 boni
3392 2321 3557 2391 fuga,
3590 2326 3651 2375 et
3698 2319 3895 2375 nobis‘

527 2407 616 2463 ΙΙΙ.
676 2409 829 2474 Quid
880 2414 1080 2467 autem
1129 2413 1478 2482 cogitantes,
1509 2418 1611 2467 aut
1640 2411 1861 2484 quibus
1912 2410 2107 2466 verbis
2216 2413 2668 2470 conciliatrices.
2701 2417 2891 2485 Atque
2923 2411 3378 2485 sicquidemqui
3401 2409 3897 2483 apprehenditur

458 2500 691 2553 utentes
709 2498 1028 2571 imprimis,
1052 2504 1380 2574 poterimus
1405 2500 1767 2558 sufficienter
1796 2499 2108 2556 ostendere
2216 2502 2623 2574 intelligentia,
2659 2506 2716 2558 et
2742 2506 2983 2575 prOpter
3011 2501 3140 2557 haec
3166 2501 3430 2556 mundus
3482 2498 3592 2554 fuit
3653 2499 3891 2554 consti-

459 2585 679 2641 divinae
707 2589 1098 2658 providentiae
1126 2594 1182 2646 et
1206 2590 1591 2660 benignitatis
1622 2589 1919 2645 infinitum
1955 2588 2111 2660 pela-
2217 2597 2401 2648 tutus.

457 2678 601 2743 gus?
628 2675 718 2731 Ad
749 2677 1010 2747 primum
1043 2680 1202 2735 enim
1233 2678 1463 2734 bonum
1497 2682 1552 2734 et
1589 2678 1755 2750 quod
1812 2678 2110 2749 praecipue
2290 2685 2348 2738 V.
2396 2685 2541 2737 Cum
2578 2686 2779 2737 autem
2813 2681 3009 2753 prima
3037 2679 3090 2737 ei
3120 2683 3275 2736 recte
3308 2694 3372 2734 se
3418 2677 3740 2741 haberent,
3792 2691 3894 2732 se-

456 2761 657 2833 primo
688 2769 990 2836 operatur,
1027 2767 1231 2838 quoad
1260 2768 1389 2835 ejus
1422 2766 1549 2822 ﬁeri
1608 2770 1821 2838 potest,
1878 2769 2111 2837 oportet
2218 2771 2485 2826 cundum
2520 2776 2718 2825 mente
2743 2772 2929 2840 agitat
2959 2769 3253 2825 mundum
3276 2766 3890 2837 materiapraeditum,

458 2855 660 2922 aperte
683 2867 895 2910 omnes
921 2856 1137 2912 extolli.
1168 2856 1574 2930 Principaliter
1601 2871 1744 2926 ergo
1793 2859 1851 2911 et
1907 2859 2109 2927 aperte
2216 2865 2273 2915 et
2301 2861 2401 2932 qui
2434 2861 2710 2916 cernitur.
2743 2862 2807 2915 Et
2833 2860 2882 2915 is
2911 2858 3156 2932 quidem
3189 2861 3279 2913 est
3301 2856 3381 2927 id,
3414 2854 3581 2928 quod
3612 2870 3689 2911 ex
3729 2853 3890 2909 caelo

457 2943 516 2995 et
539 2954 611 2995 ex
634 2941 840 2999 debito
870 2944 1167 3002 debemus
1190 2950 1388 3002 mente
1408 2946 1694 3016 cogitare,
1716 2943 1821 3018 qui
1851 2944 2109 3014 figuram
2214 2953 2273 3003 et
2306 2953 2481 3014 terra,
2510 2954 2565 3004 et
2590 2947 2662 3003 iis
2692 2964 2828 3019 qum
2859 2946 3357 3013 intercedunt,est
3392 2943 3794 3013 constitutum
3824 2946 3885 2995 et

457 3028 708 3086 ferimus
750 3038 807 3088 et
833 3034 1159 3104 imaginem
1196 3037 1346 3107 ejus,
1382 3053 1484 3108 qu1
1516 3052 1589 3091 ex
1630 3052 1692 3091 se
1740 3035 1921 3090 habet
1942 3041 2108 3107 pote.
2216 3042 2727 3107 coagmentatum.
2764 3036 3096 3091 Luciferum
3125 3041 3345 3099 autem,
3376 3049 3510 3087 eum
3545 3032 3651 3105 qui
3692 3047 3730 3087 a
3766 3034 3887 3085 Deo

457 3121 671 3175 statem
702 3124 759 3178 et
790 3121 1126 3179 dominium
1161 3125 1379 3180 divinae
1413 3125 1707 3189 assentire,
1736 3124 1900 3196 quod
1955 3140 2108 3178 unus
2144 3177 2181 3197 η
2217 3126 2430 3181 defecit
2456 3132 2511 3181 et
2537 3143 2671 3181 cum
2710 3142 2780 3181 eo
2811 3125 3103 3197 pugnavit
3132 3129 3187 3180 et
3220 3121 3582 3179 estinsolens
3612 3126 3671 3176 et
3696 3121 3889 3191 jacta-

456 3208 545 3262 est
573 3208 737 3264 Solus
764 3212 934 3281 Deus,
952 3215 1056 3284 qui
1086 3213 1637 3286 propterinﬁnitam
1657 3177 2109 3268 b'ouitateniiest
2142 3177 2183 3233 θ
2218 3177 2840 3283 ’ὠᾷἶοιὶῖωί
3058 3177 3412 3283 theologus,
3447 3227 3519 3267 ex
3544 3177 3884 3266 voce'Isaize

458 3296 665 3352 omnia
688 3298 1038 3367 fabricatus,
1071 3317 1207 3373 quae
1240 3308 1380 3357 sunt
1402 3302 1461 3357 in
1483 3302 1645 3357 melis
1670 3308 1727 3357 et
1753 3302 2013 3369 interra,
2049 3304 2111 3355 ut
2219 3304 2547 3377 prophetae,
2580 3304 2685 3376 qui
2712 3305 2840 3375 ejus
2872 3319 3080 3359 casum
3102 3300 3649 3373 deplorat,etdicit:
3671 3318 3701 3351 ‹
3723 3300 3884 3364 Quo—

458 3382 600 3439 dicit
628 3384 867 3441 divinus
898 3391 1278 3461 Apostoluszu
1339 3390 1461 3446 sive
1516 3390 1793 3453 visibilia,
1852 3390 1971 3445 sive
2028 3389 2114 3443 iu—
2223 3393 2406 3449 modo
2438 3394 2647 3449 cecidit
2676 3409 2706 3449 e
2737 3392 2885 3448 coelo
2917 3393 3141 3448 Lucifer
3168 3392 3271 3465 qui
3324 3406 3503 3447 mane
3548 3388 3884 3451 oriebatur,

460 3470 742 3540 ViSlbilia,
804 3476 923 3530 Sive
975 3477 1210 3549 Throni,
1288 3479 1753 3544 Dominationes,
1829 3478 1954 3533 sive
2012 3478 2116 3533 PO-
2224 3483 2596 3548 eteoutritus
2619 3488 2705 3537 est
2731 3498 2904 3554 super
2934 3481 3440 3536 terramWDeeo
3463 3476 3888 3533 enimdivinus

463 3563 724 3628 testates,
748 3564 872 3620 sive
896 3565 1170 3634 Virtutes,
1197 3566 1317 3624 sive
1339 3569 1732 3640 Principatus,
1764 3568 1885 3623 sive
1934 3568 2118 3627 Arch-
2226 3586 2469 3643 quoque
2499 3571 2702 3640 David,
2735 3570 2812 3625 ad
2839 3586 2939 3625 eos
2967 3570 3071 3642 qui
3102 3567 3367 3624 similiter
3397 3566 3659 3622 adivina
3690 3564 3886 3620 chari-

461 3652 680 3722 angeli,
704 3654 829 3709 sive
851 3657 1077 3725 Angeli,
1111 3657 1231 3713 sive
1256 3657 1585 3730 Seraphim,
1616 3657 1739 3712 sive
1766 3656 2114 3715 Cheruhim:
2228 3665 2345 3715 tate
2370 3659 2761 3727 defluxeraut,
2791 3665 2969 3731 atque
3017 3659 3336 3714 sceleratus
3393 3656 3487 3711 ille
3542 3661 3600 3710 et
3628 3653 3889 3710 malitio-

462 3746 517 3796 et
546 3741 672 3813 ipse
696 3747 784 3799 est
805 3746 940 3800 ante
964 3745 1237 3803 omniaet
1265 3748 1555 3802 omniain
1582 3746 1715 3819 ipso
1745 3747 2118 3804 constant-‘3.»
2228 3765 2351 3816 sus,
2409 3748 2512 3819 qui
2539 3748 2854 3817 defecerat,
2911 3747 3049 3802 dicit
3082 3766 3094 3802 :
3132 3769 3158 3795 «
3193 3749 3258 3802 Et
3284 3751 3579 3816 tanquam
3612 3759 3777 3798 unus
3808 3758 3883 3797 ex

462 3830 743 3896 Quihauc
770 3835 950 3889 etiam
973 3835 1202 3891 variam
1228 3834 1500 3892 condidit
1525 3840 1789 3892 creatam
1837 3839 2119 3891 naturam
2229 3836 2601 3909 principibus
2631 3836 2856 3892 cadetis
2885 3837 2929 3889 ⁵.
2968 3858 2987 3884 ι
3026 3834 3301 3906 Princeps
3333 3834 3491 3888 enim
3520 3837 3646 3887 erat
3705 3830 3887 3885 unius

457 3920 519 3975 in
545 3936 728 3976 unam
759 3923 939 3978 unius
970 3925 1180 3981 mundi
1206 3925 1588 3982 harmoniam
1624 3930 1680 3980 et
1717 3925 2119 3997 complemen-
2230 3924 2482 3993 angelici
2508 3924 2734 3979 ordinis
2767 3924 2824 3978 iu
2855 3922 3019 3978 caelis
3053 3922 3352 3993 diabolus,
3424 3936 3547 3976 non
3598 3918 3887 3975 diabolus

462 4011 610 4064 tum.
642 4010 749 4074 Qui
778 4011 943 4067 solus
970 4019 1060 4068 est
1083 4014 1383 4083 ingenitus
1406 4020 1461 4069 et
1490 4018 1771 4070 aeternus.
1810 4013 1919 4078 Qui
1959 4012 2118 4067 solus
2231 4012 2308 4067 ab
2339 4013 2502 4067 initio
2528 4013 2859 4085 productus
2894 4018 2949 4067 et
2980 4011 3193 4078 factus,
3221 4010 3328 4066 sed
3358 4010 3555 4066 bonus
3583 4025 3659 4064 ex
3688 4007 3875 4074 bona,

463 4101 550 4151 est
573 4113 785 4170 expers
808 4101 1106 4172 principii,
1139 4107 1193 4158 et
1217 4103 1277 4158 in
1310 4117 1489 4175 quem
1518 4118 1637 4157 nou
1667 4102 1824 4157 cadit
1849 4102 2118 4157 interitus
2228 4107 2282 4156 et
2309 4101 2553 4174 pulcher
2582 4118 2653 4156 ex
2679 4101 2929 4173 pulchro
2962 4105 3017 4156 et
3042 4100 3146 4173 qui
3177 4099 3337 4155 solus
3362 4099 3526 4155 bona
3556 4097 3724 4163 facit,
3751 4097 3884 4169 opi-

463 4190 519 4240 et
544 4186 700 4240 linis.
734 4188 843 4253 Qui
871 4188 1033 4244 solus
1066 4195 1153 4245 est
1178 4191 1574 4261 ejusmodi,ut
1604 4190 2040 4263 comprehendi
2063 4192 2119 4245 et
2225 4190 2336 4245 ﬁce
2365 4190 2801 4245 universorum.
2836 4191 3140 4244 Postremo
3173 4194 3375 4244 autem
3417 4191 3634 4258 praeter
3684 4184 3885 4254 legem

462 4273 808 4343 investigari
837 4281 893 4331 et
920 4277 1101 4332 videri
1145 4284 1425 4351 nequeat.
1486 4280 1595 4344 Qui
1653 4279 1819 4334 omni
1867 4281 2115 4334 circum-
2225 4282 2477 4342 naturas,
2510 4277 2937 4357 decretumque
2967 4280 3022 4331 et
3053 4276 3348 4331 rationem
3373 4274 3592 4329 divinae
3616 4271 3882 4343 justitiaz,

463 4361 781 4432 scriptione
801 4368 854 4418 et
880 4367 1414 4436 comprehensione
1451 4369 1771 4422 essentiam
1806 4367 1991 4423 habet
2023 4384 2116 4422 su-
2225 4366 2458 4438 imperii
2489 4365 2826 4437 cupiditatis
2867 4370 3045 4421 oestro
3099 4364 3375 4436 percitus,
3433 4361 3748 4417 rebellavit
3779 4361 3884 4416 ad-

462 4449 779 4520 periorem.
805 4453 1154 4516 Quinullam
1180 4457 1693 4526 potestsuseipere
1726 4457 2116 4512 mutationem
2225 4472 2435 4511 versus
2471 4457 2832 4524 Creatorem,
2859 4469 3113 4523 regnum
3148 4460 3203 4508 et
3228 4452 3480 4521 gloriam
3510 4450 3625 4505 sibi
3651 4466 3883 4506 conans

463 4541 521 4592 et
544 4537 972 4595 alterationem:
1006 4546 1215 4614 estque
1241 4544 1645 4615 omnipotens,
1681 4549 1738 4598 et
1766 4544 2035 4600 abexitio
2062 4548 2117 4600 et
2155 4603 2185 4616 η
2225 4559 2539 4616 usurpare.
2574 4545 2784 4598 Secum
2821 4547 3020 4598 autem
3063 4542 3299 4598 attraxit
3344 4540 3522 4596 etiam
3579 4537 3883 4594 inﬁnitam

463 4626 703 4683 interitu
732 4627 926 4685 aliena
955 4637 1187 4695 natura,
1222 4632 1355 4687 fons
1391 4633 1689 4704 perennis,
1724 4637 1780 4687 et
1809 4633 1913 4704 qui.
1960 4650 2112 4689 nun-
2151 4603 2191 4656 Ο
2222 4633 2533 4690 rebellium
2555 4632 3021 4701 multitudinem,
3055 4648 3191 4704 quae
3225 4647 3349 4686 sum
3380 4629 3638 4685 stultitiae
3663 4633 3725 4684 et
3751 4644 3879 4683 ma—

464 4731 649 4789 quam
680 4718 1035 4788 exinanitur,
1066 4721 1524 4777 miserationum
1553 4728 1609 4776 et
1642 4722 1943 4777 bonitatis:
1992 4739 2116 4777 om-
2221 4721 2356 4777 litim
2390 4738 2529 4777 eum
2560 4722 2784 4793 accepit
2812 4721 3171 4792 adjutorem.
3216 4724 3364 4787 Nam
3416 4723 3662 4791 propter
3720 4718 3880 4773 hanc

464 4806 633 4862 nium
651 4806 990 4864 divinorum
1011 4809 2113 4883 donorumetgratiarum,quiexhau-
2224 4826 2471 4867 causam
2503 4811 2703 4881 impiae
2733 4810 3130 4879 cogitationis,
3165 4825 3238 4865 ex
3289 4807 3422 4863 cmli
3474 4805 3756 4863 convexis
3786 4822 3881 4860 ve-

462 4895 564 4951 riri
594 4897 840 4953 minime
871 4903 1080 4970 potest,
1114 4899 1372 4971 abyssus
1408 4921 1421 4956 :
1452 4900 1893 4968 misericordire,
1951 4900 2115 4974 quod
2223 4900 2487 4956 hementi
2517 4903 2745 4971 impetu
2784 4900 2999 4955 cecidit
3033 4897 3456 4956 exsecrandus.
3516 4899 3665 4952 Nam
3698 4895 3882 4951 simul

464 5001 585 5040 non
615 4991 809 5059 potest
830 4988 1102 5060 exprimi,
1127 4989 1393 5060 pelagus:
1416 4989 1763 5046 beatissima
1795 4996 1849 5046 et
1874 5007 2116 5047 summa
2224 4989 2487 5062 atque_ei
2516 4988 2751 5045 venitin
2767 4993 3031 5045 mentem
3053 4987 3508 5044 sceleratissima
3529 4990 3586 5042 et
3611 4984 3881 5041 maxime

464 5075 866 5146 pulchritudo,
902 5081 956 5132 et
986 5077 1113 5133 sola
1142 5094 1351 5134 revera
1402 5078 1606 5149 digna,
1662 5096 1799 5152 quae
1859 5086 2112 5136 ametur.
2224 5078 2412 5151 impia
2440 5078 2738 5149 cogitatio,
2770 5078 2879 5135 fuit
2907 5077 3225 5135 confestim
3249 5077 3539 5133 contritus
3580 5074 3658 5130 ab
3688 5074 3884 5129 omni-

469 5165 756 5231 Universi,
786 5168 951 5240 quod
982 5167 1647 5238 dieituretintelligitur,
1678 5169 1823 5237 boni
1854 5169 2117 5225 efficiens
2225 5168 2451 5239 potenti
2481 5167 2754 5237 Domino,
2788 5168 2891 5239 qui
2958 5167 3142 5222 dixit:
3182 5190 3202 5215 ι
3256 5165 3551 5221 Videbam
3594 5164 3883 5219 Satanam

466 5258 521 5309 et
550 5254 896 5325 impertiens
923 5263 979 5313 et
1006 5257 1268 5327 largiens
1298 5274 1503 5323 causa,
1560 5264 1617 5313 et
1667 5259 1863 5330 prima
1909 5273 2114 5314 causa.
2226 5261 2518 5330 tanquam
2545 5257 2743 5327 fulgur
2773 5272 2803 5312 e
2824 5257 2975 5314 coelo
2997 5256 3314 5313 cadentem
3336 5257 3378 5309 α.
3405 5275 3433 5305 κ
3464 5252 3744 5311 Similiter
3780 5268 3885 5309 au-

467 5342 569 5399 llic
600 5347 710 5410 est,
739 5344 841 5415 qui
865 5351 1105 5417 propter
1136 5347 1330 5403 solam
1356 5347 1685 5403 bonitatem
1741 5346 2118 5402 essentialem
2227 5350 2347 5401 tem
2377 5344 2452 5400 de
2467 5361 2535 5402 eo
2548 5361 2793 5418 quoque
2815 5345 3458 5418 dixitperEzechielem
3480 5341 3842 5416 prophetam
3868 5360 3879 5397 :

467 5436 523 5487 et
552 5431 907 5501 naturalem,
933 5450 1003 5491 ea
1023 5450 1160 5507 quae
1177 5451 1299 5493 non
1324 5434 2118 5508 erantaliquando,vocavit
2227 5455 2257 5484 «
2291 5432 2478 5492 Simul
2507 5439 2686 5508 atque
2712 5434 2935 5493 elatum
2958 5435 3065 5493 fuit
3109 5449 3212 5491 cor
3268 5439 3437 5492 tuum
3478 5436 3727 5506 propter
3757 5432 3882 5504 pul~

538 5653 561 5687 ³
590 5652 814 5712 Coloss.
840 5667 880 5722 1,
915 5655 1004 5716 te.
1078 5654 1099 5688 ‘
1130 5652 1225 5711 Isa
1249 5671 1368 5737 xiv,
1400 5660 1482 5712 t2.
1560 5657 1581 5692 ⁵
1608 5654 1761 5727 Psal,
1792 5670 1990 5727 um,
2019 5660 2075 5713 7.

963 5656 1004 5716 5,
1078 5654 1099 5688 ⁸
1130 5652 1225 5711 Isa
1249 5671 1368 5737 xiv,
1400 5660 1482 5712 t2.
1560 5657 1581 5692 ⁵
1608 5654 1761 5727 Psal,
1792 5670 1990 5727 um,
2019 5660 2075 5713 7.
2152 5657 2173 5692 ³
2201 5657 2340 5729 Luc.
2370 5671 2431 5728 κ,
2465 5657 2550 5712 18.
