4020 6310
158 324 240 386 377
870 364 879 376 .
912 366 922 377 .
1286 324 1377 384 DE
1412 328 1469 386 S.
1508 324 1856 386 MICHAELE
1891 322 2381 383 ARCHANGELO.

3432 314 3539 384 578

152 452 525 511 chritudinem
562 457 752 523 tuam,
822 456 878 511 et
915 446 1119 510 dixisti
1154 453 1216 509 in
1253 452 1610 523 cogitatione
1648 454 1775 523 tua,
1804 451 1854 504 Α
1883 450 2026 507 dam
2055 466 2191 523 quae
2223 465 2326 506 eos
2352 446 2681 506 contineret
2718 444 3145 520 hymnodiam,
3195 451 3261 504 ut
3312 448 3418 521 qui
3472 448 3535 505 in

152 547 283 599 Deus
314 558 425 612 ego
458 559 626 598 sum:
658 544 856 598 statim
888 559 925 599 a
946 547 1156 598 sancto
1178 546 1379 598 monte
1402 558 1537 598 meo
1560 541 1618 596 in
1670 544 1777 596 ter-

146 648 257 689 ram
295 637 349 686 te
386 631 580 703 dejeci
618 647 726 703 per
788 632 1126 697 Cherubim,
1183 634 1240 686 et
1277 631 1495 687 interiit
1533 628 1778 686 scientia

146 726 230 777 tua
258 736 389 778 eum
415 721 859 793 pulchritudine
890 726 1025 778 tua:
1056 726 1111 776 et
1142 720 1303 777 dabo
1337 727 1387 777 te
1414 721 1475 775 in
1517 720 1776 775 cinerem

146 825 305 881 super
322 815 543 866 terram
562 826 765 866 coram
783 810 1067 867 omnibus
1092 816 1144 867 te
1165 810 1507 866 videntibus
1522 811 1566 874 τ,
1596 834 1622 859 ››
1642 809 1777 864 tide-

142 899 282 955 libus
320 900 564 957 scilicet.
599 900 916 966 Quomodo
948 901 1126 956 etiam
1183 899 1331 955 dixit
1385 900 1672 955 Dominus
1717 898 1777 952 in

142 989 341 1044 divinis
388 988 758 1058 Evangeliis:
795 1013 816 1039 ι
862 990 1010 1045 Ecce
1068 988 1146 1045 do
1203 988 1375 1044 vobis
1425 991 1778 1060 potestatem

139 1076 395 1133 calcandi
417 1094 598 1150 super
619 1082 926 1150 serpentes
958 1082 1016 1133 et
1064 1076 1360 1150 scorpios,
1416 1090 1597 1147 super
1653 1090 1777 1130 om-

136 1184 257 1223 nem
282 1172 606 1239 potstatem
634 1168 859 1224 inimici
899 1169 943 1226 ⁸.
971 1188 999 1217 ››

196 1257 276 1313 Vl.
306 1257 589 1313 Nonnulli
639 1262 839 1313 autem
871 1256 1139 1313 discendi
1195 1255 1399 1328 cupidi
1444 1255 1774 1327 inquirunt,

136 1362 269 1403 num
310 1352 630 1419 propterea
660 1346 733 1402 sit
754 1347 1001 1417 ejectus,
1041 1345 1207 1418 quod
1245 1344 1437 1400 Adam
1476 1360 1612 1399 eum
1654 1358 1778 1398 non

102 1464 109 1473 ο
130 1437 479 1493 adoraverit.
501 1440 816 1493 Estautem
837 1436 1153 1492 stultorum
1171 1434 1644 1506 etinsipientium
1663 1433 1778 1489 hoc

131 1525 335 1582 dicere.
385 1526 608 1583 Cecidit
633 1524 913 1582 diabolus
970 1525 1332 1597 priusquam
1388 1522 1578 1579 factus
1625 1525 1781 1578 esset

129 1615 337 1683 Adam,
359 1615 672 1688 quomodo
695 1619 894 1672 Patres
920 1620 1126 1686 aperte
1149 1612 1542 1686 pronuntiant
1566 1626 1778 1667 omnes

134 1705 369 1775 angelos
396 1705 586 1761 fuisse
607 1704 795 1760 factos
812 1709 950 1760 ante
973 1703 1189 1759 caelum
1209 1706 1263 1758 et
1288 1707 1531 1758 terram.
1567 1699 1779 1756 Diabo-

1885 537 2080 611 primo
2098 537 2231 594 loco
2252 541 2454 606 staret,
2470 553 2609 593 cum
2639 535 2952 608 Seraphim
2964 540 3021 592 et
3039 535 3325 593 omnibus
3355 536 3536 595 simul

1885 627 2101 682 divinis
2128 633 2182 683 et
2211 625 2550 682 caelestibus
2572 624 2992 698 potestatibus,
3018 639 3246 696 magna
3264 641 3412 682 voce
3444 642 3536 683 ce-

1886 716 2046 784 cinit,
2079 716 2344 771 divinam
2376 715 2536 770 illam
2572 718 2782 786 etquae
2812 729 3128 785 nunquam
3160 717 3356 786 potest
3379 714 3534 771 desi-

1885 820 2025 860 nere
2054 802 2477 876 omnipofentis
2504 802 2853 868 divinitatis,
2878 818 3013 874 quae
3059 808 3149 857 est
3172 803 3536 875 principium

1887 893 2149 959 luminis,
2175 894 2472 965 unicaque
2501 897 2587 947 est
2610 891 2785 951 trina.
2808 906 2915 963 per
2941 897 3213 946 sanetam
3238 890 3534 960 gloriﬁca-

1888 983 2146 1038 tionem:
2176 982 2446 1050 Sanctus,
2483 984 2750 1043 sanctus,
2790 984 3033 1034 sanctus
3088 980 3376 1035 Dominus
3430 982 3535 1037 Sa-

1886 1071 2102 1127 baoth:
2136 1070 2309 1142 plena
2332 1075 2418 1124 est
2437 1069 2720 1125 universa
2736 1072 2888 1125 terra
2908 1068 3096 1138 gloria
3118 1068 3247 1138 ejus
3273 1070 3337 1123 ³ο.
3362 1074 3408 1124 Α
3435 1067 3537 1124 Dei

1885 1176 2028 1215 vero
2057 1158 2130 1214 ad
2143 1158 2570 1213 ministratoria
2596 1157 2801 1213 divina
2819 1156 3007 1227 gloria
3027 1156 3320 1213 alienatus
3348 1157 3537 1212 male-

1885 1248 2034 1303 ticus
2064 1247 2362 1310 diabolus,
2387 1263 2525 1302 cum
2555 1245 2802 1301 vidisset
2833 1250 3172 1301 terrestrem
3224 1246 3535 1302 hominem

1887 1355 2015 1395 esse
2040 1339 2254 1411 quavis
2286 1354 2347 1393 re
2375 1342 2576 1393 creata
2608 1335 3078 1404 honoratiorem,
3101 1340 3167 1393 ut
3216 1336 3319 1408 qui
3340 1336 3537 1392 Domi-

1886 1428 2034 1483 nicis
2072 1425 2353 1483 manibus
2384 1426 2577 1481 factus
2606 1429 2765 1480 esset
2784 1425 2863 1480 ad
2905 1439 3077 1482 suam
3130 1423 3456 1496 imaginem
3480 1428 3539 1480 et

1889 1515 2362 1581 similitudinem,
2395 1514 2599 1569 statuit
2630 1529 2771 1569 eum
2815 1513 2951 1569 totis
2984 1512 3210 1569 viribus
3258 1528 3537 1586 separare

1887 1611 1942 1662 et
1973 1606 2200 1677 eripere
2228 1604 2306 1661 ad
2332 1604 2485 1675 ejus,
2520 1603 2623 1675 qui
2648 1602 2852 1675 ipsum
2881 1602 3101 1658 fecerat
3128 1606 3186 1658 et
3213 1601 3539 1659 honorave—

1887 1700 1997 1757 rat,
2022 1694 2268 1750 salutari
2299 1698 2619 1765 praecepto.
2653 1691 2867 1748 Videns
2909 1691 3067 1747 enim
3126 1690 3428 1763 malignus
3482 1695 3541 1749 et

130 1794 245 1851 lum
294 1811 442 1851 vero
497 1799 587 1850 est
640 1794 957 1867 probabile
1012 1797 1230 1866 quarto
1295 1793 1390 1849 die
1470 1791 1776 1860 cecidisse,
1811 1801 1848 1856 Β
1887 1784 2207 1840 sceleratus
2234 1784 2365 1837 sein
2389 1789 2655 1837 extrema
2675 1779 3173 1867 esseignominia,
3206 1779 3383 1837 valde
3408 1796 3539 1836 cru-

131 1885 371 1957 quando
409 1888 557 1942 Deus
588 1885 728 1942 facit
747 1884 1090 1947 luminaria,
1116 1884 1269 1940 sicut
1298 1882 1584 1955 scriptum
1610 1887 1697 1939 est
1716 1882 1778 1938 in

130 1976 262 2032 Job:
290 1998 317 2023 ‹‹
343 1974 605 2040 Quando
624 1973 782 2030 facta
805 1979 943 2029 sunt
963 1978 1146 2041 astra,
1172 1971 1499 2028 laudarunt
1520 1987 1614 2028 me
1650 1987 1777 2027 ma-

133 2080 242 2135 gna
260 2078 414 2120 voce
433 2078 646 2119 omnes
662 2063 859 2133 angeli
872 2062 1011 2129 mei,
1031 2060 1339 2133 etbymnis
1354 2060 1778 2116 celebrarunt“.

143 2154 380 2225 Semper
409 2151 571 2207 enim
599 2152 779 2207 etiam
825 2167 948 2206 non
980 2151 1154 2207 tacite
1198 2148 1423 2220 angelis
1458 2148 1779 2205 Dominum

132 2241 618 2312 gloriﬁcantibus,
649 2247 790 2297 tunc
836 2240 1054 2312 majori
1101 2255 1248 2296 voce
1302 2255 1442 2295 eum
1496 2237 1780 2294 laudibus

133 2332 524 2396 celebrarunt,
557 2335 623 2386 ut
653 2330 1015 2402 significavit
1038 2330 1364 2403 Scriptura,
1416 2333 1660 2400 propter
1686 2328 1780 2399 ju-

133 2425 283 2477 stum
307 2420 537 2476 scilicet
568 2436 776 2475 casum
817 2418 1068 2488 maligni
1098 2418 1272 2484 illius,
1301 2417 1405 2490 qui
1460 2417 1778 2473 defecerat.

133 2512 368 2571 Oportet
420 2514 623 2566 autem
658 2508 809 2565 scire
840 2524 913 2564 ex
945 2509 1165 2565 nostris
1212 2507 1464 2579 scriptis,
1496 2522 1531 2562 ο
1561 2505 1782 2575 dilecti,

130 2598 291 2671 quod
319 2599 523 2655 omnis
553 2598 773 2654 chorea
801 2602 858 2653 ct
886 2596 1035 2652 ordo
1080 2595 1264 2652 habet
1286 2595 1502 2651 ducem
1533 2594 1782 2664 ordinis,

131 2689 228 2760 qui
250 2688 462 2760 incipit
486 2686 834 2743 melodiam.
862 2686 953 2741 Sic
975 2685 1150 2740 etiam
1184 2685 1257 2740 de
1288 2684 1508 2740 sanctis
1556 2682 1784 2754 angelis

130 2779 265 2835 dicit
280 2777 626 2849 Dionysius,
648 2775 1054 2846 angelicorum
1074 2774 1354 2831 ordinum
1376 2772 1783 2829 divinissimus

129 2868 417 2941 interpres
439 2884 452 2922 :
474 2869 601 2922 Non
615 2864 878 2922 absurde
896 2864 1171 2920 divinaet
1187 2863 1472 2933 caelestia,
1492 2861 1784 2918 materiali

129 2963 341 3013 nostrae
358 2955 712 3023 hierarchre,
730 2969 841 3027 pro
856 2953 1083 3009 viribus
1102 2952 1412 3015 sensiliter,
1432 2951 1634 3024 quoad
1655 2952 1784 3022 ejus

128 3045 250 3101 ﬁeri
271 3048 495 3117 potest,
515 3048 655 3098 sunt
670 3040 1019 3099 assimilata.
1043 3044 1263 3097 Ducem
1282 3057 1426 3097 vero
1442 3040 1667 3096 ordinis
1685 3056 1787 3095 an-

128 3134 335 3203 gelicae
368 3133 606 3188 choreae
636 3131 1073 3187 lucidissimum
1107 3134 1164 3186 et
1192 3130 1529 3186 maximum
1558 3128 1785 3186 militiae
1818 3151 1856 3206 ρ

128 3222 466 3295 principem
490 3221 833 3277 Michaelem
863 3220 1209 3291 intelligere,
1243 3238 1276 3275 a
1306 3219 1539 3294 superis
1585 3219 1786 3291 accepi

129 3327 286 3368 mus.

129 3400 499 3456 llfiraculum
507 3401 772 3469 primum
792 3399 861 3455 de
876 3400 1091 3457 rebelli
1101 3405 1153 3455 et
1174 3398 1426 3468 superbo
1448 3399 1702 3466 Satana,
1730 3402 1785 3453 et

526 3490 851 3545 immundis
877 3492 1004 3560 ejus
1030 3488 1361 3559 spiritibus.

198 3580 316 3635 Vll.
358 3577 466 3634 llic
496 3593 637 3648 ergo
677 3578 1064 3634 ﬁdelissimus
1088 3582 1143 3633 et
1187 3576 1623 3643 sanctissimus,
1656 3592 1785 3632 ma-

137 3683 292 3738 gnus
318 3667 618 3723 exercitus
648 3666 773 3722 dux
817 3667 1078 3735 Michael,
1139 3666 1324 3722 divini
1376 3666 1605 3722 consilii
1654 3666 1787 3737 pius

134 3758 431 3821 minister,
465 3755 568 3827 qui
599 3761 843 3827 propter
894 3756 1272 3811 Dominicum
1302 3759 1358 3811 et
1409 3754 1786 3827 omnipoten-

134 3848 250 3900 tem
276 3845 559 3900 divinum
577 3845 841 3915 jussum,
866 3845 926 3899 in
947 3849 1162 3900 terram
1183 3844 1320 3915 jecit
1344 3861 1415 3899 ex
1447 3842 1787 3899 cmlestibus

130 3932 452 3989 absidibus
474 3932 757 3988 rebellem
770 3938 825 3989 et
846 3933 1176 4005 superbum
1200 3934 1487 3989 Satanam
1503 3948 1637 3988 cum
1659 3932 1787 4003 ejus

126 4021 488 4087 immundis,
519 4026 575 4077 et
600 4021 883 4091 malignis
908 4021 1214 4094 spiritibus
1242 4039 1254 4076 :
1286 4026 1425 4077 tunc
1454 4021 1514 4076 in
1555 4036 1657 4076 eos
1694 4020 1785 4075 in-

124 4115 361 4179 vectus,
395 4116 453 4166 et
493 4111 867 4182 triumphum
914 4125 1102 4181 agens
1148 4110 1222 4165 de
1275 4125 1485 4165 eorum
1537 4109 1784 4175 malitia,

126 4198 513 4271 congregatis
526 4201 753 4255 cunctis
766 4199 1117 4268 angelorum
1133 4198 1388 4271 populis,
1404 4214 1787 4268 magnavoce

127 4288 402 4344 laudavit
448 4289 636 4343 Deum
695 4287 1111 4343 universorum
1189 4294 1245 4341 et
1314 4287 1785 4359 omnipotentem

126 4377 478 4445 Dominum,
510 4375 814 4447 angelieos
846 4391 1057 4446 greges
1086 4392 1157 4431 eo
1205 4375 1386 4430 veluti
1443 4375 1666 4430 ducens
1725 4379 1788 4429 ut

125 4472 321 4522 status
346 4466 765 4522 meminissent
792 4465 1141 4535 immobilis,
1171 4470 1227 4520 et
1256 4481 1390 4537 quae
1439 4465 1601 4520 bona
1650 4464 1789 4520 facit

124 4555 491 4618 stabilitatis,
523 4559 581 4611 et
607 4554 785 4611 dicit:
815 4554 1228 4619 Attendamus,
1254 4554 1499 4626 perinde
1530 4570 1599 4608 ae
1620 4554 1668 4609 si
1697 4554 1786 4611 di-

126 4650 320 4701 ceret:
353 4643 467 4709 Qui
494 4644 671 4701 creati
698 4644 952 4710 fuerant,
987 4648 1041 4700 et
1078 4643 1300 4715 quibus
1357 4643 1666 4714 obtigerat,
1724 4647 1789 4699 ut

126 4736 289 4789 Deus
309 4733 610 4788 increatus
632 4739 686 4789 et
707 4731 1155 4805 inaspectabilis
1169 4748 1268 4787 eos
1282 4731 1636 4804 produceret
1650 4748 1786 4803 pro-

124 4827 263 4895 pter
288 4820 630 4877 naturalem
656 4838 830 4877 suam
861 4821 1213 4887 bonitatem,
1237 4819 1384 4892 quid
1441 4820 1524 4875 eis
1573 4820 1790 4877 accidit

123 4911 234 4984 qui
288 4909 611 4966 nobiscum
662 4911 977 4983 hucusque
1052 4910 1270 4965 divinis
1337 4910 1788 4966 illustrabantur

124 4999 562 5071 splendoribus
576 4999 601 5052 ?
615 4999 1180 5055 Animadvertamus
1198 5015 1383 5071 quam
1398 5005 1639 5070 repente
1655 5016 1711 5053 m
1724 5016 1785 5054 u-

123 5089 232 5147 tati
283 5092 425 5143 s'unt
486 5089 547 5143 in
611 5087 890 5143 tenebras
958 5094 1204 5161 propter
1262 5087 1670 5156 arrogantiam
1732 5092 1788 5144 et

123 5176 642 5249 contemptionem
668 5176 797 5248 ejus
818 5177 924 5249 qui
946 5193 1048 5232 eos
1067 5177 1305 5233 fecerat.
1340 5178 1786 5247 Cognoscamus

121 5283 284 5341 quos
306 5266 539 5322 fruetus
561 5265 834 5322 conciliet
847 5265 1019 5321 liberi
1042 5265 1558 5322 arbitriivoluntas
1576 5266 1784 5323 incon-

120 5356 411 5424 siderata,
445 5358 504 5410 et
529 5359 752 5411 stemus
773 5353 1159 5410 immobiliter
1179 5354 1239 5410 in
1262 5354 1493 5417 timore,
1512 5354 1783 5427 quotidie

120 5444 403 5502 divinum
432 5442 703 5500 ofﬁcium
731 5443 1066 5500 offerentes.
1094 5447 1274 5499 Porro
1316 5447 1517 5499 autem
1569 5460 1782 5516 quam-

1104 5568 1125 5603 ³
1157 5568 1294 5624 Luc.
1330 5583 1388 5637 Χ,
1423 5571 1509 5624 19.

191 5570 213 5603 ⁷
248 5567 458 5626 Ezech.
489 5582 736 5638 xxxvut,
768 5572 799 5621 7
832 5582 999 5640 seqq.
1104 5568 1125 5603 ³
1157 5568 1294 5624 Luc.
1330 5583 1388 5637 Χ,
1423 5571 1509 5624 19.
1584 5568 1604 5603 9
1635 5567 1751 5623 Job
1779 5583 1789 5623 :

191 5657 279 5712 ω,
315 5644 402 5699 10.
508 5640 557 5677 ³³
588 5641 730 5698 Gen.
763 5655 960 5709 XLVIII,
994 5642 1080 5700 16.
1185 5639 1230 5677 ν’
1256 5644 1381 5700 Act.
1415 5654 1519 5712 xu,
1553 5643 1585 5696 6
1615 5654 1789 5712 seqq.

117 5657 279 5714 xvuI,
315 5644 402 5699 10.
508 5640 557 5677 ³³
588 5641 730 5698 Gen.
763 5655 960 5709 XLVIII,
994 5642 1080 5700 16.

1584 5568 1604 5603 9
1635 5566 1751 5623 Job
1779 5582 2021 5639 mvm,
2054 5571 2107 5622 7.

1886 1873 2188 1929 ciabatur:
2224 1877 2438 1926 etcum
2465 1885 2585 1924 non
2616 1873 2824 1941 posset
2853 1868 2931 1924 ad
2957 1858 3143 1925 Deum
3174 1867 3454 1936 converti,
3477 1868 3539 1925 in

1888 1961 1988 2016 Dei
2021 1960 2535 2029 imaginemsuam
2549 1956 2759 2013 effudit
2779 1956 3248 2029 improbitatem,
3272 1961 3329 2014 et
3348 1956 3541 2015 effecit

1888 2056 1949 2105 ut
1972 2050 2154 2105 homo
2180 2053 2335 2103 esset
2365 2046 2663 2104 obnoxius
2694 2045 2953 2102 interitui
2983 2051 3038 2101 et
3068 2045 3261 2112 morti,
3301 2061 3371 2102 eo
3418 2046 3539 2117 eje-

1889 2145 1981 2195 cto
2013 2155 2042 2194 e
2064 2137 2285 2194 divinis
2313 2141 2370 2193 et
2396 2135 2644 2192 viviticis
2673 2133 2938 2208 paradisi
2967 2133 3216 2202 deliciis,
3251 2136 3315 2190 Et
3335 2135 3541 2191 statuit

1889 2232 2043 2285 Deus
2069 2225 2386 2283 Cherubim
2412 2224 2831 2281 etﬂammeam
2851 2224 3272 2296 rhomphaeam
3294 2222 3539 2279 versati-

1886 2317 2026 2383 lem,
2061 2322 2124 2371 ut
2152 2314 2480 2371 custodiret
2505 2313 2879 2386 paradisum.
2909 2312 3023 2370 Sed
3053 2312 3159 2370 etsi
3188 2312 3271 2368 sic
3293 2312 3539 2385 quidem

1891 2405 2197 2462 cecidisset
2224 2404 2431 2470 homo,
2465 2403 2567 2474 qui
2598 2402 2856 2457 liberum
2889 2400 3157 2457 habebat
3204 2400 3537 2469 arbitrium,

1892 2501 1998 2552 eta
2018 2495 2179 2551 bono
2202 2498 2360 2550 statu
2379 2491 2742 2561 deﬂuxisset,
2767 2506 2885 2546 non
2907 2506 3044 2546 eum
3067 2490 3340 2562 despexit
3359 2490 3539 2559 Deus,

1891 2586 1995 2640 sed
2027 2588 2092 2639 ut
2118 2582 2223 2656 qui
2249 2583 2319 2637 sit
2342 2585 2554 2637 natura
2600 2579 2899 2650 benignus
2926 2583 2983 2636 et
3002 2579 3215 2650 ingens
3241 2595 3407 2635 mare
3435 2579 3542 2636 ha-

1890 2674 2029 2730 beat
2048 2670 2350 2738 bonitatis,
2367 2669 2549 2726 veluti
2568 2669 2854 2741 quaedam
2874 2683 3046 2725 arma
3066 2667 3146 2723 ad
3179 2683 3540 2724 conservan-

1891 2763 2037 2818 dum
2069 2758 2444 2818 validissima
2484 2759 2536 2814 ei
2565 2758 2825 2830 przebuit
2859 2773 3149 2829 magnum
3198 2757 3541 2814 Michaelem

1888 2849 2109 2907 militiae
2142 2846 2476 2919 principem
2519 2845 2805 2902 adversus
2834 2843 3059 2901 diaboli
3081 2845 3410 2917 potentiam
3436 2861 3448 2900 :
3478 2848 3544 2901 ut

1890 2937 2215 2996 custodiret
2278 2941 2334 2990 et
2389 2934 2735 2990 defenderet
2780 2933 3113 3002 hominem,
3170 2934 3277 3006 qui
3326 2933 3540 3004 lapsus

1890 3028 2101 3093 fuerat,
2137 3030 2198 3080 ut
2220 3022 2531 3097 quomodo
2559 3023 2854 3078 ceciderat
2886 3036 2990 3092 per
3016 3021 3404 3093 imperitiam,
3434 3036 3541 3093 per

1890 3114 2342 3173 laboriosiorem
2362 3127 2576 3168 cursus
2597 3110 2835 3165 vivendi
2863 3109 3151 3165 rationem
3175 3114 3231 3165 et
3267 3109 3539 3165 divinam

1891 3206 2159 3262 virtutem
2175 3204 2505 3259 instaurato
2518 3198 2929 3265 przelio,victor
2940 3198 3185 3254 effectus
3200 3202 3538 3258 coronetur.

1966 3312 2079 3368 Vll.
2111 3314 2287 3366 Porro
2316 3312 2515 3365 autem
2544 3304 2890 3376 archangeli
2920 3304 3215 3363 Michaelis
3245 3304 3543 3361 suasioni-

1894 3402 2013 3457 bus
2044 3405 2099 3456 et
2127 3397 2367 3456 monitis
2395 3396 2718 3452 instructus
2748 3393 2967 3457 Adam,
2998 3398 3054 3451 et
3080 3392 3279 3464 ligone
3321 3398 3542 3450 terram

1894 3491 2149 3557 fodiens,
2190 3493 2245 3544 et
2273 3486 2493 3543 sudore
2544 3489 2601 3541 et
2653 3483 2859 3540 labore
2910 3482 3214 3554 frugaliter
3262 3482 3539 3554 nutritus,

1896 3595 2019 3636 non
2046 3579 2155 3634 fuit
2180 3575 2442 3649 amplius
2475 3574 2757 3630 seductus
2783 3573 2866 3628 ad
2894 3568 3156 3629 hominis
3185 3572 3429 3629 inimico
3485 3577 3544 3629 et

1899 3669 2209 3734 Deihoste,
2246 3682 2353 3721 nec
2409 3679 2630 3738 passus
2681 3667 2769 3719 est
2815 3662 2999 3718 aliam
3049 3662 3538 3719 commotionem.

1900 3762 2047 3815 Nam
2078 3757 2155 3813 ab
2186 3772 2257 3813 eo
2282 3761 2551 3827 tempore
2581 3751 2831 3809 omnino
2868 3768 3010 3807 eum
3061 3749 3237 3806 valde
3280 3748 3545 3807 habebat

1897 3848 2035 3905 odio
2062 3851 2260 3902 mente
2285 3844 2520 3913 agitans
2546 3857 2651 3913 per
2690 3840 3103 3912 propheticum
3161 3854 3379 3904 rorem,
3436 3836 3545 3909 qui

1898 3936 2095 3992 adhuc
2118 3936 2178 3990 in
2199 3949 2270 3989 co
2296 3933 2487 3988 inerat
2506 3929 2653 3985 illud
2679 3946 2738 3983 ;‹‹
2765 3931 2841 3984 Ne
2858 3927 2966 3982 des
2988 3927 3050 3981 in
3072 3925 3542 3981 commotionem

1896 4025 2111 4097 pedem
2127 4028 2317 4089 tuum,
2352 4024 2406 4076 et
2432 4035 2552 4075 non
2575 4015 2943 4082 dormitabit,
2959 4015 3063 4087 qui
3080 4018 3135 4070 te
3154 4013 3414 4070 custodit
3428 4017 3442 4049 ¹
3456 4017 3495 4083 ί,
3512 4036 3541 4065 ››

1896 4113 2168 4182 angelus.
2197 4111 2284 4165 Ab
2314 4126 2385 4165 eo
2412 4108 2570 4164 enim
2603 4111 2871 4178 tempore
2923 4103 3223 4161 credimus
3271 4118 3383 4159 nos
3438 4102 3543 4160 ha-

1894 4202 2036 4257 bere
2066 4198 2350 4269 angelum
2380 4196 2704 4268 unicuique
2731 4193 2947 4251 animm
2989 4192 3227 4259 ducem,
3284 4195 3351 4248 ut
3404 4191 3546 4249 dicit

1900 4290 2183 4345 Dominus
2195 4288 2254 4342 in
2268 4284 2600 4356 Evangeliis
2620 4302 2632 4336 :
2650 4307 2678 4335 ι(
2695 4284 2894 4339 Videte
2907 4298 2982 4339 ne
2995 4280 3338 4353 despietatis
3350 4296 3545 4337 unum

1898 4378 2080 4435 CXlllS
2101 4377 2321 4450 parvis,
2350 4374 2455 4447 qui
2481 4380 2619 4429 sunt
2654 4371 2927 4428 minimi:
2985 4370 3183 4443 angeli
3237 4371 3400 4428 enim
3449 4386 3545 4428 eo-

1896 4483 2031 4523 rum
2062 4464 2300 4521 assidue
2331 4463 2534 4519 vident
2565 4461 2779 4518 faciem
2805 4461 2990 4519 Patris
3014 4460 3214 4531 vestri,
3237 4460 3344 4533 qui
3369 4464 3459 4518 est
3483 4461 3545 4517 in

1898 4555 2059 4611 ccelis
2085 4556 2148 4609 η.
2174 4576 2204 4605 ››
2234 4553 2506 4610 Similiter
2540 4550 2721 4607 etiam
2750 4550 2894 4607 dicit
2929 4550 3114 4607 Jacob
3156 4549 3499 4623 patriarcha
3527 4566 3541 4606 :

1899 4669 1924 4698 ς
1958 4642 2237 4714 Angelus,
2272 4642 2373 4713 qui
2396 4657 2491 4696 me
2515 4640 2729 4696 liberat
2785 4655 2822 4696 a
2859 4639 3037 4696 malis
3096 4639 3382 4695 omnibus
3413 4639 3476 4694 ¹³.
3517 4658 3547 4687 ››

1896 4736 2023 4789 Non
2057 4732 2238 4788 dixit:
2275 4731 2384 4796 Qui
2411 4745 2507 4785 me
2537 4728 2830 4794 liberavit,
2860 4727 3005 4784 sed:
3043 4728 3152 4793 Qui
3179 4744 3277 4783 me
3309 4727 3542 4783 liberat.

1898 4821 2263 4887 Quinetiam
2312 4819 2555 4877 beatum
2608 4816 2948 4889 apostolum
3004 4818 3241 4872 Petrum
3300 4831 3547 4872 amanu

1897 4910 2145 4967 Herodis
2172 4909 2422 4977 angelus
2456 4907 2692 4963 Domini
2719 4905 2992 4962 liberavit
3027 4906 3091 4957 υ.
3124 4902 3311 4961 Simul
3365 4908 3547 4976 atque

1897 5000 2056 5055 enim
2085 4999 2471 5054 constitutum
2498 4995 2608 5053 fuit
2628 4995 2967 5051 humanum
2984 5007 3198 5064 genus,
3226 4991 3383 5063 jussi
3408 4995 3548 5050 sunt

1897 5087 2095 5157 angeli
2122 5088 2253 5158 ejus
2282 5086 2416 5142 vitae
2445 5100 2653 5141 curam
2689 5098 2913 5152 gerere,
2942 5084 3001 5136 et
3044 5095 3547 5153 unumquemque

1894 5176 2206 5232 hominem
2241 5173 2483 5231 ﬁdelem
2521 5172 2763 5229 sortitus
2801 5176 2889 5227 est
2925 5169 3123 5225 bonus
3165 5166 3441 5239 angelus,
3480 5171 3548 5224 ut

1896 5266 2028 5336 ejus
2052 5265 2237 5321 vitam
2264 5265 2671 5336 componeret,
2693 5264 2750 5315 et
2765 5259 2890 5331 ejus
2912 5257 3181 5314 animam
3212 5256 3544 5329 perﬁceret.

1896 5354 2053 5411 Multi
2076 5358 2278 5410 autem
2300 5368 2437 5408 cum
2468 5366 2539 5406 eo
2559 5349 2860 5405 luctantur
2879 5346 3189 5403 daemones
3214 5362 3249 5403 a
3266 5346 3365 5403 via
3386 5350 3549 5404 recta

1839 5459 1843 5463 '
1896 5458 2036 5499 eum
2049 5442 2330 5500 facientes
2342 5440 2638 5498 aberrare.
2654 5434 2989 5493 Immundis
3000 5424 3161 5493 enim
3172 5434 3550 5494 daemonibus

2215 5566 2261 5601 ιο
2292 5566 2406 5622 Isa.
2434 5578 2513 5629 v1,
2549 5565 2602 5631 3,
2702 5561 2744 5597 ¹¹
2777 5558 2934 5622 Psal.
2959 5575 3092 5635 cxx,
3125 5565 3175 5623 3.
3276 5562 3321 5596 ¹²
3346 5557 3549 5623 Matth.
