4020 6310
487 249 592 358 ξτρ

1697 265 2179 340 PANTALEQNIS
2219 242 2501 336 Draconi
2549 269 2655 344 cp.

3796 266 3906 334 580

488 411 613 452 non
643 399 780 450 sunt
804 410 961 450 cura:
982 393 1270 464 inﬁdeles,
1296 395 1400 460 sed
1431 394 1470 449 ii
1499 395 1602 468 qui
1636 394 1728 468 pie
1758 394 2002 463 vivunt;
2051 393 2134 448 eis
2167 395 2214 462 Α
2243 393 2582 466 effectorem
2610 408 2936 470 agnoscere
2966 409 3037 448 ex
3061 391 3473 463 magnitudine
3486 396 3543 448 et
3571 392 3900 464 pulchritu-

491 487 650 540 enim
679 483 962 544 invident,
993 487 1049 537 et
1077 499 1212 536 cum
1245 482 1327 536 eis
1358 477 1582 556 bellum
1614 488 1844 551 gerunt.
1881 481 2136 547 Quando

492 581 692 629 autem
741 571 1011 628 ambulat
1055 571 1300 644 quidem
1346 572 1406 626 in
1453 573 1760 626 sanctitate
1809 579 1866 636 et
1910 571 2139 640 justitia

491 663 674 718 homo
704 661 916 725 ﬁdelis,
948 647 1180 714 laetatur
1211 657 1484 728 angelus,
1509 661 1614 734 qui
1640 667 1695 714 et
1729 660 1835 715 fuit
1861 661 2037 714 datus
2060 658 2137 713 ad

488 752 687 825 ipsum
710 748 1187 804 custodiendum.
1209 749 1462 814 Quando
1495 766 1630 806 vero
1661 766 1697 806 a
1727 751 1822 804 via
1844 755 2002 804 recta
2036 747 2137 802 de-

489 839 812 906 clinaverit,
848 837 1026 892 tristis
1055 836 1299 908 quidem
1332 843 1419 892 est
1473 839 1668 892 bonus
1723 837 1993 909 angelus,
2021 837 2138 890 dm-

492 943 698 984 mones
730 932 930 982 autem
961 925 1258 982 exsiliunt.
1288 928 1416 982 lam
1449 943 1583 982 vero
1612 943 1868 994 magnus
1895 942 2139 998 quoque

487 1018 633 1073 dicit
655 1017 900 1074 Basilius
931 1033 942 1070 :
977 1017 1124 1072 Sunt
1156 1016 1372 1085 angeli,
1404 1016 1505 1088 qui
1534 1016 1591 1071 in
1646 1023 1895 1088 utraque
1947 1015 2140 1070 eccle-

490 1108 578 1162 sia
608 1105 953 1161 describunt
982 1120 1084 1159 eos
1117 1105 1218 1175 qui
1254 1111 1427 1159 orant
1469 1110 1522 1160 el
1559 1104 1856 1175 jejunant.
1911 1104 2070 1165 Vide.
2105 1119 2142 1158 0

488 1197 693 1262 homo,
711 1211 782 1249 ne
802 1202 1046 1266 propter
1057 1209 1310 1268 parvam
1327 1192 1689 1264 voluptatem
1705 1199 1761 1248 et
1775 1194 2014 1248 brevem
2028 1193 2144 1247 hoc

486 1285 780 1341 damnum
795 1269 1070 1354 accipias,
1087 1282 1248 1355 quod
1266 1288 1321 1338 te
1342 1298 1463 1337 non
1477 1282 1856 1354 descripserit
1873 1282 2142 1357 angelus.

562 1375 647 1429 IX.
681 1376 744 1429 Et
769 1373 826 1428 in
877 1372 1155 1426 ﬁdelibus
1200 1371 1469 1442 quidem,
1539 1377 1601 1426 ut
1642 1374 1804 1442 prius
1849 1371 2132 1426 diximus.

492 1481 646 1521 unus
677 1461 924 1531 angelus
952 1477 987 1516 a
1020 1460 1138 1515 Deo
1173 1460 1347 1515 datus
1371 1472 1464 1515 est
1495 1447 1833 1532 unicuique.
1899 1464 1958 1514 In
2011 1459 2140 1514 inﬁ-

488 1553 724 1610 delibus
757 1555 957 1605 autem
1002 1564 1499 1620 unamquamque
1557 1549 1848 1614 integram
1904 1553 2141 1618 gentem

488 1641 730 1697 sortitus
757 1643 845 1694 est
870 1653 1024 1692 unus
1051 1636 1318 1704 angelus,
1347 1643 1409 1692 ut
1433 1637 1574 1693 dicit
1600 1639 1932 1710 Scriptura:
1965 1661 1989 1686 ιι
2014 1640 2137 1692 Sta-

488 1731 599 1785 tuit
629 1727 910 1783 terminos
941 1725 1204 1796 gentium
1239 1726 1572 1782 secundum
1602 1742 1919 1781 numerum
1957 1742 2136 1796 ange-
2171 1745 2207 1798 Β

487 1819 684 1874 lorum
717 1815 954 1871 Dei'5.»
984 1817 1048 1870 Et
1098 1819 1159 1868 ut
1203 1814 1544 1868 Judzeorum
1594 1815 1840 1887 quidem
1899 1820 2137 1883 gentem

490 1905 1201 1965 custodiret.constitutus
1217 1908 1302 1957 est
1317 1903 1579 1968 Michael,
1604 1919 1859 1974 magnus
1876 1904 1975 1958 Dei
1991 1903 2140 1959 mili-

490 1997 585 2052 tiae
642 1995 918 2068 princeps
945 1994 1006 2058 ³⁵,
1024 1997 1228 2064 utpote
1245 1991 1407 2064 quod
1438 1992 1497 2046 in
1520 1993 1702 2047 Deum
1721 1992 2132 2049 credidissent.

487 2085 650 2141 Alius
682 2099 822 2139 vero
844 2081 1159 2156 praefectus
1187 2079 1294 2136 fuit
1322 2082 1530 2146 Persis,
1556 2081 1708 2136 alius
1740 2097 1877 2136 vero
1904 2082 2137 2146 Graecis,

487 2179 544 2229 et
571 2174 855 2245 deinceps
887 2169 1175 2225 similiter.
1209 2171 1500 2224 Caeterum
1529 2169 1768 2224 divinus
1797 2169 2044 2241 quidem
2090 2175 2146 2224 et

486 2279 746 2332 magnus
760 2261 882 2316 dux
899 2259 1191 2315 exercitus
1212 2257 1448 2313 Michael
1470 2263 1561 2312 est
1580 2259 1851 2329 princeps
1871 2258 2145 2313 omnium

487 2351 815 2407 ccelestium
837 2351 1561 2420 potestatum.pra3estque
1574 2352 1630 2402 et
1660 2362 1864 2401 curam
1890 2347 2037 2416 gerit
2059 2352 2150 2402 to-

491 2440 607 2496 tius
635 2437 829 2510 gentis
855 2435 1048 2491 ﬁdelis
1073 2452 1085 2488 :
1113 2440 1168 2488 et
1197 2450 1407 2488 rursus
1451 2434 1676 2500 ﬁdeles,
1725 2435 1827 2506 qui
1872 2435 2152 2511 laborant

490 2528 787 2604 prievenit
815 2530 872 2580 et
898 2527 1234 2589 conservat,
1258 2527 1321 2576 ut
1349 2523 1450 2594 qui
1475 2539 1511 2579 a
1538 2523 1655 2578 Deo
1678 2524 1882 2593 jussus
1912 2524 1983 2578 sit
2005 2523 2151 2579 cele-

489 2635 615 2674 rem
647 2616 867 2672 habere
897 2617 1270 2676 naturam,et
1292 2615 1606 2684 tamquam
1621 2612 1872 2683 fulguris
1889 2613 2147 2685 adeptus

491 2705 890 2765 velocitatem,
914 2701 1257 2757 universam
1279 2705 1494 2755 terram
1510 2701 1855 2756 etzetherem
1882 2717 1998 2756 uno
2016 2718 2142 2756 mo-

490 2799 690 2852 mento
713 2806 1076 2865 percurrere.
1102 2812 1128 2839 ‹‹
1158 2788 1382 2845 Exsiliit
1421 2789 1582 2844 enim
1623 2790 1838 2861 inquit,
1871 2790 2142 2859 angelus,

488 2883 593 2958 qui
610 2880 962 2940 ambulabat
987 2885 1123 2935 ante
1146 2883 1338 2934 castra
1361 2877 1621 2933 ﬁliorum
1653 2878 1830 2934 Israel
1860 2880 1962 2933 ⁸⁷.»
1982 2882 2144 2934 Hunc

488 2980 690 3040 autem
751 2971 1056 3044 angelum,
1108 2968 1328 3025 militiae
1386 2969 1717 3042 principem
1801 2969 2144 3025 Michealem

2244 484 2382 538 dine
2415 501 2610 539 rerum
2663 484 2740 538 ab
2780 499 2849 538 eo
2877 489 3236 550 creatarum,
3289 483 3425 554 pius
3449 482 3545 538 ille
3573 483 3897 542 Abraham.

2245 589 2380 627 cum
2416 590 2482 627 ex
2512 571 2690 627 rebus
2714 572 2924 627 creatis
2943 578 3138 626 mente
3152 570 3710 642 comprehendisset
3731 573 3899 626 Crea-

2246 667 2453 726 torem,
2489 667 2545 717 et
2572 661 2817 716 inﬁnitae
2851 661 3128 732 potentite
3160 660 3492 716 admiratus
3527 665 3682 714 esset
3713 660 3898 715 artiﬁ-

2245 751 2426 815 cium,
2461 750 2753 822 valdeque
2811 765 2967 819 aegre
3026 750 3198 804 ferret
3253 755 3310 803 et
3363 749 3785 817 indignaretur
3843 749 3898 802 in

2249 838 2482 907 stultos,
2518 844 2572 893 et
2602 837 2962 899 incredulos,
2996 837 3098 910 qui
3147 853 3273 893 rem
3310 845 3571 893 creatam
3624 835 3904 892 colebant

2250 928 2402 982 ultra
2431 928 2791 991 Creatorem,
2832 929 2983 982 Deus
3023 942 3054 981 e
3085 925 3230 982 cazlo
3260 942 3400 982 eum
3439 931 3528 982 est
3579 926 3901 989 allocutus,

2248 1016 2453 1071 dicens
2479 1034 2492 1068 :
2530 1015 2851 1085 «Egredere
2873 1031 2904 1069 e
2933 1021 3084 1070 terra
3110 1019 3212 1069 tua
3247 1020 3302 1069 et
3321 1031 3392 1070 ex
3425 1015 3906 1084 cognationetua

2250 1109 2306 1159 et
2332 1103 2516 1160 domo
2544 1104 2729 1176 patris
2762 1104 2864 1170 tui,
2895 1108 2952 1158 et
2978 1102 3112 1158 veni
3143 1103 3200 1157 in
3232 1108 3469 1168 terram,
3507 1119 3694 1175 quam
3754 1103 3906 1156 indi-

2250 1193 2403 1248 cabo
2425 1194 2526 1248 tibi
2560 1195 2626 1246 ³0.
2652 1215 2678 1241 ››
2711 1192 2928 1247 Deinde
2955 1191 3037 1246 sic
3063 1191 3115 1246 ei
3137 1191 3481 1263 apparuitin
3508 1192 3702 1262 specie
3727 1190 3907 1245 trium

2253 1281 2603 1351 angelorum
2633 1282 2698 1334 ²¹.
2733 1281 2818 1334 Ab
2844 1296 2914 1334 eo
2937 1287 3136 1335 autem
3152 1279 3413 1350 hospitio
3434 1285 3722 1350 acceptus
3738 1277 3905 1350 apud

2249 1387 2540 1445 quercum
2558 1372 2838 1434 Mambre,
2859 1369 3140 1442 praeclare
3162 1369 3289 1439 ejus
3308 1368 3727 1440 hospitalitatis
3750 1384 3911 1423 mer-

2250 1461 2459 1516 cedem
2489 1459 2740 1530 praabuit
2767 1458 2815 1513 ei
2840 1459 2970 1528 jam
3002 1457 3146 1518 seni.
3178 1462 3235 1513 et
3285 1473 3422 1511 cum
3485 1457 3694 1512 sterilis
3753 1464 3910 1511 esset

2251 1565 2402 1604 uxor
2423 1535 2585 1616 Sara,
2617 1548 2783 1619 pium
2814 1547 3002 1601 ﬁlium
3035 1550 3195 1602 Isaac
3227 1551 3284 1602 et
3317 1546 3375 1600 in
3428 1545 3698 1600 moribus
3722 1552 3780 1601 et
3799 1547 3908 1601 vir-

2249 1645 2367 1693 tute
2394 1638 2443 1693 ei
2473 1637 2728 1691 similem
2752 1639 2818 1690 ²².
2865 1639 3183 1706 Postquam
3243 1641 3444 1690 autem
3485 1642 3704 1706 praeter
3736 1651 3912 1706 spem

2247 1733 2423 1782 natus
2453 1731 2610 1780 esset
2641 1726 2819 1792 ﬁlius,
2851 1725 3134 1780 omnibus
3174 1724 3579 1796 probatiorem
3647 1724 3912 1779 reddens

2247 1818 2375 1888 ejus
2405 1817 2588 1870 animi
2622 1816 3121 1882 magnitudinem,
3157 1812 3415 1885 ﬁdeique
3433 1819 3488 1869 et
3514 1814 3703 1869 animi
3727 1815 3916 1886 pieta-

2248 1910 2387 1970 tem,
2411 1905 2463 1959 ei
2484 1921 2689 1959 rursus
2717 1904 2899 1958 dixit:
2931 1927 2949 1951 ι
2987 1903 3313 1961 Abraham.
3337 1903 3664 1968 Abraham,
3689 1904 3904 1974 accipe

2251 1994 2439 2048 ﬁlium
2461 1999 2634 2048 tuum
2659 1993 2963 2049 dilectum.
2982 2009 3162 2063 quem
3194 1993 3450 2061 genuisti
3475 1996 3659 2057 Isaac,
3683 1997 3745 2047 et
3770 2008 3916 2047 eum

2252 2083 2396 2138 mihi
2419 2082 2565 2136 offer
2582 2083 2639 2136 in
2659 2081 3076 2139 sacriﬁcio.llle
3095 2086 3298 2137 autem
3322 2081 3501 2137 simul
3518 2085 3700 2153 atque
3719 2080 3922 2136 fuerat

2253 2176 2303 2225 ei
2330 2172 2714 2249 imperatum,
2745 2187 2870 2225 rem
2897 2169 3359 2241 exsequebatur,
3388 2176 3444 2224 et
3466 2186 3605 2225 cum
3664 2169 3924 2239 ligasset

2256 2263 2444 2326 Isaac,
2465 2265 2521 2314 et
2540 2259 2906 2314 extendisset
2923 2274 3172 2313 manum
3190 2273 3326 2331 quas
3348 2258 3588 2314 tenebat
3613 2257 3918 2328 gladium,

2251 2348 2380 2418 jam
2412 2354 2612 2416 guttur
2636 2347 2790 2402 illius
2821 2353 3139 2409 tecturum,
3170 2363 3309 2402 eum
3341 2349 3626 2418 repressit
3655 2346 3917 2415 angelus

2263 2436 2515 2498 Domini,
2541 2437 2782 2492 Michael
2815 2436 3052 2504 scilicet,
3087 2437 3292 2490 dicens
3356 2452 3368 2490 :
3428 2458 3454 2484 «
3487 2438 3566 2491 Ne
3618 2435 3922 2490 immittas

2258 2541 2508 2580 manum
2545 2532 2708 2580 tuam
2741 2525 2801 2579 in
2830 2523 3042 2579 tilium.
3067 2528 3231 2580 Nunc
3261 2523 3421 2579 enim
3455 2523 3614 2588 novi,
3649 2523 3822 2594 quod
3857 2529 3920 2578 tu

2258 2613 2468 2668 timeas
2496 2616 2814 2668 Dominum
2841 2632 2852 2674 ;
2883 2613 2988 2667 sed
3012 2613 3210 2683 aspice
3238 2613 3350 2667 tuis
3397 2611 3606 2679 oculis,
3665 2618 3725 2666 et
3781 2611 3920 2666 vide

2255 2701 2333 2756 ad
2359 2706 2414 2756 te
2447 2702 2698 2756 missum
2731 2702 2973 2756 arietem
3002 2701 3271 2769 ligatum,
3303 2705 3359 2755 et
3401 2717 3540 2756 eum
3599 2699 3755 2755 offer
3809 2714 3920 2771 pro

2255 2791 2424 2844 Isaac
2455 2790 2574 2844 Iilio
2606 2795 2707 2844 tuo
2740 2791 2842 2845 *3.»
2877 2789 3045 2843 Hunc
3077 2796 3278 2844 autem
3312 2789 3620 2859 angelum,
3650 2788 3756 2860 qui
3789 2788 3922 2842 haec

2253 2877 2400 2933 dixit
2455 2879 2830 2949 patriarchae,
2893 2878 3112 2933 militia;
3173 2877 3508 2950 principem
3568 2876 3922 2933 Michaelem

2253 2973 2456 3038 aperte
2482 2983 2610 3021 esse
2633 2966 2956 3021 credimus.
2984 2967 3208 3022 Etenim
3233 2967 3418 3022 Iacob
3440 2981 3706 3038 quoque,
3731 2982 3920 3038 quem

487 3081 615 3121 esse
645 3063 792 3119 dixit
813 3061 1116 3131 Scriptura
1156 3060 1215 3114 in
1238 3059 1378 3112 Jesu
1410 3061 1569 3114 Nave
1608 3059 1674 3114 ε’.
1717 3061 1866 3114 Nam
1920 3075 2139 3125 nomen
2175 3089 2214 3145 ρ
2257 3055 2432 3112 frater
2463 3055 2933 3128 persequebatur
2967 3059 3138 3123 Esau,
3191 3055 3411 3111 militia:
3441 3055 3726 3128 princeps
3774 3054 3920 3109 Iibe-

487 3153 618 3224 ejus
651 3157 853 3224 aperte
887 3149 1212 3205 declaravit
1242 3147 1302 3202 in
1324 3147 1618 3219 propheta
1652 3142 1888 3203 Daniele
1913 3149 1980 3205 ‘9.

558 3245 632 3296 Χ.
660 3243 757 3296 Hic
779 3254 921 3309 ergo
945 3253 1201 3307 magnus
1223 3235 1585 3305 etgloriosus
1612 3236 1709 3290 Dei
1728 3235 1950 3291 militiae
1981 3237 2143 3308 prin-

487 3347 630 3403 ceps
664 3327 926 3392 Michael,
960 3332 1015 3380 et
1041 3324 1244 3389 veteri,
1273 3329 1338 3379 ut
1379 3323 1676 3389 convenit,
1729 3324 1838 3379 fuit
1889 3324 2144 3380 admini'

487 3429 623 3487 ster,
656 3425 712 3475 et
736 3433 891 3474 novo
915 3415 1105 3482 magis
1143 3413 1540 3480 administrat,
1603 3429 1740 3485 quas
1801 3419 1939 3469 sunt
1990 3414 2142 3469 salu-

487 3512 655 3569 taria.
689 3511 1012 3576 Postquam
1043 3504 1202 3558 enim
1235 3501 1405 3558 valde
1445 3502 1754 3557 irritarunt
1793 3509 1849 3557 et
1905 3503 2144 3574 penitus

487 3599 932 3669 dereliquerunt
951 3593 1268 3647 Dominum
1292 3594 1476 3645 Deum
1500 3589 1791 3645 increduli
1843 3591 2141 3652 lsraelitas,

487 3696 544 3748 et
573 3705 643 3746 ea
671 3687 745 3742 de
777 3699 963 3740 causa
992 3682 1232 3737 fuerunt
1263 3679 1499 3751 penitus
1525 3680 1922 3746 exterminati,
1965 3685 2022 3736 et
2042 3681 2143 3735 ad-

484 3777 676 3836 vocati
709 3790 918 3830 sumus
944 3770 1049 3844 qui
1072 3767 1438 3825 credidimus
1490 3783 1562 3822 ex
1589 3768 1890 3836 gentibus,
1947 3773 2002 3824 et
2059 3768 2141 3824 fa-

487 3874 616 3926 ctus
646 3871 733 3922 est
765 3878 951 3920 novus
981 3858 1176 3929 Israel,
1211 3875 1247 3914 a
1291 3857 1520 3912 Christo
1575 3857 2025 3921 denominatus,
2087 3863 2144 3913 et

489 3957 788 4014 Christum
818 3950 1151 4020 intelligens
1180 3951 1340 4018 (nam
1382 3946 1429 4001 si
1482 3946 1887 4018 interpreteris
1945 3947 2139 4010 Israel,

485 4047 535 4102 is
554 4051 643 4103 est
663 4060 822 4101 mens
847 4041 1047 4097 videns
1073 4036 1294 4106 Deum),
1313 4041 1453 4090 tunc
1476 4033 1748 4090 divinum
1773 4051 2014 4107 quoque
2037 4035 2142 4090 mi-

483 4137 623 4194 litiae
655 4133 983 4206 principem
1017 4125 1361 4184 Michaelem
1411 4124 1668 4180 removit
1720 4140 1756 4179 a
1798 4125 2140 4180 Iudaeorum

488 4222 921 4282 consuetudine
949 4219 1146 4274 bonus
1180 4215 1355 4277 Deus,
1390 4219 1446 4268 et
1468 4212 1545 4268 ab
1573 4229 1644 4269 eo
1685 4217 1951 4286 tempore
2002 4229 2140 4268 eum

487 4314 664 4370 nobis
695 4310 890 4367 electis
919 4304 1265 4362 Christianis
1290 4303 1596 4358 constituit
1639 4304 1978 4357 maximum
2035 4303 2139 4358 de-

2257 3146 2407 3201 ravit
2427 3154 2481 3200 et
2505 3145 2783 3199 servavit.
2815 3145 2924 3208 Qui
2955 3145 3136 3199 etiam
3164 3145 3216 3199 ei
3247 3142 3516 3199 animum
3544 3141 3808 3211 addens,
3844 3157 3918 3197 ne

2253 3234 2488 3289 timeret
2517 3251 2652 3289 eum
2685 3234 2787 3306 qui
2828 3234 3318 3306 persequebatur.
3370 3249 3508 3288 cum
3553 3247 3628 3288 eo
3654 3229 3917 3288 luctatur

2255 3323 2314 3376 in
2346 3327 2538 3384 nocte,
2572 3327 2629 3376 et
2669 3323 2858 3391 tangit
2896 3321 3024 3392 ejus
3070 3321 3281 3390 femur,
3329 3319 3780 3392 propemodum
3831 3319 3915 3376 di-

2254 3427 2394 3466 cens
2424 3427 2436 3463 :
2477 3433 2496 3458 σ
2537 3411 2591 3466 Si
2621 3427 2759 3465 cum
2787 3411 3018 3481 angelis
3045 3409 3276 3465 valuisti
3306 3409 3537 3475 luctari,
3561 3409 3712 3481 quid
3738 3409 3913 3465 times

2254 3499 2560 3554 hominem
2594 3499 2651 3554 in
2681 3515 2863 3570 quem
2889 3499 3048 3554 cadit
3072 3498 3341 3554 interitus
3365 3501 3409 3534 ³⁸
3434 3499 3462 3554 ?

2323 3596 2461 3654 XIII.
2504 3597 2652 3652 Cum
2681 3604 2883 3653 autem
2930 3596 3300 3669 multiplicati
3331 3601 3550 3666 essent,
3581 3597 3689 3670 qui
3717 3613 3793 3653 ex
3832 3598 3912 3669 pii

2252 3687 2505 3743 Abrahae
2541 3702 2754 3755 genere
2785 3685 3238 3751 descenderant,
3269 3691 3332 3741 ut
3360 3685 3658 3758 pollicitus
3701 3687 3757 3742 ei
3790 3687 3910 3742 fuco

2252 3784 2343 3831 rat
2375 3774 2646 3845 angelus,
2676 3774 2712 3829 ii
2749 3791 2888 3830 vero
2917 3775 2978 3829 in
3010 3777 3265 3846 Angpto
3312 3774 3467 3831 male
3516 3774 3910 3835 haberentur.

2253 3879 2459 3918 eorum
2487 3863 2760 3918 misertus
2791 3867 2881 3917 est
2909 3862 3086 3929 Deus,
3119 3862 3223 3934 qui
3245 3862 3910 3935 estnaturabenignus,

2253 3959 2309 4006 et
2335 3951 2507 4020 elegit
2538 3954 2775 4023 Moysen
2808 3951 3102 4006 famulum
3135 3939 3424 4017 suum,iet
3449 3966 3555 4024 per
3579 3951 3786 4024 ipsum
3818 3967 3916 4006 ar-

2253 4040 2610 4109 changelum
2639 4040 3000 4110 Michaelem,
3031 4057 3166 4096 eum
3189 4040 3717 4096 constituitducem
3734 4042 3917 4097 totius

2253 4130 2487 4199 generis
2519 4128 2791 4194 Abrahae,
2813 4135 2876 4184 ut
2907 4128 3187 4184 educeret
3217 4145 3319 4184 eos
3349 4134 3550 4185 eterra
3581 4130 3840 4201 Egypti,
3861 4135 3920 4185 et

2252 4233 2356 4290 per
2386 4233 2551 4273 mare
2578 4217 2844 4273 Rubrum
2871 4223 3160 4290 tanquam
3179 4233 3286 4290 per
3305 4219 3528 4273 siccam
3554 4223 3779 4273 terram
3811 4233 3916 4274 eos

2253 4307 2696 4377 transmitteret,
2733 4313 3092 4379 properante
3149 4306 3375 4380 populo
3422 4306 3502 4362 ad
3554 4311 3775 4362 terram
3829 4309 3913 4363 eis

487 4405 786 4460 fensorem
818 4404 875 4454 et
903 4401 1292 4460 servatorem,
1323 4392 1578 4447 aliarum
1610 4393 1878 4461 gentium
1931 4407 2137 4446 curam
2175 4438 2218 4491 Β
2249 4395 2636 4468 promissam.
2665 4412 2801 4467 quae
2827 4395 3053 4451 ﬂuebat
3080 4395 3230 4451 lacte
3282 4401 3339 4451 et
3383 4395 3575 4462 melle,
3627 4395 3911 4452 lichaele

489 4487 957 4562 suscipientibus
985 4488 1187 4555 aperte
1213 4481 1342 4537 aliis
1363 4480 1696 4535 minoribus
1719 4480 1967 4549 angelis.
1990 4484 2139 4536 Nam

489 4595 612 4654 quo
638 4581 729 4633 est
755 4591 900 4646 gens
924 4571 1170 4644 quidem
1183 4573 1394 4624 sancta.
1410 4568 1876 4623 Christianorum
1896 4567 2140 4640 reliquis

491 4666 775 4726 omnibus
797 4660 1192 4737 praestantior,
1226 4674 1296 4713 eo
1323 4673 1570 4712 necesse
1587 4663 1677 4711 est
1704 4671 1831 4739 esse
1848 4658 2138 4726 majorem

489 4757 839 4828 dignitatem
865 4746 1211 4819 archangeli
1241 4745 1560 4814 Michaelis,
1599 4745 1703 4817 qui
1727 4761 1935 4800 curam
1993 4745 2142 4817 gerit

490 4843 723 4917 generis
755 4839 1245 4899 Christianorum.
1280 4836 1408 4889 Non
1435 4833 1595 4888 enim
1643 4832 1908 4887 essentia
1961 4848 2142 4902 ange-

482 4934 678 4992 lorum
709 4932 893 4988 habet
920 4923 1338 4993 ditferentiam,
1367 4923 1470 4978 sed
1487 4921 1788 4993 dignitatis
1849 4922 2137 4977 excellen-

485 5025 585 5081 tia.
612 5022 739 5078 Vult
766 5021 924 5077 enim
978 5031 1188 5073 omnes
1241 5013 1516 5070 homines
1573 5026 1705 5067 esse
1761 5010 1976 5076 salvos,
2032 5011 2137 5084 qui

489 5115 908 5170 universorum
939 5122 1147 5164 curam
1175 5103 1324 5174 gerit
1351 5109 1405 5158 et
1430 5107 1518 5157 est
1542 5105 1758 5158 natura
1814 5101 2135 5172 benignus.

555 5203 640 5258 ΧῙ.
702 5200 817 5257 Sed
857 5215 996 5254 cum
1040 5194 1240 5250 miseri
1288 5193 1562 5248 homines
1615 5205 1725 5246 sua
1781 5189 2025 5246 stultitia
2075 5191 2135 5245 in

485 5273 682 5349 errore
713 5289 1159 5361 perseverarent
1180 5282 1412 5338 etcultu
1435 5279 1913 5345 simulacrorum,
1948 5285 2004 5335 et
2032 5295 2135 5335 ne-

484 5394 796 5455 quaquam
826 5376 1042 5431 vellent
1071 5374 1131 5430 id
1159 5371 1326 5446 quod
1354 5369 1671 5443 oportebat
1699 5368 2044 5439 intelligere,
2078 5373 2135 5425 et

558 5515 602 5550 ¹⁵
634 5513 801 5567 Deut.
834 5524 1015 5574 xxxii,
1049 5509 1099 5561 8.
1197 5507 1242 5541 ¹⁶
1271 5507 1419 5562 Dan.
1446 5520 1506 5571 x,
1537 5507 1626 5558 27.

1726 5504 1765 5540 ⁸⁷
1797 5502 1979 5558 Exod.
2009 5519 2127 5565 xlv,
2165 5507 2250 5561 19.

2251 4484 2617 4553 archangelo
2647 4489 2898 4556 parante
2929 4485 3088 4540 viam
3116 4484 3248 4556 ejus
3277 4490 3414 4541 ante
3440 4485 3641 4556 ipsum
3662 4487 3734 4540 ³⁵.
3756 4484 3909 4541 Cum

2249 4579 2449 4630 autem
2481 4574 2851 4646 pervenisset
2897 4575 2958 4630 in
3011 4575 3320 4642 regionem
3371 4574 3788 4640 Moabitarum,
3847 4580 3913 4631 ut

2247 4665 2523 4718 transiret
2549 4679 2652 4735 per
2717 4679 2928 4718 eorum
2987 4664 3160 4731 ﬁnes,
3217 4663 3269 4718 ei
3323 4663 3532 4719 restitit
3589 4663 3762 4719 Balac
3805 4680 3911 4720 rex

2248 4751 2437 4819 Moab,
2467 4750 2794 4822 prohibens
2825 4767 2965 4806 eum
2991 4752 3267 4808 transire.
3327 4752 3609 4808 Accersiit
3659 4767 3911 4825 quoque

2246 4839 2375 4912 ipse
2401 4855 2500 4894 rex
2531 4839 2707 4894 Balac
2738 4844 2932 4895 vatem
2973 4840 3306 4911 quemdam
3342 4855 3550 4895 senem
3580 4839 3908 4909 insignem,

2245 4927 2489 4983 nomine
2517 4927 2778 4990 Balaam,
2799 4927 2877 4983 ad
2894 4929 3335 4984 exsecrandum
3353 4927 3648 5001 populum
3665 4929 3910 5001 Moysis,

2248 5019 2312 5072 ut
2336 5015 2687 5070 vinceretur.
2735 5016 3135 5072 Proﬁciscenti
3192 5021 3394 5073 autem
3451 5016 3642 5072 Balaee
3696 5018 3758 5072 in
3814 5019 3910 5074 via

2245 5105 2500 5161 occurrit
2529 5104 2781 5176 angelus
2811 5105 3063 5172 Domini,
3099 5106 3347 5162 Michael
3376 5106 3599 5162 scilicet
3623 5106 3912 5164 defensor

2246 5193 2665 5249 Israelitarum.
2702 5195 2886 5258 Quem
2921 5210 3058 5249 cum
3083 5194 3330 5250 vidisset
3359 5195 3529 5250 asina
3560 5194 3777 5262 Balaaa,
3809 5195 3912 5251 deo

2244 5281 2506 5350 clinavit,
2531 5287 2586 5336 et
2612 5281 2788 5335 allisit
2805 5282 3019 5353 pedem
3043 5283 3234 5338 Balaas
3252 5283 3329 5339 ad
3344 5283 3652 5355 parietem,
3683 5289 3742 5339 et
3763 5300 3910 5340 eum

2244 5371 2439 5441 arguit
2458 5370 2629 5426 asina
2648 5370 2918 5428 humana.
2934 5387 3092 5443 voce,
3120 5372 3777 5429 ostendensterribilem
3806 5390 3908 5430 ar-

2356 5503 2402 5538 ”
2432 5505 2610 5576 .losue
2638 5521 2698 5574 v,
2735 5507 2820 5562 l3.
2917 5507 2960 5566 1°
2994 5507 3141 5562 Dan.
3173 5521 3276 5576 xu,
3306 5510 3357 5564 I.
3452 5507 3500 5542 ²⁰
3532 5508 3672 5563 Gen.
3704 5522 3813 5575 xu,
3849 5507 3906 5565 1.

479 5588 530 5625 ²¹
567 5587 711 5643 Gen.
740 5596 900 5650 xvm,
936 5585 985 5635 1.
1060 5581 1107 5614 ²²
1139 5578 1280 5634 Gen.
1311 5591 1434 5644 xxi,
1467 5579 1493 5631 1
1527 5589 1699 5647 seqq.
1776 5574 1826 5610 ³³
1855 5576 1996 5632 Gen.
2026 5590 2140 5630 xxii

2254 5574 2354 5632 ι14.
2429 5575 2477 5610 ³³
2507 5577 2649 5632 Gen.
2675 5592 2859 5664 xxxii,
2891 5580 2982 5634 28.
3057 5577 3107 5622 ³⁸
3140 5574 3329 5635 Exod.
3359 5593 3485 5648 xxv,
3517 5577 3544 5633 1
3579 5591 3754 5652 seqq.
