4020 6310
139 265 253 336 .‘a'8t
1303 265 1394 320 DE
1434 265 1491 338 δ.
1535 253 1885 334 menum

134 388 424 458 changeti
448 387 767 456 visionem.
804 388 1048 446 Balaam
1074 393 1277 462 autem
1311 405 1450 450 cum
1482 384 1809 459 aspexisset
1845 401 1888 468 Α

136 476 534 550 splendorem
562 478 665 549 qui
689 494 762 533 ex
792 494 862 532 eo
883 477 1202 544 emicabat,
1236 477 1409 534 valde
1441 476 1695 532 territus.
1720 473 1806 527 di-

133 566 262 620 xit:
284 570 460 622 Parce
485 565 658 633 mihi,
683 583 861 639 parce
889 568 1032 622 mihi
1061 568 1327 626 Domine.
1355 571 1498 636 Nam
1524 567 1809 637 ignorans

135 654 414 724 peccavi.
465 655 580 712 Sed
613 657 771 712 hanc
819 656 952 712 licet
1008 657 1294 712 visionem
1347 657 1673 729 aspexisset
1709 656 1806 708 lla.

133 745 330 814 laam,
353 759 480 799 non
504 732 704 802 statim
728 752 816 800 est
845 760 1116 800 reversus
1142 762 1154 810 ;
1180 746 1283 800 sed
1313 747 1469 800 venit
1496 745 1571 798 ad
1603 759 1808 811 regem

131 833 342 898 Balac,
371 833 480 906 qui
501 849 643 890 eum
674 841 1026 902 accerserat,
1056 839 1118 889 ut
1159 833 1456 888 desiderio
1482 833 1611 903 ejus
1637 832 1805 886 satis-

124 920 383 976 faceret.
420 921 536 978 Sed
569 921 751 978 ambo
794 939 829 977 a
860 939 1046 993 scopo
1080 923 1450 977 exciderunt.
1478 923 1620 977 Nam
1668 936 1805 973 cum

125 1011 202 1064 in
230 1009 527 1066 altissimo
557 1011 689 1066 loco
721 1012 976 1066 stetisset
1003 1011 1267 1076 Balaam,
1298 1017 1352 1066 el
1401 1009 1808 1082 cdnspexisset

125 1107 339 1155 castra
374 1099 556 1156 Israel
589 1106 885 1171 tanquam
922 1101 1136 1163 cedros
1169 1109 1410 1174 propter
1434 1117 1647 1174 aquas,
1673 1114 1806 1171 pro-

125 1189 458 1264 pheticam
478 1189 963 1245 benedictionem
989 1189 1122 1246 loco
1149 1190 1576 1245 exsecrationis
1606 1187 1693 1241 vel
1724 1187 1808 1240 in-

132 1279 301 1331 vitus
327 1283 494 1333 vates
520 1277 732 1333 effatus
759 1283 848 1332 est
902 1279 1128 1350 p0pulo
1183 1279 1517 1346 Israelitico,
1566 1277 1804 1332 dicens:

133 1390 164 1415 ιι
206 1365 443 1422 Orictur
468 1365 638 1422 stella
670 1382 738 1421 ex
769 1368 976 1436 Iacob,
1000 1374 1057 1422 et
1088 1374 1289 1437 surget
1318 1369 1499 1422 homo
1530 1383 1599 1422 ex
1635 1365 1810 1421 Israel

134 1461 202 1509 et
219 1455 562 1524 confringet
580 1455 765 1509 duces
787 1455 977 1521 Moab,
1007 1479 1026 1503 ι
1055 1463 1164 1511 etc.
1191 1455 1436 1527 Pr0pter
1457 1455 1683 1511 malum
1708 1471 1810 1510 au-

138 1550 263 1598 tem
293 1544 550 1598 omnino
568 1546 1074 1600 etexsecrandum
1090 1563 1264 1601 suum
1286 1545 1807 1617 consilium,quod

137 1632 443 1701 merebat,
477 1633 714 1690 Balaam
741 1636 969 1706 accepit
1003 1637 1248 1690 exitium

219 1723 361 1777 XIV.
393 1722 566 1787 Quod
588 1728 789 1779 autem
820 1728 975 1779 esset
1003 1724 1244 1779 Michael
1267 1724 1545 1798 princeps
1575 1723 1809 1781 Domini
1844 1737 1881 1790 Β

135 1811 395 1876 militiae,
420 1812 525 1882 qui
556 1813 814 1867 occurrit
847 1812 1056 1882 Balaaz,
1104 1818 1158 1868 et
1190 1814 1241 1868 ci
1294 1813 1693 1881 denuntiavit,
1745 1820 1808 1867 ut

136 1902 441 1972 quiesset
462 1900 586 1955 dux
635 1900 841 1974 populi
888 1902 1253 1972 Iudaeorum,
1301 1919 1561 1972 eumque
1591 1918 1805 1972 prmce-

135 1989 315 2045 deret
367 1995 426 2044 et
472 1989 768 2060 educeret,
835 1996 1037 2061 aperte
1078 1991 1335 2046 ostendit
1395 1991 1696 2061 Scriptura
1747 1991 1807 2044 in

139 2094 401 2152 corpore
450 2077 684 2149 Moysis,
715 2084 778 2134 ut
824 2078 1231 2134 divinissimus
1269 2080 1452 2134 Iudas
1499 2078 1806 2152 apostolus

136 2167 330 2223 frater
357 2167 618 2234 Domini,
673 2166 821 2223 dixit
871 2167 931 2222 in
986 2185 1095 2223 sua
1149 2169 1454 2223 Catholica
1505 2167 1802 2240 Epistola:

141 2254 392 2311 Michael
426 2261 626 2310 autem
658 2256 1076 2325 archangelus,
1128 2256 1378 2328 quando
1438 2256 1808 2311 contendens

141 2361 288 2400 cum
343 2343 614 2410 diabolo,
662 2343 997 2400 disserebat
1025 2344 1098 2400 de
1123 2361 1372 2417 corpore
1416 2345 1654 2417 Moysis,
1686 2360 1807 2399 non

140 2449 335 2489 ausus
358 2436 453 2486 est
478 2431 685 2487 efferre
706 2433 1004 2502 judicium
1048 2433 1463 2506 blasphemiae,
1524 2433 1628 2487 sed
1662 2434 1809 2488 dixit

144 2522 201 2576 ei
233 2519 494 2591 angelus
521 2537 532 2574 :
558 2523 826 2594 lncrepet
844 2527 894 2576 te
919 2522 1230 2576 Dominus.
1251 2522 1403 2587 Quid
1435 2527 1634 2577 autem
1669 2539 1808 2576 cum

143 2609 402 2665 diabolo
429 2608 744 2664 dissereret
770 2609 990 2666 militiae
1012 2611 1291 2683 princeps
1341 2611 1605 2676 Michael,
1663 2611 1810 2665 scie-

145 2697 663 2754 mus.Conabatur
680 2696 886 2763 hostis,
909 2703 966 2752 et
985 2698 1282 2763 inimicus,
1304 2706 1360 2754 et
1376 2698 1666 2771 profanus
1687 2699 1810 2753 dia-

143 2785 326 2843 bolus
359 2803 500 2843 cum
533 2803 774 2842 summa
800 2786 1193 2859 impudentia,
1228 2794 1284 2843 et
1313 2787 1708 2844 contendebat
1748 2788 1806 2842 in

143 2876 408 2931 decessu
429 2877 666 2946 Moysis,
696 2875 800 2947 qui
833 2879 1017 2932 Deum
1038 2877 1300 2932 maxime
1327 2884 1414 2932 est
1444 2877 1808 2949 contempla-

145 2970 239 3020 tus
263 2965 526 3031 eﬂicere,
558 2969 621 3020 ut
651 2965 779 3036 ejus
819 2981 1036 3038 corpus
1063 2966 1429 3036 redigeretur
1484 2966 1597 3022 sub
1647 2974 1808 3038 pote-

142 3060 361 3110 statem
395 3054 687 3119 interitus,
717 3061 781 3110 ut
810 3055 1011 3110 nullus
1040 3056 1264 3112 videret
1294 3056 1520 3112 bonum
1564 3059 1806 3126 signum
1848 3081 1888 3136 ρ

145 3144 206 3198 in
234 3143 512 3199 futurum
539 3143 618 3199 ad
645 3143 981 3200 humanam
1013 3146 1354 3202 essentiam.
1377 3149 1442 3200 Et
1469 3145 1605 3201 ideo
1655 3146 1810 3200 dice-

144 3233 256 3288 bat
285 3233 703 3288 tenebricosus
727 3234 908 3289 Satan
934 3233 1405 3290 luminosissimo
1457 3235 1554 3289 Dei
1586 3235 1808 3290 militite

145 3321 410 3393 principi
440 3321 724 3380 Michaeli.
751 3325 1016 3394 Moysem
1046 3323 1254 3378 fecisse
1281 3323 1504 3378 caadem
1530 3323 1806 3395 Egyptii,

149 3415 206 3466 et
230 3409 352 3466 alia
378 3410 440 3464 in
472 3427 609 3465 eum
632 3410 1015 3480 contingebat
1036 3411 1369 3468 calumnias
1417 3427 1474 3468 et
1522 3412 1807 3467 crimina-

151 3499 370 3554 tiones.
408 3499 678 3568 Superbo
709 3515 850 3568 ergo
873 3500 1314 3571 etjactabundo
1338 3501 1581 3569 maligni
1604 3501 1808 3556 animo

153 3587 443 3641 resistens
473 3585 716 3641 Michael
744 3587 1141 3656 archangelus
1171 3592 1228 3642 et
1281 3588 1719 3659 contradicens,
1754 3594 1809 3644 et

154 3690 318 3730 nunc
333 3673 472 3742 hoc,
491 3689 651 3729 nunc
673 3674 816 3730 illud
832 3675 1207 3748 respondens
1230 3675 1307 3731 ad
1331 3693 1401 3733 ea
1418 3677 1808 3734 confutanda.

154 3779 292 3835 quae
326 3761 406 3818 ab
426 3761 526 3838 illo
560 3762 914 3818 dicebantur
942 3764 1238 3835 improbe,
1268 3771 1571 3837 postremo
1603 3768 1810 3822 videns

153 3852 286 3923 ejus
317 3851 619 3920 insignem
649 3851 1108 3923 impudentiam,
1161 3869 1297 3907 eum
1347 3855 1693 3925 increpavit,
1725 3854 1810 3910 di-

154 3955 332 3995 cens:
361 3941 628 4010 Increpet
668 3944 723 3995 te
771 3939 1101 4005 Dominus;
1134 3941 1248 3995 hoc
1296 3944 1418 3997 est:
1469 3945 1563 4012 Te,
1593 3960 1628 3998 o
1685 3944 1808 4000 dia—

151 4027 313 4095 bole,
344 4026 558 4098 perdat
587 4029 758 4082 Deus.
823 4028 1150 4100 Statimque
1185 4031 1440 4085 evanuit
1486 4031 1807 4088 sceleratus

151 4115 562 4172 adversarius.
585 4114 736 4170 Talis
762 4120 850 4170 est
875 4115 1038 4170 enim
1062 4117 1325 4188 potentia
1347 4118 1600 4174 diviniet
1621 4122 1807 4175 Deum

151 4204 619 4275 contemplantis
650 4203 972 4270 Michaelis,
1005 4210 1062 4260 et
1090 4207 1218 4261 haec
1244 4212 1348 4277 est,
1406 4225 1541 4280 quae
1573 4208 1679 4264 fuit
1726 4211 1810 4265 di-

154 4292 422 4364 sputatio
452 4297 509 4348 et
539 4293 838 4349 contentio
889 4293 948 4348 in
1002 4293 1258 4349 decessu
1316 4297 1518 4372 magni
1571 4299 1808 4369 Moysis.

152 4379 407 4453 quando
437 4380 568 4452 ejus
595 4397 817 4454 corpus
869 4382 1188 4438 abscondit
1235 4383 1476 4439 Michael
1532 4389 1810 4458 princeps

152 4470 410 4538 militiae,
442 4470 545 4542 qui
567 4476 656 4527 est
681 4470 1088 4542 angelicarum
1119 4476 1479 4542 potestatum
1527 4482 1813 4546 praestan-

155 4557 445 4614 tissimus.

225 4648 342 4702 XV.
395 4645 561 4702 Sedis
592 4663 836 4719 quoque
867 4648 1046 4720 etiam
1077 4653 1216 4720 post
1257 4648 1576 4706 decessum
1624 4653 1811 4709 divini

153 4735 355 4801 Mosis,
389 4751 526 4790 cum
549 4737 718 4791 Iesus
735 4739 892 4792 Nave
923 4736 1206 4792 divinitus
1230 4738 1291 4793 in
1313 4739 1608 4811 populum
1632 4744 1810 4798 Israe-

153 4823 385 4880 liticum
411 4823 767 4880 obtinuisset
809 4825 1146 4898 imperium,
1194 4832 1250 4882 et
1293 4843 1428 4882 eum
1480 4829 1722 4886 duceret
1750 4831 1807 4885 in

154 4918 378 4969 terram
405 4912 846 4985 promissionis,
897 4919 953 4968 et
983 4917 1295 4972 struxisset
1345 4917 1536 4971 aciem
1603 4924 1812 4974 contra

154 5001 534 5057 adversarios
559 5007 616 5056 et
641 5001 716 5057 de
747 5001 1180 5059 committendo
1209 5004 1416 5076 praelio
1469 5006 1804 5079 dissereret,

153 5091 318 5145 visus
348 5089 401 5144 ei
429 5093 721 5163 tanquam
765 5090 1127 5147 fortissimus
1171 5093 1338 5148 miles
1387 5094 1608 5151 militize
1647 5097 1808 5168 prin-

155 5194 294 5250 ceps
325 5177 589 5249 Michael,
625 5184 790 5234 stans
816 5179 1064 5235 omnino
1090 5186 1341 5250 erectus,
1368 5181 1503 5239 laeto
1551 5183 1719 5239 vultu
1755 5189 1810 5242 et

152 5271 313 5322 veste
343 5267 620 5336 insignis,
648 5273 895 5339 eratque
949 5269 1188 5324 strictus
1240 5269 1475 5339 gladius
1501 5271 1561 5326 in
1619 5288 1807 5330 manu

155 5356 304 5426 ejus.
352 5355 656 5411 Accedens
687 5372 829 5411 vero
876 5359 1063 5429 Iesus,
1097 5357 1202 5430 qui
1258 5363 1383 5415 erat
1437 5365 1725 5429 armatus,
1755 5361 1804 5418 ei

1847 4428 1890 4481 D

226 5573 272 5607 ³⁵
295 5573 475 5629 Num.
507 5587 812 5629 xxii-xxxi.
890 5574 939 5609 ³⁷
966 5573 1154 5641 Iudae,
1181 5579 1236 5632 ο.

1922 239 2440 346 mamma!
3465 271 3571 358 az

1918 382 2132 438 acerbe
2160 384 2325 458 dixit,
2375 392 2440 444 ut
2472 392 2563 450 est
2590 388 2908 454 verisimile
2951 407 2964 446 :
3025 392 3306 448 Nosterne
3358 406 3444 454 es,
3490 408 3570 449 an

1916 469 2453 532 adversariorum?
2493 477 2820 532 Praeclarus
2874 479 3035 535 enim
3085 485 3222 534 tuus
3256 486 3311 535 et
3369 465 3572 536 varius

1915 567 2198 630 aspectus
2227 563 2431 619 incitat
2461 582 2575 627 me,
2636 572 2699 620 ut
2747 573 2796 621 te
2845 568 3223 637 interrogem.
3285 570 3384 624 Dic
3430 585 3572 641 ergo

1919 647 2059 702 mihi
2092 650 2278 716 ocius,
2335 655 2684 726 priusquam
2731 661 2786 709 te
2818 656 3023 710 cresim
3067 658 3409 728 aggrediar.
3444 663 3572 714 Non

1917 738 2072 791 enim
2106 741 2396 812 convenit,
2434 743 2640 797 utacie
2690 742 2893 798 relicta
2921 745 2977 799 in
3037 744 3402 811 discrimine,
3443 731 3572 816 ego

1917 830 1968 879 te
2003 841 2249 898 pergam
2302 830 2544 903 alloqui.
2602 833 2868 906 Arbitror
2907 833 3068 888 enim
3101 839 3152 888 te
3215 835 3413 890 venire
3454 852 3568 891 nos

1917 915 2430 986 speculatum.Sin
2483 928 2685 976 autem
2715 921 2919 977 venisti
2955 923 3280 994 transfuga,
3337 923 3572 995 abjecto

1915 1003 2029 1058 hoc
2052 1011 2154 1059 tuo
2181 1007 2434 1064 micante
2464 1010 2683 1079 gladio,
2719 1011 2798 1066 sis
2828 1012 2943 1066 cito
2974 1011 3312 1079 nobiscum,
3344 1019 3401 1068 et
3427 1013 3574 1070 libe-

1916 1107 2047 1148 rare
2074 1094 2152 1148 ab
2185 1096 2384 1166 exitio,
2410 1099 2574 1170 quod
2602 1099 2802 1170 impiae
2846 1099 2980 1154 urbi
3023 1101 3254 1156 Iericho
3279 1101 3568 1174 imminet,

1919 1181 2015 1237 Sin
2048 1189 2247 1240 autem
2295 1203 2357 1241 es
2393 1194 2609 1254 noster,
2659 1205 2763 1243 cur
2790 1189 2953 1243 solus
2988 1196 3107 1244 stas
3134 1197 3320 1246 extra
3357 1194 3571 1261 aciem,

1917 1286 2053 1343 quae
2079 1280 2346 1329 versatur
2368 1277 2425 1330 in
2454 1278 2776 1332 certamine
2798 1278 2825 1332 ‘?
2859 1279 2958 1333 Dic
2995 1279 3140 1334 mihi
3172 1287 3371 1335 autem
3422 1267 3575 1337 ocis-

1920 1361 2089 1426 sime,
2131 1378 2242 1432 ego
2277 1364 2436 1420 enim
2464 1383 2530 1421 ex
2561 1366 2766 1435 lingua
2799 1368 3083 1424 Hebraica
3133 1375 3184 1423 te
3215 1385 3570 1447 agnoscam,

1921 1452 2052 1504 Haec
2096 1467 2235 1505 cum
2283 1453 2673 1524 interrogaret
2715 1458 2886 1510 Iesus
2930 1459 3103 1526 Nave,
3156 1459 3465 1529 respondit
3520 1443 3573 1514 ei

1918 1539 2158 1594 Michael
2185 1557 2443 1610 magnus
2474 1543 2687 1599 ductor
2718 1544 2815 1599 Dei
2849 1545 3168 1600 ordinum:
3215 1548 3337 1616 Ego
3364 1549 3572 1620 praeci-

1916 1643 2075 1699 puus
2106 1629 2226 1684 dux
2252 1631 2563 1702 copiarum
2599 1634 2828 1688 Domini
2853 1649 3011 1688 nunc
3032 1635 3277 1692 accessi.
3301 1638 3574 1692 Protinus

1917 1723 2139 1784 autem,
2176 1719 2423 1790 abjectis
2456 1723 2639 1776 armis
2668 1721 2811 1789 suis,
2843 1722 3017 1776 Jesus
3044 1726 3199 1779 Nave
3239 1725 3401 1779 humi
3428 1727 3568 1781 ceci-

1917 1807 2002 1861 dit
2033 1808 2094 1861 in
2122 1814 2364 1876 terram,
2396 1810 2473 1882 et}
2490 1827 2628 1866 eum
2650 1811 2944 1876 adoravit,
3004 1811 3247 1867 dicens:
3302 1815 3572 1880 Domine,

1914 1893 2179 1958 domine,
2209 1897 2355 1968 quid
2381 1898 2642 1969 imperas
2666 1906 2766 1953 tuo
2796 1899 3070 1955 famulo?
3103 1904 3250 1956 Nam
3281 1918 3393 1972 ego
3423 1919 3572 1974 quo-

1914 1998 2031 2054 que
2059 2001 2192 2037 sum
2229 1993 2364 2039 tuus
2389 1986 2671 2054 famulus,
2701 1987 2853 2042 sicut
2881 1988 3061 2042 etiam
3087 1988 3371 2045 dominus
3397 2006 3573 2046 meus

1917 2071 2170 2141 Moyses.
2205 2075 2286 2127 Tu
2345 2089 2580 2128 mecum
2634 2090 2878 2146 quoque
2929 2076 3045 2129 duc
3090 2077 3442 2143 exercitum,
3477 2094 3572 2134 me

1918 2165 2227 2230 perpetuo,
2280 2161 2432 2217 sicut
2504 2161 2696 2231 illum,
2754 2163 3176 2219 corroborans.
3239 2167 3384 2220 Ecce
3409 2167 3572 2222 enim

1917 2246 2210 2303 adversus
2237 2250 2442 2306 hostes
2467 2250 2694 2307 fortiter
2722 2251 2910 2306 direxi
2941 2253 3155 2323 aciem,
3187 2253 3372 2309 fretus
3421 2254 3570 2309 invi-

1917 2335 2023 2390 ctis
2053 2338 2170 2392 tuis
2192 2339 2438 2404 viribus,
2471 2355 2578 2411 per
2606 2355 2760 2413 quas
2788 2356 2982 2395 saevus
3021 2346 3077 2396 et
3101 2341 3386 2397 immanis
3425 2343 3571 2399 Pha-

1914 2441 2022 2480 rao
2071 2441 2206 2482 cum
2256 2431 2378 2482 toto
2409 2427 2692 2497 exercitu,
2725 2428 3017 2498 colligatis
3068 2429 3248 2484 simul
3282 2447 3570 2486 curruum

1917 2515 2155 2584 axibus,
2189 2523 2252 2570 ut
2283 2517 2434 2571 mari
2474 2516 2744 2573 funditus
2791 2517 3143 2574 obrueretur
3172 2518 3454 2576 effecisti:
3515 2527 3572 2576 et

1917 2604 2021 2676 qui
2052 2603 2368 2661 dominum
2392 2622 2595 2660 meum
2621 2608 2858 2678 Moysen
2882 2607 2940 2661 in
2967 2608 3062 2662 via
3088 2608 3439 2665 obsistendo
3455 2609 3570 2666 im-

1919 2693 2250 2764 pedierunt,
2286 2695 2503 2766 impios
2534 2695 2820 2750 Moabitas
2841 2695 2920 2750 ad
2953 2696 3418 2753 internecionem
3473 2698 3572 2754 de-

1917 2781 2123 2836 levisti.
2145 2783 2296 2846 Quid
2313 2782 2576 2854 imperas
2594 2783 2821 2838 famulo
2841 2789 2969 2849 tuo,
2999 2784 3238 2840 domine
3262 2789 3290 2840 ?
3312 2787 3568 2842 Sanctis-

1920 2869 2109 2924 simus
2140 2877 2341 2926 autem
2375 2873 2654 2944 princeps
2681 2873 2778 2926 Dei
2811 2873 3030 2927 militiae
3080 2873 3221 2929 dicit
3267 2875 3356 2931 ei:
3397 2876 3569 2932 Solve

1918 2959 2153 3014 calceos
2202 2976 2268 3015 ex-
2299 2960 2555 3032 pedibus
2585 2961 2718 3017 tuis.
2754 2963 2942 3016 Locus
2995 2962 3154 3017 enim
3180 2963 3239 3017 in
3267 2979 3389 3035 quo
3425 2971 3569 3032 stas,

1919 3053 2284 3104 estsanctus.
2315 3049 2486 3114 Quod
2519 3066 2656 3103 cum
2688 3050 2885 3104 statim
2918 3050 3143 3104 factum
3173 3057 3352 3121 esset,
3393 3053 3572 3123 jussit

1917 3142 1984 3192 ut
2010 3136 2295 3192 audacter
2313 3137 2622 3193 invaderet
2642 3139 2850 3193 urbem
2885 3137 3070 3204 illam,
3103 3143 3331 3210 septem
3383 3157 3569 3197 muris

1919 3227 2331 3282 circundatam
2355 3225 2953 3298 etinexpugnabilem
2976 3244 2989 3280 :
3008 3231 3065 3282 et
3084 3227 3262 3282 simul
3284 3234 3461 3301 atque
3483 3231 3569 3286 in-

1919 3316 2174 3370 vasisset
2185 3333 2254 3370 cu
2266 3333 2322 3370 m
2337 3320 2562 3388 septem
2577 3315 2994 3370 sacerdotibus
3019 3315 3161 3371 tuba
3184 3318 3564 3379 canentibus.

1919 3419 2054 3461 eam
2081 3403 2157 3459 ad
2190 3404 2384 3460 solum
2413 3420 2602 3476 usque
2632 3403 2812 3459 diruit
2842 3403 3297 3470 admirabiliter,
3346 3415 3404 3462 et
3431 3424 3569 3465 eam

1921 3499 2106 3549 totam
2133 3509 2271 3548 cum
2311 3492 2595 3548 omnibus
2625 3492 2857 3548 aedibus
2895 3498 2951 3548 et
2987 3493 3205 3549 divitiis
3230 3497 3474 3564 exussit,
3507 3502 3573 3554 ut

1919 3582 2023 3654 qui
2072 3598 2208 3637 eam
2269 3583 2543 3647 Domino,
2596 3587 2887 3653 tanquam
2928 3588 3349 3640 consecratum
3378 3585 3569 3643 dona-

1917 3673 2074 3727 rium
2104 3678 2161 3727 et
2208 3671 2428 3744 praedae
2485 3671 2801 3743 primitias,
2857 3669 3153 3726 obtulerit.
3187 3669 3437 3729 Deinde
3485 3675 3571 3730 sic

1921 3766 2130 3834 postea
2158 3761 2366 3830 viginti
2392 3765 2448 3816 et
2471 3775 2688 3815 novem
2715 3773 2906 3829 reges,
2929 3764 3145 3831 praeter
3169 3761 3400 3817 Iericho
3430 3779 3570 3818 cum

1921 3867 2127 3906 eorum
2178 3849 2530 3906 exercitibus
2590 3854 2647 3904 et
2698 3848 2946 3903 urbibus
2973 3851 3140 3903 Iesus
3195 3853 3353 3904 Nave
3407 3850 3568 3906 ﬁlius

1921 3940 2317 4011 consumpsit,
2361 3955 2485 3993 non
2539 3937 2776 3994 habens
2830 3935 3151 4001 civitatem,
3211 3953 3335 3992 non
3382 3938 3570 3995 ullam

1920 4027 2059 4082 belli
2089 4027 2315 4093 sedem,
2349 4042 2470 4081 non
2495 4024 2730 4086 milites,
2753 4022 2858 4096 qui
2891 4021 3071 4078 ullam
3104 4023 3398 4081 haberent
3424 4025 3565 4083 belli

1919 4117 2213 4189 peritiam,
2244 4114 2348 4169 sed
2371 4113 2573 4169 divino
2592 4118 2759 4177 nutu,
2788 4117 2844 4168 et
2874 4111 3098 4167 auxilio
3126 4112 3377 4168 maximi
3398 4113 3569 4171 ducis

1920 4206 2192 4264 omnium
2219 4204 2546 4261 caelestium
2576 4207 2958 4276 potestatum.

1992 4296 2121 4352 XVI.
2160 4298 2292 4350 Erat
2319 4293 2478 4349 enim
2503 4293 2600 4348 hic
2630 4292 2850 4348 militiae
2902 4292 3205 4364 princeps,
3235 4293 3338 4365 qui
3387 4294 3566 4352 etiam

1920 4386 1980 4441 in
2008 4384 2236 4442 Goliath
2258 4399 2415 4456 pone
2436 4389 2526 4438 est
2539 4381 2861 4453 jaculatus.
2886 4386 2944 4437 et
2973 4396 3112 4437 eum
3141 4397 3406 4454 pronum
3435 4399 3571 4455 pro-

1921 4473 2146 4545 stravit,
2163 4471 2411 4546 quando
2433 4471 2639 4526 divina
2656 4470 2846 4527 funda
2869 4469 2978 4526 fuit
2997 4484 3320 4543 percussus
3343 4471 3441 4527 Dei
3463 4489 3572 4545 pa-

1919 4565 2101 4620 rentis
2133 4561 2341 4618 David.
2372 4561 2492 4617 Nisi
2521 4561 2681 4616 enim
2712 4559 2962 4630 angelus
2988 4560 3222 4615 Domini
3243 4576 3382 4616 eum
3412 4576 3572 4633 pone

1919 4652 2331 4726 percussisset,
2363 4649 2613 4722 supinus
2644 4649 2952 4705 cecidisset
2977 4648 3035 4703 iu
3075 4648 3269 4705 fronte
3324 4656 3570 4724 accepto

1919 4743 2166 4798 vulnere
2190 4743 2261 4796 ²⁹.

1991 4831 2148 4887 XVII.
2178 4828 2469 4885 Eumdem
2504 4832 2707 4883 autem
2735 4827 3071 4884 maximum
3103 4827 3322 4883 militiae
3353 4827 3570 4898 princi-

1919 4936 2057 4993 pem
2081 4919 2245 4974 videt
2291 4919 2467 4973 etiam
2505 4917 2603 4972 Dei
2634 4932 2910 4971 summus
2938 4915 3375 4986 contemplator
3425 4931 3566 4987 pro-

1918 5009 2100 5081 pheta
2121 5006 2345 5076 Daniel,
2381 5020 2642 5074 arguens
2665 5003 2998 5073 sceleratos,
3029 5003 3132 5075 qui
3159 5001 3452 5058 adversus
3473 5021 3568 5062 ca-

1917 5101 2073 5151 stam
2106 5097 2444 5151 Susannam
2465 5091 2850 5155 insanierant,
2871 5095 2926 5144 et
2956 5088 3095 5144 dicit
3126 5088 3292 5145 alteri
3323 5105 3562 5149 eorum:

1919 5206 1948 5234 «
1971 5186 2290 5255 Exspectat
2318 5179 2568 5250 angelus
2599 5178 2702 5233 Dei
2715 5178 2844 5248 jam
2869 5179 3079 5232 tenens
3104 5175 3392 5250 gladium,
3427 5184 3493 5236 ut
3511 5185 3567 5238 te

1917 5277 2073 5328 secet
2111 5271 2379 5327 medium
2400 5270 2466 5322 3°.
2497 5290 2523 5319 »
2551 5267 2702 5333 Quin
2733 5266 2913 5321 etiam
2956 5269 3282 5337 postquam
3311 5267 3474 5324 venit
3502 5269 3565 5326 in

1915 5369 2180 5418 mentem
2213 5360 2313 5416 Dei
2339 5358 2569 5433 parenti
2591 5362 2646 5412 et
2671 5355 2796 5426 regi
2822 5353 3030 5424 David,
3063 5353 3200 5450 facti
3226 5356 3305 5413 ab
3326 5373 3398 5415 eo
3423 5374 3564 5431 pec-

1334 5575 1384 5610 ³⁸
1411 5577 1590 5634 Iosue
1619 5593 1782 5637 v-xn.

1929 5581 1974 5637 Ι.
2006 5581 2146 5652 Reg.
2177 5593 2318 5645 xvn,
2354 5581 2375 5636 ί
2407 5589 2579 5650 seqq.
2653 5572 2702 5612 ³ο
2733 5571 2905 5648 Dan.,
2937 5587 3052 5642 xm,
3077 5574 3162 5633 59.
