4020 6310
486 298 603 367 ’883

1731 284 2213 361 PAN'TALEONIS
2249 300 2537 364 DIACONI
2574 291 2678 364 cr.

3816 295 3939 366 585

408 437 413 441 ’
501 430 638 499 cati,
661 432 720 487 et
734 428 1039 501 egregiam
1053 427 1218 485 illam
1234 427 1765 500 compunctionem
1787 432 1846 485 ct
1866 428 2154 501 poeniten-
2183 434 2232 487 A
2260 428 2458 488 lorum
2488 431 3009 489 infestissimorum
3026 431 3252 490 factam
3302 432 3557 506 cladem,
3592 437 3649 490 et
3676 436 3932 506 turpem

499 520 645 577 tiam
671 519 787 577 cito
804 518 1079 586 ostendit,
1103 534 1243 574 cum
1273 533 1398 590 qua
1422 517 1574 574 ﬂens
1599 534 1673 574 ex
1699 518 1999 590 profundo
2021 534 2151 574 cor-

500 610 593 668 dis
621 608 937 666 clamavit:
964 630 992 659 «
1015 607 1257 664 Peccavi
1278 608 1531 664 Domino
1557 626 1569 677 ;
1595 629 1623 658 »
1647 613 1975 687 postquam
2004 604 2152 664 vidit

497 699 791 772 propheta
817 696 1048 753 Nathan
1070 689 1376 766 angélum,
1398 697 1501 769 qui
1521 701 1645 753 erat
1664 701 1934 769 paratus,
1958 713 2149 753 reces-

496 787 668 855 sisse,
696 786 843 842 dixit
866 785 1072 842 divino
1098 785 1310 842 Davidi
1337 807 1350 842 :
1386 808 1407 835 α
1435 786 1726 842 Dominus
1748 801 1992 859 quoque
2013 786 2147 842 abs-

495 876 625 933 tulit
652 880 967 948 peccatum
988 877 1158 930 tuum
1184 893 1198 944 ;
1228 890 1352 930 non
1390 875 1662 933 morieris
1692 876 1762 944 δι,
1796 898 1824 926 ››
1854 890 2146 946 magnam

493 964 923 1022 etineﬁ‘abilem
949 963 1194 1034 benigni
1217 963 1316 1021 Dei
1335 963 1666 1023 bonitatem
1687 964 1741 1021 ei
1755 965 2143 1036 annuntians,

492 1058 550 1111 et
579 1070 719 1115 eum
746 1052 1082 1111 consolans.

564 1146 746 1199 XVIII.
786 1145 916 1200 lam
947 1157 1088 1200 vero
1128 1159 1264 1200 cum
1295 1142 1705 1200 exsecrandus
1738 1142 2144 1201 Sennacherib

488 1246 594 1290 rex
617 1233 1021 1306 Assyriorum,
1041 1232 1333 1304 plurimas
1350 1237 1558 1304 gentes
1589 1233 1919 1303 redegisset
1939 1232 2001 1288 in
2023 1249 2143 1289 ser-

487 1322 758 1391 vitutem,
775 1320 1292 1379 etmultasludasas
1308 1322 1568 1378 munitas
1587 1322 2142 1394 ccpissetcivitateSs

485 1410 1122 1469 venitetcircumdedit
1139 1410 1468 1467 Jerusalem
1482 1427 1618 1468 cum
1636 1411 1918 1468 maximis
1934 1411 2146 1494 ecpiis,

488 1506 543 1557 et
570 1500 774 1557 statuit
834 1500 1189 1571 Rasphacen
1239 1500 1639 1555 suavissimum
1701 1516 1879 1556 suum
1928 1499 2146 1557 ducem

487 1589 566 1646 ad
593 1589 894 1662 piscinam
913 1587 1027 1644 viae
1056 1587 1406 1661 superioris,
1448 1594 1506 1645 et
1536 1588 1820 1645 clamavit
1861 1589 2145 1645 llebraice

488 1679 568 1735 ad
598 1678 909 1735 Ezechiam
935 1677 1268 1746 etJudasos,
1298 1678 1401 1751 qui
1424 1683 1592 1735 erant
1612 1677 1673 1734 in
1696 1679 1953 1747 civitate,
1976 1678 2142 1735 blas-

2258 518 2500 577 illorum
2516 521 2751 593 fugam,
2775 537 2848 577 ne
2862 520 2944 577 sic
2960 521 3209 594 quidem
3235 527 3557 595 potuerunt
3583 521 3882 592 intelligar
3895 535 3930 577 e

2260 612 2316 665 et
2340 624 2693 680 agnoscere,
2723 609 2831 667 sed
2868 610 3152 668 dicebant
3173 614 3410 669 :Manus
3439 619 3646 670 nostra
3676 609 3930 669 excelsa

2257 698 2393 754 fecit
2416 699 2546 755 haec
2571 700 2777 756 omnia
2804 700 3101 773 prodigia.
3137 702 3459 774 Propterea
3509 701 3759 758 tradidit
3812 714 3929 755 eos

2255 787 2411 843 Deus
2421 789 2670 845 omnino
2683 789 2743 846 in
2759 805 2974 846 manus
2988 789 3545 847 Nabuchodonosor
3558 790 3721 861 regis
3743 788 3927 847 Chal-

2254 876 2546 947 dreorum,
2579 880 2676 952 qui
2697 880 2877 937 etiam
2898 880 3079 937 diruit
3094 896 3307 938 omnes
3328 896 3535 938 muros
3550 880 3925 948 Jerusalem,

2254 970 2310 1022 et
2330 966 2593 1024 incendit
2616 968 2915 1026 civitatem
2942 974 3147 1040 totam,
3183 973 3243 1026 et
3269 970 3521 1027 domum
3572 969 3836 1039 Domini,
3864 973 3930 1026 et

2252 1055 2410 1113 bello
2440 1062 2618 1130 capta
2647 1058 2877 1133 accepit
2912 1075 3061 1126 vasa
3109 1076 3301 1129 sacra,
3357 1064 3416 1117 et
3462 1058 3927 1116 multitudinem

2252 1144 2594 1204 divitiarum
2626 1163 2856 1219 eorum,
2888 1152 2946 1205 et
2971 1148 3140 1206 duxit
3167 1148 3374 1206 omnia
3421 1149 3816 1222 Babylonem.
3853 1150 3930 1204 Et

2254 1234 2497 1291 fuerunt
2522 1236 2710 1293 Judaei
2732 1239 3053 1294 servientes
3074 1238 3134 1293 in
3165 1238 3500 1311 captivitate
3516 1253 3658 1295 cum
3681 1251 3926 1308 magno

2256 1331 2419 1381 metu
2446 1327 2755 1395 Chaldaeis,
2780 1327 3042 1385 colentes
3071 1344 3283 1385 omnes
3307 1344 3514 1385 eorum
3560 1328 3923 1398 simulacra,

2257 1420 2466 1488 praeter
2490 1422 2731 1473 sanctos
2754 1423 2874 1474 tres
2915 1433 3134 1491 pueros
3178 1423 3235 1475 et
3293 1417 3649 1491 prophetam
3705 1416 3927 1474 Danie-

2252 1504 2395 1562 lem.

2326 1597 2430 1652 XX.
2466 1595 2533 1651 Hi
2556 1595 2714 1653 enim
2741 1595 2849 1653 soli
2879 1597 2988 1652 viri
3014 1596 3115 1669 pii,
3148 1596 3380 1654 etiamsi
3416 1587 3614 1669 'plane
3647 1595 3923 1653 infantes

2250 1684 2719 1743 abductiessent
2745 1687 2805 1742 in
2829 1687 3252 1759 captivitatem,
3281 1686 3382 1743 Dei
3440 1686 3724 1743 timorem
3756 1701 3922 1742 sem-

487 1770 712 1843 phema
734 1769 920 1824 verba
949 1767 1153 1824 dicens
1182 1773 1239 1826 et
1267 1768 1572 1825 satanica:
1609 1789 1637 1818 ‹‹
1667 1768 1801 1825 Haec
1824 1774 2024 1825 autem
2053 1769 2139 1825 di-
2170 1786 2211 1840 Β
2249 1789 2357 1848 per
2374 1775 2681 1843 habentes,
2712 1791 2834 1831 non
2874 1792 3013 1831 cum
3063 1775 3154 1831 sui
3212 1775 3444 1846 generis
3492 1773 3917 1849 pontiﬁcibus,

486 1859 563 1916 cit
588 1858 762 1914 vobis
796 1874 898 1914 rex
926 1872 1187 1927 magnus
1236 1857 1660 1930 Assyriorum:
1724 1860 1867 1925 Quae
1895 1863 1984 1915 est
2008 1859 2139 1916 haec

484 1949 727 2019 ﬁducia,
757 1963 880 2020 qua
910 1945 1229 2014 conﬁditis,
1260 1946 1424 2018 quod
1456 1946 1690 2003 dicitis:
1723 1951 1784 2003 ln
1816 1948 2136 2004 Dominum

485 2040 671 2093 Deum
697 2035 1900 2106 confidimus?Egrediminiaddominum
1929 2052 2134 2092 meum
2174 2104 2182 2109 _

481 2130 786 2197 potentem
842 2140 1047 2196 regem
1100 2124 1526 2195 Sennacherib,
1558 2129 1616 2182 et
1662 2125 1894 2191 vivetis,
1930 2131 2130 2182 etnon

482 2214 852 2273 moriemini:
895 2220 951 2270 et
979 2214 1255 2270 comedet
1282 2213 1372 2268 vir
1424 2213 1608 2269 ﬁcum
1637 2231 1833 2283 suam,
1865 2219 1921 2270 et
1969 2214 2136 2272 bibet

480 2306 656 2361 vitem
680 2320 885 2359 suam:
912 2301 1275 2373 etaccipiam
1298 2317 1370 2357 ex
1388 2302 1558 2358 vobis
1577 2302 1636 2358 in
1664 2307 1882 2359 terram
1910 2319 2127 2373 meam,

482 2398 539 2450 et
565 2392 913 2462 gloriticabo
934 2390 1105 2446 valde
1129 2395 1187 2445 et
1214 2390 1621 2459 magniticabo
1647 2407 1659 2446 :
1697 2396 1755 2447 et
1778 2408 1852 2448 ne
1875 2392 2132 2448 audiatis

481 2481 811 2541 Ezechiam,
843 2478 1131 2552 quoniam
1161 2494 1267 2533 vos
1298 2478 1536 2550 decipit,
1563 2478 1806 2536 dicens:
1844 2481 2130 2537 Dominus

480 2587 594 2627 nos
606 2568 902 2626 liberabit.
921 2566 1748 2625 Numliberantesliberarunt
1763 2569 1843 2626 dii
1863 2570 2130 2640 gentium

483 2659 901 2732 unusquisque
925 2673 1098 2713 suam
1112 2656 1419 2727 regionem
1438 2673 1671 2713 amanu
1693 2659 1851 2729 regis
1864 2661 2128 2733 Assyrio-

478 2766 612 2806 rum
633 2752 661 2805 ἱ)
686 2770 706 2798 ›
728 2751 1010 2804 llazccum
1029 2745 1629 2818 audiissethechias,
1646 2747 1837 2803 induit
1859 2765 2123 2823 saccum,

479 2844 535 2896 et
552 2839 856 2909 ingressus
876 2841 964 2893 est
979 2836 1040 2891 in
1061 2836 1312 2892 domum
1329 2830 1521 2907 suam,
1548 2842 1604 2893 et
1625 2837 1787 2893 ﬂevit
1810 2838 2127 2896 vehemen-

476 2934 585 2995 ter,
613 2928 820 2984 dicens
850 2943 862 2981 :
893 2949 920 2976 ››
948 2926 1196 2982 Domine
1223 2928 1377 2982 Deus
1397 2926 1596 2994 Israel,
1619 2943 1723 2999 qui
1744 2927 1917 2984 sedes
1947 2946 2127 3002 super

475 3018 806 3088 cherubim,
839 3022 894 3073 et
922 3017 985 3072 in
1014 3016 1224 3072 orbem
1255 3015 1647 3072 circumdaris
1694 3022 1750 3073 et
1779 3018 2128 3087 gloriticaris

2249 1863 2469 1920 Scribis
2502 1870 2559 1921 et
2600 1864 2918 1920 Pharisaeis
2947 1880 3019 1921 eo
3066 1864 3306 1921 deducti
3339 1870 3495 1931 sunt,
3553 1868 3617 1920 ut
3641 1863 3923 1921 colerent

2247 1951 2416 2019 deos,
2471 1953 2576 2025 qui
2628 1968 2752 2009 non
2803 1957 2945 2008 sunt
2986 1969 3181 2025 neque
3208 1953 3442 2025 regium
3470 1952 3619 2009 illud
3659 1951 3918 2024 jussum

2246 2042 2609 2098 timuerunt:
2642 2041 2750 2099 sed
2786 2041 2847 2097 in
2872 2044 3059 2098 Deum
3087 2042 3309 2109 vivum,
3341 2042 3445 2115 qui
3492 2041 3597 2098 dat
3622 2042 3915 2112 salutem,

2245 2130 2634 2198 conﬁdentes,
2669 2148 2808 2188 cum
2830 2131 2992 2187 ducti
3021 2137 3222 2189 essent
3240 2132 3317 2189 ad
3340 2138 3685 2204 tyrannum,
3717 2131 3919 2188 auda-

2244 2223 2366 2276 cter
2420 2220 2735 2277 dixerunt:
2792 2224 3009 2278 Notum
3066 2220 3172 2277 tibi
3242 2222 3333 2288 sit,
3366 2237 3492 2291 rex,
3541 2220 3711 2293 quod
3757 2219 3918 2275 deos

2242 2313 2377 2365 tuos
2401 2325 2524 2365 non
2553 2310 2825 2381 colimus,
2856 2310 3257 2380 etimaginem
3278 2326 3544 2377 auream,
3573 2325 3765 2382 quam
3797 2324 3916 2380 po-

2243 2398 2431 2471 suisti,
2457 2415 2579 2455 non
2611 2399 2963 2456 adoramus.
2989 2423 3009 2449 ι
3036 2402 3198 2456 Tunc
3217 2399 3776 2456 Nabuchodonoser
3797 2414 3912 2454 rex

2240 2487 2301 2543 in
2330 2489 2420 2544 ira
2449 2488 2721 2544 etfurore
2745 2488 3279 2560 injecitAnaniam,
3303 2488 3572 2545 Azariam
3595 2492 3651 2543 et
3697 2486 3915 2543 Misael

2240 2578 2299 2633 in
2326 2578 2631 2634 fornacem
2662 2577 2818 2649 ignis
2849 2577 3181 2635 ardentem.
3210 2577 3309 2634 Dei
3358 2583 3560 2632 autem
3616 2575 3907 2646 angelus,

2242 2667 2487 2724 Michael
2518 2666 2761 2733 scilicet,
2798 2666 3136 2722 simulcum
3168 2667 3252 2722 eis
3275 2664 3583 2722 descendit
3612 2665 3675 2720 in
3696 2665 3912 2720 forna-

2239 2772 2369 2813 cem
2396 2774 2409 2823 ;
2443 2761 2497 2813 et
2519 2773 2628 2812 nec
2653 2756 2902 2813 omnino
2930 2756 3179 2829 quidem
3224 2772 3326 2811 eos
3371 2754 3554 2824 tetigit
3582 2753 3763 2825 ignis,
3791 2753 3908 2809 sed

2237 2846 2497 2902 excussit
2516 2844 2768 2915 angelus
2786 2845 3097 2901 ﬂammam
3117 2844 3397 2913 fornacis,
3416 2848 3473 2899 et
3494 2843 3723 2900 transiit
3742 2843 3905 2913 ignis

2237 2934 2641 3006 circumcirca,
2675 2939 2730 2991 et
2758 2934 3094 2991 combussit
3119 2935 3275 2990 viros
3303 2950 3538 2998 omnes,
3593 2933 3699 3005 qui
3729 2932 3904 3005 ipsos

2234 3024 2582 3095 injecerant,
2624 3025 2739 3079 hoc
2764 3029 2869 3094 est,
2901 3023 3291 3080 administros
3342 3022 3518 3092 regis.
3574 3024 3739 3078 Tunc
3780 3026 3903 3077 tres

473 3105 1238 3195 nontaciteaseraphimﬁt
1255 3104 1332 3161 ab
1353 3105 1627 3195 Omnibus
1643 3107 1864 3163 sanctis
1876 3108 2123 3178 angelis.
2156 3140 2195 3195 ρ
2236 3119 2527 3187 tanquam
2550 3128 2671 3169 uno
2694 3128 2796 3169 ore
2816 3112 3107 3182 laetantes,
3146 3112 3480 3168 laudabant
3500 3115 3557 3167 et
3579 3109 3900 3167 benedice.

472 3200 555 3254 Tu
584 3200 735 3253 Deus
757 3195 918 3251 solus
944 3195 1004 3250 in
1034 3193 1318 3251 omnibus
1347 3194 1546 3266 regnis
1586 3199 1773 3251 terrae.
1809 3195 1894 3251 Tu
1938 3196 2127 3254 fecisti

472 3286 690 3342 coelum
713 3289 768 3340 et
786 3290 1023 3354 terram,
1049 3289 1105 3339 et
1127 3282 1330 3339 omnia
1351 3300 1485 3354 quae
1505 3288 1642 3340 sunt
1668 3284 1727 3339 in
1749 3284 1854 3342 eis.
1877 3284 2123 3356 inclina,

472 3375 740 3437 Domine,
768 3376 1182 3441 auremtuam,
1206 3376 1261 3426 et
1282 3372 1459 3430 audi:
1489 3372 1676 3443 aperi,
1704 3375 2123 3440 Domine,ocu-

471 3464 562 3518 los
595 3468 746 3529 tuos,
788 3465 845 3515 et
866 3459 1021 3524 vide,
1046 3464 1102 3514 et
1122 3459 1361 3515 attende
1384 3475 1697 3516 sermones
1720 3462 2126 3521 Sennacherib

468 3568 623 3624 quos
652 3548 1246 3621 emisit,cxprobrans
1274 3551 1458 3604 Deum
1485 3549 1799 3619 viventem,
1825 3553 2123 3617 Quoniam

468 3642 531 3697 in
553 3640 812 3708 veritate,
836 3637 1107 3705 Domine,
1123 3636 1389 3692 desertas
1404 3637 1794 3695 reddiderunt
1808 3647 2015 3710 gentes
2034 3659 2122 3698 re-

469 3746 574 3801 ges
587 3728 996 3801 Assyriorum.
1011 3728 1268 3794 Etnunc,
1291 3718 1535 3781 Demine
1550 3729 1702 3783 Deus
1714 3734 1934 3802 noster,
1952 3748 2124 3789 serva

468 3837 578 3893 nos
601 3835 638 3877 θ.
661 3834 845 3875 manu
878 3816 1027 3889 ejus,
1053 3820 1106 3873 et
1124 3819 1490 3886 cognoscent
1510 3816 1716 3874 omnia
1740 3834 1927 3889 regna
1954 3826 2123 3878 terrae

466 3909 633 3986 quod
663 3914 725 3967 tu
755 3926 817 3965 es
851 3908 1138 3965 Dominus
1172 3910 1326 3963 Deus
1386 3906 1572 3962 solus.
1609 3910 1675 3964 Et
1732 3924 2006 3979 egressus
2038 3918 2123 3970 est

465 3999 714 4072 angelus
745 3997 980 4054 Domini
1018 4000 1191 4053 nocte
1229 3995 1349 4067 illa,
1385 4002 1442 4052 et
1470 3996 1765 4054 interfecit
1794 4014 1862 4054 ex
1913 4001 2124 4057 castris

464 4090 844 4162 Assyriorum
875 4089 1116 4142 centum
1156 4084 1463 4156 octoginta
1512 4085 1783 4159 quinque
1820 4087 2025 4145 millia.
2057 4094 2126 4150 Et

465 4195 604 4236 cum
630 4193 808 4232 mane
839 4174 1257 4244 surrexissent,
1288 4173 1648 4230 invenerunt
1678 4191 1933 4248 corpora
1962 4195 2122 4236 mor-

464 4274 584 4324 tua.
614 4265 682 4320 Et
705 4265 849 4319 dum
876 4268 1233 4318 averteretur
1259 4267 1316 4317 et
1336 4262 1566 4332 fugeret
1606 4264 1707 4319 Dei
1736 4264 1924 4321 hostis
1944 4272 2123 4340 Assy-

459 4356 584 4412 rius
625 4350 1050 4417 Sennacherib,
1080 4366 1218 4406 eum
1245 4350 1677 4407 interemerunt
1717 4353 1839 4408 duo
1865 4353 1966 4410 ﬁlii
1991 4356 2122 4426 ejus

462 4440 794 4514 graviterin
817 4438 1042 4510 gladio,
1071 4454 1243 4494 «cum
1267 4441 1697 4510 permansisset
1714 4441 1880 4498 nulla
1905 4444 2121 4502 ductus

458 4527 812 4605 paenitentia
839 4527 908 4579 ³³.
942 4525 1125 4596 Cujus
1178 4531 1382 4582 autem
1421 4527 1533 4582 fuit
1562 4527 1677 4583 hoc
1726 4532 2115 4616 stupendum,

459 4619 936 4694 praeclarumque
963 4619 1018 4670 et
1043 4614 1397 4671 admirabile
1425 4615 1659 4672 facinus
1697 4622 1753 4673 et
1795 4622 2059 4690 potentia
2089 4614 2117 4679 εἰ

458 4722 663 4766 nonne
682 4703 952 4761 omnium
974 4702 1133 4771 regis
1158 4703 1391 4758 Domini
1413 4702 1688 4759 Sabaoth
1712 4704 1999 4779 principis
2020 4726 2115 4766 co-

458 4799 699 4872 piarum
721 4792 985 4861 Michael,
1017 4790 1122 4864 qui
1142 4806 1266 4846 non
1296 4791 1457 4847 visus
1482 4792 1653 4848 duxit
1681 4795 2027 4869 exercitum,
2057 4804 2115 4856 et

459 4885 841 4945 adversarios
872 4881 1160 4955 temporis
1188 4886 1499 4938 momento
1526 4882 1653 4939 sine
1683 4882 1880 4954 gladio
1910 4893 2112 4960 aperte

458 4976 735 5042 concidit,
768 4974 830 5029 in
886 4971 1178 5029 auxilium
1209 4974 1263 5026 et
1321 4970 1656 5028 custodiam
1712 4979 2111 5052 suorum,qui

457 5083 628 5140 spem
663 5079 839 5120 suam
865 5061 1239 5118 collocarunt
1261 5059 1323 5115 in
1354 5062 1541 5116 Deum
1561 5061 1767 5118 vivum
1787 5063 2105 5140 ultionum,

456 5160 513 5213 et
540 5155 637 5226 qui
661 5153 824 5209 solus
848 5154 1044 5224 potest
1079 5163 1319 5205 servare
1352 5148 1379 5204 ‘2

526 5245 654 5299 XIX.
690 5240 805 5298 Sed
858 5238 1073 5311 ingrati
1119 5237 1335 5307 Judaei,
1375 5242 1433 5295 et
1461 5238 1640 5308 stulti,
1695 5244 1752 5297 et
1795 5242 2106 5310 increduli,

455 5334 511 5387 et
536 5330 745 5400 ignari,
774 5329 879 5399 qui
898 5326 1293 5399 plurimorum
1315 5326 1660 5384 divinorum
1676 5328 2106 5389 beneﬁciorum

453 5421 696 5476 fuerunt
717 5418 1126 5481 immemores,
1150 5420 1285 5487 post
1306 5431 1496 5472 manu
1518 5416 1717 5486 angeli
1745 5417 2014 5477 hostium
2036 5421 2103 5478 il-

526 5581 567 5614 ³³
604 5581 645 5633 lt
677 5580 819 5647 Reg.
850 5592 944 5648 xu,
969 5579 1060 5633 13.
1138 5575 1185 5610 ³³
1214 5577 1283 5629 1V
1312 5578 1454 5648 Reg.
1485 5591 1637 5646 xvm,
1666 5578 1858 5638 28-33.

450 5656 481 5729 μ
513 5665 686 5726 seqq.
718 5645 955 5708 3“’Psal.
987 5660 1193 5716 xxxiii,
1220 5649 1269 5703 8.

1953 5583 2001 5618 ³³
2030 5583 2099 5640 IV
2128 5584 2269 5655 Reg.
2301 5600 2416 5655 XIX,
2451 5588 2608 5642 t5-57
2701 5587 2749 5621 3"
2781 5585 2851 5644 1V
2880 5587 3022 5657 ΒΘΗ·
3050 5600 3187 5651 Ην»
3226 5588 3246 5641 ί
3284 5597 3457 5657 seqq‘

2234 3201 2384 3258 bant
2412 3205 2468 3258 et
2497 3201 2694 3257 solum
2720 3202 2907 3256 Deum
2939 3200 3380 3271 gloriﬁcahant.
3403 3202 3524 3255 Rex
3556 3205 3762 3255 autem
3794 3215 3902 3256 au-

2235 3290 2382 3346 divit
2408 3291 2573 3363 ipsos
2607 3292 2792 3345 Deum
2820 3288 3217 3345 laudantesin
3265 3288 3467 3347 medio
3511 3287 3805 3352 fornacis,
3837 3292 3897 3343 et

2235 3379 2350 3435 cito
2374 3393 2647 3448 surgens,
2680 3378 2828 3434 dixit
2846 3377 3237 3449 magnatibus
3263 3378 3420 3433 suis:
3450 3398 3476 3426 ››
3507 3380 3636 3433 Non
3665 3384 3783 3432 tres
3803 3376 3895 3432 vi-

2233 3484 2331 3525 ros
2348 3468 2579 3524 vinctos
2604 3467 2919 3539 injecimus
2946 3467 3006 3522 iu
3029 3467 3296 3522 medium
3324 3466 3499 3535 ignis,
3525 3472 3583 3521 et
3611 3470 3897 3538 aspectus

2232 3557 2429 3630 quarti
2460 3562 2547 3612 est
2576 3556 2784 3613 similis
2820 3556 2961 3612 Filio
3024 3555 3123 3611 Dei
3164 3558 3191 3613 ?
3245 3557 3409 3611 Tunc
3451 3572 3594 3610 cum
3649 3571 3755 3610 rex
3786 3570 3895 3610 eos

2233 3645 2601 3715 accersisset,
2637 3644 2859 3714 egressi
2890 3643 3233 3699 suntillazsi.
3266 3644 3411 3698 Cum
3467 3647 3672 3698 autem
3698 3642 3892 3697 divini

2232 3736 2403 3807 pueri
2423 3734 2646 3804 egressi
2668 3739 2869 3789 essent
2890 3733 3120 3805 absque
3141 3732 3266 3789 ulla
3283 3732 3546 3803 laesione,
3571 3747 3779 3787 coram
3804 3731 3893 3786 eis

2232 3823 2504 3885 adoravit
2534 3840 2659 3888 rex,
2687 3822 2903 3879 etdixit
2929 3841 2941 3879 :
2975 3846 2994 3873 ι
3028 3823 3381 3878 Benedictus
3403 3821 3694 3877 Dominus
3728 3823 3889 3876 Deus

2234 3912 2503 3983 Sidrach,
2530 3912 2771 3980 Misach,
2804 3910 3232 3982 etAbdenago,
3259 3910 3364 3983 qui
3408 3910 3569 3967 misit
3599 3909 3889 3979 angelum

2232 4019 2432 4069 suum,
2464 4006 2521 4058 et
2549 4001 2765 4074 eripuit
2792 4015 3012 4073 pueros
3044 4016 3185 4057 suos
3215 4016 3289 4055 ex
3343 4000 3481 4069 igne
3514 3998 3777 4055 fornacis
3799 4013 3893 4053 ar-

2232 4095 2445 4152 dentis.
2474 4097 2635 4150 'l‘unc
2662 4109 2764 4148 rex
2808 4092 3111 4148 constituit
3137 4107 3239 4147 eos
3296 4091 3619 4163 principes,
3648 4096 3707 4145 et
3763 4106 3890 4146 ma-

2231 4183 2394 4240 ximo
2424 4198 2526 4238 eos
2554 4182 2783 4238 honore
2809 4180 3004 4237 affecit
3029 4196 3167 4237 cum
3195 4180 3489 4253 propheta
3534 4178 3777 4235 Daniele
3836 4179 3887 4213 ³⁵

2232 4272 2477 4328 Pulchre
2497 4287 2705 4327 revera
2725 4269 2968 4326 divinus
2995 4275 3205 4326 cantor
3231 4269 3418 4326 David
3442 4267 3689 4342 psallit:
3724 4289 3742 4314 ι
3777 4266 3888 4324 Ca-

2231 4361 2678 4419 strametabitur
2724 4360 2978 4430 angelus
3007 4358 3244 4415 Domini
3274 4360 3334 4415 in
3366 4358 3614 4414 circuitu
3658 4357 3885 4414 timen-

2229 4452 2380 4507 tium
2411 4466 2573 4517 eum,
2599 4454 2656 4506 et
2683 4449 2959 4506 liberabit
2985 4464 3086 4505 eos
3117 4450 3186 4503 3°.
3223 4470 3252 4499 »

2298 4542 2427 4596 XXI.
2486 4538 2685 4598 Simile
2733 4543 2936 4595 autem
2986 4554 3195 4593 rursus
3227 4534 3585 4592 miraculum
3616 4532 3886 4591 ostendit

2227 4632 2381 4685 Deus
2413 4627 2881 4691 admirabilium,
2912 4643 3020 4700 per
3065 4626 3393 4698 gloriosum
3442 4623 3881 4694 archangelum

2224 4734 2404 4773 suum
2433 4716 2797 4783 Michaelcm,
2828 4716 2889 4771 in
2916 4714 3144 4771 famulo
3176 4729 3419 4787 quoque
3445 4728 3555 4768 suo
3611 4712 3880 4774 Daniele,

2220 4806 2439 4878 injecto
2480 4805 2542 4861 in
2564 4804 2763 4861 lacum
2792 4804 3058 4861 leonum.
3120 4806 3271 4859 Nam
3310 4807 3636 4875 postquam
3664 4816 3882 4871 regna-

2220 4899 2360 4951 runt
2380 4910 2553 4965 reges
2584 4893 2682 4949 alii
2713 4909 2749 4949 a
2775 4892 3353 4960 Nabuchodonosor,
3394 4889 3760 4961 diligebatur
3798 4889 3877 4946 ab

2220 4982 2504 5039 omnibus
2523 4981 2999 5055 sapientissimus
3023 4980 3247 5048 Daniel,
3268 4979 3451 5052 utqui
3472 4995 3547 5034 ex
3568 4981 3690 5034 Deo
3712 4993 3877 5034 som-

2217 5072 2320 5128 nia
2348 5071 2685 5142 conjiceret.
2720 5069 3029 5142 Babylonii
3072 5073 3275 5126 autem
3311 5068 3541 5125 invidia
3570 5067 3741 5137 moti,
3790 5066 3877 5124 in-

2218 5164 2602 5217 surrexerunt
2631 5176 2701 5217 eo
2723 5165 2994 5232 tempore
3010 5159 3302 5228 adversus
3329 5159 3570 5230 Cyrum,
3599 5157 3707 5229 qui
3734 5161 3877 5213 tunc

2217 5249 2382 5321 apud
2397 5265 2500 5305 eos
2518 5249 2830 5320 regnabat,
2846 5248 2999 5304 sicut
3014 5247 3178 5321 prius
3202 5246 3496 5303 adversus
3522 5246 3792 5314 Darium,
3820 5249 3878 5302 et

2215 5338 2422 5394 dicunt
2449 5339 2533 5394 ei:
2571 5359 2599 5389 ‹‹
2648 5341 2789 5408 Rex,
2818 5337 2899 5393 da
2945 5335 3143 5403 nobis,
3193 5340 3260 5391 ut
3287 5341 3480 5391 morte
3534 5333 3875 5391 afﬁciamus

2216 5425 2531 5483 Hebraeum
2560 5425 2862 5484 Danielem
2893 5442 2906 5481 :
2940 5424 3233 5498 quoniam
3262 5422 3362 5479 Bel
3379 5423 3564 5480 deum
3593 5426 3875 5479 nostrum

3535 5584 3585 5621 ³³
3610 5583 3757 5641 Dan.
3792 5596 3873 5651 tu,
