4020 6310
61 310 158 362 585

1226 303 1314 356 DE
1356 301 1412 357 S.
1453 301 1801 357 MICHAELE
1839 301 2332 360 ARCHANGELO.

3379 311 3481 371 586

55 431 348 501 contrivit,
392 436 451 486 et
497 431 915 488 venerandum
958 429 1287 484 draconem
1333 425 1640 494 interfecit,
1673 431 1729 483 et
1760 432 1806 484 A
1837 427 2315 501 enimetcaligat
2335 429 2533 487 omnis
2552 429 2642 486 vis
2662 429 2918 501 dicendi,
2943 430 3182 487 intuens
3228 431 3304 488 ad
3355 431 3483 488 alti-

55 519 405 576 sacerdotes
418 525 476 576 et
491 519 891 576 incantatores
905 521 1139 574 nostros
1152 513 1493 570 occidit.Sin
1508 515 1728 584 minus,

53 616 101 666 te
119 611 546 666 interimemus
563 615 621 667 et
639 611 891 667 domum
923 615 1110 675 tuam,
1139 612 1202 662 ut
1212 605 1645 679 judaizantem.
1698 630 1726 656 ››

51 700 194 756 Cum
217 715 365 755 vere
389 697 967 771 vidissetrexzquod
1012 712 1152 752 eum
1202 693 1372 750 valde
1427 698 1725 766 urgerent,

52 792 318 855 coactus,
343 788 596 844 tradidit
613 788 698 844 eis
721 786 1044 844 Danielem.
1064 784 1147 840 Illi
1171 787 1373 841 autem
1398 782 1732 854 injecerunt

51 893 178 933 eum
203 878 270 932 in
292 877 508 933 lacum
548 877 795 934 leonum
836 880 894 932 et
925 875 1035 932 fuit
1093 873 1329 930 illicsex
1401 872 1730 929 dies.Erant

51 972 248 1022 autem
270 967 339 1022 in
362 966 506 1024 lacu
526 972 755 1040 septem
773 965 1000 1022 leones.
1021 962 1281 1020 Occlusit
1303 977 1443 1019 vero
1478 963 1728 1020 archan-

50 1056 208 1129 gelus
230 1055 498 1112 Michael
518 1055 903 1123 oraleonum,
929 1058 986 1110 et
1030 1068 1155 1109 non
1197 1051 1473 1109 molestia
1519 1052 1729 1108 affece-

50 1151 178 1202 runt
213 1145 566 1216 Danielem,
606 1161 801 1218 neque
843 1143 1168 1213 attigerunt
1210 1141 1462 1199 omnino
1509 1157 1730 1216 corpus

50 1238 187 1306 ejus.
216 1237 385 1292 Cum
405 1251 551 1292 vero
569 1235 834 1291 venisset
863 1249 970 1290 rex
989 1232 1246 1304 septimo
1293 1231 1412 1295 die,
1455 1236 1519 1288 ut
1562 1231 1727 1304 luge-

50 1329 129 1380 ret
147 1323 482 1380 Danielem
501 1323 730 1392 inlacu,
753 1322 979 1378 invenit
1000 1320 1168 1378 salva
1210 1337 1344 1393 quae
1402 1319 1614 1376 ﬁxerat
1653 1321 1726 1376 si-

52 1413 341 1483 gnacula,
369 1413 584 1470 etlacu
621 1417 849 1486 aperto,
899 1411 1065 1467 videt
1125 1409 1428 1466 Danielem
1472 1415 1728 1467 stantem

50 1508 300 1570 rectum,
329 1506 397 1559 et
447 1517 668 1557 manus
716 1500 1042 1558 habentem
1101 1503 1398 1560 extensas,
1446 1503 1504 1555 et
1542 1502 1728 1556 Deum

50 1592 440 1661 laudantem,
461 1591 844 1647 etdicentem:
863 1612 890 1641 ιι
914 1589 1266 1646 Benedictus
1305 1591 1589 1658 es,Deus,
1626 1588 1734 1661 qui

52 1679 579 1749 misistiangelum
605 1682 794 1748 tuum,
814 1682 871 1734 et
909 1677 1322 1734 obstruxitora
1367 1676 1632 1744 leonum,
1677 1679 1734 1733 et

1836 517 2105 574 tudinem
2126 519 2640 576 etmultitudinem
2679 523 2735 576 et
2755 519 3166 576 excellentiam
3216 520 3483 578 inﬁnito-

1836 623 1972 663 rum
1991 609 2362 665 etvariorum
2385 614 2440 665 et
2475 610 2673 666 omnis
2715 609 2946 681 generis
2991 611 3120 680 ejus
3163 610 3484 668 miraculo-

1835 712 1992 765 rum,
2017 702 2073 753 et
2106 704 2343 755 recusat
2387 701 2637 756 omnino
2682 699 2757 755 de
2805 699 2878 754 iis
2938 699 3215 755 scribere.
3247 701 3488 758 Deficiet

1837 785 1997 841 enim
2012 785 2190 859 plane
2212 793 2450 859 tempus
2475 804 2587 844 nos
2613 792 2677 844 ut
2716 789 2952 844 divinus
3006 788 3089 843 ait
3141 788 3486 860 Apostolus,

1836 880 2168 934 narrantes.
2237 879 2335 934 Est
2379 879 2542 934 enim
2588 877 2840 951 pelagus
2889 878 3082 934 metiri
3134 877 3386 947 facilius,
3433 882 3492 936 et

1838 964 2037 1021 stellas
2057 981 2394 1033 numerare,
2421 983 2610 1040 quam
2644 967 2932 1036 maxima,
2979 983 3116 1039 quae
3157 982 3193 1023 a
3222 967 3488 1024 maximo

1836 1053 2190 1128 incorporeo
2215 1055 2482 1128 quotidie
2501 1057 2564 1112 in
2584 1072 2696 1113 nos
2710 1055 2883 1123 ﬁunt,
2907 1055 3218 1112 miracula.
3243 1059 3326 1112 Ex
3365 1072 3491 1113 ma-

1837 1145 1971 1216 gnis
2032 1160 2175 1216 ergo
2221 1150 2278 1202 et
2318 1145 2655 1216 insignibus
2702 1146 2832 1218 ejus
2875 1145 3205 1214 miraculis,
3252 1146 3491 1204 audebo
3572 1205 3575 1210 ,

1836 1250 2036 1308 pauca
2067 1235 2351 1309 quaedam
2375 1236 2542 1292 vobis
2568 1253 2814 1294 narrare
2864 1237 3247 1294 admirabilia
3285 1253 3492 1310 opera.

1907 1327 2084 1381 XXVI.
2135 1327 2424 1398 Tempore
2477 1326 2776 1383 Michaelis
2821 1326 3198 1399 imperatoris
3241 1327 3495 1383 etTheo-

1837 1411 2000 1468 dorae
2022 1413 2151 1484 ejus
2168 1413 2393 1482 matris,
2435 1419 2561 1472 erat
2607 1414 2698 1470 vir
2744 1413 3281 1486 quidam,nomine
3352 1417 3497 1472 Mar-

1838 1501 2191 1574 cianus,qui
2215 1519 2251 1560 a
2277 1503 2492 1560 teneris
2528 1503 2870 1574 unguiculis
2913 1503 3107 1559 fuerat
3159 1503 3364 1560 cerifer
3401 1519 3498 1560 ve-

1838 1591 2089 1648 nerandi
2120 1592 2302 1663 hujus
2323 1593 2554 1666 templi.
2581 1597 2645 1648 ln
2662 1593 2798 1666 ipso
2820 1593 2982 1649 enim
3003 1592 3216 1649 divino
3239 1597 3296 1649 et
3321 1609 3498 1649 vene-

1838 1681 2031 1738 rando
2055 1687 2111 1738 et
2129 1682 2532 1755 pulcherrimo
2557 1683 2780 1755 templo
2803 1683 3243 1754 archangelico,
3289 1699 3502 1740 omnes

52 1770 192 1826 mihi
211 1785 351 1826 non
373 1771 732 1825 nocuerunt.
759 1769 964 1823 »Tunc
1007 1781 1111 1822 rex
1161 1766 1278 1822 cito
1321 1781 1461 1821 cum
1509 1766 1731 1837 gaudio
1767 1793 1812 1847 Β
1839 1772 1944 1844 qui
1959 1773 2426 1844 mariagitantur
2439 1789 2619 1830 omne
2650 1789 2842 1846 genus
2868 1774 3315 1841 morborum,et
3337 1790 3500 1830 acce-

61 1861 243 1915 Deum
269 1857 648 1929 gloriﬁcans,
674 1855 920 1912 sustulis
943 1855 1246 1912 Danielem
1267 1853 1448 1910 elacu
1475 1854 1732 1912 illaesum

57 1955 104 2003 et
124 1947 424 2004 adoravit
447 1962 610 2012 eum;
634 1945 800 2002 Viros
825 1949 1050 2010 autem,
1089 1944 1195 2016 qui
1218 1943 1522 2000 Danielem
1558 1961 1730 2002 accu-

60 2042 370 2104 saverant,
399 2037 604 2108 injecit
646 2036 710 2092 in
754 2035 956 2091 lacum
995 2034 1239 2090 leonum
1269 2033 1335 2090 ⁸⁷.
1396 2035 1524 2089 Non
1565 2032 1731 2104 prius

60 2133 255 2183 autem
278 2127 535 2183 fuerunt
554 2125 617 2181 in
644 2124 771 2182 solo
791 2124 981 2192 lacus,
1004 2138 1192 2196 quam
1233 2137 1334 2178 eos
1377 2121 1728 2178 invadentes

59 2214 260 2272 leones
285 2216 684 2279 devorarunt,
703 2217 761 2269 et
783 2212 993 2269 omnia
1013 2227 1152 2268 ossa
1175 2226 1406 2277 eorum,
1439 2214 1728 2282 tanquam

59 2305 113 2360 in
131 2305 457 2377 pulverem
480 2303 986 2360 comminuerunt.
1013 2301 1112 2356 Hic
1134 2315 1278 2371 ergo
1303 2300 1394 2356 vir
1408 2298 1730 2355 desiderio-

57 2411 184 2449 rum
204 2392 448 2464 Daniel,
478 2392 925 2450 sanctissimum
943 2389 1290 2460 archangeli
1316 2405 1538 2446 nomen
1551 2387 1728 2444 nobis

59 2483 340 2553 ostendit,
366 2481 539 2555 quod
557 2484 876 2539 vocaretur
915 2477 1182 2545 Michael,
1224 2478 1415 2547 idest,
1454 2477 1583 2533 dua:
1623 2477 1732 2533 Dei

57 2571 728 2645 exercitus,utquihoc
746 2569 1101 2642 mysterium
1148 2567 1440 2640 acceperit
1488 2566 1567 2624 ab
1611 2566 1728 2623 alio

70 2663 317 2735 angelo.

119 2754 292 2809 XXII.
319 2752 507 2807 Porro
526 2765 670 2807 vero
696 2748 973 2806 Habacuc
991 2763 1236 2821 quoque
1257 2746 1553 2820 propheta
1603 2748 1732 2801 erat

61 2841 116 2897 in
136 2840 392 2898 Judaa.
414 2843 546 2912 lpse
563 2844 766 2895 autem
793 2843 1032 2894 coxerat
1054 2835 1430 2909 pulmentum
1451 2839 1508 2891 et
1539 2849 1729 2906 panes

59 2931 400 2987 intinxerat
461 2927 539 2985 ad
587 2928 1044 2993 nutrimentum,
1085 2931 1144 2982 et
1195 2925 1322 2981 ibat
1363 2929 1423 2980 ut
1469 2923 1530 2980 id
1553 2924 1732 2980 ferret

58 3022 177 3077 suis
202 3018 607 3077 messoribus.
637 3017 898 3087 Angelus
920 3015 1155 3072 Domini
1185 3013 1581 3088 apprehendit
1603 3029 1730 3070 ver-

62 3111 242 3166 ticem
298 3107 606 3170 Habacuc,
631 3111 688 3163 et
709 3106 938 3179 impetu
959 3105 1051 3161 sui
1064 3104 1304 3177 spiritus
1321 3119 1458 3159 eum
1472 3102 1730 3176 portavit

57 3215 90 3255 a
106 3199 330 3256 Iudaea
359 3196 728 3269 Babylonem
753 3211 893 3252 cum
911 3195 1088 3251 lentis
1110 3195 1418 3263 alimento;
1446 3198 1503 3250 et
1533 3191 1731 3249 intulit

59 3289 270 3360 ipsum
295 3285 701 3358 archangelus
722 3285 782 3342 in
807 3284 1008 3342 lacum
1030 3283 1300 3347 leonum.
1338 3298 1460 3340 non
1515 3281 1727 3338 solutis

55 3378 168 3434 illic
189 3374 548 3448 signaculis.
575 3373 963 3447 Comeditque
986 3373 1190 3430 Daniel
1213 3388 1421 3429 servus
1465 3371 1722 3439 Domini,

60 3474 112 3524 et
129 3468 382 3525 laetatus
406 3469 516 3522 est.
540 3466 607 3522 Et
628 3480 832 3521 rursus
870 3463 1032 3520 idem
1057 3461 1309 3532 angelus
1350 3460 1593 3519 Michael
1641 3477 1727 3516 re-

69 3557 262 3614 stituit
282 3555 598 3614 confestim
621 3553 902 3612 Habacuc
924 3553 985 3610 in
1004 3552 1209 3609 locum
1237 3568 1437 3617 suum,
1482 3549 1630 3606 nihil
1676 3560 1730 3616 ei

56 3646 483 3720 impedimenti
519 3644 798 3713 aﬂ'erens,
817 3642 1147 3717 quominus
1192 3641 1409 3698 eadem
1432 3641 1582 3697 hora
1629 3656 1728 3696 ve-

59 3737 213 3793 niret
252 3740 313 3792 et
343 3735 559 3792 eodem
602 3733 740 3791 cibo
782 3747 1082 3789 messores
1134 3747 1278 3787 suos
1323 3730 1565 3803 copiose
1609 3729 1728 3786 ale-

62 3830 154 3882 ret
175 3826 251 3880 ⁸³.
280 3825 481 3896 Papae,
503 3825 734 3897 quanta
772 3824 866 3878 est
907 3819 1094 3877 divini
1141 3817 1486 3891 archangeli
1534 3819 1730 3890 perni-

75 3915 248 3972 citas.

130 4002 311 4062 XXlll.
361 4000 738 4059 Validissimo
786 4015 1033 4073 quoque
1058 4015 1165 4056 suo
1202 4001 1452 4071 impetu,
1527 3997 1732 4054 divino

61 4089 518 4163 nutu,similiter
535 4105 746 4146 rursus
772 4088 922 4148 alias
954 4089 1562 4161 assumpsitdivinum
1578 4103 1730 4158 quo-

63 4199 178 4256 que
200 4181 570 4256 prophetam
589 4177 972 4244 Ezechielem,
1017 4181 1083 4234 ut
1101 4177 1244 4234 dicit
1289 4178 1418 4250 ipse
1472 4176 1733 4234 Ezechiel

59 4273 120 4329 in
141 4288 262 4330 sua
311 4269 668 4344 prophetia:
702 4287 734 4324 ‹
757 4271 824 4325 Et
859 4268 1089 4339 aspexi,
1122 4278 1178 4324 et
1214 4283 1350 4324 ecce
1383 4266 1729 4332 similitudo,

62 4359 492 4419 virialumhis
529 4360 672 4422 suis,
726 4362 785 4416 et
824 4357 1074 4414 inferius
1116 4357 1291 4427 ignis:
1337 4359 1395 4413 et
1431 4372 1468 4413 a
1507 4356 1732 4412 lumbis

1840 1860 1991 1917 dunt
2018 1862 2078 1918 in
2110 1861 2247 1934 ﬁde,
2270 1867 2329 1919 et
2375 1879 2448 1919 ex
2495 1863 2853 1921 intemerata
2907 1863 3008 1920 illa
3056 1863 3188 1933 ejus
3235 1862 3499 1934 imagine

1839 1949 2056 2006 bibunt
2080 1956 2459 2021 unguentum
2485 1967 2805 2022 emanans,
2833 1951 3034 2007 statim
3070 1956 3498 2022 assequuntur,

1839 2055 1976 2112 quae
2003 2044 2297 2111 speratur,
2327 2040 2719 2096 curationem.
2752 2040 2816 2095 In
2841 2039 2955 2096 hoc
3000 2055 3143 2111 ergo
3197 2039 3403 2095 divino
3448 2043 3505 2095 et

1840 2127 2116 2198 religioso
2142 2127 2366 2200 templo
2391 2128 2636 2185 assidue
2707 2128 3136 2201 perseverabat
3186 2127 3503 2200 pradictus

1839 2217 2172 2274 Marcianus
2202 2217 2547 2288 archangeli
2586 2217 2986 2292 ceifer,usque
3016 2217 3095 2274 ad
3137 2221 3500 2274 senectutem

1839 2321 1978 2362 cum
1993 2321 2217 2376 magno
2243 2322 2448 2363 amore
2479 2311 2536 2363 et
2577 2307 2698 2363 ﬁde
2722 2322 2920 2380 neque
2947 2323 3221 2380 unquam
3252 2306 3503 2364 omnino

1838 2411 1992 2468 opus
2021 2395 2315 2452 habuerat
2339 2396 2588 2463 medico,
2622 2397 2728 2453 sed
2751 2396 2924 2452 simul
2950 2402 3130 2471 atque
3171 2395 3501 2468 aliquando

1840 2483 2154 2542 incidisset
2180 2486 2240 2541 in
2264 2484 2434 2542 illum
2481 2484 2786 2553 morbum,
2838 2485 3106 2558 protinus
3153 2483 3507 2558 procidebat

1839 2572 1899 2628 in
1921 2573 2082 2630 dicto
2105 2573 2330 2646 templo
2355 2573 2620 2632 ductoris
2672 2575 2960 2631 ordinum
3013 2573 3309 2632 Michaelis
3365 2573 3496 2631 bre-

1837 2662 2018 2736 vique
2045 2680 2230 2720 sanus
2253 2664 2487 2721 redibat
2508 2664 2570 2720 in
2591 2664 2847 2722 domum
2888 2681 3064 2724 suam
3111 2668 3357 2739 prOpter
3415 2668 3498 2722 to-

1838 2758 1963 2809 tam
1993 2769 2170 2810 suam
2209 2755 2270 2810 in
2291 2770 2443 2810 eum
2473 2753 2875 2817 affectionem,

1911 2844 2262 2900 XXVll.Cum
2292 2859 2431 2900 eum
2453 2859 2595 2916 ergo
2636 2843 2965 2917 aliquando
3006 2844 3208 2915 gravis
3247 2844 3498 2902 morbus

1838 2933 1895 2986 et
1913 2930 2091 3003 plane
2120 2931 2473 3005 desperatus
2494 2932 2830 2999 invasisset,
2876 2933 3066 3004 jacuit
3123 2933 3186 2989 in
3233 2933 3498 2990 inferiori

1838 3023 2004 3090 parte
2027 3019 2232 3091 templi
2252 3020 2595 3092 archangeli
2619 3020 2847 3093 aliquot
2882 3021 3011 3076 dies
3034 3036 3173 3076 cum
3221 3020 3417 3076 stabili
3441 3023 3498 3077 et

1836 3107 2014 3164 ﬁrma
2029 3108 2089 3163 in
2110 3123 2249 3164 eum
2270 3108 2515 3164 ﬁducia.
2564 3108 2713 3164 Cum
2733 3107 2979 3180 plurimi
3001 3112 3202 3164 autem
3225 3107 3406 3164 amici
3440 3112 3496 3165 et

1838 3196 2054 3252 medici
2076 3197 2154 3253 ad
2175 3212 2314 3253 eum
2327 3202 2855 3270 congregarentur,
2875 3201 2933 3252 et
2949 3197 3214 3253 dicerent
3232 3196 3332 3253 alii
3353 3195 3496 3266 alia,

1835 3301 1973 3358 quae
2001 3285 2077 3342 ad
2099 3286 2229 3358 ejus
2255 3285 3042 3360 pertinebantcurationem,
3063 3286 3197 3359 ipso
3235 3301 3375 3342 vero
3419 3301 3495 3342 ne

1837 3390 1940 3430 eos
1962 3375 2209 3448 quidem
2230 3375 2480 3432 omnino
2502 3375 2576 3432 de
2601 3375 2698 3432 hic
2738 3375 2948 3432 audire
2992 3374 3341 3445 sustinente,
3391 3391 3494 3431 au-

1838 3478 1941 3518 sus
1963 3468 2052 3520 est
2070 3479 2227 3520 unus
2251 3479 2325 3520 ex
2344 3463 2593 3521 medicis
2642 3465 2838 3520 facere
2889 3479 2982 3534 ea,
3027 3480 3164 3537 quae
3213 3464 3496 3520 dicuntur

1838 3555 2123 3620 fomenta,
2163 3558 2219 3610 et
2253 3555 2429 3626 jussit
2449 3555 2520 3610 iis
2539 3554 2775 3626 quiipsi
2825 3553 3272 3621 ministrabant,
3327 3557 3393 3610 ut
3439 3553 3494 3611 ei

1837 3643 2219 3700 mederentur
2247 3648 2385 3700 ante
2417 3643 2800 3710 matutinum,
2827 3642 2998 3698 vellet
3017 3659 3094 3699 an
3147 3659 3291 3700 non.
3343 3646 3492 3700 Cum

1837 3737 2040 3790 autem
2059 3733 2324 3790 fomenta
2346 3733 2791 3806 composuisset
2810 3732 3104 3802 medicus,
3128 3733 3381 3789 domum
3406 3747 3492 3802 re,

1838 3822 2307 3879 d1it.lllaautem
2348 3827 2521 3878 nocte
2569 3822 2899 3879 Marcianus
2965 3837 3161 3878 cuma
3204 3837 3265 3877 se
3308 3820 3493 3877 veluti

1837 3911 2210 3968 discessisset
2233 3917 2290 3968 et
2310 3917 2465 3968 esset
2489 3912 2549 3967 in
2579 3910 2818 3980 exstasi,
2846 3909 3157 3982 quomodo
3179 3913 3236 3966 et
3254 3910 3344 3965 vir
3395 3909 3494 3965 hic

1839 4001 1972 4074 pius
1998 4002 2284 4072 narravit,
2303 4007 2359 4058 et
2389 4000 2726 4072 subjectum
2771 4003 3196 4070 argumentum
3232 3997 3492 4055 ostendit

1837 4090 2166 4159 veritatem,
2191 4107 2402 4146 omnes
2429 4089 2634 4162 templi
2657 4092 2860 4162 portas
2889 4088 3036 4144 vidit
3053 4093 3297 4161 repente
3323 4103 3497 4160 aper-

1838 4186 1948 4247 tas,
1967 4184 2024 4236 et
2044 4179 2373 4251 lavacrum,
2403 4180 2571 4252 quod
2591 4178 2886 4245 exstabat,
2930 4177 3124 4233 virum
3172 4177 3495 4234 terribilem

1840 4285 1978 4325 cum
1999 4267 2450 4340 impetuecoalo
2478 4269 2741 4340 equitem
2787 4265 3196 4322 descendisse.
3254 4267 3398 4322 Cum
3443 4266 3496 4322 is

1841 4362 2044 4414 autem
2063 4371 2136 4412 ex
2152 4371 2308 4429 equo
2329 4355 2743 4412 descendisset
2765 4355 2825 4410 in
2844 4369 3172 4426 purpureo,
3193 4353 3358 4427 quod
3381 4352 3498 4409 illic

63 4453 192 4524 ejus
211 4455 278 4508 et
299 4448 582 4522 superius
620 4453 915 4521 tanquam
938 4447 1086 4504 visio
1121 4445 1342 4503 electri.
1372 4448 1437 4502 Et
1503 4447 1733 4518 accepit
1844 4451 1986 4518 erat,
2011 4462 2332 4519 marmore,
2356 4446 2661 4517 ingressus
2684 4444 2853 4500 estin
2875 4442 3192 4516 templum,
3245 4459 3282 4500 a
3324 4443 3500 4516 pluri-

65 4559 157 4599 me
189 4559 228 4600 a
268 4542 493 4597 vertice
514 4539 577 4595 in
601 4538 815 4611 spiritu
840 4553 951 4594 suo
972 4537 1036 4593 in
1061 4537 1263 4595 medio
1299 4535 1431 4593 caeli
1477 4540 1734 4608 etterraa,
1769 4524 1811 4579 Ῐ)
1845 4537 1962 4594 mis
1985 4537 2256 4610 stipatus,
2283 4540 2573 4610 tanquam
2594 4533 2902 4608 praepositi
2925 4537 3087 4589 veste
3131 4533 3398 4602 indutus,
3448 4535 3506 4590 et

65 4639 117 4689 et
133 4631 400 4690 deduxit
418 4645 515 4686 me
550 4627 877 4686 Jerusalem
930 4627 1038 4682 ³³.»

137 4721 492 4788 XXIV.Quid
523 4720 702 4778 etiam
747 4717 1090 4793 apostolum
1133 4735 1378 4792 quoque
1406 4718 1740 4792 Philippum

70 4813 346 4870 similiter
367 4810 569 4885 rapuit
601 4808 855 4880 angelus
893 4808 1130 4866 Domini
1156 4810 1296 4879 mei,
1324 4813 1382 4866 et
1441 4807 1739 4881 transtulit

62 4907 130 4961 in
159 4905 441 4968 Azotum,
473 4905 530 4957 et
559 4915 684 4957 non
710 4898 854 4955 vidit
881 4898 1145 4972 amplius
1192 4899 1396 4971 ipsum
1427 4898 1742 4955 eunuchus

68 4993 300 5066 reginae
317 4990 681 5063 Ethiopum,
719 4993 1050 5062 postquam
1087 4987 1167 5047 ab
1186 5003 1256 5046 eo
1278 4988 1508 5062 accepit
1524 4987 1743 5061 baptis-

75 5099 249 5140 mum
280 5081 610 5138 salutarem
641 5080 709 5136 ω.

137 5173 298 5228 XXV.
332 5171 588 5227 Mentem
621 5173 824 5227 autem
871 5167 1141 5244 impellit,
1199 5173 1255 5227 et
1285 5167 1431 5224 mihi
1467 5167 1740 5224 animum

70 5263 289 5318 excitat
319 5260 540 5317 eximia
572 5259 763 5330 gratia
800 5262 860 5316 et
887 5258 1075 5315 virtus
1105 5257 1292 5315 divini
1317 5257 1600 5314 ordinum
1635 5255 1742 5313 du-

71 5350 250 5407 ctoris
279 5363 683 5422 supernarum
716 5351 1103 5421 potestatum,
1142 5351 1200 5402 et
1251 5345 1416 5402 ducit
1474 5345 1553 5403 ad
1600 5361 1742 5402 nar-

1845 4627 2159 4699 impletum
2183 4631 2270 4684 est
2295 4627 2644 4684 universum
2672 4623 2963 4697 templum
2988 4623 3172 4680 odore
3194 4621 3502 4680 ineﬂabili.

1849 4717 2030 4774 Paulo
2059 4721 2199 4790 post
2226 4733 2368 4774 vero
2407 4733 2547 4773 cum
2571 4715 2926 4772 accessisset
2963 4712 3042 4769 ad
3087 4713 3308 4769 lectum
3361 4714 3504 4769 Mar-

1850 4807 2023 4874 ciani,
2049 4806 2219 4864 ﬁnxit
2237 4823 2298 4862 se
2320 4822 2391 4863 ea
2411 4810 2745 4873 attrectare,
2770 4821 2903 4877 quae
2927 4807 3097 4860 erant
3131 4804 3192 4858 in
3235 4816 3506 4867 scamno,

1849 4901 1905 4953 et
1923 4912 2134 4969 rapere
2154 4911 2290 4970 quae
2315 4897 2378 4952 in
2400 4912 2470 4952 eo
2489 4899 2658 4953 erant
2683 4893 2882 4967 posita
2923 4892 3000 4949 ad
3051 4891 3403 4948 alimentum
3452 4892 3510 4946 et

1851 5002 2048 5053 usum;
2077 4990 2282 5042 etcum
2303 4985 2633 5042 invenisset
2648 4986 2710 5040 in
2731 4983 2929 5040 catino
2951 4981 3170 5054 posita,
3189 4995 3324 5054 quae
3348 4979 3512 5036 dicta

1851 5080 2007 5142 sunt,
2032 5076 2325 5139 fomenta,
2349 5090 2422 5131 ea
2449 5078 2699 5146 accepta
2749 5071 2975 5128 tulitad
2992 5071 3380 5138 Marcianum,
3407 5084 3515 5125 ro-

1851 5181 2003 5237 gans
2024 5164 2171 5238 quid
2190 5163 2320 5220 haec
2343 5163 2461 5220 sibi
2480 5162 2711 5232 vellent,
2756 5165 2812 5216 et
2859 5159 3141 5233 quisnam
3186 5161 3362 5225 esset,
3410 5164 3518 5232 qui

1851 5271 1922 5312 ea
1942 5259 2162 5312 temere
2179 5254 2413 5311 fecisset
2433 5253 2494 5310 in
2512 5253 2696 5310 domo
2720 5265 2850 5307 sua.
2887 5251 3036 5306 Cum
3086 5249 3137 5305 is
3183 5252 3386 5306 autem
3429 5265 3518 5306 re-

1855 5344 2639 5419 spondissetcumtremore,
2660 5339 2802 5395 dicit
2845 5337 2940 5395 ille
2989 5338 3265 5395 terribilis
3315 5338 3521 5410 etglo-

74 5438 343 5498 randum
372 5453 569 5496 unum
625 5437 822 5496 solum
875 5436 1006 5509 ejus
1055 5435 1436 5494 miraculum.
1490 5435 1748 5493 Vincitur
1856 5435 2055 5494 riosus
2073 5433 2314 5492 duobus
2335 5433 2458 5490 suis
2481 5428 2839 5490 satellitibus
2874 5445 2890 5486 :
2923 5427 3126 5488 Tollite
3152 5445 3243 5501 ea,
3291 5432 3348 5488 et
3380 5444 3523 5487 eun-

159 5615 202 5653 "
239 5614 390 5676 Dan.
423 5629 544 5683 xiv,
581 5616 726 5670 1-42.
801 5615 848 5650 ³³
875 5613 1025 5671 Ibid.
1058 5616 1247 5673 33-38.
1327 5613 1374 5652 3’
1401 5613 1612 5675 Ezech.
1640 5628 1760 5682 vm,
1791 5616 1851 5681 2.

555 5715 805 5773 Panos.
838 5714 942 5772 Gn.
975 5713 1128 5772 CXL.

1926 5614 1973 5649 ἰο
2002 5613 2130 5670 Act.
2159 5627 2288 5686 vni,
2315 5614 2514 5671 26-39.

3253 5707 3318 5762 l9
