4020 6310
575 302 642 357 58
655 305 689 359 7
1816 299 2297 357 PANTALEONIS
2338 301 2620 359 DIACONI
2659 306 2763 362 CP.
3906 323 3994 377 581

573 428 686 498 tes,
719 428 1173 502 quamprimum
1198 427 1492 502 perforate
1527 428 1710 498 caput
1760 425 1910 496 ejus,
1970 425 2074 498 qui
2127 441 2223 482 me
2256 422 2302 475 Α
2333 424 2442 482 fuit
2462 427 2635 484 velox
2657 429 3069 488 adferendum
3100 435 3385 492 auxilium
3417 439 3473 492 et
3497 453 3638 495 eum
3668 439 3994 501 defenden-

574 519 948 591 contempsit,
973 524 1027 575 et
1047 520 1178 591 ipsa
1216 518 1276 574 in
1325 517 1384 573 id
1425 515 1667 586 injicitc.
1731 515 1999 588 Cumque
2053 516 2221 572 intin-
2332 513 2500 581 dum,
2535 518 2754 575 militiae
2786 521 3118 595 principem
3155 525 3522 584 Michaelem.

574 608 759 664 xisset
778 624 1081 664 summum
1105 607 1272 679 digiti
1294 607 1385 662 sui
1409 606 1469 662 in
1493 604 1766 673 candela,
1812 621 1948 677 quae
1993 605 2223 678 impen-
2401 609 2570 663 XXIX.
2597 613 2784 682 Atque
2807 611 3077 667 nonnulli
3100 613 3349 684 quidem
3375 615 3582 672 dicunt
3613 633 3744 674 esse
3765 635 3994 678 nov-em

568 697 751 754 debat
777 697 904 768 ejus
927 697 1376 754 admirabilium
1397 712 1599 752 rerum
1635 694 1912 750 eﬂ‘ectrici
1949 695 2217 766 imagini,
2328 711 2538 752 eorum
2563 699 2826 768 ordines,
2859 703 3279 760 convenienter
3300 705 3605 776 parabolae
3627 709 3992 779 Servatoris,

567 786 824 857 signavit
842 792 1022 859 caput
1037 787 1311 844 Marciani
1333 790 1542 842 sancto
1558 785 1690 841 oleo
1713 785 1774 840 in
1802 785 2057 854 ﬁguram
2082 800 2217 840 cru-
2324 801 2458 857 quae
2488 787 2658 847 dicit:
2689 811 2714 839 n
2736 790 2790 846 Si
2813 790 3028 847 mulier
3047 792 3251 866 aliqua
3277 794 3510 851 habens
3533 797 3748 854 decem
3769 800 3993 857 drach-

563 875 668 944 cis,
689 881 744 932 et
761 893 832 932 ex
853 876 1106 933 ecclesia
1125 892 1423 947 egressus,
1452 891 1607 948 equo
1628 891 1834 931 rursus
1861 889 2209 941 conscenso,
2320 890 2472 944 mas,
2506 894 2690 935 unam
2723 894 2794 934 ex
2816 880 2900 935 eis
2925 880 3271 952 perdiderit,
3303 899 3425 940 non
3451 901 3710 945 accensa
3732 888 3992 948 lucerna

559 963 831 1021 sublatus
857 966 1046 1024 estad
1067 965 1306 1037 coelum,
1331 966 1653 1037 statimque
1679 963 1896 1020 clausae
1918 968 2056 1019 sunt
2085 979 2210 1020 om~
2319 979 2451 1020 eam
2484 968 2716 1038 quaerit,
2746 973 2803 1024 et
2853 970 3103 1042 quando
3151 987 3286 1028 eam
3346 973 3658 1044 invenerit,
3685 987 3993 1037 convocat

557 1060 853 1128 nesportm
880 1056 1164 1128 ecclesiae,
1197 1057 1277 1113 ita
1311 1061 1392 1124 ut,
1448 1054 1780 1128 quomodo,
1831 1053 2030 1109 videri
2083 1068 2207 1109 non
2316 1055 2563 1124 amicas,
2586 1057 2790 1112 dicens
2815 1075 2827 1112 :
2849 1059 3235 1116 Gratulamini
3265 1061 3434 1131 mihi,
3454 1066 3750 1136 quoniam
3773 1069 3987 1126 inveni

553 1147 830 1216 potuerit.
862 1148 1192 1204 Marcianus
1215 1152 1414 1204 autem
1433 1162 1658 1216 magno
1684 1146 1894 1202 timore
1933 1143 2203 1212 affectus,
2313 1143 2668 1201 drachmam
2686 1162 2870 1219 quam
2894 1148 3271 1220 perdideram
3309 1153 3377 1208 ".
3403 1174 3432 1201 »
3466 1155 3611 1210 Sunt
3640 1161 3858 1214 autem
3881 1175 3989 1215 no-

551 1239 610 1292 et
629 1237 834 1293 animo
851 1238 1063 1294 anxius
1100 1254 1290 1310 usque
1317 1237 1394 1293 ad
1417 1237 2049 1308 matutinum,propter
2087 1241 2201 1292 ter-
2312 1248 2445 1289 vem
2460 1234 3450 1313 ordinesincorporeorum,nempe
3465 1245 3982 1313 Angeli,Archan-

547 1325 784 1383 ribilem
804 1327 1117 1395 visionem,
1153 1328 1402 1383 accersit
1439 1326 1857 1400 presbyterum
1914 1325 2194 1396 ecclesiae,
2309 1323 3980 1403 geli,Principatus,Potestates,Virtutes,Dominationes,

549 1420 604 1473 et
624 1417 888 1473 narravit
908 1417 1382 1474 eiomnia.Tunc
1418 1415 1728 1488 presbyter
1749 1431 1883 1470 cum
1933 1413 2198 1487 quaesiis-
2307 1413 2542 1476 Throni,
2573 1415 2913 1483 Cherubim,
2948 1419 3260 1490 Seraphim
3287 1437 3300 1474 :
3329 1421 3671 1479 etdecimus
3708 1426 3874 1482 ordo
3893 1433 3984 1484 est

547 1512 653 1576 set,
690 1524 826 1581 qua:
848 1525 881 1565 a
903 1507 1137 1564 medico
1163 1511 1376 1579 parata
1396 1506 1648 1574 fuerant,
1674 1505 1958 1572 fomenta,
1984 1521 2092 1561 nec
2109 1505 2196 1562 in-

544 1596 1385 1668 venisset,Marcianiquoque
1429 1599 1611 1668 caput
1657 1595 2194 1661 animadvertisset,

544 1686 869 1743 etvidisset
925 1690 1196 1742 sanctam
1267 1701 1503 1740 crucem
1533 1685 1593 1740 in
1626 1701 1696 1741 eo
1744 1700 1851 1757 per
1919 1689 2194 1740 sanctum

2305 1502 2642 1562 hominum.
2665 1506 2940 1561 Nonnulli
2971 1523 3110 1563 vero
3140 1507 3348 1565 dicunt
3388 1513 3718 1583 nonaginta
3750 1532 3978 1574 novem

2305 1607 2441 1648 esse
2471 1609 2678 1650 eorum
2697 1600 2894 1666 partes
2919 1614 2930 1651 :
2957 1598 3346 1654 centesimam
3379 1607 3579 1658 autem
3611 1619 3749 1660 esse
3779 1606 3977 1662 homi-

2303 1699 2473 1747 num,
2507 1686 2929 1742 convenienter
2982 1687 3290 1759 parabolae
3335 1696 3572 1747 centum
3628 1694 3867 1765 ovium,
3901 1697 3974 1753 de

542 1777 742 1835 oleum
765 1793 1134 1850 expressam,
1185 1775 1635 1849 obstupefactus
1705 1776 1849 1832 abiit
1889 1775 2194 1849 quampri-
2223 1775 2265 1830 Β
2303 1772 2526 1844 quibus
2558 1773 2700 1830 dicit
2731 1775 3029 1831 Christus:
3069 1799 3090 1826 ι
3130 1777 3186 1833 Si
3225 1777 3441 1835 fuerint
3494 1780 3670 1837 alicui
3729 1783 3972 1842 homini

539 1883 711 1924 mum
727 1867 805 1924 ad
823 1867 1144 1933 medicum,
1170 1871 1233 1923 ut
1256 1865 1308 1921 ei
1331 1867 1842 1935 narraretomnia,
1884 1873 1942 1922 et
1979 1882 2192 1923 consu-

535 1957 700 2025 leret,
727 1962 791 2014 ut
814 1958 942 2030 ipse
972 1973 1216 2030 quoque
1247 1961 1472 2030 peteret
1510 1957 1750 2014 veniam
1799 1957 1878 2013 ab
1907 1957 2188 2014 ordinum

534 2048 780 2104 ductore
837 2047 1114 2106 Michaele
1188 2047 1262 2102 de
1306 2048 1398 2117 iis,
1446 2064 1582 2121 qua:
1647 2049 1778 2121 ipse
1839 2048 2184 2105 admiserat.

604 2139 826 2196 XXVIII.
854 2141 1000 2196 Cum
1022 2141 1223 2194 autem
1244 2139 1503 2194 venisset
1521 2138 1838 2212 presbyter
1856 2139 1915 2194 in
1936 2139 2187 2196 domum

528 2229 769 2294 medici,
793 2228 1022 2284 invenit
1042 2227 1160 2282 illic
1189 2227 1637 2284 multitudinem
1682 2229 2186 2285 innumerabilem

526 2325 582 2376 et
604 2319 832 2375 luctum
855 2319 960 2391 qui
988 2334 1110 2374 non
1128 2319 1364 2390 poterat
1403 2317 1740 2390 comprimi,
1788 2324 2184 2389 cognatorum

524 2412 582 2465 et
607 2408 939 2464 amicorum
961 2408 1089 2479 ejus
1123 2407 1426 2463 sociorum
1456 2424 1468 2461 :
1508 2407 1614 2479 qui
1644 2423 1855 2464 omnes
1903 2409 2188 2466 defebant

521 2497 926 2570 repentinum,
950 2501 1006 2552 et
1030 2512 1151 2552 non
1173 2496 1340 2568 prius
1365 2496 1878 2563 animadversum,
1903 2497 2180 2554 lethalem

520 2585 1208 2657 ejusmorbum,ipsum
1263 2589 1465 2641 autem
1516 2586 1818 2656 jacentem
1868 2587 1927 2641 in
1982 2588 2182 2646 medio

514 2675 1132 2747 omnium,totamque
1155 2674 1205 2746 ej
1218 2691 1282 2729 us
1309 2674 1522 2730 faciem
1542 2675 1887 2745 ustulatam,
1911 2676 2184 2735 claman-

517 2769 763 2837 temque
785 2765 1060 2835 graviter,
1085 2769 1141 2822 et
1162 2780 1386 2836 magna
1431 2779 1576 2821 voce
1625 2765 1948 2836 ejulantem
1981 2785 1992 2822 :
2023 2769 2182 2826 Mise-

521 2853 742 2911 remini
769 2855 911 2925 mei,
933 2855 1037 2927 qui
1060 2853 1250 2911 Deum
1274 2854 1512 2911 timetis.
1545 2855 1819 2925 Scindite,
1845 2856 2175 2923 Christiani,

521 2947 704 3016 caput
728 2958 1102 3011 meum,non
1154 2942 1278 2999 fero
1331 2943 1488 2999 enim
1540 2943 1797 3001 dolores.
1847 2946 2176 3019 Postquam

518 3048 662 3089 vero
692 3032 921 3089 audivit
949 3049 985 3088 a
1004 3033 1356 3105 presbytero
1377 3033 1559 3089 verba
1583 3033 1884 3102 terribilia,
1911 3053 2044 3108 quae
2071 3054 2174 3093 au-

2302 1867 2542 1918 centum
2573 1879 2739 1930 oves,
2774 1868 2830 1920 et
2859 1863 3225 1922 aberraverit
3252 1882 3374 1925 una
3395 1885 3470 1925 ex
3496 1869 3662 1942 ipsis,
3681 1887 3816 1929 non
3844 1874 3973 1930 reli-

2301 1951 2407 2007 ctis
2439 1954 2768 2022 nonaginta
2799 1969 3018 2010 novem
3045 1955 3105 2010 in
3134 1961 3367 2012 montes
3388 1958 3712 2030 profectus,
3748 1965 3972 2036 quarrit

2299 2057 2431 2097 eam
2455 2058 2590 2115 quae
2613 2044 2809 2100 errat?
2830 2048 2887 2098 et
2907 2043 2954 2098 si
2976 2045 3288 2113 contigerit
3308 2062 3442 2102 eam
3470 2048 3769 2122 invenire,
3799 2053 3880 2109 de
3899 2070 3970 2111 ea

2298 2133 2752 2203 magisltetatur,
2770 2151 2956 2207 quam
2969 2134 3042 2190 de
3056 2136 3391 2206 nonaginta
3410 2153 3652 2204 novem,
3673 2158 3827 2214 quae
3844 2159 3967 2201 non

2298 2221 2729 2278 aberraverth
2749 2225 2816 2278 ⁸³.
2852 2246 2878 2272 ››
2908 2227 3132 2281 Revera
3148 2226 3308 2282 enim
3323 2242 3435 2282 nos
3459 2245 3694 2294 sumus,
3721 2230 3964 2302 fratres,

2297 2312 2399 2383 qui
2419 2312 2574 2368 male
2592 2311 2965 2383 aufugimus,
2985 2319 3040 2368 et
3061 2314 3420 2371 aberramus
3444 2333 3626 2390 super
3645 2327 3898 2378 montes
3916 2329 3969 2379 et

2298 2401 2477 2456 colles
2508 2402 2750 2457 nefarias
2782 2403 3034 2458 actionis
3061 2409 3119 2458 et
3148 2404 3577 2462 incredulitatis
3603 2424 3618 2462 :
3645 2425 3813 2481 quos
3846 2427 3966 2468 non

2296 2489 2567 2563 despexit
2596 2496 2803 2563 pastor
2818 2491 3018 2547 bonus
3051 2491 3435 2564 etbenignus,
3457 2496 3894 2569 sedqumsivit,
3911 2507 3965 2556 et

2297 2597 2482 2653 supra
2503 2597 2680 2637 suum
2706 2582 3028 2638 humerum
3056 2584 3334 2654 portavit,
3362 2589 3421 2641 et
3440 2585 3637 2643 retulit
3655 2587 3721 2643 in
3750 2605 3965 2646 nume-

2292 2685 2427 2726 rum
2460 2670 2657 2742 gregis
2690 2671 2828 2726 boni
2859 2675 2915 2726 et
2939 2685 3064 2727 non
3089 2671 3364 2730 errantis.

2647 2815 2734 2870 De
2760 2815 2817 2871 S.
2840 2814 3209 2885 archangelo
3243 2815 3547 2877 Gabriele.

2361 2939 2508 2993 XXX.
2542 2937 2886 2994 Laudemus
2918 2954 3059 3010 ergo
3090 2954 3302 2996 omnes
3334 2941 3679 3010 Dominum,
3708 2943 3948 3008 fratres,

2287 3029 2343 3081 et
2373 3042 2594 3083 nomen
2635 3029 2763 3098 ejus
2803 3027 2980 3083 simul
3005 3028 3385 3096 extollamus,
3419 3031 3523 3102 qui
3552 3030 3945 3105 facitmagna

518 3121 746 3179 diverat
769 3138 804 3179 a
829 3122 931 3196 pio
983 3122 1301 3193 Marciano,
1358 3128 1499 3179 tunc
1573 3122 1855 3180 intellexit
1898 3126 2170 3182 medicus
2205 3127 2245 3183 C
2287 3121 2343 3172 et
2373 3134 2507 3189 quae
2532 3118 2876 3188 investigari
2898 3122 3224 3190 nequeunt,
3249 3117 3635 3193 gloriosaque
3657 3127 3719 3178 εἴ
3750 3124 3948 3181 admi-

519 3211 905 3284 esseplagam
925 3210 1174 3282 dignam
1196 3227 1306 3267 sua
1331 3211 1678 3279 audacia,et
1717 3213 1916 3269 statim
1959 3219 2171 3270 acerbe

519 3300 900 3356 exclamavit:
925 3302 1046 3369 Ego
1074 3316 1212 3356 sum
1237 3301 1634 3370 causagravis
1653 3300 1835 3372 hujus
1862 3319 2008 3359 meae
2033 3320 2187 3360 mor-

517 3388 615 3445 tis:
645 3389 752 3444 sed
777 3405 874 3444 me
915 3387 1098 3445 tollite
1151 3393 1208 3444 et
1254 3389 1554 3454 abducite,
1603 3395 1661 3446 et
1697 3391 1874 3462 jacite
1926 3392 1987 3448 in
2041 3411 2173 3450 san-

521 3480 682 3534 ctam
714 3477 910 3532 eadem
931 3477 1085 3548 ejus,
1109 3482 1165 3534 et
1195 3494 1244 3532 ει
1273 3478 1421 3550 quid
1446 3478 1618 3550 jubet
1664 3480 1793 3550 ejus
1845 3481 2174 3538 misericor-

517 3567 639 3638 dia,
660 3566 838 3624 faciet
857 3567 917 3622 in
940 3583 1036 3622 me
1052 3566 1370 3637 indignum
1389 3584 1566 3623 suum
1580 3584 1844 3625 servum.
1869 3573 2172 3628 Portantes

518 3661 722 3714 autem
752 3673 913 3727 eum,
937 3656 1336 3714 tuleruntuna
1357 3673 1494 3713 cum
1513 3657 1686 3714 lecto.
1709 3660 2040 3717 Marcianus
2069 3677 2171 3718 au-

517 3748 637 3804 tem
666 3763 804 3804 cum
833 3746 1121 3803 sensisset
1141 3746 1464 3802 tumultum
1496 3747 1736 3803 assedit:
1765 3751 1822 3803 et
1841 3765 1980 3804 cum
2034 3766 2168 3807 cau.

513 3853 648 3894 sam
669 3836 1027 3903 rescivisset,
1056 3836 1324 3908 seipsum
1356 3836 1774 3904 consideravit,
1797 3842 1852 3893 et
1892 3838 2168 3895 inventus

512 3931 605 3985 est
631 3927 883 3984 omnino
905 3941 1107 3982 sanus.
1137 3928 1300 3982 Tunc
1323 3925 1438 3982 cito
1459 3925 1834 3982 descendens
1891 3928 1966 3983 de
2013 3927 2166 3984 lecto

510 4032 641 4085 suo,
670 4019 860 4073 Deum
889 4015 1258 4087 gloriﬁcavit,
1321 4031 1619 4088 suumque
1689 4015 2064 4073 defensorem
2111 4021 2168 4072 et

507 4103 826 4161 dominum
857 4109 915 4161 et
939 4120 1233 4176 magnum
1258 4103 1561 4161 medicum
1587 4109 1644 4160 et
1671 4104 1895 4160 militias
1944 4106 2162 4178 princi-

508 4209 648 4267 pem
673 4193 1039 4250 Michaelem:
1093 4193 1438 4266 cursimque
1493 4209 1791 4265 egressus,
1869 4196 2165 4267 processit

506 4282 771 4354 obviam,
799 4286 857 4339 et
876 4283 1111 4340 sustulit
1150 4281 1453 4338 medicum
1518 4299 1548 4338 e
1599 4283 1772 4352 lecto,
1799 4289 1850 4339 et
1903 4285 2158 4356 portavit

505 4386 646 4426 eum
667 4371 790 4426 suis
810 4371 1094 4427 manibus
1115 4370 1293 4426 simul
1315 4387 1454 4426 cum
1510 4371 1880 4443 presbytero,
1940 4379 1997 4430 ct
2046 4389 2158 4446 po-

505 4460 624 4515 suit
643 4475 782 4516 eum
799 4464 934 4516 ante
956 4465 1228 4516 sanctam
1251 4475 1440 4527 aram,
1471 4460 1883 4516 miserabiliter
1938 4462 2157 4517 deﬂen-

502 4549 623 4604 tem
647 4552 702 4604 et
724 4548 1127 4614 conﬁtentem,
1167 4552 1232 4604 ut
1252 4549 1304 4604 ei
1362 4553 1515 4605 esset
1565 4551 1857 4622 propitius
1909 4557 2155 4608 sanctus

499 4637 780 4712 princeps
801 4637 1043 4739 militi?
1069 4638 1399 4696 Marcianus
1428 4643 1628 4694 autem
1651 4656 1788 4695 cum
1811 4655 1917 4712 per
1943 4658 2004 4698 se
2029 4659 2150 4699 ma-

497 4743 642 4785 nare
667 4727 900 4785 fecisset
921 4727 1301 4800 uriguentum
1318 4745 1348 4785 e
1371 4744 1543 4785 sacra
1565 4728 1665 4785 illa
1687 4729 1968 4800 imagine.
1990 4733 2151 4788 unxit

495 4823 679 4891 caput
707 4818 985 4892 patientis
1004 4818 1221 4874 medici
1243 4817 1563 4891 statimque
1585 4819 1862 4890 fugatum
1884 4827 2056 4882 esta-
2077 4838 2151 4879 ,r-

491 4907 642 4964 bum
662 4907 809 4964 illud
827 4913 1213 4976 tormentum,
1241 4912 1298 4964 et
1349 4908 1626 4965 ardentes
1670 4909 1836 4966 faciei
1887 4911 2143 4983 pustulae

493 5002 634 5054 sunt
657 4998 1055 5063 exstinctae,et
1074 4997 1266 5054 factus
1299 5001 1385 5054 est
1441 5014 1624 5055 sanus
1700 5001 1947 5058 omnino
1994 5001 2147 5058 sicut

487 5089 671 5160 prius,
706 5089 1047 5159 glorificans
1079 5091 1265 5145 Deum
1295 5093 1352 5145 et
1380 5089 1829 5147 sanctissimum
1877 5092 2005 5164 ejus
2031 5092 2141 5148 mi-

484 5175 622 5232 litiae
654 5178 987 5250 principem
1023 5177 1388 5234 Michaelem.
1417 5180 1628 5236 Mansit
1648 5196 1787 5236 vero
1809 5180 1883 5236 de
1928 5185 2142 5237 caetero

484 5264 756 5321 medicus
788 5267 882 5322 ille
915 5282 1305 5340 perseverans
1354 5272 1410 5324 et
1452 5269 1732 5324 munifice
1789 5270 2046 5325 offerens
2077 5271 2139 5326 in

484 5353 696 5410 eodem
719 5354 980 5424 glorioso
999 5357 1220 5430 templo
1256 5358 1694 5428 archangelico,
1721 5364 1841 5416 toto
1871 5363 2138 5432 tempore

481 5443 616 5502 vitae
639 5459 761 5500 suae
792 5445 1110 5502 Dominum
1130 5445 1413 5504 laudibus
1449 5448 1758 5517 extollens,
1778 5452 1994 5506 eteum
2030 5449 2137 5523 qui

547 5653 592 5691 ⁴¹
623 5653 765 5711 Luc.
791 5665 885 5723 xv,
917 5654 972 5726 8,
1000 5655 1055 5712 9.
1131 5654 1178 5691 ⁴²
1209 5653 1357 5716 Ibid.
1389 5633 1511 5716 4-6.
1590 5651 1638 5694 ⁸⁸
1663 5654 1803 5717 Luc.
1830 5673 1869 5733 ι,
1902 5661 2090 5720 26-38.
2148 5647 2159 5658 ’

2285 3207 2497 3264 rabilia
2510 3223 2768 3280 quorum
2787 3224 2908 3264 non
2932 3214 3018 3264 est
3038 3224 3346 3277 numerus,
3371 3225 3479 3282 per
3499 3212 3948 3272 sanctissimum

2287 3298 2629 3354 Michaelem
2677 3299 2963 3370 quotidie,
3010 3303 3067 3354 et
3111 3299 3254 3355 olim
3312 3304 3369 3355 et
3413 3316 3598 3369 nunc,
3626 3306 3685 3358 et
3739 3304 3844 3361 hic
3899 3311 3951 3362 et

2285 3386 2444 3455 alibi,
2479 3392 2536 3444 et
2560 3387 2760 3444 multis
2783 3393 2840 3444 et
2869 3387 3140 3457 singulis.
3171 3391 3320 3444 Nam
3346 3389 3454 3445 etsi
3483 3406 3590 3462 per
3619 3391 3776 3448 alios
3810 3411 3944 3451 san-

2284 3481 2409 3532 ctos
2438 3478 2686 3547 angelos
2723 3476 3214 3546 innumerabiles,
3245 3477 3379 3534 fecit
3411 3481 3563 3536 Deus
3609 3480 3941 3542 admirabi-

2280 3566 2426 3622 lium
2447 3566 2911 3622 innumerabilia
2926 3565 3216 3623 miracula
3232 3583 3338 3639 per
3369 3569 3718 3628 universum
3732 3573 3942 3630 orbem

2281 3662 2468 3723 terrm,
2490 3657 2666 3711 trium
2681 3661 2881 3712 tamen
2897 3656 3093 3712 solum
3110 3657 3370 3712 ostendit
3397 3657 3604 3717 divina
3631 3663 3940 3735 Scriptura

2279 3748 2542 3818 pretiosa
2559 3751 2614 3802 et
2635 3746 2979 3802 veneranda
2995 3747 3265 3817 nomina,
3289 3747 3586 3805 Michaelis
3609 3755 3668 3806 et
3693 3753 3935 3809 Gabrie-

2274 3835 2370 3902 lis,
2412 3841 2469 3891 et
2499 3841 2698 3908 aperte
2734 3835 2966 3891 colendi
3021 3835 3355 3908 Raphaelis.
3394 3839 3458 3892 Et
3482 3839 3651 3910 quod
3683 3843 3934 3898 sanctis-

2275 3927 2464 3981 simus
2485 3925 2731 3998 quidem
2754 3925 2997 3982 Michael
3016 3925 3358 3981 fecerithasc
3379 3929 3605 3998 omnia,
3630 3946 3773 4001 quae
3801 3937 3936 3988 sunt

2274 4013 2450 4070 simul
2501 4015 2700 4086 posita
2745 4014 3027 4070 terribilia
3076 4014 3395 4086 miracula,
3444 4015 3584 4072 hinc
3641 4024 3817 4090 patet
3864 4037 3933 4077 ex

2273 4103 2489 4158 divinis
2547 4103 2880 4176 Scripturis.
2963 4103 3377 4160 Divinissimus
3429 4111 3634 4162 autem
3692 4108 3932 4166 Gabriel

2271 4193 2491 4247 missus
2511 4192 2621 4248 fuit
2649 4193 2726 4249 ab
2756 4192 3164 4265 omnipotente
3195 4192 3316 4248 Deo
3346 4196 3401 4250 et
3431 4196 3618 4260 Patre,
3651 4200 3927 4271 tempore

2269 4281 2454 4338 divini
2477 4286 2533 4338 et
2562 4282 2804 4352 benigni
2834 4283 2891 4337 in
2920 4287 3140 4338 terram
3178 4281 3523 4352 descensus,
3568 4285 3752 4342 veluti
3802 4289 3930 4359 qui-

2268 4374 2408 4430 dam
2437 4372 2750 4445 pronubus
2802 4373 2903 4427 Dei
2956 4371 3150 4440 Verbi,
3198 4371 3278 4426 ad
3301 4377 3573 4429 sanctam
3597 4375 3920 4446 Virginem,

2268 4467 2320 4518 et
2353 4463 2532 4517 Dixit:
2568 4484 2594 4512 ‹‹
2650 4464 2772 4516 Ave
2824 4460 3016 4532 gratia
3061 4459 3258 4532 plena,
3315 4461 3603 4518 Dominus
3636 4467 3861 4533 tecum,
3897 4488 3915 4514 ι

2265 4559 2320 4609 et
2342 4554 2454 4608 hac
2474 4568 2614 4608 voce
2639 4550 2869 4624 depulit
2915 4550 3396 4622 antiquissimam
3449 4557 3506 4608 et
3542 4552 3920 4610 diuturnissi-

2263 4659 2424 4698 mam
2457 4641 2792 4698 molestiam
2814 4640 3022 4712 primae
3073 4641 3339 4712 parentis
3371 4643 3522 4707 Evaa,
3570 4647 3628 4698 et
3650 4643 3920 4717 implevit

2259 4731 2461 4788 laetitia
2495 4731 2839 4786 universum
2865 4729 3075 4784 orbem
3099 4734 3266 4784 terrae
3292 4730 3358 4786 ⁸³.
3380 4729 3552 4786 Prius
3580 4747 3717 4788 vero
3741 4734 3915 4790 sterili

2256 4835 2500 4893 quoque
2532 4818 2874 4875 clarissimae
2907 4823 3111 4884 Annaz,
3136 4833 3273 4890 quae
3299 4817 3360 4874 in
3382 4817 3556 4875 horto
3609 4835 3722 4876 suo
3750 4821 3914 4878 obse-

2257 4911 2463 4965 crabat
2498 4910 2840 4978 Dominum,
2871 4907 3146 4981 praedixit
3175 4907 3322 4976 fore,
3353 4912 3419 4964 ut
3448 4924 3521 4963 ex
3549 4925 3621 4965 ea
3644 4925 3912 4968 nascere-

2253 5003 2348 5055 tur
2372 4999 2469 5054 Dei
2509 5013 2747 5070 parens.
2782 4996 2936 5062 Quin
2959 4996 3140 5053 etiam
3170 4996 3480 5068 prophetae
3520 4997 3824 5055 Zachariae
3853 4999 3909 5054 in

2253 5089 2475 5162 templo
2536 5087 2798 5143 sufﬁenti
2845 5087 2970 5159 ipse
3025 5086 3175 5142 dixit
3218 5086 3367 5156 fore,
3397 5090 3462 5143 ut
3515 5087 3579 5143 in
3610 5092 3908 5145 senectute

2249 5180 2517 5251 gigneret
2546 5180 2979 5233 Praecursorem
3009 5192 3021 5230 :
3057 5191 3179 5248 quo
3239 5180 3510 5247 tempore
3548 5191 3692 5232 eum
3737 5178 3907 5234 etiam

2248 5268 2384 5324 fecit
2403 5268 2816 5324 obmutescere
2837 5266 2898 5322 in
2916 5281 3164 5340 poenam
3190 5264 3624 5321 incredulitatis
3651 5268 3723 5321 ⁸⁸.
3743 5269 3908 5323 Eum-

2247 5359 2390 5415 dcm
2421 5373 2563 5428 ergo
2612 5356 3056 5413 divinissimum
3088 5354 3423 5412 Gabrielem
3487 5355 3632 5411 vidit
3701 5371 3903 5412 rursus

2245 5448 2406 5506 idem
2436 5447 2756 5506 Zacharias
2801 5447 2865 5504 in
2923 5446 3144 5506 sanctis
3206 5450 3576 5514 sanctorum,
3643 5445 3847 5505 cibum
3874 5458 3901 5500 e

2311 5656 2359 5704 ιε
2387 5655 2538 5725 Ibid.
2574 5659 2720 5726 '5-20‘.
