4020 6310
84 251 164 304 589

1197 245 1285 301 DE
1327 246 1382 302 S.
1422 243 1769 301 MICHAELE
1807 242 2298 299 ARCHANGELO.

3363 243 3466 302 590

80 373 213 428 caelis
242 373 592 430 efferentem
626 374 704 431 ad
727 373 826 430 Dei
854 376 1131 429 matrem.
1166 370 1456 426 Eumdem
1506 374 1704 426 autem
1734 374 1781 425 Α
1813 371 2017 424 autem
2066 366 2374 422 venissent
2406 365 2483 422 ad
2537 364 2755 435 Tigrim
2806 361 3084 436 ﬂuvium,
3142 368 3292 424 sedit
3319 385 3468 442 puer

85 463 389 519 Gabrielem
412 464 691 520 viderunt
716 465 892 519 etiam
915 466 1183 534 pastores
1213 461 1273 516 in
1318 466 1450 516 ortu
1477 459 1706 523 Christi,

81 552 514 609 annuutiantem
547 554 631 609 eis
662 569 952 623 magnum
1007 551 1296 622 gaudium
1330 557 1385 604 et
1431 549 1708 604 universo

83 641 275 697 mundo
299 644 370 698 ‘5.
407 643 517 698 Alii
549 659 792 715 quoque
821 641 1084 697 similiter
1116 639 1352 712 plurimi
1378 637 1541 705 boni,
1568 636 1709 692 insi-

83 745 200 798 gues
229 733 282 786 et
311 731 506 787 divini
540 732 774 794 fratres,
799 735 938 785 sunt
967 729 1044 785 ab
1075 745 1144 784 eo
1171 728 1230 782 in
1260 727 1478 782 divinis
1500 727 1709 783 initiati

82 819 366 890 mysteriis.
401 823 552 876 Nam
573 837 678 893 per
705 819 816 874 hos
849 818 1024 886 duos,
1047 817 1410 883 Michaelem,
1434 816 1710 888 inquam,

81 912 121 961 et
145 907 1050 976 Gabrielem,descenditomnis
1074 907 1237 963 datio
1264 906 1427 962 bona
1449 910 1504 961 et
1532 921 1711 962 omne

80 995 278 1054 bonum
302 999 662 1070 perfectum,
686 999 849 1072 quod
871 998 1128 1070 desuper
1147 997 1395 1053 mittitur
1410 997 1471 1052 in
1495 1001 1710 1052 terram

82 1102 107 1141 a
131 1089 236 1143 Deo
266 1090 706 1161 omnipotente.
753 1091 851 1146 Hae
885 1091 1044 1144 enim
1077 1093 1215 1144 sunt
1242 1087 1376 1143 duae
1429 1087 1710 1143 maximae

81 1181 121 1232 et
160 1179 315 1235 Daris
366 1179 664 1234 momenti
716 1177 974 1234 lucerna:
1034 1177 1382 1244 Divinitatis,
1435 1193 1571 1249 quae
1626 1180 1714 1232 est

80 1265 419 1337 principium
453 1266 721 1338 luminis,
755 1272 810 1323 et
841 1271 930 1323 est
974 1267 1151 1322 unica
1190 1271 1247 1321 et
1275 1266 1457 1322 trina:
1492 1271 1548 1321 et
1577 1282 1712 1338 quae

79 1368 178 1409 non
223 1354 516 1411 occidunt
543 1356 868 1412 luminaria
918 1356 1096 1412 totius
1145 1354 1308 1410 orbis
1368 1359 1556 1421 terrze,
1609 1355 1714 1427 qui

81 1450 148 1498 est
171 1443 278 1500 sub
305 1443 486 1512 coelo,
517 1451 849 1518 mystae-que
881 1461 1260 1513 arcanorum,
1289 1449 1346 1501 et
1372 1444 1449 1502 ad
1492 1444 1716 1501 futuro-

80 1550 190 1589 rum
213 1533 666 1591 introducentes
698 1535 999 1608 mysteria.

453 1679 541 1734 De
564 1679 933 1750 archangelo
959 1677 1284 1748 Raphaele.

140 1811 301 1868 XXXI.
370 1811 681 1869 Inducitur
762 1817 966 1868 autem
1040 1811 1362 1885 prteclarus
1431 1811 1716 1884 Raphael,

83 1901 300 1972 quando
329 1901 530 1958 Tobiae
561 1906 890 1958 excaecatos
918 1902 1124 1959 oculos
1157 1903 1474 1958 artificiose
1504 1902 1716 1958 illumi-

85 1990 220 2046 navit
257 1993 324 2047 ⁸⁵.
361 1991 468 2046 Hic
497 1991 660 2046 enim
698 1991 913 2048 Tobias
965 1992 1154 2048 fuerat
1184 1991 1482 2047 abductus
1533 1993 1718 2063 capti-

83 2094 173 2132 vus
194 2079 249 2135 in
279 2081 487 2152 prima
514 2080 904 2137 Hebraeorum
943 2081 1281 2154 captivitate
1312 2080 1535 2136 Ninive.
1570 2083 1718 2137 Cum

85 2166 256 2224 autem
303 2175 469 2226 esset
498 2169 634 2242 pius
686 2170 906 2241 justus,
961 2169 1379 2226 convenienter
1431 2169 1565 2240 legi,
1621 2186 1719 2225 eo-

83 2271 195 2312 rum
222 2259 323 2331 qui
351 2264 527 2315 erant
552 2259 642 2314 sui
673 2261 926 2330 generis,
953 2259 1337 2315 morientium
1364 2259 1425 2314 in
1478 2259 1721 2332 captivi-

86 2349 181 2401 tate
206 2363 462 2422 corpora
492 2349 650 2405 clam
679 2348 1022 2422 sepeliebat,
1050 2350 1154 2421 qui
1201 2349 1568 2422 contemptui
1617 2349 1721 2406 ha-

86 2433 382 2505 bebantur,
412 2441 467 2493 et
483 2454 603 2493 non
621 2437 1077 2509 sepeliebantur.
1105 2437 1379 2503 Quodam
1405 2442 1607 2494 autem
1627 2439 1723 2494 die

89 2539 203 2581 cum
216 2542 493 2583 reversus
512 2532 671 2582 esset
690 2543 761 2582 ex
773 2527 887 2583 hoc
905 2526 1001 2599 pio
1015 2542 1212 2598 opere,
1229 2526 1726 2600 deposuissetque

87 2611 327 2682 ligonem
359 2621 419 2672 et
438 2615 756 2689 bipalium,
789 2616 1033 2672 dormiit
1053 2621 1218 2672 extra
1249 2616 1501 2672 domum
1528 2633 1721 2685 suam,

87 2709 387 2775 propterea
418 2703 586 2776 quod
616 2704 747 2776 ipse
775 2709 931 2759 esset
974 2703 1260 2776 pollutus,
1311 2707 1728 2761 convenienter

85 2789 200 2864 legi,
232 2810 370 2866 quae
415 2795 600 2850 dixit:
644 2818 670 2844 «
724 2795 1078 2867 Quicunque
1128 2795 1377 2864 tetigerit
1403 2800 1728 2862 mortuum,

84 2879 424 2938 immundus
447 2883 554 2938 erit
581 2899 771 2955 usque
794 2882 873 2939 ad
893 2883 1255 2938 matutinum
1276 2885 1341 2937 ‘7.
1364 2907 1382 2932 υ
1411 2883 1514 2940 Illa
1526 2889 1726 2940 autem

84 2975 237 3026 nocte
260 2971 532 3027 calidum
555 2978 1002 3028 excrementum
1026 2971 1086 3026 in
1103 2972 1233 3043 ejus
1263 2972 1467 3029 oculos
1489 2972 1726 3028 demisit

1812 465 2027 520 Tobias
2053 465 2132 520 ad
2159 463 2455 520 lavandos
2481 463 2687 535 pedes,
2721 467 2778 519 et
2797 466 3030 538 aspexit
3054 466 3280 537 piscem
3317 468 3470 523 exsi-

1812 553 2076 623 lientem,
2125 559 2190 609 ut
2221 570 2360 609 eum
2407 553 2759 614 devoraret;
2814 559 2871 609 et
2920 554 3276 613 exclamavit
3305 573 3470 630 puer.

1818 642 1962 699 Dicit
1988 659 2130 713 ergo
2157 643 2208 698 ei
2240 642 2350 698 viae
2392 659 2594 698 comes
2635 642 2924 712 angelus:
2958 647 3037 699 Ne
3069 645 3304 712 timeas,
3364 647 3473 704 sed

1817 747 1957 788 eum
1989 738 2192 789 teneas
2219 732 2527 788 audacter.
2561 732 2627 788 Id
2653 735 2854 788 autem
2883 749 3023 789 cum
3049 733 3269 790 factum
3295 742 3469 809 esset,

1816 837 2023 878 rursus
2054 822 2200 877 dixit
2229 822 2315 878 ei:
2353 821 2596 878 Disseca
2647 837 2806 889 eum,
2864 828 2920 878 et
2972 839 3072 879 cor
3115 824 3365 897 quidem
3416 832 3475 882 et

1814 911 1984 981 jecur
2012 911 2324 980 diligenter
2355 927 2528 968 serva
2559 911 2620 967 in
2652 927 2818 980 vase,
2860 911 2938 967 fel
2982 929 3124 969 vero
3181 914 3242 970 in
3288 915 3474 972 altero

1825 1017 1980 1058 vase.
2014 1001 2201 1056 Habet
2229 1001 2389 1056 enim
2439 1017 2620 1057 senex
2669 1001 2941 1074 quidam,
2973 1001 3050 1058 ad
3085 1020 3267 1076 quem
3298 1004 3476 1077 proﬁ-

1821 1089 2124 1156 ciscimur,
2184 1089 2518 1146 formosam
2578 1090 2768 1146 ﬁliam
2825 1090 3147 1146 habentem
3202 1093 3471 1166 spiritum

1821 1179 2227 1246 immundum,
2259 1180 2364 1252 qui
2393 1185 2642 1236 vocatur
2673 1181 3048 1237 Asmodeeus.
3078 1184 3188 1247 Qui
3233 1189 3477 1257 propter

1823 1268 1952 1338 ejus
1981 1285 2253 1325 amorem
2268 1268 2582 1326 suﬁ‘ocavit
2599 1273 2826 1342 septem
2849 1270 3028 1336 viros,
3053 1269 3158 1342 qui
3184 1285 3319 1326 eam
3341 1270 3478 1324 des-

1823 1357 2181 1430 ponderant.
2215 1361 2449 1431 Loquar
2481 1363 2682 1414 autem
2715 1374 2826 1429 ego
2875 1374 3014 1414 cum
3045 1374 3185 1414 sene
3217 1358 3290 1414 de
3339 1373 3475 1414 con-

1823 1450 2034 1522 tractu,
2064 1455 2120 1502 et
2148 1446 2530 1519 persuadebo
2572 1448 2645 1515 ei,
2696 1450 2760 1502 ut
2802 1447 3061 1519 accipias
3110 1447 3296 1503 tiliam
3349 1447 3478 1518 ejus

1823 1535 1885 1590 in
1936 1551 2214 1591 uxorum.
2271 1535 2606 1605 Suftumiga
2665 1540 2863 1592 autem
2894 1552 3030 1592 eam
3077 1551 3149 1591 ex
3178 1536 3377 1607 jecore
3424 1539 3482 1593 et

1826 1623 2026 1694 corde,
2060 1629 2115 1680 et
2139 1623 2322 1695 fugiet
2351 1624 2428 1681 ab
2471 1641 2542 1681 ea
2587 1625 2964 1694 Asmodaeus,
3020 1625 3298 1681 homines
3330 1625 3481 1682 occi-

1756 1734 1794 1785 B
1826 1712 1977 1769 dens
2005 1713 2398 1785 daemonium,
2426 1715 2488 1770 in
2521 1731 2840 1788 supremas
2863 1720 3063 1787 partes
3084 1716 3331 1788 Egypti
3377 1727 3483 1788 per

1827 1819 1922 1859 me
1957 1803 2212 1872 ligatum
2237 1804 2486 1859 vinculis
2513 1804 2954 1876 insolubilibus,
2983 1809 3038 1860 et
3076 1821 3200 1861 non
3240 1809 3483 1877 repente

1826 1892 2118 1948 morieris.
2186 1895 2249 1948 Et
2301 1898 2626 1949 revertetur
2684 1893 2819 1966 ipsa
2869 1910 3113 1966 quoque
3162 1893 3482 1950 uobiscum

1827 1998 1961 2038 cum
2021 1982 2220 2037 multis
2249 1982 2634 2039 facultatibus
2675 1983 2737 2038 in
2771 1983 3024 2040 domum
3073 1987 3261 2040 tuam.
3311 1983 3484 2049 Quod

1827 2071 2008 2127 etiam
2039 2071 2265 2127 factum
2295 2078 2400 2140 est,
2439 2077 2499 2128 ut
2529 2072 2881 2128 summatim
2902 2072 3122 2129 dicam.
3155 2075 3314 2128 Tunc
3336 2088 3487 2146 puer

1830 2160 2089 2217 servavit
2109 2177 2211 2218 cor
2241 2165 2297 2217 et
2320 2161 2490 2231 jecur
2517 2165 2575 2218 et
2602 2161 2700 2231 fel,
2723 2161 2954 2234 piscem
2981 2165 3183 2219 autem
3209 2162 3486 2219 comede-

1826 2252 1985 2305 runt.

1905 2340 2125 2395 XXXIII.
2193 2341 2340 2396 Cum
2421 2345 2624 2396 autem
2707 2341 3031 2413 venissent,
3108 2345 3164 2398 et
3218 2341 3489 2400 alacriter

1831 2429 2059 2500 accepti
2089 2434 2285 2484 essent
2314 2445 2350 2486 a
2375 2446 2515 2485 sene
2547 2430 2826 2500 Raguele,
2853 2435 2910 2487 et
2939 2431 3126 2488 verba
3155 2432 3486 2491 movissent

1833 2517 1908 2572 de
1941 2522 2272 2586 contractu,
2307 2518 2551 2575 uolebat
2577 2536 2779 2588 senex,
2816 2520 3030 2576 timens
3060 2522 3322 2579 maxime
3349 2539 3489 2596 pro-

1835 2610 2040 2678 pterea
2065 2607 2232 2679 quod
2263 2612 2422 2664 esset
2450 2608 2502 2664 ei
2528 2609 2909 2682 propinquus
2935 2626 3171 2683 genere,
3199 2618 3255 2668 et
3287 2623 3490 2670 osten-

1837 2693 2021 2750 debat
2041 2696 2125 2750 eis
2150 2696 2425 2768 sepulcra
2442 2701 2672 2769 septem
2694 2698 2978 2754 virorum.
3001 2700 3267 2758 Tandem
3290 2706 3492 2759 autem

1839 2799 2169 2856 persuasus
2199 2802 2337 2841 cum
2369 2786 2732 2843 celebrasset
2762 2788 3025 2860 nuptias,
3059 2793 3116 2844 et
3146 2806 3284 2846 eum
3323 2806 3492 2864 aspe-

1834 2874 2016 2928 xisset
2044 2873 2261 2939 virum,
2311 2875 2623 2947 quomodo
2673 2876 2725 2932 ei
2764 2883 3144 2946 suggesserat
3197 2881 3326 2950 ejus
3379 2881 3492 2936 viae

1834 2977 2058 3031 comes,
2112 2965 2232 3019 Deo
2271 2980 2527 3035 magnas
2578 2965 2697 3035 egit
2751 2966 2996 3036 gratias,
3040 2971 3096 3023 et
3143 2983 3278 3024 eam
3328 2967 3496 3026 dedit

85 3066 370 3130 passer,et
402 3060 606 3117 statim
635 3060 746 3116 fuit
772 3065 1125 3117 excaecatus.
1161 3063 1555 3134 Nequaquam
1586 3077 1724 3117 vero
1759 3088 1798 3143 ρ
1835 3067 2019 3108 senex
2046 3068 2298 3143 1301‘ij
2342 3053 2558 3120 Τοῢίεε,
2617 3061 2674 3110 εἴ
2724 3053 3046 3111 dimidium
3093 3073 3341 3114 suorum
3390 3057 3492 3114 b0-

84 3146 459 3221 blasphemiis
518 3149 844 3218 incessens,
896 3153 1184 3222 perpetuo
1237 3150 1454 3219 agebat
1501 3150 1724 3221 gratias

87 3237 210 3307 Deo,
241 3239 344 3310 qui
375 3238 438 3294 id
459 3239 830 3311 permiserat.
860 3241 994 3295 Post
1020 3239 1150 3294 haec
1207 3243 1410 3295 autem
1457 3256 1596 3295 cum
1632 3256 1726 3296 ac-

92 3327 409 3384 cersivisset
437 3327 655 3385 Tobias
699 3327 889 3384 ﬁlium
923 3344 1125 3398 suum,
1185 3328 1331 3384 dixit
1373 3329 1463 3384 ei:
1501 3351 1528 3377 ‹‹
1581 3332 1727 3385 Ecce

92 3429 234 3485 ergo,
264 3421 329 3473 ut
361 3416 548 3485 vides,
579 3416 675 3480 ﬁli
712 3421 769 3473 et
797 3433 992 3473 caecus
1023 3423 1076 3473 et
1122 3433 1302 3472 senex
1349 3417 1542 3473 iactus
1590 3435 1726 3474 sum

92 3511 314 3578 propter
339 3505 789 3563 multitudinem
819 3521 1094 3562 meorum
1137 3510 1544 3578 peccatorum.
1607 3510 1730 3577 Age

96 3607 239 3664 ergo,
270 3597 512 3652 mittam
553 3601 607 3651 te
657 3595 734 3651 ad
781 3595 1071 3652 Gabelum
1125 3600 1450 3668 cognatum
1503 3612 1728 3652 meum.

99 3683 336 3756 Deposui
361 3685 528 3741 enim
556 3684 720 3757 apud
745 3700 884 3740 eum
911 3690 1046 3740 ante
1074 3685 1476 3756 captivitatem
1505 3686 1734 3758 aliquot

98 3773 212 3828 auri
237 3773 462 3831 talenta
493 3791 506 3828 :
541 3778 598 3829 et
626 3773 774 3829 affer
819 3789 892 3830 ea
943 3773 1022 3829 ad
1084 3773 1514 3830 sustentandae
1566 3791 1734 3830 meas

98 3861 472 3921 calamitates.
501 3853 618 3920 Sed
649 3863 834 3933 viam,
877 3878 913 3919 ο
939 3862 1041 3931 ﬁli,
1072 3864 1290 3932 nescis,
1330 3864 1621 3937 quoniam
1650 3868 1738 3920 est

97 3967 320 4023 magna.
385 3954 770 4009 Inveniamus
823 3956 1023 4008 autem
1069 3953 1400 4022 hominem,
1457 3953 1561 4026 qui
1593 3953 1738 4009 sciat

97 4041 258 4112 viam,
293 4043 607 4100 timentem
655 4044 864 4111 Deum,
892 4046 949 4097 et
1005 4058 1142 4098 cum
1185 4058 1257 4098 eo
1305 4043 1739 4098 conveniamus

97 4129 159 4185 de
181 4132 347 4202 justa
375 4130 672 4188 mercede.
708 4132 822 4197 Qui
862 4131 969 4187 tibi
1002 4131 1078 4188 sit
1129 4147 1330 4188 comes
1369 4136 1506 4204 post
1555 4134 1739 4187 Deum

96 4223 143 4274 et
168 4225 219 4276 te
247 4237 460 4277 rursus
510 4220 761 4277 reducat
791 4219 869 4275 ad
916 4235 1085 4276 meos
1138 4220 1492 4277 obscuratos
1538 4220 1744 4276 oculos

96 4307 336 4366 illaesum
368 4313 430 4365 et
451 4309 678 4365 laetum.
713 4311 859 4364 Cum
889 4313 1090 4365 autem
1123 4308 1253 4365 talis
1311 4309 1497 4365 homo
1527 4309 1606 4365 ab
1662 4309 1747 4364 eis

99 4403 518 4470 quaererentur,
553 4397 810 4455 accessit
840 4397 918 4453 ab
944 4413 1049 4455 eos
1080 4397 1316 4454 divinus
1348 4398 1746 4469 archangelus

101 4468 354 4560 llaphael
386 4468 660 4545 humana
704 4488 923 4560 specie,
949 4504 1075 4561 prae
1128 4505 1189 4545 se
1232 4488 1428 4544 ferens
1487 4505 1549 4543 se
1591 4468 1749 4544 velle
1783 4468 1826 4521 ἶ)

104 4579 346 4635 conduci
403 4578 769 4646 mercedula,
823 4583 878 4635 et
931 4577 1073 4634 dicit
1125 4577 1247 4633 eis:
1285 4601 1312 4628 «
1371 4577 1754 4634 Paciscimini

104 4682 352 4736 mecum,
405 4673 469 4724 ut
521 4683 634 4740 par
675 4671 781 4738 est,
817 4671 872 4723 et
926 4682 1068 4737 ergo
1124 4666 1322 4739 ipsum
1384 4667 1756 4724 concervabo

109 4762 230 4826 post
283 4760 496 4814 Deum.
549 4757 726 4813 Recte
775 4755 937 4814 enim
991 4757 1112 4812 scio
1161 4759 1218 4811 et
1281 4755 1502 4823 locum,
1551 4760 1606 4811 et
1661 4771 1756 4812 co-

108 4849 344 4913 gnatum
373 4849 546 4902 tuum
579 4845 892 4915 Gabelum,
918 4848 976 4901 et
1017 4845 1069 4916 ej
1082 4862 1148 4900 us
1175 4859 1446 4912 uxorem,
1478 4847 1537 4900 et
1573 4842 1759 4900 ﬁliam

109 4947 248 5002 ejus.
287 4959 314 4986 »

169 5025 371 5080 XXXII.
402 5026 550 5081 Cum
588 5024 629 5080 ii
656 5039 800 5095 ergo
857 5022 939 5078 sic
988 5021 1435 5091 convenissent,
1488 5025 1545 5079 et
1599 5037 1762 5080 acce-

107 5111 286 5182 pisset
324 5130 584 5187 puerum
638 5113 908 5184 angelus,
960 5113 1065 5185 qui
1121 5111 1433 5168 videbatur
1485 5111 1761 5168 mercede

107 5202 457 5272 conductus,
489 5219 629 5260 cum
658 5201 936 5277 plurimis
964 5202 1118 5258 votis
1141 5217 1209 5257 ex
1263 5200 1422 5257 senis
1454 5201 1759 5271 manibus,

109 5290 564 5350 ambulaverunt
595 5293 724 5350 sine
749 5293 957 5350 labore
986 5290 1208 5348 multos
1249 5290 1396 5347 dies.
1458 5293 1571 5346 Eos
1619 5306 1761 5348 vero

110 5387 455 5440 consecutus
485 5386 575 5440 est
623 5382 790 5441 canis
823 5395 1066 5456 quoque
1097 5396 1129 5437 e
1177 5379 1389 5437 domo.
1443 5382 1592 5437 Cum
1645 5368 1763 5452 ipsi

179 5587 228 5627 ⁸⁵
247 5590 384 5648 Luc.
418 5606 486 5663 ιι,
508 5593 664 5648 9-12.
697 5590 746 5626 ⁴⁶
772 5589 918 5648 Tol).
953 5604 1034 5660 xx,
1073 5589 1160 5658 14,
1197 5591 1284 5646 15.
1317 5589 1363 5627 ⁴¹¹
1404 5588 1587 5648 Levit.
1609 5602 1690 5660 x1,
1715 5590 1808 5646 39.

1832 3155 2073 3210 norum,
2097 3141 2329 3197 etmisit
2357 3158 2458 3198 eos
2485 3158 2625 3199 cum
2653 3157 2878 3213 magno
2909 3145 3152 3214 gaudio.
3185 3147 3333 3219 Ipsis
3353 3162 3490 3203 vero

1833 3231 2105 3301 reversis,
2135 3237 2191 3286 et
2211 3231 2388 3286 simul
2420 3248 2557 3288 cum
2583 3248 2653 3289 ea
2673 3233 2902 3289 ancillis
2931 3237 2988 3290 et
3013 3234 3254 3292 famulis
3279 3241 3336 3293 et
3358 3237 3491 3293 inti-

1834 3319 1959 3375 nita
1977 3320 2233 3391 pecunia
2253 3326 2499 3393 accepto
2521 3323 2701 3380 etiam
2723 3339 2759 3378 δ,
2780 3322 3000 3382 Gabelo
3026 3324 3321 3398 deposito,
3346 3342 3487 3383 cum

1837 3408 2140 3464 venissent
2164 3425 2350 3482 prope
2384 3409 2637 3467 domum
2661 3411 2879 3481 Tobiae,
2908 3414 3073 3470 canis
3102 3414 3236 3471 loco
3282 3416 3486 3486 agnito

1839 3513 2216 3570 procurrens,
2246 3498 2554 3568 ingressus
2597 3504 2688 3556 est
2729 3500 3001 3574 domum,
3035 3508 3090 3559 et
3135 3505 3487 3578 complexus

1840 3587 2026 3659 pedes
2057 3586 2274 3656 Tobiae,
2307 3587 2358 3642 ei
2401 3587 2842 3646 blandiehatur.
2877 3590 2974 3648 Ille
3012 3597 3214 3650 autem
3244 3612 3384 3652 cum
3413 3610 3488 3651 ex

1841 3693 1912 3733 eo
1961 3677 2344 3749 cognovisset
2374 3678 2698 3736 adventum
2749 3681 2874 3749 ﬁlii,
2917 3684 3174 3739 surrexit
3208 3700 3484 3758 propere,

1842 3771 1899 3824 et
1926 3767 2026 3822 ivit
2056 3766 2107 3822 ei
2136 3766 2404 3835 obviam,
2431 3772 2488 3824 et
2532 3769 2632 3826 hic
2662 3773 2720 3824 et
2773 3769 2890 3826 illic
2946 3770 3362 3829 offendebatur
3408 3774 3490 3830 ad

1843 3856 2130 3930 parietem
2161 3873 2282 3912 non
2315 3855 2544 3914 videns.
2579 3858 2700 3913 Viae
2732 3875 2872 3915 vero
2902 3876 3104 3918 comes
3133 3861 3276 3918 dicit
3293 3863 3492 3920 Tobiae

1848 3969 1876 3997 ‹‹
1906 3948 2122 4019 Accipe
2152 3947 2228 4002 fel
2257 3947 2460 4018 piscis,
2508 3952 2566 4004 et
2594 3964 2733 4004 cum
2791 3949 2853 4004 in
2901 3949 3126 4006 foribus
3164 3953 3494 4010 occurreris

1846 4036 2002 4110 patri
2033 4041 2155 4101 tuo,
2189 4036 2546 4108 priusquam
2598 4036 2726 4109 ipse
2781 4042 2836 4093 te
2867 4038 3280 4111 amplectatur,
3335 4057 3496 4114 unge

1849 4125 2050 4182 oculos
2078 4126 2226 4196 ejus,
2261 4129 2318 4180 et
2347 4125 2548 4182 statim
2576 4126 2837 4199 ascipiet.
2869 4150 2888 4176 ι
2922 4130 3094 4194 Quod
3119 4147 3256 4187 cum
3274 4130 3500 4190 factum

1852 4219 2009 4272 esset
2037 4219 2093 4271 et
2117 4215 2388 4287 protinus
2432 4216 2625 4271 visum
2662 4217 3000 4290 recepisset,
3038 4225 3326 4278 steterunt
3354 4222 3500 4280 obs-

1854 4303 2156 4378 tupefacti,
2188 4308 2372 4359 Deum
2399 4304 2715 4361 laudantes
2769 4313 3012 4380 pr0pter
3053 4310 3258 4368 omnia
3314 4311 3500 4381 bona,

1857 4412 1992 4469 quae
2025 4395 2110 4449 eis
2134 4393 2373 4450 fecerat.
2405 4395 2748 4451 Volentibus
2800 4403 3002 4454 autem
3055 4399 3201 4472 ipsis
3249 4418 3509 4473 magnas

1858 4484 2075 4542 referre
2137 4484 2359 4554 gratias
2422 4483 2534 4539 viae
2593 4485 2812 4554 comiti,
2888 4489 2994 4562 qui
3055 4492 3513 4550 existimabatur

1862 4573 2287 4639 mercenarius,
2337 4577 2698 4645 etprompto
2754 4580 2812 4631 et
2831 4575 3010 4633 alacri
3041 4580 3246 4638 animo
3287 4582 3341 4638 ei
3370 4589 3515 4639 dare

1864 4663 2181 4719 dimidium
2203 4662 2470 4734 pecuniae
2489 4679 2675 4734 quam
2701 4667 3040 4733 attulerant,
3067 4686 3130 4726 se
3161 4670 3244 4726 eis
3283 4672 3518 4744 aperuit

1869 4752 2268 4822 archangelus
2300 4750 2831 4820 Domini,etdixit:
2866 4778 2893 4806 ‹‹
2921 4759 3040 4826 Ego
3072 4775 3207 4814 sum
3228 4759 3517 4831 RaphaeI,

1869 4857 2026 4898 unus
2083 4857 2155 4897 ex
2209 4845 2438 4913 septem
2495 4842 2888 4914 archangelis,
2933 4846 3039 4917 qui
3092 4848 3210 4903 Deo
3263 4846 3526 4904 offerunt

1868 4946 2077 5004 preces
2101 4931 2405 5004 justorum
2452 4949 2464 4987 :
2521 4937 2578 4988 et
2605 4948 2801 5006 neque
2847 4934 3102 5005 comedi,
3158 4951 3355 5008 neque
3398 4933 3528 4994 bibi

1871 5019 2103 5077 etiamsi
2127 5035 2237 5076 vos
2262 5021 2571 5092 putaretis.
2606 5022 2859 5077 Domino
2879 5038 3018 5079 vero
3047 5030 3339 5097 perpetuo
3370 5025 3530 5096 agite

1873 5110 2117 5180 gratias,
2151 5115 2208 5165 et
2243 5125 2478 5181 semper
2525 5109 2577 5165 ei
2625 5110 3012 5179 conﬁtemini,
3046 5113 3214 5184 quod
3241 5114 3528 5186 magniﬁ-

1872 5198 2029 5256 cavit
2057 5197 2531 5254 misericordiam
2581 5215 2756 5255 suam
2783 5215 2963 5271 super
3007 5216 3138 5257 vos.
3200 5204 3340 5269 Quae
3395 5221 3536 5261 cum

1873 5289 2140 5357 dixisset,
2169 5288 2368 5346 statim
2389 5287 2498 5344 fuit
2518 5287 2790 5344 sublatus
2807 5288 2885 5345 ab
2908 5305 3119 5348 eorum
3141 5293 3350 5349 oculis.
3370 5315 3398 5345 ››
3418 5297 3540 5351 Hoc

1875 5395 2018 5452 ergo
2064 5377 2256 5437 solum
2313 5377 2459 5436 dixit
2517 5376 2821 5452 Scriptura
2885 5379 3096 5439 fecisse
3151 5383 3540 5458 Raphaelem,
