4020 6310
536 299 634 353 591

1491 296 1776 353 MANUEL
1815 293 2357 352 CHARITOPULUS
2397 296 2852 354 PATRIARCHA
2889 298 2992 355 CP.

3861 305 3961 359 592

537 422 704 495 quod
731 421 840 480 fuit
859 423 1154 496 optimum
1185 424 1242 478 et
1269 420 1604 478 maximum
1633 421 2014 479 miraculum.
2050 421 2196 480 Dicit
2224 423 2272 476 A
2306 427 2704 496 assequentur
2735 423 3003 496 trophaea
3022 421 3303 480 victoriae.
3339 424 3450 481 Per
3479 428 3534 482 te
3563 424 3752 482 duces
3787 441 3964 484 exer-

540 516 741 570 autem
769 529 830 569 se
850 529 1041 569 unum
1071 529 1144 569 ex
1174 516 1406 585 septem
1439 512 1838 584 archangelis,
1899 512 2194 584 quoniam
2303 513 2453 568 citus
2532 513 2846 568 Christiani
2922 512 3149 585 populi,
3215 515 3461 570 vincunt
3544 519 3602 570 et
3657 515 3958 572 dedecore

540 603 810 659 omnium
824 601 1099 658 ordinum
1115 601 1644 676 supercoelestium,
1661 608 1716 658 et
1728 618 1858 674 qua:
1869 601 2195 672 intelligen-

2300 601 2568 658 aﬁiciunt
2613 602 2945 676 phalanges
2999 602 3265 674 gentium
3320 603 3675 661 inﬁdelium.
3734 606 3850 661 Per
3907 610 3957 663 te

541 693 624 750 tia
660 692 1212 766 apprehenduntur,
1279 692 1565 750 classium
1609 696 1667 749 et
1699 697 1962 749 coetuum
2008 692 2192 748 duces
2299 691 2496 747 omnis
2529 692 2722 762 gratia
2762 691 3134 757 illuminans,
3164 696 3221 749 et
3245 693 3572 766 praedictio,
3604 699 3664 751 et
3717 696 3960 767 sapien-

541 785 758 839 suntet
782 783 1083 855 principes
1114 783 1186 852 η,
1219 782 1373 838 sicut
1400 781 1626 839 dictum
1653 788 1743 839 est
1774 782 2070 855 superius.

595 871 1200 929 XXXIV.Celebremus
1217 876 1418 928 autem
1435 887 1547 928 nos
1567 872 1662 927 hic
1678 887 1920 945 quoque
1940 872 2186 942 sincere,

536 965 602 1018 ut
623 960 937 1033 debemus,
960 977 996 1018 ο
1017 965 1396 1019 sacrosancte
1421 965 1478 1017 et
1495 977 1530 1017 a
1556 964 1675 1017 Deo
1707 960 1948 1017 collecte
1978 966 2185 1030 coetus,

533 1050 736 1109 laetum
756 1055 813 1109 et
836 1046 1124 1108 illustrem
1150 1055 1208 1108 et
1234 1051 1651 1108 admirabilem
1677 1051 1838 1106 diem
1857 1051 2074 1108 festum
2098 1067 2188 1108 or-

536 1140 748 1198 dinum
774 1141 1038 1198 ductoris
1069 1141 1388 1210 Michaelis,
1419 1140 1526 1213 qui
1571 1141 1807 1196 animas
1849 1146 1906 1196 et
1934 1157 2188 1213 corpora

532 1228 827 1287 beneﬁcio
856 1229 1073 1287 afﬁcit:
1108 1235 1165 1286 et
1193 1231 1245 1286 ei
1269 1230 1596 1287 offeramus
1637 1230 1800 1287 dona
1847 1235 2094 1302 accepta
2128 1236 2184 1288 et

533 1320 738 1392 digna,
767 1325 823 1378 et
851 1320 981 1394 pios
1012 1321 1066 1377 ei
1088 1321 1354 1394 hymnos
1383 1325 1672 1394 perpetuo
1710 1336 1832 1376 non
1871 1337 2180 1377 cessemus

530 1409 804 1485 psallere,
837 1416 902 1468 ut
949 1411 1079 1484 ipse
1121 1426 1365 1484 quoque
1418 1415 1659 1466 moveat
1709 1410 2180 1468 vehementiores

529 1500 985 1557 intercessiones
1010 1499 1088 1556 ad
1109 1515 1496 1555 communem
1517 1500 1838 1556 Dominum
1861 1505 1917 1556 et
1947 1503 2179 1558 Creato-

527 1606 680 1658 rem,
711 1593 778 1645 ut
801 1589 979 1646 nobis
1017 1589 1117 1645 det
1139 1588 1400 1655 veniam,
1456 1589 1561 1662 qui
1595 1589 2013 1661 multiplicium
2042 1607 2175 1663 pec--

530 1683 800 1736 calorum
829 1678 1102 1734 humana
1127 1676 1533 1734 imbecillitate
1563 1678 1912 1734 circumdati
1965 1696 2173 1735 sumus

2299 780 2398 847 tia,
2424 784 2479 837 et
2506 782 2694 836 virtus
2714 784 2779 836 ut
2806 785 2897 836 est
2924 780 3204 837 ﬁdelibus
3235 781 3604 839 hominibus.
3634 785 3716 840 De
3738 789 3956 842 caetero

2297 875 2363 927 ut
2389 872 2494 945 qui
2515 871 2746 928 habeas
2767 871 2945 927 etiam
2962 871 3129 945 quod
3155 877 3347 944 potes,
3375 872 3455 930 da
3483 874 3663 931 etiam
3686 874 3955 932 vicissim

2296 965 2574 1017 eventum
2603 961 2968 1033 petitionum.
3003 963 3248 1032 Protege
3280 977 3518 1036 semper
3564 966 3621 1019 et
3649 979 3956 1021 conserva

2294 1049 2478 1105 vitam
2508 1056 2778 1106 nostram
2834 1050 3050 1122 pennis
3090 1051 3205 1107 tuis
3235 1051 3688 1123 archangelicis,
3723 1056 3785 1109 et
3842 1069 3953 1109 nos

2291 1137 2480 1195 libera
2505 1139 2583 1196 ab
2600 1139 2765 1196 omni
2784 1144 3170 1196 nocumento.
3195 1142 3350 1197 Cura
3369 1140 3714 1198 aﬂectiones
3738 1158 3953 1199 eorum

2292 1229 2396 1302 qui
2434 1234 2744 1300 mgrotant.
2783 1231 2895 1286 Fac
2943 1234 3008 1286 ut
3061 1229 3124 1286 in
3181 1247 3396 1287 auram
3451 1237 3848 1302 evanescant,
3898 1237 3952 1289 et

2289 1318 2699 1375 dissolvantur
2730 1320 2969 1394 spiritus
2994 1335 3204 1376 eorum
3240 1321 3345 1392 qui
3376 1320 3612 1394 probris
3654 1320 3954 1378 insultant

2289 1412 2346 1468 et
2372 1409 2622 1481 injuriis.
2655 1410 2867 1466 Adhuc
2896 1410 3092 1480 magis
3117 1410 3386 1484 deprime
3417 1416 3473 1468 et
3499 1411 3690 1484 dejice
3720 1411 3949 1468 elatum

2287 1505 2343 1556 et
2400 1499 2727 1570 gloriosum
2810 1499 3191 1572 supercilium
3242 1503 3299 1558 et
3351 1500 3947 1574 magniloquentiam

2282 1588 2547 1661 perversi
2594 1593 2650 1645 et
2682 1589 2779 1644 Dei
2825 1589 3037 1660 hostis,
3073 1594 3130 1645 et
3177 1589 3527 1646 hominibus
3580 1589 3788 1646 infesti
3844 1590 3946 1648 Sa-

2281 1681 2456 1744 tanae,
2489 1683 2545 1734 et
2573 1677 2666 1734 fac
2716 1682 2779 1734 ut
2831 1682 3066 1735 cessent
3116 1683 3173 1734 et
3220 1679 3411 1736 otiose
3457 1679 3799 1736 reddantur
3842 1680 3946 1736 im.

527 1772 586 1824 et
612 1767 876 1823 miseria.
910 1767 997 1822 Ad
1026 1783 1166 1822 eum
1207 1781 1348 1837 ergo
1393 1766 1725 1824 clamemus
1766 1773 1821 1825 et
1850 1769 2122 1827 dicamus
2156 1787 2168 1824 :
2205 1785 2243 1839 Β
2280 1767 2484 1841 probae
2533 1769 2662 1838 ejus
2718 1767 3220 1826 machinationes.
3283 1769 3517 1842 Depelle
3584 1769 3946 1828 daemonum

527 1857 786 1928 Benigne
817 1856 1085 1913 minister
1113 1856 1355 1927 benigni
1404 1858 1660 1929 Domini,
1693 1859 1796 1931 qui
1846 1859 1908 1915 in
1957 1865 2172 1933 myste-

522 1945 627 2002 riis
679 1945 898 2013 initias,
953 1944 1199 2001 Michael
1255 1945 1533 2018 princeps
1603 1946 1846 2014 militiae,
1910 1947 2171 2004 assiduis

523 2036 637 2092 tuis
667 2035 832 2108 apud
863 2036 1082 2104 Regem
1116 2034 1319 2104 gloriae
1370 2035 1916 2107 intercessionibus,
1961 2053 2172 2094 omnes

520 2129 656 2183 tuos
683 2124 1028 2181 laudatores
1056 2129 1114 2181 et
1135 2124 1342 2180 ﬁdeles
1376 2129 1511 2182 tuos
1565 2125 1844 2195 famulos,
1879 2144 2016 2183 cum
2067 2145 2172 2201 per

519 2215 955 2289 pmnitentiam,
982 2217 1048 2270 ut
1095 2213 1370 2270 meliores
1399 2215 1679 2281 evadant,
1731 2216 2072 2287 deduxeris,
2117 2223 2173 2275 et

520 2307 588 2360 ut
634 2308 876 2360 sanctos
921 2303 1091 2359 decet
1144 2305 1366 2374 vivant,
1418 2303 1724 2375 erudieris,
1775 2305 1891 2361 illic
1943 2307 2172 2364 colloca

521 2392 585 2449 in
605 2393 857 2451 statione
865 2394 1188 2464 justorum.
1204 2395 1279 2448 Te
1296 2392 1457 2448 enim
1477 2394 1673 2448 omnis
1695 2398 1882 2450 ccetus
1901 2396 2172 2453 Christia-

521 2495 761 2548 norum,
793 2485 934 2554 post
961 2484 1150 2537 Deum
1198 2485 1255 2537 et
1281 2481 1697 2539 intemeratam
1737 2485 1867 2555 ejus
1907 2488 2167 2552 Matrem,

519 2574 845 2645 patronum
869 2569 1169 2627 habemus
1195 2570 1532 2627 maximum
1559 2576 1615 2628 et
1667 2572 1874 2629 salutis
1900 2574 2170 2633 defenso-

519 2677 668 2719 rem.
692 2665 768 2719 Te
787 2661 973 2718 nostri
1000 2661 1205 2719 auxilii
1251 2677 1422 2719 arma
1449 2661 1814 2721 validissima
1842 2669 1895 2721 et
1953 2668 2172 2724 maenia

523 2751 814 2808 adversus
838 2765 1050 2808 omnes
1074 2751 1298 2821 hostes,
1330 2756 1457 2808 tam
1497 2751 1689 2824 quiin
1719 2752 2172 2825 intelligentiam

524 2840 770 2913 cadunt,
817 2858 1005 2914 quam
1034 2841 1140 2914 qui
1195 2841 1310 2896 sub
1369 2857 1633 2912 sensum,
1680 2845 2064 2916 opponimus.
2098 2850 2171 2904 Te

521 2935 743 2987 nostrae
790 2929 1156 2987 defensionis
1216 2929 1486 2987 divinam
1545 2935 1602 2987 et
1659 2932 2173 2993 evidentissimam

524 3019 1002 3078 circumferimus
1048 3020 1481 3094 gloriationem.
1515 3023 1623 3078 Per
1664 3026 1719 3080 te
1755 3023 1962 3081 ﬁdeles
2003 3041 2174 3099 reges

594 3174 643 3212 ⁴⁸
672 3173 817 3232 Tob.
843 3190 1007 3233 I-XIV.

2277 1857 2551 1924 insidias,
2583 1874 2717 1930 quae
2753 1857 3044 1914 adversus
3085 1874 3196 1914 nos
3227 1862 3466 1915 structaa
3509 1864 3668 1917 sunt.
3723 1860 3941 1928 Evelle,

2279 1962 2416 2018 quae
2446 1946 2524 2002 ab
2546 1946 2788 2003 inimico
2816 1951 2944 2004 sata
2967 1951 3103 2003 sunt
3124 1947 3350 2004 zizania
3366 1947 3428 2004 in
3459 1963 3605 2018 agro
3636 1948 3941 2005 Ecclesiae.

2281 2034 2480 2106 Purga
2511 2035 2634 2091 veri
2666 2035 2849 2092 Patris
2874 2035 3131 2092 familias
3184 2041 3240 2092 et
3289 2037 3524 2092 Domini
3578 2041 3939 2094 sementem.

2281 2125 2598 2198 Oppugna,
2631 2130 2687 2181 et
2719 2125 3052 2195 ignominia
3083 2124 3275 2194 afﬁce,
3331 2131 3388 2182 et
3425 2125 3684 2183 dissolve
3750 2132 3943 2184 ccetus

2280 2230 2488 2270 eorum
2511 2215 2614 2288 qui
2640 2215 2798 2271 male
2830 2215 3111 2282 sentiunt,
3145 2220 3203 2272 et
3227 2220 3366 2272 sunt
3387 2216 3574 2289 impii.
3633 2220 3757 2274 Nos
3814 2234 3945 2291 per-

2277 2309 2458 2376 petuo
2490 2303 2782 2360 conﬁrma
2812 2308 2868 2361 et
2897 2304 3223 2360 corrobora
3269 2304 3779 2362 intercessionum
3821 2313 3943 2363 tua-

2276 2409 2412 2449 rum
2434 2393 2884 2450 defensionibus
2915 2394 2993 2450 ad
3017 2393 3150 2465 hoc,
3177 2398 3240 2451 ut
3266 2394 3411 2451 citra
3430 2394 3940 2467 impedimentum

2277 2481 2569 2539 faciamus
2603 2483 2973 2540 Dominicam
3014 2487 3072 2540 et
3115 2482 3385 2539 divinam
3430 2483 3848 2541 voluntatem:
3882 2489 3945 2542 ut

2277 2586 2385 2642 per
2399 2578 2560 2627 tuam
2579 2572 3021 2645 providentiam
3040 2577 3095 2629 et
3109 2571 3520 2629 defensionem
3537 2571 3705 2643 digni
3723 2573 3937 2642 habiti,

2279 2660 2384 2733 qui
2403 2661 2589 2717 vitam
2620 2677 2879 2733 agamus
2909 2662 2970 2718 in
3011 2662 3252 2718 veritate
3284 2666 3340 2718 et
3367 2662 3614 2733 justitia,
3648 2678 3941 2735 assequa-

2279 2766 2417 2805 mur
2447 2755 2666 2808 aaterna
2698 2751 2912 2809 Christi
2941 2751 3105 2809 bona
3125 2751 3186 2808 in
3225 2767 3413 2822 regno
3441 2751 3755 2824 caelorum,
3793 2768 3934 2824 gra-

2279 2839 2360 2895 tia
2389 2843 2445 2894 et
2467 2840 2874 2897 misericordia
2903 2841 3137 2897 Domini
3165 2839 3352 2896 nostri
3376 2841 3519 2897 Jesu
3548 2841 3788 2910 Christi,
3843 2841 3936 2898 cui

2238 2936 2258 2956 '
2281 2926 2471 2998 gloria
2492 2933 2549 2986 et
2578 2930 2846 3002 potentia
2878 2929 2940 2986 in
2962 2929 3182 2988 saecula
3203 2929 3582 2987 saeculorum.
3612 2936 3831 2987 Amen.

523 3379 3936 3421 Μ

1854 3549 2044 3606 ΑΝΝο
2085 3549 2333 3607 DOMINI
2372 3550 2598 3608 MCCXL

734 3777 1931 3947 MANUELIS
2155 3779 3703 3948 CHARITOPULI

1874 4107 1991 4172 CP.
2039 4108 2563 4172 PATRIARCHIE

1399 4288 1875 4376 SOLUTIONES
1920 4292 2413 4365 QUARUMDAM
2458 4295 3015 4374 QUIESTIONUM,

1755 4477 1856 4538 DE
1895 4478 2094 4540 JURE
2137 4479 2649 4545 PATRONATUS

1525 4718 1628 4780 DE
1669 4719 2256 4786 TRANSLATIONE
2299 4725 2869 4792 EPISCOPORUM.

1654 4909 1810 4972 Vide
1840 4914 1994 4975 tom.
2028 4912 2238 4987 CXIX,
2273 4915 2397 4978 col.
2434 4916 2724 4980 807-815.
