4020 6310
127 322 3536 371 W

1439 467 1629 523 ANNO
1669 465 1918 525 DOMINI
1954 468 2182 525 MCCXL

1037 669 2303 839 GERMANUS
2467 573 2643 840 i1
2803 555 2812 561 ’

546 980 1391 1080 PATRIARCHA
1492 983 3102 1087 CONSTANTINOPOLITANUS

1476 1405 2168 1533 NOTITIA

1202 1652 1486 1726 (Lequien
1511 1653 1718 1711 Oriens
1746 1654 2150 1729 Christianus,
2179 1659 2324 1714 tom.
2361 1657 2431 1729 Ι.)

169 2015 430 2073 Manueli
458 2018 748 2075 successit
771 2020 1100 2076 Germanus
1118 2020 1186 2090 II,
1212 2019 1693 2092 sapientissimus
1723 2019 2257 2094 sanctissimusque
2278 2020 2386 2089 vir,
2413 2019 2671 2092 Callisto,
2696 2020 2819 2079 imo
2847 2023 2903 2078 et
2924 2022 3281 2094 Acropolita
3305 2027 3516 2096 cap.42

101 2103 356 2178 aliisque
378 2106 698 2177 Gracis,ex
721 2108 952 2181 Anaplo
980 2110 1356 2181 Proponditis
1386 2109 1698 2178 oriundus,
1728 2109 2062 2182 piscatoris,
2094 2114 2160 2166 ut
2185 2109 2503 2180 ferebatur,
2533 2110 2722 2180 filius;
2752 2111 2876 2184 qui,
2909 2128 3049 2167 cum
3076 2114 3301 2182 Magna
3325 2113 3513 2169 Eccle-

103 2194 206 2251 sia
237 2196 540 2253 diaconus
569 2202 744 2264 esset,
776 2199 1292 2272 Constantinopoli
1323 2204 1689 2272 expugnata,
1721 2198 1779 2254 in
1803 2199 2128 2270 Achyrena
2158 2199 2589 2256 monasterium
2619 2202 2675 2256 S.
2701 2200 2932 2270 Georgii
2957 2201 3397 2274 Paneumorphi
3421 2218 3511 2258 se-

99 2289 386 2341 cesserat.
426 2291 600 2343 Anno
632 2291 782 2352 1232,
808 2289 1032 2344 mensis
1063 2289 1313 2358 Augusti
1367 2289 1464 2344 die
1513 2293 1702 2358 sexta,
1748 2288 2070 2344 indictione
2097 2305 2154 2357 v,
2188 2291 2446 2361 acceptis
2471 2289 2678 2344 litteris
2733 2289 3015 2346 Manuelis
3039 2293 3232 2357 Duca,
3268 2291 3424 2363 Epiri
3454 2306 3515 2357 et,

100 2373 426 2430 Thessalia
459 2375 763 2449 principis,
797 2376 1100 2449 synodum
1127 2377 1338 2434 habuit
1366 2378 1594 2450 aliquot
1645 2377 2180 2449 metropolitarum,
2211 2377 2622 2450 ChristOphori
2670 2377 2890 2434 scilicet
2943 2382 3192 2451 Ancyra
3241 2379 3507 2447 Galatia,

97 2463 350 2520 Joannis
375 2464 754 2534 Nicomedia,
779 2465 1003 2522 Nicolai
1024 2466 1397 2538 Amastridis,
1433 2466 1626 2523 Basilii
1657 2469 1986 2536 Serrarum,
2019 2467 2269 2540 Agapeti
2289 2466 2534 2540 Lupadii
2566 2471 2622 2523 et
2651 2467 3017 2540 Melitepolis,
3053 2468 3261 2524 Leonis
3292 2471 3510 2526 Prusa.

99 2551 423 2626 Nicephori
445 2554 950 2622 Pontoheraclea,
976 2556 1185 2611 Leonis
1217 2555 1680 2629 Pompeiopolis,
1717 2556 1909 2612 Basilii
1936 2557 2329 2626 Praconnesi,
2358 2556 2589 2628 Georgii
2641 2556 3076 2628 Didymothiei;
3101 2558 3272 2628 cujus
3292 2557 3510 2630 synodi

99 2647 270 2711 gesta
294 2642 698 2701 indicantura
729 2644 1049 2701 Lambecio
1073 2661 1147 2702 ex
1172 2645 1304 2701 cod.
1341 2648 1608 2702 Casareo
1639 2647 1839 2700 Graco
1869 2649 1995 2706 241,
2035 2649 2215 2718 atque
2238 2645 2316 2701 ad
2363 2645 2696 2702 Manuelem
2727 2649 2954 2702 Ducam
2999 2645 3078 2702 ab
3109 2662 3178 2702 ea
3199 2646 3510 2718 delegatus

98 2730 313 2788 dicitur
339 2732 802 2805 Christophorus
828 2738 1206 2807 Ancyranus.
1231 2736 1528 2790 Germano
1549 2733 2020 2806 patriarchatum
2042 2739 2302 2805 gerente,
2334 2737 2564 2790 Joanne
2593 2735 2814 2791 Batatzi
2844 2735 3016 2807 imp.,
3042 2750 3204 2792 anno
3237 2740 3392 2802 1231,
3417 2737 3512 2792 die

99 2824 162 2876 26
189 2821 415 2894 Aprilis
436 2821 754 2879 concilium
777 2824 1089 2897 Nymphai
1111 2824 1170 2880 in
1193 2823 1472 2896 Bithynia
1493 2823 1767 2880 habitum
1795 2827 1904 2894 est,
1927 2829 2172 2896 propter
2200 2823 2444 2879 nuntios
2472 2827 2735 2896 quatuor
2769 2823 3024 2880 Romani
3052 2840 3224 2897 papae
3251 2826 3514 2897 Gregorii

98 2907 182 2976 IX,
213 2910 330 2982 qui
363 2910 632 2966 Ecclesia
664 2913 904 2968 unionis
921 2912 1300 2968 restituenda
1320 2913 1511 2982 gratia
1533 2912 1935 2980 advenerant;
1967 2929 2229 2985 quorum
2260 2913 2382 2968 duo
2413 2929 2484 2968 ex
2513 2913 2722 2969 ordine
2743 2913 3229 2984 Pradicatorum,
3263 2913 3384 2970 duo
3415 2915 3514 2971 alii

98 3013 168 3054 ex
192 3000 498 3056 Minorum
531 3004 738 3056 erant:
771 3001 941 3074 cujus
970 3001 1185 3072 synodi
1215 3006 1349 3058 acta
1387 3004 1589 3057 Graca
1620 3002 1943 3074 Latinaque
2001 3006 2253 3058 exstant.
2305 2993 2549 3058 Concilii
2579 3001 2780 3057 nullus
2809 3002 2912 3074 qui
2943 3002 3298 3074 sperabatur
3323 3003 3514 3058 exitus

96 3087 201 3145 fuit
226 3107 242 3144 :
279 3090 558 3160 Gregorio
583 3095 782 3147 tamen
803 3107 978 3165 papa
997 3093 1329 3148 Germanus
1354 3090 1694 3164 patriarcha
1714 3089 2032 3162 epistolam
2059 3089 2616 3162 dedit.Nicephorus
2637 3089 2908 3146 Callistus
2930 3089 3114 3157 addit,
3148 3091 3513 3146 Germanum

99 3183 313 3235 contra
335 3178 580 3235 Latinos
611 3179 920 3252 scripsisse
946 3200 959 3249 ;
993 3181 1246 3254 ejusque
1275 3180 1543 3252 profecto
1572 3179 1867 3252 opuscula
1896 3179 2126 3252 aliquot
2155 3183 2412 3246 exstant,
2437 3179 2649 3250 jejuna
2673 3194 2922 3252 prorsus
2945 3178 3272 3245 etinﬁceta,
3301 3185 3362 3236 ut
3392 3179 3514 3237 fere

97 3268 338 3324 nullum
359 3267 522 3324 aliud
542 3268 882 3326 Graeorum
904 3269 1166 3326 deterius
1194 3269 1496 3342 prodierit.
1518 3269 1680 3325 Morti
1697 3269 2007 3340 proximus
2027 3268 2431 3325 monasticum
2455 3268 2793 3324 institutum
2811 3267 3154 3340 resumpsit,
3179 3268 3368 3324 accito
3401 3269 3515 3325 sibi

99 3356 350 3428 Georgii
362 3357 644 3414 monachi
663 3359 904 3414 nomine
924 3372 945 3429 ,°
967 3374 1230 3432 cumque
1259 3358 1529 3414 Ecclesia
1550 3373 1672 3414 sua
1691 3373 1883 3414 annos
1903 3358 2113 3414 decem
2135 3365 2193 3414 ct
2211 3361 2344 3413 octo
2375 3357 2736 3430 prafuisset,
2756 3358 2939 3413 vitam
2960 3363 3152 3414 morte
3183 3362 3514 3416 commuta-

96 3447 192 3501 vit.
229 3446 586 3518 Onuphrius
613 3447 676 3502 in
708 3447 1000 3504 Chronico
1031 3465 1135 3504 sex
1166 3463 1404 3504 menses
1423 3447 1606 3518 addit,
1641 3463 1903 3519 eumque
1920 3446 2139 3503 obiisse
2170 3452 2375 3502 censet
2393 3463 2554 3503 anno
2585 3450 2738 3503 1240.
2768 3447 3159 3518 Ephramius,
3190 3463 3372 3519 quem
3401 3449 3514 3503 Leo

95 3535 350 3593 Allatius
369 3534 579 3592 laudat
595 3535 698 3592 lib.
720 3553 754 3592 ιι
776 3539 863 3594 De
880 3552 1140 3594 consens.
1167 3553 1306 3610 cap.
1340 3541 1420 3602 14,
1441 3537 1502 3592 in
1519 3552 1629 3592 sua
1647 3535 2125 3608 patriarcharum
2150 3536 2262 3591 CP.
2296 3535 2716 3608 Chronologia,
2745 3551 2934 3608 quam
2956 3536 3228 3593 versibus
3259 3536 3514 3608 politicis

99 3624 462 3698 composuit,
489 3624 654 3681 hunc
681 3625 833 3683 inter
857 3629 1098 3684 sanctos
1123 3626 1438 3701 pontifices
1459 3627 1787 3700 ascriptum
1817 3624 2207 3698 tradit,quem
2241 3625 2496 3698 proinde
2522 3625 2584 3682 in
2613 3625 2803 3683 tribus
2833 3625 3120 3698 catalogis
3142 3625 3355 3683 abesse
3385 3641 3518 3699 per-

94 3713 318 3771 mirum
349 3717 458 3770 est.

1024 4016 1700 4132 GERMANI
1772 4019 1877 4126 II
1954 4017 2592 4126 SGRIPTA.

961 4252 1070 4325 (Ex
1086 4251 1341 4310 Fabricii
1361 4250 1726 4310 Bibliotheca
1753 4252 1957 4308 Graca
1983 4249 2077 4307 ed.
2106 4249 2310 4307 Harles
2336 4251 2482 4308 tom.
2504 4249 2619 4322 XI.)

1541 4613 1776 4684 Scripta
1797 4605 2060 4670 inedita.

158 4762 200 4817 Ι.
234 4759 319 4815 De
341 4758 716 4829 processione
747 4758 1010 4826 Spiritus
1048 4759 1240 4814 sancti
1267 4758 1551 4814 adversus
1585 4757 1745 4812 Latir.

1914 4755 2119 4830 ncipit:
2169 4757 2288 4809 Ἐὰν
2318 4756 2465 4830 ὑμεῖς
2503 4759 2686 4830 μένητε
2713 4754 2761 4808 ἐν
2797 4762 2868 4828 τῷ
2906 4754 3041 4828 λογῳ
3088 4761 3160 4826 τῷ
3200 4753 3329 4829 ἐμῷ,
3379 4753 3501 4812 ἀλη-

98 4847 190 4911 Θῶς
213 4850 459 4921 μαθηταί
487 4851 587 4920 μού
619 4847 752 4902 ἐστι.
787 4847 1030 4918 Collegit
1085 4848 1468 4904 auctoritates
1519 4849 1685 4902 Patru

1913 4862 1996 4901 im
2044 4846 2406 4913 Latinorum,
2440 4847 2654 4902 Gracis
2702 4849 2904 4902 tamen
2933 4844 3128 4901 verbis
3166 4859 3500 4916 expressas,

97 4939 237 4994 teste
269 4937 487 4994 eodem
519 4936 732 4992 Allatio
763 4939 824 5009 11,
857 4941 922 4992 lli
944 4951 1083 5011 pag.
1117 4941 1240 4991 7I2.
1270 4937 1442 4992 Libro
1475 4951 1491 4989 ι
1525 4941 1732 4991 contra
1763 4935 2024 5001 Latinos,
2057 4935 2447 5007 responsione
2479 4938 2542 4992 IO
2598 4935 2699 5007 (a),
2738 4935 2951 4990 citatur
2978 4949 3015 4990 a
3042 4933 3163 4988 Nic.
3197 4933 3501 4989 Comneno

95 5041 148 5099 p.
171 5031 278 5085 356
313 5028 579 5084 Praenot.
609 5026 1030 5099 mystagog.(b)
1056 5030 1136 5082 Ex
1159 5027 1405 5095 epistola
1431 5026 1512 5082 ad
1523 5026 1948 5095 patriarcham
1972 5027 2151 5096 Cpol.
2183 5026 2459 5082 Latinum
2483 5024 2840 5097 (Nicolaum)
2870 5022 3114 5079 Allatius
3145 5038 3185 5094 p
3217 5027 3338 5090 300,
3372 5025 3498 5091 568,

159 5117 221 5174 ll.
262 5118 341 5173 De
368 5117 594 5187 azymis
623 5116 697 5172 ad
739 5114 1118 5172 Theodorum
1179 5114 1474 5172 Studitam
1520 5114 1844 5185 juniorem,
1875 5114 2164 5187 scriptum
2215 5113 2526 5171 inﬁcetum
2575 5129 2826 5187 prorsus
2857 5114 2913 5167 et
2941 5112 3190 5168 inscitia
3224 5111 3493 5185 plenum,

162 5296 249 5363 (a)
275 5297 333 5353 S.
359 5296 444 5352 De
462 5296 737 5352 Ecclesia
764 5295 1088 5353 Orientalis
1105 5301 1158 5352 et
1183 5295 1581 5352 Occidentalis
1609 5310 1744 5350 con-
1855 5293 2116 5364 Spiritus
2133 5296 2346 5360 sancti,
2366 5293 2592 5363 azymis
2621 5298 2676 5349 et
2707 5293 3060 5362 baptismate
3087 5307 3162 5349 ex
3196 5293 3498 5349 Germani.

98 5367 381 5437 sensione,
416 5367 588 5438 cujus
612 5366 815 5423 locum
851 5368 1081 5440 repetiit
1108 5369 1380 5422 Lambec.
1427 5367 1514 5437 IlI,
1543 5382 1605 5438 p.
1647 5369 1748 5422 3I2
1854 5367 2224 5440 patriarcha:
2242 5365 2575 5440 CPolitani,
2597 5365 2797 5440 Niceti;
2814 5365 3508 5440 residentisresponsione

101 5453 183 5510 sq.
215 5435 414 5510 Hann,
466 5435 505 5510 μ’
647 5509 653 5510 ί
919 5435 934 5440 ⁷
1289 5509 1298 5510 ί
1497 5435 1505 5437 “
1546 5435 1563 5438 ’
1855 5437 1936 5492 ad
1965 5438 2278 5506 epistolam
2309 5451 2490 5510 papas
2508 5436 2783 5510 Gregorii
2817 5438 2940 5510 _IX.
2977 5435 3349 5510 \(sLambee.
3414 5439 3504 5510 ΙΙΙ,

163 5511 243 5580 (ὁ)
271 5508 611 5564 Vindobon.
641 5509 703 5564 in
738 5510 871 5565 cod.
929 5512 1141 5566 Casar.
1200 5509 1372 5575 LXIV,
1405 5524 1471 5564 n.
1535 5512 1623 5573 27,
1657 5511 1745 5564 est
1853 5523 1991 5578 pag.
2026 5510 2128 5563 318
2157 5523 2292 5580 sqq.
2327 5508 2419 5562 ed.
2446 5506 2882 5580 Kollar._l’aris.
2915 5507 2976 5562 in
3002 5507 3336 5580 bibl.publ.
3369 5507 3504 5580 cod.

105 5577 383 5654 syhbpsis
405 5580 881 5654 testimoniorum
899 5583 952 5638 S.
973 5581 1286 5652 Scriptura
1306 5584 1362 5654 et
1386 5582 1480 5636 SS.
1508 5582 1743 5654 Patrum
1856 5577 2352 5654 MCCLXVII,'11:._2.
2378 5578 2540 5634 Conf.
2567 5577 2763 5635 Oudin
2789 5580 2874 5638 De
2915 5581 3102 5650 script
3129 5623 3139 5636 .
3163 5577 3386 5648 coclea,
3411 5577 3508 5648 ΙΙΙ,

104 5650 309 5711 centra
328 5653 678 5709 Latinorum
691 5651 953 5708 hareses
977 5657 1033 5709 et
1053 5650 1283 5709 errores
1298 5650 1365 5709 de
1381 5653 1749 5724 processione
1856 5666 1916 5724 p.
1955 5656 2046 5707 56.
2091 5665 2226 5724 sqq.
2255 5650 2438 5707 HAaL.
