4020 6310
511 396 615 455 595
1636 388 2012 451 GERMANUS
2068 394 2114 448 II
2173 390 2275 449 CP.
2336 388 2801 450 PATRIARCHA.
3834 392 3977 447 596‘

505 520 709 594 judice
740 520 1041 595 Stephano
1069 519 1145 578 de
1164 519 1459 579 Altimura
1486 520 1818 578 Ponticensi
1845 520 1907 577 in
1934 520 2228 594 Panoplia
2269 521 2479 576 contra
2517 516 2781 573 schisma
2809 515 3149 570 Graecorum
3175 528 3234 587 p.
3272 517 3394 571 358.
3421 516 3597 573 Fara.
3629 516 3848 571 Exstat
3878 514 3938 570 in

520 610 653 668 cod.
685 610 936 667 Vindob.
967 612 1114 668 Caes.
1146 610 1332 667 modo
1355 609 1624 681 laudato,
1660 614 1717 666 et
1744 609 1928 681 Paris,
1960 610 2022 666 in
2042 609 2189 667 bibl.
2215 607 2551 683 publrcod.
2582 605 2829 671 MCCXV,
2851 618 2915 659 n.
2947 607 2998 667 3,
3029 604 3203 659 HARL.

579 703 669 757 ιιι.
696 700 783 757 De
804 700 1182 771 purgatorio,
1216 703 1273 756 et
1301 699 1399 757 IV.
1428 700 1515 757 De
1543 700 1735 756 tribus
1780 700 1970 756 modis
2008 698 2487 757 administrandi
2518 697 2833 767 baptisma.
2876 691 3132 748 Allatius
3163 692 3204 747 Ι.
3239 707 3288 747 c.
3321 708 3456 765 pag.
3490 697 3617 750 712.

578 791 645 845 V.
681 789 961 845 Homilia
976 788 1176 861 plures
1200 792 1257 846 et
1286 788 1641 857 Caice/ceses,
1692 805 1832 845 cum
1858 790 2107 859 epistola
2135 783 2216 845 a'd
2232 786 2540 845 Nicolaum
2583 781 3069 857 grammaticum,
3107 785 3358 839 servatae
3390 782 3454 839 in
3490 782 3703 840 codice
3722 782 3942 840 Coisli-

507 877 710 939 niano,
743 877 917 948 cujus
940 877 1215 934 notitiam
1240 894 1312 934 ex
1340 877 1637 934 eruditiss.
1661 876 2063 934 Montfauconi
2079 879 2353 947 catalogo
2378 891 2517 950 pag.
2548 878 2647 932 391
2683 873 2775 931 hic
2806 885 3110 946 apponere
3141 886 3265 927 non
3294 873 3614 943 gravabor.
3650 895 3672 923 ι
3728 873 3944 930 Codex

508 966 866 1033 CCLXXVIII,
889 965 1033 1024 olim
1054 967 1365 1039 CCCLXIII,
1397 966 1828 1040 bombycinus,
1857 983 1955 1025 xxv
1983 967 2213 1025 circiter
2259 966 2482 1037 seaculi,
2513 964 2795 1024 foliorum
2843 966 2966 1021 236.
3023 961 3220 1021 Sancti
3247 961 3525 1021 Germani
3563 962 3943 1037 patriarchae

513 1054 620 1113 ΟΡ.
648 1042 965 1112 Sermones
990 1060 1047 1113 et
1059 1056 1343 1113 homiliae.

583 1166 603 1194 ι
650 1143 766 1200 Fol.
800 1147 852 1200 4.
888 1146 943 1202 8.
980 1144 1261 1202 Germani
1326 1145 1590 1217 archiep.
1625 1146 1726 1201 CP.
1758 1145 2096 1203 Sermones.
2154 1144 2389 1203 Primus
2413 1146 2475 1203 in
2531 1144 2908 1202 ordinatione
2937 1142 3068 1214 ejus
3087 1142 3149 1199 in
3177 1142 3585 1216 patriarcham
3612 1142 3725 1199 (ΖΡ.
3761 1141 3897 1199 init.
3927 1157 3941 1196 :

508 1232 669 1287 Πάλιν
722 1233 801 1285 ἔπ’
845 1236 933 1307 hy}:
994 1239 1209 1310 χρίσμα
1255 1238 1346 1288 καί
1387 1241 1608 1307 πνεῦμα.
1644 1233 1816 1290 FABB.
1864 1235 1968 1292 Hic
2015 1239 2072 1292 et

2355 1254 2360 1289 ι
2409 1235 2629 1309 aliique
2676 1247 2987 1290 sermones
3026 1236 3308 1305 quatuor,
3354 1247 3464 1288 nec
3490 1246 3615 1287 non
3636 1231 3828 1304 epist.
3858 1229 3942 1287 ad

509 1322 805 1395 populum
837 1322 1000 1396 Cpol.
1026 1328 1353 1398 postquam
1386 1323 1708 1397 episcopus
1734 1323 1926 1381 factus
1950 1329 2128 1393 esset,
2162 1327 2219 1380 et
2246 1324 2500 1398 epistola
2525 1324 2605 1381 ad
2632 1324 2951 1380 Nicolaum
2975 1323 3454 1393 grammaticum,
3483 1321 3589 1395 qui
3618 1320 3702 1377 ad
3726 1325 3943 1394 partes

505 1411 1020 1469 Musulmanorum
1044 1414 1380 1483 transierat,
1429 1417 1485 1470 et
1509 1414 1731 1486 scripta
1759 1414 2163 1484 ignominiosa
2187 1418 2393 1471 contra
2416 1412 2810 1471 orthodoxam
2833 1411 3020 1467 ﬁdem
3044 1411 3413 1483 vulgaverat,
3444 1414 3658 1484 postea
3673 1426 3830 1466 vero
3861 1407 3943 1466 ad

511 1516 726 1557 sanam
750 1504 1015 1557 mentem
1043 1502 1320 1570 redierat,
1343 1501 1532 1558 Oxon.
1564 1503 1625 1557 in
1655 1502 1790 1559 cod.
1821 1506 2058 1559 Barocc.
2089 1504 2305 1560 CXXXI.
2329 1535 2397 1543 —
2427 1502 2706 1560 Germani
2746 1516 2965 1570 sermo,
2997 1499 3248 1573 quando
3277 1500 3781 1572 archiepiscopus
3811 1499 3943 1572 ipse

510 1594 897 1646 consecratus
926 1594 1115 1659 esset;
1148 1591 1425 1662 ejusdem
1457 1607 1655 1648 sermo
1681 1592 2020 1647 indictionis
2041 1591 2242 1659 initio;
2266 1592 2542 1663 ejusdem
2566 1590 2816 1647 homilia
2843 1593 3051 1646 contra
3069 1588 3317 1645 clericos
3338 1605 3556 1645 avaros
3580 1592 3638 1645 et
3666 1602 3946 1661 paraene-

513 1676 595 1733 sis
625 1677 705 1732 ad
726 1682 1005 1750 parentes
1033 1678 1109 1735 de
1135 1678 1374 1749 liberis;
1406 1679 1655 1737 homilia
1684 1680 1757 1737 de
1789 1696 1961 1736 sacra
1987 1680 2220 1752 synaxi,
2256 1686 2312 1736 et
2340 1680 2503 1753 quod
2535 1680 2735 1736 adhuc
2764 1679 2987 1734 durant
3015 1677 3328 1744 miracula,
3346 1678 3607 1751 denique
3639 1692 3855 1734 sermo
3881 1676 3944 1732 in

511 1766 1041 1823 Annuntiationem
1072 1770 1132 1823 Β.
1191 1769 1467 1839 Virginis,
1495 1768 1558 1825 in
1584 1770 1825 1827 Thomaa
1857 1769 1997 1826 Gale
2038 1768 2173 1825 cod.
2204 1771 2378 1834 XLVI,
2402 1768 2442 1825 f.
2476 1772 2614 1825 5880
2668 1773 2780 1825 cat.
2811 1783 2961 1823 mss.
3022 1767 3192 1837 Angl.
3222 1768 3323 1823 vol
3355 1784 3421 1824 ιι.
3460 1773 3635 1823 Haec.
3662 1798 3737 1807 —
3766 1768 3828 1836 2)
3856 1768 3947 1826 Εις

519 1856 695 1927 ἀρχὴν
726 1851 812 1907 ινδ
816 1859 983 1914 ἕκτου.
1012 1856 1145 1913 lnit.
1168 1862 1386 1931 Χαίρετε
1441 1861 1490 1910 ἓν
1522 1863 1699 1931 Κυρὶῳ
1726 1860 1966 1925 πάντοτε,
2026 1857 2106 1910 ττάῖ

2360 1889 2426 1898 -
2454 1859 2508 1927 3)
2539 1862 2602 1913 In
2657 1856 3086 1930 Ex_altationem
3121 1855 3183 1914 S.
3222 1856 3442 1912 Crucis.
3475 1856 3604 1919 Init,
3631 1854 3807 1909 Πάλιν
3839 1859 3947 1930 ἐορ-

521 1950 615 2005 τῆς
642 1948 952 2017 μυστὴριον,
981 1950 1070 1998 καί
1105 1945 1362 2001 πάλιν.-
1391 1947 1632 2019 4)Ερὶεῐ.
1661 1952 1800 2020 post
1814 1946 2108 2003 ordinatio

2362 1963 2440 2002 ls.
2481 1947 2607 2003 lnit.
2643 1945 2949 2019 ’Λεϐακοὺμ
2993 1945 3156 1999 παλαι
3220 1948 3405 1998 ἐκεῖνον
3434 1949 3521 1998 τὸν
3546 1949 3594 1998 ἐν
3639 1948 3949 2020 προφήταις

522 2032 680 2105 θαυμ.
716 2062 781 2074 -
804 2033 859 2105 5)
878 2033 969 2089 Ad
1022 2034 1737 2107 Constantinopolitanos,
1772 2041 1981 2092 contra
2027 2039 2105 2092 Bo

2360 2052 2391 2091 ε.
2424 2035 2574 2091 linit.
2625 2036 2852 2108 Ἀνάγκη
2884 2035 3043 2088 ἐλθεῖν
3074 2037 3139 2087 τά
3163 2031 3452 2087 σκάνδαλα.
3489 2032 3684 2107 [Conf.
3732 2033 3947 2089 Schro-

518 2119 690 2178 eckh.
719 2120 853 2177 libr.
877 2122 974 2179 cit.
1001 2125 1146 2179 tom.
1181 2126 1285 2194 XX,
1314 2140 1381 2198 p.
1425 2129 1549 2181 475.
1583 2127 1758 2181 ΗΑῐιι.
1784 2124 1805 2199 ]
1830 2156 1899 2165 -
1929 2128 2008 2193 6.)
2040 2125 2105 2180 Cc

2362 2140 2410 2193 s,
2441 2124 2546 2196 qui
2593 2124 2958 2180 conveniunt
2982 2123 3043 2178 in
3095 2121 3429 2179 ecclesiam.
3484 2122 3595 2178 Init
3647 2118 3803 2179 Ἤδη
3864 2125 3949 2193 μὲν

521 2214 549 2262 ὁ
578 2216 640 2268 τῆ
652 2230 673 2271 ς
708 2212 904 2284 ἡμερας
951 2212 1207 2285 ὀφθαλμός
1238 2212 1396 2274 ἣλιος.
1424 2245 1493 2253 -
1520 2213 1575 2285 7)
1610 2212 1939 2269 Gratiarum
1970 2214 2108 2270 actic

2360 2229 2596 2268 .ncursu
2620 2212 2849 2286 populi,
2883 2216 2941 2268 et
2993 2217 3201 2268 contra
3237 2212 3563 2268 vanitatem
3609 2210 3777 2267 vitae.
3823 2210 3947 2266 lnit.

520 2298 822 2371 Εὐλογμτός
868 2302 1058 2374 Κύριος
1102 2305 1128 2354 ὀ
1158 2310 1317 2355 ποιῶν
1346 2305 1637 2375 θαυμάσια.
1687 2335 1755 2342 —
1783 2304 1833 2373 8)
1861 2304 2107 2359 Gratiarl

2367 2317 2403 2358 ο
2432 2302 2508 2357 de
2540 2303 2894 2373 Sampsone,
2926 2301 2999 2357 de
3034 2300 3276 2369 Davide,
3325 2305 3382 2356 et
3405 2303 3615 2357 contra
3642 2299 3947 2358 moechos.

528 2387 655 2444 lnit.
699 2387 933 2462 ηὨσπερ
966 2393 1030 2443 τά
1081 2394 1131 2444 ὲν
1170 2395 1453 2466 αύχμηρίᾳ
1512 2396 1666 2465 φυτά,
1727 2394 1847 2444 ὅταν
1898 2395 1988 2465 μὲν
2033 2395 2115 2465 άρι

2402 2395 2537 2463 Πρὸς
2602 2394 2723 2451 τοὺς
2789 2393 3111 2465 ιερωμὶνους,
3197 2394 3308 2445 etc.
3365 2389 3492 2445 lnit.
3523 2430 3536 2444 .
3563 2430 3576 2444 .
3596 2433 3608 2443 .
3633 2431 3647 2447 .
3675 2432 3689 2444 .
3723 2434 3735 2443 .
3762 2431 3776 2445 .
3805 2433 3818 2446 .
3843 2431 3857 2443 .
3882 2430 3899 2447 .
3930 2428 3943 2443 .

525 2480 597 2530 Τὸ
639 2485 730 2530 τοῦ
769 2485 1050 2551 προσώπου
1080 2482 1525 2556 ἒρύθῆμα.-1Ο)
1556 2484 1637 2536 De
1688 2481 2101 2537 misericordia

2363 2496 2405 2535 Ὀ
2426 2479 2671 2550 judicio.
2704 2478 2832 2535 lnit.
2887 2478 3213 2551 Ἐϐουλόμην
3243 2483 3333 2531 καὶ
3373 2482 3431 2530 τὸ
3459 2482 3686 2552 σήμερον
3729 2480 3950 2553 καιριώ-

525 2585 666 2641 τερα.
688 2598 755 2607 —
790 2569 875 2637 ll)
909 2569 1038 2634 Quo
1064 2585 1247 2642 scopo
1275 2569 1460 2626 homo
1494 2570 1870 2643 compositus
1912 2569 2104 2626 factus

2358 2610 2371 2623 .
2404 2568 2540 2625 lnit.
2590 2568 2929 2642 Ἀσπάζομαί
2964 2587 3041 2639 σε,
3072 2572 3469 2642 πρωτίστητῶν.
3495 2598 3563 2607 -
3587 2569 3682 2637 12)
3720 2569 3807 2623 De
3836 2565 3944 2623 b0-

524 2668 608 2711 no
646 2654 707 2710 in
758 2654 1016 2713 Ecclesia
1059 2656 1290 2725 ordine,
1335 2662 1446 2713 etc.
1490 2656 1621 2713 lnit.
1667 2662 1735 2712 Αί
1773 2661 1990 2734 μητὲρες
2046 2658 2111 2710 ὃτι

2355 2656 2762 2717 αλακτίζειν.--
2808 2662 2892 2728 13)
2944 2661 3021 2713 De
3062 2657 3278 2713 eodem
3332 2660 3720 2727 argumento.
3811 2655 3942 2712 lnit.

529 2739 913 2814 Ἀδολεσχήσω
974 2748 1064 2797 καί
1112 2745 1286 2812 πάλιν,
1350 2746 1415 2797 ἶν’
1473 2745 1617 2818 ὑμεῖς
1667 2745 1993 2818 άσχολίμ-
2054 2749 2113 2802 14

2354 2747 2779 2820 meparatione
2835 2747 2913 2803 ad
2987 2746 3281 2819 mysteria
3347 2745 3730 2819 accipienda.
3806 2745 3941 2801 lnit.

528 2828 665 2884 Ἀλλ’
712 2829 836 2885 οὐδε
882 2837 908 2885 ό
951 2833 1166 2895 παλαιός
1213 2837 1421 2900 ὲκείνος,
1474 2840 1563 2887 καί
1608 2842 1670 2907 τῇ
1728 2831 1871 2908 σκιᾷ.
1899 2837 2072 2907 -15)

2359 2835 2718 2893 erhumerali
2789 2836 3014 2892 summi
3060 2835 3376 2909 pontiﬁcis,
3438 2839 3551 2892 etc.
3603 2834 3739 2891 lnit.
3777 2835 3946 2906 Ὀμὲν

525 2924 737 2993 νομικὸς
784 2922 972 2986 ἐκεῖνος
1020 2923 1291 2999 ἰεράρχης,
1342 2929 1431 2977 καὶ
1473 2929 1796 2985 τνπικός.-
1849 2925 1935 2995 16)
1982 2927 2112 2982 Con*

2361 2926 2487 2981 ’icos
2533 2924 2931 2995 inordinatos,
2992 2929 3102 2981 etc.
3155 2923 3283 2981 lnit.
3345 2925 3457 2981 Οὐκ
3509 2926 3675 2997 ἀφυής
3725 2927 3835 2997 ἑγὼ
3860 2925 3948 2999 τὴν

524 3027 797 3081 ποιμαντι.
829 3040 897 3051 -
933 3012 1014 3080 17)
1052 2998 1131 3067 De
1179 3026 1384 3068 amore
1437 3012 1536 3068 Dei
1567 3027 1711 3083 erga
1737 3012 2035 3082 homines,
2085 3029 2111 3070 e

2366 3053 2379 3066 .
2435 3017 2521 3075 Τίς
2579 3019 2608 3072 ἡ
2661 3034 2900 3089 τυραννις
2938 3016 2999 3073 ἣν
3042 3018 3096 3067 ἐκ
3152 3021 3244 3075 τῆς
3268 3017 3397 3086 πρὸς
3428 3015 3671 3086 ύμᾶς.--
3700 3014 3795 3085 18)
3826 2998 3950 3068 P08t

522 3096 781 3155 reditum
823 3114 896 3155 ex
927 3099 1133 3172 Lydia,
1185 3103 1242 3157 et
1288 3099 1364 3157 de
1395 3099 1899 3158 condemnatione
1928 3101 2109 3158 haeret

2362 3103 2461 3160 ttii.
2495 3104 2623 3160 lnit.
2662 3108 2790 3157 Λὺει
2843 3123 2941 3176 μου
3002 3107 3095 3162 τὴν
3151 3102 3395 3175 γλῶσσαν
3436 3105 3465 3161 ἡ
3494 3109 3750 3175 παροῦσα
3788 3105 3949 3158 πανή-

519 3206 685 3262 γορις.
709 3189 886 3256 --19)
920 3188 1172 3245 Homilia
1210 3195 1590 3249 κατανυκτικὴ.
1618 3190 1744 3245 lnit.
1780 3190 1840 3243 Ἠ
1867 3192 1958 3264 μὲν
2020 3194 2106 3244 dm

2353 3200 2424 3255 ’ἧς
2476 3196 2601 3266 ἐμῆς
2651 3196 2779 3266 εμῆς
2855 3201 3070 3253 σιωπῆς.
3099 3223 3160 3232 --
3194 3197 3282 3255 20)
3319 3194 3397 3248 De
3424 3195 3727 3248 conventu
3755 3191 3822 3247 in
3848 3192 3940 3246 Ec-

520 3274 839 3341 clesia,etc.
868 3276 997 3333 lnit.
1018 3280 1083 3333 Τί
1105 3279 1166 3330 οἷν
1188 3277 1483 3353 ἁνθορωπος
1524 3281 1680 3332 πὰθοι
1710 3282 2041 3335 ἐπιστασίαν.
2059 3311 2107 3320 -

2355 3281 2450 3337 [Od
2484 3284 2641 3338 Deus
2672 3280 2927 3338 multum
2956 3286 3121 3337 curet
3166 3280 3241 3337 de
3269 3280 3640 3346 hominibus,
3671 3283 3790 3337 etc.
3821 3278 3942 3334 lnit.

520 3367 640 3437 Φέρε
696 3361 756 3417 δι
812 3368 903 3417 καὶ
951 3364 1106 3418 πάλιν
1152 3368 1239 3419 ἰπὶ
1288 3370 1375 3421 τὸν
1431 3373 1790 3440 τεχνίτην.-
1839 3370 1931 3437 22)
1970 3370 2107 3425 Cum

2356 3386 2469 3427 .eus
2535 3370 2617 3443 (a)
2668 3370 2994 3427 diaconum
3048 3369 3357 3443 percussit.
3414 3370 3544 3425 lnit'
3601 3368 3673 3422 Ὦ
3725 3362 3943 3441 γλυκεῖα

519 3449 659 3522 ὄψις,
716 3459 756 3503 ῶ
812 3454 967 3524 γάνος
995 3453 1290 3526 ψυχῆς.-
1337 3460 1428 3524 23)
1479 3459 1559 3513 De
1624 3457 1839 3513 eodem
1894 3457 2106 3513 Canich

2351 3463 2387 3515 t.
2446 3460 2606 3533 Οῖμοι
2670 3464 2790 3532 ἐγὼ,
2841 3479 3026 3534 μητερ,
3095 3464 3165 3521 ὼς
3207 3479 3319 3511 τινα
3374 3479 3437 3532 με
3499 3458 3689 3521 ἔτεκες.
3729 3489 3801 3499 —
3854 3458 3938 3520 24)

516 3538 609 3594 Ad
641 3538 958 3614 populum,
986 3542 1153 3614 quod
1178 3559 1301 3600 non
1332 3546 1517 3601 semel
1540 3561 1647 3618 per
1677 3545 2125 3603 hebdomadem
2160 3546 2238 3603 ad
2270 3549 2501 3621 vigilias
2550 3550 2612 3606 in
2662 3549 2976 3605 ecclesiam
3025 3553 3410 3605 concurrant.
3445 3547 3576 3605 Init.
3622 3550 3689 3604 Τί
3724 3566 3872 3613 ποτε,
3901 3545 3936 3596 ὦ

515 3633 776 3702 ταρὸντες,
809 3628 994 3685 οἴεσθε.
1021 3662 1089 3672 -
1118 3632 1209 3704 25)
1240 3633 1411 3699 Quod
1435 3637 1706 3707 oporteat
1734 3650 1804 3691 os
1834 3634 2102 3707 psalmoc'

2346 3638 2613 3695 :tiﬁcare.
2646 3638 2757 3694 lnit
2802 3642 2984 3712 Κύρίε,
3012 3640 3272 3710 ἠγάπησα
3311 3641 3612 3711 εὐπρέπεια)
3638 3635 3790 3690 οἴκου
3824 3655 3933 3702 σου,

514 3721 631 3774 κία.
652 3750 721 3760 -
750 3719 840 3790 26)
870 3721 934 3776 In
961 3720 1324 3793 parabolam
1350 3738 1540 3779 cumse
1571 3722 1736 3795 apud
1767 3726 2013 3779 Lucam.
2053 3728 2101 3780 Ir

2348 3747 2359 3779 ι
2398 3729 2487 3799 μὲν
2515 3735 2610 3790 τῆς
2657 3717 2990 3800 ὤαγγελικῆς
3042 3735 3328 3803 περικοπῆς
3362 3736 3458 3789 τῆς
3482 3730 3727 3802 σήμερον.
3760 3758 3831 3767 --
3852 3716 3935 3780 27)

517 3806 858 3865 Gratiarum
901 3809 1077 3877 actio,
1128 3811 1296 3884 quod
1318 3811 1673 3869 incideritin
1703 3812 1988 3870 morbum
2033 3814 2094 3869 in
2140 3815 2499 3873 adornanda
2559 3817 2674 3873 hac
2702 3816 2973 3887 homilia,
3027 3819 3084 3872 et
3121 3816 3197 3872 de
3227 3815 3526 3888 mysteriis
3551 3815 3770 3872 sacris.
3812 3813 3936 3871 lnit.

516 3897 904 3971 Υπολαμϐάνειν
934 3919 1025 3973 μοι
1057 3898 1260 3969 ἔπεισα,
1299 3923 1338 3953 ω
1364 3901 1575 3978 φιλοχρ.
1603 3933 1669 3942 -
1700 3902 1789 3974 28)
1820 3901 2073 3959 Homilia
2097 3932 2103 3976 λ

2343 3925 2387 3966 υς
2414 3905 2626 3964 Christi
2654 3904 3001 3962 nativitatis.
3038 3905 3166 3962 lnit.
3198 3907 3305 3967 Τῆς
3332 3924 3452 3979 περι
3471 3904 3643 3977 λόγοις
3673 3922 3930 3978 μεγιστης

517 3993 786 4062 πτωχείας
834 4009 1060 4063 μου.-
1109 3991 1199 4062 29)
1254 3994 1426 4049 Hom.
1495 3995 1631 4065 post
1678 3991 1898 4049 festum
1966 3994 2104 4049 Lum

2380 3994 2507 4052 Init.
2561 3993 2657 4052 ’ον
2714 3998 2902 4072 τρόπον
2965 3998 3218 4051 ἐπιποθεῖ.
3261 4026 3328 4035 -
3387 3994 3481 4067 30)
3545 3997 3640 4055 Εἰς
3701 3996 3772 4047 τά
3840 3994 3936 4045 ἀπὸ

514 4083 862 4152 κρεωφαγίας.
910 4079 1037 4136 lnit.
1061 4077 1205 4149 οῖδα,
1238 4085 1308 4142 ὼς
1333 4083 1383 4135 ἓν
1413 4083 1640 4155 θαὺματι
1664 4086 1895 4135 κείσεται
1923 4084 2034 4143 τοῖς
2058 4102 2101 4135 πη

2349 4114 2360 4123 -
2389 4083 2481 4155 3t)
2512 4084 2765 4140 Homilia
2786 4083 3161 4157 apologetica
3188 4082 3263 4140 de
3284 4082 3657 4140 diuturniora
3685 4082 3936 4140 silentio.

514 4166 740 4238 Ἀγαθὸν
761 4189 872 4240 μοι,
896 4170 974 4222 ὅτι
1002 4172 1352 4233 εταπείνωσάς
1380 4191 1463 4243 με,
1493 4173 1647 4232 ὅπως.
1670 4203 1738 4212 -
1770 4173 1858 4240 32)
1884 4174 2021 4227 Post
2047 4188 2101 4227 na

2348 4174 2419 4227 ’m
2459 4172 2666 4228 Christi
2688 4176 2745 4228 et
2773 4177 2910 4228 ante
2959 4172 3233 4230 Lumina.
3266 4174 3395 4227 lnit.
3458 4174 3586 4233 xor;
3647 4174 3758 4234 τοῖς
3810 4172 3935 4243 λαμ-

516 4262 669 4329 προῖς
704 4256 977 4327 γενεθλίοις
1004 4255 1117 4313 τοῦ.
1146 4289 1224 4301 ---
1255 4259 1345 4331 33)
1372 4263 1435 4315 ln
1465 4260 1727 4332 primam
1760 4261 2103 4315 Dominicam

2343 4260 2549 4316 lorum.
2595 4262 2727 4317 lnit.
2785 4261 2876 4323 Ὠς
2904 4260 3220 4333 εμεγάλὺνθη
3286 4263 3353 4313 τά
3408 4259 3537 4335 ἔργα
3594 4280 3711 4326 σου,
3760 4263 3930 4334 Κύριε,

520 4343 703 4414 -34)
748 4347 811 4399 In
854 4345 1322 4403 infanticidium.
1388 4348 1524 4404 lnit.
1586 4351 1677 4411 Τίς
1729 4354 1858 4410 Θεὸς
1889 4348 2021 4407 πλὴν
2073 4368 2107 4401 τι

2347 4357 2356 4399 i
2413 4355 2576 4422 ἡμῶν,
2628 4355 2654 4403 ὁ
2694 4354 2849 4411 Θεὸς.
2875 4382 2943 4389 -
2975 4354 3065 4413 35)
3108 4352 3186 4405 De
3217 4348 3433 4405 eodem
3478 4349 3649 4406 festo.
3698 4350 3835 4405 lnit.
3873 4344 3934 4404 Οἱ

527 4430 831 4506 μικρολόγοι
875 4441 974 4485 τῶν
1031 4439 1461 4509 ἐστιατόρων.-
1491 4440 1582 4508 36)
1614 4436 1742 4493 Alia
1808 4437 1935 4492 sine
1994 4437 2114 4493 titul

2355 4442 2396 4493 t.
2453 4439 2662 4511 Ὀρᾶτε,
2718 4442 2789 4509 μὴ
2857 4442 3289 4511 καταφρονήσητε
3355 4436 3485 4497 ἑνός.
3521 4468 3589 4479 -—
3656 4441 3750 4505 37)
3810 4436 3932 4492 Alia

525 4519 654 4576 sine
710 4519 903 4577 titulo.
974 4520 1110 4578 lnit.
1174 4526 1258 4579 Τῶ
1322 4532 1487 4599 καιρῶ
1551 4529 1859 4597 εισὴρχετο.
1932 4556 2003 4566 -
2059 4529 2112 4581 3ξ

2354 4526 2613 4598 primam
2690 4526 3061 4582 Dominicam
3143 4525 3545 4596 Jejuniorum.
3626 4526 3762 4582 lnit.
3853 4526 3932 4584 Ὠς

530 4607 779 4680 ἀγαπητά
800 4611 866 4662 τά
896 4615 1214 4683 ακηνὼματα
1240 4614 1334 4668 σά.
1374 4644 1441 4653 -
1473 4614 1560 4684 39)
1594 4617 1656 4669 In
1688 4613 2019 4669 secundam
2074 4616 2115 4668 Ι)

2346 4631 2446 4670 am
2493 4615 2889 4686 Jejuniorum.
2932 4614 3062 4671 lnit.
3133 4615 3380 4670 Ἠνυσται
3409 4618 3500 4687 μὲν
3542 4612 3661 4667 ἰδοὺ
3695 4618 3791 4667 σὺν
3830 4620 3933 4667 Θεώ

531 4702 623 4751 καὶ
643 4699 704 4757 ἠ.
728 4728 798 4740 —
824 4700 914 4771 40)
946 4703 1009 4755 In
1039 4700 1268 4756 tertiam
1303 4701 1677 4757 Dominicam
1703 4702 2102 4772 Jejuniorum.

2347 4710 2372 4755 Ἰ
2395 4706 2484 4776 μὲν
2501 4713 2600 4756 τῶν
2628 4703 2953 4776 Εὐαγγελὶων
2974 4707 3212 4778 πανὶερος
3244 4702 3445 4776 βιϐλος.
3470 4734 3538 4744 -
3559 4707 3650 4769 41)
3673 4703 3740 4759 In
3763 4716 3934 4777 quar-

533 4791 660 4844 tam
705 4788 1052 4844 Dominicam
1079 4789 1593 4860 Quadragesimce.
1629 4790 1759 4846 lnit.
1798 4793 1879 4862 Τῷ
1904 4799 2068 4863 καιρῷ
2109 4794 2120 4843 ὶ

2346 4794 2581 4867 ’νθρωπός
2618 4813 2719 4855 τις.
2748 4826 2817 4834 -
2846 4794 2936 4863 42)
2961 4797 3021 4848 In
3070 4793 3343 4865 quintam
3388 4792 3763 4849 Dominicam
3785 4792 3933 4863 Jeju-

536 4876 801 4935 niorum.
842 4878 975 4934 lnit.
1018 4876 1126 4931 Τὸν
1173 4880 1264 4949 μὲν
1295 4876 1363 4938 δὴ
1395 4888 1487 4940 τῆς
1542 4881 2119 4955 τεσσαρακονθημερου.

2352 4881 2473 4953 )In
2541 4882 2909 4939 Dominicam
2974 4885 3110 4939 ante
3166 4882 3562 4951 nativitatem,
3621 4886 3678 4937 et
3726 4882 3790 4938 in
3829 4886 3936 4936 tres

539 4981 786 5040 pueros.
853 4964 1070 5027 Ἐπειδὴ
1134 4967 1657 5044 πολυανθρωπὸτερον
1703 4974 1925 5043 σήμερον
1978 4973 2036 5021 τὸ
2085 4969 2126 5021 ἂι

2348 4991 2375 5026 ι.
2401 5000 2469 5009 -
2524 4969 2616 5041 44)
2673 4969 2839 5036 Quod
2900 4985 3022 5026 non
3058 4969 3133 5025 sit
3161 4969 3573 5027 accedendum
3602 4969 3682 5026 ad
3714 4968 3935 5026 divinos

541 5061 600 5112 et
638 5057 1132 5130 praestigiatores.
1206 5059 1319 5114 lnit
1369 5060 1560 5133 Xpwr‘s
1616 5057 1744 5121 ἅναξ
1802 5061 2128 5131 αὐτοσυμπαε

2350 5061 2678 5113 κτὸνυκτε.-
2726 5059 2818 5131 45)
2866 5062 2931 5115 In
2991 5060 3158 5115 tertia
3217 5058 3527 5115 Dominica
3579 5059 3937 5131 Jejuniorum

541 5147 600 5201 et
620 5145 682 5201 in
702 5151 972 5203 sanctam
1002 5148 1267 5203 Crucem.
1308 5146 1441 5203 lnit.
1474 5144 1613 5202 Ἰδοὺ
1654 5151 1683 5206 ὴ
1716 5146 1861 5206 κλίνη
1899 5147 2128 5220 Σαλομὼι

2350 5166 2433 5199 ιτα
2471 5144 2713 5206 δυνατοί.
2743 5179 2811 5189 -
2842 5148 2936 5220 46)
2979 5146 3235 5205 Homilia
3266 5147 3392 5203 sine
3414 5146 3607 5205 titulo.
3634 5148 3765 5204 lnit.
3792 5146 3937 5203 Ὅταν

544 5230 1119 5309 στρατοπεδευσάμενον
1160 5234 1386 5290 ἐνταῦθα
1406 5231 1629 5291 κατίδω.
1660 5257 1689 5286 ››

597 5515 695 5648 Sa)
722 5518 784 5577 Ὀ
831 5518 1150 5591 Κανὶκλειος,
1192 5520 1288 5577 vel
1316 5525 1342 5574 ὁ
1368 5520 1653 5590 Κανίκλης,
1686 5520 1781 5577 vel
1810 5524 1836 5574 ὁ
1866 5520 2176 5575 Κανικλείων

646 5591 937 5648 vzantinis
983 5593 1373 5648 scriptoribus
1413 5594 1462 5648 is
1495 5592 1830 5648 appellatur
1868 5594 1970 5648 aui
2005 5594 2171 5648 cani-

2343 5522 2446 5579 iim
2469 5520 2641 5591 illud,
2664 5521 3040 5586 cuniculum,
3080 5535 3116 5576 a
3146 5520 3432 5577 caniculis
3469 5518 3692 5578 ﬁctitiis
3721 5524 3930 5578 susten-

2346 5593 2690 5648 batur.Vide
2722 5592 2999 5648 Villoison
3027 5591 3089 5648 in
3110 5592 3420 5648 Anecdolis
3444 5592 3549 5647 Gr.
3582 5598 3738 5648 tom.
3775 5596 3841 5648 ll.
3876 5607 3927 5648 ι).

536 5606 573 5647 a
597 5591 959 5666 Byzantinis
983 5593 1373 5666 scriptoribus
1413 5594 1462 5648 is
1495 5592 1830 5666 appellatur
1868 5594 1970 5665 qui
2005 5594 2171 5651 cani-
2285 5593 2690 5650 tabatur.Vide
2722 5592 2999 5648 Villoison
3027 5591 3089 5649 in
3110 5592 3420 5651 Anecdolis
3444 5592 3549 5647 Gr.
3582 5598 3738 5649 tom.
3775 5596 3841 5650 Il.
3876 5607 3927 5666 p.

535 5661 694 5731 culo,
732 5661 873 5733 sive,
908 5661 1242 5719 atramento
1296 5661 1674 5737 imperatoris
1738 5661 2009 5738 preeérat.
2060 5668 2169 5721 Vas
2282 5667 2374 5721 72.
2414 5668 2619 5725 IiAltL.
