4020 6310
480 296 585 352 599
1659 287 1969 344 GERMANI
2007 288 2055 341 Il

2369 286 2718 344 RIARCHE.
3297 285 3300 290 ’
3606 337 3618 348 ,
3813 286 3955 340 600

479 440 636 482 τησις
681 419 812 492 πρὸς
854 417 948 474 τὴν
996 414 1242 472 τοιαύτην
1290 411 1567 486 ὁμολογίαν
1597 418 1687 464 τοῦ
1717 413 1926 481 πάππα,
1959 413 2049 463 καὶ
2078 411 2206 483 πρὸς
2232 414 2349 472 τοὺς
2378 411 2468 463 ὑπ’
2506 411 2698 465 ἐκείνου
2722 411 2998 476 σταλέντας
3020 416 3425 489 Φρεμενουρίους
3447 414 3532 484 (a)
3561 415 3651 463 καὶ
3678 409 3954 470 λοιποὺς

479 516 600 585 περὶ
628 517 723 570 τῆς
761 507 1106 581 ἐκπορεύσεως
1132 510 1224 556 τοῦ
1266 503 1420 575 ἁγίου
1451 504 1767 575 Πνεύματος.
1810 503 1974 556 Hane
2012 501 2066 555 Li

2364 500 2516 570 gavit
2558 501 2750 557 Lucas
2795 502 3184 573 Waddingus
3213 502 3274 557 in
3303 500 3639 557 Annalibus
3669 498 3951 555 ordinis

478 601 789 660 Minorum.
853 596 1153 652 diversam
1207 610 1245 650 a
1313 593 1511 666 priore
1569 590 1849 649 Germani
1917 589 2137 662 scripto
2203 589 2279 645 de
2334 591 2717 662 processione
2778 592 3030 664 Spiritus
3083 591 3278 648 sancti
3331 590 3500 663 quod
3556 605 3631 645 ex
3685 587 3954 644 Allatio

480 688 663 764 paulo
698 689 835 743 ante
873 683 1228 752 memoravi,
1278 682 1562 754 illiusque
1607 680 1791 736 veluti
1832 694 2074 735 summa
2117 694 2188 734 ac
2228 680 2679 751 compendium.
2729 681 2940 737 Confer
2986 680 3347 743 Altimuram
3394 695 3543 753 pag.
3590 682 3720 746 359,
3772 680 3949 735 360.

479 777 795 846 Panopliae
835 779 1046 830 contra
1077 773 1336 829 schisma
1364 773 1739 828 Graecorum.
1771 771 1947 826 ann.
1979 767 2147 824 Edita
2177 773 2265 825 est
2295 770 2492 825 Graece
2523 783 2595 825 ex
2625 769 2762 825 eod.
2796 771 3067 826 Caesareo
3097 768 3435 847 Vindobon.
3467 784 3504 824 a
3536 770 3746 824 Franc.
3803 768 3949 822 Ca-

477 867 606 924 rolo
636 865 850 931 Altero,
887 862 966 918 ad
997 861 1224 917 calcem
1257 861 1377 916 edit
1400 860 1572 915 libri:
1620 861 1884 934 Χρονυκόν
1930 864 2063 930 Γεῷρ

2360 859 2488 924 ιτζῆ,
2533 863 2642 915 etc.
2676 857 3011 915 Vindobon.
3047 863 3240 916 Austr.
3276 860 3432 925 1796,
3465 857 3593 924 (01.,
3626 871 3772 929 pag.
3812 857 3947 910 139

481 971 606 1029 seq.
637 951 899 1023 Gregorii
919 953 1117 1011 ἕκθεσις
1144 982 1211 990 -
1243 950 1430 1006 missa
1463 948 1538 1004 ad
1573 951 1956 1005 Germanum.
1987 947 2053 1002 In

2365 952 2560 1022 ’γραφαὶ
2587 957 2684 1002 τῶν
2723 947 3160 1024 ἀποκρισιαρίων.
3188 950 3332 1018 Pag.
3366 951 3465 1003 140
3496 962 3663 1019 seqq.
3697 944 3952 1017 sequi-

481 1049 577 1102 tur
600 1041 874 1101 Germani
905 1045 959 1097 et
985 1039 1202 1113 synodi
1233 1055 1372 1094 eum
1401 1038 1498 1095 illo
1520 1037 1855 1110 responsio,
1887 1037 1926 1092 f.
1965 1035 2278 1106 ἀπάντησις,
2310 1042 2444 1107 etc.,
2475 1038 2535 1093 in
2565 1053 2686 1110 qua
2718 1037 2904 1094 multa
2933 1043 2991 1094 et
3030 1053 3342 1094 sacrorum
3382 1041 3437 1092 et
3461 1035 3947 1092 ecclesiastico-

481 1149 620 1191 rum
649 1133 1008 1204 scriptorum
1030 1131 1167 1187 loca
1196 1127 1664 1199 testimoniaque
1694 1125 2042 1183 afferuntur.
2067 1128 2131 1182 In
2159 1125 2389 1199 praefat.
2427 1130 2629 1184 autem
2662 1142 2797 1200 pag.
2837 1143 2875 1182 ιι
2919 1143 3046 1201 seq.
3076 1127 3260 1185 Alter.
3287 1126 3412 1198 agit
3434 1124 3510 1182 de
3541 1123 3726 1181 codd.
3765 1123 3951 1178 Vin-

484 1221 819 1279 dobonensi
852 1225 1034 1293 atque
1053 1217 1359 1274 Vaticano.
1385 1219 1562 1273 HARL.

558 1351 624 1402 ll.
666 1346 948 1402 Homilies
987 1344 1190 1401 variae.
1243 1344 1299 1413 1)
1355 1344 1428 1398 In
1469 1341 1734 1411 infantes
1776 1342 2145 1399 Betlehemit:

2358 1348 2498 1415 ζυροῦ
2536 1348 2797 1417 Γορμανοῡ
2849 1343 2920 1405 εἰς
2967 1347 3061 1403 τὴν
3103 1347 3307 1416 σφαγὴν
3338 1350 3437 1395 τῶν
3468 1343 3634 1414 οἴ-γίων
3680 1344 3945 1411 vaticina,

488 1441 578 1491 καὶ
643 1437 714 1499 εἰς
786 1440 879 1493 τήν
951 1433 1120 1508 ἀρχὴν
1177 1439 1270 1485 τοῦ
1327 1435 1462 1484 κατὰ
1523 1433 1736 1508 Μάρκον
1803 1432 2138 1504 Εὐαγγελίου,
2208 1431 2660 1506 ἀναγινωσκομένη
2734 1440 2969 1506 κυριακῇ
3033 1436 3133 1508 πρὸ
3197 1441 3295 1485 τῶν
3362 1437 3568 1486 Φώτων.
3638 1430 3943 1503 Incipit:

486 1533 580 1589 Τίς
610 1530 738 1588 Θεὸς
767 1525 898 1582 πλὴν
930 1531 1022 1576 τοῦ
1050 1529 1184 1576 Θεοῦ
1214 1524 1380 1594 ἡμῶν.
1417 1525 1612 1578 Graece
1638 1539 1711 1577 ex
1749 1522 1953 1578 codice
1981 1526 2068 1577 Au

2361 1521 2547 1577 edidit
2585 1521 2774 1577 David
2805 1523 3170 1578 Hceschelius
3200 1523 3353 1578 inter
3373 1519 3660 1577 homilias
3695 1534 3938 1575 sacras

486 1616 795 1673 variorum
840 1615 1106 1681 Patrum,
1141 1612 1424 1682 Augustae
1452 1611 1675 1667 Vindel.
1708 1613 1864 1677 1586,
1897 1627 2035 1683 pag.
2074 1612 2322 1666 154-181.
2350 1611 2523 1667 FABR.
2549 1613 2628 1666 De
2655 1611 2934 1668 Germani
2961 1611 3222 1667 homiliis
3249 1615 3304 1667 et
3332 1610 3512 1667 codd.
3543 1611 3606 1665 in
3637 1608 3932 1665 bibloth.

489 1705 717 1774 Anglice
743 1702 1083 1770 asservatis,
1113 1701 1176 1757 in
1205 1701 1427 1773 quibus
1451 1700 1564 1756 illae
1587 1700 1823 1774 aliaque
1842 1700 2118 1757 Germani
2139 1700 2359 1772 scripta
2379 1704 2630 1767 exstant,
2656 1701 2897 1772 copiose
2923 1701 3046 1770 agit
3066 1700 3282 1758 Oudin.
3315 1699 3354 1756 l.
3385 1716 3435 1755 c.
3463 1703 3607 1755 tom.
3644 1701 3741 1754 Ill.
3767 1711 3943 1770 pag.

492 1797 550 1849 6I
579 1809 710 1866 seq.
750 1822 814 1834 —
847 1795 906 1848 In
934 1791 1066 1847 eod.
1097 1793 1429 1862 Augustam.
1462 1790 1631 1845 Vind.
1666 1790 2000 1846 secundum
2031 1789 2251 1846 Reiseri
2281 1788 2540 1844 indicem
2558 1805 2701 1845 mss.
2726 1789 2872 1845 bibl.
2897 1794 3286 1860 Augustanse,
3316 1803 3454 1861 pag.
3487 1791 3542 1858 8,
3574 1802 3636 1843 n.
3673 1791 3945 1855 ‘20,sunt

492 1888 721 1956 septem
754 1897 1063 1937 sermones
1087 1880 1386 1946 Germani,
1418 1879 1680 1952 archiep.
1712 1879 2001 1952 Cpolitani
2025 1899 2036 1933 :
2062 1881 2109 1948 1)
2137 1879 2210 1934 In
2243 1879 2628 1947 sepulturam
2653 1878 2909 1949 Christi,
2941 1879 3136 1935 dictus
3161 1879 3258 1934 die
3293 1877 3496 1948 magni
3531 1876 3832 1942 Sabbati;
3877 1875 3942 1947 2)

490 1973 564 2030 In
593 1972 1023 2030 annuntianem
1057 1971 1281 2041 Marie;
1314 1968 1369 2042 3)
1402 1970 1472 2024 In
1499 1970 1760 2039 primam
1777 1970 2152 2039 jejuniorum
2174 1968 2571 2035 Dominicam,
2604 1968 2800 2040 deque
2829 1968 3166 2038 imaginum
3195 1966 3563 2023 restitutione
3591 1982 3604 2031 ;
3635 1966 3695 2034 4)
3724 1966 3799 2019 Ῑη
3829 1979 3944 2020 ve-

491 2064 859 2120 nerationem
883 2061 1132 2129 viviﬁcw
1157 2059 1371 2128 crucis,
1402 2058 1596 2114 dictus
1629 2061 1890 2131 tempore
1915 2057 2126 2130 jejunii
2158 2058 2245 2125 ;5)
2275 2057 2356 2112 De
2379 2057 2739 2126 infantibus,
2759 2057 2834 2112 ab
2863 2057 3093 2114 Herode
3123 2057 3364 2124 occisis;
3399 2057 3452 2126 6)
3478 2057 3551 2111 In
3584 2055 3945 2111 exaltatio-

491 2167 623 2209 nem
643 2156 869 2208 Sancta:
892 2149 1136 2221 Crucis;
1162 2149 1217 2218 7)
1250 2149 1322 2203 In
1352 2148 1726 2203 Dominicam
1756 2153 1896 2203 ante
1919 2147 2199 2204 Natalem
2232 2145 2480 2212 Christi,
2514 2148 2702 2219 deque
2729 2148 2921 2203 tribus
2951 2148 3152 2217 pueris
3182 2149 3242 2202 in
3258 2147 3568 2217 fornacem
3601 2145 3942 2201 missis.—

490 2243 574 2297 Ex
605 2239 884 2296 Germani
914 2237 1298 2294 sermonibus
1325 2235 1636 2308 permultis
1666 2235 1840 2308 plura
1866 2235 2103 2306 collegit
2131 2241 2409 2308 excerpta
2439 2237 2727 2292 Macarius
2771 2234 3293 2308 Cbrysoeephalus
3326 2235 3387 2290 in
3423 2249 3627 2306 opere,
3659 2229 3946 2286 Ῥοδωνιόι

493 2329 802 2402 inscripto,
835 2327 1000 2399 quod
1031 2329 1225 2381 exstat
1249 2325 1312 2380 in
1341 2324 1475 2381 cod.
1507 2325 1733 2381 Veneto
1765 2324 2033 2382 CCCCLII
2063 2325 2211 2382 bibl.
2233 2327 2407 2383 Marc.
2436 2325 2583 2381 Vide
2615 2324 2917 2394 Villoison,
2940 2325 3002 2380 in
3032 2325 3355 2381 Anecdotis
3379 2323 3621 2388 Graecis,
3660 2327 3813 2378 tom.
3854 2323 3934 2386 Il,

492 2435 555 2492 p.
586 2423 675 2474 72.
708 2448 775 2456 -
809 2420 873 2471 1n
901 2414 1098 2470 indice
1127 2413 1388 2469 adhunc
1412 2416 1664 2484 tomum,
1697 2429 1827 2470 voc.
1858 2414 2162 2484 Germani,
2195 2413 2409 2470 eitatur
2436 2414 2846 2486 fragmentum
2879 2430 2951 2470 ex
2989 2413 3260 2486 quadam
3298 2411 3456 2468 illius
3503 2411 3810 2477 oratione,
3862 2410 3939 2464 in

493 2522 618 2580 qua
646 2503 962 2579 explicatio
983 2502 1304 2572 allegorica
1333 2501 1563 2557 arboris
1583 2501 1763 2574 illius,
1797 2503 1857 2559 in
1879 2503 2080 2560 medio
2105 2503 2386 2578 paradiso
2417 2501 2650 2574 positae.
2684 2505 2861 2558 HARL.

564 2630 620 2702 2)
658 2629 730 2685 Ιη
762 2627 1192 2684 exultationem
1241 2625 1590 2683 venerandm
1630 2629 1845 2696 crucis,
1881 2634 1936 2684 et
1973 2633 2151 2684 contr.

2347 2628 2581 2684 'omilos.
2621 2627 2702 2688 Εἰς
2755 2626 2963 2698 ὕψωσιν
3001 2633 3094 2679 τοῦ
3139 2630 3315 2699 τιμίου
3365 2631 3618 2698 σταυροῦ,
3646 2627 3934 2676 καὶκατὰ

494 2717 811 2791 Βογομὶὶων.
840 2715 1051 2788 Incipit
1072 2714 1255 2770 εΠαἏιν
1285 2714 1467 2788 ἑορτῆς
1490 2720 1798 2789 μυστήριον,
1832 2721 1921 2770 καὶ
1951 2716 2081 2769 πάλι

2347 2720 2457 2779 λαὸς
2488 2721 2736 2792 χορευτὴς
2764 2720 3036 2789 μυστικὸς.
3061 2717 3259 2773 Graece
3288 2719 3345 2772 et
3376 2715 3576 2773 Latine
3603 2713 3802 2770 edidit
3821 2713 3934 2769 Ja-

495 2808 685 2867 cobus
719 2810 1027 2864 Gretserus
1058 2810 1205 2863 tom.
1241 2807 1286 2861 II
1316 2807 1403 2862 De
1432 2821 1624 2874 cruce,
1656 2822 1799 2878 pag.
1831 2810 2086 2865 156-173.
2121 2806 2443 2878 lngolstad.
2473 2809 2628 2871 1600,
2657 2809 2710 2862 4.

567 2899 620 2970 3)
661 2901 727 2954 In
782 2897 1089 2953 viviﬁcam
1141 2911 1402 2964 crucem,
1434 2896 1604 2952 tertia
1651 2896 2023 2967 Jejuniorum
2057 2900 2154 2953 DOl

2343 2912 2382 2952 ι.
2443 2902 2517 2953 Τῆ
2573 2900 2722 2970 τρίτῃ
2778 2901 3014 2970 Κυριακῇ
3066 2901 3166 2948 τῶν
3218 2897 3509 2960 Νηστειῶν,
3553 2897 3646 2944 καὶ
3697 2891 3774 2954 εἰς
3833 2893 3930 2943 τὸν

496 2989 750 3051 ζωοποιὸν
786 2990 1030 3060 σταυρόν.
1073 2984 1320 3058 Incipit:
1355 2981 1494 3038 Ἰδού
1523 2987 1550 3043 ἡ
1583 2984 1730 3044 κλίνη
1763 2985 2014 3058 Σολομὼν.
2053 2987 2083 3042 G

2359 2984 2560 3041 Latine
2589 2983 2754 3056 apud
2785 2984 3069 3040 eumdem
3096 2986 3454 3052 Gretserum,
3475 2997 3617 3055 pag.
3650 2981 3927 3038 294-308.

564 3079 620 3147 4)
655 3078 728 3133 Ῑη
765 3077 1181 3134 adorationem
1223 3075 1446 3142 Crucis,
1484 3081 1748 3144 tempore
1782 3075 1967 3132 medii
2001 3077 2151 3146 Jeju:

2342 3078 2373 3136 ᾗς
2417 3079 2510 3132 τὴν
2555 3076 2916 3147 προσκύνησιν
2945 3081 3036 3126 τοῦ
3065 3093 3240 3146 τιμιου
3273 3077 3363 3125 καὶ
3391 3073 3650 3142 ζωοποιοῡ
3675 3075 3929 3143 σταυροῦ

497 3167 545 3220 ἐν
572 3175 644 3238 τῷ
674 3175 840 3242 καιρῷ
871 3173 944 3237 τῷ
975 3169 1380 3238 Μεσονηστίμῳ.
1415 3164 1659 3237 Incipit:
1718 3165 1973 3232 Φωτίζου,
2033 3165 2084 3218 Ἰε

2338 3185 2387 3236 μ.
2444 3165 2642 3220 Graece
2688 3166 2744 3218 et
2787 3163 2987 3220 Latine
3037 3162 3204 3235 apud
3233 3161 3517 3218 eumdem
3543 3158 3925 3224 Gretserum,

491 3271 553 3328 p.
592 3257 848 3312 308-311.

571 3349 622 3411 5)
663 3345 736 3400 Ῑη
761 3344 1021 3415 primam
1051 3342 1424 3412 Jejuniorum
1461 3343 1858 3409 Dominicam,
1895 3349 1951 3400 et
1991 3345 2054 3399 in
2086 3348 2437 3399 sanctarum
2475 3341 2807 3413 imaginum
2839 3341 3292 3399 restitutionem.
3327 3339 3409 3401 Εἰς
3437 3344 3532 3399 τὴν
3559 3343 3778 3414 πρώτην
3815 3344 3926 3392 Κυ-

495 3437 683 3506 ριακήν
731 3440 830 3484 τῶν
877 3439 1168 3498 Νηστειῶν,
1233 3435 1322 3483 καὶ
1372 3431 1439 3493 εἰς
1486 3435 1580 3489 τὴν
1625 3440 1724 3483 τῶν
1775 3432 1932 3504 ἁγίων
1978 3436 2070 3485 καὶ
2119 3439 2318 3484 σεπτῶν
2366 3431 2570 3485 εἰκόνων
2618 3429 3003 3489 ἀναστήλωσιν.
3069 3430 3280 3502 Incipit
3321 3447 3332 3485 :
3388 3428 3476 3490 Ὠς
3532 3426 3791 3499 ἁγαπητα
3854 3429 3926 3480 τὰ

499 3523 820 3593 σκηνώματα
871 3539 985 3587 σου,
1039 3523 1198 3594 Κύριε
1243 3527 1343 3570 τῶν
1391 3517 1680 3594 δυνάμεων.
1733 3522 1928 3577 Graece
1977 3526 2033 3578 et
2076 3523 2086 3576 1

2330 3520 2487 3592 apud
2531 3519 2814 3576 eumdem
2845 3521 3207 3586 Gretserum,
3241 3533 3378 3591 pag.
3405 3522 3663 3576 549-565.
3701 3520 3767 3572 In
3790 3517 3917 3573 hac

496 3624 742 3684 quoque
787 3608 1040 3666 homilia
1094 3607 1540 3679 Bogomilorum
1585 3609 1810 3666 mentio
1849 3624 1990 3681 pag.

2339 3613 2466 3668 τησέ
2509 3613 2572 3682 μέ
2617 3628 2694 3670 τις
2735 3617 2836 3661 τῶν
2883 3605 3384 3682 δαιμονοπροσώπον
3432 3609 3629 3660 τούτων
3685 3610 3922 3678 Bue/api-

495 3699 612 3753 λων·
673 3701 770 3752 Διὰ
819 3703 889 3767 τί,
951 3697 1099 3772 φησί,
1157 3703 1496 3771 προσκυνεῖτε
1546 3703 1778 3771 τοίχους,
1840 3704 1930 3752 καὶ
1987 3694 2208 3759 σανιδας
2263 3704 2352 3751 καὶ
2404 3696 2658 3751 ἄσϐεστον
2707 3702 2797 3751 καὶ
2845 3694 3076 3771 διάφορα
3123 3702 3422 3772 χρώματας
3470 3695 3680 3752 Latine
3712 3697 3917 3752 exstat

499 3788 680 3844 etiam
722 3803 796 3844 ex
839 3786 1092 3844 Gretseri
1125 3785 1397 3843 versione
1439 3785 1501 3842 in
1536 3786 1958 3860 supplemento
2008 3787 2151 3846 Bibl.
2184 3791 2426 3844 Patrum
2454 3787 2807 3844 Morelliano
2831 3787 3009 3844 Paris.
3042 3788 3202 3857 1639,
3229 3790 3374 3844 tom.
3403 3785 3446 3854 Ι,
3477 3800 3618 3858 pag.
3645 3787 3741 3854 70,
3774 3786 3835 3840 et
3860 3783 3924 3838 in

500 3877 650 3936 Bibl.
689 3876 938 3934 Patrum
969 3874 1308 3935 Coloniensi
1338 3891 1394 3933 a.
1433 3879 1591 3946 1618,
1622 3880 1770 3934 tom.
1803 3877 1892 3943 1X,
1927 3879 1983 3933 et
2012 3875 2074 3933 in
2106 3876 2491 3947 Lugdunensi
2526 3892 2583 3934 a.
2622 3881 2778 3945 1672,
2819 3881 2984 3934 tomo
3029 3878 3134 3934 XX.
3175 3876 3262 3948 [V.
3297 3879 3413 3933 cat.
3444 3873 3591 3932 bibl.
3634 3871 3918 3930 Leidens.

499 3980 644 4041 pag.
676 3967 790 4040 44].

571 4091 625 4162 6)
658 4091 732 4146 In
761 4089 1062 4148 Dominici
1091 4089 1360 4160 corporis
1381 4091 1777 4161 sepulturam,
1810 4095 1866 4149 et
1895 4091 1960 4147 in
1989 4106 2158 4164 mags

2333 4092 2654 4149 labbatum.
2686 4094 2857 4164 Λόγος
2883 4091 2955 4154 εἰς
2982 4095 3077 4151 τὴν
3115 4093 3378 4166 θεόσωμον
3403 4093 3568 4164 ταφὴν
3593 4097 3687 4143 τοῦ
3717 4093 3920 4165 Κυρίου

502 4184 592 4232 καὶ
656 4187 893 4254 Σωτῆρος
958 4181 1104 4252 ἡμῶν
1171 4179 1346 4238 Ἰησοῦ
1412 4187 1670 4253 Χριστου,
1738 4181 1918 4255 ῥηθεὶς
1983 4180 2030 4233 ἐν
2095 4190 2157 4254 τῇ
2227 4184 2398 4256 ἡμέρᾳ
2456 4189 2548 4234 τοῦ
2608 4181 2833 4255 μεγάλου
2874 4180 3160 4237 Σαϐϐάτου.
3217 4180 3460 4254 Incipit:
3519 4178 3786 4232 Σάϐϐατον
3829 4183 3922 4252 μὲν

504 4266 617 4320 ἐστι
663 4273 906 4341 σήμερον.
955 4269 1153 4324 Graece
1199 4271 1254 4324 et
1303 4268 1504 4324 Latine
1541 4268 1803 4339 vulgavit
1853 4269 2091 4325 Combe!

2330 4287 2425 4326 tm.
2455 4270 2476 4324 Ι
2527 4270 2777 4327 auctarii
2815 4273 2979 4340 novi,
3007 4286 3146 4343 pag.
3176 4274 3331 4340 1469,
3369 4273 3522 4327 1524.
3558 4269 3741 4325 Paris.
3781 4271 3917 4326 1648

503 4355 605 4412 fol.
642 4355 842 4411 Latine
870 4371 940 4411 ex
969 4355 1312 4412 Combeﬁsii
1338 4357 1612 4413 versione
1638 4357 1700 4412 in
1727 4361 1869 4413 tom.
1908 4361 1991 4414 ΧΧ
2023 4359 2168 4414 Bibl.
2203 4362 2442 4416 Patrum
2464 4360 2585 4416 edit
2617 4359 2805 4429 Lugd.
2839 4360 2981 4415 etin
3011 4359 3376 4416 Bibliotheca
3406 4362 3647 4415 Patrum
3677 4359 3918 4415 concio-

503 4443 740 4500 natoria
782 4444 1241 4500 Combeﬁsiana.
1291 4447 1454 4501 FABR.
1488 4446 1552 4500 In
1579 4446 1712 4501 cod.
1765 4453 1942 4503 antea
1974 4448 2151 4504 citato
2190 4452 2536 4517 Augustano
2576 4446 2802 4503 Vindel.
2832 4478 2900 4486 --
2927 4449 3116 4504 Oxon.
3149 4447 3210 4503 in
3240 4446 3373 4503 cod.
3416 4449 3656 4502 Barocc.
3689 4447 3913 4502 CCXLI.

505 4564 574 4573 —
594 4532 962 4588 Vindobonae
987 4533 1048 4587 in
1074 4532 1207 4588 cod.
1243 4535 1455 4590 Ctesar.
1492 4534 1666 4600 LXIV,
1701 4550 1759 4588 n.
1788 4537 1874 4591 20.
1910 4537 1972 4590 V.
2000 4536 2274 4593 Lambee.
2309 4538 2401 4604 lIl,
2425 4553 2483 4610 p.
2513 4539 2638 4604 299,
2667 4535 2887 4592 Kollar.
2916 4567 2985 4578 —-
3015 4536 3194 4608 Paris,
3230 4535 3293 4591 in
3322 4534 3474 4592 bibl.
3517 4534 3684 4607 publ.
3720 4534 3911 4591 codd.

506 4621 826 4692 DCCCLIV,
855 4637 916 4677 n.
955 4625 1038 4688 14,
1072 4625 1128 4678 et
1152 4621 1516 4689 MCLXXXVI,
1542 4639 1603 4678 n.
1636 4628 1725 4681 22.
1755 4626 1930 4680 ΗΑιιι.

577 4712 663 4784 [In
700 4711 1134 4769 dedicationem
1179 4712 1385 4780 templi
1430 4712 1491 4767 B.
1526 4712 1760 4777 Mariae,
1808 4718 1917 4768 etc.
1968 4713 2147 4778 Paris,
2189 4715 2250 4770 in
2298 4714 2444 4772 bibl.
2479 4714 2644 4787 publ.
2670 4713 2851 4772 codd.
2887 4713 3213 4780 MCLXXVI,
3245 4728 3307 4769 η.
3337 4716 3406 4770 42
3429 4729 3447 4784 ;
3471 4713 3820 4781 MCLXXVII,
3854 4728 3912 4768 n.

506 4803 594 4873 34,
618 4804 676 4858 et
703 4800 990 4870 MCXClV,
1017 4801 1100 4855 11.
1129 4799 1281 4855 Add.
1321 4816 1526 4872 supra,
1559 4801 1677 4857 vol.
1702 4804 1762 4867 Χ,
1789 4817 1928 4873 pag.
1961 4806 2062 4858 285
2093 4802 2204 4859 bis.
2240 4806 2442 4877 Hum]

578 4891 642 4946 In
663 4890 1124 4948 decollationem
1157 4888 1354 4946 Sancti
1382 4889 1630 4946 Joannis
1664 4890 1937 4962 Baptistae
1969 4891 2280 4948 homiliam
2312 4893 2586 4950 Germani
2631 4909 2666 4950 a
2695 4892 3058 4949 Combeﬁsio
3093 4891 3315 4948 editam
3350 4890 3917 4963 traditpreestantis-

506 4979 695 5037 simus
722 4983 972 5048 Caveus,
1003 4979 1215 5053 lapsus
1244 4979 1573 5036 memoria:
1617 4980 1867 5036 Andreae
1908 4981 2067 5036 enim
2109 4983 2428 5048 Cretensis,
2461 4998 2584 5038 non
2625 4982 2907 5038 Germani
2946 4997 3289 5038 sermonem
3331 4997 3401 5036 eo
3441 4979 3515 5036 tle
3554 4985 3914 5050 argumento

505 5070 902 5128 Combeﬁsius
921 5067 1267 5142 publicavit.
1301 5067 1551 5125 Andreae
1582 5069 1760 5126 etiam
1781 5073 1888 5137 est,
1918 5085 2040 5125 non
2071 5071 2349 5129 Germani
2378 5071 2707 5128 Idiomelon
2732 5071 2794 5127 in
2829 5071 3318 5127 Annuntiationis
3349 5069 3567 5126 festum
3590 5068 3669 5125 ab
3699 5069 3913 5126 eodem

506 5161 700 5217 Caveo
723 5163 1145 5216 memoratum.

576 5249 665 5304 III.
683 5249 969 5319 Epistolae
988 5248 1121 5305 duae
1143 5262 1252 5305 suo
1274 5249 1330 5305 et
1350 5246 1567 5321 synodi
1586 5247 1831 5304 nomine
1848 5247 2052 5304 missae
2071 5250 2148 5305 ad
2175 5249 2452 5321 Cyprios,
2479 5264 2798 5322 eorumque
2823 5249 3334 5320 archiepiscopum
3352 5247 3749 5320 Neophytum,
3776 5263 3913 5305 eum

507 5575 544 5623 ᾧ
575 5494 654 5567 (α)
694 5494 781 5550 Al.
813 5499 1233 5633 φρεῗιινουρίους,
1277 5497 1528 5554 Fratres
1558 5496 1786 5553 ordinis
1824 5495 2127 5552 Minorum
2172 5495 2450 5567 intellige.
2485 5496 2571 5568 [V.
2618 5498 2705 5552 Jo.
2749 5494 2981 5552 Meursii
3026 5493 3282 5552 Glossar.
3339 5497 3432 5551 Gr.
3481 5492 3728 5552 barbar.
3777 5509 3905 5552 voc.

547 5585 907 5633 ρεμηνοραιος.
940 5609 952 5622 .

547 5585 952 5643 ρεμηνοραιος.].
