4020 6310
481 291 584 349 603

1584 290 1901 350 GERMANI
1940 289 1987 346 Il
2027 289 2134 347 ΟΡ.
2173 286 2639 346 PATRIARCHE

3749 275 3846 340 606

485 418 674 476 maris
718 417 869 475 uber
895 418 1076 475 bonis
1103 417 1447 487 abundans,
1479 423 1538 474 et
1562 418 1621 474 in
1648 417 1783 474 loco
1810 415 1990 474 sterili
2016 416 2124 472 ho-

2250 414 2402 473 θηλὴν
2463 413 2730 472 θαλάσσης
2789 410 3080 487 βρίθουσαν
3136 409 3365 484 ἀγαθοῖς,
3419 412 3520 463 καὶ
3581 405 3631 462 ἓν
3699 406 3842 480 ἁτρν-

490 513 640 573 tum,
669 507 994 578 salsuginis
1023 508 1220 564 solum
1268 507 1507 564 dulcem
1555 524 1805 564 succum
1844 506 2125 573 fundens,

486 597 664 654 aliam
683 597 1018 666 beatorum,
1044 596 1300 654 insulam
1326 601 1542 654 terram
1564 597 1714 654 lacte
1737 601 2086 653 manantem
2111 610 2125 662 ;

482 702 617 758 quae
648 701 770 741 non
794 685 978 741 modo
994 701 1066 742 ex
1087 686 1288 759 seipsa
1321 686 1688 743 feracitatem
1721 701 1965 743 omnem
1995 699 2128 757 pro-

480 773 716 838 fundat,
750 775 857 832 sed
876 775 1055 832 etiam
1086 775 1335 832 externis
1365 776 1664 850 repleatur
1710 775 1907 844 bonis,
1953 776 2129 847 quot-

483 869 632 937 quot
652 865 932 921 nimirum
955 880 1063 938 per
1079 864 1378 938 liquidum
1403 865 1466 921 in
1483 881 1619 922 eam
1641 865 1996 921 inferuntur.

556 959 611 1010 2.
643 956 776 1010 Haec
823 968 1006 1026 porro
1053 954 1187 1026 ipsa
1237 957 1485 1028 Cyprus,
1536 959 1716 1011 antea
1758 953 1895 1010 felix
1947 956 2126 1024 atque

487 1041 826 1115 splendida,
848 1059 973 1099 non
989 1043 1141 1100 adeo
1163 1059 1235 1100 ex
1250 1049 1481 1101 natura
1519 1044 1694 1100 donis
1711 1041 1965 1113 insignis
1979 1043 2124 1111 erat,

482 1132 1006 1204 quemadmobum
1029 1134 1158 1204 jam
1181 1149 1377 1190 sermo
1406 1132 1873 1205 repraesentavit,
1933 1143 2130 1202 neque

484 1236 620 1279 eam
651 1221 988 1295 quidquam
1017 1237 1048 1277 e
1075 1223 1298 1279 caeteris
1324 1223 1492 1279 aliud
1517 1226 1751 1278 tantum
1785 1219 2131 1286 decorabat,

481 1316 776 1383 quantum
821 1311 947 1383 ipse
1009 1311 1241 1382 pietatis
1297 1312 1543 1379 fructus,
1593 1315 1772 1382 atque
1832 1305 2133 1378 Evangelii

483 1414 676 1468 seges,
703 1399 783 1455 ad
807 1399 1156 1471 centuplum
1178 1401 1352 1456 bonis
1399 1400 1578 1473 spicis
1631 1399 1769 1463 feta,
1833 1402 2130 1470 quantum

481 1489 643 1560 lerge
675 1489 926 1547 ﬂuentes
973 1491 1254 1546 doctrinae
1296 1490 1523 1554 latices,
1572 1491 2133 1562 Scripturarumque

481 1577 765 1634 ﬂoridum
786 1583 1045 1650 pratum,
1075 1583 1131 1634 et
1167 1579 1439 1635 Ecclesiae
1489 1578 1771 1634 ﬁiliorum
1817 1575 2134 1632 maltitudo

485 1665 670 1722 instar
695 1668 1155 1736 omnigenarum
1171 1667 1496 1724 herbarum
1521 1667 1670 1738 agri;
1694 1666 1852 1722 velut
1870 1664 2132 1720 insulam

2236 508 2382 575 γὴτῳ
2447 499 2790 576 παράδεισον,
2835 507 2924 554 καὶ
2995 508 3090 562 τῆς
3142 501 3310 574 ἅλμης
3351 496 3518 553 πέδον
3574 498 3842 570 γλυκύχν-

2235 612 2352 664 μον,
2420 597 2508 645 καὶ
2560 599 2717 650 νῆσον
2771 591 2929 649 ἄλλην
2999 594 3265 666 μακάρων,
3316 595 3403 642 καὶ
3468 586 3842 662 μελιτόϐρυτον

2234 689 2351 752 γῆν·
2412 681 2470 734 οὐ
2518 685 2670 753 μόνον
2744 679 2797 743 ἐξ
2846 680 3029 740 ἑαυτῆς
3094 683 3153 732 τό
3200 682 3472 752 πάμφορον
3551 675 3841 750 βλύσασαν,

2238 768 2365 822 ἀλλά
2445 775 2534 822 καὶ
2617 776 2725 832 τοῖς
2813 768 2992 832 ἔξωθεν
3082 768 3559 843 περιαντλουμένην
3655 769 3841 827 καλοῖς,

2237 859 2408 912 ὁπόσα
2435 861 2598 931 ταύτῃ
2631 861 2775 932 παρὰ
2798 867 2894 922 τῆς
2918 859 3082 934 ὑγρᾶς
3105 855 3559 911 ἐπεισϐάλλουσιν.

2311 947 2382 1021 β’.
2418 944 2550 1001 Ἧδε
2613 948 2643 1005 ἡ
2717 950 2919 1021 Κύπρος
2983 948 3136 1016 αὕτη,
3203 951 3234 1006 ἡ
3297 952 3416 1020 πρὶν
3457 941 3733 1018 εὐδαίμων
3797 961 3844 996 τε

2237 1042 2328 1090 καὶ
2377 1036 2609 1112 λαμπρὰ,
2679 1037 2738 1090 οῦ
2793 1042 2946 1090 τόσον
3011 1035 3066 1089 ἐκ
3123 1045 3222 1089 τῶν
3309 1044 3550 1110 φυσικῶν
3618 1039 3841 1110 χαρίτων

2240 1125 2497 1199 ἐπίσημος
2550 1123 2610 1185 ἧν
2655 1129 2717 1187 ὡς
2774 1128 2799 1178 ό
2847 1126 2996 1198 λόγος
3043 1123 3532 1200 προδιεμόρφωσεν,
3570 1120 3690 1176 οὐδ’
3723 1123 3842 1175 οὕτω

2240 1219 2435 1274 ταύτην
2493 1215 2614 1268 ἄλλο
2674 1236 2725 1268 τι
2781 1224 2877 1267 τῶν
2933 1216 3156 1269 ἁπάντον
3216 1215 3508 1288 ἐσέμνυνεν,
3580 1218 3649 1276 ὡς
3711 1215 3735 1264 ὁ
3763 1221 3843 1274 τῆς

2242 1303 2500 1367 εὐσεϐείας
2563 1304 2752 1377 μᾶλλον
2817 1307 3035 1378 καρπὸς,
3100 1309 3190 1357 καὶ
3253 1306 3279 1356 ὁ
3345 1311 3438 1356 τοῦ
3533 1302 3843 1374 Εὖαγγελίοῦ

2244 1399 2458 1468 σπόρος,
2517 1394 2864 1446 ἐκατοστεύων
2917 1395 2984 1456 εἰς
3053 1397 3342 1466 εῦσταχυν,
3400 1396 3472 1445 τὰ
3505 1412 3564 1445 τε
3625 1401 3719 1453 τῆς
3775 1388 3846 1442 δι-

2244 1479 2532 1543 δασκαλίας
2583 1484 2773 1556 εῦρυτα
2821 1485 3029 1556 νάματα
3084 1488 3173 1536 καὶ
3229 1485 3258 1542 ἠ
3323 1481 3631 1542 πολυανθὴς
3670 1480 3843 1551 λειμω-

2242 1577 2326 1624 νία
2371 1581 2469 1624 τῶν
2527 1578 2761 1644 Γραφὼν,
2818 1593 2908 1625 και
2964 1575 2992 1631 ἠ
3062 1580 3162 1624 τῶν
3218 1577 3402 1625 τέκνων
3469 1579 3569 1632 τῆς
3639 1569 3842 1626 Ἐκκλη-

2247 1666 2366 1723 σίας
2420 1661 2634 1734 πληθὺς,
2688 1664 2753 1722 ὡς
2799 1669 2891 1713 τοῦ
2945 1659 3108 1735 ἀγροῦ
3157 1665 3216 1714 τό
3278 1659 3642 1734 παμϐότανον·
3687 1662 3841 1729 ὥσπερ

488 1755 862 1822 innovatam,
896 1762 960 1813 ut
981 1773 1118 1814 cum
1147 1758 1450 1830 Scriptura
1473 1757 1747 1830 loquar‘,
1781 1762 1840 1812 et
1867 1754 2132 1826 quotidie

2250 1759 2402 1809 νῆσον
2450 1749 2890 1824 ἐγκαινιζομένην,
2941 1755 2998 1804 τό
3060 1760 3150 1812 τῆς
3209 1757 3434 1825 Γραφῆς,
3514 1757 3610 1802 καί
3660 1751 3844 1820 ὁσημέ-

488 1843 550 1899 in
571 1844 782 1900 melius
801 1850 1154 1902 renovatam
1174 1863 1244 1903 ac
1265 1846 1695 1918 proﬁcientem.
1721 1843 1884 1900 Unde
1907 1842 2133 1898 factum

486 1937 592 1997 est,
625 1938 688 1990 ut
706 1933 767 1988 in
797 1950 978 1991 unam
999 1935 1405 1992 maximarum
1424 1933 1869 2006 provinciarum
1892 1947 2134 2004 promo-

483 2028 738 2090 veretur,
761 2028 819 2079 et
847 2023 925 2080 ad
954 2024 1504 2097 archiepiscopatus
1547 2024 1893 2080 eveheretur
1939 2019 2134 2093 digni-

484 2116 688 2183 tatem,
716 2129 845 2168 sors
869 2114 1092 2170 eximia
1114 2114 1324 2170 Christi
1370 2113 1600 2180 effecta,
1661 2117 1842 2184 atque
1887 2127 1995 2183 per
2046 2125 2134 2166 se-

483 2201 806 2273 metipsam
818 2201 1041 2259 directa
1058 2203 1493 2275 propriumque
1508 2201 1621 2257 sub
1642 2199 1989 2274 pastoribus
2010 2199 2136 2255 suis

487 2287 774 2345 ordinans
807 2305 1072 2360 gregem.

562 2380 617 2435 3.
643 2377 866 2434 Verum
886 2393 1008 2435 non
1030 2382 1158 2436 erat
1177 2378 1408 2434 scelesti
1437 2379 1694 2445 Satanae,
1726 2379 1884 2434 hanc
1905 2377 2139 2450 absque

489 2465 717 2522 invidia
733 2467 971 2537 intueri,
1000 2467 1104 2539 qui
1123 2471 1344 2524 terram
1364 2467 1627 2524 minatur
1664 2471 1845 2539 atque
1890 2481 2055 2522 mare
2075 2480 2138 2522 se

493 2553 848 2612 deletorum.
875 2555 1104 2612 Scilicet
1132 2560 1328 2613 armat
1380 2571 1601 2612 manus
1655 2555 2022 2620 barbaricas,
2081 2558 2139 2610 et

492 2648 733 2714 gentem
758 2644 1066 2701 inimicam
1088 2645 1303 2702 excitat
1323 2645 1613 2702 adversus
1639 2645 1985 2712 Ecclesiam,
2015 2645 2139 2700 imo

490 2732 826 2790 beneﬁcam
846 2753 864 2805 ;
906 2739 1166 2804 gentem,
1219 2751 1355 2808 quae
1397 2735 1521 2791 haec
1571 2734 1820 2808 quidem
1856 2733 2137 2790 dentibus

489 2822 767 2888 comedit,
799 2822 897 2880 illa
917 2838 1055 2880 vero
1080 2824 1387 2895 unguibus
1418 2823 1724 2888 dilacerat,
1769 2823 1889 2880 alia
1934 2827 2134 2878 autem

487 2910 745 2985 pedibus
773 2912 1102 2983 eoneulcat,
1123 2928 1489 2986 prorsusqus
1524 2913 1729 2969 omnia
1755 2911 1834 2969 ad
1851 2911 2139 2984 disperdi-

489 3004 713 3059 tionem
734 3007 948 3068 vastat,
971 3003 1144 3074 juxta
1174 3004 1429 3060 Danielis
1469 3004 1766 3060 visionem
1813 3006 1858 3058 ³.
1905 3002 2136 3058 Consti-

487 3091 610 3187 pati
660 3093 819 3187 enim
865 3092 1072 3159 Latini,
1126 3093 1304 3187 etiam
1369 3093 1617 3165 Cyprios
1681 3092 1874 3187 adorti
1948 3094 2133 3146 sunt:
2170 3134 2209 3187 Ο

487 3180 639 3236 alius
669 3180 918 3252 quidam
950 3185 1170 3252 pontus
1198 3181 1530 3237 immensus
1561 3185 1617 3236 et
1641 3181 1823 3237 obvia.
1874 3195 2134 3252 qumque

485 3269 814 3333 inundans,
856 3270 1185 3341 conspicuo
1237 3271 1340 3327 illo
1392 3270 1774 3343 insulamque
1832 3270 2136 3326 ambiente

484 3357 911 3428 impetuosior;
939 3358 1437 3431 quandoquidem
1463 3361 1828 3430 conspicuus
1856 3374 1976 3414 non
2000 3373 2136 3414 eam

486 3444 765 3516 obtegere
789 3447 1119 3513 "contendit,
1154 3447 1258 3502 sed
1289 3447 1549 3520 propriis
1581 3447 1850 3502 terminis
1881 3447 2134 3503 circum-

486 3534 781 3603 scribitur,
839 3535 898 3590 in
950 3536 1274 3608 semetipso
1323 3537 1544 3592 ﬂuctus
1615 3536 2019 3606 confringens,
2079 3541 2137 3594 et

487 3623 778 3681 Creatoris
799 3623 1189 3697 providentiae
1210 3625 1391 3682 frenis
1417 3625 1840 3683 obsecundans
1875 3627 1917 3682 ³.

555 3806 610 3860 4.
637 3804 711 3860 At
731 3803 1014 3860 Italorum
1038 3804 1296 3861 audacia
1322 3803 1594 3877 proprias
1617 3803 1868 3860 transilit
1925 3803 2134 3861 statio-

484 3907 614 3956 nes,
641 3897 697 3948 et
721 3891 938 3948 ﬂuctus
966 3893 1069 3948 iraa
1113 3892 1311 3959 volvit,
1363 3898 1530 3949 extra
1583 3891 1870 3949 terminos
1929 3891 2133 3961 currit,

485 3985 665 4053 atque
691 3981 751 4036 in
781 3986 1011 4037 exteros
1035 3981 1223 4038 irruit.
1257 3981 1563 4052 Ejusmodi
1585 3987 1757 4038 atrox
1811 3985 2133 4053 tempestas

486 4070 742 4126 excitata
771 4070 937 4126 estin
967 4070 1250 4142 praeclara
1271 4071 1467 4143 Cypro
1497 4089 1510 4138 ;
1569 4088 1710 4127 cum
1762 4087 1886 4143 qua
1937 4069 2137 4126 foedus

489 4164 687 4213 servat
716 4174 902 4224 mare,
925 4165 982 4215 et
1011 4160 1270 4216 cicurem
1301 4177 1362 4215 se
1402 4160 1597 4216 reddit
1638 4160 1819 4217 unda.
1890 4159 1956 4215 Id
1991 4173 2136 4215 sane

485 4245 799 4315 diluvium,
849 4247 926 4304 ad
963 4248 1210 4321 aliquod
1265 4264 1455 4321 usque
1516 4253 1752 4321 tempus
1791 4248 2138 4305 venustiora

485 4351 745 4408 quaeque
769 4339 1052 4409 corrupit,
1082 4344 1139 4394 et
1165 4339 1226 4394 in
1260 4344 1476 4394 terram
1501 4339 1817 4409 prostravit
1851 4353 2135 4410 quaecun-

486 4441 606 4497 que
636 4425 999 4481 eminebant.
1048 4430 1176 4484 Mox
1211 4443 1350 4482 vero
1401 4432 1457 4482 et
1512 4427 1830 4482 hominum
1881 4442 2138 4499 corpora

489 4513 698 4582 attigit.
732 4515 1152 4571 Verumtamen
1181 4514 1505 4571 tolerabilis
1536 4520 1661 4570 erat
1686 4514 2018 4578 calamitas,
2073 4515 2136 4572 li-

487 4607 577 4659 cet
601 4609 756 4660 esset
771 4603 1104 4660 admodum
1123 4605 1322 4675 gravis
1347 4623 1360 4671 ;
1381 4604 1675 4676 quoniam
1687 4603 1768 4660 ad
1783 4619 2136 4676 corpoream

487 4693 801 4767 spectabat
824 4709 1069 4763 noxam,
1100 4700 1155 4751 et
1175 4709 1496 4766 corporum
1518 4693 1867 4767 perniciem,
1897 4710 2032 4766 quea
2059 4695 2138 4751 ad

563 4875 578 4908 ¹
614 4875 725 4930 lsa.
757 4889 887 4939 Juv,
923 4876 1008 4941 t6,
1085 4875 1106 4908 ³
1142 4873 1269 4929 Dan
1295 4888 1388 4940 vu,
1413 4874 1579 4941 7,19.
1612 4871 1764 4930 “ob
1791 4888 2033 4943 xxxvm,
2062 4876 2147 4928 tl.

561 5053 638 5124 (2)
667 5049 806 5124 Καθ’
829 5049 1014 5124 ἑαυτὴν
1048 5047 1407 5124 διεξαγομέδη.
1443 5053 1563 5124 Hoc
1620 5055 1707 5106 est
1761 5049 2133 5124 adroxépahg.

487 5121 628 5188 Qua
647 5122 722 5177 de
746 5137 808 5176 re
837 5121 975 5177 vide
1001 5121 1281 5179 Allatium
1321 5125 1406 5178 De
1430 5123 1712 5178 Ecclesia:
1748 5121 2145 5178 Occidentalis
2181 5149 2185 5154 -

488 5193 1246 5273 ctorien‘talisperpbtua
1298 5196 1698 5273 consensione,
1747 5193 1850 5248 lib.
1902 5209 1943 5260 1,
1996 5207 2138 5273 cap.

488 5267 580 5389 ἐξ,
604 5262 1112 5390 ῗὶἦάόηοῐειῑὶοοὸε
1137 5265 1564 5335 Beveregianas
1591 5265 1655 5320 in
1679 5277 1942 5320 canones
1972 5277 2032 5334 p.
2057 5264 2146 5328 58,

492 5339 583 5400 59,
619 5339 734 5390 147.
1535 5351 1540 5357 ·

561 5407 639 5475 (3)
678 5411 780 5458 Τοῦ
812 5413 912 5474 γῆν
943 5407 1295 5477 ἁπειγοῦντος.
1351 5405 1566 5461 Habuit
1621 5404 1678 5458 in
1742 5403 1947 5458 animo
2005 5402 2150 5457 illud

491 5479 602 5532 lsa.
651 5492 706 5543 ι,
779 5477 899 5530 14ε
955 5481 1054 5528 Καί
1104 5482 1262 5529 σείσω
1315 5477 1485 5536 πόλεις
1559 5477 1982 5545 κατοικουμένας,
2065 5478 2155 5525 καί

491 5551 586 5605 τὴν
651 5550 954 5618 οἰκουμένην
1011 5547 1130 5619 ὃλην
1191 5547 1557 5619 καταλήψομοι
1622 5549 1880 5619 τῇγχειρὶ
1926 5551 1990 5605 ὡς
2038 5564 2158 5619 νοσ-

495 5637 635 5689 σιαν,
669 5624 758 5675 καὶ
787 5617 856 5680 ὡς
898 5617 1334 5691 καταλελειμμενα
1386 5617 1475 5671 ὡδί
1516 5621 1628 5671 ὀισῶ
1689 5617 1766 5675 Ει
1820 5617 2158 5676 εοηεαιὶαιη

2245 1859 2336 1913 ραι
2390 1843 2520 1913 πρὸς
2566 1844 2624 1892 τὸ
2681 1847 2912 1916 κρεῖττον
2959 1842 3330 1913 ἁνανεουμένην
3379 1859 3432 1892 τε
3485 1845 3584 1892 καὶ
3640 1837 3844 1911 προϐαί-

2245 1947 2455 1983 νουσαν.
2516 1928 2772 1982 Ἐντεῦθεν
2832 1929 2898 1990 εἰς
2943 1934 3066 2002 μίαν
3114 1931 3363 2003 προήχθη
3430 1937 3539 1980 τῶν
3600 1932 3844 2001 μεγίστων

2245 2017 2531 2091 ἐπαρχιῶν,
2579 2024 2667 2070 καὶ
2722 2023 2850 2093 πρὸς
2899 2018 3325 2092 ἁρχιεπισκοπῆς
3379 2017 3591 2091 ἐπήρθη
3631 2016 3843 2086 ἀξίωμα·

2243 2106 2411 2179 λάχος
2461 2110 2694 2182 ἔκκριτον
2743 2110 3104 2166 καθεστηκυῖα
3145 2115 3401 2183 Χριστοῦ,
3450 2113 3551 2160 καὶ
3597 2105 3713 2158 καθ’
3745 2105 3847 2158 ἑαν-

2244 2201 2339 2254 τὴν
2399 2193 2741 2270 διεξαγομένη
2804 2199 2903 2269 (2),
2981 2197 3073 2250 καὶ
3127 2200 3186 2250 τὸ
3244 2197 3429 2250 οἰκεῖον
3487 2198 3597 2250 ὑπὸ
3647 2201 3845 2266 ποιμέσι

2247 2281 2282 2338 δ
2289 2288 2533 2338 ιατοίττου
2541 2305 2610 2339 σα
2635 2291 2892 2360 ποίμνιον.

2313 2375 2378 2446 γ’.
2429 2373 2566 2429 Ἀλλ’
2625 2379 2812 2429 οὔκουν
2860 2376 2978 2448 [Αη
3044 2377 3138 2428 οῦκ
3172 2373 3255 2447 ἦν]
3313 2375 3418 2450 ἄρα
3465 2382 3567 2427 τοῦ
3629 2373 3843 2443 τελχῖνος

2245 2466 2408 2516 Σατὰν
2455 2470 2524 2537 μὴ
2563 2471 2652 2518 καὶ
2686 2485 2848 2537 ταυτῃ
2897 2465 3164 2538 βάσκανον
3216 2465 3332 2536 [Αη
3371 2480 3490 2534 pro
3547 2460 3844 2536 βασκανως]

2244 2549 2449 2621 ἐνιδεῖν,
2505 2562 2596 2608 τοῦ
2653 2563 2750 2626 γῆν
2806 2553 3128 2616 ἀπειλοῦντος
3181 2555 3263 2627 (3)
3305 2553 3588 2627 ἐξαλείφειν
3629 2558 3719 2605 καὶ
3757 2553 3840 2603 θά-

2242 2642 2466 2698 λασσαν.
2537 2643 2736 2716 Ἀμέλει
2792 2648 2881 2696 καὶ
2947 2651 3136 2717 χεῖρας
3222 2642 3425 2704 ὁπλίζει
3488 2641 3839 2718 βαρϐαρικὰς,

2244 2737 2334 2785 καὶ
2394 2733 2632 2806 πολέμιον
2691 2735 2831 2795 ἔθνος
2879 2733 3120 2808 ἐπήγειρε
3175 2736 3310 2786 κατὰ
3364 2741 3460 2795 τῆς
3521 2732 3837 2792 Ἐκκλησίας,

2245 2827 2334 2874 καὶ
2385 2821 2574 2893 μᾶλλον
2633 2819 3025 2897 ῦποδρηστεῦον
3079 2823 3232 2894 αῦτῇο
3291 2823 3455 2890 ἔθνος,
3504 2824 3576 2874 τὰ
3621 2824 3710 2894 μὲν
3747 2826 3842 2878 τοῖς

2245 2906 2461 2964 ὀδοῦσιν
2511 2910 2704 2979 ἐσθίον,
2753 2915 2818 2964 τὰ
2865 2908 2924 2964 δὲ
2974 2914 3272 2986 σπαράσσει
3324 2919 3434 2972 τοῖς
3478 2910 3677 2980 ὄνυξιν,
3731 2907 3843 2959 ἀλλὰ

2250 2997 2310 3052 δέ
2346 3019 2473 3052 ποσι
2526 3008 2855 3073 συμπατοῦν,
2900 3007 2989 3054 καὶ
3037 3000 3212 3061 ἁπλῶς
3265 3003 3330 3052 τα
3357 3003 3533 3052 πάντα
3587 3002 3714 3074 πρὸς
3737 2997 3846 3068 ἀρα-

2244 3092 2430 3161 νισμὸν
2479 3087 2746 3163 ἀχρειοῦν,
2814 3093 2950 3142 κατὰ
3000 3092 3086 3142 τὸν
3127 3088 3316 3148 Δανιὴλ
3350 3091 3731 3161 θεαματισμόν.
3789 3084 3844 3137 Οἱ

2243 3181 2345 3250 γὰρ
2394 3184 2612 3252 φρακτοὶ
2665 3186 2878 3232 Λατῖνοι
2931 3183 3017 3231 καὶ
3072 3181 3182 3241 τοῖς
3242 3183 3496 3252 Κυπρίοις
3559 3177 3841 3252 ἐπέϐρισαν.

2244 3271 2426 3328 πόντος
2480 3267 2628 3330 ἀλλος
2665 3289 2745 3329 τις
2775 3268 2982 3340 ἀχανής
3030 3274 3120 3321 καὶ
3159 3268 3498 3328 κατακλυζων
3532 3272 3594 3320 τὸ
3629 3283 3842 3342 προστυ-

2243 3360 2366 3427 χὸν,

2247 3443 2562 3520 βιαιότερος,
2622 3447 2740 3520 παρ’
2794 3448 2915 3501 ὃσον
2971 3451 3060 3520 μεν
3119 3450 3178 3500 οῦ
3208 3446 3442 3518 καλύψαι
3491 3449 3692 3503 ταύτην
3724 3444 3844 3516 φιλο-

2447 3366 2538 3409 τοῦ
2615 3367 2910 3432 προφανοῦς
2971 3363 3060 3410 καὶ
3125 3363 3217 3416 τὴν
3292 3367 3451 3417 νῆσον
3503 3359 3845 3428 ῦπανέχοντος

2241 3543 2412 3597 νεικεῖ,
2471 3534 2597 3590 ἀλλὰ
2627 3541 2730 3598 τοῖς
2797 3537 3006 3600 οἰκείοις
3055 3537 3196 3611 ὃροις
3242 3538 3749 3610 συμπεριγρείφεται,
3801 3535 3840 3582 ὲν

2238 3627 2405 3694 ἐαυτῷ
2452 3628 2752 3701 συνθραῦων
2799 3629 2866 3680 τοί
2916 3630 3145 3699 κύματα,
3206 3630 3295 3678 καὶ
3339 3630 3587 3697 προνοίας
3623 3623 3844 3696 χαλινοῖς

2240 3713 2293 3767 εὖ
2301 3719 2485 3765 πείκων
2511 3721 2860 3790 Δημιουργοῦ.

2315 3799 2383 3856 δ’·
2443 3808 2514 3857 Τὸ
2567 3801 2625 3857 δε
2675 3803 2862 3880 θράσος
2912 3813 3009 3856 τῶν
3037 3803 3242 3858 Ἰταλῶν
3272 3807 3387 3864 τοὺς
3432 3807 3653 3864 οἰκείους
3700 3802 3844 3871 ὑπερ-

2244 3894 2405 3946 ϐαὶνει
2450 3896 2734 3967 σταθμούς,
2788 3900 2877 3947 καὶ
2931 3898 3142 3967 κύματα
3195 3890 3428 3947 κυλίνδει
3495 3895 3687 3966 θυμοῦ,
3766 3893 3845 3940 καὶ

2243 3981 2493 4057 ὑπερόρια
2557 3989 2755 4058 τρέχει,
2810 3989 2899 4036 καὶ
2949 3991 3048 4036 τῶν
3097 3985 3302 4037 ὀθνείων
3367 3979 3704 4055 κατεμπηδᾷ.
3752 3986 3841 4034 Τη-

2245 4071 2383 4134 λίκος
2432 4072 2687 4148 επερροἰγη
2745 4082 2806 4146 τῇ
2865 4073 2993 4146 καλῇ
3060 4076 3253 4147 Κύπρώ
3304 4069 3510 4125 κλύδων
3573 4072 3846 4127 ἀλλόκοτος.

2248 4170 2379 4235 πρός
2420 4160 2479 4219 ἢν
2537 4163 2566 4220 ὴ
2640 4161 2882 4214 θάλασσα
2935 4157 3232 4226 σπένδεται,
3309 4166 3401 4213 καὶ
3459 4161 3743 4235 ἡμεροῦται
3801 4157 3847 4205 τὸ

2247 4248 2445 4323 ῥόθιον.
2514 4249 2574 4303 ’0
2627 4247 2684 4302 δὲ
2734 4258 2966 4311 τοιοῦτος
3014 4254 3382 4322 κατακλυσμὸς
3441 4255 3611 4323 μέχρι
3655 4252 3739 4319 μέν
3785 4263 3846 4295 τι·

2247 4358 2327 4399 νος
2380 4342 2444 4391 τά
2483 4339 2652 4411 ὡραῖα
2708 4336 2986 4412 διέφθειρε,
3047 4359 3136 4392 και
3193 4345 3294 4391 πᾶν
3348 4337 3634 4410 ἀνὶιστημα
3689 4331 3848 4405 κατέρ-

2170 4485 2211 4538 D
2250 4427 2372 4503 ῥιψε
2412 4437 2532 4500 γῆς.
2581 4425 2731 4486 ’Ἡδη
2804 4425 2862 4480 δὲ
2923 4433 3013 4481 καὶ
3090 4431 3343 4502 σωμάτων
3401 4430 3681 4501 ἁνθρωπων
3737 4439 3848 4492 παρ·

2252 4517 2311 4538 γ’,
2370 4537 2410 4538 7,
2502 4517 2633 4538 ’λινες
2690 4515 2706 4532 τ
2800 4519 2817 4529 σ-
3025 4537 3061 4538 77
3096 4520 3160 4538 77!
3262 4522 3307 4538 7!
3354 4513 3422 4538 79—7
3467 4519 3477 4538 Ξ
3591 4532 3761 4538 ὟῌΔ--Α
3803 4512 3844 4538 zu

2251 4517 2439 4588 ἥψατο.
2502 4517 2633 4571 Ἀλλ’
2684 4515 2744 4576 ἦν
2793 4519 2928 4590 ὅμως
2978 4520 3196 4591 φορητόν
3257 4522 3313 4569 τό
3346 4513 3532 4588 δεινόν,
3589 4532 3764 4583 καίπερ
3802 4512 3844 4560 ὃν

2253 4605 2680 4680 βαρυσύμφορον·
2730 4611 2838 4660 ἐπεί
2895 4612 2984 4660 καὶ
3028 4627 3152 4680 προς
3230 4611 3532 4678 σωματικὴν
3620 4600 3847 4656 ἀπέϐλεπε

2251 4695 2418 4769 λύμην
2510 4701 2599 4748 καὶ
2683 4697 3034 4768 σκηνωμάτων
3131 4695 3410 4765 ἀπώλειαν,
3498 4695 3844 4765 συντιθεμένων

2253 5051 2523 5126 civitates
2563 5050 2883 5120 habitatas,
2909 5051 3201 5126 _eto_rbem
3237 5055 3644 5126 terrcetotum
3663 5059 3851 5126 apprc-

2256 5122 2512 5178 hendam
2544 5137 2729 5178 manu
2742 5123 2918 5192 quasi
2930 5123 3164 5190 nidum,
3185 5128 3240 5179 et
3261 5125 3439 5194 quasi
3458 5138 3571 5179 ova
3590 5120 3851 5194 derelicto

2259 5194 2493 5248 tollam.
2517 5195 2681 5265 unde
2703 5191 3041 5264 Gregorius.
3063 5191 3372 5265 Nyssenus
3395 5198 3552 5265 orat.
3572 5199 3602 5248 5
3613 5193 3678 5265 in
3691 5191 3852 5265 Canti-

2260 5279 2398 5318 cum
2450 5263 2841 5331 canticorum,
2890 5281 2947 5337 p.
2982 5269 3081 5322 55-1
3113 5263 3206 5319 ‘D:
3241 5265 3304 5321 0’
3340 5263 3752 5337 ,καταλαμϐάνων
3775 5263 3849 5337 τὴν

2261 5338 2567 5407 οἰκουμένην
2596 5342 2659 5396 ὼς
2708 5331 2942 5390 νοσσιὰν.
2976 5343 3065 5389 καὶ
3095 5341 3166 5397 ὼς
3202 5331 3643 5408 καταλελειμμένα
3671 5335 3740 5384 ὠοί
3760 5331 3850 5401 αἱρ-

2263 5429 2329 5458 ων
2352 5412 2504 5466 αὐτὰ,
2530 5422 2634 5462 seu
2663 5408 2861 5479 potius
2895 5409 3074 5474 αὐτὰν,
3107 5423 3245 5463 cum
3276 5408 3614 5478 interprete.
3638 5415 3845 5479 acerris.

2265 5481 2403 5549 Reg.
2442 5480 2598 5545 1797,
2633 5470 2807 5551 Χρυά
2838 5470 3162 5536 Caesarium
3194 5485 3389 5554 quast
3432 5470 3568 5545 't‘Il,
3601 5470 3846 5551 περιλήψο·

2265 5570 2384 5622 μαι.
