4020 6310
91 367 185 420 605
1365 353 1701 412 EPISTOLA
1735 352 1883 410 ΓΑΒ
1923 352 2235 413 CYPRIOS.

3373 369 3478 425 606

90 491 167 539 ἐπὶ
222 483 434 560 βραχύ
508 489 597 538 καὶ
643 483 899 558 λυομένων
948 481 1058 557 μετ’
1114 479 1171 534 ού
1224 479 1374 536 πολύ.
1433 483 1511 533 Τὰ
1537 486 1625 531 νῦν
1657 475 1702 531 δί

1825 477 2004 536 breve
2025 481 2312 554 temporis
2342 485 2600 558 spatium
2635 490 3122 562 compinguntur,
3154 494 3211 550 et
3239 491 3481 550 solvun-

89 575 210 627 ἀλλὰ
276 581 376 626 καὶ
442 575 643 647 ψυχῶν
700 577 756 627 τὸ
820 579 1041 650 πρᾶγμα
1103 574 1568 647 κατεκαυχὴσατο,
1627 571 1716 621 καὶ

89 669 166 718 τόν
218 664 387 739 ὀρθὸν
451 664 608 736 λόγον
662 671 757 727 τῆς
809 661 1070 723 εὐσεϐείας
1129 657 1456 714 διασαλεύειν
1505 659 1715 730 ἐπιχει-

85 762 172 827 ρεῖ.
227 761 361 816 Τοῖς
419 756 534 829 γὰρ
591 753 928 828 πολεμισταὶς
987 755 1253 817 Λατίνοις,
1316 755 1406 802 καὶ
1463 751 1715 825 ἱερατικὸν

88 843 135 898 ἐκ
179 851 276 897 τού
327 848 527 916 γένους
584 844 676 897 οὐκ
724 845 894 916 ὀλίγον
940 851 1002 917 τῇ
1047 847 1186 914 νήσῳ
1234 837 1577 916 προσέπιϐἁν,
1624 840 1715 900 τὰς

86 934 375 996 ἐκκλησίας
443 937 683 1006 συνέχεε,
729 937 817 986 καὶ
866 936 999 1008 πρὸς
1056 930 1207 985 ἑαυτὸ
1262 933 1432 982 πάντα
1478 930 1547 980 τὰ
1606 928 1717 979 θεῖα

86 1022 370 1096 ἐξελκύσαι
406 1027 751 1080 νεανιεύεται.

149 1113 205 1167 ε’.
266 1113 474 1167 “Evasi
534 1115 559 1165 ό
615 1116 704 1187 μὲν
761 1117 975 1185 γνήσιος
1040 1102 1154 1180 καὶ,
1188 1110 1457 1170 κανονικὸς
1518 1123 1714 1180 πρωτο-

84 1208 298 1276 ποίμην,
404 1205 436 1256 ὁ
539 1209 936 1277 μακαριώτατος
975 1201 1395 1277 ἆρχιεπίσκοπος
1450 1200 1711 1272 Κυπρίων,

83 1294 282 1370 ὀκῦρις
334 1297 639 1366 Νέοφυτος,
697 1300 788 1346 τοῦ
832 1293 1024 1346 οἰκείου
1097 1293 1278 1365 θρόνου
1338 1283 1709 1341 ἁποδιὼκεταιο

85 1387 408 1457 παρένθετος
445 1381 510 1437 δέ
566 1405 646 1447 τις
701 1388 791 1436 καὶ
850 1382 1121 1456 ἁλλόθροος
1177 1383 1448 1454 ἅνθρωπος
1501 1380 1555 1430 ἐκ
1607 1381 1714 1429 Λα⁹

87 1483 280 1535 τινικῆς
340 1474 526 1547 φυλῆς
570 1481 642 1545 τῷ
708 1475 928 1544 τοιούτῳ
995 1474 1155 1547 θρόνῳ
1209 1469 1556 1542 ἐγκαθεσθεὶς,
1618 1465 1712 1518 ούκ

88 1563 140 1613 ἂν
199 1563 381 1625 ἄλλως
440 1563 653 1622 ἀνήσειν
707 1567 828 1626 τοὺς
876 1564 1150 1637 ἡμετέρους
1219 1560 1500 1633 ἰερατικοὺς
1556 1555 1712 1627 ἰσχυ-

89 1654 287 1726 ρίζεται
346 1652 678 1715 ἐπισκόπους
731 1673 783 1706 τε
839 1655 926 1704 καὶ
993 1651 1205 1712 λοιποὺς
1273 1652 1360 1701 τόν
1426 1645 1712 1720 Ῥωμαῖκόν

92 1748 391 1815 παιμαίνειν
427 1749 523 1796 καὶ
552 1739 829 1796 διδάσκειν
886 1743 1026 1807 λαόν,
1086 1740 1130 1793 εἰ
1184 1744 1255 1814 μὴ
1311 1742 1556 1813 πρότερον
1616 1741 1711 1794 τὴν

1825 571 1924 624 tur
1950 571 2132 644 paulo
2162 575 2459 645 post.Jam
2489 593 2630 634 vero
2662 583 2718 635 et
2747 595 2840 636 res
2880 581 3204 638 adversum
3242 583 3478 639 animas

1827 674 1958 716 sese
1990 663 2246 733 superbe
2272 665 2499 735 extulit,
2527 672 2898 742 conaturque
2955 676 3183 727 rectum
3239 671 3477 743 pietatis

1825 764 2166 806 sermonem
2198 759 2533 811 concutere.
2565 757 2717 813 Nam
2747 775 2872 814 una
2909 776 3048 815 cum
3086 759 3476 816 bellatoribus

1827 838 2044 894 Latinis
2069 855 2192 897 non
2224 843 2395 915 pauci
2429 845 2698 916 ejusdem
2732 849 2963 917 generis
3019 848 3360 905 sacerdotes
3413 848 3476 904 in

1824 926 2083 985 insulam
2115 930 2384 1002 ingressi,
2418 933 2710 991 Ecclesias
2740 939 3195 1001 conturbarunt,
3225 941 3279 994 et
3308 938 3384 995 ad
3411 953 3475 995 se

1824 1021 2040 1074 cuncta
2067 1019 2270 1076 divina
2297 1023 2636 1094 pertrahere
2663 1025 2996 1098 petulanter
3019 1028 3310 1084 nituntur.

1896 1111 1946 1161 5.
1991 1107 2132 1164 Hinc
2155 1109 2456 1181 legitimus
2505 1118 2561 1169 et
2615 1116 2942 1172 canonicus
2985 1121 3297 1189 pastorum
3354 1115 3474 1190 pri-

1824 1210 1982 1267 mus,
2011 1197 2392 1256 beatissimus
2424 1203 2777 1275 Cypriorum
2809 1205 3314 1278 archiepiscopus,
3366 1205 3470 1262 do-

1821 1285 2023 1341 minus
2047 1289 2419 1361 Neophytus,
2453 1307 2488 1346 a
2520 1309 2630 1348 sua
2659 1293 2797 1348 sede
2823 1293 3032 1366 pulsus
3087 1299 3193 1362 est,
3240 1294 3476 1351 adsciti-

1821 1375 1938 1430 tius
1959 1380 2160 1433 autem
2190 1378 2442 1451 quidam
2467 1385 2523 1436 et
2562 1383 2890 1454 peregrinae
2920 1384 3140 1457 linguae
3177 1384 3382 1454 homo,
3438 1400 3471 1440 e

1823 1465 2165 1522 Latinorum
2197 1483 2431 1540 genere,
2453 1471 2513 1526 in
2535 1473 2748 1528 eodem
2774 1473 2988 1529 throno
3015 1474 3300 1538 insidens,
3345 1488 3470 1529 non

1821 1554 1939 1611 alia
1965 1557 2194 1613 ratione
2226 1575 2287 1614 se
2316 1561 2749 1632 permissurum
2791 1566 3116 1633 asseverat,
3169 1566 3235 1619 ut
3281 1561 3469 1618 nostri

1821 1646 2035 1702 sacrati
2065 1647 2357 1713 homines,
2393 1654 2520 1706 tum
2552 1651 2835 1724 episcopi,
2871 1655 2997 1708 tum
3026 1652 3241 1719 caeteri,
3275 1666 3471 1724 popu-

1818 1734 1943 1792 lum
1976 1740 2316 1794 Romanum
2343 1755 2451 1795 seu
2473 1741 2743 1796 Graecum
2787 1745 3040 1814 pascant
3090 1745 3146 1798 et
3191 1740 3464 1812 doceant,

92 1851 158 1883 πα
184 1831 232 1906 ρ’
304 1832 498 1894 αὐτοῖς
553 1835 821 1906 ύποταγὴν
876 1830 1244 1899 ύπεισέλθωσι,
1301 1833 1390 1880 καὶ
1449 1829 1702 1888 συνθήκας

1818 1825 1932 1882 nisi
1962 1827 2126 1900 prius
2158 1828 2592 1900 subjectionem
2621 1829 2787 1885 illam
2816 1846 3027 1887 eorum
3073 1829 3381 1899 subierint,
3413 1831 3471 1886 et

93 1923 472 1994 καταθυμίους
519 1929 591 1994 τῷ
638 1926 732 1995 νέῳ
780 1923 1020 1996 ἀρχιερεῖ
1061 1925 1149 1972 καὶ
1203 1921 1336 1992 νόθῳ
1374 1918 1705 1993 παρέξουσινο

95 2011 119 2067 ῖς
166 2015 266 2082 μὴν
311 2016 416 2064 καὶ
463 2014 681 2074 τούτους
727 2010 1200 2087 ἐξοστρακισθῆναι
1242 2029 1332 2068 της
1378 2013 1541 2066 νήσου
1586 2027 1710 2058 παν-

93 2102 336 2153 τάπασιν·
397 2103 478 2165 ὡς
524 2110 623 2155 τῶν
663 2107 915 2175 ποιμένων
954 2106 1044 2154 καὶ
1089 2097 1427 2153 διδασκάλων
1479 2095 1512 2150 δ
1520 2117 1708 2150 ιασπα-

100 2193 273 2264 ρέντων
343 2189 676 2245 κινδυνεύειν
751 2196 845 2250 τὴν
914 2191 1102 2263 ἀγελην
1168 2196 1402 2265 Χριστοῦ
1457 2188 1526 2250 εἰς
1583 2207 1709 2262 κρη-

96 2285 241 2349 μνοὺς
283 2279 703 2335 ἀποπλανᾶσθαι
731 2286 820 2334 καὶ
847 2279 1111 2356 βάραθρα.

163 2369 233 2432 ς’.
298 2369 406 2423 Ἦν
477 2373 566 2443 μὲν
620 2374 721 2443 πρὸ
779 2370 966 2423 πολλοῦ
1014 2368 1329 2444 θρυλούμενα
1378 2375 1561 2435 ταῦτα,
1619 2373 1709 2420 καὶ

101 2457 162 2518 εἰς
229 2456 397 2522 ἀκοὰς
471 2469 563 2520 τῆς
621 2461 868 2534 ἡμετέρᾶς
923 2459 1182 2536 ἐρχόμενα
1236 2463 1591 2533 μετριότητος·
1642 2460 1709 2511 τὰ

100 2550 178 2597 νὺν
235 2544 295 2600 δὲ
349 2554 451 2604 καὶ
509 2551 536 2602 ό
591 2548 981 2622 θεοφιλέστατος
1037 2557 1131 2610 τῆς
1177 2551 1309 2601 κατά
1355 2551 1444 2607 τὴν
1500 2549 1706 2623 Κύπρον

103 2635 384 2705 ἀγιώτατος
449 2637 740 2699 ἐπισκοπῆς
789 2637 994 2700 Σολείας
1061 2642 1316 2701 Λεόντιος,
1391 2635 1480 2689 καί
1527 2639 1551 2688 ό
1623 2638 1703 2689 εύ-

100 2722 254 2788 λαϐὴς
303 2729 700 2800 καθηγούμενος
751 2734 848 2790 τῆς
905 2735 1004 2778 τῶν
1065 2726 1345 2798 ’Δψινθίων
1412 2734 1568 2800 μονῆς
1637 2729 1702 2780 ἰε-

102 2819 393 2888 ρυμόναχος
469 2820 727 2886 Λεόντιος,
799 2819 928 2890 πρὸς
985 2819 1078 2874 τὴν
1140 2817 1280 2888 ἡμῶν
1356 2814 1704 2889 ἀναπεμφθέν-

101 2921 174 2963 τες
217 2909 545 2981 μετριότητα
598 2907 741 2979 παρά
795 2925 850 2959 τε
903 2913 994 2959 τοῦ
1049 2905 1240 2958 οἰκείου
1298 2908 1700 2980 μακαριωτάτου

105 2991 527 3067 ἀρχιεπισκόπου
577 3015 667 3048 και
713 3003 811 3048 τῶν
849 2995 1039 3049 λοιπῶν
1083 2999 1398 3061 ἐπισκόπων,
1452 2995 1578 3048 ἀλλὰ
1628 2992 1695 3055 δὴ

102 3101 181 3134 και
243 3088 441 3148 παντὸς
504 3094 596 3138 τοῦ
666 3087 938 3160 ἱερωμένου
1023 3086 1370 3162 πληρώματος
1453 3085 1543 3138 καί
1607 3093 1698 3139 τοῦ
1731 3116 1774 3174 C

109 3171 375 3243 ὀχλώδους
426 3175 576 3243 λαοῦ,
621 3178 718 3238 τὰς
761 3179 1004 3236 τοιαύτας
1053 3171 1341 3237 συνοδικῶς
1395 3174 1700 3248 ἀνήγγειλαν

109 3267 369 3338 συμφορὰς
440 3263 653 3317 ἐνώπιον
707 3274 801 3326 τῆς
857 3268 1004 3339 ἡμῶν
1055 3267 1382 3339 μετριόητός·
1443 3272 1532 3319 καὶ
1597 3286 1700 3320 πα-

110 3354 376 3420 ραστάντες
433 3357 529 3412 τήν
585 3357 809 3428 σήμερον
862 3354 946 3409 ἐπὶ
1000 3362 1091 3408 τοῦ
1130 3359 1314 3429 μέσου,
1357 3352 1700 3430 διεπρεσϐεύ-

113 3457 251 3492 σαντο
305 3445 486 3496 ὁπόσα
539 3443 659 3518 παρ’
712 3442 915 3497 ἐκείνων
970 3445 1250 3517 ἀνενεγκεῖν
1309 3442 1697 3520 ἐπετράπησαν.

109 3525 360 3602 Ἔφασκον
381 3535 489 3607 γὰρ
512 3535 575 3594 ὡς
600 3540 671 3604 τῷ
705 3535 1107 3607 ἁρχιεπισκόπῳ
1126 3539 1266 3609 κυρῷ
1292 3536 1536 3606 Νεοφύτῳ
1558 3536 1700 3608 παρὰ

115 3624 202 3668 τῶν
246 3627 488 3675 Λατίνων
533 3626 592 3676 οὺ
654 3629 1062 3698 συγκεχώρηται
1087 3631 1147 3683 τῆ
1181 3629 1325 3696 νήσῳ
1357 3619 1700 3698 ενδιατρίϐειν

129 3710 180 3759 τό
233 3712 472 3766 σύνολον·
515 3714 602 3766 οῖτε
644 3719 734 3766 τοῦ
777 3721 915 3787 σφῶν
945 3719 1036 3766 καὶ
1062 3713 1230 3788 ἐτέρου
1272 3713 1698 3787 ἀρχιεπισκόπου

115 3793 342 3867 μηδόλως
408 3801 562 3855 ἄλλον
636 3801 839 3856 ἀκούειν
905 3802 1319 3878 ἀρχιεπίσκοπον
1401 3807 1694 3876 στέγοντος.

130 3888 298 3954 Αμελει
327 3897 422 3945 καὶ
449 3892 612 3946 τέλεον
633 3892 944 3964 ἐκείνους
995 3891 1205 3968 ἐκεῖνον]
1258 3892 1551 3953 ἀπήλασαν.
1599 3899 1698 3947 Καὶ

115 3981 189 4026 νῦν
209 3978 256 4028 εν
274 3988 386 4044 τοῖς
405 3985 591 4057 μέρεσι
620 3991 716 4045 τῆς
746 3982 993 4045 ἀνατολῆς
1019 3979 1194 4055 διάγει
1216 3982 1533 4056 πλανώμενος

176 4065 241 4126 ζ’.
273 4069 476 4132 Αὐτοὺς
511 4068 571 4124 δέ
617 4091 676 4143 γε
715 4075 836 4135 τοὺς
885 4071 1218 4140 ἐπισκόπους,
1278 4076 1420 4145 φασὶ,
1454 4076 1545 4125 καὶ
1576 4076 1697 4135 τοὺς

117 4149 306 4220 λοιποὺς
355 4161 669 4235 ίερατικούς,
728 4161 799 4223 εἰς
852 4162 1116 4232 ὑποταγὴν
1157 4160 1471 4222 ἐκϐιάζεται
1526 4163 1551 4213 ό
1598 4171 1696 4214 τῶν

118 4246 331 4298 Λατίνων
403 4247 700 4322 ἀρχιερεύς,
757 4255 846 4302 καὶ
894 4251 1054 4312 οὕτως
1117 4250 1286 4303 ἐάσειν
1343 4253 1561 4314 τούτους
1608 4272 1698 4304 κα-

1819 1916 2269 1989 astipulationes
2293 1935 2452 1974 novo
2479 1919 2784 1993 nothoque
2803 1920 3069 1993 pontiﬁci
3091 1924 3293 1989 gratas
3318 1935 3468 1992 pra;-

1820 2007 2394 2082 stiterint;alioquin
2442 2024 2546 2066 eos
2599 2010 2848 2068 omnino
2878 2026 2951 2067 ex
3002 2009 3199 2068 insula
3226 2010 3464 2081 ejicien-

1818 2094 1929 2152 dos
1950 2113 2107 2166 esse,
2140 2098 2294 2154 adeo
2323 2103 2386 2153 ut
2411 2099 2756 2171 pastoribus
2780 2104 2837 2155 et
2860 2099 3206 2156 doctoribus
3232 2098 3463 2170 disper-

1818 2188 1918 2257 sis,
1947 2187 2280 2258 periculum
2303 2189 2374 2245 sit
2407 2204 2479 2245 ne
2507 2189 2716 2246 Christi
2748 2204 2891 2260 grex
2916 2189 2979 2244 in
3027 2187 3356 2261 praecipitia
3405 2189 3465 2243 et

1817 2277 2103 2336 barathra
2131 2279 2464 2351 divagetur.

1891 2374 1921 2426 6
1962 2373 2154 2441 Atque
2175 2370 2304 2426 haec
2327 2371 2575 2442 quidem
2605 2369 2734 2441 jam
2763 2385 2800 2426 a
2823 2369 3003 2439 lougo
3057 2372 3322 2440 tempore
3377 2366 3464 2422 di-

1818 2457 2063 2530 vulgata
2085 2457 2340 2526 fuerant,
2373 2463 2431 2516 et
2457 2459 2536 2515 ad
2562 2470 2736 2515 aures
2770 2456 3191 2514 mediocritatis
3243 2458 3463 2512 nostrae

1814 2553 2232 2618 pervenerant.
2265 2551 2308 2605 N
2319 2565 2430 2605 unc
2445 2564 2583 2605 vero
2604 2547 3086 2619 religiosissimus
3101 2544 3464 2602 sanctissimi

1814 2637 2193 2710 episcopatus
2226 2638 2410 2696 Soleae
2439 2640 2499 2694 in
2531 2640 2743 2711 Cypro,
2780 2637 3072 2704 Leontius,
3103 2641 3160 2692 et
3186 2649 3457 2692 reveren-

1812 2725 1928 2782 dus
1956 2727 2301 2784 monasterii
2345 2727 2798 2801 Apsinthiorum
2853 2725 3233 2799 praepositus,
3287 2738 3458 2782 sacer

1813 2817 2147 2872 monachus
2179 2817 2479 2887 Leontius,
2511 2817 2588 2874 ad
2614 2821 2886 2873 nostram
2899 2815 3064 2872 missi
3084 2814 3461 2872 mediocrita-

1810 2909 1952 2973 tem,
1985 2909 2110 2962 tum
2138 2923 2173 2963 a
2199 2923 2306 2963 suo
2343 2906 2662 2965 batissimo
2711 2905 3182 2977 archiepiscopo,
3243 2907 3370 2960 tum
3425 2919 3463 2961 a

1809 2994 2051 3068 reliquis
2104 2995 2416 3069 episcopis,
2477 3009 2713 3051 nencon
2745 2993 2821 3048 ab
2847 2993 3011 3049 omni
3062 3007 3232 3048 sacro
3280 2995 3457 3056 coetu,

1810 3085 2060 3158 ipsaque
2094 3083 2289 3157 plebe,
2320 3084 2499 3141 hasce
2531 3083 2818 3157 synodice
2861 3081 3227 3138 calamitates
3253 3093 3460 3136 coram

1810 3179 2015 3230 nostra
2046 3174 2449 3230 mediocritate
2478 3172 2805 3230 retulerunt
2839 3189 2851 3239 ;
2879 3169 3177 3242 hodieque
3230 3170 3292 3224 in
3341 3184 3462 3225 me-

1810 3263 1978 3319 dium
2005 3263 2348 3335 prodentes,
2379 3278 2451 3318 ex
2475 3260 2770 3332 legatione
2799 3275 2934 3334 quae
2967 3258 3184 3314 abillis
3213 3258 3460 3315 deman-

1810 3352 1952 3409 data
1979 3351 2093 3408 sibi
2121 3351 2357 3408 fuerant
2390 3350 2678 3424 prolocuti
2714 3353 2870 3405 sunt.
2908 3352 3131 3421 Nempe
3160 3347 3458 3416 dixerunt,

1810 3459 2199 3518 nequaquam
2238 3444 2502 3501 aLatinis
2531 3459 2889 3500 concessum
2901 3455 3030 3497 esse
3049 3439 3297 3498 domino
3310 3443 3455 3498 Neo-

1810 3535 1998 3609 phyto
2021 3534 2473 3609 archiepiscopo
2502 3538 2565 3590 ut
2594 3532 2693 3590 illo
2725 3532 2907 3589 modo
2933 3532 2991 3587 in
3022 3531 3218 3588 insula
3255 3546 3460 3588 mane-

1807 3628 1915 3692 ret,
1938 3640 2076 3692 cum
2105 3623 2251 3682 alter
2275 3623 2373 3682 ille
2403 3640 2611 3681 eorum
2664 3622 3153 3696 archiepiscopus
3207 3619 3460 3676 nullate-

1808 3731 1922 3770 nus
1951 3714 2134 3772 alium
2165 3714 2478 3770 sustineret
2497 3712 2706 3770 audire
2730 3710 3269 3784 archiepiscopum.
3293 3708 3459 3766 Unde

1808 3805 2043 3878 penitus
2100 3820 2241 3860 eum
2294 3803 2669 3876 expulerunt,
2728 3804 2792 3857 Et
2848 3816 3010 3856 nunc
3057 3814 3165 3872 per
3207 3797 3458 3856 Orientis

1806 3895 2021 3968 plagas
2059 3894 2316 3952 oberrat.

1877 4171 1930 4221 7.
1972 4161 2344 4219 Addiderunt
2370 4159 2570 4230 legati,
2600 4157 2785 4231 quod'
2812 4156 3126 4230 episcopos
3155 4155 3321 4230 ipsos
3348 4172 3456 4213 caa-

1807 4258 2087 4326 terosque
2149 4251 2301 4308 sacri
2349 4248 2577 4306 ordinis
2632 4248 2711 4304 ad
2737 4246 3194 4318 subjectionem,
3229 4246 3490 4319 Latino-'

121 4330 476 4408 θυπισχνεῖται
530 4341 618 4400 τὰς
669 4339 860 4402 οἰκείας
907 4343 1047 4412 ἔχειν
1095 4339 1380 4403 ἐπισκοπὰς
1435 4346 1523 4393 καὶ
1570 4343 1700 4416 ἱερα-

1818 4358 1942 4399 rum
1963 4339 2227 4416 pontifex
2250 4339 2427 4410 cogit,
2456 4343 2636 4411 atque
2659 4353 2732 4394 ea
2759 4335 3100 4393 conditione
3146 4334 3458 4408 pollicetur

119 4430 259 4484 τικῶς
340 4426 577 4503 ἐνεργεῖν.
671 4433 772 4482 Καὶ
851 4428 1265 4503 παρεγκλήτευον
1327 4434 1382 4482 τό
1458 4436 1698 4488 ποιητέον

123 4513 283 4578 μαθεῖν
329 4519 474 4590 παρά
526 4537 580 4570 τε
625 4525 720 4580 τῆς
768 4519 914 4591 ἡμῶν
967 4524 1299 4593 μετριότητος
1346 4525 1435 4573 καὶ
1482 4529 1574 4583 τῆς
1636 4523 1698 4572 ἱε-

120 4603 204 4669 ρᾶς
250 4600 611 4678 Maleam;
661 4608 758 4658 Διὰ
799 4609 898 4682 γὰρ
949 4615 1042 4670 τῆς
1089 4611 1283 4662 τούτων
1327 4607 1572 4681 γλώσσης
1610 4612 1699 4672 τὰς

123 4695 208 4738 τῶν
284 4699 526 4768 Κυπρίων
607 4697 811 4748 πάντων
877 4696 1044 4768 ὒεγον
1110 4701 1430 4770 παρεστάναι
1493 4698 1693 4771 ψυχὰς,

123 4781 201 4828 καὶ
238 4786 327 4840 τὴν
384 4787 530 4856 ἡμῶν
585 4786 935 4856 γουνάζεσθαι
985 4780 1298 4860 μετριότητα
1353 4796 1444 4848 τῆς
1497 4785 1696 4842 ἐκείνων

127 4875 368 4942 σωτηρίας
404 4871 865 4942 ἀντιποιήσασθαι,
909 4879 1000 4927 καὶ
1047 4880 1119 4948 μὴ
1166 4881 1346 4951 χώραν
1389 4877 1522 4930 οὕτω
1568 4876 1696 4930 πλα-

125 4960 244 5006 τεῖαν
310 4968 398 5015 καὶ
473 4963 875 5038 πολυάνθρωπον
959 4965 1256 5018 καταλιπεῖν
1341 4965 1693 5042 ἀπροστάτευ-

123 5059 213 5106 τον,
269 5051 336 5112 ὡς
381 5052 530 5124 λιμόν
576 5052 800 5126 λιμώξαι
857 5055 936 5123 (4)
999 5059 1088 5107 καὶ
1142 5050 1305 5126 δίψαν
1370 5053 1573 5127 παθεῖν,
1633 5058 1692 5109 ού

127 5127 376 5206 βρώματος
436 5139 559 5195 οὐδὲ
624 5147 880 5216 πόματος,
939 5142 1068 5196 άλλὰ
1128 5152 1217 5197 τοῦ
1284 5144 1484 5198 ἀκούειν
1545 5146 1692 5218 λόγον

123 5223 254 5279 Θεοῦ.

181 5325 200 5364 ⁸
218 5332 388 5393 Amos
412 5353 530 5406 vni,
561 5337 651 5395 11.

184 5435 245 5506 (4)
301 5443 462 5517 Λιμόν
524 5443 770 5517 λιμῶξαι.
843 5448 1050 5502 Fames
1110 5447 1414 5531 spiritalis,
1464 5449 1537 5506 de
1567 5465 1692 5524 qua

130 5513 333 5551 exnnnn
349 5514 544 5551 lnnnm
566 5519 890 5551 ΑΙ-ιοηηιιηιηη
912 5518 935 5551 ῐ
959 5519 1124 5551 anu-ﬁn
1143 5536 1368 5551 ..ν-πω...
1381 5521 1518 5551 ιληςη
1540 5526 1668 5551 mm;

156 5517 333 5592 xpono
347 5514 546 5592 locum
566 5514 892 5592 obscurum
912 5518 1125 5573 Leonis
1142 5514 1520 5592 imperatoris
1538 5514 1689 5578 ofat.

130 5573 314 5655 G‘Auc.
346 5587 611 5645 Combef.
655 5591 696 5650 l,
738 5604 790 5644 c.
845 5593 1000 5655 i690,
1046 5593 1086 5645 D
1113 5573 1692 5655 :X’a‘girEi-Jaiéi'aao'L

1811 4449 1871 4488 se
1893 4432 1961 4486 iis
1985 4431 2426 4504 permissurum
2475 4426 2699 4483 habere
2753 4425 3135 4499 episcopatus
3169 4442 3332 4491 suos,
3364 4441 3458 4484 sae

1810 4537 2027 4594 eraque
2049 4519 2212 4575 obire
2272 4517 2499 4574 munia.
2557 4519 2704 4572 Tum
2761 4515 3247 4582 obsecraverunt,
3295 4516 3378 4572 uli
3421 4531 3458 4573 a

1810 4609 1984 4666 nobis
2014 4614 2069 4666 et
2102 4625 2273 4665 sacra
2320 4607 2684 4664 fraternitate
2727 4605 3027 4660 discerent
3074 4605 3221 4676 quid
3273 4620 3455 4676 agen-

1808 4701 1954 4756 dum
1977 4705 2148 4756 esset.
2181 4698 2432 4754 Aiebant
2452 4697 2699 4770 quippe,
2732 4701 3084 4753 cunctorum
3103 4696 3457 4768 Cypriorum

1806 4790 2040 4847 animas
2068 4805 2173 4861 per
2189 4803 2363 4845 suam
2388 4787 2656 4858 linguam
2676 4785 2910 4852 adesse,
2941 4788 3000 4842 et
3027 4784 3455 4841 mediocritatis

1805 4885 2023 4936 nostra:
2057 4894 2256 4950 genua
2302 4877 2599 4950 amplecti,
2652 4876 3113 4949 suppliciterque
3169 4889 3340 4930 orare
3391 4876 3456 4930 ut

1807 4969 2011 5026 salutis
2037 4984 2245 5026 eorum
2294 4985 2502 5024 curam
2551 4967 2975 5040 suscipiamus,
3007 4981 3116 5021 nec
3145 4962 3454 5033 regionem

1803 5059 1957 5115 adeo
1983 5059 2252 5132 amplam
2281 5063 2338 5114 et
2362 5057 2720 5130 populosam
2748 5054 3078 5130 patrocinio
3104 5053 3452 5109 destitutam

1800 5147 2233 5220 relinquamus,
2257 5148 2341 5204 ita
2370 5152 2433 5204 ut
2453 5147 2674 5204 esuriat
2702 5153 2758 5203 et
2787 5145 2943 5202 sitim
2996 5142 3274 5216 patiatur,
3327 5157 3452 5199 non
3506 5152 3516 5157 "

1801 5236 2036 5295 defectu
2066 5237 2184 5295 cibi
2213 5242 2270 5293 et
2292 5241 2496 5310 potus,
2520 5236 2626 5292 sed
2649 5233 2942 5293 audiendi
2967 5231 3217 5290 verbum
3272 5232 3373 5290 Dei
3406 5233 3452 5290 ‘.

1801 5451 1958 5536 ϐάντε
1987 5451 2128 5526 ἄρτῳ
2154 5455 2382 5536 τραςτείς.
2427 5449 2644 5536 _Id‘est
2690 5466 2703 5505 :
2751 5450 2871 5536 "19a
2921 5449 3114 5536 c_ib_um
3154 5449 3456 5536 esurienti

1801 5525 1908 5596 qui
1918 5521 2082 5595 fanie
2094 5521 2546 5593 pei‘z'clitaris,et
2559 5535 2719 5592 pane
2741 5521 2843 5577 illo
2860 5523 2960 5593 qui
2975 5521 3046 5578 de
3062 5522 3202 5577 caelo
3219 5521 3454 5577 descen-

1801 5597 1890 5651 dit
1912 5597 2187 5651 nutriris.
2218 5594 2309 5650 Sic
2335 5593 2496 5648 idem
2537 5597 2840 5662 Augustus
2866 5598 3014 5648 orat.
3057 5592 3160 5649 ult.
3184 5608 3236 5648 c.
3265 5596 3284 5646 l
3323 5596 3451 5651 743.

132 5661 232 5712 νην,
289 5655 486 5732 ὁλιμῷ
533 5655 866 5728 κινδυνεύων,
922 5664 1010 5714 καὶ
1061 5670 1131 5735 τῷ
1175 5661 1227 5729 ἐξ
1276 5663 1494 5738 ούρανοῦ
1531 5647 1689 5720 καταο
1772 5668 1824 5728 Α
1883 5665 1959 5722 de
2033 5665 2231 5722 Maria.
2296 5671 2460 5741 Χαῖρε
2520 5669 2548 5723 ὴ
2615 5647 2701 5718 τόν
2744 5683 2776 5717 κ
2845 5671 2957 5726 ινῶς
3030 5669 3120 5717 καὶ
3180 5667 3452 5737 ὑπερφυῶς
