4020 6310
538 255 639 310 607

539 468 1034 537 obsecraret,rem
1062 472 1442 531 mediocritas
1467 478 1670 531 nostra
1698 490 1823 531 una
1851 489 1990 529 cum
2019 487 2193 529 sacra

539 558 901 617 fraternitate
966 560 1424 621 deliberandam
1489 564 1820 638 proposuit.
1864 562 2190 635 Visumque

542 652 635 705 est
662 648 883 721 duplex
929 651 1210 724 utrinque
1233 652 1547 710 imminere
1572 653 1930 729 periculum,
1992 656 2049 709 et
2097 666 2191 708 ca-

545 753 682 794 sum
709 753 783 795 ex
806 742 1058 814 utraque
1083 745 1252 813 parte
1306 743 1696 816 pracipitem.
1727 746 1982 801 Tantum
2029 741 2191 797 enim

540 827 836 900 populum
860 828 1091 903 absque
1110 832 1395 904 pastorali
1418 833 1752 908 patrocinio
1777 831 1994 902 deseri,
2048 847 2194 904 quo-

538 929 676 972 rum
708 918 954 989 sanguis
977 934 1086 992 per
1117 921 1304 978 Deum
1332 937 1365 979 e
1413 923 1697 980 manibus
1749 927 2062 996 pastorum
2107 935 2193 976 re-

543 1005 873 1078 quirendus
915 1012 1005 1066 est
1054 1009 1097 1079 5,
1151 1016 1468 1085 peccatum
1526 1017 1614 1069 est
1657 1012 1884 1084 ingenti
1940 1025 2196 1068 censura

541 1097 1074 1163 condemnandum
1103 1128 1116 1162 :
1149 1105 1496 1163 Latinorum
1527 1107 1728 1160 autem
1765 1099 2056 1158 voluntati
2106 1115 2197 1155 ce-

543 1184 704 1256 dere,
734 1192 952 1250 etcum
973 1195 1366 1252 schismaticis
1412 1191 1822 1250 consensionis
1869 1190 2063 1247 facere
2092 1188 2196 1245 fce-

545 1273 678 1347 dus,
709 1277 1026 1340 dissonum
1055 1284 1290 1342 videtur
1313 1297 1663 1340 acanonum
1685 1279 2197 1353 rigore,alienum-

547 1379 665 1437 que
692 1368 771 1424 ab
800 1372 1178 1431 ecclesiaticis
1227 1372 1784 1432 consuetudinibus.
1836 1373 1972 1427 Erat
2017 1369 2196 1441 igitur

545 1468 772 1531 anceps
792 1460 1164 1536 disceptatio,
1188 1468 1244 1522 et
1272 1465 1352 1522 ad
1372 1464 1718 1520 alterutrum
1738 1459 2066 1535 propensio
2091 1457 2196 1514 du-

547 1540 670 1600 bia.
702 1549 918 1605 Verum
949 1556 1275 1626 postquam
1321 1555 1378 1609 et
1445 1551 1828 1609 mediocritas
1879 1551 2086 1605 nostra
2141 1550 2198 1603 et

551 1646 725 1691 sacra
752 1636 1089 1697 fraternitas
1111 1642 1335 1698 multas
1355 1641 1643 1698 volutavit
1661 1637 2194 1706 considerationes,

549 1721 799 1783 demum
825 1730 1056 1787 censuit
1083 1731 1461 1789 mediocritas
1480 1734 1706 1800 nostra,
1755 1730 1888 1803 ipsa
1935 1728 2197 1802 speciem

552 1811 942 1884 subjectionis
970 1835 1157 1892 quam
1188 1821 1395 1878 Latani
1422 1820 1812 1894 postulabant
1839 1817 2090 1892 proferri
2119 1815 2200 1874 ad

552 1903 855 1973 synodum
885 1906 1120 1967 debere.
1148 1912 1310 1967 Unde
1331 1911 1641 1968 cohortata
1661 1914 1750 1968 est
1769 1909 2122 1983 episcopum
2144 1913 2200 1966 et

550 1990 854 2063 abbatem,
879 2001 943 2054 ut
972 1999 1310 2072 spiritaliter
1356 2017 1495 2057 cum
1545 2000 1791 2057 veritate
1836 1998 2201 2073 explicarent

549 2095 831 2155 quaenam
860 2086 962 2146 illa
992 2095 1188 2148 essent
1216 2107 1351 2163 quae
1382 2107 1418 2148 a
1450 2090 1670 2147 Latinis
1719 2089 2190 2162 postularentur.

624 2354 674 2407 9.
718 2354 1173 2425 Responderunt
1198 2357 1281 2414 illi
1309 2358 1415 2415 tria
1435 2359 1564 2416 haec
1614 2359 1850 2416 Latinos
1896 2358 2203 2416 inevitabi-

550 2438 681 2499 liter
700 2443 1040 2514 requirere:
1075 2447 1361 2519 primum,
1393 2463 1614 2504 manus
1654 2448 1936 2504 manibus
1982 2448 2202 2504 immit-

552 2532 695 2598 tere,
728 2533 1127 2592 sacerdolales
1158 2538 1652 2610 sacerdotalibus,
1679 2543 1919 2594 nostros
1951 2538 2199 2595 Latinis:

552 2617 668 2676 hoc
696 2635 963 2695 namque
992 2639 1122 2682 esse
1152 2625 1376 2683 infestis
1414 2631 1605 2684 tutam
1635 2627 1994 2691 cautionem,
2028 2628 2204 2684 servi-

551 2706 625 2766 lis
643 2709 705 2764 in
725 2712 976 2781 negotiis
995 2714 1376 2774 demissionis
1400 2735 1413 2786 ;
1438 2718 1791 2786 secundum,
1814 2721 1880 2774 ut
1893 2719 2203 2775 Romanus

1696 258 2003 320 GERMANI
2039 259 2088 314 II
2124 255 2229 316 GP.
2269 252 2736 315 PATRIARCHE

611 382 663 436 8.
713 383 829 439 Ista
856 396 994 440 cum
1025 382 1343 457 episcopus
1366 387 1563 443 oraret
1592 383 1865 458 supplex,
1899 387 1957 442 et
1993 382 2188 440 abbas
2218 380 2267 436 Δ

3838 259 3938 315 608

2374 382 2447 441 η’.
2520 390 2702 438 Ταῦτα
2758 390 2850 438 τοῦ
2914 383 3200 440 ἕπισκόπου
3291 384 3760 455 καθικετεύοντος,
3850 404 3937 438 και

2302 479 2393 524 τοῦ
2441 475 2728 547 ἡγουμένου
2775 474 3272 551 προσλιπαροῦντος,
3327 477 3358 534 ἠ
3421 478 3734 550 μετριότης
3787 476 3934 547 ἡμῶν

2299 563 2430 634 μετὰ
2479 569 2576 626 τῆς
2632 565 2768 640 ἱερᾶς
2834 561 3187 639 ἀδελφότητος
3233 563 3306 625 εἰς
3362 564 3548 636 σκέψιν
3622 565 3784 617 ἔθετο
3869 566 3930 617 τὰ

2299 657 2392 704 τοῦ
2457 653 2784 727 πράγματος.
2857 658 2959 708 Καὶ
3037 650 3210 708 ἐδόκει
3290 647 3510 715 διπλοῦς
3590 651 3926 726 ἑκατέρωθεν

2299 737 2536 804 κίνδυνος
2575 748 2664 795 καὶ
2722 741 3081 818 ἀμφίκρημνος
3136 743 3359 804 ὄλισθος.
3418 748 3487 796 Τό
3540 762 3607 796 τε
3669 744 3784 820 γὰρ
3852 762 3931 796 το-

2305 825 2490 884 σοῦτον
2543 830 3008 906 ἐγκαταλειφθῆναι
3057 833 3180 886 λαὸν
3227 836 3562 908 προστασίας
3631 833 3768 908 ἄτερ
3823 851 3935 884 ποι·

2303 929 2579 992 μαντικῆς,
2629 920 2698 974 ὧν
2754 925 2820 976 τὰ
2871 925 3068 997 αἵματα
3111 922 3366 986 ἐζήτηται
3420 922 3557 997 [Αη.
3623 921 3934 985 ἐκζητεῖται

2303 1012 2398 1068 vel
2427 1010 2790 1088 ἐκζητήσεται]
2819 1016 2963 1088 παρὰ
2989 1022 3062 1086 τῷ
3109 1020 3225 1085 Θεῷ
3275 1011 3331 1065 έκ
3383 1020 3474 1074 τῆς
3536 1021 3653 1065 τῶν
3718 1033 3932 1085 ποιμαι-

2303 1102 2488 1152 νόντων
2517 1103 2719 1174 χειρὸς,
2763 1100 2992 1174 μεγάλην
3040 1105 3134 1159 τὴν
3187 1100 3401 1159 εὐθύνην
3453 1102 3579 1173 ἔχει
3657 1103 3724 1152 τὸ
3776 1102 3934 1152 κατοί-

2303 1208 2486 1265 κριμα,
2518 1190 2609 1242 καὶ
2643 1193 2702 1243 τὸ
2739 1186 2978 1244 ἐνδοῦναι
3017 1186 3077 1243 δὲ
3110 1189 3314 1250 θελήσει
3359 1195 3629 1263 Λατινικῇ
3685 1194 3785 1244 καὶ
3814 1210 3932 1264 σχι-

2307 1285 2580 1352 σματικοῐς
2647 1281 2931 1333 συνθέσθαι
2994 1284 3086 1332 καὶ
3168 1281 3494 1334 σπείσασθαι
3564 1277 3798 1353 ἀπᾷδον
3871 1288 3928 1352 τῇ

2303 1376 2401 1421 τῶν
2460 1371 2682 1422 κανόνων
2735 1368 2974 1444 ἀκριϐείᾳ
3042 1366 3208 1441 δοκεῖ,
3291 1373 3380 1423 καὶ
3453 1369 3927 1428 ἕκκλησιαστικῶν

2306 1455 2494 1531 ἐθίμων
2543 1457 2827 1534 ἀλλότριον.
2879 1458 2976 1512 Ἤν
3021 1465 3144 1532 γοῦν
3194 1460 3220 1512 ό
3266 1458 3414 1531 λόγος
3460 1457 3793 1533 ἀμφίϐολος,
3845 1463 3931 1510 καὶ

2305 1548 2335 1607 ἠ
2365 1550 2490 1623 πρὸς
2513 1549 2722 1622 θάτερον
2767 1555 2942 1612 νεῦσις
2971 1547 3275 1622 ἀμφισϐητή
3287 1568 3460 1622 σιμός.
3519 1548 3613 1610 Ὡς
3679 1544 3747 1602 δὲ
3801 1547 3927 1600 πολ-

2303 1635 2420 1697 λοὺς
2450 1639 2480 1696 ἦ
2524 1657 2578 1690 τε
2640 1642 2914 1713 μετριότης
2976 1639 3122 1712 ἡμῶν
3189 1642 3280 1690 καὶ
3345 1639 3376 1696 ἡ
3450 1639 3566 1713 ἱερὰ
3630 1636 3926 1710 ἀδελφότης

2305 1724 2546 1779 ἀνείλιττε
2594 1725 2900 1800 λογισμοὺς,
2949 1727 3088 1790 τέλος
3145 1732 3235 1780 καὶ
3305 1729 3432 1780 αὐτό
3489 1729 3550 1780 τό
3633 1722 3785 1790 εἶδος
3839 1732 3925 1785 τῆς

2310 1814 2694 1890 ἀπαιτουμένης
2745 1818 2888 1892 παρὰ
2941 1825 3038 1870 τῶν
3097 1822 3330 1871 Λατινων
3405 1817 3659 1890 ὖμοταγῆ
3675 1837 3698 1878 ς
3777 1834 3923 1868 συνο-

2310 1901 2526 1967 δικῶςή
2569 1911 2847 1982 μετριότης
2894 1908 3036 1981 ἡμῶν
3081 1908 3525 1982 χρωματισθῆναι
3579 1903 3666 1979 ff.
3716 1903 3916 1980 χρημ]

2310 1989 2345 2046 δ
2350 1997 2643 2052 ιενοήσατο.
2666 1995 2818 2050 Ὀθεν
2848 2001 3254 2072 παρεγγυῆσαι-ο
3283 2002 3356 2068 τῷ
3400 1995 3684 2067 ἔπισκόπῳ
3730 2014 3788 2046 τε
3839 1994 3921 2045 καί

3817 2103 3906 2157 μετ

2309 2182 2569 2246 ἀληθείας,
2639 2183 2751 2232 τίνα
2800 2197 2857 2250 γε
2912 2178 3015 2253 ἄρα
3069 2179 3138 2230 τὰ
3191 2178 3336 2250 παρά
3363 2185 3459 2230 τῶν
3491 2180 3746 2230 Λατίνων

2307 2099 2379 2162 τῷ
2443 2091 2815 2163 καθηγουμένῳ
2894 2095 3245 2160 πνευματικῶς
3331 2083 3717 2159 διευκρινῆσαι

2310 2276 2507 2346 τημένα
2536 2270 2660 2324 εἰσί.

2385 2361 2445 2416 θα,
2476 2359 2607 2416 ,Καὶ
2667 2365 2810 2411 οὗτοι
2883 2361 3005 2428 τρία
3054 2361 3224 2410 ταῦτα
3285 2357 3459 2418 ζητεῖν
3531 2356 3919 2430 ἀπαραιτήτως

2311 2455 2502 2526 ἔφασαν
2572 2453 2691 2512 τοὺς
2767 2451 3015 2507 Λατίνους
3043 2466 3058 2482 ο
3124 2453 3314 2522 χεῖρας
3386 2450 3578 2520 χερσὶν
3684 2442 3916 2518 ἐμϐαλεῖν

2315 2541 2592 2615 ἰερατικαῖς
2623 2557 2636 2569 ·
2733 2545 2885 2590 τοῦτο
2967 2539 3067 2612 γὰρ
3145 2536 3275 2590 εἶναι
3357 2544 3464 2596 τοῖς
3565 2539 3914 2610 ἐπηρεασταῑς

2311 2628 2563 2703 ἐχέγγυον
2620 2626 2862 2700 ἀσφαλὲς,
2918 2623 3241 2688 δουλωτικῆς
3307 2624 3356 2678 ἓν
3421 2625 3741 2700 πράγμασιν
3803 2625 3916 2676 ὑπο-

2310 2719 2522 2780 κλίσιως
2549 2735 2562 2749 ·
2630 2715 2866 2790 δεύτερον
2941 2718 2997 2768 τὸ
3072 2719 3158 2768 τὸν
3234 2714 3484 2788 μέλλοντα
3518 2714 3779 2788 Ῥωμαῖον
3852 2712 3912 2771 εἰς

555 2797 636 2856 ad
664 2800 1094 2861 sacerdotalem
1115 2805 1408 2864 honorem
1434 2807 1877 2881 provehendus,
1907 2815 2044 2881 post
2090 2807 2202 2864 ele-

2315 2808 2575 2884 ἰερατικῆν
2635 2805 2929 2882 προϐαίνειν
2987 2808 3168 2878 τιμὴν,
3230 2806 3362 2878 μετά
3420 2808 3512 2864 τὴν
3564 2812 3675 2856 τῶν
3731 2803 3909 2875 ὁμοφύ-

554 2888 810 2946 ctionem
836 2907 873 2949 a
897 2895 1292 2966 popularibus
1314 2897 1435 2954 suis
1463 2898 1703 2967 factam,
1745 2898 1867 2954 sive
1887 2897 1949 2953 in
1979 2898 2203 2970 episco-

553 2991 703 3051 pum
727 2987 1306 3056 promoveatur,sive
1332 2987 1408 3044 ad
1432 2986 1637 3044 alitam
1651 2987 2092 3044 ordinationem
2108 2985 2203 3043 vel

555 3067 635 3126 ad
672 3072 1095 3130 monachalem
1149 3075 1567 3149 praefecturam
1613 3082 1965 3150 assumptus
2007 3075 2200 3142 fuerit,

553 3159 756 3216 nullus
780 3163 1028 3222 omnino
1053 3165 1284 3240 absque
1312 3168 1498 3224 Latini
1544 3168 1755 3226 notitia
1808 3168 2206 3225 constituatur

553 3247 617 3304 in
641 3249 1055 3321 dignitate'ad
1109 3271 1174 3312 se
1220 3258 1568 3330 pertinente.
1619 3259 1683 3314 Id
1725 3275 1905 3331 porro
1967 3256 2202 3313 Latinos

550 3345 800 3411 propter
827 3346 999 3416 turpe
1021 3345 1247 3403 lucrem
1273 3347 1565 3405 duntaxat
1592 3353 1866 3421 expetere
1892 3347 2206 3405 contestati

559 3433 717 3484 sunt.
741 3431 997 3488 Tertium
1018 3435 1096 3492 ad
1120 3435 1249 3492 haec
1271 3437 1636 3510 adjecerunt,
1672 3442 1736 3493 ut
1770 3437 1947 3494 Graeci
1995 3453 2032 3493 a
2083 3436 2207 3492 suis

558 3516 806 3590 quidem
831 3521 1148 3595 episcopis,
1181 3541 1319 3582 cum
1336 3541 1578 3582 necesse
1600 3525 1790 3591 fuerit.
1819 3525 2162 3599 judicentur
2190 3543 2204 3594 ;

562 3605 612 3661 si
641 3607 776 3679 quis
807 3613 1007 3668 tamen
1036 3628 1068 3668 e
1091 3613 1376 3685 judicatis
1403 3615 1607 3672 forsan
1652 3615 1900 3672 voluerit
1952 3615 2030 3672 ad
2061 3615 2209 3672 Lati-

559 3710 778 3755 norum
809 3699 1330 3776 archiepiscopum
1370 3721 1721 3779 provocare,
1767 3709 2056 3778 tanquam
2103 3719 2208 3776 op-

559 3799 802 3858 pressus
825 3788 1118 3861 videlicet,
1164 3809 1272 3850 seu
1317 3794 1565 3851 clericus
1612 3811 1718 3852 seu
1763 3795 1951 3852 laicus
1998 3793 2089 3860 sit,
2130 3791 2209 3849 ab

559 3874 660 3933 illo
680 3881 1091 3941 controversia
1118 3881 1492 3942 discutiatur.
1524 3887 1714 3959 Super
1758 3884 1854 3941 his
1896 3882 2211 3940 mediocri-

559 3968 652 4023 tas
678 3972 884 4026 nostra
907 3976 1045 4043 post
1086 3972 1561 4047 disquisitionem
1609 3991 1734 4033 una
1779 3990 1919 4031 cum
1961 3973 2212 4030 fratrum

561 4060 1044 4130 congregatione,
1105 4067 1162 4120 et
1214 4063 1495 4124 inchoato
1569 4065 1876 4123 deﬁnitivo
1950 4063 2209 4128 decreto,

561 4159 799 4203 necnon
821 4163 892 4204 ea
915 4164 1049 4222 quae
1080 4151 1211 4210 visa
1237 4159 1376 4212 sunt
1399 4154 1733 4225 declarans,
1760 4155 1924 4212 hunc
1971 4153 2035 4209 in
2081 4166 2213 4207 mo-

561 4233 710 4292 dum
728 4239 1154 4308 pronuntiavit.

640 4327 726 4381 10.
767 4325 986 4383 Omnes
1013 4319 1216 4387 sacros
1241 4347 1526 4404 canones,
1556 4337 1804 4391 cunctas
1861 4331 2213 4390 traditiones

564 4409 820 4482 divinas,
883 4416 1192 4475 universas
1267 4422 1630 4479 venerabiles
1666 4422 1951 4496 piissimae
1997 4423 2216 4477 nostras

567 4499 842 4558 Ecclesiae
869 4504 1017 4561 ritus
1042 4508 1322 4581 amplecti
1351 4515 1407 4568 et
1433 4528 1669 4568 servare
1695 4512 1911 4568 illaesos
1932 4526 2002 4567 ac
2030 4509 2218 4566 invio-

563 4587 741 4660 latos,
757 4592 884 4663 jam
898 4595 1208 4652 sanximus
1237 4604 1360 4657 tam
1379 4617 1562 4657 manu
1577 4617 1762 4680 quam
1775 4601 1983 4671 lingua
1995 4598 2216 4654 adhuc-

568 4694 688 4754 que
713 4683 1038 4758 sancimus,
1067 4687 1276 4744 Christi
1303 4691 1505 4760 gratiae
1535 4691 1765 4747 conﬁsi.
1794 4693 1879 4746 lta
1917 4688 2216 4762 siquidem

569 4775 628 4828 et
653 4771 1007 4847 scripsimus
1037 4779 1096 4832 et
1113 4777 1370 4836 confessi
1399 4785 1770 4854 sumus,tum
1800 4779 2049 4851 singulis
2097 4780 2217 4836 die-

567 4857 685 4917 bus
712 4877 822 4934 pro
850 4862 922 4919 iis
952 4863 1350 4933 decertamus,
1383 4874 1562 4942 atque
1590 4886 1855 4937 oramus,
1884 4874 1949 4927 ut
1999 4886 2216 4928 manus

568 4951 792 5042 pariter
819 4957 873 5011 et
910 4971 1029 5013 vox
1075 4959 1280 5016 Jacobi
1329 4961 1683 5032 patriarchae
1718 4962 2065 5042 consistant,
2113 4963 2218 5035 qui

571 5039 753 5098 etiam
784 5048 1113 5119 antequam
1160 5055 1560 5108 nasceretura
1603 5054 1722 5108 Deo
1766 5050 2016 5108 dilectus
2047 5039 2147 5109 est
2173 5052 2215 5106 ⁸.

642 5184 664 5220 δ
685 5186 889 5244 Ezech.
919 5190 1115 5260 111,18.
1193 5193 1216 5230 ⁸
1244 5194 1413 5250 Rom.
1441 5209 1517 5264 Ix,
1551 5197 1747 5251 11-13.

573 5369 932 5450 γεωργηθέντα
984 5373 1152 5450 ,ἄρτον
1213 5377 1444 5450 φέρουσα
1507 5373 1762 5450 τράπεζα⁶
1817 5372 1899 5450 οὗ.
1955 5376 2220 5446 τραφέντες

575 5440 626 5490 οἵ
797 5440 1041 5520 γεωργία
1084 5452 1179 5506 τῆς
1220 5440 1461 5520 ίάκοξνθης
1511 5440 1646 5520 λίμῷ
1715 5440 2074 5516 ἀπολλύμενοι,
2131 5453 2220 5497 τοῦ

574 5506 818 5587 κινδύνου
874 5506 1299 5587 διασεσωσμεθαο
1357 5506 1490 5586 Αυὲ,
1542 5506 1747 5574 mensa
1809 5506 1944 5587 qua:
2006 5506 2223 5586 partem

575 5532 818 5563 κινουνου
874 5532 1299 5587 οιασεσωσμεθαθ
1357 5532 1490 5586 Ave,
1542 5532 1747 5574 mensa
1851 5532 1944 5573 ua:
2006 5532 2223 5586 panem

575 5582 750 5642 illum
769 5600 920 5643 novo
937 5591 1340 5660 naturamque
1366 5594 1687 5661 superante
1706 5532 1878 5646 modo
1917 5589 2223 5647 excultum

2310 2897 2408 2950 λων
2483 2895 2748 2969 ἑπιλογήν,
2845 2898 2946 2948 ε’ίτε
3020 2894 3086 2955 εἰς
3151 2894 3436 2947 ἐπίσκοπον
3508 2892 3906 2968 προϐιϐάζεται,

2313 2989 2413 3040 εἶτε
2458 2986 2549 3038 καί
2575 2989 2644 3048 εἵς
2689 2984 2896 3038 ἀλλοίαν
2951 2987 3278 3058 χειροτονίαν
3333 2990 3364 3041 ῆ
3424 2982 3514 3035 καί
3570 2983 3905 3055 ἡγουμενείαν

2312 3073 2624 3150 ἕγκέκριται,
2658 3076 2729 3148 μή
2784 3070 2924 3145 δίχα
2972 3082 3062 3133 τῆς
3113 3079 3207 3125 τοῦ
3259 3076 3487 3126 Λατίνου
3537 3069 3796 3132 εἰδήσεως
3849 3075 3904 3138 τῇ

2312 3168 2590 3240 προσφόρῳ
2635 3163 2757 3236 ἀξίᾳ
2810 3159 3180 3221 όποιονδήτινα
3232 3161 3700 3234 έγκαθίστασθαι·
3763 3164 3901 3210 τοῦτο

2315 3249 2374 3307 δε
2414 3255 2575 3329 χάριν
2625 3248 3067 3327 αἰσχροκερδείας
3125 3251 3217 3304 καί
3271 3255 3434 3324 μόνης
3481 3248 3729 3303 ἀπαιτεῖν
3794 3250 3903 3304 τοὺς

2316 3348 2571 3405 Λατίνους
2599 3339 3049 3416 διεμαρτύροντο·
3107 3345 3278 3415 τρίτον
3328 3339 3414 3393 ἐπὶ
3458 3341 3674 3402 τούτοις
3726 3341 3905 3407 ὶπὲγα·

2313 3453 2406 3506 γον
2456 3438 2514 3485 τὸ
2565 3437 2688 3495 τοὺς
2734 3432 3014 3506 Ῥωμαίους
3097 3431 3369 3508 κρίνεσθαι
3437 3431 3527 3503 μεν
3588 3431 3740 3502 παρὰ
3810 3430 3905 3484 τοίς

3186 3517 3458 3580 δεήσειεν“
3547 3519 3591 3572 εἰ
3668 3515 3720 3572 δ’
3793 3519 3901 3573 ἴσως

2316 3633 2408 3676 τυς
2480 3621 2580 3666 τῶν
2662 3615 2970 3688 κρινομένων
3056 3610 3286 3670 θελήσειε
3369 3611 3502 3684 πρὸς
3582 3611 3674 3661 τὸν
3738 3605 3900 3680 ἀρχιε-

2313 3706 2573 3772 πίσκοπον
2647 3709 2746 3754 τῶν
2825 3705 3082 3772 Λατίνων,
3157 3700 3222 3760 ὡς
3307 3695 3465 3758 δῆθεν
3546 3696 3898 3774 βαρυνόμενος,

2319 3792 2402 3845 ἶνα
2452 3793 2575 3869 παρ’
2629 3791 2769 3865 αὐτῷ
2822 3792 2852 3851 ἠ
2909 3792 3157 3854 ὑπόθεσις
3213 3789 3573 3863 ἀνακρίνηται.
3632 3786 3754 3840 Ἐπί
3801 3784 3898 3835 τού-

2317 3901 2429 3943 τοις
2489 3883 2519 3942 ἠ
2587 3886 2859 3957 μετριότης
2920 3883 3066 3954 ἡμῶν
3136 3877 3634 3952 συνδιασκεψαμένη
3667 3876 3792 3951 μετά
3816 3880 3898 3931 τῆς

2320 3979 2418 4024 τῶν
2498 3967 2729 4046 ἀδελφῶν
2800 3973 3122 4045 όμηγύρεως,
3190 3968 3282 4022 καί
3367 3975 3465 4030 τῆς
3564 3965 3900 4040 ἀποφατικῆς

2323 4057 2696 4138 ἀπαρχομένης
2759 4059 3081 4133 ἀπαγγελίας
3139 4057 3231 4112 καί
3294 4058 3362 4112 τὰ
3422 4052 3654 4122 δόξαντα
3717 4051 3895 4107 διασα-

2316 3523 2521 3584 οἰκείοις
2614 3523 2920 3586 ἐπισκόποις
3010 3523 3088 3575 ὅτε

2323 4158 2514 4224 φοῦσα,
2546 4152 2710 4215 οὕτως
2741 4153 2931 4226 εἴρηκε.

2395 4241 2451 4297 ι’.
2506 4243 2711 4304 Πάντας
2761 4243 2852 4315 μὲν
2909 4241 3076 4318 ἱεροὺς
3103 4240 3340 4310 κανόνας,
3370 4235 3544 4298 παίσας
3571 4228 3890 4310 παραδόσεις,

2322 4333 2492 4386 πάντα
2540 4331 2804 4406 σεϐάσμια
2845 4333 3002 4404 ἔθιμα
3046 4337 3138 4392 τῆς
3196 4327 3316 4382 καθ’
3381 4328 3522 4400 ἡμᾶς
3578 4320 3898 4379 πανευσεϐοῦς

2325 4419 2658 4490 Ἐκκλησίας,
2737 4425 2965 4497 στέργειν
3055 4418 3148 4472 καί
3234 4416 3504 4492 φυλάττειν
3565 4408 3895 4491 ἀπαράτρωτά

2323 4531 2378 4564 τε
2467 4511 2557 4563 καὶ
2635 4512 3066 4586 ἀπαρεγχείρητα
3155 4507 3246 4560 καί
3339 4504 3488 4581 χειρί
3559 4505 3654 4558 καί
3713 4502 3890 4576 γλώττῃ

2326 4599 2808 4676 διεϐεϐαιωσάμεθοί
2862 4620 2915 4653 τε
2965 4599 3056 4652 καί
3122 4597 3276 4651 εἰσέτι
3333 4593 3771 4668 διαϐέϐαιούμεθα
3817 4592 3895 4640 τοῦ

2323 4694 2553 4766 Χριστοῦ
2610 4699 2671 4764 τῇ
2750 4692 2939 4764 χάριτι
3002 4689 3320 4748 πεποιθότες.
3390 4685 3492 4739 Καὶ
3585 4687 3687 4759 γάρ
3778 4679 3891 4731 οὖῐω

2323 4781 2412 4834 καὶ
2485 4781 2880 4857 ενηραψάμεθα
2950 4778 3040 4831 καί
3119 4776 3548 4851 ὡμολογήσαμεν,
3617 4771 3730 4826 καθ’
3789 4768 3893 4839 ἦμέ-

2323 4892 2416 4948 ραν
2465 4871 2557 4923 καί
2647 4871 2773 4943 ὑπὲρ
2839 4871 3029 4922 τούτων
3095 4869 3414 4938 πυκτεύομεν
3477 4863 3568 4916 καί
3636 4857 3888 4934 εὐχόμεθα,

2325 4963 2463 5024 ὅπως
2511 4961 2567 5013 αἶ
2621 4979 2674 5013 τε
2731 4966 2928 5034 χεῖρες,
2978 4961 3008 5018 ἦ
3070 4976 3125 5010 τε
3207 4959 3370 5029 φωνὴ,
3425 4960 3514 5007 τοῦ
3576 4950 3884 5026 πατριάρχου

2329 5449 2384 5502 et
2402 5444 2724 5513 confectum
2744 5445 2965 5512 gestas;
2987 5455 3103 5511 quo
3122 5439 3343 5513 nutriti
3363 5437 3469 5513 qui
3479 5435 3672 5513 spina:
3687 5431 3890 5513 cultura

2330 5521 2385 5646 Et
2401 5509 2581 5571 messe
2593 5509 3189 5642 fcizgnéenecabamur,
3203 5527 3233 5568 e
3249 5509 3594 5567 discrimine
3613 5509 3888 5564 evasimus-

2380 5602 2475 5644 en.
2500 5601 2582 5646 ιιι.
2702 5626 2714 5640 .

2461 5627 2475 5644 .
2501 5626 2582 5658 ...,
2632 5626 2714 5642 ω.
