4020 6310
86 327 212 386 609

1342 336 1678 396 EPISTOLA
1714 341 1737 396 l
1773 341 1868 398 AD
1905 341 2227 403 CYPRIOS.

3355 359 3458 419 610

84 449 196 506 εἶεν
255 453 462 528 Ἰακὼϐ,
523 463 618 509 τοῦ
667 461 756 511 καὶ
811 461 914 533 πρὸ
951 463 1194 531 γενέσεως
1220 458 1577 534 ἀγαπηθέντος
1605 465 1705 518 ὑπὸ

1824 469 2024 525 Verum
2035 474 2237 526 tamen
2252 469 2354 527 ubi
2366 468 2532 529 nulla
2543 468 2802 544 injicitur
2815 476 3116 538 abdicatio
3130 499 3454 554 canonum,

83 541 449 598 Θεοῡ.’οπου
493 541 556 598 δέ
604 566 664 618 γε
718 545 810 600 οὐκ
865 547 1148 602 ὶπισείεταί
1189 571 1269 614 τις
1320 551 1562 614 ἀθέτησις
1607 563 1704 606 τῶν

77 635 345 700 κανόνων,
405 642 506 687 τῶν
561 633 926 709 παραδόσεων,
979 647 1078 691 τῶν
1141 637 1346 713 έθίμων,
1396 641 1558 704 αὐτῆς
1612 651 1710 706 τῆς

78 726 348 794 πίστεως,
397 727 442 776 εἶ
496 730 548 778 τί
600 746 699 779 που
749 725 1043 801 εὖμεθόδως
1099 735 1188 783 καὶ
1241 730 1586 807 ἀπροσκόπως
1643 741 1702 806 τῇ

77 811 393 885 Ἐκκλησία
472 822 708 890 Χριστοῦ
785 818 1041 890 μετελθεῖν
1119 817 1437 880 δυνήσονται
1493 827 1542 874 οί
1597 824 1707 875 Κύ-

78 921 246 973 πριοι
277 900 578 973 ἐπίσκοποι,
634 903 735 958 κάκ
781 914 872 960 τοῦ
934 904 1106 961 δοκεῖν
1161 911 1488 977 ὑποπίπτειν,
1549 931 1708 964 κατα-

75 994 405 1054 πεπτοὺσας
468 1001 581 1055 ταῖς
645 993 927 1065 ἀληθείαις,
994 1000 1087 1061 τὰς
1163 999 1355 1052 έαυτῶδ
1421 1003 1708 1074 ὑποστηρί-

81 1080 236 1142 ξαιεν
295 1082 596 1150 ἐκκλησίας,
651 1089 741 1137 καὶ
795 1093 889 1148 τῆς
947 1085 1314 1162 ἀπειλουμένης
1369 1089 1704 1164 ψυχολέθρου

80 1169 388 1243 συντριϐῆς
439 1170 803 1247 ἆπαλλήξαιεν,
855 1182 1214 1250 συγγνωστέον
1269 1179 1328 1230 ἄν
1398 1175 1546 1252 οἶμαι
1612 1187 1704 1241 τῆς

75 1263 352 1323 τοιαύτης
418 1261 736 1336 οἰκονομίας,
803 1265 833 1324 ἣ
893 1265 1083 1338 μᾶλλον
1140 1266 1295 1320 εἰπεῖν
1353 1269 1700 1341 ὑποκρίσεως,

73 1353 174 1401 καὶ
237 1349 615 1406 ἀκαταιτίατον
815 1353 1204 1430 ἁκαταιτίατοι]
1268 1355 1702 1429 λογισθήσονται,

75 1442 174 1490 τὸν
205 1444 384 1512 μέγαν
409 1441 610 1495 Παῦλον
642 1442 712 1506 εἰς
737 1450 890 1497 τοῦτο
932 1451 1216 1520 συνήγορον
1243 1449 1471 1519 ἔχοντες.

159 1527 254 1584 ια’.
325 1529 474 1584 Ἐπεὶ
538 1528 624 1584 οὖν
685 1533 842 1595 οὑτως
912 1537 942 1592 ἡ
1007 1544 1102 1597 τῆς
1160 1537 1304 1608 ἡμῶν
1365 1541 1705 1610 μετριότητος

79 1615 398 1690 διάγνωσις
471 1619 837 1694 ἀπηγγέλλετο,
916 1629 1006 1677 καὶ
1084 1629 1380 1699 παρίστατο
1456 1623 1707 1684 τηνικάδε

79 1707 299 1770 πλῆθος
352 1712 414 1761 οὑ
471 1715 725 1785 μετρητὸν
772 1721 873 1764 τῶν
937 1720 1031 1774 τῆς
1097 1720 1488 1768 Κωνσταντίνου
1556 1717 1709 1790 θρεμο

1817 558 2233 651 Ψιῶίίοηιιιῃ,
2256 559 2498 651 rituum,
2531 563 2720 635 ipsius
2746 565 2903 632 ﬁdei,
2939 569 2986 623 si
3014 571 3161 642 quid
3192 575 3460 651 episcopi

1817 647 2016 719 Cyprii
2041 665 2109 704 ex
2138 649 2434 707 industria
2459 656 2516 708 et
2543 652 2688 709 citra
2719 656 2995 713 Ecclesiae
3026 659 3236 719 Christi
3276 647 3458 723 offert-

1818 735 2047 793 sionem
2079 739 2380 810 potuerint
2403 742 2672 813 exsequi,
2706 747 2886 816 atque
2915 761 2986 802 ex
3007 762 3078 804 eo
3104 752 3269 820 quod
3298 754 3461 811 vide-

1814 823 2040 882 buntur
2068 826 2268 884 delabi
2298 845 2404 901 per
2432 829 2494 884 id
2526 831 2815 888 Ecclesias
2852 851 2992 891 suas
3039 852 3246 896 revera
3292 840 3458 900 deci-

1814 913 2043 982 dentes,
2088 915 2476 986 suﬂ‘ulserint,
2547 919 3051 997 liberaverintque
3104 929 3182 984 ab
3237 931 3457 990 animas

1813 1005 2149 1076 perniciosa
2175 1008 2525 1064 contritione
2561 1026 2695 1082 quae
2725 1010 3068 1082 intentatur;
3099 1015 3160 1072 in
3193 1017 3306 1076 hac
3345 1037 3458 1094 ego

1814 1096 2150 1152 aeconomia
2181 1112 2284 1151 seu
2310 1096 2760 1169 dispensatione
2782 1101 3020 1159 veniam
3047 1103 3317 1164 dandam
3352 1127 3455 1168 ar-

1811 1182 2018 1251 bitror,
2046 1189 2149 1241 aut
2176 1189 2238 1241 ut
2280 1187 2477 1242 verius
2530 1186 2761 1246 dicatur
2813 1191 2875 1246 in
2905 1192 3018 1248 hac
3039 1195 3454 1272 simulatione;

1812 1278 1867 1329 et
1895 1273 2087 1346 culpae
2118 1274 2418 1331 immunes
2449 1277 2901 1351 reputabuntur,
2934 1284 3000 1337 ut
3028 1282 3132 1355 qui
3157 1300 3227 1342 eo
3252 1286 3313 1344 in
3339 1287 3460 1361 ine.

1809 1364 1970 1437 gotio
2001 1379 2295 1435 magnum
2325 1363 2582 1422 Paulum
2607 1371 2929 1439 patronum
2957 1370 3246 1431 habeant.

1882 1511 1969 1579 tt'.
2012 1527 2334 1597 Postquam
2390 1525 2568 1595 igitur
2591 1542 2705 1599 poc
2733 1533 2908 1600 pacto
2937 1533 3325 1603 pronuntiata
3352 1534 3461 1596 fuit

1813 1619 2034 1671 nostrae
2061 1615 2486 1671 mediocritatis
2508 1618 2816 1689 sententia,
2834 1635 2973 1675 cum
3006 1625 3146 1678 tunc
3175 1627 3461 1698 temporis

1815 1705 2050 1762 adesset
2064 1719 2184 1760 non
2200 1703 2438 1761 modica
2459 1707 3056 1781 Constantinopoleos
3075 1711 3464 1774 alumnorum

79 1798 299 1869 μάτων,
357 1801 576 1874 τριχθὶν
637 1797 977 1875 δεδοιισμένον²
1036 1803 1102 1864 εἰς
1157 1803 1456 1879 κληρικοὺς,
1517 1804 1587 1865 εἰς
1616 1825 1708 1878 μου

1824 1811 1975 1867 pars,
2005 1809 2195 1866 eaque
2226 1793 2527 1865 tripliciter
2560 1795 2775 1866 divisa,
2814 1813 3032 1871 nempe
3077 1799 3138 1857 in
3195 1801 3462 1878 clericos,

78 1887 368 1958 νάζοντας,
428 1889 497 1949 εἰς
543 1888 776 1959 λαῐκοὺς,
835 1900 936 1943 τῶν
980 1894 1070 1965 μὲν
1129 1889 1236 1950 ἤδη
1292 1898 1382 1946 καὶ
1422 1889 1708 1967 δεδιωγμέ-

79 1995 188 2026 νων
247 1974 464 2046 ἐκεῖθεν,
523 1982 612 2031 καὶ
667 1984 870 2053 μητέρα
916 1982 1132 2049 ταύτην,
1182 1985 1277 2040 τὴν
1318 1987 1709 2036 Κωνσταντίνου

85 2069 255 2137 φημὶ,
305 2068 700 2139 μεμισηθέντων
760 2065 853 2122 διὰ
900 2073 992 2129 τὴν
1042 2073 1170 2144 πρὸς
1221 2074 1308 2123 τόν
1375 2074 1422 2124 εν
1475 2071 1711 2147 οὐρανοῖς

84 2158 313 2227 Πατέρα
380 2156 571 2209 τελείαν
640 2155 911 2230 ἀγάπησιν
975 2163 1066 2212 καὶ
1132 2160 1434 2233 ὁμολογίαν,
1522 2158 1716 2235 ἱδρῶσι

86 2249 487 2318 σεμνυνομένων
520 2267 534 2281 ·
603 2255 704 2300 τῶν
776 2245 829 2301 δ’
894 2245 1069 2321 αὖθις,
1133 2252 1196 2311 ὡς
1252 2253 1311 2302 τὸ
1364 2249 1716 2324 ’ἁπογεγαλα-

85 2338 401 2407 κτισμένον,
435 2339 518 2389 ἐπὶ
561 2340 657 2395 τὴν
712 2342 913 2412 μητέρα
963 2336 1418 2412 ἀναστρεψάντων,
1467 2346 1556 2394 καὶ
1604 2350 1714 2405 τοῖς

86 2431 351 2499 γηραιαίς
383 2425 545 2488 αὑτῆς
574 2430 665 2479 καὶ
711 2434 1015 2500 πτωχικαίς
1061 2426 1314 2500 ἀγκάλαις
1367 2434 1455 2481 καὶ
1500 2433 1575 2483 ἔτι
1631 2429 1714 2483 ἔν-

89 2513 461 2586 θαλπομένων,
511 2517 561 2568 οἱ
609 2523 839 2569 τοιοῦτοι
903 2522 999 2576 τὴν
1029 2514 1252 2593 καρδίαν
1283 2517 1584 2582 ἐκζέσαντες
1613 2522 1713 2573 ὑπὸ

86 2611 193 2655 τῶν
228 2605 615 2678 πυρανθράκων
641 2612 733 2658 τοῦ
766 2605 951 2676 ζήλου,
980 2611 1072 2659 καὶ
1114 2606 1219 2682 πῦρ
1269 2612 1422 2661 οἱονεὶ
1465 2611 1714 2663 πνεύσαν.

86 2711 196 2764 τες,
233 2696 328 2744 τὸν
353 2692 504 2766 λόγον
531 2690 960 2769 σφοδρυνὸμενοι,
994 2699 1126 2772 πρὸς
1153 2697 1293 2768 ἡμᾶς
1350 2695 1670 2771 ἀμετείνοντο
1695 2719 1710 2734 ο

318 2783 620 2857 Λαμψάτω,
667 2784 917 2858 λέγοντες,
983 2789 1042 2838 τό
1096 2795 1199 2860 φῶς
1249 2787 1392 2859 ὑμῶν
1423 2788 1711 2863 ἔμπροσθεν

88 2881 196 2924 τῶν
262 2871 546 2947 ἀνθρώπων
595 2878 668 2948 μὴ
725 2879 877 2948 μόνον
932 2873 985 2938 ἐξ
1031 2878 1214 2950 ἔργων,
1273 2874 1380 2928 ἀλλ’
1448 2873 1555 2936 ἤδη
1618 2882 1708 2931 καὶ

88 2965 148 3014 ὲκ
206 2971 314 3015 τῶν
370 2962 533 3036 λόγων
606 2970 773 3018 αὑτων
803 2983 815 2998 ι
878 2969 969 3018 καὶ
1041 2968 1297 3018 σκοτεινὸν
1353 2962 1519 3038 μηδὲν
1571 2964 1710 3039 μηδὲ

91 3050 300 3125 ἀσαφὲς
374 3059 486 3114 ταῖς
571 3054 839 3130 ὑμετέραις
905 3050 1254 3128 διαγνώσεσιν
1352 3053 1706 3127 ἐγκυπτέσθω.

1815 1885 1876 1940 in
1907 1883 2260 1952 monachos,
2291 1882 2352 1938 in
2376 1882 2580 1952 laicos;
2616 1900 2878 1957 quorum
2905 1887 3003 1943 alii
3027 1888 3156 1960 jam
3179 1891 3340 1950 illinc
3369 1893 3464 1951 fu-

1818 1973 1939 2046 gati
1964 1972 2198 2028 fuerant
2224 1975 2404 2113 atare
2434 1971 2574 2027 odio
2602 1971 2790 2029 habiti
2837 1981 3080 2048 pr0pter
3134 1979 3462 2050 perfectam

1818 2077 1960 2113 erga
1977 2060 2278 2113 caelestem
2356 2063 2544 2113 atrem
2565 2060 2913 2113 charitatem
2934 2068 2989 2113 et
3026 2080 3135 2113 con
3145 2065 3460 2113 fesninnnm

1818 2077 1960 2134 erga
1977 2060 2544 2118 caelestemI’atrem
2565 2060 2913 2118 charitatem
2934 2068 2989 2119 et
3026 2065 3465 2128 confessionem

1819 2153 1924 2225 qui
1954 2156 2011 2208 et
2038 2149 2359 2206 sudoribus
2381 2148 2811 2223 laboribusque
2850 2152 2973 2207 suis
2999 2152 3463 2229 decorabantur;

1821 2241 1922 2298 alii
1940 2256 2167 2307 rursus,
2200 2243 2490 2311 tanquam
2512 2239 2885 2297 ablactatum
2914 2243 2958 2309 ⁷,
2984 2241 3062 2298 ad
3093 2249 3344 2302 matrem
3373 2262 3464 2304 re-

1820 2329 2054 2387 dierant
2081 2330 2362 2401 (matrem
2387 2327 2523 2384 dico
2569 2327 2727 2384 hanc
2781 2330 3147 2388 Constantini
3201 2334 3461 2408 urbem),

1821 2419 2140 2492 adhucque
2169 2417 2428 2474 anilibus
2458 2421 2515 2473 et
2544 2416 2826 2490 inopibus
2875 2420 3004 2491 ejus
3051 2420 3209 2477 ulnis
3263 2423 3466 2480 confo-

1822 2513 2050 2572 ventur;
2079 2506 2432 2578 hujusmodi
2455 2507 2730 2564 homines
2759 2508 2940 2566 corde
2979 2526 3052 2567 ex
3101 2511 3302 2581 ignitis
3357 2512 3468 2571 zeli

1821 2597 2186 2655 carbonibus
2215 2594 2444 2665 fervidi,
2468 2611 2537 2652 ac
2565 2596 2726 2653 velut
2753 2597 2955 2668 ignem
2978 2601 3297 2673 spirantes,
3321 2602 3465 2660 aerii

1819 2703 1966 2744 voce
1995 2687 2107 2754 usi,
2138 2687 2200 2742 in
2225 2701 2339 2742 nos
2372 2685 2833 2744 contendebant.

1895 2782 1975 2833 t2.
2029 2777 2316 2832 Dicentes:
2350 2774 2686 2830 Luceatlux
2718 2781 2914 2834 vestra
2951 2793 3156 2836 coram
3207 2780 3467 2838 homini-

1815 2866 1953 2938 bus,
1983 2882 2107 2923 non
2129 2865 2324 2922 solum
2345 2880 2416 2921 ex
2463 2865 2763 2938 operibus,
2815 2866 2919 2922 sed
2945 2872 3002 2924 et
3024 2869 3154 2939 jam
3208 2885 3282 2926 ex
3319 2871 3466 2943 ipsis

1815 2953 2394 3026 verbis';nihilque
2443 2952 2828 3011 tenebrosum
2886 2960 2990 3012 aut
3038 2956 3367 3014 obscurum
3402 2960 3467 3018 in

1817 3045 2030 3102 vestris
2057 3044 2308 3101 decretis
2345 3043 2693 3101 occultetur.
2750 3047 2832 3100 Ex
2876 3044 2949 3101 iis
3003 3061 3141 3119 quae
3195 3048 3466 3120 perpessi

91 3141 396 3215 Ἐμάθομεν
463 3140 549 3214 ἀφ’
613 3139 682 3195 ὧν
741 3142 994 3216 ἐπάθομεν
1058 3147 1154 3203 τὴν
1219 3148 1504 3203 Λατινικὴν
1565 3141 1712 3199 δολο-

1824 3151 2051 3203 sumus,
2069 3134 2413 3190 Latinorum
2429 3131 2672 3189 fraudes
2699 3133 3042 3192 didicimus.
3073 3137 3191 3190 Nos
3223 3135 3466 3194 abunde

93 3230 345 3286 πλοκίαν.
431 3228 603 3304 Ἠμείς
677 3230 971 3306 ἀρκούντως
1046 3232 1223 3296 αὑτοῖς
1302 3233 1708 3307 συνεπλάκημεν,

92 3320 264 3373 πολὺν
349 3317 626 3394 ἀνέτλημεν
712 3324 979 3396 κάματον,
1071 3321 1541 3398 ἐγκαρτερήσαντες
1623 3345 1714 3397 φυ-

94 3409 308 3476 λακαῖς,
387 3417 480 3471 τῆς
559 3408 890 3484 ἒνεκγαμένης
960 3410 1315 3482 ἀπελαθέντες,
1391 3411 1716 3488 έξυϐρισθέν-

96 3519 177 3561 τις
210 3498 288 3562 εἰς
311 3501 376 3552 τὸ
430 3507 522 3553 τοῦ
572 3505 822 3572 πώγωνος
877 3505 1123 3574 σέμνωμα
1174 3502 1251 3574 (5)
1299 3524 1310 3534 ·
1366 3504 1468 3555 κὰκ
1520 3504 1714 3555 τούτων

98 3590 316 3642 πάντων
399 3589 495 3651 τὰς
573 3593 742 3643 αὐτῶν
821 3587 1172 3666 ῥᾳδιουργίας
1246 3591 1717 3666 ἐκμεμελετήκαμεν

103 3676 359 3753 ἀκριϐῶς.
421 3684 640 3733 Λατῖνοι
693 3678 824 3732 ἄλλα
885 3682 977 3753 μεν
1044 3679 1327 3753 βάζουσιν,
1381 3680 1510 3734 ἄλλα
1567 3678 1616 3734 δ’
1670 3679 1718 3733 έν

105 3770 264 3841 φρεσὶ
321 3768 592 3823 κεύθουσι.
657 3774 823 3844 Χερσι
886 3774 1074 3843 χεῖρας
1138 3767 1376 3842 ἐμϐαλεῖν
1437 3768 1720 3823 ἀπαιτοῦσι

102 3859 194 3915 τὰς
263 3855 519 3929 ἦμετέρας
584 3863 702 3919 ταῖς
759 3856 976 3925 έαυτῶν,
1034 3861 1125 3909 καὶ
1179 3864 1332 3910 τοῦτο
1387 3861 1719 3911 παντάπασιν

105 3943 489 3999 ἆκπαιτίατον
563 3950 656 3999 καὶ
738 3944 1079 4005 ἀνεπίληπτον
1161 3946 1550 4023 ἰσχυρίζονται.
1649 3949 1719 4001 Τὸ

106 4029 167 4087 ο⁹ε
222 4028 382 4087 οὐδέν
433 4053 488 4087 τι
541 4035 706 4110 ἕτερόν
770 4035 912 4088 ἐστιν
978 4034 1085 4089 ἀλλ’
1153 4037 1182 4096 ἢ
1244 4033 1718 4111 πατροπαραδότου

100 4127 340 4186 πίστεως
395 4119 661 4199 προδοσία
716 4129 805 4178 καὶ
870 4129 1209 4199 χειραγωγία
1263 4127 1391 4200 πρὸς
1448 4127 1718 4198 ὑποταγὴν

102 4222 199 4277 τῆς
265 4221 408 4286 σφῶν
460 4211 794 4287 Ἐκκλησίας,
859 4219 952 4268 καὶ
1005 4219 1077 4276 εὶς
1129 4214 1283 4269 πάνθ’
1340 4216 1442 4269 ὅσα
1502 4218 1569 4270 τὰ
1622 4224 1718 4279 τῆς

96 4301 365 4379 γηραλέας
385 4304 613 4357 εἴθισται
642 4303 846 4379 Ῥώμης
871 4303 1476 4381 παραληραφρονήματα.

174 4393 271 4467 ιγ’·
336 4393 440 4446 Οἷα
499 4395 599 4469 γὰρ
661 4392 740 4447 ἀεὶ
806 4392 1048 4467 πολέμοις
1113 4391 1562 4469 ἀναστρεφόμενοι,
1630 4407 1717 4460 καὶ
1745 4381 1791 4436 D

98 4485 347 4559 καθαρῶς
399 4484 747 4557 τυγχάνοντες
801 4481 1094 4559 ἆρειμάνιοι
1133 4485 1320 4548 πάντες
1370 4485 1500 4558 ὁμοῦ
1544 4482 1717 4537 λαίκοί

98 4589 152 4626 τε
207 4577 304 4625 καὶ
355 4572 504 4648 ἱερεῖς
553 4572 741 4642 αὑτῶν,
797 4577 888 4626 καὶ
942 4575 1098 4647 ἔθιμα
1151 4581 1251 4626 τῶν
1295 4572 1527 4646 πολέμων
1567 4573 1718 4648 ἠκρί-

101 4662 378 4736 ϐωθέντες,
429 4667 520 4717 καὶ
566 4663 710 4717 τοῦτ’
766 4666 894 4718 αὐτὸ
942 4667 1002 4717 τὸ
1051 4660 1264 4718 διδόναι
1292 4672 1474 4739 χεῖρας
1506 4671 1718 4738 σημεῖον

101 4756 268 4814 ἣττης
332 4757 424 4806 καὶ
479 4752 754 4816 παντελοῦς
825 4750 1147 4817 δουλοσύνης
1193 4755 1520 4829 νομίζουσιν,
1572 4755 1640 4816 ὡς
1670 4752 1718 4807 ἐν

101 4851 222 4907 ταῖς
275 4843 480 4916 μάχαις
531 4842 775 4898 εἰώθασιν
824 4845 873 4897 οἰ
925 4843 1258 4920 ἁλισκόμενοι
1319 4840 1473 4919 δρᾷν.
1533 4850 1717 4922 Παρα-

173 4968 342 5026 Psal.
364 4969 564 5044 τοίη,
596 4969 879 5030 2.'Matth.
915 4985 1037 5045 κη,
1076 4973 1129 5029 5.

174 5091 722 5222 (ὅὲἚξυϐρισθίντες
777 5099 848 5157 εὶς
915 5096 974 5149 τὸ
1027 5101 1121 5149 τοῦ
1184 5098 1432 5168 πώγωνος
1513 5094 1716 5167 σέμνω-

174 5187 197 5222 ;.
282 5167 484 5222 tintra
516 5182 579 5222 n.
608 5167 718 5222 15:
759 5171 831 5221 Τὸ
880 5171 1267 5222 πετοιγωιιένον
1318 5174 1412 5220 τοῦ
1468 5172 1716 5222 πώγωνος

103 5186 197 5238 μα.
234 5167 303 5244 Εἴ
327 5167 484 5244 intra
516 5182 579 5224 n.
608 5167 675 5223 15
704 5184 739 5244 :_
759 5171 831 5244 Τό
880 5167 1283 5244 πετριχωμένον
1318 5174 1412 5244 τοὺ
1467 5172 1717 5244 πώγωνος

102 5236 676 5311 κειρόμενοι-κόσμημα.
710 5241 788 5311 De
810 5236 1301 5311 barbin'decore.
1342 5242 1400 5296 et
1447 5237 1522 5311 de
1561 5236 1715 5309 inju-

100 5308 193 5368 ria
211 5308 367 5393 erga
387 5308 668 5392 barbam,
696 5310 1154 5393 adWillelmpm
1173 5308 1713 5393 Tyrium,aliosgue

105 5396 140 5436 a
177 5380 540 5463 clarissimis.
555 5380 698 5462 viris
722 5382 952 5450 citatos,
984 5381 1141 5439 adde
1191 5380 1496 5508 praecipue
1521 5380 1712 5461 vitam

105 5451 398 5536 Stephani
409 5467 670 5536 Junioris
684 5468 745 5509 1n
767 5455 1142 5536 Damasceno
1157 5453 1344 5536 {1389,
1398 5468 1508 5536 um
1530 5452 1711 5534 histo-

102 5522 240 5580 rici's
267 5522 775 5598 Orientaliumque
797 5524 1092 5597 synodica
1101 5524 1182 5582 ad
1191 5523 1588 5598 Theophilum
1603 5522 1711 5598 im-

103 5595 558 5678 peratprém,de
580 5593 1438 5678 Capronjrmomecnonjitam
1459 5596 1516 5653 S.
1538 5593 1709 5678 Saba)

104 5680 238 5738 cap.
265 5669 358 5738 22,
390 5671 450 5727 et
468 5665 784 5727 Clementis
801 5665 1189 5730 Alexandrini
1204 5667 1626 5744 Padagogum.
1640 5668 1708 5724 In

1771 5437 1797 5466 ἦ
1821 5437 2114 5506 Οἰηῐιοαῖο

1821 3241 1960 3282 cum
1989 3223 2058 3280 iis
2081 3222 2387 3294 congressi
2416 3221 2921 3291 sumus,multum
2949 3223 3172 3280 laboris
3200 3223 3469 3283 toleravi-

1821 3330 1980 3382 mus,
2011 3311 2408 3386 perdurantes
2433 3310 2494 3368 in
2525 3311 2888 3380 carceribus,
2916 3328 2952 3370 a
2975 3311 3168 3385 patria
3211 3313 3467 3387 expulsi,

1823 3403 1885 3459 in
1912 3402 2120 3460 barbae
2139 3402 2324 3458 decus
2368 3401 2731 3458 contumelia
2768 3400 2984 3470 affecti;
3039 3405 3221 3475 atque
3273 3419 3346 3460 ex
3397 3403 3468 3460 iis

1824 3492 2130 3562 omnibus,
2157 3490 2332 3564 plene
2360 3489 2600 3548 illorum
2644 3489 2913 3548 fallacias
2969 3489 3165 3548 edocti
3231 3508 3468 3551 sumus.

1829 3581 2018 3638 Latini
2047 3581 2165 3638 alia
2193 3579 2442 3654 quidem
2469 3579 2818 3653 loquuntur,
2841 3579 2960 3638 alia
2988 3596 3128 3637 vero
3152 3581 3214 3637 in
3253 3583 3470 3640 menti-

1825 3670 1943 3727 bus
1967 3671 2268 3727 occulunt.
2301 3670 2614 3728 Postulant
2649 3676 2715 3726 ut
2745 3670 3032 3742 manibus
3062 3665 3281 3727 manus
3337 3669 3470 3742 inji-

1829 3759 2080 3827 ciantur,
2107 3765 2323 3816 nostrae
2355 3758 2500 3827 suis,
2527 3758 2709 3832 idque
2735 3759 2985 3815 omnino
3021 3763 3186 3816 extra
3228 3757 3470 3831 culpam

1827 3853 1886 3907 et
1910 3849 2439 3921 reprehensionem
2461 3864 2590 3904 esse
2616 3851 2980 3916 asseverant;
3013 3863 3152 3903 cum
3172 3847 3288 3903 hoc
3321 3845 3474 3903 nihil

1827 3937 1991 3996 aliud
2019 3940 2111 4007 sit,
2132 3955 2321 4012 quam
2347 3937 2489 3994 ﬁdei
2508 3954 2544 3994 a
2568 3936 2901 4008 majoribus
2932 3936 3160 3994 traditae
3191 3935 3471 4009 proditio,

1828 4033 1886 4087 et
1909 4027 2301 4085 manuductio
2331 4025 2410 4084 ad
2439 4025 2849 4084 obedientiam
2907 4024 3146 4082 illorum
3200 4024 3472 4081 Ecclesiae

1828 4117 2255 4184 exhibendam,
2284 4120 2464 4189 atque
2496 4116 2575 4173 ad
2597 4115 2806 4173 omnia
2828 4114 3007 4189 plane
3056 4113 3470 4174 deliramenta.

1826 4225 1963 4282 quae
1984 4209 2048 4265 in
2077 4207 2246 4264 senili
2269 4208 2461 4264 Roma
2486 4208 2874 4279 usurpentur.

1903 4392 1986 4446 t3.
2029 4389 2180 4445 Nam
2209 4389 2412 4460 utpote
2435 4399 2671 4457 semper
2697 4381 2760 4440 in
2787 4382 2960 4440 bellis
2983 4379 3222 4448 versati,
3249 4379 3475 4456 quique

1828 4477 1944 4535 sint
1976 4477 2157 4551 plane
2187 4474 2370 4533 Martii
2398 4473 2618 4544 cuncti,
2647 4472 2786 4530 laici
2827 4471 3005 4530 simul
3034 4477 3089 4531 et
3136 4471 3476 4530 sacerdotes

1827 4583 2058 4636 eorum,
2081 4570 2259 4640 atque
2281 4563 2575 4622 bellorum
2603 4561 2870 4620 instituta
2889 4561 3078 4636 probe
3102 4560 3392 4628 noverint,
3414 4559 3479 4617 id

1825 4657 2046 4732 ipsum,
2079 4655 2311 4714 tradere
2332 4668 2572 4724 manus,
2605 4656 2850 4709 censent
2877 4667 3010 4708 esse
3033 4651 3274 4724 signum
3317 4649 3479 4706 devi-

1827 4746 2037 4804 ctionis
2067 4749 2123 4802 et
2150 4739 2516 4803 omnimodte
2569 4741 2887 4800 servitutis:
2957 4738 3479 4815 quemadmodum

1826 4835 1889 4894 in
1912 4835 2132 4911 praeliis
2175 4835 2218 4892 ii
2255 4834 2450 4894 facere
2508 4830 2702 4892 solent
2751 4830 2857 4906 qui
2911 4830 3177 4904 superati
3215 4828 3474 4886 fuerunt.

1825 5086 2094 5161 oratione
2117 5082 2400 5161 historica
2422 5080 2498 5161 de
2518 5082 2671 5141 festo
2699 5076 3086 5161 restitutionis
3106 5073 3477 5161 imaginum,

1824 5166 1989 5218 Auct.
2024 5160 2066 5216 ll
2106 5157 2374 5215 Combef.
2404 5156 2654 5234 refertur
2699 5153 2866 5227 quod
2902 5149 3478 5234 'ltheopnhilus‘impe-

1823 5238 1984 5291 rator
2018 5235 2380 5305 quaestorem
2434 5221 2740 5305 iniquum;
2783 5224 3040 5305 graviter
3057 5221 3478 5305 :tlagellatum,

1822 5293 2125 5378 caputq‘ue
2155 5317 2295 5358 cum
2329 5293 2860 5378 barba-adustum,
2905 5300 2961 5378 et
3017 5293 3278 5378 oblitum
3323 5295 3479 5378 pice,

1820 5368 2348 5494 exsilio'peri'petuo
2379 5368 2742 5450 multaverit.
2792 5370 2958 5424 Teste
3022 5371 3223 5448 autem
3253 5368 3482 5423 Joanne

1821 5449 2114 5494 Cinnamn
2195 5445 2542 5494 istoriarum
2563 5440 2665 5494 lib.
2695 5439 2761 5494 ΙΙ.
2780 5453 2912 5494 can.
2949 5440 3037 5494 10.
3058 5438 3316 5494 thon.
3364 5437 3482 5494 haz-

1821 5439 2114 5506 Cinnarrfo
2135 5439 2542 5501 Historiarum
2563 5440 2665 5496 lib.
2691 5439 2912 5566 μηθεὶίὲ
2937 5440 3037 5521 ,10,
3058 5439 3316 5511 Niphon,
3364 5439 3480 5494 haz-

1817 5520 2037 5578 reticus
2060 5515 2404 5588 Bogomilus
2428 5510 2727 5588 synodah,
2763 5527 2831 5583 ιιι
2900 5524 2991 5588 cio
3021 5509 3480 5588 condemnatus,

1815 5571 2032 5663 mea;
2059 5571 2363 5672 quam:
2390 5571 2546 5644 talos
2584 5571 2783 5666 usque
2823 5585 3173 5656 protensam
3215 5571 3479 5655 gerebat,

1817 5662 2054 5721 derasa.
2079 5677 2145 5720 in
2168 5671 2473 5721 carcerem
2520 5658 2830 5721 coniectus
2855 5657 2968 5716 est.

1863 5677 2054 5734 erasa,
2079 5671 2145 5720 in
2168 5671 2473 5722 carcerem
2520 5671 2830 5730 coniectus
2855 5671 2920 5714 es
