4020 6310
1724 278 2035 341 GERMANI
2073 284 2120 336 ll
2160 279 2264 335 CP.
2307 263 2773 332 PATRIARCHIE
3820 272 3910 332 6i?

573 419 892 476 Hortamur
918 433 1059 490 ergo
1088 422 1154 474 ut
1189 408 1493 488 synodicis
1545 410 1793 468 decretis
1879 409 1994 464 hoc
2046 406 2214 462 etiam

2342 402 2590 474 καλοῦμεν
2649 397 2736 453 οὖν
2776 400 3035 460 ἐντεθῆναι
3091 399 3258 474 ῥητῶς
3311 402 3423 459 ταῖς
3475 397 3776 464 συνοδικαῖς
3814 401 3911 455 δια-

572 335 670 391 6M

575 525 854 582 expresse
875 509 1187 575 inseratur,
1202 521 1276 562 ne
1305 503 1461 560 ltalis
1493 501 1691 574 Cyprii
1722 515 1943 556 manus
1969 495 2224 563 tradant;

573 597 708 655 licet
732 615 824 654 res
863 613 984 654 non
1014 597 1198 666 digna
1226 594 1358 650 visa
1385 592 1577 656 fuerit,
1639 590 1812 660 cujus
1867 604 1974 661 per
2021 600 2226 641 sacros

575 702 837 744 canones
868 688 1091 742 mentio
1121 685 1306 740 ﬁeret.
1338 683 1485 737 Nam
1523 679 1638 736 nisi
1668 682 1749 735 ita
1786 677 1910 744 ﬁat,
1951 679 2226 747 apertum

571 775 900 847 periculum
953 779 1059 842 est,
1109 778 1172 828 ut
1219 786 1362 827 mox
1407 767 1685 825 concidat
1734 762 2227 839 quadrangulum

568 862 1020 936 ﬁrmumqueac
1049 858 1565 934 irreprehensibile
1603 856 1954 930 pontiﬁcum
2010 853 2114 927 qui
2173 858 2226 909 te

572 959 1003 1026 praecesserunt
1031 951 1370 1022 aedificium,
1400 948 1566 1022 quod
1592 947 1671 1003 illi
1702 945 2011 1019 permultis
2043 943 2224 1000 sudo-

571 1043 738 1099 ridus
768 1041 1084 1114 longisque
1111 1055 1364 1112 operum
1394 1037 1705 1094 laboribus
1744 1037 2222 1100 construxerunt,

571 1130 838 1208 quOtidie
868 1131 989 1186 suis
1014 1146 1124 1186 nos
1155 1129 1462 1185 ﬁrmantes
1489 1126 1747 1196 monitis,
1778 1133 1835 1180 et
1864 1139 2044 1196 super
2085 1138 2226 1195 apo-

573 1219 865 1276 stolorum
894 1219 1357 1275 fundamentum
1394 1215 1784 1279 stabilientes,
1835 1228 1984 1268 neve
2039 1217 2223 1269 tenta-

570 1305 802 1366 tIonum
837 1309 1053 1365 ﬂuvios
1109 1324 1180 1365 ac
1235 1312 1447 1364 ventos
1496 1306 1846 1361 timeremus
1901 1301 2218 1360 adhortati.

643 1474 896 1537 14.Quaa
917 1485 1057 1526 cum
1081 1473 1287 1526 astans
1317 1467 1590 1541 piissima
1617 1465 1808 1538 plebs,
1841 1464 2067 1521 fervido
2097 1463 2222 1521 zelo

571 1565 1032 1633 prosequeretur
1071 1558 1148 1616 ad
1178 1562 1448 1613 nostram
1476 1554 1948 1610 mediocritatem
1989 1551 2222 1626 synodo

569 1646 1400 1720 praesidentem,conspiciens
1415 1643 1790 1700 mediocritas
1813 1647 2038 1706 nostra,
2056 1641 2223 1714 quod

2338 498 2565 563 γνώσεσι
2599 495 2689 543 καὶ
2752 493 2811 542 τὸ
2878 485 3015 562 μηδὲ
3081 497 3267 562 χεῖρας
3329 484 3510 541 δοῦναι
3570 498 3676 552 τοῖς
3738 493 3909 555 ῐταλοῖς

2335 585 2453 642 τοὺς
2505 584 2761 655 Κυπρίους
2789 601 2801 613 ·
2863 580 2905 632 εἰ
2951 583 3038 630 καὶ
3090 585 3199 640 τοῖς
3252 581 3404 654 ἱεροῖς
3451 584 3667 632 κανόσιν
3698 579 3909 654 ἀμνημό-

2335 689 2507 723 νευτον
2560 671 3020 745 παρατεθεώρηται
3071 676 3240 722 τοῦτο.
3302 668 3360 722 Εἰ
3410 671 3510 743 γὰρ
3569 674 3642 742 μη
3693 670 3817 724 οὕτω
3842 693 3908 744 γε-

2334 763 2569 826 νήσεται,
2645 755 2886 820 κίνδυνος
2958 763 3225 831 προφανὴς
3288 762 3381 816 τὴν
3454 761 3770 834 τετράγωνον
3835 767 3909 814 καὶ

2339 851 2544 922 στερεὰν
2601 852 2690 900 καὶ
2745 843 2883 920 δίχα
2941 846 3110 918 ψόγου
3163 854 3260 899 τῶν
3291 850 3390 922 πρὸ
3423 853 3517 900 σοῦ
3549 846 3824 923 ἀρχιερέων
3851 849 3909 901 οἱ·

2333 934 2563 1010 κοδομην
2651 938 2773 1011 ἄρτι
2871 945 3202 1003 καταπεσεῖν,
3304 937 3364 995 ἣν
3465 935 3649 990 ἐκεῖνοι

2339 1022 2532 1098 ἱδρῶσι
2623 1032 2713 1078 καὶ
2801 1028 3179 1099 ἐργομοχθίαις
3266 1033 3489 1099 μακραῖς
3578 1023 3908 1100 ἆνεδείμαντο,

2334 1112 2678 1188 ἐπερείδοντες
2730 1117 3058 1174 καθεκάστην
3113 1117 3253 1190 ἡμᾶς
3304 1123 3420 1178 ταῖς
3485 1119 3774 1178 νουθεσίαις
3829 1117 3906 1168 αὖ·

2332 1211 2455 1274 τῶν,
2519 1205 2608 1257 καί
2664 1213 2736 1276 τῷ
2791 1204 3001 1278 θεμελίῳ
3068 1213 3168 1258 τῶν
3241 1203 3544 1258 ἀποστόλων
3614 1203 3906 1278 ἐδράζοντες,

3717 947 3908 1010 συχνοῖς

2331 1298 2421 1346 καὶ
2484 1298 2554 1366 μὴ
2615 1290 2907 1347 δεδοικέναι
2963 1297 3079 1356 τοὺς
3143 1303 3242 1347 τῶν
3309 1305 3615 1371 πειρασμῶν
3676 1299 3907 1368 ποταμούς

2331 1378 2470 1455 μηδὲ
2499 1387 2615 1444 τοὺς
2645 1381 2862 1456 ἀνέμους
2887 1384 3262 1456 ὑποτιθέμενοι.

2407 1469 2494 1526 ιδ’.
2547 1479 2722 1526 Ταῦτα
2768 1481 2858 1525 τοῦ
2908 1480 3293 1547 παρεστηκότος
3319 1473 3777 1547 φιλευσεϐεστάτου
3800 1474 3906 1526 λαοῦ

2335 1559 2503 1632 θερμῷ
2550 1569 2621 1631 τῷ
2677 1559 2815 1632 ζήλῳ
2872 1565 3002 1636 πρὸς
3047 1566 3139 1620 τὴν
3196 1564 3342 1635 ἡμῶν
3405 1561 3792 1636 ἀποτεινομένου
3826 1581 3904 1634 με-

2332 1654 2584 1722 τριότητα
2659 1652 3058 1724 προκαθημένην
3146 1648 3454 1721 συνοδικῶς,
3545 1655 3574 1711 ἡ
3666 1657 3905 1728 μετριότης

569 1737 666 1794 hic
693 1737 1045 1792 oeconomia:
1072 1735 1219 1792 ratio
1246 1731 1667 1805 juvaretnihil,
1691 1732 1797 1788 sed
1829 1731 2022 1802 magis
2054 1731 2214 1787 ﬁeret

2333 1737 2477 1810 ἡμῶν
2509 1735 2803 1791 συνιδοῦσα
2834 1743 2896 1800 ὡς
2923 1739 3143 1793 ἐνταῦθα
3169 1741 3194 1792 ὁ
3225 1750 3319 1804 τῆς
3348 1741 3646 1816 οἰκονομίας
3675 1741 3814 1813 λόγος
3838 1740 3904 1792 οὗ·

570 1827 880 1895 tumultus;
908 1825 1192 1900 quodque
1222 1840 1343 1880 non
1373 1824 1555 1880 modo
1585 1839 1707 1879 non
1751 1827 1913 1879 recta
1963 1822 2095 1894 ipsa
2141 1820 2221 1877 ad

571 1916 932 1974 servandam
963 1914 1365 1989 percelebrem
1397 1915 1658 1985 Cyprum
1686 1913 1814 1984 jam
1835 1910 2220 1980 naufragium

569 2006 907 2077 facientem,
959 2004 1242 2070 tenderet,
1299 2005 1447 2060 dum
1491 2003 1664 2074 juxta
1709 2001 1982 2059 nauticas
2034 2001 2219 2075 leges,

567 2097 787 2174 pedem
842 2094 1038 2162 refert,
1091 2098 1418 2166 velumque
1464 2092 1779 2148 intinctum
1859 2091 2038 2158 laxat;
2113 2091 2218 2146 sed

565 2185 747 2242 etiam
772 2184 1106 2258 periculum
1131 2186 1308 2248 esset,
1339 2197 1414 2238 ne
1441 2181 1696 2253 propriae
1729 2180 1905 2237 navis
1951 2184 2217 2236 vectores

567 2275 1038 2348 compelleretad
1061 2272 1501 2340 seditionem;et
1525 2269 1706 2343 quasi
1735 2269 1811 2325 ad
1839 2271 2216 2325 vexationem

565 2379 690 2420 non
712 2363 1048 2420 sufﬁcerent
1075 2360 1300 2416 externi
1330 2359 1560 2432 piratae,
1585 2363 1785 2430 aperte
1824 2358 2216 2415 metuendum

567 2457 742 2522 esset,
769 2467 844 2508 ne
868 2451 1036 2524 ipsos
1059 2449 1206 2504 inter
1252 2464 1314 2503 se
1363 2448 1760 2503 committeret
1817 2447 2215 2519 navigationis

566 2541 781 2611 socios;
813 2541 941 2596 haec
973 2538 1052 2595 ad
1087 2538 1336 2610 Cyprios
1380 2536 1693 2610 prolocuta
1743 2541 1848 2593 est:
1911 2537 2095 2592 Chrisi
2147 2553 2214 2593 os

564 2629 916 2702 Paulus,per
939 2644 1008 2685 os
1032 2642 1235 2684 meum
1257 2626 1482 2700 profert
1503 2627 1883 2694 sententiam,
1925 2631 2105 2698 atque
2135 2627 2212 2683 ad

561 2719 1087 2791 interrogationem
1117 2722 1377 2774 vestram
1405 2717 1489 2772 ita
1517 2716 1857 2788 respondet:
1889 2717 2050 2787 Rogo
2090 2731 2208 2788 vos,

565 2811 806 2881 fratres,
824 2814 890 2864 ut
909 2807 1219 2864 observetis
1241 2822 1332 2863 eos
1352 2807 1457 2878 qui
1471 2807 1860 2862 dissensiones
1877 2812 1930 2862 et
1962 2806 2211 2876 offendi-

568 2900 728 2969 cula,
737 2905 960 2968 praeter
969 2897 1304 2953 doch'z'nam
1317 2911 1496 2967 quam
1511 2911 1610 2952 vos
1621 2895 1859 2952 didicisl
1867 2897 1934 2960 is,
1946 2895 2208 2965 faciunt;

565 2995 618 3045 et
635 2989 928 3045 declinale
946 2986 1160 3044 abillis
1178 2985 1522 3056 hujusmodi
1535 2987 1690 3041 enim
1707 2985 1942 3042 Christo
1958 2985 2213 3041 Domino

2333 1823 2418 1880 δεν
2445 1827 2640 1900 ὠφελεῖ,
2676 1827 2802 1881 ἀλλὰ
2845 1829 3034 1902 μᾶλλον
3082 1829 3296 1902 θόρυϐος
3339 1836 3542 1902 γίνεται
3573 1853 3586 1864 ·
3639 1835 3727 1884 καὶ
3767 1833 3823 1890 ὡς
3856 1829 3902 1881 οὐ

2329 1919 2480 1988 μόνον
2531 1917 2624 1969 οῦκ
2679 1917 2946 1972 εῦθυπλοεῖ
2991 1919 3121 1978 αὕτη
3167 1923 3296 1994 πρὸς
3324 1926 3416 1978 τὴν
3447 1927 3768 1996 περιώνυμον
3816 1922 3904 1972 Κύ-

2328 2025 2456 2081 προν
2477 2015 2810 2079 ναυαγοῦσαν
2831 2006 2934 2068 ἢδη
2961 2004 3357 2080 διασώσασθαι,
3373 2006 3667 2063 ἐνδιδοῦσα
3686 2013 3767 2062 τὸν
3788 2004 3904 2061 πόδα

2328 2113 2461 2147 κατα
2503 2101 2690 2170 νόμους
2746 2097 3109 2172 ναυτηλικούς,
3159 2103 3250 2152 καὶ
3278 2103 3336 2152 τὸ
3370 2103 3537 2153 ἱστίον
3567 2099 3765 2174 βάπτον
3795 2099 3903 2150 ἁπο-

2327 2191 2548 2236 κενοῦσα
2581 2207 2592 2219 ·
2643 2183 2769 2240 ἀλλά
2824 2207 2882 2260 γε
2932 2185 2998 2246 δὴ
3037 2193 3125 2242 καὶ
3173 2192 3288 2250 τοὺς
3315 2197 3407 2252 τῆς
3439 2190 3632 2258 οἰκείας
3664 2183 3904 2265 φροντίδος

2461 2271 2731 2348 φορτίδος]
2780 2273 3030 2338 ἐπιϐάτας
3081 2281 3410 2340 στασιαστὰς
3459 2277 3774 2354 ἐργάζεσθαι
3813 2298 3901 2328 κιν-

2327 2354 2530 2414 δυνεύει
2593 2368 2682 2415 καὶ
2743 2365 2812 2425 ὡς
2871 2369 2942 2438 μὴ
3025 2363 3314 2439 ἀρκούντων
3382 2367 3454 2430 εἰς
3518 2370 3749 2420 κάκωσιν
3821 2374 3902 2417 τῶν

2325 2447 2504 2511 ἔξωθεν
2558 2460 2830 2526 πειρατῶν,
2911 2458 3000 2506 καὶ
3085 2455 3269 2526 «iraa;
3329 2457 3446 2509 καθ’
3510 2456 3705 2509 ἑαυτῶν
3775 2453 3900 2506 ἐκπο-

2323 2537 2554 2610 λεμῶσαι
2633 2545 2751 2604 τοὺς
2841 2542 3224 2620 συμπλωτῆρας
3308 2543 3463 2617 φόϐος
3533 2545 3629 2598 οὗκ
3694 2545 3898 2616 αξυμφα·

2323 2631 2414 2708 γῆς
2444 2651 2456 2661 ·
2526 2634 2652 2704 πρὸς
2697 2635 2815 2695 τοὺς
2873 2639 3134 2707 Κυπρίους
3189 2642 3356 2688 ταῦτα
3386 2635 3552 2699 ἐξεῖπε
3587 2657 3600 2670 ο
3640 2635 3898 2695 Παῦλοςτό

2323 2723 2414 2768 τοῦ
2464 2725 2699 2790 Χριστοῦ
2750 2725 2939 2794 στόμα,
2997 2719 3091 2776 διὰ
3113 2731 3204 2776 τοῦ
3249 2723 3376 2797 ἐμοῦ
3419 2725 3681 2797 στόματος
3723 2741 3898 2795 γνωμο-

2324 2801 2483 2873 δοτεῖ,
2540 2812 2628 2860 καὶ
2681 2813 2809 2885 πρὸς
2866 2816 2958 2870 τὴν
3016 2814 3156 2886 ὑμῶν
3209 2812 3460 2889 ἐρώτησιν
3516 2819 3671 2866 ταυτὶ
3716 2811 3900 2883 gmw?"

2321 2913 2458 2946 νεται
2492 2934 2504 2945 .
2580 2903 2873 2959 Παρακαλῶ
2965 2903 3118 2959 ὑμᾶς,
3204 2903 3434 2959 ἀδελφοὶ.
3514 2911 3725 2956 σκοπεῖν
3799 2903 3898 2959 τοὺς

2322 2986 2416 3045 τὰς
2475 2981 2838 3058 διχοστασίας
2888 2995 2977 3043 καὶ
3025 2994 3090 3043 τὰ
3140 2988 3411 3045 σκάνδαλα
3462 2996 3611 3068 παρὰ
3673 2996 3760 3050 τὴν
3829 2985 3898 3040 δι-

2580 2899 2873 2971 Παρακαλῶ
2965 2903 3118 2974 ὑμᾶς,
3204 2899 3434 2976 ἀδελφοὶ,

565 3094 686 3135 non
709 3079 992 3144 serviunt,
1007 3077 1109 3133 sed
1122 3091 1245 3132 suae
1257 3076 1555 3148 nequitiae,“
1567 3081 1620 3131 et
1638 3091 1749 3145 per
1772 3075 1976 3131 dulces
1995 3090 2213 3131 sermo-

2326 3069 2505 3146 δαχὴν
2587 3077 2648 3136 ἣν
2729 3081 2876 3151 ὑμεῖς
2953 3078 3164 3153 ἐμάθετε
3241 3089 3538 3150 ποιοῦντας,
3604 3085 3692 3134 καὶ
3757 3077 3895 3132 ἐκκλί-

563 3183 665 3225 nes
681 3172 734 3224 et
757 3167 1178 3224 benedictione:
1199 3165 1490 3222 seducunt
1511 3165 1697 3222 corda
1723 3165 2124 3220 innocentium
2150 3166 2170 3198 ⁹
2199 3220 2212 3233 ,

564 3256 745 3312 Nobis
773 3257 1023 3312 omnino
1054 3253 1271 3311 sufﬁcit
1298 3253 1426 3309 haec
1466 3252 1754 3323 defensio,
1787 3257 1844 3309 et
1871 3252 1947 3309 ad
1973 3252 2216 3308 interro-

563 3346 867 3416 gationem
894 3343 1205 3416 aptissime
1238 3359 1298 3398 se
1324 3342 1522 3399 habet‘
1553 3341 1917 3416 abundeque
1937 3346 2134 3414 potest
2153 3340 2214 3398 id

565 3433 730 3506 quod
764 3433 900 3489 utile
929 3433 1198 3489 futurum
1227 3437 1316 3488 est
1354 3431 1623 3488 edocere.

2322 3183 2440 3216 νατε
2493 3163 2579 3217 ἀπ’
2647 3167 2835 3225 αὐτῶν.
2899 3172 2964 3222 Οἱ
3018 3173 3119 3245 γὰρ
3165 3179 3393 3225 τοιοῦτοι
3443 3179 3514 3243 τῷ
3578 3173 3751 3244 Κυρίῳ
3775 3171 3896 3240 ἡμῶν

2325 3253 2502 3312 Ἰησοῦ
2555 3263 2771 3329 Χριστῶ
2833 3259 2892 3310 οὐ
2971 3256 3327 3329 δουλεύουσιν,
3394 3260 3521 3313 ἀλλὰ
3589 3269 3649 3334 τῇ
3731 3259 3895 3311 ἑαυτῶν

2323 3349 2482 3416 κακία
2519 3366 2532 3378 ο
2597 3351 2684 3399 καὶ
2751 3344 2843 3401 διὰ
2907 3357 3002 3410 τῆς
3070 3349 3464 3425 χρηστολογίας
3530 3356 3623 3404 καὶ
3695 3349 3896 3418 εὐλογίας

2323 3430 2621 3496 ἐξαπατῶσι
2711 3441 2801 3498 τὰς
2880 3435 3106 3511 καρδίας
3181 3449 3279 3492 τῶν
3359 3440 3589 3495 ἀκάκων.
3663 3441 3894 3512 ’Δρκοῦσα

564 3541 765 3582 παντως
848 3523 972 3594 ἡμῖν
1051 3523 1080 3578 ἡ
1164 3519 1436 3593 ἀπολογία,
1513 3526 1602 3574 καὶ
1686 3517 2095 3597 ἁρμοδιῶτάτως
2171 3522 2300 3594 πρὸς
2364 3527 2458 3581 τὴν
2533 3523 2805 3600 ἐρώτησιν,
2875 3533 2965 3581 καὶ
3033 3531 3219 3592 ἱκανῶς
3285 3532 3491 3603 ἔχουσα
3550 3534 3610 3583 τὸ
3679 3526 3891 3582 συνοῖσον

565 3607 662 3664 ἀνδ
669 3608 724 3664 ιδ
729 3611 871 3674 άξαι.

641 3702 703 3756 15
730 3744 741 3756 .
766 3701 887 3756 Vos
913 3703 1137 3768 autem,
1170 3715 1206 3754 ο
1237 3697 1446 3756 fratres
1476 3699 1536 3755 in
1561 3699 1787 3756 Christo
1819 3699 2038 3772 Cyprii,
2078 3697 2209 3754 imi-

561 3794 779 3848 tatores
808 3790 934 3846 sitis
967 3787 1633 3860 Constantinopolitanae
1692 3788 1982 3856 Ecclesize;
2031 3787 2210 3858 hujus

561 3885 831 3953 pastores
858 3879 1163 3936 imitentur
1191 3877 1293 3951 qui
1323 3877 1500 3950 Cypri
1557 3883 1826 3950 pastores
1880 3884 2038 3944 sunt,
2089 3890 2209 3930 ser-

559 3986 812 4027 monum
841 3968 1042 4026 ﬁstula
1067 3967 1475 4025 indesinenter
1518 3966 1918 4037 insuﬁ'lantes,
1973 3971 2029 4023 et
2085 3967 2208 4023 alli-

2395 3701 2466 3755 ιε’.
2502 3703 2664 3776 Ὑμεῖς
2696 3702 2775 3774 δὲ,
2804 3704 2843 3758 ὦ
2874 3710 3010 3760 κατὰ
3034 3711 3262 3784 Χριστὸν
3291 3704 3504 3782 ἀδελφοὶ
3537 3712 3778 3784 Κύπριοι,
3814 3725 3888 3778 μι-

2318 3796 2484 3862 μηταὶ
2504 3796 2709 3864 γίνεσθε
2733 3803 2826 3859 τῆς
2877 3806 2976 3850 τῶν
3035 3799 3650 3852 Κωνσταντινουπολιτῶν
3703 3795 3889 3849 Ἐκκλη-

2321 3884 2441 3944 σίας
2474 3904 2484 3916 ·
2541 3887 2658 3946 τούς
2704 3887 2863 3948 αὐτῆς
2905 3893 3148 3962 ποιμένας
3203 3892 3252 3942 οἱ
3307 3897 3402 3951 τῆς
3465 3892 3676 3964 Κύπρου
3730 3887 3889 3957 ποιμέ-

2317 3989 2393 4030 νες
2472 3977 2874 4046 μιμείσθωσαν·
2950 3984 3012 4050 τῇ
3094 3985 3193 4030 τῶν
3263 3978 3427 4051 λόγων
3495 3978 3767 4039 ἀπαύστως
3820 3972 3890 4045 ἒμ-

565 4058 787 4116 cientes
811 4057 1054 4116 canticis
1084 4055 1507 4114 adhortatoriis
1528 4060 1583 4113 et
1603 4055 1986 4113 salutaribus.
2013 4056 2206 4128 Cyprii

2324 4065 2545 4124 πνέοντες
2607 4068 2843 4140 σύριγγι,
2909 4070 2996 4119 καὶ
3061 4065 3401 4126 ἀνακλητικὸν
3473 4065 3743 4142 ἐπᾴδοντες
3814 4063 3889 4115 καὶ

563 4149 788 4220 greges’
821 4145 1418 4220 Constantinopoleos
1443 4161 1663 4218 pecora
1692 4145 2047 4202 aemulentur
2077 4151 2209 4202 Hzec

561 4237 787 4310 quippe
814 4236 996 4308 longo
1020 4234 1331 4292 intervallo
1361 4250 1397 4290 a
1423 4234 1765 4306 pastoribus
1796 4233 2023 4303 dissita,
2069 4251 2208 4291 cum

561 4323 929 4381 immanibus
946 4323 1104 4396 lupis
1121 4338 1510 4380 communem
1525 4329 1768 4396 pastum
1789 4323 2094 4393 habentia,
2117 4339 2211 4381 ca-

559 4413 833 4488 pillatum
862 4411 1064 4468 barbae
1089 4415 1512 4468 ornamentum
1545 4413 1814 4484 detonsa,
1846 4418 1902 4469 et
1925 4414 2210 4470 carnibus

562 4502 824 4570 concisa,
847 4501 986 4558 ﬁdei
1016 4501 1275 4572 sigillum
1297 4501 1374 4557 ab
1395 4501 1622 4557 insidiis
1646 4507 1834 4560 tutum
1871 4508 2204 4571 servarunt,

559 4591 858 4663 luposque
888 4589 1106 4647 frustra
1129 4591 1362 4646 hiantes
1388 4596 1730 4660 arguerunt.
1762 4593 1932 4658 Quod
1957 4593 2004 4648 si
2035 4609 2104 4649 ex
2136 4593 2206 4648 iis

561 4679 856 4748 nonnulli,
890 4679 1176 4752 perpauci
1217 4694 1486 4752 numero,
1517 4679 1772 4753 alicujus
1812 4681 2054 4749 scabiei,
2113 4682 2205 4739 vel

562 4768 740 4826 etiam
768 4767 990 4825 rabiosi
1019 4783 1260 4824 morsus
1286 4767 1606 4840 participes
1625 4768 1862 4838 fuerint,
1888 4786 2097 4828 verum
2126 4771 2204 4828 ad

561 4855 821 4916 resinam
851 4859 914 4914 in
945 4857 1184 4916 Galaad
1214 4859 1259 4893 ¹⁰
1280 4861 1336 4914 et
1367 4857 1447 4913 ad
1478 4857 1770 4930 spiritales
1800 4859 2050 4932 hujusce
2090 4861 2205 4918 loci

559 4949 830 5007 medicos
860 4952 1263 5016 accurrerunt;
1291 4961 1398 5020 per
1437 4963 1591 5020 quos
1637 4952 1693 5005 et
1749 4949 1827 5006 ad
1891 4951 2206 5023 pristinam

559 5040 865 5099 redierunt
893 5040 1225 5110 sanitatem,
1244 5053 1368 5094 non
1391 5038 1685 5095 minorem
1707 5055 1777 5096 ac
1803 5039 1972 5096 illaesi
2016 5041 2207 5098 invul-

559 5129 870 5201 neratique
895 5127 1138 5185 laudem
1163 5127 1281 5200 ipsi
1311 5141 1553 5200 quoque
1582 5130 1905 5196 consecuti,
1957 5130 2036 5187 ob
2083 5147 2208 5187 sum

561 5216 922 5274 inﬁrmitatis
936 5217 1322 5289 agnitionem,
1346 5221 1404 5273 et
1414 5217 1580 5290 quod
1600 5217 1879 5275 velociter
1907 5218 2207 5277 medelam

561 5305 919 5378 quaesierint.

2321 4155 2591 4226 σωτήριον.
2671 4157 2750 4207 Τὰ
2826 4157 3035 4230 Κύπρια
3102 4162 3320 4231 ποίμνια
3380 4162 3601 4230 ποίμνια
3656 4165 3750 4210 τῶν
3810 4161 3889 4211 τῆς

2322 4245 2713 4296 Κωνσταντίνου
2799 4243 3134 4305 ζηλούτωσαν
3222 4249 3542 4322 θρεμμάτων,
3625 4252 3721 4302 καὶ
3802 4243 3885 4315 γάρ

2318 4337 2485 4383 ταῦτα
2509 4338 2622 4393 τοῖς
2661 4339 2882 4407 μακροῖς
2929 4336 3070 4407 ὅροις
3116 4343 3216 4387 τῶν
3273 4339 3526 4409 ποιμένων
3577 4332 3885 4395 διεστηκότα,

2319 4424 2407 4472 καὶ
2431 4420 2605 4482 λύκοις
2637 4418 2824 4484 δεινοῖς
2856 4421 3278 4496 συμϐοσκόμενα,
3306 4429 3395 4477 καὶ
3439 4427 3498 4479 τὸ
3537 4424 3885 4501 τετριχωμένον

2317 4516 2408 4561 τοῦ
2437 4514 2683 4582 πώγωνος
2738 4514 3007 4586 κειρόμένα
3056 4518 3330 4587 κόσμημα,
3361 4519 3452 4567 καὶ
3480 4515 3881 4590 κρεουργοῦμεια.

2318 4596 2741 4652 ἀνεπιϐούλευτον
2791 4601 2886 4660 τήν
2937 4600 3209 4678 σφραγῖδα
3246 4611 3341 4665 τῆς
3392 4609 3619 4666 πίστεως
3671 4599 3882 4674 διεφυλά-

2317 4687 2485 4753 ξαντο,
2534 4694 2623 4741 καὶ
2679 4692 2798 4753 τοὺς
2846 4690 3034 4753 λύκους
3092 4697 3353 4764 χανόντας
3399 4695 3570 4766 μάτην
3603 4689 3882 4762 ἀπήλεγξαν.

2315 4781 2377 4829 Ei
2397 4774 2456 4830 δι
2485 4782 2575 4830 καί
2629 4797 2760 4841 τινες
2791 4777 2844 4842 ἐξ
2873 4780 3040 4833 αὐτῶν
3093 4777 3301 4855 σφόδρα
3353 4781 3516 4854 ὀλίγοι
3568 4782 3745 4857 ψωρας
3771 4777 3882 4832 τινὸς

2314 4869 2592 4939 μετέσχον,
2627 4863 2788 4920 εἶκαὶ
2826 4865 3138 4931 λυσσὼδους
3186 4877 3278 4922 τοῦ
3321 4867 3612 4944 δήγματος,
3658 4868 3774 4923 ἀλλὰ
3810 4885 3883 4918 τα-

2315 4958 2454 5028 χέως
2505 4959 2631 5030 πρὸς
2695 4961 2788 5016 την
2841 4956 2890 5009 ἐν
2947 4955 3160 5012 Γαλαὰδ
3209 4964 3299 5012 καὶ
3360 4963 3481 5023 τούς
3535 4956 3740 5032 ἔντῷδε
3764 4960 3882 5023 τόπῳ

2315 5047 2693 5117 πνευματικοὺς
2737 5045 3023 5122 ἁκέστορας
3075 5048 3216 5120 [Am
3271 5049 3508 5124 ῥητίνην]
3565 5051 3884 5102 ὑπαινίττιται

2317 5135 2458 5206 [Αη.
2501 5135 2901 5207 ύπανίστανται]
2929 5136 3049 5211 παρ’
3103 5144 3171 5187 ῶν
3213 5143 3302 5190 καὶ
3355 5142 3480 5212 πρὸς
3527 5143 3616 5197 την
3666 5137 3884 5210 προτέραν

2317 5222 2599 5281 ἓπανῆλθον
2673 5225 2873 5296 ὑγίειαν
2907 5246 2920 5258 ο
2989 5225 3084 5277 οὐκ
3139 5225 3342 5279 ἔλαττον
3396 5235 3497 5279 τῶν
3545 5226 3770 5285 ἀϐλὴτων
3811 5222 3885 5272 καὶ

2320 5310 2758 5386 ἇτραυματίστων
2807 5317 2895 5366 καὶ
2950 5313 3093 5367 οὗτοι
3159 5313 3502 5382 ἔπαινεθέντες
3557 5313 3650 5371 διὰ
3688 5319 3770 5373 τὴν
3808 5315 3884 5367 τῆς

561 5393 756 5456 οἰκείας
785 5392 1050 5460 ἀσθενείας
1075 5394 1373 5470 ἐπίγνωσιν,
1407 5401 1496 5449 καὶ
1523 5399 1580 5448 τό
1609 5396 1842 5458 ζητῆσαι
1873 5401 2079 5470 ταχέως
2105 5403 2194 5459 τὴν
2227 5403 2393 5462 τισιν.

637 5577 659 5619 ⁸
687 5574 858 5638 Rom.
889 5590 968 5648 vi,
999 5576 1089 5648 17,
1122 5576 1210 5638 18.
1237 5575 1282 5614 ιο
1308 5577 1532 5638 Jerem.
1562 5589 1678 5648 vm,
1707 5578 1799 5634 22.
