4020 6310
118 264 209 319 613

181 384 267 449 ις’.
319 388 424 439 Καὶ
480 387 601 448 τοὺς
667 387 932 460 Κυπρίους
995 389 1274 458 τοιγαροῦν
1334 385 1604 456 ποιμένας,
1666 382 1782 438 εἰΑ

117 474 446 548 συμϐήσεται
508 481 614 536 τοῖς
669 474 845 536 λύκοις
917 474 1391 546 συμπλεκομένους,
1453 479 1543 526 καὶ
1609 483 1708 525 τῶν

112 566 306 617 οἰκείων
377 567 810 638 ύπερμαχοῦντας
877 569 1148 636 ποιμνίων,
1223 569 1313 615 καὶ
1376 571 1470 626 τῆς
1543 563 1709 615 αύτῶν

115 655 485 727 φροντίζοντας
531 660 813 728 σωτηρίας,
863 653 1160 706 ύποκλάσαι
1215 673 1267 706 τι
1312 657 1402 704 καὶ
1458 649 1711 705 ύπενδοῡ-

107 763 190 794 ναι
239 747 452 817 μικρὸν,
496 745 618 817 ὅπερ
671 742 844 813 ἀπείη,
896 742 1292 816 παρακαλοῦμεν
1340 746 1411 814 μὴ
1462 745 1528 802 εὶς
1575 740 1709 793 ἀπό-

103 851 300 903 γνῶσιν
357 833 509 895 εύθύς
567 832 826 906 ἐμπεσεῖν,
870 829 1010 905 μηδὲ
1065 829 1348 884 ἁπελπίσαι
1392 835 1484 888 τήν
1533 849 1710 888 σωτη-

105 926 245 996 ρίαν,
313 919 458 994 μηδὲ
516 921 732 995 ἀνομίαν
799 921 882 974 ἐπὶ
945 926 1036 980 την
1106 920 1321 995 ἀνομίαν
1382 921 1708 995 προσθεῖναι,

102 1017 194 1064 καὶ
233 1017 333 1070 τὴν
393 1012 477 1065 ἐπὶ
534 1016 593 1065 τό
640 1021 821 1085 χεῖρον
865 1010 1252 1064 ἁσπάσσασθαι
1291 1015 1580 1084 προκοπὴν,
1621 1014 1711 1062 καὶ

97 1110 330 1174 μιγῆναι
387 1109 492 1163 τοῖς
550 1103 736 1167 ἔθνεσι,
777 1106 866 1154 καὶ
922 1103 1105 1174 μαθεῖν
1163 1103 1230 1154 τὰ
1296 1103 1422 1174 ἔργα
1477 1100 1646 1152 αύτῶν
1695 1119 1708 1132 ·

99 1189 214 1242 ἀλλ’
274 1191 429 1252 εύθύς
483 1189 762 1244 ἀνανεῦσαι
816 1198 909 1243 τοῦ
959 1196 1258 1262 πτώματος,
1313 1195 1404 1242 καὶ
1458 1192 1585 1262 πρὸς
1621 1193 1708 1241 τόν

101 1280 283 1353 ἰατρόν
312 1277 716 1354 ἐπαναδραμεῖν.
751 1279 898 1334 Ἀλλό
927 1287 1095 1333 ταῦτα
1119 1283 1208 1353 μεν
1238 1280 1420 1341 οὔτως.

174 1387 266 1450 ιζ’.
312 1390 392 1440 Τὰ
428 1392 604 1461 μέντοι
640 1391 789 1463 ἔτερα
837 1384 936 1440 δύο
983 1388 1237 1460 κεφάλαια
1264 1404 1276 1417 ·
1323 1389 1382 1439 τὸ
1439 1390 1511 1459 μὴ
1569 1383 1708 1457 δίχα

100 1472 320 1534 δηλαδὴ
378 1486 473 1537 τῆς
548 1484 646 1528 τῶν
706 1481 942 1530 Λατίνων
991 1473 1239 1536 εἰδήσεως
1293 1483 1355 1548 τῇ
1425 1479 1706 1550 προσφόρῳ

102 1562 441 1638 πνευματικῇ
499 1565 620 1637 ἀξία
674 1561 1047 1624 όποιονδὴτινα
1111 1565 1548 1638 έγκαθίστασθαι,
1617 1570 1706 1617 καὶ

98 1659 158 1708 τό
219 1660 294 1728 μὴ
363 1655 657 1708 κωλύεσθαι
715 1659 836 1719 τοὺς
895 1655 1206 1729 Ῥωμαίους,
1275 1658 1372 1707 εἴτε
1445 1657 1707 1729 ἱερωμένοι

1341 253 1673 316 EPISTOLA
1711 257 1760 314 ΙΙ
1795 258 1910 320 AD.
1932 250 2226 317 CYPRIOS

3358 269 3462 326 614

1889 386 1972 438 16.
2001 387 2207 457 Itaque
2237 385 2324 441 sic
2350 385 2532 442 etiam
2562 386 2891 460 contigerit,
2926 393 2993 446 ut
3017 394 3290 464 pastores
3349 396 3464 466 Cy-

1817 471 1950 543 prii,
1976 488 2116 528 cum
2145 473 2302 546 lupis
2327 475 2653 545 congressi,
2683 481 2740 532 et
2767 493 2876 548 pro
2928 479 3186 536 ovilibus
3213 481 3334 537 suis
3360 497 3468 554 pu-

1819 568 2092 632 gnantes,
2123 579 2452 636 eorumque
2482 563 2688 620 salutis
2735 582 2943 623 curam
2996 575 3286 640 gerentes,
3313 586 3468 627 non-

1817 650 1966 706 nihil
1993 651 2326 721 labascant,
2369 654 2741 727 paulumque
2792 655 3029 724 cedant,
3081 659 3248 730 quod
3287 659 3464 730 absit,

1818 738 2134 796 hortamur
2176 757 2298 809 eos,
2330 757 2405 798 ne
2453 743 2651 798 statim
2682 744 2744 798 in
2800 744 3281 817 desperationem
3327 749 3470 804 inci-

1819 829 1985 899 dant,
2014 846 2164 886 neve
2196 831 2406 887 salutis
2430 847 2604 904 spem
2627 833 2931 904 abjiciant,
2963 851 3158 908 neque
3186 837 3466 910 iniquita-

1819 923 1939 974 tem
1969 919 2268 991 iniquitati
2297 920 2394 992 adj
2407 927 2652 992 ungant,
2685 928 2742 978 et
2771 923 2833 978 in
2884 923 3144 981 deterius
3189 942 3466 998 progres-

1821 1023 1960 1062 sum
2011 1009 2486 1080 apprehendant,
2539 1010 2900 1067 misceantur
2971 1029 3110 1069 cum
3162 1015 3464 1087 gentibus,

1818 1110 2149 1168 earumque
2178 1097 2411 1153 discant
2473 1114 2696 1171 opera;
2731 1099 2838 1156 sed
2879 1102 3189 1158 confestim
3221 1119 3257 1160 a
3283 1103 3465 1176 lapsu

1818 1186 2049 1254 erigant
2078 1200 2228 1253 sese,
2255 1191 2312 1242 et
2341 1186 2420 1242 ad
2450 1187 2754 1244 medicum
2775 1196 3102 1248 recurrant.
3125 1196 3316 1265 Atque
3337 1193 3464 1250 haec

1815 1273 2060 1347 quidem
2097 1274 2176 1330 ad
2205 1274 2366 1331 hunc
2394 1277 2668 1334 modum.

1889 1387 1974 1437 t7.
2009 1384 2298 1438 Caeterum
2328 1383 2493 1456 quod
2532 1390 2760 1458 spectat
2808 1388 2886 1444 ad
2933 1388 3056 1446 duo
3103 1389 3222 1447 alia
3242 1391 3462 1464 capita,

1814 1471 2106 1542 videlicet,
2139 1487 2214 1528 ne
2258 1472 2405 1529 citra
2453 1475 2795 1531 Latinorum
2831 1477 3107 1534 notitiam
3134 1479 3383 1552 quilibet
3401 1481 3462 1536 in

1815 1577 2083 1633 congrua
2113 1562 2224 1618 sibi
2249 1563 2537 1634 dignitate
2569 1565 2822 1638 spiritali
2867 1569 3278 1638 constituatur,
3307 1575 3364 1628 et
3386 1586 3462 1626 ne

1816 1654 2067 1709 Romani
2107 1653 2230 1709 sive
2260 1653 2454 1709 clerici
2485 1654 2608 1711 sive
2632 1655 2767 1712 laici
2797 1657 3228 1728 prohibeantur
3251 1661 3331 1716 ad
3362 1663 3466 1718 La-

99 1746 235 1797 εἰσὶν
293 1749 397 1798 εῖτε
451 1745 643 1811 λαῐκοὶ,
703 1745 1021 1817 έγκλητεύειν
1081 1749 1210 1820 πρὸς
1261 1749 1379 1806 τοὺς
1436 1749 1702 1815 Λατίνους,

1826 1742 1970 1798 tinos
1990 1742 2315 1814 appellare,
2342 1743 2404 1798 in
2429 1745 2917 1801 contentionibus
2945 1747 3463 1805 vehementiorum

98 1833 153 1885 ἐν
219 1842 342 1896 ταῖς
406 1839 524 1909 περὶ
581 1833 888 1908 βιαιοτέρων
964 1837 1288 1908 πραγμάτων
1354 1834 1708 1906 φιλονεικείαις

1826 1831 2217 1900 negotiorum,
2243 1831 2291 1887 si
2314 1834 2654 1904 putaverint
2675 1850 2786 1891 sea
2806 1836 2996 1904 gentis
3019 1837 3466 1908 suaejudicibus

100 1923 376 1995 οἰομένους
430 1925 574 1998 παρὰ
627 1931 725 1976 τῶν
791 1925 1047 1996 ὁμογενῶν
1107 1931 1298 1997 κριτῶν
1353 1919 1656 1975 ἀδικεῖσθαι
1690 1939 1702 1952 ·

1826 1920 2035 1992 injuria
2063 1920 2219 1977 afﬁci
2246 1937 2260 1988 ;
2293 1937 2367 1976 ea
2391 1926 2609 1977 nostrae
2640 1922 3032 1980 mediocritati
3071 1925 3344 1983 videntur
3371 1927 3465 1983 in-

1815 2007 2169 2075 differentia,
2203 2013 2526 2083 aperteque
2557 2013 2636 2067 ob
2668 2011 2859 2069 solam
2912 2015 3102 2086 turpis
3129 2014 3276 2070 lucri
3305 2031 3466 2072 com-

1814 2099 2189 2170 parationem
2219 2115 2254 2156 a
2283 2099 2499 2156 Latinis
2537 2101 2845 2174 requisita.
2876 2105 3005 2158 Non
3050 2119 3270 2177 parvus
3299 2105 3460 2161 enim

1812 2186 1926 2243 illis
1965 2188 2106 2244 inde
2157 2193 2426 2261 quastus
2465 2190 2796 2246 exhibetur.
2855 2193 3047 2264 Atque
3084 2193 3464 2251 mediocritas

1814 2281 2019 2333 nostra
2045 2277 2162 2334 hoc
2189 2279 2544 2352 Cypriorum
2591 2280 2936 2352 pastoribus
2990 2282 3310 2340 consilium
3335 2283 3457 2348 dat,

1813 2372 1879 2423 ut
1905 2367 1967 2422 in
1997 2367 2464 2442 quibuscunque
2496 2369 2682 2426 Latini
2711 2371 3048 2442 pervicaces
3087 2373 3464 2429 contentiosi-

1812 2472 1932 2529 que
1943 2457 2343 2529 apparebunt,
2363 2457 2681 2531 cupiditate
2694 2464 2954 2532 capturas
2966 2475 3036 2518 ac
3052 2461 3460 2532 emolumenti,

1813 2547 1874 2603 in
1912 2547 1982 2602 iis
2021 2546 2259 2617 cedant,
2321 2563 2429 2604 nec
2490 2548 2637 2620 ipsis
2683 2549 3083 2607 obluctentur.
3118 2553 3216 2606 Est
3243 2551 3468 2624 quippe

1812 2651 1908 2692 res
1967 2635 2146 2692 laude
2207 2635 2411 2706 digna,
2470 2636 2767 2709 corporali
2830 2637 3188 2695 detrimento
3232 2639 3469 2695 lucrum

1815 2722 2032 2780 animae
2085 2739 2439 2796 comparare
2487 2741 2499 2789 ;
2548 2725 3072 2797 quemadmodum
3123 2743 3261 2784 cum
3312 2726 3468 2783 areis

1816 2827 2210 2885 compensare
2220 2827 2424 2870 aurea.
2449 2813 2715 2870 Forsitan
2732 2815 2894 2871 enim
2911 2820 3237 2902 postquam
3250 2831 3470 2873 manus

95 2908 281 2978 μάτων
349 2908 444 2968 τὰς
507 2914 718 2981 χεῖρας,
797 2905 1122 2960 ἀπολύσουσι
1188 2911 1405 2971 τούτους
1464 2916 1556 2961 τοῦ
1613 2918 1703 2969 τῆς

1826 2901 2085 2974 pecuniis
2095 2901 2470 2973 repleverint,
2483 2918 2587 2958 eos
2601 2901 2915 2959 absolvent
2932 2918 2968 2959 a
2979 2901 3164 2976 petita
3175 2919 3470 2961 manuum

97 2991 450 3069 χειροδοσίας
541 3001 895 3069 ζητήματος·
979 2996 1225 3050 κάκείνων
1316 2999 1705 3050 κατασπασθει-

1826 2990 2164 3056 traditione;
2182 2989 2542 3064 illorumque
2554 2989 2838 3048 manibus
2855 2992 3120 3063 pondere
3145 2993 3466 3065 depressis,

105 3095 211 3138 σῶν
267 3087 411 3138 κάτω
465 3094 536 3157 τῷ
597 3085 773 3160 βάρει,
827 3086 1033 3149 ἑξέσθαι
1090 3090 1269 3150 αὐτοῖς
1319 3090 1470 3151 ὁσίας
1521 3095 1707 3163 χεῖρας

1826 3079 1980 3135 hisce
2031 3078 2230 3135 licebit
2259 3083 2496 3136 sanctas
2526 3095 2745 3136 manus
2784 3079 3016 3136 elevare
3057 3080 3135 3136 ad
3181 3083 3388 3151 Deum,
3412 3088 3470 3139 et

1820 3169 2051 3241 absque
2109 3167 2229 3226 ullo
2267 3174 2401 3226 astu
2443 3173 2501 3226 et
2556 3168 2906 3241 praajudicio
2945 3185 3118 3227 sacra
3169 3169 3468 3228 celebrare

1819 3257 2124 3331 mysteria.

100 2009 378 2085 ἀδιάφορα
427 2009 575 2065 δοκεῖ
618 2021 681 2085 τῇ
744 2015 890 2086 ἡμῶν
942 2017 1266 2088 μετριότητι,
1318 2017 1409 2065 καὶ
1465 2010 1561 2065 διὰ
1611 2017 1704 2086 μό-

97 2122 192 2160 νην
245 2109 477 2175 φανερῶς
531 2100 974 2176 αἰσχροκέρδειαν
1038 2111 1150 2164 τοῖς
1214 2105 1452 2163 Λατίνοις
1515 2103 1705 2163 ζητού-

99 2210 250 2263 μενα.
307 2191 386 2244 Ού
431 2195 619 2267 μικρὸς
667 2193 769 2267 γὰρ
829 2191 1053 2246 έντεῦθεν
1105 2192 1285 2254 αὐτοῖς
1345 2193 1372 2244 ό
1432 2211 1701 2267 χρηματιο

101 2285 233 2354 σμὸς
283 2279 633 2352 ἀναφαίνεται,
695 2286 797 2334 Καὶ
849 2283 876 2340 ἡ
937 2283 1084 2355 ἡμῶν
1132 2287 1406 2355 μετριότης
1465 2281 1704 2354 συμϐου-

93 2370 230 2423 λεύει
274 2377 384 2430 τοῖς
433 2378 532 2422 τῶν
584 2375 827 2444 Κυπρίων
873 2375 1137 2443 ποιμέσιν,
1177 2371 1227 2424 έν
1283 2371 1424 2432 ὅσοις
1471 2370 1703 2424 ἐνστατι-

96 2463 184 2511 κοί
214 2479 351 2520 τινες
398 2463 488 2512 καὶ
537 2459 813 2532 φιλόνεικοι
857 2465 1126 2532 φαίνονταί
1177 2463 1226 2512 οἱ
1273 2467 1485 2513 Λατῖνοι
1537 2459 1704 2532 ἐφέσει

93 2548 510 2621 λημματισμῶν,
571 2545 839 2602 ενδιδόναι
889 2553 1116 2617 τούτοις,
1180 2555 1270 2603 καὶ
1330 2555 1400 2622 μὴ
1461 2549 1702 2602 ἀνθίσταο

96 2641 246 2690 σθαι.
309 2639 603 2692 Ἐπαινετόν
667 2641 768 2713 γὰρ
835 2648 1141 2712 σωματικῆς
1207 2640 1403 2712 ζημίας
1467 2640 1703 2712 ψυχικὸν

93 2725 447 2780 ἀλλάττεσθαι
502 2723 686 2800 κέρδος
711 2745 726 2758 ·
789 2729 1023 2802 καθάπερ
1072 2735 1161 2782 καὶ
1203 2733 1261 2781 τό
1305 2729 1540 2800 χαλκέων
1582 2729 1703 2782 αντ-

94 2817 414 2889 αμείϐεσθαι
471 2820 700 2890 χρύσεα.
747 2817 899 2879 Ἴσως
950 2821 1069 2892 γὰρ,
1129 2819 1503 2894 πλωρωσαντες
1567 2839 1707 2893 χρη-

102 3173 338 3250 έπαίρειν
374 3178 506 3248 πρός
553 3180 638 3228 τόν
696 3179 844 3242 Θεὸν,
892 3181 981 3228 καὶ
1020 3173 1160 3249 δίχα
1207 3174 1529 3250 σκινδαλμοῦ
1578 3195 1710 3238 τινος

101 3270 190 3317 καὶ
272 3269 651 3338 προκρίματος,
729 3267 796 3318 τὰ
876 3272 972 3327 τῆς
1053 3267 1414 3341 ἱεροτελεστίας
1481 3266 1713 3324 ἀποπλη-

98 3373 248 3429 ρουν.

183 3461 490 3520 ιη’.“Ταῦτα
505 3461 927 3536 παρεκϐληθίντα
964 3463 1065 3518 ἀπὸ
1096 3475 1194 3518 τῶν
1221 3467 1522 3543 ἡμερησίων
1555 3471 1712 3520 συνόά

108 3549 214 3604 ϐων
251 3552 392 3624 [Αη.
440 3549 750 3626 συνοδικῶν]
778 3563 1280 3630 παρασημειῶσεων,
1314 3563 1404 3610 καὶ
1443 3565 1504 3616 τῆ
1535 3565 1709 3631 γραφῇ

109 3640 176 3716 [ί.
208 3644 518 3719 ὑπογραφῇ]
543 3650 632 3696 καὶ
674 3642 933 3718 σφραγῖδι
969 3655 1062 3699 τοῦ
1087 3649 1404 3720 τιμιωτάτου
1434 3651 1714 3723 χαρτοφύ-

107 3731 263 3792 λακος
296 3741 395 3794 τῆς
415 3732 709 3804 ἁγιωτάτης
725 3741 816 3786 τοῦ
833 3741 968 3787 Θεου
992 3735 1190 3808 μεγάλη
1203 3757 1224 3797 ς
1255 3736 1564 3799 Ἐκκλησίας
1587 3744 1714 3791 Θεο-

112 3818 291 3896 δώρου
321 3830 416 3874 τοῦ
447 3822 630 3882 Στιλϐῆ
668 3822 1038 3896 βεϐαιωθέντα,
1072 3823 1294 3884 ἐπεδόθη
1327 3832 1452 3900 μηνὶ
1481 3832 1571 3879 καὶ
1597 3825 1714 3879 ἐπι-

106 3917 330 3984 νεμησει
357 3919 455 3974 τῆς
479 3917 940 3987 προγεγραμμένης
1073 3921 1183 3977 τοῖς
1219 3915 1712 3990 προγεγραμμένοις]

108 4003 258 4061 ἔτους
289 3999 448 4071 ςπξολα⁹
473 4000 720 4072 [Christi
754 4003 929 4074 1223].

218 4131 327 4179 Τοῦ
357 4125 519 4178 αὐτοῦ
553 4125 844 4197 ἁγιωτάτου
874 4135 1036 4201 κυροῡ
1068 4135 1328 4202 Γερμανοῦ
1359 4129 1606 4188 ἐπιστολὴ

498 4211 717 4288 δευτέρα
743 4221 873 4289 πρὸς
901 4222 1024 4279 τοὺς
1053 4223 1332 4294 Κυπρίους.

183 4343 260 4395 α’.
321 4337 546 4414 Ἀνδρες
592 4341 1061 4418 φιλοχριστότατοι
1099 4351 1190 4399 καὶ
1235 4345 1569 4418 φιλευσεϐεῖς,
1601 4352 1716 4401 ὅσοι

1898 3462 1980 3518 18.
2014 3462 2131 3517 Ista.
2157 3457 2482 3534 desumpta
2505 3476 2537 3517 e
2565 3458 2796 3517 diurnis
2814 3461 3189 3534 synodorum
3218 3461 3469 3520 adnota—

1820 3549 2104 3617 tionibus,
2129 3554 2185 3606 et
2211 3565 2319 3623 per
2343 3550 2850 3623 subscriptionem
2897 3551 3282 3625 siginuanue
3305 3567 3470 3609 reve-

1820 3638 2164 3695 rendissimi
2194 3639 2587 3696 sanctissimas
2620 3639 2720 3696 Dei
2740 3655 2978 3711 magnae
3009 3640 3277 3697 Ecclesiae
3303 3641 3471 3697 charo

1822 3728 2158 3801 topliylacis
2209 3728 2501 3786 Theodori
2551 3728 2731 3786 Stilbe
2760 3730 3136 3799 conﬁrmata,
3166 3729 3307 3786 data
3331 3734 3474 3787 sunt

1822 3833 2029 3874 mense
2059 3822 2116 3874 et
2139 3817 2460 3874 indictione
2493 3833 2678 3891 supra
2701 3819 2956 3890 scriptis,
2984 3833 3146 3876 anno
3166 3819 3325 3874 6731.

1822 4128 2108 4202 Ejusdem
2137 4130 2498 4187 sanctissimi
2521 4127 2750 4186 domini
2778 4129 3066 4188 Germani
3100 4126 3353 4200 epistola
3390 4142 3472 4188 se-

2321 4219 2522 4277 cunda
2549 4219 2631 4276 ad
2657 4219 2938 4291 Cyprios.

1897 4347 1947 4401 1.
1981 4344 2467 4402 Christianissimi
2492 4343 2602 4401 viri
2626 4349 2684 4401 et
2712 4345 2947 4418 pietatis
2973 4348 3266 4413 amantes,
3299 4347 3472 4419 quot-

109 4438 206 4492 τὴν
261 4441 583 4507 περιώνυμον
634 4441 791 4492 νῆσον
849 4439 940 4492 τὴν
1001 4438 1206 4512 Κύπρον
1268 4435 1480 4509 έλάχετε
1536 4457 1711 4491 κατοι-

1826 4439 1973 4508 quot
2019 4437 2283 4508 Cyprum
2326 4434 2732 4508 percelebrem
2801 4434 3062 4492 insulam
3106 4435 3474 4505 inhabitatis,

109 4531 245 4581 κεῖν,
318 4521 564 4595 Ῥωμαῖοί
624 4541 678 4574 τε
742 4527 832 4575 καὶ
904 4525 1078 4597 Σύροι,
1154 4527 1339 4587 πάντες
1414 4523 1718 4602 όρθοδοξίας

111 4611 362 4687 ἐρασταὶ,
444 4611 662 4683 φύλακες
747 4610 978 4686 ἀκριϐεῖς
1066 4621 1162 4676 τῆς
1243 4613 1716 4689 πατροπαραδότου

111 4704 268 4772 ἡμῶν
313 4705 560 4771 πίστεως,
598 4699 672 4773 ἐφ’
714 4701 776 4763 ἧς
820 4703 845 4753 ό
896 4699 1291 4776 παντοδύναμος
1335 4703 1579 4779 βραχίων
1626 4714 1718 4759 τοῦ

113 4797 255 4844 Θεοῦ
303 4794 394 4842 καὶ
443 4793 647 4863 Πατρός
694 4791 720 4842 ό
772 4796 1001 4866 Χριστός
1050 4797 1140 4850 τὴν
1198 4793 1507 4853 Ἐκκλησίαν
1561 4796 1718 4849 αύτού

114 4875 455 4951 ᾠκοδόμησε,
525 4884 615 4932 καὶ
657 4878 816 4932 πύλαι
862 4877 997 4951 ᾅδου
1046 4881 1103 4933 οὗ
1147 4886 1574 4956 κατισχύσουσιν
1623 4885 1718 4938 αύ-

112 4978 210 5030 τῆς
237 4990 251 5001 ·
313 4969 432 5021 ὅσον
479 4972 581 5043 γὰρ
624 4966 684 5020 ἂν
716 4970 846 5028 αὑτὴ
888 4969 1200 5042 πολεμῆται,
1250 4981 1497 5026 τοσοῦτον
1528 4973 1718 5047 μᾶλλον

113 5060 447 5132 κρατύνεται,
513 5056 997 5132 ἐγκαλλωπιζομένη
1065 5067 1126 5132 τῇ
1193 5069 1284 5113 τοῦ
1349 5070 1582 5135 Χριστου
1638 5066 1718 5116 ἐκ·

113 5152 364 5220 μιμήσει.
407 5147 577 5199 Λᾶτοῦ
620 5149 722 5220 γάρ
787 5167 950 5218 εστιν,
981 5146 1372 5220 ἀψευδέστατός
1422 5151 1573 5224 λόγος
1631 5153 1717 5204 ού·-

113 5243 250 5289 τωσὶ
306 5239 538 5309 φάσκων.
586 5243 650 5290 Εἰ
703 5235 789 5310 ἐμὲ
845 5234 1086 5308 ἐδίωξαν,
1154 5245 1243 5292 καὶ
1299 5241 1429 5314 ύμᾶς
1497 5238 1718 5304 διώξου-

118 5346 201 5380 σιν
231 5343 246 5356 ·
310 5325 353 5378 εἰ
403 5329 492 5378 τόν
548 5325 699 5399 λόγον
765 5345 866 5400 μου
923 5329 1209 5403 ἐτήρησαν,
1277 5335 1366 5382 καὶ
1432 5333 1520 5383 τόν
1587 5334 1715 5405 ὑμέ-

189 5545 238 5579 ¹¹
279 5543 484 5603 Matth.
511 5557 633 5616 va,
654 5545 744 5604 18.
825 5545 871 5584 ¹²
899 5546 1068 5616 Joan,
1100 5558 1199 5622 xv,
1230 5549 1322 5604 20.

1827 4524 2079 4580 Romani
2109 4529 2167 4579 et
2193 4523 2345 4596 Syri,
2376 4523 2574 4580 cuncti
2621 4523 3344 4595 orthodoxiaeamatores,
3376 4539 3474 4582 ac-

1827 4614 2015 4670 curati
2040 4613 2181 4670 fidei
2207 4613 2382 4670 nobis
2409 4630 2445 4670 a
2464 4613 2735 4670 Patribus
2762 4614 2991 4671 traditae
3047 4615 3349 4686 custodes,
3375 4631 3474 4671 su-

1826 4718 1933 4776 per
1995 4718 2183 4776 quam
2257 4703 2640 4776 omnipotens
2684 4703 2783 4759 Dei
2825 4709 2883 4759 et
2926 4704 3114 4760 Patris
3157 4703 3475 4760 brachium

1828 4793 2110 4864 Christus,
2138 4792 2456 4848 Ecclesiam
2483 4808 2657 4848 suam
2717 4791 3052 4862 aediﬁcavit,
3086 4797 3142 4848 et
3171 4799 3354 4864 portae
3385 4792 3474 4848 in-

1827 4881 1932 4936 feri
1945 4896 2069 4937 non
2081 4881 2493 4953 praevalebunt
2512 4881 2799 4938 adversus
2830 4897 2966 4936 eam
2989 4883 3050 4936 ¹¹.
3068 4882 3302 4946 Quanto
3315 4881 3475 4945 enim

1829 4969 2024 5041 magis
2043 4969 2175 5042 ipsa
2194 4974 2548 5042 oppugnata
2562 4969 2759 5040 fuerit,
2781 4985 2853 5026 eo
2872 4968 3008 5041 plus
3030 4968 3472 5036 corroboratur,

1827 5075 1934 5132 per
1956 5057 2165 5115 Christi
2188 5059 2580 5115 imitationem
2605 5074 2735 5115 sese
2752 5055 3228 5130 eﬁ‘erenstlpsius
3251 5057 3475 5129 quippe

1827 5149 2178 5205 verissimus
2204 5153 2292 5206 est
2321 5165 2538 5216 sermo,
2568 5164 2690 5222 quo
2716 5148 2798 5204 ita
2818 5147 2899 5202 ait
2926 5163 2939 5200 :
2971 5147 3042 5201 Si
3067 5160 3157 5202 me
3179 5149 3476 5216 persecuti

1827 5244 1990 5308 sunt,
2013 5246 2065 5295 et
2087 5253 2188 5295 vos
2208 5243 2684 5310 persequentur;
2705 5239 2761 5292 si
2785 5249 3113 5291 sermonem
3136 5250 3332 5292 meum
3358 5251 3477 5292 ser-

1827 5335 2155 5400 vaverunt;
2187 5334 2242 5386 et
2274 5334 2526 5386 vestrum
2557 5326 2880 5383 servabunt
2915 5326 2978 5376 ¹².
3009 5324 3213 5402 Igitur,
3242 5325 3476 5406 fratres,
