4020 6310
555 238 658 291 615

1687 226 2001 285 GERMANI
2039 224 2087 284 Π
2127 227 2234 286 CP.
2274 226 2771 298 PATRIARCHE.
3801 257 3892 312 616

556 359 821 418 Gaudete
847 357 911 414 in
951 357 1200 413 Domino
1246 369 1509 424 semper;
1536 358 1592 409 et
1633 354 1846 410 iterum
1875 354 2029 423 dico,
2058 368 2193 426 gau-

2313 375 2454 430 τερον
2507 373 2838 442 τηρήσουσι·
2896 378 3114 450 χαίρετε
3165 374 3254 430 οὐν
3306 377 3354 431 ἐν
3417 385 3612 455 Κυρίῳ,
3664 376 3890 453 ἀδελφοὶ-

552 450 684 507 dete
716 446 782 502 ¹³.
815 446 918 502 Dei
953 446 1133 502 frater
1155 441 1414 500 Jacobus
1443 459 1580 498 cum
1613 443 1796 498 Paulo
1828 443 1960 498 caeli
1989 458 2198 499 ascen-

553 555 688 596 sore
741 537 1089 594 charitatem
1134 539 1394 589 vestram
1451 533 1530 590 ad
1577 532 1914 604 spirituales
1973 548 2200 603 agones

551 631 888 701 perungant
922 629 1102 696 atque
1139 623 1404 679 incitent.
1439 622 1702 679 Jacobus
1757 622 2008 695 quidem
2059 639 2199 679 cum

552 717 728 773 dicit:
755 716 939 771 Omne
951 713 1241 785 gaudium
1268 715 1622 778 existimate,
1643 713 1872 782 fratres
1897 714 2032 782 mei,
2065 729 2199 769 cum

550 808 614 862 in
644 806 1040 862 tentationnes
1064 803 1267 858 varias
1287 802 1615 859 incideritis
1648 803 1716 858 ιλ.
1740 802 1841 858 Hic
1862 817 2024 868 vero,
2051 802 2200 858 dum

548 893 801 950 libenter
829 892 1116 965 gloriatur
1136 890 1196 946 in
1217 890 1668 971 inﬁrmitatibus
1719 890 1863 960 suis,
1889 896 1950 948 et
1995 890 2105 948 sibi
2138 890 2200 946 in

550 980 1034 1040 tribulationibus
1062 979 1394 1053 complacet
1426 982 1494 1037 '5.

619 1165 676 1217 2.
706 1162 831 1230 Ego
855 1161 1010 1216 certe
1039 1156 1328 1213 minimus
1352 1161 1410 1212 et
1433 1155 1656 1212 inutilis
1681 1156 1834 1212 inter
1859 1155 2198 1229 pontiﬁces,

547 1251 795 1308 beatum
816 1263 913 1304 me
938 1247 1148 1304 censui
1176 1247 1236 1302 in
1267 1245 1737 1313 inﬁrmitatibus,
1770 1246 1932 1317 quod
1984 1246 2064 1303 ad
2091 1262 2201 1318 po-

549 1339 762 1412 pulum
781 1335 1338 1394 obedientissimum
1389 1338 1446 1390 et
1483 1334 1562 1390 ad
1613 1349 1790 1391 aures
1826 1334 2201 1392 audientium

548 1428 785 1486 locutus
820 1425 1056 1482 fuerim.
1096 1427 1296 1496 Neque
1327 1423 1489 1480 enim
1519 1423 1730 1480 cecidit
1757 1439 1939 1497 super
1966 1429 2200 1497 petram

552 1533 759 1576 semen
778 1515 948 1574 verbi
973 1514 1164 1570 nostri
1199 1514 1261 1580 ιθ,
1289 1528 1485 1586 neque
1515 1513 1576 1569 in
1603 1513 1777 1585 aquis
1830 1512 2196 1585 scripsimus,

550 1623 748 1681 neque
772 1605 1062 1663 doctrinae
1079 1604 1226 1660 retia
1253 1602 1476 1660 frustra
1498 1602 1838 1659 laxavimus
1861 1605 1939 1672 ιτς
1975 1605 2080 1660 sed
2110 1618 2200 1659 se-

2309 453 2546 542 πάντοτε,
2615 463 2704 512 καὶ
2762 460 2915 513 πάλιν
2967 462 3066 538 ἐρῶ
3108 473 3341 542 χαίρετε.
3414 453 3657 532 Ἰάκωϐος
3729 471 3753 521 ὁ
3815 472 3884 522 θε-

2311 536 2530 612 ἀδελφος
2597 550 2690 598 σὺν
2756 549 2942 622 Παύλῷ
2992 536 3521 631 -τῷῃούρανοϐάμονι
3595 562 3721 632 πρὸς
3783 562 3886 618 τοὺς

2307 640 2687 702 πνευματικῶς
2747 637 2950 710 ἀγῶνας
3009 647 3104 702 τὴν
3163 645 3306 718 ὑμῶν
3368 645 3579 719 ἀγάπην
3644 647 3887 719 ἐπαλειγέ-

2306 735 2477 772 τωσαν
2512 739 2524 753 ”
2583 725 2609 775 ὁ
2805 725 2872 788 δὴ
2928 729 3186 801 Ἰάκωϐος,
3235 739 3417 787 Πᾶσαν
3464 738 3644 809 χαρὰν
3701 739 3886 807 ἡγήσαιο

2312 809 2422 876 σθε,
2489 809 2664 884 λέγων,
2734 813 2947 891 ἀδελφοί
3010 841 3132 894 μου,
3200 825 3321 876 ὅταν
3381 830 3699 899 πειρασμοῖς
3756 843 3885 898 περι·

2308 901 2498 956 πέσητε
2552 904 2811 969 ποικίλοις
2869 929 2882 942 ·
2948 911 2974 962 ό
3041 908 3120 978 δὲ,
3191 909 3395 972 ἣδιστα
3455 920 3795 987 καυχώμενος
3846 913 3885 966 ἓν

2308 994 2420 1048 ταῖς
2467 987 2748 1056 ἀσθενείαις
2815 996 2996 1069 αὐτου,
3045 1005 3134 1055 καὶ
3184 999 3475 1056 ἐπευδοκῶν
3529 1001 3580 1056 ἐν
3609 1002 3750 1066 ταῖς
3799 1003 3887 1056 θλί-

2308 1075 2480 1145 ψεσιν,

2379 1164 2450 1238 β’.
2491 1167 2622 1241 Ἐγώ
2658 1173 2748 1244 μὲν
2803 1176 2828 1227 ὁ
2881 1175 3162 1250 ἐλάχιστος
3214 1184 3305 1232 καὶ
3361 1181 3576 1253 ἀχρεῖος
3624 1179 3672 1232 έν
3721 1178 3885 1252 ἀρχιε-

2307 1263 2458 1328 ρεῦσι
2504 1264 2760 1336 μακάριον
2805 1264 3025 1338 ἐμαυτὸν
3077 1267 3125 1322 ἐν
3179 1290 3295 1333 ταις
3355 1269 3646 1333 ἀσθενείαις
3682 1275 3884 1343 ἥγημαι,

2309 1346 2388 1398 ὅτι
2443 1351 2570 1421 πρὸς
2616 1351 2735 1404 λαὸν
2780 1354 3191 1426 εὐπειθέστατον,
3253 1365 3342 1413 καὶ
3393 1364 3524 1434 πρὸς
3577 1362 3688 1412 ὦτα
3749 1359 3885 1412 ἀκου-

2308 1439 2464 1525 όντων
2516 1437 2790 1501 λελάληκα.
2843 1445 2918 1497 Οὐ
2973 1448 3074 1522 γὰρ
3123 1448 3198 1510 εἰς
3243 1453 3432 1524 πέτραν
3486 1452 3511 1502 ὁ
3571 1469 3762 1525 σπόρος
3807 1457 3886 1501 τοῦ

2306 1523 2462 1614 λόγου
2518 1531 2660 1602 ὑμῶν
2713 1534 2909 1605 ἔπεσεν,
2965 1533 3088 1589 οὐδὲ
3141 1537 3258 1592 καθ’
3317 1523 3529 1591 ὐδάτων
3587 1523 3882 1614 ἐγράψαμεν,

2309 1611 2434 1668 οὐδὲ
2473 1619 2541 1670 τὰ
2582 1616 2776 1675 δίκτυα
2816 1632 2912 1686 τῆς
2951 1620 3309 1690 διδασκαλίας
3347 1624 3596 1691 διακενῆς
3636 1611 3884 1700 έχαλάσα-

550 1696 920 1754 minavimus
951 1693 1149 1767 potius
1175 1693 1236 1748 in
1264 1697 1420 1749 terra
1443 1692 1608 1750 bona
1647 1696 1705 1748 et
1750 1691 1930 1764 spicis
1981 1692 2193 1764 ferace,

2309 1723 2398 1776 μεν
2431 1722 2445 1737 ·
2502 1706 2608 1760 ἀλλ’
2665 1709 2971 1786 ἐσπείραμεν
3027 1715 3215 1787 μᾶλλον
3266 1717 3337 1779 εἰς
3393 1721 3488 1777 τὴν
3547 1691 3750 1790 ἀγαδῖὸν
3800 1725 3883 1788 75”

551 1785 901 1859 scripsimus
917 1788 1118 1841 autem
1133 1783 1193 1839 in
1212 1781 1498 1840 cordibus
1529 1782 1894 1839 ‘illuminatis
1919 1798 1989 1839 ac
2010 1782 2195 1855 puris,

549 1881 715 1934 mota
741 1877 951 1945 lingua
979 1878 1186 1930 nostra
1227 1873 1418 1929 instar
1446 1871 1664 1930 calami
1702 1872 1912 1929 scriba:
1941 1872 2100 1929 illius
2121 1872 2197 1928 de

548 1981 672 2038 quo
695 1966 756 2022 in
786 1963 1034 2021 Psalmis
1067 1963 1146 2028 ‘3;
1187 1977 1450 2034 cumque
1473 1961 1536 2018 in
1560 1961 1746 2019 verbo
1768 1961 1986 2018 Christi
2006 1961 2196 2018 demi-

549 2055 834 2112 sissemus
871 2058 1012 2124 rete,
1062 2051 1333 2124 cepimus
1359 2066 1468 2107 vos
1498 2050 1572 2106 ad
1599 2051 2005 2108 obedientiam
2031 2049 2194 2122 ﬁdei,

547 2148 605 2200 et
628 2144 858 2202 Christo
877 2141 1208 2199 obtulimus
1229 2139 1556 2212 Opsonium
1577 2139 1801 2196 caelesti
1829 2141 1960 2211 ejus
1983 2154 2196 2197 mensa

547 2232 819 2304 dignum.
856 2230 1020 2286 Unde
1051 2235 1108 2286 et
1125 2229 1326 2286 laetitia
1355 2227 1550 2286 affecti
1579 2228 1659 2285 ob
1698 2229 1959 2300 primam
1985 2233 2194 2302 captu-

547 2337 699 2387 ram,
730 2322 1018 2392 ipsosque
1047 2334 1160 2376 nos
1192 2317 1405 2375 beatos
1433 2317 1546 2374 rati
1593 2317 1760 2390 quod
1813 2318 2194 2390 propositum

547 2407 950 2476 successisset,
990 2422 1198 2463 rursus
1246 2406 1309 2462 in
1361 2405 1582 2461 Christi
1628 2405 1872 2462 nomine
1919 2405 2193 2478 linguam

544 2496 708 2555 velut
729 2495 1088 2554 verriculum
1118 2494 1200 2552 ad
1227 2493 1566 2552 doctrinam
1594 2493 1986 2554 demittimus.

618 2700 669 2754 3.
701 2698 1097 2768 Nequaquam
1124 2709 1236 2750 vos
1256 2692 1418 2764 latet,
1440 2691 1718 2750 homines
1746 2693 2075 2751 litterarum
2107 2693 2192 2751 di-

547 2785 1056 2859 sciplinarumque
1079 2783 1576 2855 studiosissimos,
1601 2783 1766 2857 quod
1789 2784 1894 2857 qui
1919 2800 1956 2841 a
1978 2784 2192 2856 princi-

544 2875 645 2949 pio
665 2874 1017 2932 exstiterunt
1043 2873 1252 2930 Deiferi
1290 2877 1346 2929 et
1396 2872 1584 2929 divini
1639 2888 1948 2946 praecones
1991 2875 2191 2930 Patres

542 2964 750 3035 nostri,
785 2963 1001 3038 Spiritu
1023 2963 1228 3019 divino
1251 2961 1420 3029 moti,
1451 2966 1508 3019 et
1531 2962 1861 3036 apostolica
1903 2963 2192 3035 dogmata

2305 1801 2396 1850 καὶ
2468 1801 2754 1872 εὐσταχυν,
2831 1801 3121 1876 ἐγράμαπεν
3209 1802 3270 1859 δε
3357 1806 3430 1869 εἰς
3503 1810 3878 1881 περωτισμένας

2305 1882 2530 1959 καρδίας
2584 1894 2673 1942 καὶ
2745 1894 2994 1966 καθαρὰς,
3053 1897 3122 1957 ὡς
3187 1895 3416 1968 κάλαμον
3478 1904 3575 1950 τοῦ
3642 1896 3884 1970 ψαλμικοῦ

2302 1982 2645 2049 γραμματέως
2699 1984 2792 2038 τὴν
2842 1982 3076 2053 γλῶτταν
3127 1990 3428 2048 κινήσαντες
3460 2007 3476 2021 ο
3537 1991 3630 2040 καὶ
3686 1988 3766 2040 ἐπὶ
3821 1993 3882 2056 τῷ

2301 2066 2500 2138 ῥήματι
2547 2076 2638 2121 τοῦ
2691 2077 2928 2143 Χριστοῦ
2965 2076 3204 2138 καθέντες
3249 2079 3308 2128 τὸ
3357 2073 3596 2148 δίκτυον,
3651 2077 3884 2149 ἠγρεύσα-

2303 2173 2391 2227 μεν
2445 2156 2580 2228 ὑμᾶς
2629 2163 2756 2233 πρὸς
2803 2160 3036 2222 ὐπακοην
3093 2169 3344 2233 πίστεως,
3396 2170 3487 2218 καὶ
3546 2165 3765 2238 ὀψώνιον
3810 2172 3876 2234 τῷ

2304 2252 2520 2317 Χριστῷ
2571 2253 2976 2324 προσηγάγομεν
3032 2252 3176 2316 ἄξιον
3235 2263 3327 2316 τῆς
3395 2254 3644 2328 οὐρανίου
3713 2256 3876 2328 τραπέ-

2305 2333 2400 2397 ζης
2431 2335 2614 2388 αὐτοῦ.
2646 2337 2823 2392 Ἔνθεν
2857 2359 2936 2393 τοι
2980 2346 3070 2394 καὶ
3097 2341 3456 2415 εὐφρανθέντες
3495 2343 3584 2396 ἔπι
3622 2351 3684 2416 τῇ
3715 2346 3874 2417 πρώτῃ

2302 2423 2460 2499 ἄγρᾳ,
2511 2431 2601 2479 καὶ
2645 2435 2740 2490 τῆς
2794 2428 3074 2503 εὐστοχίας
3125 2431 3340 2494 ἑαυτοὺς
3393 2437 3798 2507 μακαρίσαντες,
3841 2429 3880 2481 ἐν

2299 2522 2370 2585 τῷ
2409 2516 2624 2589 ὀνόματι
2676 2525 2769 2570 τοῦ
2810 2526 3056 2592 Χρισποῦ
3099 2521 3252 2574 πάλιν
3297 2525 3390 2580 τὴν
3434 2521 3674 2594 γλῶτταν
3721 2524 3874 2593 ὥσπερ

2303 2601 2696 2680 ἀμφίϐληστρον
2725 2605 2811 2660 ἐπὶ
2835 2616 2932 2670 τῆς
2963 2605 3315 2674 διδασκαλίας
3337 2612 3736 2685 καταχαλῶμεν.

2371 2717 2439 2782 γ’.
2489 2712 2598 2765 Οὐκ
2639 2712 2866 2785 ἀγνοεῖτε
2903 2717 3122 2783 πάντως,
3167 2715 3581 2791 φιλώλογοτατοι
3648 2719 3882 2791 ἅνθρωποι

2301 2804 2391 2852 καὶ
2457 2801 2919 2874 φιλομαθέστατοι,
2982 2807 3051 2866 ὡς
3119 2807 3167 2858 οἱ
3232 2805 3470 2860 ἀνέκαθεν
3531 2810 3762 2881 θεοφοροι
3806 2809 3880 2857 καὶ

2306 2891 2615 2964 θεοκὴρυκες
2676 2897 2898 2967 Πατέρες
2971 2895 3139 2966 ἡμῶν,
3203 2897 3320 2968 θείῳ
3387 2900 3675 2972 κινούρενοι
3746 2897 3881 2949 Ilth-

2300 2999 2429 3050 ματι
2467 2985 2556 3032 καὶ
2595 2982 2968 3045 ἁποοτολικαῖς
3011 2979 3388 3047 διδασκαλίαις
3438 2985 3705 3059 ἑπόμενοιῖ
3734 2987 3878 3038 πάντα

542 3054 749 3124 secuti,
781 3057 998 3111 cuncta
1025 3068 1164 3125 quas
1191 3052 1270 3109 ad
1307 3051 1667 3109 catholicam
1707 3053 2030 3108 Ecclesiam
2055 3067 2188 3126 spe-

2302 3074 2360 3127 τὴ
2411 3078 2506 3132 τῆς
2563 3070 2840 3133 καθολικῆς
2879 3071 3190 3136 Ἐκκλησίας
3241 3072 3290 3126 ἓν
3355 3051 3582 3148 σχοινίῳ
3627 3051 3879 3147 πνευματι-

542 3147 722 3212 ctant,
752 3143 814 3199 in
840 3141 1106 3199 funiculo
1162 3141 1444 3214 spiritalis
1491 3139 1924 3198 distributionis
1953 3141 2191 3198 ordina-

539 3234 735 3289 verint
761 3247 830 3288 ac
879 3230 1423 3301 determinaverint,
1469 3230 1642 3301 juxta
1701 3231 1802 3287 Dei
1855 3231 2191 3302 inspiratio-

541 3336 707 3388 nem,
765 3319 1065 3392 variisque
1123 3317 1521 3376 Ecclesiarum
1568 3318 2190 3387 determinationibus,

544 3413 715 3482 septa
770 3407 1334 3480 circumposuerint,
1392 3411 1574 3481 atque
1646 3407 1912 3479 singulas
1963 3409 2192 3482 ubique

541 3497 883 3572 provincias
951 3496 1528 3555 circumvallaverint
1592 3497 1671 3554 ad
1727 3498 2090 3568 cautionem,
2116 3513 2192 3555 ne

542 3586 846 3646 ambitiosi
867 3591 924 3642 et
954 3590 1301 3656 arrogantes
1329 3585 1502 3642 facile
1523 3602 1560 3643 a
1589 3586 1714 3642 suis
1753 3586 1833 3643 ad
1862 3587 2087 3646 alienas
2105 3588 2193 3644 in-

542 3676 768 3734 silirent
817 3693 831 3745 ;
882 3675 992 3732 sed
1038 3675 1210 3734 veriti
1279 3676 1572 3732 macerias
1622 3675 2196 3734 terribilissimarum

540 3765 1237 3825 excommunicationum
1287 3769 1525 3838 atquea
1577 3768 1696 3824 Deo
1744 3765 2192 3838 alienationum,

539 3855 876 3913 excolerent
911 3854 1130 3926 singuli
1157 3859 1423 3928 spartam
1446 3853 1559 3912 sibi
1605 3854 2006 3927 designatam,
2050 3872 2194 3930 pro-

537 3946 790 4019 priaque
821 3949 978 4003 sorte
1004 3961 1076 4002 ac
1101 3943 1446 4002 haereditate
1499 3943 1966 4002 accommodata
1990 3946 2198 4004 essent

537 4035 816 4093 contenti.

607 4126 666 4180 4.
700 4123 837 4188 Sed,
865 4138 902 4180 ο
937 4139 1075 4180 mea
1127 4121 1355 4181 errata!
1380 4138 1417 4180 ο
1469 4119 1892 4195 inexplebilem
1918 4123 2196 4182 ambitio-

537 4228 679 4269 nem
703 4211 716 4269 l
744 4229 881 4285 quae
911 4228 1158 4270 omnem
1182 4213 1366 4269 modo
1405 4215 1762 4269 canonicam
1814 4213 2194 4286 disciplinam

538 4300 782 4371 abjecit,
850 4316 1220 4374 omnemque
1304 4300 1704 4358 Christianam
1758 4301 2194 4361 institutionem

537 4390 799 4446 evertere
825 4389 1167 4457 connititur,
1203 4389 1328 4445 imo
1376 4403 1516 4444 vero
1543 4393 1602 4445 et
1643 4388 1936 4446 adversus
1988 4391 2192 4464 ipsum

536 4473 813 4533 Ecclesia
838 4481 1021 4550 caput
1045 4475 1212 4549 quod
1245 4481 1332 4533 est
1361 4476 1647 4549 Christus,
1703 4479 2075 4538 conﬁdenter
2093 4481 2192 4538 de-

539 4565 676 4633 silit,
726 4580 924 4639 neque
972 4565 1245 4623 stimulos
1294 4565 1596 4634 formidat,
1642 4583 1797 4641 quos
1835 4568 1979 4626 olim
2011 4571 2190 4628 Saulo

535 4656 938 4714 comminatus
958 4658 1048 4714 est
1077 4655 1366 4727 Christus,
1415 4653 1620 4712 dicens
1670 4657 1749 4714 ad
1769 4673 1909 4715 eum
1933 4659 2189 4720 :Durum

535 4751 620 4805 est
646 4744 755 4804 tibi
773 4751 986 4805 contra
1011 4745 1283 4803 stimulos
1307 4745 1630 4804 calcitrare
1666 4747 1734 4804 ‘9.

603 4970 653 5024 ὅ.
687 4963 974 5025 Novimus
1020 4961 1183 5023 enim
1210 4964 1408 5022 cuncti
1437 4962 1543 5039 qui
1599 4963 1931 5025 Christiano
1957 4967 2187 5027 intincti

530 5056 757 5114 fuimus
775 5055 1101 5130 baptismo,
1123 5052 1292 5129 quod
1307 5070 1462 5112 unus
1484 5056 1875 5127 estmagister
1890 5061 1947 5114 et
1973 5057 2187 5116 ductor

531 5151 754 5212 noster,
788 5147 1074 5218 Christus,
1106 5145 1356 5219 ipseque
1387 5149 1476 5202 est
1514 5146 1788 5202 omnium
1837 5163 1944 5220 per
1973 5149 2184 5206 orbem

532 5231 1002 5292 Christianorum
1031 5239 1252 5308 caput;
1284 5233 1546 5290 universi
1597 5239 1799 5292 autem
1854 5237 2182 5308 pontiﬁcali

529 5322 807 5381 honorati
834 5324 1139 5396 dignitate,
1166 5323 1376 5382 fratres
1405 5339 1616 5380 sumus
1649 5328 1706 5381 et
1746 5325 2023 5384 membra
2052 5343 2180 5385 cor-

2299 3165 2393 3218 κῆς
2454 3155 2805 3234 κληροδοσίας
2860 3163 3165 3225 θεοκινήτως
3217 3162 3396 3226 ἔταξαν
3454 3183 3509 3217 τε
3568 3168 3658 3216 καὶ
3718 3162 3878 3237 ὡροθέ-

2297 3267 2485 3320 τησαν,
2549 3254 2637 3302 καὶ
2701 3258 2818 3313 ταῖς
2877 3247 3126 3325 διαφόρος
3183 3259 3283 3304 τῶν
3348 3251 3674 3312 Ἐκκλησιῶν
3729 3253 3876 3326 ὁροθε-

2300 3341 2443 3400 σίαις
2494 3344 2759 3413 φραγμοὺς
2823 3342 3152 3415 περιέθηκαν,
3212 3346 3302 3394 καὶ
3366 3348 3755 3416 περιετείχισαν
3801 3342 3876 3398 τὰς

2301 3427 2606 3500 ἑκασταχοῦ
2650 3427 2847 3503 ένορίας
2895 3433 3022 3502 πρὸς
3072 3428 3352 3502 ἀσφάλειαν
3399 3451 3413 3466 ·
3473 3433 3612 3485 ὥστε
3663 3435 3731 3504 μὴ
3779 3431 3877 3489 τοὺς

2303 3514 2608 3589 φιλοδόξους
2653 3537 2708 3572 τε
2772 3523 2862 3572 καὶ
2919 3517 3176 3582 ἀλαζόνας
3230 3518 3332 3572 ἀπὸ
3384 3527 3484 3573 τῶν
3551 3520 3748 3574 οἰκείων
3807 3515 3876 3570 ἐπὶ

2301 3609 2391 3668 τὰς
2446 3606 2716 3683 ἀλλοτρίας
2772 3607 2987 3670 εὐκόλως
3039 3605 3306 3680 ἑπιπηδᾴν
3338 3629 3353 3644 ο
3407 3608 3538 3662 ἀλλὰ
3595 3606 3877 3666 δεδοικότας

2301 3699 2394 3759 τάς
2456 3699 2712 3770 αἱμασιὰς
2774 3705 2872 3750 τῶν
2940 3694 3376 3773 φρικωδεστάτων
3441 3699 3743 3773 ἀφορισμῶν
3801 3698 3875 3748 καὶ

2301 3794 2402 3838 τῶν
2461 3785 2560 3839 ἀπὸ
2628 3794 2760 3840 Θεοῦ
2818 3785 3223 3860 ἀλλοτριώσεων,
3260 3791 3488 3864 στέργειν
3557 3790 3770 3841 ἕκαστον
3825 3784 3875 3841 ἦν

2302 3874 2460 3948 ἔλαχε
2498 3877 2756 3950 Σπάρταν,
2801 3880 2891 3928 καὶ
2933 3875 3209 3952 ἀρκεῖσθαι
3255 3873 3328 3950 τῷ
3380 3873 3500 3950 ἰδίῳ
3527 3876 3686 3952 λάχει
3715 3878 3796 3929 καὶ
3820 3877 3872 3944 τῇ

2302 3968 2723 4040 προσαρμοσάση
2754 3960 3104 4039 κληροδοσίᾳ,

2375 4140 2441 4200 δ’.
2483 4142 2618 4197 Ἀλλ’
2661 4143 2701 4194 ὣ
2747 4151 2846 4196 τῶν
2899 4141 3031 4216 ἐμῶν
3091 4141 3461 4217 ἀγνοημάτωνέ
3509 4142 3548 4195 ὦ
3597 4151 3691 4204 τῆς
3730 4138 3870 4196 ἀπλή-

2304 4251 2429 4285 στου
2484 4228 2821 4305 φιλοδοξίαςι
2879 4237 3054 4285 πᾶσαν
3095 4231 3284 4305 ἀρτίως
3335 4237 3610 4292 κανονικήν
3662 4229 3870 4291 εὐταξίαν

2301 4317 2744 4390 ἐξουδενωσάσης,
2818 4319 2907 4374 καὶ
2983 4320 3279 4398 ἀνατρέπειν
3353 4324 3719 4396 επιχειρούσης
3791 4320 3868 4373 τὴν

2221 4421 2267 4479 D
2299 4416 2677 4486 Χριστιανικῆν
2731 4413 3062 4466 κατάστασιν
3127 4418 3301 4466 πᾶσαν
3327 4433 3341 4447 ·
3407 4411 3598 4485 μᾶλλον
3658 4414 3743 4480 μὲν
3795 4405 3869 4458 οὖν

2299 4507 2384 4555 καὶ
2429 4497 2539 4555 κατ’
2599 4501 2758 4563 αὐτῆς
2812 4509 2907 4564 τῆς
2967 4501 3192 4574 κεφαλῆς
3249 4509 3344 4565 τῆς
3399 4500 3726 4569 Ἐκκλησίας,
3769 4500 3869 4555 ἣτις

2298 4591 2438 4645 ἐστίν
2498 4594 2524 4644 ό
2591 4594 2844 4668 Χριστὸς,
2913 4593 3140 4668 θρασέως
3198 4590 3608 4665 κῆθαλλομένης,
3672 4591 3755 4641 καὶ
3803 4587 3864 4656 μὴ

2296 4681 2608 4754 φοϐουμένης
2667 4684 2733 4735 τὰ
2778 4685 2964 4754 κέντρα
3020 4680 3055 4732 ἆ
3103 4684 3195 4734 καί
3250 4688 3324 4753 τῷ
3388 4679 3563 4752 Σαύλῳ
3621 4673 3869 4736 ἐπηπειλῖέ·

2299 4775 2426 4823 σατό
2452 4788 2575 4825 ποτε
2596 4772 2622 4822 ὁ
2651 4773 2903 4847 Χριστός,
2935 4769 3160 4846 Σκληρόν
3184 4788 3289 4842 σοι,
3313 4773 3535 4845 φάμενος
3553 4772 3679 4843 πρὸς
3708 4764 3861 4827 αὐτὸν,

2293 4863 2425 4935 πρὸς
2453 4866 2640 4936 κέντρα
2657 4859 2942 4922 λακτιζειν.

2365 4969 2421 5022 ε’.
2473 4963 2705 5042 Οἴδαμεν
2769 4969 2870 5042 γὰρ
2939 4964 3159 5030 ἅπαντες
3214 4967 3329 5020 ὅσοι
3395 4969 3453 5019 τὸ
3521 4958 3865 5042 Χριστιανικόν

2293 5055 2689 5133 βεϐαπτίσμεθα
2764 5057 3068 5131 βάπτισμα,
3147 5058 3218 5119 ὡς
3294 5053 3369 5119 εἷς
3435 5055 3574 5110 ἐστιν
3647 5057 3781 5128 ἡμῶν
3843 5047 3864 5097 ό

2289 5151 2614 5221 καθηγητὴς,
2647 5149 2672 5200 ὁ
2728 5151 2991 5223 Χριστός·
3041 5150 3131 5199 καί
3175 5145 3330 5209 αὐτὸς
3373 5144 3488 5199 ἐστι
3547 5143 3732 5218 κεφαλή
3780 5145 3863 5191 τῶν

2291 5238 2601 5312 ἁπανταχοῦ
2645 5243 2739 5300 τᾶς
2790 5237 3090 5310 οἰκουμένης
3163 5243 3492 5312 Χριστιανῶν
3526 5257 3538 5270 ·
3601 5235 3774 5292 πάντες
3814 5223 3862 5279 δὲ

2290 5332 2340 5382 οἵ
2393 5338 2466 5402 τῷ
2532 5328 2889 5403 ἀρχιερατικῷ
2945 5329 3274 5400 τετιμημένοι
3356 5324 3612 5399 ἀξιώματι
3677 5317 3862 5390 ἀδελφοί

601 5499 928 5629 ἳϐιῖωὲρὲ,
959 5516 1036 5560 ιγ,
1067 5502 1122 5559 4.
1202 5501 1249 5538 ιι
1285 5502 1409 5559 Jac.
1447 5515 1486 5574 ι,
1519 5504 1572 5559 2.
1652 5503 1698 5538 ιδ
1730 5501 1778 5557 ΙΙ
1812 5504 1942 5563 Cor.
1974 5519 2081 5578 xu,
2115 5509 2169 5578 9,

2371 5508 2417 5546 ιθ
2449 5507 2591 5566 Luc.
2621 5522 2725 5578 vn,
2749 5510 2803 5564 5.
2883 5507 2926 5545 17
2956 5506 3096 5576 Luc,
3127 5519 3188 5573 v,
3225 5509 3282 5563 5.
3369 5503 3414 5542 ¹⁸
3440 5501 3609 5562 Psal.
3636 5512 3777 5565 xm,
3802 5496 3851 5550 2.

534 5573 578 5610 ιθ
605 5575 730 5632 Act.
763 5573 842 5646 ix,
869 5573 922 5632 5.
