4020 6310
110 294 210 351 διτ

1336 277 1692 344 EPISTOLA
1729 277 1777 351 Il
1813 279 1910 337 AD
1945 280 2241 345 CYPRIOS

3367 298 3474 361 618

108 417 257 490 ἐσμεν
299 417 390 469 καὶ
434 414 562 490 μελη
612 421 705 470 τοῦ
746 419 992 490 σώματος
1034 419 1128 471 τοῦ
1180 417 1439 489 Χριστοῦ.
1492 409 1595 463 Καὶ
1645 425 1680 458 τι

1818 405 1982 479 poris
2010 409 2247 470 Christi.
2273 412 2359 469 Ac
2378 411 2598 471 veritas
2651 412 2901 488 quidem
2927 416 3014 474 ita
3047 415 3266 490 habet;
3298 422 3476 481 testa-

108 509 197 578 μὶν
259 504 446 567 ἁληθὶς
527 509 691 567 οὕτως
734 509 898 579 ’ἕχει-
974 509 1067 559 καὶ
1135 508 1391 580 μαρτυρεῖ
1465 498 1620 560 αὐτὸς
1678 496 1705 550 ὁ

108 598 338 667 Χριστός
370 597 401 652 ἡ
459 594 824 662 αύτοαλήθιια,
879 599 973 648 καὶ
1000 594 1051 649 οἱ
1102 594 1359 648 αύτόπται
1400 591 1589 643 τούτου
1616 590 1706 639 καί

106 684 379 759 inperau-
429 686 458 738 6
511 681 571 738 δέ
615 704 676 758 γε
721 684 974 747 Ἰταλικὸς
1015 691 1176 757 τῦφος
1218 688 1370 736 τοῦτο
1408 679 1467 733 ού
1517 675 1706 751 βούλι-

102 792 209 839 ται,
260 769 381 826 οὐδ’
438 772 685 846 ἀνέχεται
730 778 817 828 τόν
870 777 1105 847 Χριστόν
1155 770 1378 845 κεφαλὴν
1433 772 1525 821 καὶ
1577 762 1706 819 εἶναι

103 866 191 914 καὶ
275 860 652 935 ὀνομάζεσθαι·
742 860 848 914 ἀλλ’
906 860 1161 914 ὶκϐάλλων
1241 865 1422 912 τοῦτον
1508 856 1705 915 ταύτης

101 958 192 1012 ni;
239 950 459 1017 τάξεως,
512 959 585 1022 τῷ
655 949 894 1027 ἀρχιερεί
936 958 1034 1012 τῆς
1086 948 1441 1024 πρεσϐυτέρας
1508 944 1706 1017 Ῥώμης

100 1042 296 1099 ταύτην
360 1041 666 1114 χαρίζεται⁸
735 1047 825 1093 καὶ
887 1039 1232 1113 mxuma"
1299 1036 1559 1109 ἐπιχειρεῖ
1640 1036 1707 1087 τὰ

98 1126 431 1192 «mnditia;
508 1128 864 1205 ἀριθμούμενα
936 1135 1315 1205 πατριαρχεία,
1374 1131 1466 1179 καὶ
1543 1124 1593 1177 ἓν
1651 1122 1705 1176 ἐκ

97 1221 297 1273 τούτων
346 1218 632 1290 ἀποτελεῖν,
674 1225 766 1274 καὶ
806 1222 1004 1274 τιθέναι
1048 1223 1136 1274 τόν
1190 1220 1365 1293 θρόνον
1418 1215 1575 1269 αὐτοῦ
1621 1213 1704 1267 ἐπὶ

98 1317 194 1361 τῶν
247 1309 466 1383 τεφιλών
512 1309 899 1386 ἀποθραιίϐεται
947 1310 966 1382 [
1097 1308 1517 1381 ἀποθρασύνεται
1538 1305 1578 1377 ],
1610 1307 1701 1357 καὶ

97 1407 165 1469 τῷ
212 1398 453 1471 ’Υψίστῳ
507 1398 810 1473 ἀφομοιοῦν.
859 1398 1087 1472 Νεφέλας
1138 1395 1190 1454 δ’
1246 1396 1346 1469 ἐγώ
1393 1415 1528 1469 φημι
1581 1397 1701 1456 τοὺς

96 1488 455 1562 ὑπερέχοντας
525 1487 927 1565 ἀρχιερατικούς
999 1490 1209 1564 θρόνους
1282 1491 1371 1540 καὶ
1444 1484 1698 1556 ὑψηλούς,

94 1582 183 1630 καὶ
250 1576 701 1652 ἀποτίταγμίνους
746 1578 820 1640 εἰς
898 1584 1277 1652 πατριαρχεῑα·
1338 1574 1392 1638 ἐξ
1447 1572 1515 1626 ὧν
1579 1573 1700 1645 ὑψί-

95 1656 245 1728 {im
293 1670 358 1721 τό
406 1672 667 1742 περίγειον
715 1667 874 1735 ἁπαν,
924 1665 1137 1741 βροχήν
1189 1664 1424 1719 ἑκούσιον
1471 1668 1562 1717 καὶ
1593 1683 1698 1736 μυ-

96 1760 284 1815 στικὴν
350 1764 443 1817 τῆς
500 1765 859 1829 πνευματικῆς

91 1843 159 1899 Ὠ
201 1850 383 1899 πόσων
429 1854 600 1900 ταῦτα
640 1843 883 1920 δακρύων
939 1845 1083 1913 ἄξια,
1129 1849 1307 1898 πόσων
1340 1850 1640 1916 στεναγμῶν
1681 1839 1696 1895 Ῑ

93 1936 168 1987 ότι
227 1938 291 1988 τὸ
344 1942 438 1997 τῆς
488 1937 841 2010 ὑπερηφανίας
905 1942 1108 2008 πνεῦμα
1157 1937 1217 1987 τό
1283 1936 1544 1987 σκοτεινόν
1609 1938 1699 1986 καί

92 2029 358 2096 μεγίστων
409 2026 699 2099 πτωμάτων
746 2028 1025 2098 παραίτιον
1089 2030 1182 2077 τοῦ
1228 2021 1455 2096 μεγάλου
1512 2024 1697 2076 τούτου

91 2116 273 2185 γίνους
298 2119 395 2167 καὶ
421 2113 830 2189 πολυανθρώπου
855 2116 1161 2189 κεκράτηκε.

164 2202 218 2264 ς’.
290 2209 481 2278 Πρώτη
550 2207 641 2277 μὲν
722 2200 811 2257 οὖν
892 2208 984 2255 καὶ
1046 2207 1268 2275 μεγίστη
1354 2202 1522 2276 τόλμα
1595 2210 1696 2255 τῶν

90 2290 295 2345 Ἰταλῶν
345 2294 379 2351 ἠ
436 2291 486 2345 ἄν
535 2301 608 2363 τῷ
655 2292 788 2365 ἁγίῳ
847 2291 1090 2364 συμϐόλῳ
1164 2300 1259 2354 τῆς
1322 2296 1547 2354 πίστεως
1599 2291 1696 2345 ἀπ-

93 2386 423 2455 ηγορευμένη
495 2384 795 2455 προσθήκη·
872 2383 994 2455 ὅπερ
1063 2383 1146 2434 ἶνα
1208 2386 1410 2453 μήποτε
1471 2380 1694 2435 ἀποτολ-

91 2472 260 2543 μηθῇ,
317 2469 605 2544 ἀναθεματι
656 2472 847 2542 αἰωνίῳ
904 2472 958 2522 αἰ
994 2469 1350 2543 οἰκουμενικαὶ
1396 2475 1488 2524 καὶ
1542 2471 1694 2543 ἅγιαι

91 2556 309 2612 σύνοδοι
338 2563 464 2620 τούς
514 2559 878 2633 τολμήσαντας
932 2559 1307 2613 καθυπέϐαλον.
1346 2564 1447 2612 Καὶ
1500 2561 1527 2612 ό
1558 2558 1691 2633 βου-

83 2646 295 2721 λόμενος
350 2647 744 2720 ἀναγινωσκέτω
808 2652 896 2701 τόν
957 2656 1049 2709 τῆς
1112 2648 1470 2722 οἱκουμενικῆς
1534 2650 1690 2713 ἕκτης

84 2734 314 2790 συνόδου
367 2746 570 2812 πρῶτον
621 2742 828 2803 κανόνα,
887 2737 1022 2790 οὕτω
1050 2739 1219 2812 ῥητῶς
1266 2743 1387 2811 περὶ
1430 2741 1489 2790 τὸ
1544 2738 1687 2802 τέλος

77 2823 312 2897 λέγοντα.
369 2826 429 2878 Εἰ
486 2822 547 2878 δέ
596 2846 676 2889 τις
729 2835 829 2880 τῶν
880 2825 1117 2879 ἁπάντων
1172 2831 1244 2900 μὴ
1301 2829 1368 2879 τὰ
1429 2847 1682 2901 προειρη-

75 2918 200 2984 μένα
272 2922 374 2976 τῆς
445 2914 706 2976 εὐσεϐείας
784 2910 1029 2987 δόγματα
1093 2935 1268 2988 κρατει
1331 2920 1422 2969 καὶ
1510 2916 1680 2970 ἀσπα-

76 3002 242 3068 ζεται,
298 3009 395 3057 καὶ
456 3004 588 3058 οὕτω
645 3002 857 3068 δοξάζει
914 3024 969 3058 τε
1014 3010 1105 3058 καὶ
1157 3009 1417 3080 κηρύττει,
1468 3005 1578 3059 ἀλλ’
1625 3007 1678 3071 ἐξ

1818 498 2034 571 turque
2053 501 2185 573 ipse
2211 502 2502 574 Christus,
2535 503 2639 578 qui
2664 507 2753 562 est
2779 504 2915 579 ipsa
2950 506 3191 583 veritas,
3236 526 3475 570 necnon

1816 587 1919 659 qui
1942 604 2083 647 eum
2111 590 2228 665 ipsi
2250 593 2549 667 viderunt,
2577 598 2635 652 et
2660 593 2903 653 fuerunt
2930 598 3060 670 ejus
3096 599 3353 659 ministri
3400 604 3472 660 ²⁰.

1815 676 2035 735 Verum
2062 679 2251 738 fastus
2272 682 2508 742 Italicus
2537 683 2602 740 id
2624 700 2749 741 non
2776 685 2923 757 vult,
2976 701 3177 761 neque
3219 690 3476 749 sustinet

1816 764 2106 824 Christum
2131 776 2314 843 caput
2337 787 2467 829 esse
2488 777 2545 829 et
2562 773 2765 831 vocari
2789 793 2802 844 ;
2833 775 2941 831 sed
2967 791 3107 832 eum
3128 776 3206 833 ab
3229 777 3347 835 hoc
3374 794 3473 837 or-

1815 852 1955 912 dine
1983 857 2247 930 ejiciens,
2278 861 2529 919 senioris
2556 865 2760 920 Romae
2783 864 3051 936 pontiﬁci
3091 864 3264 924 illum
3292 867 3472 940 largi-

1816 946 1949 1014 tur;
1981 949 2110 1004 tum
2139 949 2647 1022 quinariinumeri
2668 953 3110 1025 patriarchatus
3137 957 3471 1016 reconﬂare

1815 1047 1887 1090 ac
1908 1049 2099 1092 unum
2120 1053 2193 1094 ex
2210 1037 2280 1095 iis
2302 1040 2595 1098 conficere
2616 1045 2820 1110 tentat,
2842 1042 3144 1117 audetque
3182 1045 3471 1104 thronum

1814 1121 1972 1179 illius
1998 1139 2220 1197 ponere
2245 1144 2425 1201 super
2453 1129 2665 1202 nubes,
2701 1135 2881 1203 atque
2912 1131 3212 1191 Altissimo
3240 1134 3474 1195 assimi-

1811 1209 1940 1269 lare
1969 1214 2040 1273 ³³.
2066 1215 2265 1274 Nubes
2293 1221 2495 1275 autem
2525 1235 2638 1291 ego
2664 1218 2799 1276 dico
2850 1221 3181 1280 eminentes
3229 1224 3471 1296 pontiﬁ-

1814 1299 1939 1358 cias
1965 1302 2160 1376 sedes,
2194 1304 2490 1380 altasque,
2522 1313 2578 1364 et
2606 1307 2668 1364 in
2692 1309 3060 1382 patriarchia
3087 1311 3422 1371 destinatas
3448 1329 3465 1381 ;

1811 1403 1922 1461 per
1938 1406 2093 1463 quas
2114 1394 2456 1453 exaltantur
2475 1401 2692 1455 cuncta
2712 1398 3030 1470 terrestria,
3060 1400 3466 1460 voluntarium

1809 1480 2260 1556 mysticumque
2285 1485 2609 1557 spiritualis
2660 1486 2946 1544 doctrinae
2995 1488 3253 1547 imbrem
3284 1491 3468 1549 susci-

1809 1568 2054 1641 pientia.
2071 1573 2114 1629 0
2128 1574 2372 1645 quantis
2397 1574 2684 1649 lacrymis
2697 1576 2827 1634 haec
2838 1576 3026 1649 digna
3043 1583 3202 1649 sunt,
3220 1581 3465 1653 quantis

1811 1658 2180 1726 gemitibus!
2225 1662 2395 1735 quod
2423 1664 2719 1739 superbia:
2769 1664 3032 1737 spiritus,
3087 1667 3462 1741 tenebrosus,

941 1752 1300 1816 διδασκαλίας
1378 1750 1662 1827 δεχόμενον
1676 1795 1680 1807 ς

1810 1746 2037 1820 quique
2067 1750 2471 1809 maximorum
2521 1752 2876 1812 delictorum
2906 1760 3115 1813 auctor
3165 1761 3274 1827 est,
3327 1774 3465 1816 ma-

1809 1851 1998 1907 gnum
2026 1838 2143 1898 hoc
2186 1840 2541 1901 hominibus
2578 1843 3029 1904 refertissimum
3072 1861 3263 1919 genus
3301 1847 3463 1906 devi-

1810 1926 1967 1984 cerit.

1878 2199 1928 2251 6.
1952 2197 2215 2255 Primum
2240 2199 2524 2272 equidem
2553 2200 3011 2276 maximumque
3052 2203 3336 2262 Italorum
3366 2199 3457 2264 fa-

1805 2282 1977 2341 cinus
1997 2290 2085 2343 est
2120 2288 2436 2345 interdicta
2458 2289 2563 2346 illa
2580 2290 2660 2345 ad
2688 2290 2830 2346 fidei
2877 2290 3234 2363 Symbolum
3288 2292 3457 2350 addi-

1804 2372 1885 2430 tio
1899 2391 1918 2444 ς
1951 2375 2118 2446 quod
2173 2391 2249 2433 ne
2306 2377 2637 2450 aliquando
2694 2381 3034 2452 tentaretur,
3087 2379 3459 2439 anathemati

1802 2468 2091 2534 perpetuo
2111 2480 2214 2521 eos
2232 2466 2339 2538 qui
2368 2467 2499 2524 ausi
2524 2472 2722 2524 essent
2771 2467 3154 2540 subjecerunt
3201 2486 3458 2527 cacume-

1799 2551 1950 2608 nicae
1972 2558 2314 2628 sanctasque
2339 2556 2576 2628 synodi.
2602 2559 2784 2628 Legat
2821 2558 2925 2630 qui
2941 2557 3221 2626 voluerit,
3270 2574 3457 2629 gene-

1795 2640 1937 2696 ralis
1967 2649 2147 2699 sextm
2198 2644 2417 2716 synodi
2461 2660 2758 2702 canonem
2798 2645 3085 2716 primum,
3145 2647 3249 2719 qui
3276 2647 3458 2704 itaad

1794 2730 2049 2791 verbum
2075 2732 2234 2789 circa
2262 2732 2447 2790 ﬁnem
2469 2735 2687 2791 habet:
2713 2735 2775 2791 Si
2800 2737 2933 2805 quis
2959 2741 3157 2793 autem
3174 2752 3247 2792 ex
3270 2744 3460 2795 omni-

1793 2819 1897 2874 bus
1916 2822 2218 2890 praedicta
2227 2825 2412 2892 pietat
2423 2825 2470 2880 is
2495 2825 2733 2880 decreta
2747 2830 3037 2881 nontenet
3064 2831 3119 2881 et
3151 2826 3451 2895 amplecti-

1791 2901 1812 2952 ί
1819 2925 1911 2974 ur,
1942 2912 2143 2982 sicque
2162 2914 2452 2981 opinatur
2476 2919 2530 2969 et
2548 2913 2869 2983 praedicat,
2893 2912 2995 2967 sed
3019 2915 3089 2968 iis
3114 2920 3325 2969 contra
3344 2914 3448 2969 ad-

1788 3002 2306 3069 versariconatur,
2327 3003 2403 3059 sit
2418 3002 3239 3072 anathema.secundumjam
3263 3018 3449 3072 expo-

75 3090 303 3154 ἕνειντίας
386 3093 514 3147 ἰέναι
593 3096 788 3147 τούτων
871 3092 1131 3168 ἐπιχειρεί
1195 3097 1329 3147 ἔστω
1420 3093 1670 3169 ἀνάθεμα,

1792 3090 1966 3145 situm
1992 3092 2165 3160 prius
2186 3092 2637 3149 dectaratorum
2658 3097 3000 3147 sanctorum
3032 3097 3087 3147 et
3117 3091 3449 3160 beatorum,

74 3188 203 3236 κατὰ
270 3187 364 3237 τόν
426 3180 533 3242 ἠδη
605 3182 873 3238 ἐκτεθέντα
934 3186 1050 3258 ὅρον
1143 3186 1242 3238 ύπό
1304 3193 1405 3238 τῶν
1469 3184 1672 3262 προδη-

72 3269 329 3326 λωθέντων
394 3271 552 3344 ἁγίων
633 3279 725 3326 καὶ
782 3279 1052 3347 μακαρίων
1108 3278 1368 3347 Πατέρων-
1426 3281 1517 3329 καὶ
1581 3284 1674 3331 τοῦ

75 3368 456 3435 Χριστιανικοῡ
548 3362 840 3434 καταλόγου
928 3365 998 3424 ὡς
1102 3362 1369 3439 ἀλλότριος
1470 3364 1671 3429 ἐξωθεί-

77 3451 179 3503 σθω
230 3457 327 3503 καὶ.
395 3450 700 3505 ἐκπιπτέτω·
762 3451 937 3524 Ἡμεῖς
993 3454 1093 3526 γὰρ
1160 3456 1276 3506 οὔτε
1339 3458 1675 3529 προστιθέναι

73 3557 139 3605 τι,
226 3543 352 3593 οὔτε
438 3545 542 3612 μὴν
633 3542 868 3616 ύφαιριίν
958 3545 1096 3594 κατά
1157 3544 1224 3594 τὰ
1295 3546 1676 3618 προορισθέντα

71 3628 332 3691 παντελῶς
423 3625 795 3701 διεγνώκαμεν,
879 3633 909 3688 ἣ
996 3629 1114 3682 καθ’
1179 3631 1442 3684 ὁντιναοῦν
1518 3629 1675 3686 δεδυ-

70 3720 271 3790 νήμεθα
328 3718 504 3789 λόγον.
574 3724 674 3772 Καὶ
734 3711 902 3772 ταῦτα
947 3723 1038 3792 μεν
1094 3721 1120 3772 ό
1174 3717 1428 3784 ὃηλωθεὶς
1482 3729 1669 3779 κανών·

70 3793 186 3859 Ὀτι
236 3803 302 3860 δε
347 3810 488 3860 κατὰ
534 3814 709 3861 πᾶσαν
752 3809 1114 3882 οἰκουμενικήν
1160 3807 1380 3863 σύνοδον
1426 3809 1675 3867 συνευδο-

67 3903 162 3946 κῶν
198 3893 269 3954 ἦν
314 3897 467 3948 καὶὸ
504 3899 640 3949 κατὰ
682 3901 778 3956 τὴν
824 3899 1021 3972 ἡμέραν
1068 3900 1282 3960 πάππας
1323 3896 1418 3953 διὰ
1450 3921 1672 3960 τοποτη·

64 3993 233 4056 ρητῶν
286 3992 399 4047 τοῖς
446 3990 823 4062 κεκυρωμένοις
875 3982 1113 4060 δόγμασί
1167 4008 1222 4042 τε
1276 3995 1367 4042 καὶ
1433 4011 1663 4064 κανόσιν,

66 4070 237 4135 οὐδεὶς
268 4082 373 4126 τῶν
394 4080 652 4150 τροφίμων
678 4075 835 4146 λόγου
874 4076 1120 4148 ἠγνόησε.
1286 4064 1301 4078 ’

129 4162 184 4225 ς’.
215 4168 287 4216 Τί
328 4170 418 4215 νῦν
470 4167 529 4216 τό
591 4162 813 4218 ἐνταῦθα
867 4170 1213 4239 συναγόμενον
1264 4185 1278 4235 ;
1342 4166 1557 4246 Ὀτιπιρ
1616 4173 1666 4224 οἰ

62 4259 143 4303 νῦν
191 4261 294 4313 τῆς
346 4252 699 4328 πρεσϐυτέρας
759 4253 959 4327 Ῥώμης
1013 4253 1300 4331 ἀρχιειρείς
1365 4256 1489 4312 οὐδὲ
1546 4264 1663 4322 τοὺς

62 4338 140 4393 ἐπὶ
208 4348 320 4394 τῶν
375 4342 741 4415 οἰκουμενικῶν
804 4348 896 4396 καὶ
974 4343 1136 4416 ἁγίων
1220 4345 1351 4399 ἐπτά
1424 4345 1658 4402 συνόδων

1782 3178 2034 3235 Patrum
2076 3180 2427 3251 decretum;
2476 3186 2530 3237 et
2585 3197 2621 3237 (ι
2662 3180 3010 3237 Christiano
3050 3182 3348 3252 catalogo,
3379 3190 3445 3237 ut

1785 3269 2020 3325 alienus
2052 3271 2423 3327 extrudatur
2443 3276 2496 3327 et
2513 3270 2764 3327 excidat.
2790 3270 2912 3326 Nos
2934 3271 3090 3327 enim
3115 3286 3305 3343 neque
3331 3272 3441 3328 ati-

1785 3358 1931 3429 quid
1956 3358 2235 3430 adjicere,
2269 3375 2458 3432 neque
2481 3359 2807 3431 quidquam
2840 3359 3123 3428 adimere,
3148 3362 3340 3429 juxta
3370 3375 3440 3417 ea

1784 3462 1918 3518 qua:
1932 3448 2105 3516 prius
2133 3449 2380 3518 deﬁnita
2406 3449 2682 3519 fuerunt,
2714 3448 2911 3505 omnio
2971 3451 3312 3518 statuimus,
3346 3449 3441 3506 vel

1781 3538 1911 3594 ulto
1943 3538 2113 3595 modo
2134 3541 2457 3608 potuimus.
2496 3541 2564 3595 Et
2589 3538 2720 3594 haec
2773 3538 3439 3610 quidem,memoratus

1783 3642 2001 3686 canon.
2034 3629 2204 3694 Quod
2229 3634 2430 3687 autem
2454 3628 2516 3684 in
2545 3627 2714 3685 omni
2761 3628 3133 3685 oecumenica
3174 3628 3434 3701 synodo,

1782 3716 2117 3773 constitutis
2167 3716 2556 3787 dogmatibus
2599 3722 2654 3773 et
2703 3716 3040 3773 canonibus
3070 3731 3436 3773 consensum

1779 3820 1888 3877 per
1915 3806 2170 3862 vicarios
2195 3805 2516 3878 prmbuerit
2533 3821 2697 3878 papa
2716 3804 2872 3861 illius
2900 3804 3203 3877 temporis,
3228 3803 3432 3861 nullus

1779 3894 2131 3952 eruditionis
2158 3895 2441 3953 alumnus
2465 3894 2723 3964 ignorat.
3192 3882 3197 3887 ’

1846 4169 1898 4219 7.
1931 4164 2072 4219 .Jam
2126 4161 2273 4235 quid
2338 4161 2479 4218 inde
2522 4159 2799 4232 colligere
2852 4159 2981 4216 est?
3011 4156 3185 4225 Quod
3244 4156 3427 4231 hujus

1773 4252 2060 4324 temporis
2082 4251 2293 4307 veteris
2322 4253 2525 4306 Romae
2550 4248 2863 4322 pontiﬁces
2882 4262 3275 4321 nequaquam
3303 4265 3431 4304 sus-

1772 4340 2001 4413 cipiunt
2023 4345 2080 4396 et
2102 4338 2547 4412 amplectuntur
2594 4353 2697 4394 eos
2735 4335 2949 4393 veteris
3002 4339 3205 4393 Romae
3235 4337 3429 4409 ponti-

63 4427 329 4505 ἀρχιερεῖς
398 4439 492 4493 τῆς
564 4431 938 4506 πρεσϐυτέρας.
1018 4433 1217 4507 Ῥώμης
1301 4433 1657 4509 ἀποδέχονται

1792 4430 1932 4501 ices,
1960 4429 2065 4503 qui
2092 4428 2462 4502 temporibus
2485 4426 2764 4482 vixerunt
2792 4431 3025 4498 septem
3052 4424 3424 4497 generalium

61 4525 145 4573 καὶ
208 4520 569 4582 ἀσπάζονταιο
648 4520 753 4573 ἀλλ’
836 4525 903 4585 ὡς
982 4525 1122 4596 ἡμᾶς
1181 4528 1301 4586 τοὺς
1383 4532 1654 4600 Γραικούς,

61 4608 335 4673 κάκείνους
381 4609 791 4685 ἀποστρέφονται
841 4617 932 4664 καὶ
983 4612 1328 4681 ἐξουθενοῡσίν
1378 4622 1448 4689 μὴ
1502 4615 1656 4690 δεκὸ“

60 4719 197 4772 μενοι
266 4702 336 4753 τὰ
396 4700 521 4775 παρ’
596 4700 797 4754 ἕκείνων
873 4699 1162 4766 συνοδικῶς
1225 4703 1508 4762 λαληθέντα
1566 4714 1655 4760 καὶ

57 4791 375 4862 κυρωθέντα.
433 4787 522 4849 Ὠς
574 4784 702 4842 εἶναι
761 4793 883 4852 τοὺς
952 4798 1041 4843 νῦν
1101 4792 1329 4854 Ἰταλοὺς
1392 4798 1503 4856 νέας
1561 4802 1653 4848 πί-

59 4894 216 4941 στεως
286 4872 668 4950 δοοίματιστὰς,
736 4883 827 4932 καὶ
890 4877 1071 4953 ἐτέρων

52 4968 154 5027 τὰς.
204 4970 553 5026 Ζητείτωσαν
590 4963 680 5020 οὖν
732 4973 824 5021 καὶ
877 4968 1108 5043 Χριστόν
1154 4972 1318 5045 ἕτερον
1379 4978 1468 5025 καὶ
1530 4972 1654 5027 ἀπο-

52 5054 263 5117 στόλους
304 5053 539 5130 ¹ἑτέρους.
580 5046 706 5110 Καὶ
756 5058 858 5131 γὰρ
911 5059 960 5110 oi
1004 5056 1215 5112 ἐπὶτῶν
1249 5058 1482 5114 συνόδων
1544 5064 1648 5116 θεο-

47 5149 190 5217 9690:
244 5148 341 5198 καὶ
408 5145 711 5221 θεοκήρυκες
786 5151 1006 5223 Πατέρες
1085 5148 1143 5200 ού
1235 5154 1647 5205 πεπιστεύκασιν

48 5232 114 5295 εἰς
178 5240 409 5307 Πνεῦμα
448 5233 600 5305 ἅγιον
655 5233 711 5286 ἐκ
762 5231 863 5288 δύο
936 5243 1230 5309 προσώπων
1280 5245 1373 5297 τὴν
1428 5241 1647 5314 ὓπαρξιν

47 5324 186 5393 ἔχον*
219 5320 358 5376 ἀλλὰ
407 5324 793 5381 πεπιστεύκασι
847 5333 920 5397 τῷ
965 5334 1201 5399 Χριστῷ,
1242 5331 1308 5390 ὡς
1340 5334 1429 5382 καὶ
1468 5330 1516 5381 ἐν
1544 5338 1647 5391 τοῖς

50 5411 219 5475 ἄλλοις
280 5410 473 5485 ἅπασι,
544 5417 635 5466 καὶ
712 5411 762 5465 ἓν
819 5422 929 5477 τοῖς
989 5421 1105 5490 περὶ
1171 5425 1263 5470 τού
1326 5421 1642 5493 ΙΙνεύματος.

1172 4887 1393 4935 κανόνων
1459 4884 1570 4956 ἐτρευ
1576 4905 1603 4958 ρ
1613 4905 1654 4937 ε-

122 5592 172 5629 so
202 5591 347 5650 Luc.
368 5605 411 5658 ι,
440 5593 496 5648 2.
527 5590 577 5628 ²¹
609 5592 720 5663 lsa.
750 5607 870 5665 nv,
903 5596 987 5675 t3,
1018 5594 1104 5653 14.

267 5676 526 5741 ΡΑι-ιιοι..
561 5679 663 5739 Gn.
687 5681 836 5742 CXL.

1771 4526 2239 4592 sanctorumque
2255 4516 2648 4575 conciliorum
2674 4534 2687 4583 ;
2713 4515 2818 4572 sed
2837 4515 3011 4571 sicuti
3030 4530 3141 4571 nos
3163 4518 3422 4584 Graecos,

1765 4610 1850 4668 ita
1879 4615 1936 4666 et
1958 4609 2089 4666 illos
2120 4612 2474 4665 aversantur
2502 4612 2562 4662 et
2589 4604 2759 4661 nihili
2812 4606 3104 4677 pendunt,
3163 4604 3311 4661 dum
3351 4621 3423 4662 ea

1765 4714 1888 4755 non
1918 4698 2211 4772 recipiunt
2254 4712 2390 4769 quae
2424 4695 2502 4752 ab
2557 4694 2673 4751 illis
2712 4693 2999 4782 synodica
3033 4694 3421 4782 pronuntiata

1766 4792 1907 4845 sunt
1924 4791 2103 4861 atque
2119 4785 2492 4843 conﬁrmata.
2512 4784 2675 4840 Adeo
2694 4788 2759 4839 ut
2778 4781 2941 4839 nunc
2962 4781 3089 4839 Itali
3113 4782 3232 4838 sint
3245 4797 3417 4837 novae

1760 4878 1901 4933 ﬁdei
1939 4876 2199 4948 novique
2230 4874 2530 4943 dogmatis
2561 4871 3023 4940 introductores,
3056 4874 3112 4925 et
3158 4869 3414 4925 aliorum

1760 4966 2096 5023 inventores
2121 4978 2446 5020 canonum.
2497 4962 2776 5027 Quaerant
2820 4959 2998 5029 igitur
3051 4962 3179 5013 tum
3224 4957 3406 5014 alium

1759 5055 2055 5113 Christum
2098 5057 2226 5108 tum
2254 5050 2404 5107 alios
2427 5049 2756 5122 apostolos.
2784 5046 3008 5102 Etenim
3031 5045 3408 5117 synodorum

1755 5146 1832 5202 illi
1863 5146 2066 5201 Patres
2096 5142 2349 5199 Numine
2369 5138 2578 5203 afﬂati,
2612 5153 2681 5193 ac
2715 5136 2815 5192 Dei
2852 5149 3183 5206 praecones,
3215 5132 3407 5191 nulla~

1757 5242 1929 5295 tenus
1976 5236 2039 5290 in
2078 5232 2361 5305 Spiritum
2409 5233 2686 5285 sanctum
2741 5224 3141 5292 crediderunt,
3174 5224 3277 5295 qui
3335 5239 3410 5282 ex

1753 5325 1996 5382 duabus
2020 5321 2295 5395 personis
2352 5316 2758 5374 exsistentiam
2800 5312 3040 5382 habeat,
3091 5312 3198 5368 sed
3224 5313 3408 5371 tidem

1757 5415 2161 5487 adjunxerunt
2207 5408 2460 5478 Christo,
2503 5410 2570 5462 ut
2615 5404 2680 5461 in
2709 5402 2936 5461 caeteris
2994 5403 3299 5472 omnibus,
3323 5404 3409 5462 sic

2808 5676 2880 5732 20
