4020 6310
592 239 698 300 619
1753 233 2070 293 GERMANI
2108 230 2154 284 ΙΙ
2192 229 2297 285 CP.
2337 231 2794 300 PATRIARCHE
3851 249 3942 302 620

595 369 774 426 etiam
799 368 863 423 in
891 364 1088 422 verbis
1118 363 1194 419 de
1222 361 1459 436 Spiritu,
1511 362 1759 435 quando
1788 359 1992 416 docuit
2039 370 2179 412 eum

2363 357 2550 430 λόγοις,
2601 373 2743 442 παρὰ
2797 390 2890 424 του
2939 385 3139 442 ιιατρος
3186 370 3557 443 εκπορεύεσθαι
3605 371 3754 422 τοῦτό
3803 367 3942 423 διδά-

592 460 762 514 Patre
785 453 1110 528 procedere
1140 453 1209 506 “.

936 453 1110 509 edere
1140 453 1209 506 ²².
2360 450 2522 513 ξαντι,

662 548 718 600 8.
752 548 818 601 Et
843 545 974 600 haec
1005 541 1250 614 quidem
1271 544 1482 596 vestrae
1499 539 1774 595 charitati
1792 533 2243 609 compendiario

2428 543 2492 601 η’.
2557 552 2734 599 Ταῦτα
2813 552 2902 621 μὲν
2970 555 3292 608 οννοπτικῶς
3356 555 3418 618 τῇ
3489 549 3713 621 ὑμετέρᾳ

593 633 916 697 declaravi,
969 637 1034 686 ut
1085 629 1486 700 intelligeretis
1528 635 1823 701 quantum
1884 625 2114 681 malum
2171 639 2180 675 ε

2352 627 2617 698 ἐδήλωσα,
2655 636 2736 688 ἱνα
2779 647 2943 709 γνῶτε
2997 643 3160 689 πόσον
3210 636 3325 688 ἐστὶ
3379 642 3535 687 κακὸν
3584 641 3642 688 τὸ
3676 657 3918 709 πνεύματι

595 723 810 795 subjici
841 720 1224 794 spiritualiter
1267 724 1448 791 atque
1500 735 1711 791 parere
1758 715 2006 773 senioris
2041 717 2182 768 Rom

2353 733 2453 784 κῶς
2495 727 2882 782 ὑποτάττεσθαι
2924 736 3014 781 καὶ
3071 731 3378 802 πειθαρχεῖν
3426 737 3537 788 ταῖς
3586 738 3677 788 τῆς
3731 730 3940 803 πρεσϐυ-

593 811 954 886 specialibus
981 808 1298 865 institutis:
1333 808 1604 864 abstineo
1635 808 1794 863 enim
1828 806 1906 861 ab
1938 803 2180 875 asperio

2350 819 2501 888 τέρας
2556 816 2751 890 Ῥώμης
2806 817 3214 894 ἶδιορρυθμίαις.
3286 814 3530 890 φείδομαι
3586 823 3685 892 γὰρ
3744 825 3934 893 τραχύ-

589 901 868 958 dictione.
908 898 1200 964 Quocirca
1247 895 1531 951 omnibus
1581 895 1717 951 laici
1763 895 2036 965 injungo,
2067 890 2176 946 voh

2349 909 2492 977 τερόν
2535 925 2585 957 τι
2634 908 2809 962 εἰπεῖν.
2865 908 3018 961 ”Οθεδ
3072 913 3161 958 καὶ
3210 907 3602 979 ἐπισκηπτομαι
3657 915 3794 960 πᾶσι
3843 917 3935 970 τοῖς

587 991 693 1064 qui
717 987 1025 1045 catholicae
1081 984 1352 1041 Ecclesiae
1407 984 1650 1055 genuini
1702 983 1840 1038 estis
1895 980 2088 1045 liberi,
2119 984 2174 1034 to

2350 991 2563 1058 λαῑκοῖς,
2617 998 2732 1048 ὅσοι
2777 1005 2868 1057 τῆς
2921 997 3202 1056 κατολικῆς
3263 995 3576 1056 Ἐκκλησίας
3632 995 3748 1048 ἐστὶ
3800 1004 3937 1049 τέκνα

585 1078 739 1152 pede
769 1077 971 1146 fugere
1031 1074 1108 1130 ab
1157 1075 1228 1129 iis
1280 1073 1692 1130 sacerdotibus
1721 1071 1827 1144 qui
1895 1069 2172 1124 Latinoru

2350 1088 2564 1152 γνησία,
2617 1089 2818 1156 φεύγειν
2886 1087 2983 1157 ὅλῳ
3047 1081 3176 1137 πόδὶ
3242 1084 3342 1136 ἀπὸ
3410 1093 3510 1136 τῶν
3585 1088 3937 1137 ὑποπεσόντων

584 1167 933 1225 obedientiae
990 1180 1121 1221 sese
1165 1164 1614 1219 submiserunt:
1642 1177 1793 1218 neve
1837 1161 1896 1214 in
1927 1157 2171 1214 ecclesia

2352 1171 2518 1243 ἱερέων
2548 1181 2609 1243 τῇ
2669 1180 2920 1246 Λατινικῇ
2954 1177 3190 1246 ὑποταγῇ
3225 1173 3324 1244 (6)’
3357 1179 3446 1225 καὶ
3477 1170 3616 1244 μηδὲ
3655 1174 3721 1233 εἰς
3761 1174 3934 1231 ἐκκλη-

583 1276 722 1316 cum
753 1257 864 1312 illis
896 1254 1226 1323 convenite,
1252 1268 1362 1308 nec
1397 1253 1581 1308 ullam
1613 1267 1644 1306 e
1694 1249 1979 1306 manibus
2031 1263 2170 1302 eoru

2351 1263 2468 1310 σίαν
2500 1264 2697 1322 τούτοις
2725 1266 3032 1335 συνάγεσθε,
3081 1259 3220 1333 μηδὲ
3264 1262 3493 1333 εὐλογίαν
3542 1263 3599 1314 ἐκ
3625 1272 3724 1314 τῶν
3757 1274 3935 1336 χειρῶν

582 1347 864 1419 suscipite
891 1343 1396 1400 benedictionem.
1453 1344 1696 1396 Praestat
1746 1340 1926 1407 enim,
1960 1338 2022 1391 in
2051 1336 2169 1390 don

2349 1347 2515 1399 αὐτῶν
2546 1347 2771 1421 δέχεσθε
2799 1358 2893 1410 τὴν
2948 1360 3242 1424 τυχοῦσαν·
3276 1358 3530 1423 Κρεῐσσόν
3566 1355 3668 1424 γὰρ
3716 1351 3856 1404 ἐστιν
3898 1352 3936 1403 ἐν

577 1437 695 1494 bus
721 1435 926 1491 vestris
956 1434 1145 1488 Deum
1195 1430 1454 1486 solitarie
1509 1429 1759 1502 precari,
1821 1442 2007 1500 quam
2065 1425 2164 1480 ine

2345 1444 2454 1497 τοῖς
2488 1440 2652 1502 οῖκοις
2688 1443 2830 1512 ὑμῶν
2863 1449 2935 1511 τῷ
2967 1450 3080 1511 Θεῷ
3127 1442 3524 1514 προσεύχεσθαι
3562 1447 3878 1512 καταμόνας,
3909 1444 3932 1499 ἡ

579 1527 759 1584 clesia
789 1524 1066 1580 collectas
1097 1538 1235 1577 cum
1267 1521 1620 1590 subjectitiis
1671 1520 1880 1574 Latina
1937 1515 2165 1571 sentien

2348 1523 2422 1576 ἐπ’
2470 1525 2771 1592 ἐκκλησίας,
2826 1531 3143 1601 συνάγεσθαι
3203 1532 3334 1600 μετὰ
3387 1538 3485 1579 τῶν
3552 1536 3935 1603 Λατινοφρόνων

575 1615 692 1671 bus
731 1614 949 1671 facere.
985 1613 1040 1668 Si
1083 1611 1221 1684 quis
1261 1616 1465 1666 autem
1513 1609 1810 1665 dictorum
1855 1604 2162 1662 sacerdotu

2346 1615 2684 1686 ὑποταγάτων
2858 1619 2915 1671 Εἰ
2955 1615 3014 1671 δέ
3042 1638 3122 1679 τις
3151 1627 3250 1668 τῶν
3299 1618 3574 1689 εἰρημένων
3626 1620 3802 1690 ἱερέων
3842 1617 3933 1689 βίῳ

574 1704 697 1760 vita
723 1703 970 1777 quidem
1001 1703 1272 1769 honesta,
1299 1700 1634 1767 decoratur,
1682 1700 2082 1770 pietatemque
2107 1710 2161 1749 ax

2343 1707 2430 1774 μὲν
2459 1714 2736 1777 κοσμεῖται
2768 1717 2934 1779 σεμνῷ
2963 1712 3052 1759 καὶ
3077 1706 3336 1767 εὐλαϐείας
3368 1706 3661 1778 ἀντέχεται,
3696 1717 3851 1758 τούτο
3880 1704 3930 1758 δὲ

578 1793 873 1866 plectitur,
915 1792 975 1848 in
1003 1808 1072 1848 eo
1101 1807 1243 1846 vero
1272 1790 1567 1845 duntaxat
1590 1787 1900 1860 delinquit,
1934 1783 2100 1857 quod
2127 1799 2162 1838 a

2338 1798 2489 1864 μόνον
2543 1794 2686 1847 ἐστὶν
2734 1798 3066 1870 ἡμαρτηκὼς,
3126 1800 3184 1847 τὸ
3239 1793 3333 1847 διὰ
3364 1793 3486 1867 βίαν
3518 1797 3546 1853 ἦ
3594 1803 3925 1869 συναρπαγιὲν

569 1897 677 1954 per
708 1883 824 1938 vim
875 1885 979 1936 aut
1034 1896 1140 1952 per
1189 1879 1635 1951 surreptionem
1665 1875 2047 1932 succubuerit
2076 1876 2152 1928 La

2342 1879 2646 1934 ὑπενδούναι
2687 1891 2749 1955 τῇ
2804 1883 3176 1959 ἐπισφρησάση
3228 1892 3341 1944 ταῖς
3387 1884 3571 1935 αὐτόθι
3627 1883 3929 1945 ἐκκλησίαις

566 1987 785 2028 norum
816 1969 1120 2042 tyrannidi
1141 1985 1276 2041 quae
1330 1968 1446 2024 illic
1494 1967 1778 2024 ecclesias
1817 1965 2054 2029 invasit,
2087 1979 2153 2034 pr

2339 1969 2602 2044 τυραννίδι
2653 1979 2925 2043 Λατινικῆ,
2960 1979 3045 2025 κοὶ
3091 1977 3179 2025 τὸν
3227 1976 3441 2025 πάππαν
3491 1975 3629 2044 ἔχειν
3684 1973 3926 2048 ἀρχιερέα

563 2060 880 2134 fessusque
911 2060 1086 2116 fuerit
1109 2075 1171 2114 se
1196 2075 1418 2131 papam
1453 2073 1562 2129 pro
1588 2056 1870 2129 pontiﬁce
1901 2070 2010 2109 suo
2036 2068 2150 2122 agn

2337 2059 2671 2130 ὁμολογῆσαι·
2705 2064 2730 2112 ὁ
2768 2070 2994 2123 τοιοῦτος
3031 2062 3195 2124 mw;
3240 2067 3311 2134 μὴ
3358 2065 3793 2136 παραχωρείσθω
3841 2066 3924 2113 σὺν

564 2164 913 2221 scere;non
973 2148 1140 2204 aliter
1191 2148 1570 2220 permittatur
1619 2145 1939 2201 vobiscum
1978 2142 2135 2198 coire

2332 2148 2447 2220 ὑμῖν
2490 2149 2931 2212 ἐκκλησιαζεσθαι
2983 2156 3072 2202 καὶ
3133 2153 3398 2224 ίερατικώς
3453 2151 3692 2225 ἐνεργεῖν,
3760 2153 3804 2203 εἰ
3858 2156 3919 2221 μή

563 2239 879 2296 ecclesiam
941 2243 998 2293 et
1065 2235 1512 2292 sacerdotaliter
1567 2234 1824 2306 operari,
1881 2232 1995 2288 nisi
2047 2232 2150 2303 prii

2335 2242 2571 2311 πρότερον
2635 2243 2771 2292 κατὰ
2833 2245 3112 2314 πρόσωπον
3177 2250 3270 2292 τοῦ
3333 2247 3789 2314 αρχιεπισκόπου.
3833 2249 3922 2292 τῶν

563 2342 910 2397 conversus,
942 2341 1146 2380 coram
1182 2325 1522 2380 Latinorum
1544 2322 1996 2394 archiepiscopo
2017 2326 2073 2377 et
2093 2336 2150 2392 εει

2337 2333 2582 2396 Λατίνων,
2630 2335 2719 2381 καὶ
2758 2339 2857 2382 τῶν
2914 2330 3005 2382 ὑπ’
3061 2331 3202 2401 αὐτῷ
3250 2329 3545 2382 ἐπισκόπων
3591 2329 3924 2404 ἐπιστραφεὶς

564 2417 760 2488 scopis
791 2416 844 2470 ei
869 2413 1145 2479 subditis,
1175 2412 1420 2468 dixerit:
1455 2415 1580 2467 Non
1612 2413 1718 2466 erit
1747 2410 1826 2466 ad
1874 2411 2037 2465 hunc
2084 2427 2151 2465 ml

2340 2419 2479 2468 εἴποι·
2537 2418 2658 2490 Ούχ
2723 2420 2883 2479 οὕτως
2935 2422 3104 2471 ἔσται·
3174 2418 3280 2470 ἀλλ’
3349 2421 3375 2470 ὁ
3443 2420 3927 2493 προαπεσταλμένος

563 2505 743 2572 dum;
780 2504 884 2560 sed
905 2503 1090 2559 robur
1117 2501 1341 2558 habeat
1360 2518 1496 2574 quae
1528 2506 1664 2558 ante
1691 2501 1877 2555 missa
1897 2500 2007 2555 fuit
2035 2515 2147 2572 syn

2339 2503 2605 2568 τύνοδικὸς
2657 2506 2944 2580 ἀφορισμὸς
2996 2512 3271 2582 κρατείτω·
3301 2513 3391 2559 καὶ
3421 2507 3598 2577 πάλιν,
3626 2514 3822 2581 μέχρις
3872 2511 3926 2558 ἀν

561 2593 699 2650 dica
731 2594 1084 2664 segregatio.
1120 2594 1487 2663 Rursusque,
1508 2591 1701 2646 donec
1738 2590 1911 2660 juxta
1938 2589 1999 2644 id
2047 2605 2148 2661 qut

2338 2599 2458 2646 ιατὰ
2493 2601 2585 2654 τὴν
2636 2596 2914 2670 περίληψιν
2961 2604 3051 2656 τῆς
3097 2599 3345 2656 τοιαύτης
3395 2604 3604 2668 γραφῆς
3658 2602 3792 2671 πρὸς
3841 2604 3925 2653 την

561 2681 664 2739 illa
693 2681 986 2755 scriptura
1013 2678 1531 2751 complectitur,ad
1557 2679 1826 2734 divinam
1855 2673 2148 2750 sacra.qu

2338 2685 2462 2735 him
2514 2691 2603 2737 καὶ
2659 2688 2795 2759 ἱερὰν
2852 2683 3071 2738 σύνοδον
3123 2691 3214 2738 καὶ
3267 2690 3360 2743 τὴν
3413 2688 3558 2757 ἡμῶν
3609 2689 3925 2759 μετριότητα

560 2771 866 2844 synodum
895 2769 1492 2842 mediocritatemque
1515 2773 1786 2824 nostram
1833 2768 2147 2824 recurrerir

1102 2769 1492 2842 critatemque
1515 2773 1786 2824 nostram
1833 2768 2207 2824 recurrerint.
2321 2770 2687 2846 ἁναδράμωσι.

629 2953 688 3006 9.
719 2952 786 3006 Et
813 2948 1008 3005 clerici
1038 2948 1108 3004 iis
1160 2947 1434 3018 subjecti,
1484 2951 1782 3020 quotquot
1828 2951 2046 3002 nostrae
2100 2945 2208 3002 ad-

2392 2953 2460 3010 θ¹.
2489 2959 2590 3006 Καὶ
2641 2957 2690 3007 οἱ
2739 2955 2826 3007 ὑπ’
2866 2956 3052 3015 αύτούς
3100 2953 3361 3028 κληρικοὶ,
3415 2955 3531 3006 ὅσοι
3584 2958 3680 3012 τὴν
3741 2957 3918 3027 ἡμετέ-

554 3039 783 3097 ὴωτθηι
811 3039 1105 3104 Ecclesiae,
1139 3038 1463 3109 voluntque
1487 3037 1669 3092 ﬁdem
1701 3051 1736 3091 a
1802 3035 2070 3092 Patribus
2091 3039 2141 3091 tr

2332 3061 2411 3094 ναν
2470 3042 2798 3104 ἀσπάζονται
2850 3045 3183 3110 Ἐκκλησίαν,
3223 3049 3314 3095 καὶ
3369 3051 3457 3104 τῆς
3513 3039 3919 3118 πατροπαραδό-

554 3129 744 3186 ditam
783 3129 1053 3193 retinere,
1101 3142 1225 3183 non
1280 3126 1614 3182 subdentur
1670 3125 2055 3197 pontiﬁcibus
2084 3141 2141 3179 sm

2332 3149 2406 3182 που
2452 3137 2677 3195 πίστεως
2725 3131 3032 3205 ἀντίχεσται
3078 3131 3372 3205 βούλονται,
3434 3132 3538 3203 ούχ
3613 3133 3919 3184 ὑποκείσον-

554 3218 658 3291 qui
683 3218 1061 3290 praestiterint
1101 3216 1553 3284 obedientiam;
1603 3229 1798 3286 neque
1848 3215 1898 3269 si
1959 3215 2016 3284 ii,
2069 3230 2141 3269 cu

2333 3241 2407 3273 rut
2481 3229 2585 3282 τοῖς
2652 3227 2747 3280 τὴν
2809 3225 3072 3294 ὑποταγὴν
3145 3226 3520 3294 ποιησαμένοις
3581 3219 3920 3296 ἀρχιερεῦσιν

556 3306 831 3362 Ecclesiae
871 3306 1092 3361 Latinae
1131 3305 1568 3376 obtemperent,
1610 3303 1742 3359 illos
1796 3318 2143 3359 excommur

2334 3309 2504 3362 ιιύτῶν·
2568 3307 2692 3362 οὐδὲ
2749 3310 3097 3384 ἀφοριζόντων
3158 3309 3327 3361 αὐτῶν
3379 3311 3534 3362 ύνεκα
3589 3317 3687 3361 τοῦ
3757 3311 3921 3361 πείθε-

557 3396 839 3466 caverint,
871 3395 994 3450 ulla
1021 3410 1092 3450 ex
1124 3399 1291 3467 parte
1321 3394 1655 3466 quidquam
1719 3392 2016 3448 ullatenus
2041 3409 2144 3448 cur

2336 3401 2447 3450 τθαι
2508 3407 2571 3470 τῇ
2641 3406 2894 3471 Λατινικῇ
2963 3398 3248 3470 Ἐκκλησία
3308 3404 3492 3473 μικρόν
3552 3418 3608 3450 τι
3673 3396 3923 3471 ἐπιστρα-

555 3484 728 3540 bunt.
761 3483 1070 3555 Ejusmodi
1117 3483 1344 3554 quippe
1388 3497 1646 3537 censura
1705 3481 1870 3537 irrita
1905 3488 2014 3549 est,
2061 3497 2142 3554 qu

2333 3493 2594 3558 ρὴσονται.
2647 3487 2707 3540 Ὀ
2756 3491 2859 3562 γὰρ
2903 3497 3137 3549 τοιοῦτος
3183 3486 3468 3560 ἀφορισμὸς
3528 3489 3730 3561 οἱκυρός
3793 3486 3920 3550 ἐστι,

555 3573 680 3630 imo
708 3572 790 3630 ad
814 3587 1092 3628 censores
1121 3571 1466 3638 revertitur;
1494 3570 1786 3642 quoniam
1834 3573 1892 3625 et
1947 3571 2134 3626 scand

2332 3581 2407 3628 ιαὶ
2458 3580 2582 3648 πρὸς
2649 3580 2773 3638 τούς
2825 3576 3164 3649 ὰφορίζοντας
3245 3575 3437 3648 μᾶλλον
3524 3575 3919 3648 ἐπαναστρέφει-

554 3663 754 3720 lorum
779 3661 1190 3718 conciliatores
1230 3659 1580 3715 exstiterunt
1628 3659 1856 3730 populo
1897 3660 2019 3724 Dei,
2069 3677 2141 3715 cu

2334 3669 2399 3718 ἰτι
2445 3671 2536 3718 καὶ
2594 3663 2898 3718 σκανδάλων
2954 3671 3203 3737 γεγόνασι
3231 3665 3468 3737 πρόξενοι
3524 3673 3598 3735 τῷ
3648 3664 3768 3735 λαῷ
3839 3673 3921 3716 τού

557 3766 867 3808 sacrorum
891 3764 1195 3806 canonum
1224 3746 1603 3818 disciplinam
1643 3746 2094 3812 conculcarunt,
2122 3748 2144 3801 i

2337 3763 2474 3823 θεοῦ,
2549 3761 3006 3815 καταπατησαντες
3091 3759 3185 3812 τὴν
3285 3763 3384 3805 τῶν
3467 3757 3613 3827 ἱερῶν
3699 3761 3924 3807 κανόνων

556 3856 803 3897 vasores
855 3844 912 3894 et
952 3838 1287 3894 alienorum
1341 3837 1702 3908 appetitores
1732 3837 1780 3870 ²³
1835 3851 2143 3908 receperur

2335 3843 2605 3919 ἰικρίϐειαν,
2675 3850 2766 3896 καὶ
2828 3849 2946 3905 τοὺς
3014 3843 3326 3915 ἐπιϐήτορας
3400 3848 3490 3894 καὶ
3566 3841 3922 3916 ἀλλοτριοεπιε

558 3936 736 4003 atque
758 3929 830 3983 iis
858 3927 1154 3983 dederunt
1178 3942 1418 3992 manus,
1469 3925 1635 3998 quod
1665 3931 1752 3981 est
1799 3925 2042 3995 signum
2073 3927 2145 3982 ob

2336 3938 2550 3996 τκόπους
2595 3931 2884 4012 δεξάμενοι,
2939 3938 3029 3984 καὶ
3079 3940 3266 4006 χεῖρας
3323 3928 3511 3992 δόντας
3567 3932 3648 4002 [ι.
3721 3929 3923 3996 δόντες]

557 4019 794 4075 dientias
825 4023 882 4072 et
935 4017 1255 4085 servitutis,
1303 4016 1436 4071 licet
1489 4015 1856 4070 contendant
1909 4015 2144 4071 dicend<

2335 4020 2492 4080 ιιύτοῖς
2571 4028 2783 4094 σημεῖον
2864 4021 3145 4079 εὐπειθείας
3230 4025 3320 4070 καὶ
3396 4015 3728 4080 δουλώσεωςο
3833 4020 3922 4070 κᾶν

558 4108 784 4163 Patrios
837 4121 1038 4161 mores
1066 4111 1306 4161 nostros
1363 4120 1758 4176 nequaquam
1805 4104 2145 4176 prodidimu

2338 4105 2778 4181 ἳιισχυρίζωνται
2834 4108 3087 4180 λέγοντες,
3120 4110 3185 4168 ὡς
3241 4107 3316 4159 Ού
3373 4104 3925 4180 καταπροδεδώκαμει

557 4211 756 4267 neque
788 4193 1015 4266 aliquid
1045 4200 1210 4249 extra
1251 4210 1563 4249 sacrorum
1613 4208 1914 4248 canonum
1947 4210 2144 4265 praise]

2338 4200 2385 4249 ’ὰ
2437 4198 2636 4271 πάτρια
2681 4201 2826 4270 ἡμῶν
2879 4199 2992 4268 ἔθη,
3044 4193 3168 4249 οὐδὲ
3216 4194 3275 4248 δι
3321 4205 3420 4248 τῶν
3490 4199 3634 4268 ίερών
3699 4202 3925 4249 κανόνων

559 4289 662 4356 pta
683 4283 1026 4354 peregimus
1051 4299 1066 4346 ;
1093 4282 1286 4351 ignari
1316 4283 1444 4353 ejus
1473 4281 1640 4353 quod
1667 4281 2016 4353 loquuntur.
2058 4287 2141 4338 Na

2337 4286 2415 4348 ’Eco
2465 4289 2830 4359 πεπράχαμενο
2883 4291 2955 4358 μὴ
3008 4283 3204 4346 εἰδότες
3251 4287 3278 4336 ὃ
3337 4284 3595 4356 λέγουσιν.
3671 4287 3744 4337 Οἱ
3827 4288 3924 4359 γὰρ

559 4375 906 4427 sanctorum
957 4369 1368 4440 apostolorum
1432 4369 1898 4441 divinorumque
1960 4371 2146 4427 Patru

2342 4385 2416 4427 ’ὡν
2460 4377 2619 4448 ἁγίων
2672 4375 2972 4428 ἀποστόλων
3024 4381 3114 4427 καὶ
3167 4383 3267 4426 τῶν
3349 4376 3494 4426 θείων
3542 4379 3792 4448 Πατέρων
3840 4395 3929 4426 κα-

559 4472 823 4514 canones
871 4458 1267 4528 segregationi
1349 4457 1674 4528 subjiciunt
1719 4458 2036 4531 episcopos
2100 4477 2142 4533 q

2346 4471 2449 4526 όνες
2532 4465 2807 4540 ἀφορισμῷ
2890 4463 3348 4517 καθυποϐάλλούσι
3424 4467 3544 4524 τοὺς
3606 4472 3710 4516 τῶν
3782 4462 3929 4515 ἁλλο-

560 4545 789 4603 alienas
818 4545 1090 4617 regiones
1118 4545 1414 4602 invadunt
1442 4564 1454 4614 ;
1490 4545 1596 4601 sed
1625 4551 1684 4602 et
1708 4562 1811 4602 eos
1840 4549 2147 4605 anathema

2338 4559 2470 4627 ’ρίων
2549 4555 2754 4628 ίνοριῶν
2824 4551 3323 4626 κατεπεμϐαίνοντας
3397 4551 3717 4612 ἐπισκόπους
3797 4551 3925 4604 ἀλλὰ

629 4726 679 4762 ³³
702 4727 872 4782 Joan.
903 4741 1005 4792 xv,
1035 4728 1124 4780 26.
1157 4723 1206 4760 ³³
1236 4723 1256 4778 I
1285 4727 1437 4784 Petr.
1464 4741 1543 4794 Iv,
1575 4730 1660 4782 t5.

625 4893 705 4963 (6)
727 4895 801 4950 Τῆ
836 4896 1087 4963 Auamma
1123 4889 1391 4963 ὑποταγῇ.
1428 4887 1648 4963 _Idem_
1673 4890 2008 4963 Germanus
2056 4892 2209 4947 Grae-

2338 4895 2834 4950 rommunicationi
2887 4893 3132 4962 subjeci,
3183 4892 3237 4947 si
3272 4897 3381 4948 aut
3417 4907 3455 4947 a
3497 4905 3685 4947 manu
3718 4894 3925 4962 cujus—

556 4959 767 5020 corum
799 4961 1139 5036 patriarcha
1167 4961 1288 5036 _CP.
1338 4959 1516 5036 Epist.
1575 4960 1654 5015 ad
1683 4961 1972 5036 aemulum
1992 5033 2005 5036 _
2029 4979 2207 5036 suum
2316 4982 2495 5036 quam
2524 4966 2922 5030 sacerdotum,
2943 4959 3045 5035 qui
3074 4959 3315 5034 promer
3328 4963 3518 5036 animi
3528 4959 3850 5036 mollitiem
3865 4965 3922 5017 in

555 5031 1033 5106 patriarcharum
1060 5032 1402 5106 Latinorum
1433 5034 1578 5106 CP.,_
1594 5031 1923 5106 productus
1953 5033 2030 5088 ab
2055 5033 2208 5090 Alla-
2315 5031 2709 5093 obedientiam
2735 5044 2787 5092 et
2820 5031 3194 5092 voluntatem
3219 5037 3431 5090 veteris
3451 5035 3644 5089 Romae
3673 5035 3928 5106 delapsi

556 5098 638 5162 tio
667 5106 752 5161 De
770 5107 875 5176 lib.
907 5106 1110 5161 eccles.
1135 5104 1323 5176 Graec.
1348 5121 1368 5156 .'
1392 5101 1524 5176 Ἐ’γῲ
1544 5098 1708 5154 tie-xui
1727 5108 1846 5164 τοὺς
1868 5102 1915 5154 ἐν
1940 5111 2143 5156 Κωνστο

2336 5115 2470 5176 runt,
2499 5108 2852 5163 oblationem
2891 5108 3207 5174 accipiant,
3229 5113 3335 5161 aut
3363 5120 3484 5161 una
3511 5120 3642 5160 cum
3660 5105 3738 5160 iis
3760 5098 3923 5174 psal-

554 5175 841 5249 τινουπόλει
898 5177 1181 5249 ΓραικοὺςΔ
1207 5175 1409 5246 φθάσας
1457 5172 1756 5247 Ἵάφορισμῷ
1827 5176 2141 5228 καθυπέϐαλε

2340 5172 2467 5247 ant,
2500 5186 2563 5233 ut
2605 5180 2952 5235 divinorum
2998 5172 3434 5249 sacrorumque,
3467 5172 3774 5231 canonum
3800 5186 3858 5232 et
3889 5191 3925 5232 a

552 5244 744 5328 [Maevi
793 5256 889 5328 τῷν
937 5242 1110 5320 ’ἱερέων
1152 5242 1185 5296 δ
1193 5242 1246 5296 ιὰ
1286 5242 1588 5328 ,χαύνωσιν
1615 5242 1798 5328 ψύχῆὶς
1836 5247 2139 5328 ύποχμλασε

2338 5242 2640 5328 rtajoribus
2695 5250 3071 5316 traditarum,
3111 5242 3601 5303 consuetudinum
3648 5249 3925 5316 prodito-

551 5319 765 5398 ra‘wmei;
823 5317 1111 5398 {litora-7iva
1131 5323 1224 5398 καὶ
1257 5317 1476 5398 ,θέλημα
1528 5324 1622 5378 τῆς
1687 5317 1914 5398 παλαιᾶς
1979 5317 2199 5398 Ῥώμης,
2308 5317 2494 5376 ribus,

552 5387 692 5460 μηδὲ
739 5409 777 5440 π
814 5386 1038 5462 οσφορὰν
1079 5386 1336 5459 δέχεσθαι
1385 5386 1439 5438 ἔκ
1480 5397 1577 5438 τῶν
1622 5397 1813 5462 χειρῶν
1840 5389 2022 5459 αὐτῶν,
2061 5386 2132 5462 μη

552 5408 873 5510 συαώάλξειν
945 5462 1140 5510 αὐτοῖς.
1211 5462 1279 5510 ὡς
1358 5455 1642 5510 προδόταις
1715 5469 1815 5510 τῶν
1883 5463 2026 5510 θείων
2106 5483 2136 5510 κ

2379 5393 2458 5464 (7)
2482 5392 2866 5463 ’Υποταγάτων.
2907 5388 3150 5445 Michael
3180 5388 3507 5445 Balsamon
3537 5389 3594 5444 in
3625 5389 3917 5460 Anapho-

2330 5479 2373 5510 »Α
2421 5463 2556 5510 clari
2610 5467 2709 5510 ΠΡ,
2761 5463 2922 5510 amid
2974 5463 3226 5510 Leonem
3279 5459 3559 5510 Allatium
3612 5461 3698 5510 De
3745 5461 3913 5510 Eccl.

551 5455 896 5532 συμψάλλειν’
945 5455 1179 5525 αὐτοῖς’
1211 5462 1279 5520 ὡς
1358 5455 1659 5532 προδόταις
1713 5455 1815 5510 τῶν
1883 5455 2026 5512 θείων
2061 5455 2070 5462 ’
2106 5483 2136 5513 κ

2325 5455 2559 5518 ’δ’(ΞΙετὶ
2610 5455 2710 5518 CF.
2761 5463 2926 5532 apud
2971 5463 3227 5516 Leonem
3278 5459 3560 5532 Allatium
3612 5461 3698 5516 De
3745 5455 3912 5516 Eccl.

552 5527 699 5604 ἱερῶν
729 5537 972 5595 κανόνων,
1019 5535 1107 5581 καὶ
1138 5539 1237 5604 τῶν
1267 5527 1747 5602 πατροπαραδότων
1786 5530 1929 5586 ἐθῶν.
1963 5533 2082 5602 Ego
2107 5550 2139 5589 υ

2327 5535 2604 5591 )ccident.
2653 5541 2708 5589 et
2750 5527 2972 5589 Oi-ient.
3020 5535 3400 5588 consensione
3423 5531 3530 5587 lib.
3569 5547 3652 5602 ιιι,
3682 5547 3829 5603 cap.
3861 5535 3914 5599 2,

547 5601 618 5676 ro
646 5609 702 5662 et
730 5605 965 5661 ercos
993 5603 1100 5677 qui
1135 5601 1655 5672 ConstantinOpoti
1671 5604 1896 5674 degunt
1927 5601 2065 5674 jam
2093 5621 2134 5661 ες

1691 5604 1896 5674 tegunt
1927 5601 2065 5674 jam
2093 5621 2192 5661 εἰε-
2304 5621 2362 5660 ιι.
2388 5610 2440 5675 4,
2463 5604 2650 5679 Ἐσμεν
2675 5607 2843 5664 ύποθη
2854 5607 3054 5678 σιάριοι
3079 5606 3278 5664 πάντες.
