4020 6310
575 344 681 398 827

575 557 763 612 ribiiis
782 556 880 612 illa
897 558 1362 628 sententia,qua=,
1398 557 1556 613 dicit:
1595 557 1851 622 Esurivi,
1898 561 2088 612 etnon
2131 555 2230 610 de-

575 647 744 702 distis
761 647 913 701 mihi
927 646 1318 702 manducare.
1335 647 1552 702 Nudus
1567 662 1752 712 eram,
1769 653 1824 702 et
1845 661 1966 702 non
1993 647 2230 714 operuis

576 738 650 792 tis
671 751 762 791 me
781 737 822 789 ⁵.
847 738 1052 808 Neque
1075 737 1234 792 enim
1251 736 1395 792 mihi
1417 752 1486 792 os
1501 737 1732 808 aperire
1749 736 1838 792 fas
1853 740 1958 801 est,
1973 740 2031 791 et
2057 750 2229 790 exem

571 825 672 897 plo
695 825 860 880 Pauli
893 825 1188 898 populum
1249 842 1450 881 meum
1510 826 1850 891 admonere,
1915 833 1972 881 et
2008 825 2224 881 dicere:

569 914 870 970 Habentes
895 915 1179 970 alimenta
1204 920 1257 971 et
1277 916 1492 985 quibus
1512 921 1804 984 tegamur,
1839 916 1931 971 his
1967 913 2232 970 contenti

571 1005 797 1059 erimus
817 1005 859 1058 σε
885 1005 1088 1075 Neque
1111 1003 1270 1060 enim
1298 1004 1522 1060 victum
1575 1018 1688 1073 ego
1733 1003 1907 1060 vobis
1953 1002 2232 1076 suppedi-

569 1092 716 1147 tavi.
2005 1116 2010 1119 -

640 1179 1060 1245 Nihilominus,
1084 1180 1366 1253 quamvis
1388 1182 1448 1236 in
1470 1181 1584 1236 hac
1605 1185 1769 1236 tanta
1788 1181 1992 1254 inopia
2013 1181 2229 1237 consti-

569 1272 753 1336 tutus,
771 1273 1098 1342 utrumque
1113 1274 1398 1340 praestare
1423 1270 1710 1335 conabor,
1735 1277 2030 1342 quantum
2074 1271 2228 1326 vires

569 1357 785 1420 ferunt,
814 1364 874 1414 ut
892 1364 951 1413 et
970 1358 1300 1414 esurientes
1323 1374 1591 1430 pascam,
1635 1363 1693 1414 et
1712 1360 1910 1415 nudos
1955 1361 2225 1426 vestiam,

571 1448 736 1502 omni
759 1461 893 1502 mea
918 1462 1023 1517 spe
1044 1463 1114 1502 ex
1140 1446 1260 1513 illo,
1288 1447 1391 1519 qui
1415 1448 1591 1519 panis
1612 1447 1781 1502 vivus
1799 1453 1906 1511 est.
1932 1463 2231 1520 suspensa

569 1535 675 1607 qui
694 1535 770 1590 de
790 1535 942 1590 cmlo
957 1535 1285 1599 descendit,
1308 1535 1725 1609 mundumque
1738 1537 1962 1592 afame:
1995 1538 2230 1592 animas

571 1623 878 1695 perdente,
899 1623 1190 1690 liberavit;
1215 1624 1318 1696 qui
1341 1629 1397 1678 et
1411 1625 1538 1696 ipse
1559 1631 1648 1680 est
1660 1627 2078 1681 vestimentum
2127 1642 2228 1681 sa-

572 1712 1262 1782 lutis,ettunicalmtitim
1283 1729 1356 1769 ex
1397 1715 1738 1770 coelestibus
1783 1721 2077 1778 contexta,
2123 1717 2227 1788 qui

1717 340 2032 401 GERMANI
2069 338 2118 395 II
2175 337 2280 395 ΟΡ.
2320 337 2804 402 ΡΑΊἮΙΑΗΟΗΕ.

576 468 816 524 nuriam
851 467 1776 541 frequenteringemisco.’l‘erret
1794 468 1954 524 enim
1985 481 2082 522 me
2119 469 2230 521 ter-

2348 468 2648 541 πορεύομαι,

3838 343 3930 397 628

2726 471 2817 522 καὶ
2865 471 3036 521 πυκνὰ
3089 467 3320 529 στενᾶιζω
3376 466 3429 530 ἐξ
3487 468 3729 541 ἀπορίας.
3794 465 3933 519 Φοϐεῐ

2339 557 2442 629 γάρ
2501 575 2564 628 με
2618 559 2649 614 ἡ
2710 555 2982 632 φρικώδης
3037 556 3201 615 ἐκείνη
3277 556 3560 628 ἀπόφασις,
3631 557 3925 620 Ἐπείνασα,

2340 643 2586 715 λέγουσα,
2654 652 2746 698 καὶ
2824 647 2917 699 οὐκ
2992 643 3222 699 ἐδώκατέ
3296 666 3387 718 μοι
3457 653 3660 717 φαγεῖν.
3743 646 3929 715 Γυμνός

2339 733 2500 805 ἢμην,
2561 740 2651 787 καὶ
2710 736 2770 787 οὐ
2837 735 3158 810 περιεϐάλετὶ
3223 754 3304 807 με.
3373 735 3484 786 Οὐκ
3550 738 3670 786 ἔστι
3738 730 3799 786 δὲ
3849 753 3928 805 μοι

2339 828 2513 895 στόμα
2551 824 2752 887 ἀνοῖξαι
2804 831 2898 877 καὶ.
2947 827 3078 897 μετὰ
3120 825 3321 877 Παῦλον
3372 827 3459 876 τὸν
3519 821 3641 895 ἐμὸν
3697 824 3928 879 νουθετῆ-

2339 929 2431 964 σαι
2509 912 2632 964 λαὸν
2725 919 2816 965 καὶ
2896 914 3072 967 εἰπεῖν·
3144 912 3393 984 Ἔχοντες
3476 909 3773 987 διατροφὴν
3848 915 3930 962 καὶ

2339 1003 2707 1074 σκεπάσματα,
2787 1005 2988 1063 τούτοις
3081 1003 3534 1076 ἀρκεσθησόμεθα.
3621 997 3770 1054 Οὐδὲ
3835 1001 3927 1073 γὰρ

2339 1093 2503 1148 αὐτὴν
2533 1089 2632 1162 ἕγὼ
2663 1089 2898 1164 ἄχορήγη
2908 1111 2994 1146 σα.

2407 1178 2588 1251 ’Ὁμως
2619 1176 2678 1233 δέ
2722 1187 2810 1233 καὶ
2853 1183 3018 1243 οὕτως
3048 1178 3234 1242 ἐνδεῶς
3283 1181 3421 1252 ἔχων
3477 1184 3598 1253 περὶ
3650 1178 3925 1252 ἀμφότερα,

2337 1271 2658 1341 πειράσομαι
2695 1273 2830 1322 κατὰ
2886 1274 2943 1321 τὸ
2993 1267 3214 1323 δυνατὸν
3270 1275 3359 1321 καὶ
3414 1268 3606 1340 θρέψαι
3655 1271 3781 1328 τοὺς
3828 1286 3930 1318 πει-

2337 1365 2543 1425 νῶντας,
2621 1363 2711 1410 καὶ
2799 1359 3088 1431 περιϐαλεῖν
3168 1362 3288 1420 τοὺς
3357 1361 3802 1431 γυμνητεύοντας,
3877 1359 3927 1408 τὸ

2337 1453 2440 1498 πᾶν
2465 1456 2559 1509 τῆς
2588 1445 2792 1509 ἓλπίδος
2823 1448 3176 1522 ἐπικρεμάσας
3228 1447 3297 1509 είς
3356 1451 3440 1499 τὸν
3473 1446 3669 1509 ζῶντα,
3719 1451 3809 1498 καὶ
3851 1449 3930 1496 τόν

2338 1533 2391 1596 ἐξ
2429 1536 2648 1607 οὐρανοῦ
2685 1537 3100 1603 καταϐεϐηκότα,
3161 1544 3249 1590 και
3323 1545 3418 1599 τῆς
3471 1535 3814 1608 ψυχολέθρου
3861 1532 3930 1584 λι-

2338 1625 2544 1695 μώξεως
2569 1629 2656 1678 τὸν
2708 1631 2904 1698 κόσμον
2961 1627 3429 1701 ἐκλυτρωσάμενον.
3483 1625 3646 1680 Ἐστι
3698 1621 3760 1677 δέ
3793 1623 3929 1682 αὐτὸς

2340 1715 2542 1785 ἱμάτιον
2601 1721 2894 1790 σωτηρίου,
2955 1722 3045 1768 καὶ
3093 1721 3260 1788 χιτὼν
3340 1715 3665 1788 εὐφροσύνης
3737 1713 3793 1765 ἐκ
3841 1722 3927 1764 τῶν

572 1800 847 1856 omnium
872 1801 1086 1856 Adami
1109 1807 1484 1872 posterorum
1525 1803 1856 1859 nuditatem
1893 1805 2049 1859 texit.
2095 1805 2225 1868 Qui-

2348 1803 2527 1854 ἰνωθεν
2585 1805 2823 1876 ὑφαντὸς,
2866 1807 2892 1856 ό
2940 1808 3144 1858 πάντων
3189 1824 3290 1856 των
3332 1805 3386 1867 ἓξ
3439 1801 3623 1877 Ἀδὰμ
3687 1807 3926 1875 περιστεί-

575 1905 812 1962 cunque
841 1891 1001 1946 enim
1024 1893 1088 1946 in
1111 1892 1349 1947 Christo
1373 1891 1664 1962 baptizati
1679 1909 1902 1959 sumus,
1929 1894 2224 1950 Christum

571 1968 876 2036 induimus
896 1983 938 2034 ⁷.
958 1981 1069 2037 Sed
1083 1981 1376 2054 quidnam
1397 1982 1692 2054 populum
1713 1999 1915 2038 meum
1939 1984 2058 2039 huc
2089 1999 2230 2038 con-

570 2070 834 2126 vocavit?
856 2069 1152 2125 Undeista
1179 2075 1297 2126 tam
1322 2071 1574 2140 insignis
1621 2072 1860 2128 concio?
1909 2075 2038 2138 Qua
2087 2088 2230 2128 con-

576 2159 847 2216 ventione
873 2175 1042 2214 sacer
1063 2159 1170 2214 iste
1192 2161 1480 2215 exercitus
1501 2166 1745 2216 coactus
1771 2161 1908 2216 est?
1956 2167 2042 2217 An
2087 2162 2230 2234 quia

574 2263 713 2303 cum
743 2251 1047 2318 sceptrum
1069 2247 1294 2319 ubique
1316 2249 1622 2317 regnantis
1646 2251 1818 2318 Regis
1839 2251 1954 2306 hoc
1975 2251 2107 2306 loco
2128 2251 2232 2306 ho-

573 2336 670 2391 die
691 2335 998 2399 exaltetur,
1033 2336 1396 2407 signumque
1440 2337 1646 2392 omnia
1677 2339 1927 2394 tenentis
1975 2339 2232 2412 impera-

575 2424 719 2478 toris
739 2423 1028 2479 eximium
1049 2425 1110 2478 in
1131 2424 1313 2495 hujus
1336 2425 1540 2496 templi
1575 2425 1745 2481 altari
1761 2426 2117 2483 collocatum
2162 2429 2235 2485 sit

577 2516 636 2566 et
660 2517 945 2578 erectum,
983 2527 1361 2584 consequens
1390 2517 1500 2578 est,
1522 2518 1586 2569 ut
1607 2518 1662 2569 et
1704 2518 2081 2587 Imperatoris
2126 2518 2218 2573 mi

578 2601 710 2657 lites
736 2606 794 2656 et
815 2601 1093 2657 satellites
1113 2601 1273 2657 circa
1292 2601 1407 2657 hoc
1429 2607 1730 2674 sceptrum
1753 2609 1948 2662 castra
1979 2612 2230 2679 ponant,

580 2695 637 2746 et
679 2690 934 2746 tentoria
975 2690 1206 2762 ﬁgant?
1229 2693 1413 2746 Macte
1433 2692 1655 2764 popule
1674 2693 1869 2749 ﬁdelis
1909 2696 2232 2752 Conditori.

579 2781 759 2835 Macte
787 2778 1208 2835 benevolentia
1227 2794 1370 2850 erga
1390 2779 1731 2849 Dominum;
1758 2787 1952 2839 macte
1995 2788 2052 2840 et
2097 2784 2238 2841 obe-

579 2867 821 2926 dientia.

654 2966 805 3032 Quid
831 2967 1028 3037 igitur,
1057 2983 1094 3023 ο
1142 2967 1364 3036 egregii
1405 2966 1615 3024 Christi
1666 2969 1900 3041 milites,
1952 2975 2010 3027 et
2051 2970 2238 3028 electa

581 3055 678 3111 Dei
707 3060 902 3112 castra
923 3056 950 3110 ?
972 3058 1123 3111 Num
1148 3055 1290 3110 satis
1312 3055 1486 3111 vobis
1528 3057 1637 3112 erit
1683 3058 1802 3113 huc
1859 3061 2234 3127 convenisse,

2337 1891 2430 1953 λας
2459 1896 2553 1949 τὴν
2585 1895 2872 1965 γύμνωσιν.
2922 1893 3076 1946 Ὀσοι
3121 1897 3224 1967 γὰρ
3282 1893 3353 1954 εἰς
3403 1901 3640 1967 Χριστον
3694 1891 3929 1964 βεϐαπτί-

2342 1981 2528 2052 σμεθα,
2587 1985 2819 2052 Χριστὸν
2858 1978 3195 2055 ἑνδεδύμεθα.
3253 1981 3410 2035 Ἀλλὰ
3460 1987 3512 2034 τί
3570 1985 3636 2034 τὸ
3696 1979 3929 2051 συγκαλέο

2341 2086 2437 2118 σαν
2468 2071 2552 2119 τὸν
2602 2067 2724 2140 ἐμον
2767 2069 2888 2121 λαὸν
2932 2072 3204 2138 ἑνταυθοῐς
3256 2072 3417 2123 Πόθεν
3446 2072 3476 2128 ἡ
3527 2069 3664 2128 καλὴ
3717 2072 3930 2142 παρατα-

2341 2157 2420 2218 ξις
2475 2156 2643 2224 αὗτης
2680 2157 2793 2211 Κάκ
2826 2163 2960 2220 τίνος
3009 2161 3333 2232 συνθήματος
3393 2162 3451 2212 τὸ
3508 2161 3646 2232 ἱερὸν
3706 2176 3930 2229 συνεκρο-

2339 2247 2473 2303 τήθη
2509 2245 2902 2321 στρατόπεδονς
2934 2247 2998 2300 Ἢ
3047 2251 3273 2310 παντως,
3326 2248 3438 2301 ἐπεὶ
3469 2252 3527 2300 τὸ
3583 2255 3685 2300 τοῦ
3741 2246 3930 2319 παμϐα-

2342 2335 2523 2395 σιλέως
2586 2345 2850 2409 σκῆπτρον
2908 2341 3132 2390 ἐνταῦθα
3188 2343 3413 2412 σήμερον
3477 2336 3798 2408 ἁνυψοῦται,
3853 2340 3930 2387 καὶ

2341 2427 2370 2482 ἡ
2414 2433 2505 2477 τοῦ
2544 2430 2959 2502 παντοκράτορος
3000 2433 3205 2501 σημαία
3243 2427 3327 2482 ἐπὶ
3367 2429 3550 2501 βωμου
3610 2431 3800 2481 τούτου
3850 2433 3930 2478 τοῦ

2344 2516 2480 2587 ἱεροῦ
2518 2514 2732 2591 λαμπρά
2768 2517 3016 2592 λαμπρῶς
3057 2516 3431 2583 ἀνεστήλωται,
3492 2516 3782 2570 ἀκόλουθόν
3827 2518 3926 2568 ἐστι

2340 2609 2430 2656 καὶ
2481 2609 2602 2665 τοὺς
2651 2614 2744 2658 τοῦ
2801 2609 3216 2682 παντοκράτορος
3279 2613 3610 2680 στρατιώτας
3663 2611 3783 2680 περὶ
3832 2612 3931 2658 τοῦ·

2339 2711 2398 2745 το
2449 2697 2509 2745 τὸ
2567 2703 2833 2770 σκῆπτρον
2888 2693 3443 2770 στρατοπεδεύσασθαι
3480 2713 3494 2752 :
3527 2702 3632 2750 Καὶ
3665 2697 3783 2768 εὔγί
3836 2713 3925 2760 σοι,

2342 2781 2430 2834 λαὶ
2499 2787 2654 2836 πιστε
2703 2793 2777 2856 τῷ
2830 2791 3130 2854 ποιήσαντι,
3201 2783 3316 2858 εὖγε
3361 2793 3456 2848 τῆς
3521 2789 3659 2859 πρὸς
3723 2788 3810 2837 τὸν
3857 2791 3930 2836 Δε-

2347 2874 2546 2930 σπότην
2572 2873 2785 2936 εὐνοίας·
2819 2871 2934 2946 εὖγε
2961 2880 3051 2927 καὶ
3078 2881 3168 2936 τῆς
3193 2876 3451 2935 ὑπακοῆς.

2414 2965 2478 3013 Τί
2521 2958 2609 3015 οὖν
2667 2960 2706 3014 ὧ
2760 2963 2911 3017 καλοὶ
2969 2969 3288 3039 στρατίῶται
3338 2963 3597 3039 Χριστοῦ.
3672 2969 3764 3017 καὶ
3818 2979 3929 3032 παρ-

2347 3048 2532 3122 εμϐολὴ
2577 3059 2710 3104 Θεοῦ
2768 3051 3020 3122 Eudami;
3080 3054 3352 3130 ’Δρκεῖσθε
3405 3057 3560 3126 μόνον
3608 3061 3676 3127 τῇ
3731 3052 3930 3106 ἐνταῦθα

578 3159 774 3216 neque
785 3143 1122 3216 quidquam
1137 3143 1398 3216 amplius
1408 3145 1974 3220 prtestabitis,quam
1990 3154 2052 3204 ut
2064 3149 2236 3219 Regis

2350 3134 2620 3213 συνδρομῇ
2678 3145 2767 3193 καὶ
2818 3138 2970 3194 οὐδέν
3018 3161 3070 3194 τι
3108 3141 3257 3195 πλέον
3311 3149 3403 3195 τοῦ
3461 3149 3833 3215 προσκυνῆσαι
3881 3143 3930 3190 τό

582 3238 884 3303 sceptrum
915 3233 1210 3289 adoretis?
1237 3235 1388 3288 Num
1411 3237 1470 3289 et
1489 3249 1663 3290 arma
1683 3251 1919 3292 sumere
1938 3237 2240 3309 cupitis,et

583 3320 802 3375 bellum
842 3320 1093 3388 inire,et
1120 3319 1236 3376 tela
1279 3320 1479 3391 jacere
1529 3322 1589 3377 in
1639 3323 1824 3378 corda
1857 3324 2239 3381 inimicorum

581 3409 756 3478 Regis
771 3408 986 3464 nostri?
1015 3408 1356 3480 Ipsamque,
1382 3425 1518 3481 quae
1543 3409 1620 3465 ab
1645 3410 1759 3466 illis
1783 3411 2240 3486 blasphematur

584 3496 948 3552 etcalumnis
965 3497 1305 3565 incessitur,
1331 3513 1594 3566 crucem,
1613 3504 1904 3572 tanquam
1939 3508 2236 3574 tropaeum

586 3591 795 3640 contra
815 3584 948 3640 illos
973 3583 1196 3654 erigere
1222 3586 1250 3640 ?
1277 3585 1408 3641 Scio
1455 3601 1561 3640 vos
1606 3587 1734 3656 jam
1788 3589 1864 3644 ad
1889 3590 2236 3646 conﬂictum

585 3689 930 3746 properare,
955 3678 1013 3728 et
1030 3687 1319 3745 quaerere,
1350 3674 1596 3746 quinam
1623 3675 1739 3732 sint
1766 3677 1986 3733 inimici
2018 3680 2234 3737 crucis.

586 3767 650 3818 ut
671 3768 862 3819 totum
884 3763 1172 3836 impetum
1198 3766 1408 3817 contra
1432 3761 1666 3819 illorum
1691 3765 1998 3822 cohortem
2023 3767 2241 3838 diriga-

587 3851 681 3918 tis,
707 3851 913 3924 eisque
935 3851 1012 3906 ad
1036 3849 1395 3921 sanguinem
1424 3851 1732 3919 resistatis,
1780 3858 1837 3909 et
1879 3855 2241 3924 gloriﬁcetur

587 3940 648 3996 in
686 3941 854 3997 vobis
874 3941 968 3996 ille
994 3957 1007 4006 ;
1030 3942 1134 4013 qui
1157 3945 1398 4012 propter
1418 3956 1523 3994 vos
1545 3941 1605 3996 in
1629 3941 1882 4010 gloriam
1904 3946 2095 4000 crucis
2141 3961 2241 4002 mo

588 4039 708 4087 tem
737 4031 938 4087 subiit.
966 4035 1086 4099 Age
1107 4029 1285 4099 igitur
1313 4027 1642 4084 induamus
1688 4047 1796 4087 vos
1849 4035 2033 4089 armis
2079 4035 2239 4100 ﬁdei,

586 4124 965 4191 vestramque
991 4124 1251 4174 mentem
1263 4124 1677 4190 praegnantem
1691 4121 1926 4193 pietatis
1965 4123 2092 4179 telis
2113 4124 2241 4180 efﬁ-

590 4209 840 4269 ciamus,
864 4213 929 4262 ut
944 4208 1159 4277 jaculis
1180 4208 1464 4278 impetere
1487 4209 1727 4278 possitis
1781 4213 1896 4266 Deo
1937 4212 2163 4268 invisos
2191 4218 2248 4269 et

593 4295 872 4352 scelestos
895 4295 1191 4357 homines,
1216 4310 1370 4365 quos
1395 4297 1566 4351 multi
1592 4298 1848 4355 barbare
1908 4301 2246 4370 Bogomilos

593 4383 927 4438 nominant.
953 4386 1100 4438 Cum
1130 4383 1289 4436 enim
1320 4382 1485 4437 multi
1512 4387 1629 4440 sint
1651 4387 1874 4442 inimici
1915 4391 2125 4451 crucis,
2153 4393 2241 4444 Ju-

2347 3234 2440 3278 τοῦ
2487 3227 2858 3300 παμϐασιλίως
2913 3239 3175 3304 σκῆπτρον
3230 3229 3555 3298 Muscam;
3617 3231 3687 3284 Ἦ
3752 3230 3932 3304 προθυ-

2347 3319 2528 3387 μεῖσθε
2574 3324 2664 3371 καὶ
2703 3318 2836 3371 ὃπλα
2871 3327 3087 3378 κινῆσαι
3138 3325 3228 3373 καὶ
3272 3319 3492 3393 πόλεμον
3557 3327 3928 3395 συγκροτήσειν

2345 3409 2436 3458 καὶ
2511 3403 2712 3478 ἀφιέναι
2777 3405 2902 3479 βέλη
2962 3411 3098 3461 κατά
3151 3404 3380 3483 καρδίας
3435 3417 3535 3461 τῶν
3594 3407 3802 3482 ἐχθρῶν
3855 3412 3930 3458 τοῦ

2349 3493 2608 3566 βασιλέως
2661 3497 2825 3568 ἡμῶν,
2905 3501 2995 3549 καὶ
3076 3501 3323 3571 τρόπαιον
3410 3500 3757 3557 συτησασθαι
3830 3494 3928 3546 κατ’

2347 3583 2532 3653 αὐτῶν,
2583 3584 2738 3637 αὐτόν
2785 3588 2870 3637 τὸν
2901 3586 2987 3638 ὑπ’
3036 3585 3206 3638 αὐτῶν
3256 3585 3736 3659 βλασφημούμενον
3792 3603 3929 3638 σταν-

2347 3677 2474 3747 ρόν;
2530 3669 2672 3725 Οἶδα
2723 3675 2801 3726 ὅτι
2847 3678 2974 3748 πρὸς
3025 3675 3316 3750 παράταξιν
3371 3671 3478 3734 ἤδη
3540 3673 3828 3747 ἐπείγεσθε,
3854 3676 3928 3723 καὶ

2350 3763 2552 3824 ζητεῖτε
2581 3768 2708 3824 τίνες
2739 3767 2786 3816 οἱ
2817 3763 3004 3835 ἐχθροὶ
3031 3773 3124 3817 τοῦ
3177 3772 3428 3837 σταυροῦ,
3461 3768 3526 3826 ὡς
3580 3764 3641 3817 ἂν
3702 3768 3794 3823 τὴν
3845 3766 3928 3813 πᾶ-

2351 3870 2446 3903 σαν
2477 3852 2642 3924 ὁρμὴν
2696 3854 2831 3904 κατὰ
2859 3861 2954 3913 τῆς
3011 3853 3176 3905 αὐτῶν
3225 3859 3471 3912 κινήσητε
3526 3853 3810 3926 φάλαγγος,
3855 3854 3930 3901 καὶ

2349 3945 2542 4013 μέχρις
2619 3942 2836 4011 αἳματος
2891 3941 3070 4004 αὐτοῖς
3137 3940 3549 4001 ἆντικαταστῆτε
3577 3947 3671 3994 καὶ
3711 3939 3926 4006 δοξασθῇ

2349 4025 2398 4078 ἐν
2428 4029 2548 4098 ὑμῖν
2575 4033 2600 4079 ό
2648 4034 2734 4081 τόν
2760 4025 2949 4092 ἄδοξον
2975 4027 3048 4082 δι’
3079 4032 3212 4102 ἡμᾶς
3239 4038 3332 4082 τοῦ
3381 4034 3613 4102 σταυροῦ
3661 4025 3931 4089 καταδεξά-

2351 4134 2494 4188 μενος
2549 4118 2785 4170 Θάνατον.
2836 4121 2958 4191 Φέρε
3003 4115 3090 4170 οὖν
3138 4115 3432 4190 ὶνδύσωμεν
3508 4120 3646 4191 ὑμᾶς
3696 4120 3760 4170 τὰ
3815 4115 3930 4168 ὅπλα

2351 4212 2442 4265 τῆς
2486 4209 2702 4266 πίστεως
2745 4211 2834 4258 καὶ
2881 4215 2979 4258 τῶν
3028 4215 3123 4268 τῆς
3172 4206 3432 4268 εὐσεϐείας
3482 4205 3645 4276 βελῶν
3696 4205 3932 4278 ἐγκύμονα

2354 4297 2446 4350 τὴν
2485 4295 2736 4365 ἡμετέραν
2797 4291 3032 4348 διάνοιαν
3085 4294 3444 4370 ἐργασώμεθα,
3489 4297 3550 4348 ἶν’
3609 4298 3787 4367 ἔχοιτε
3830 4311 3930 4344 κατ-

2355 4383 2644 4443 ακοντίζειν
2725 4383 2857 4435 αὐτὰ
2919 4393 3017 4436 τῶν
3093 4387 3385 4456 θεοστυγών
3485 4383 3767 4458 ἀνθρώπων
3855 4385 3930 4432 καὶ

595 4472 732 4536 daei,
767 4472 1039 4541 Agareni,
1068 4476 1122 4525 et
1153 4469 1272 4535 alii,
1301 4485 1515 4524 omnes
1547 4477 1745 4528 tamen
1771 4476 1915 4530 istos
1936 4477 2236 4533 abomina-

2355 4479 2572 4544 μιαρῶν,
2635 4470 2723 4533 οὒς
2773 4472 3086 4542 Βογομίλους
3144 4471 3599 4548 βαρϐαρικώτερον
3657 4475 3706 4525 οί
3773 4470 3931 4522 πολλοὶ

596 4560 755 4615 tione
781 4566 838 4614 et
865 4559 1165 4631 impietate
1203 4558 1382 4625 longe
1405 4567 1692 4630 superant
1752 4565 2063 4634 Bogomili,
2091 4582 2246 4638 quos

597 4646 980 4703 manifestum
1013 4652 1104 4702 est
1135 4663 1262 4702 esse
1305 4666 1373 4706 os
1441 4649 1687 4715 diaboli,
1743 4656 1800 4706 et
1847 4667 2247 4723 praecursores

598 4737 1030 4807 Antichristi,et
1049 4737 1608 4808 ejusjaminstantis
1641 4742 1972 4810 praesentiae
2025 4744 2247 4816 perspi-

599 4843 746 4884 cuos
764 4842 1091 4900 prmcones,
1119 4831 1176 4882 et
1195 4829 1732 4884 consummationis
1753 4830 1962 4885 mundi
1981 4846 2100 4886 non
2137 4833 2247 4887 du-

597 4917 1131 4974 biosindices.Nec
1153 4917 1443 4974 sineteste
1482 4919 1596 4974 hoc
1643 4918 1799 4974 dico.
1855 4921 2052 4976 Habeo
2087 4922 2244 4977 enim

599 5007 847 5064 Paulum
870 5006 1018 5063 mihi
1055 5007 1544 5074 consentientem,
1589 5009 1734 5064 dum
1785 5009 1864 5064 ita
1907 5010 2127 5077 scribit;
2183 5014 2247 5066 In

597 5098 928 5153 novissimis
942 5095 1302 5164 temporibus
1315 5097 1616 5152 discedent
1629 5098 1872 5167 quidam
1891 5115 1926 5153 α
1939 5099 2247 5166 ﬁde,atten

597 5183 798 5239 dentes
820 5183 1128 5252 spiritibus
1151 5186 1390 5251 erroris,
1419 5191 1472 5240 et
1494 5186 1783 5241 doctrinis
1821 5187 2247 5244 dmmonumin

600 5272 906 5340 hypocrisi
918 5275 1283 5345 loquentium
1298 5290 1426 5329 men
1435 5275 1672 5330 dacimn
1691 5283 1744 5329 et
1757 5277 2149 5331 cauteriotom
2169 5279 2247 5332 ha

599 5356 857 5412 bentium
877 5373 1041 5413 suam
1065 5360 1510 5429 conscientiam;
1533 5361 1975 5428 prohibentium
2001 5361 2244 5422 nubere.

596 5445 895 5501 abstinere
918 5462 955 5502 a
981 5447 1299 5518 cibis,quos
1317 5449 1472 5504 Deus
1493 5451 1718 5505 creavit
1730 5449 1811 5504 ad
1818 5450 2268 5517 percipiendum
2355 5453 2609 5523 πνεύματι

2357 4560 2695 4631 ὀνομάζουσι.
2741 4561 2942 4614 Πολλῶν
2991 4564 3089 4636 γὰρ
3140 4566 3292 4638 ὄντων
3334 4561 3537 4637 ἐχθρῶν
3585 4571 3678 4616 τοῦ
3723 4565 3930 4634 σταυρον

2357 4646 2649 4716 Ἰουδαίων,
2709 4649 3009 4722 Ἀγαρηνῶν
3062 4656 3152 4703 καὶ
3200 4650 3397 4724 ἐτέρων,
3466 4652 3515 4702 οἱ
3588 4659 3812 4703 τοιοῦτοι
3859 4654 3912 4699 Bo

2355 4737 2558 4808 γόμιλοι
2633 4733 3030 4815 βδελυκτὸτεροι
3105 4743 3196 4790 καὶ
3266 4735 3675 4812 δυσσεϐέστεροι
3748 4740 3931 4791 πάντων

2357 4828 2548 4877 τούτων
2576 4825 2698 4892 εἰσὶ,
2740 4831 2830 4878 καὶ
2871 4835 3042 4900 στόμα
3079 4836 3172 4879 τοῦ
3213 4824 3462 4898 διαϐόλου
3521 4824 3816 4902 προδήλως,
3856 4827 3931 4874 καὶ

2355 4911 2649 4988 πρόδρομοι
2676 4923 2765 4967 τοῦ
2811 4913 3178 4990 ἀντιχρίστου,
3225 4922 3314 4968 καὶ
3357 4924 3448 4977 τῆς
3493 4916 3614 4969 ὅσον
3659 4912 3765 4975 ἤδη
3820 4931 3930 4984 παρ-

2357 4998 2542 5064 ουσίας
2589 5005 2749 5056 αὑτοῦ
2820 5011 3042 5079 κήρυκες
3087 5002 3321 5072 ἔκδηλοι,
3375 5011 3466 5060 καὶ
3524 5014 3622 5067 τῆς
3665 5003 3930 5059 συντελείας

2355 5101 2448 5144 τοῦ
2477 5093 2662 5153 αἰῶνος
2716 5092 3040 5165 ἀναμφίϐολα
3097 5099 3390 5166 σημαντρα.
3441 5099 3539 5148 Καὶ
3591 5097 3617 5147 ὁ
3668 5094 3813 5166 λόγος
3856 5107 3931 5162 μοι

2356 5181 2450 5232 οὐκ
2483 5179 2801 5253 ἀμάρτυρος.
2851 5182 3000 5253 Ἕχω
3042 5185 3142 5256 γὰρ
3193 5186 3280 5234 τὸν
3311 5183 3512 5236 Παῦλον
3569 5178 3931 5254 συνηγοροῦντά

2355 5292 2445 5344 μοι
2482 5276 2571 5322 καὶ
2616 5273 2810 5324 οὑτωσὶ
2860 5275 3147 5342 γάσκοντα,
3204 5274 3284 5324 ὅτι
3343 5273 3424 5326 Ἐν
3468 5275 3706 5346 ὑστέροις
3753 5274 3932 5343 καιροῖς

3054 5370 3148 5423 τῆς

2717 5448 2882 5506 πλάνη
2892 5469 2914 5511 ς
3023 5455 3112 5502 καὶ

2358 5361 2748 5419 ἀποστήσονταί
2833 5380 2958 5421 τινες
3054 5370 3148 5423 τῆς
3257 5367 3502 5427 πίστεως,

3205 5447 3559 5511 διδασκαλίας

3605 5365 3930 5436 προσέχοντες

3666 5447 3922 5520 δαιμόνων,

666 5658 686 5710 9
716 5653 915 5736 Matth.
943 5671 1085 5725 xxv,
1115 5660 1206 5726 42,
1235 5661 1326 5714 43.
1403 5661 1426 5695 ⁸
1455 5662 1478 5714 Ι
1503 5658 1692 5716 Thim.
1723 5675 1800 5728 v1,
1831 5662 1886 5715 8.
1964 5657 2153 5717 Galat.
2183 5676 2265 5732 ιιι,
2294 5664 2388 5718 27.
