4020 6310
137 346 259 400 629
1520 345 1796 405 CONTRA
1832 343 2233 403 BOGOMILOS
3444 338 3555 401 O30

141 466 197 519 ἑν
348 470 632 543 ὑποκρίσει
738 467 1077 544 ψευδλοόγων
1105 516 1124 538 ,
1256 474 1769 546 κεκαυτηριασμένωι

1895 482 2031 524 cum
2054 470 2393 539 gratiarum
2413 471 2648 528 actione
2666 469 3028 542 ﬁdelibus,et
3044 469 3116 525 iis
3137 466 3246 540 qui
3269 481 3551 540 cognove-

137 560 244 614 τὴν
346 556 499 610 ἰδίαν
566 555 871 618 συνείδησιν
904 605 919 626 ,
994 561 1295 616 κωλυόντων
1377 568 1585 634 γαμεῖν,
1661 559 1769 612 ἀπέ-

1892 564 2039 615 runt
2054 560 2384 617 veritatem.
2402 560 2554 629 Quia
2565 561 2756 618 omnis
2769 565 3050 617 creatura
3063 559 3174 619 Dei
3198 558 3350 616 bona
3373 563 3479 629 est,
3493 562 3550 614 et

136 648 374 717 χεσθσει
454 646 768 721 βρωμάτων,
821 647 856 700 ἆ
912 651 939 701 ό
993 655 1120 713 Θεὸς
1179 654 1379 705 ἔκτισεν
1426 652 1497 714 εἰς
1554 648 1769 723 μετάλη-

1890 646 2047 705 nihil
2061 650 2448 718 reﬁciendum
2461 692 2474 715 ,
2486 650 2648 723 quod
2658 666 2793 707 cum
2803 648 3145 718 gratiarum
3157 648 3394 703 actione
3407 661 3550 716 per-

130 734 239 803 ψιν
318 737 445 808 μετ’
509 736 1018 809 εύχαριστιαςιτοῖς
1075 748 1285 803 πιστοῖς
1348 745 1439 794 καὶ
1505 738 1785 810 ὶπεγνωκό-

135 842 199 876 σι
271 831 393 884 τήν
458 824 718 884 ἀλήθειαν.
784 825 902 880 Ὀτι
961 833 1065 881 πᾶν
1144 830 1345 903 κτίσμα
1410 834 1539 883 Θεοῦ
1602 826 1779 892 καλὸν,

129 918 231 966 καὶ
307 911 478 967 οὐδὲν
542 913 833 973 ἀπόϐλητον
897 920 1027 989 μετά
1093 919 1438 994 εὐχαριστίας
1522 915 1778 989 λαμϐανό-

132 1020 332 1074 μενον.
408 1010 589 1057 Ταῦτα
648 1007 994 1078 κηρύττοντες
1058 1015 1146 1060 νῦν
1211 1008 1263 1061 οἰ
1324 1006 1622 1061 ἀποστάται
1680 1012 1778 1067 τῆς

128 1097 403 1154 πίστεως
462 1096 554 1146 καὶ
602 1092 881 1168 λατρευταὶ
940 1103 1039 1148 τῶν
1103 1098 1406 1169 πνευμάτων
1485 1104 1577 1156 τῆς
1648 1093 1775 1146 πλά-

1890 737 2164 805 οίρίιιινδ.
2194 739 2328 795 Haec
2339 754 2479 795 cum
2493 738 2989 808 annuntientjam
3010 736 3342 792 desertores
3380 734 3544 805 ﬁdei,

1890 827 1948 880 et
1979 824 2234 882 cultores
2264 827 2579 899 spirituum
2607 826 2843 890 erroris,
2866 831 2925 882 et
2948 825 3297 880 daemonum
3318 820 3544 878 doctri-

1888 914 1981 969 nis
1994 914 2367 971 attendentes
2385 915 2634 988 planum
2649 915 2897 985 faciunt,
2914 918 3207 985 tempora,
3225 926 3362 983 quas
3393 913 3542 967 Pau-

1884 1001 1982 1058 lus
2011 1002 2343 1060 novissima
2360 1010 2557 1071 vocat,
2591 1020 2726 1061 esse
2746 1004 2845 1061 illa
2859 1004 3013 1072 ipsa,
3030 1000 3254 1073 quibus
3267 999 3363 1055 isti
3384 999 3537 1057 adeo

1884 1090 2200 1149 scelestam
2218 1097 2276 1149 et
2303 1093 2544 1166 plenam
2569 1094 2872 1167 impietate
2887 1091 3223 1148 doctrinam
3240 1086 3534 1145 effutiunt.

124 1198 258 1242 ντες,
338 1185 438 1234 καὶ
507 1177 767 1253 δαιμόνων
831 1180 1211 1247 διδασκαλίαις
1268 1189 1640 1259 προσέχοντες,
1704 1188 1927 1256 φανερῶς
1985 1190 2314 1257 παριστὼσιν
2376 1183 2458 1234 ὅτι
2502 1202 2597 1256 περ
2645 1185 2733 1245 οῦς
2782 1184 2807 1233 ό
2854 1180 3053 1241 Παῦλος
3100 1180 3351 1251 ὑστέρους
3391 1175 3530 1248 λέγει

124 1274 382 1344 καιροὺς
415 1311 430 1337 ,
454 1268 599 1323 οὗτοί
636 1268 761 1339 εἶσι,
792 1275 912 1326 καθ’
942 1272 1032 1337 οῦς
1061 1278 1127 1327 τὰ
1147 1278 1314 1349 μιαρὰ
1340 1282 1510 1327 ταῦτα
1545 1278 1636 1326 καὶ
1668 1269 1980 1333 δυσσεϐείας
2009 1274 2179 1343 μεστὰ
2204 1270 2549 1345 φλυαροῦνται
2576 1268 2909 1344 διδάγματα.

207 1361 396 1431 Λέγει
463 1356 524 1412 δε
585 1366 677 1412 καὶ
741 1368 909 1414 ταῦτα
966 1364 994 1414 ό
1045 1364 1203 1426 αὐτὸς
1245 1363 1555 1423 Ἀπόστολος
1620 1361 1668 1414 ἓν
1705 1368 1768 1434 τῇ

125 1451 281 1520 πρὸς
342 1448 751 1512 Θεσσαλονικείς
808 1447 1026 1524 δευτέρᾳ
1075 1451 1318 1519 ἕπιστολῇ
1351 1473 1364 1486 ·
1412 1458 1498 1525 Μῄ
1530 1472 1612 1513 τις
1640 1452 1772 1524 ὑμᾶς

126 1536 471 1611 ἐξαπατήσῃ
552 1541 688 1591 κατὰ
751 1536 956 1611 μηδένα
1038 1546 1228 1615 τρόπον
1271 1563 1283 1574 ·
1371 1543 1452 1594 ὅτι
1531 1540 1618 1593 ἐὰν
1695 1544 1768 1611 μὴ

128 1625 267 1699 ἢθη
389 1629 421 1684 ἡ
526 1626 829 1681 ἀποστασία
885 1638 1089 1702 πρῶτον
1157 1636 1249 1684 καὶ
1313 1629 1652 1702 ἀποκαλυφθῇ
1743 1634 1770 1681 ό

128 1716 431 1788 ἅνθρωπος
477 1723 567 1777 τῆς
632 1717 912 1792 ἁμαρτίας,
979 1721 1005 1771 ό
1072 1722 1186 1781 υίὸς
1247 1726 1336 1781 τᾶς
1403 1717 1679 1783 ἀπωλείας,
1742 1720 1769 1770 ό

131 1801 526 1876 ἀντικείμενος.
631 1810 722 1858 καὶ
795 1807 1198 1882 ύπεραιρόμενος
1279 1807 1366 1861 έπὶ
1448 1810 1618 1859 πάντα
1693 1805 1771 1860 λε-

128 1896 376 1962 γόμενον
439 1897 569 1946 Θεὸν
611 1937 626 1962 ,
693 1895 723 1953 ᾖ
796 1894 1040 1968 σέϐασμα
1068 1939 1083 1965 ,
1146 1898 1281 1950 ὥστε
1346 1900 1500 1949 αὐτὸν
1558 1896 1625 1956 εἰς
1681 1899 1769 1948 τὸν

130 1983 268 2031 ναόν
381 1988 478 2035 τοῦ
546 1986 674 2035 Θεοῦ
747 1986 813 2044 ὡς
881 1987 1010 2037 Θεὸν
1075 1987 1325 2037 ’καθίσαι
1391 1981 1773 2038 ἀποδεικνύντα

134 2067 366 2137 ἑαυτὸν,
436 2071 518 2122 ὅτι
584 2069 698 2122 ἐστὶ
760 2075 904 2133 Θεός.
958 2078 1083 2146 Περὶ
1149 2078 1299 2125 τίνων
1364 2070 1472 2139 οὖν,
1523 2075 1639 2143 ἔφη,
1690 2074 1771 2125 ὅτι

132 2154 225 2207 ἐὰν
280 2162 364 2228 μή
425 2156 551 2230 ἔλθη
603 2167 807 2231 πρῶτον
872 2162 905 2218 ἡ
970 2160 1312 2228 ἀποστασία;
1376 2166 1500 2234 Περὶ
1566 2161 1769 2231 αὐτῶν,

131 2246 321 2317 οἶμαι,
374 2255 478 2298 τῶν
538 2248 852 2321 Βογομίλων,
909 2255 1029 2324 περὶ
1081 2248 1149 2302 ὧν
1199 2255 1291 2303 καὶ
1347 2254 1475 2324 πρὸς
1517 2252 1769 2323 Τιμόθεον

132 2337 367 2408 γράφων
421 2336 637 2411 εἰρήκει,
693 2341 764 2401 ὡς
821 2337 1056 2415 ἀνωτέρω
1108 2336 1428 2407 δεδήλωται,
1499 2341 1578 2392 ὅτι
1644 2338 1771 2392 ἀπο-

139 2429 453 2482 στήσονταί
499 2445 627 2487 τινες
679 2436 775 2489 τῆς
828 2433 1073 2491 πίστεως.
1129 2427 1250 2481 Ὀτι
1307 2425 1367 2481 δε
1432 2432 1519 2481 τὸν
1562 2430 1767 2501 ἔννομον

136 2515 322 2584 γάμον
390 2513 674 2585 κωλύουσι,
721 2521 812 2568 καὶ
866 2518 949 2568 ὅτι
999 2519 1204 2570 πάντων
1277 2516 1569 2592 βρωμάτων
1631 2516 1767 2569 ἀκα-

141 2602 387 2674 θαρσίαν
444 2603 923 2676 καταψηφίξονται,
984 2610 1074 2658 καὶ
1132 2608 1212 2659 ὅτι
1270 2610 1393 2660 Θεὸν
1444 2609 1768 2679 κηρύττουσι

136 2693 230 2742 τὸν
292 2688 542 2744 διάϐολον
589 2695 639 2745 οἱ
685 2690 1012 2747 διαϐολιανοὶ
1065 2703 1139 2765 τῷ
1199 2698 1305 2748 ὄντι
1353 2694 1651 2768 Βογόμιλοι,
1677 2699 1767 2748 καὶ

139 2783 243 2837 τὴν
356 2777 713 2856 δημιουργίαν
788 2790 881 2835 τοῦ
952 2787 1258 2855 φαινομένου
1334 2790 1536 2857 κόσμου
1600 2786 1767 2854 τούτῳ

141 2865 589 2941 ἄποχαρίζονται
618 2913 633 2937 ,
697 2870 893 2933 ἔξεστιν
962 2872 1132 2925 αὐτῶν
1206 2872 1455 2944 λεγόντων
1520 2871 1768 2928 ἀκοῦσαι.

142 2954 289 3009 Ἀλλ’
328 2957 371 3008 ὦ
418 2965 515 3019 τῆς
572 2956 771 3031 ἀνοχῆς
833 2978 950 3025 σου,
1004 2964 1203 3036 Χριστε
1271 2959 1529 3033 βασιλεῦῑ
1584 2961 1625 3013 ὢ
1675 2969 1772 3021 τῆς

142 3048 332 3099 πάντα
360 3037 479 3099 νδῦν
532 3050 832 3112 νικησάσης
927 3052 1299 3123 μακροθυμίας
1368 3051 1503 3107 σουε
1561 3041 1772 3109 ἀληθινὶ

147 3132 457 3209 δημιουργὲ
492 3141 584 3189 καὶ
637 3141 833 3196 ποιητὰ
886 3141 1061 3199 πάσης
1118 3144 1359 3207 κτίσεως,
1415 3141 1675 3212 όρωμίνης
1720 3157 1774 3190 τε

146 3230 238 3277 καὶ
271 3224 529 3299 ἀοράτου,
560 3227 643 3279 ὅτι
665 3234 768 3280 τῶν
810 3227 1128 3287 τηλικούτων
1187 3227 1353 3301 ἀνέχῃ
1409 3227 1777 3302 βλασφημιῶν·

150 3319 257 3366 Καὶ
323 3316 404 3367 ἔτι
460 3319 582 3377 τοὺς
635 3321 918 3391 κεραυνούς
968 3317 1179 3389 ἐπέχεις
1236 3323 1327 3370 καὶ
1387 3323 1629 3389 συνέχεις
1682 3321 1778 3376 τὴν

148 3410 273 3473 γῆν,
341 3408 435 3455 καὶ
501 3407 621 3457 οὔτε
687 3408 904 3468 τούτους
968 3411 1356 3469 κατακοντίζεις
1410 3416 1511 3460 τῶν
1577 3413 1777 3480 μιαρῶν

148 3491 433 3564 κεφαλῶν,
502 3492 563 3544 ού
630 3496 824 3552 ταύτην
888 3497 1111 3567 ἀνοίγεις
1181 3501 1271 3549 καὶ
1337 3516 1581 3567 καταγεις
1653 3500 1774 3557 τοὺς

149 3578 374 3652 ἐναγεῖς,
458 3580 804 3643 ἀνθιστάντας
871 3592 944 3654 τῷ
1000 3592 1175 3655 πιστῷ
1225 3604 1321 3637 σου
1375 3585 1546 3657 οἰκέτῃ
1602 3591 1770 3658 Μωσῇ

153 3669 482 3743 θρασύτερον
530 3670 561 3729 ἡ
613 3673 665 3723 οἱ
724 3676 845 3743 περὶ
890 3674 1058 3725 Δαθάν
1108 3678 1199 3726 καὶ
1238 3671 1505 3746 Ἀϐειρὼν.
1562 3678 1663 3727 Καὶ
1707 3676 1771 3726 σύ

151 3767 321 3829 τιμῶν
354 3762 446 3809 τόν
476 3758 682 3817 οἰκέτην
732 3778 829 3812 σου
887 3768 960 3831 τῷ
1006 3761 1255 3833 χάσματι
1298 3765 1516 3824 τούτους
1571 3780 1770 3833 συγκα-

147 3843 366 3908 λύπτεις
430 3854 525 3909 τῆς
611 3856 745 3919 γῆς.
812 3848 1103 3923 Ἀλλότριον
1167 3858 1271 3923 πῦρ
1302 3852 1351 3902 οἱ
1427 3846 1611 3910 παῖδες
1677 3858 1770 3903 τοῦ

147 3932 357 4007 ’Δαρὼν
413 3943 489 4006 τῷ
558 3938 924 4011 θυσιαστηρίῳ
988 3943 1367 4013 προσφέρουσι,
1431 3944 1521 3991 καὶ
1581 3940 1608 3990 ό
1673 3938 1767 3991 οῦ-

145 4027 299 4095 ρανός
356 4025 551 4083 ἄνωθεν
598 4022 808 4088 ἔκδικος
883 4026 1211 4100 πυρεκϐολῶν
1288 4026 1560 4103 ἀστραπὰς
1628 4031 1766 4081 κατά

143 4116 346 4165 τούτων
401 4122 503 4166 τῶν
567 4113 853 4188 ὑϐριστῶν.
905 4119 1115 4168 Τούτων
1173 4111 1233 4168 δὲ
1302 4125 1403 4168 τῶν
1460 4116 1643 4181 ἀθέων,
1701 4117 1761 4171 ού

1950 1359 2114 1415 idem
2126 1360 2450 1432 Apostolus
2463 1361 2591 1417 haec
2603 1377 2846 1434 quoque
2857 1362 3064 1416 monet
3081 1357 3141 1413 in
3164 1354 3433 1412 secunda
3453 1353 3534 1412 ad

1876 1449 2438 1507 Thessalonicenses
2459 1451 2717 1523 Epistola
2731 1469 2744 1506 :
2758 1451 2849 1507 Ne
2860 1450 2996 1522 quis
3012 1463 3111 1505 vos
3136 1446 3380 1503 seducat
3408 1445 3529 1502 alio

1876 1539 2353 1609 modo,quoniam
2374 1540 2493 1596 nisi
2508 1540 2732 1596 venerit
2751 1540 3026 1596 discessio
3035 1538 3295 1607 primum
3308 1539 3364 1590 et
3373 1547 3532 1590 reve-

1878 1627 2038 1683 latus
2057 1628 2251 1697 fuerit
2285 1629 2457 1684 homo
2470 1630 2718 1698 peccati.
2732 1628 2897 1698 ﬁlius
2905 1625 3277 1696 perditionis,
3291 1624 3396 1694 qui
3424 1621 3529 1678 ad—

1877 1718 2749 1786 versaturetextollitur,super
2761 1731 2931 1774 omne
2941 1713 3100 1786 quod
3111 1711 3527 1779 diciturDeus,

1876 1812 1982 1862 aut
2002 1806 2162 1877 quod
2180 1807 2418 1876 colitur,
2441 1809 2529 1864 ita
2553 1813 2620 1861 ut
2636 1807 2700 1862 in
2714 1807 2934 1876 templo
2961 1805 3070 1860 Dei
3094 1802 3313 1870 sedeat,
3338 1806 3528 1858 osten-

1875 1895 2020 1950 dens
2047 1909 2129 1963 se,
2155 1901 2441 1967 tanquam
2466 1897 2543 1951 sit
2565 1897 2718 1952 Deus
2742 1897 2786 1951 9.
2820 1897 2898 1950 De
2927 1893 3150 1966 quibus
3164 1890 3344 1962 igitur
3362 1888 3528 1958 dixit,

1875 1985 1995 2039 nisi
2021 1986 2247 2041 venerit
2262 1984 2534 2041 discessio
2559 1986 2821 2053 primum
2850 1984 2878 2039 ?
2908 1986 2987 2038 De
3037 1982 3210 2054 ipsis,
3244 1984 3308 2035 ut
3358 1982 3527 2051 puto,

1878 2071 2217 2143 Bogomilis.
2255 2074 2334 2128 De
2374 2072 2597 2144 quibus
2632 2077 2689 2128 et
2718 2071 2797 2127 ad
2824 2069 3202 2127 Timotheum
3256 2066 3526 2123 scribens

1875 2160 2122 2231 dixerat,
2159 2170 2222 2217 ut
2251 2176 2434 2233 supra
2454 2162 2583 2232 jam
2610 2160 2900 2229 vidimus,
2926 2159 3051 2215 fore
3103 2162 3169 2214 ut
3217 2154 3528 2229 quidama

1873 2248 1995 2305 ﬁde
2016 2248 2357 2306 deﬁcerent.
2381 2249 2550 2314 Quod
2572 2254 2774 2307 autem
2800 2248 3105 2319 legitimas
3124 2245 3367 2319 nuptias
3386 2259 3526 2317 pro-

1873 2338 2146 2401 hibeant.
2185 2338 2471 2414 quodque
2518 2338 2726 2395 omnia
2767 2338 3072 2395 esculenta
3125 2331 3525 2391 immunditiaa

1874 2428 2165 2485 damnent
2190 2434 2247 2484 et
2274 2428 2440 2501 quod
2465 2428 2749 2486 diabolici
2770 2430 2951 2501 plane
2987 2423 3277 2497 Bogomili
3317 2421 3528 2479 diabo-

1873 2517 2000 2574 lum
2030 2523 2325 2590 tanquam
2354 2517 2540 2573 Deum
2570 2518 2946 2586 annuntient,
2968 2516 3143 2588 eique
3163 2513 3345 2585 hujus
3358 2525 3529 2585 aspe-

1873 2607 2104 2664 ctabilis
2135 2607 2347 2663 mundi
2369 2606 2745 2664 etfectionem
2773 2606 3082 2663 ascribant
3105 2646 3120 2671 ,
3151 2601 3349 2677 quivis
3377 2601 3528 2674 ipsis

1872 2696 1936 2754 id
1965 2696 2408 2753 afﬁrmantibus
2438 2700 2493 2753 et
2511 2693 3275 2770 proﬁtentibusintelligere
3294 2689 3534 2765 potest?

1875 2786 2044 2856 sed,o
2068 2792 2231 2842 tuam
2263 2785 2489 2842 Christe
2519 2784 2902 2858 patientiam!
2925 2800 2963 2840 ο
2990 2781 3541 2853 Ιοιιεοηὶωίιαιοωρ

1874 2892 2013 2949 quae
2042 2889 2288 2930 omnem
2315 2873 2740 2944 cogitationem
2772 2870 3037 2929 excedit!
3069 2870 3247 2928 Unice
3268 2872 3325 2925 et
3354 2866 3537 2924 veris-

1879 2966 2030 3021 sime
2042 2967 2275 3018 creator
2291 2961 2601 3018 etetfector
2631 2961 2833 3019 omnis
2846 2964 3132 3018 creaturae
3153 2954 3540 3030 aspectabilis

1889 3057 1949 3110 et
1977 3050 2444 3122 inaspectabilis,
2484 3066 2591 3107 cur
2619 3051 2769 3106 tales
2797 3047 3208 3122 blasphemias
3238 3041 3540 3101 sustines?

1891 3144 2006 3198 Cur
2027 3139 2227 3196 adhuc
2256 3139 2509 3196 fulmina
2536 3138 2801 3206 cohibes,
2860 3143 3201 3209 tersamque
3247 3132 3539 3201 contines,

1887 3246 2085 3304 neque
2104 3229 2204 3285 illa
2222 3230 2283 3284 in
2302 3229 2434 3285 haec
2456 3234 2577 3285 tam
2596 3228 2861 3285 nefanda
2878 3226 3075 3299 capita
3097 3223 3324 3292 vibras,
3339 3235 3541 3294 neque

1885 3320 2047 3377 hanc
2075 3318 2298 3391 aperis,
2330 3322 2388 3374 et
2404 3316 2672 3373 detrudis
2699 3316 2983 3373 scelestos
3008 3314 3177 3383 istos,
3220 3311 3324 3385 qui
3371 3308 3537 3366 ﬁdeli

1888 3424 2059 3465 servo
2085 3413 2187 3463 tuo
2212 3407 2389 3480 Moysi
2418 3406 2710 3462 audacius
2739 3405 3056 3471 obsistunt,
3087 3416 3275 3475 quam
3304 3398 3539 3456 Dathan

1884 3502 1943 3555 et
1956 3497 2177 3553 Abiron
2191 3513 2331 3552 cum
2349 3495 2505 3552 suis?
2531 3498 2597 3551 Et
2624 3500 2689 3551 tu
2698 3496 3006 3552 honorans
3022 3490 3319 3549 famulum
3342 3493 3537 3556 tuum,

1882 3587 2051 3644 hiatu
2077 3591 2246 3643 terrae
2276 3586 2424 3641 istos
2452 3584 2736 3657 contegis.
2762 3584 3034 3641 Alienum
3063 3582 3267 3654 ignem
3295 3577 3401 3635 ﬁlii
3426 3581 3539 3635 Aa-

1880 3692 1994 3733 ron
2022 3674 2190 3732 altari
2230 3674 2507 3745 inferunt,
2533 3677 2590 3730 et
2632 3689 2769 3730 ecce
2826 3686 3086 3746 superne
3136 3670 3199 3726 in
3253 3667 3537 3724 ultionem

1880 3764 2145 3835 exsurgit
2171 3763 2410 3830 ccelum,
2435 3762 2770 3833 fulguribus
2802 3765 3009 3818 contra
3028 3756 3354 3830 injuriosos
3385 3754 3534 3810 mis-

1879 3855 1960 3910 sis
1985 3855 2049 3908 ‘0.
2083 3852 2180 3908 His
2211 3868 2352 3908 vero
2392 3852 2582 3907 atheis
2614 3856 2672 3907 et
2722 3847 3214 3913 sceleratissimis,
3246 3858 3368 3900 non
3398 3843 3531 3916 jam

1874 3941 2060 4013 Moysi
2084 3940 2553 4006 obluctantibus,
2584 3941 2694 3996 sed
2718 3938 2961 4010 tibi,qui
2975 3936 3391 3992 universorum
3406 3933 3530 3989 Rex

1875 4046 1940 4086 es
1969 4034 2028 4084 et
2053 4030 2434 4101 omnipotens
2466 4032 2643 4094 Deus,
2678 4032 2853 4099 teque
2878 4027 2995 4082 tuis
3024 4040 3096 4080 ex
3117 4021 3404 4095 operibus
3432 4035 3530 4088 ,ex

1870 4116 2304 4176 dominatione.
2330 4116 2604 4188 imperio,
2634 4130 2779 4172 cura
2808 4118 2865 4170 et
2891 4110 3270 4187 providentia
3314 4109 3528 4182 ejicere

145 4204 279 4253 κατά
348 4205 577 4264 Μωσέως
638 4200 1048 4276 ἀνθισταμένων,
1100 4202 1231 4256 ἀλλὰ
1286 4207 1421 4257 κατά
1472 4212 1565 4258 τοῦ
1616 4226 1756 4279 παμ-

1877 4204 2230 4263 conantibus
2257 4205 2462 4262 fauces
2492 4210 2660 4262 teme
2707 4203 2885 4261 alhuc
2935 4200 3270 4268 concludis,
3326 4213 3527 4274 neque

145 4287 404 4351 Eua-ilia);
461 4295 550 4342 καὶ
607 4289 1010 4364 παντοδυνάμου
1060 4300 1218 4361 Θεοῦ,
1269 4298 1360 4345 καὶ
1413 4298 1629 4346 σεαυτόν
1658 4303 1758 4346 τῶν

150 4386 252 4429 σῶν
308 4380 623 4450 πονημάτων
679 4385 770 4432 καὶ
836 4376 1146 4443 δεσποτείας
1200 4386 1289 4433 καὶ
1347 4388 1594 4454 προνοίας
1630 4382 1758 4446 ἕξοι-

146 4467 422 4531 κιξόντων,
480 4472 719 4539 συνέχεις
776 4470 852 4520 ἔτι
895 4472 955 4520 τό
1012 4475 1183 4542 στόμα
1232 4478 1324 4530 τῆς
1371 4479 1488 4541 γῆς,
1543 4476 1632 4523 καὶ
1667 4471 1761 4524 οὐκ

147 4554 233 4625 ἐᾷς
260 4557 629 4615 καταποθῆναι
682 4561 804 4617 τοὺς
850 4562 1092 4632 μιαρούς.
1136 4563 1246 4611 Οὐκ
1296 4557 1561 4635 ἀλλότριον
1599 4578 1762 4634 προσ-

148 4648 371 4719 φέρουσι
419 4651 545 4717 πῦρ,
601 4644 730 4697 me
788 4642 1115 4721 δημιουργόν
1173 4656 1567 4720 χειροτονοῦσιν
1618 4647 1763 4701 ἀλλό⁶

148 4752 293 4807 τριον
346 4733 415 4794 εἰς
458 4736 523 4786 τὰ
578 4743 675 4797 τῆς
720 4740 901 4811 χειρός
957 4755 1052 4788 σου
1082 4742 1357 4809 ποιήματα
1386 4741 1471 4788 τόν
1500 4736 1760 4812 ἀντάρτην

148 4826 239 4873 καὶ
307 4819 611 4880 ἀποστάτην
676 4842 796 4893 σου,
854 4823 908 4875 ὃν
966 4826 1067 4876 ύπό
1129 4828 1248 4885 τοὺς
1318 4821 1488 4886 πόδας
1552 4833 1653 4877 τῶν
1720 4845 1807 4880 σοι

149 4911 176 4967 ἡ
214 4905 276 4962 δὲ
305 4910 444 4961 κατά
464 4912 661 4962 τούτων
693 4910 1041 4985 ἐκτέφρωσις;
1073 4916 1137 4965 Τί
1166 4914 1242 4965 ἔτι
1273 4918 1360 4964 καὶ
1387 4913 1616 4985 με’λλειςς

222 4996 380 5050 Ἀ).λά
432 5002 521 5073 ⁴τόν
572 5001 664 5070 μὲν
715 4999 866 5052 ἄλλον
922 5009 1019 5061 τῆς
1057 5003 1304 5074 αἱρέσεως
1349 5002 1516 5052 αὐτῶν
1566 5001 1755 5077 βόρϐοο

147 5106 256 5159 ρον,
314 5091 404 5139 καὶ
453 5089 511 5138 τὸ
562 5086 693 5139 πολὺ
748 5096 846 5151 τῆς
892 5096 986 5140 τοῦ
1035 5096 1289 5162 στόματος
1337 5089 1505 5141 αὐτῶν
1535 5089 1756 5143 ἀποκλυ-

152 5175 351 5235 ζούσης
414 5172 744 5248 ἀκαθαρσίας
810 5176 862 5229 έν
930 5178 1171 5251 ὑπονόμῳ
1238 5182 1604 5250 μετοχετεύσω
1666 5188 1760 5243 τῆς

1862 4831 2282 4881 πεπιστευκότων
2347 4830 2686 4905 ὑπέστρωσας
2710 4870 2726 4885 .

1869 4294 2183 4368 permittis,
2213 4300 2280 4350 ut
2303 4290 3356 4363 exsecrandosistosdeglutiant.Non
3383 4288 3526 4345 alie-

1867 4399 2017 4440 num
2036 4382 2360 4454 imponunt
2388 4382 2615 4456 ignem,
2644 4382 2749 4438 sed
2784 4381 2971 4439 alium
3000 4379 3376 4437 conditorem
3406 4380 3521 4435 sta-

1869 4475 2065 4541 tuunt,
2090 4476 2148 4527 et
2170 4472 2231 4527 in
2262 4487 2445 4537 opera
2483 4484 2703 4528 manus
2732 4477 2851 4527 tuae
2880 4468 3388 4527 subintroducunt
3414 4465 3523 4523 ad-

1867 4560 2202 4617 versarium
2227 4565 2285 4617 et
2310 4560 2680 4617 desertorem
2706 4566 2898 4631 tuum,
2924 4574 3111 4632 quem
3151 4557 3411 4631 pedibus
3458 4555 3522 4612 in

1870 4654 1926 4706 te
1978 4648 2350 4706 credentium
2382 4649 2709 4721 subjecisti.
2744 4648 2854 4706 Ubi
2882 4664 3025 4707 vero
3058 4646 3311 4704 fulmina
3336 4644 3364 4698 ?
3401 4648 3518 4704 Cur

1870 4754 1995 4795 non
2031 4743 2343 4795 vertuntur
2380 4740 2439 4795 in
2471 4740 2721 4797 cineres.
2783 4740 2933 4807 Quid
2992 4738 3192 4796 adhuc
3217 4734 3520 4794 moraris?

2816 4831 2882 4882 Oi
2942 4824 3003 4880 δὲ
3069 4829 3310 4901 κεραυνοὶ
3371 4830 3513 4890 ποῦς

1861 5008 2078 5062 Verum
2117 5006 2264 5063 alias
2293 5006 2540 5079 quidem
2576 5007 2873 5063 haereseos
2913 5005 3150 5062 illorum
3197 5002 3406 5060 sordes
3458 5005 3518 5058 et

1862 5094 2170 5165 ingentem
2190 5094 2353 5150 illam
2380 5095 2849 5164 immunditiam,
2877 5109 3065 5166 quam
3102 5108 3205 5149 ore
3234 5108 3345 5148 suo
3372 5105 3516 5148 evo-

1864 5188 2058 5250 munt,
2092 5183 2345 5251 silentio,
2374 5184 2530 5240 velut
2558 5183 2721 5240 fossa
2739 5182 3007 5255 quadam
3038 5188 3096 5238 et
3124 5181 3321 5239 canali
3348 5185 3518 5239 trans

152 5272 378 5326 σιωπῆς.
450 5263 717 5338 Φοϐοῦμαι
774 5269 875 5343 γάρ
938 5273 1008 5340 μή
1074 5286 1209 5321 ποτε
1255 5272 1313 5320 τό
1374 5274 1476 5321 πᾶν
1536 5275 1760 5343 σήμερον

1877 5259 2125 5343 mittam,
2159 5279 2216 5329 et
2245 5273 2362 5329 alio
2393 5272 2700 5330 derivabo.
2727 5272 2948 5327 Vereor
2967 5271 3231 5337 enim,ne
3262 5271 3312 5327 si
3339 5270 3520 5329 hodie

152 5351 434 5427 ἐπιχειρῶν
502 5352 750 5416 ἐξαντλεῖν
820 5352 1117 5422 δυσωδίας,
1195 5360 1281 5409 τὸν
1348 5354 1516 5414 εὐώδη
1584 5366 1762 5411 τοῦτον

152 5447 305 5496 τόπον
370 5441 655 5516 πληρώσω,
721 5446 817 5507 τὰς
887 5444 1049 5508 καλὰς
1109 5447 1243 5519 ὑμᾶς
1303 5448 1612 5523 περιστερὰς
1665 5447 1766 5511 ἐξε-

1869 5377 2051 5419 coner
2071 5367 2261 5419 totam
2289 5362 2453 5418 illam
2468 5361 2693 5417 faetoris
2719 5361 3013 5417 sentinam
3034 5361 3359 5431 exautlare,
3383 5377 3522 5418 sua-

1873 5451 2208 5508 veolentem
2233 5451 2395 5509 hunc
2407 5451 2604 5507 locum
2620 5449 2982 5523 compleam,
2998 5466 3225 5526 vosque
3239 5451 3523 5525 pulchras

220 5620 242 5655 ⁸
274 5617 483 5677 ITim.
513 5637 587 5688 ιν,
635 5625 741 5679 1-4.
773 5624 794 5658 ⁸
824 5625 873 5678 ll
902 5622 1109 5680 Thess.
1142 5640 1201 5695 η,
1229 5625 1285 5691 3,
1319 5627 1374 5681 4.
1404 5625 1453 5660 ¹⁰
1482 5626 1656 5682 Num.
1688 5644 1769 5683 xv:

1898 5644 2070 5703 seqq.
