4020 6310
504 357 605 413 631

1682 351 1998 412 GERMANI
2036 348 2083 405 ll
2121 343 2227 403 ΟΡ.
2267 340 2740 402 ΡΑΤΒΙΑΒΟΗΕ

3786 342 3918 400 632

507 476 825 536 columbas
856 477 1065 552 procul
1098 476 1238 534 hinc
1291 477 1609 553 expellam.
1668 482 1819 538 Nam
1870 474 2161 535 columbis

2277 465 2422 522 λάσω
2441 473 2665 547 μακράν.
2703 470 2928 543 Ἐχθγόν
2963 469 3064 546 γὰρ
3117 466 3341 544 ἀκριϐῶς
3389 467 3420 526 ἡ
3479 463 3732 521 δυσί-»δία
3782 473 3919 528 ταῖς

505 567 684 625 fuetor
711 565 889 624 valde
918 567 1289 624 adversatur.
1323 569 1520 635 Quam
1542 583 1687 626 vero
1715 564 2167 641 blasphemiam

508 660 719 714 contra
745 655 1125 712 benedictum
1141 671 1383 714 crucem
1409 658 1766 715 eructentilli
1780 658 1885 731 qui
1896 657 2165 713 animam

507 744 675 802 omni
702 744 1154 801 abominatione
1177 746 1607 804 refertissiman
1622 747 1868 813 habent,
1894 746 2040 803 dum
2054 759 2166 815 ego

508 831 759 906 explico,
789 832 960 889 vobis
980 832 1059 889 ad
1088 834 1380 906 patienter
1401 835 1773 893 audiendum
1796 836 1914 893 vim
1935 834 2165 903 inferte,

506 925 575 979 ut
601 938 740 979 eum
769 921 1193 993 cognoveritis,
1222 939 1347 996 quo
1379 924 1638 982 stultitim
1655 924 2071 998 processerint,
2093 923 2166 980 ri-

509 1011 700 1069 deatis
728 1010 969 1068 illorum
1000 1011 1427 1085 insipientiam,
1460 1014 1555 1070 vel
1581 1015 1780 1087 potius
1819 1014 1900 1071 ob
1930 1013 2167 1071 illorum

507 1101 837 1175 perniciem
859 1101 1234 1159 etinteritum
1264 1102 1696 1161 lamentemini.
1730 1105 1942 1161 Adeste
1967 1104 2166 1174 igitur,

506 1190 864 1264 lignumque
894 1191 956 1246 in
987 1191 1347 1264 blasphema
1377 1192 1615 1250 illorum
1644 1210 1748 1251 ora
1775 1194 2169 1250 immittamus

513 1285 571 1335 et
599 1283 981 1336 eonteramus
1012 1280 1145 1337 illos
1173 1280 1249 1337 de
1305 1285 1463 1338 terra
1512 1282 1862 1347 viventium,
1913 1282 2167 1354 lignum,

512 1368 790 1441 inquam,
825 1369 1019 1425 crucis
1045 1369 1351 1426 viviﬁcum
1384 1370 1497 1426 illis
1527 1372 1633 1444 qui
1659 1372 1708 1427 ei
1730 1371 1983 1428 ﬁdeliter
2010 1371 2170 1428 labia

512 1457 843 1515 admovent
871 1475 884 1513 :
914 1462 1167 1515 mortem
1198 1475 1340 1515 vero
1373 1460 1987 1534 afferensillisquibus
2000 1477 2068 1517 os
2083 1465 2170 1517 est

509 1544 939 1619 blasphemum
953 1547 1457 1604 etexsecrandum
1468 1593 1482 1618 ,
1496 1565 1661 1605 more
1683 1550 1989 1620 unguenti,
2004 1548 2168 1622 quod

511 1634 907 1690 odorantibus
918 1635 1266 1692 hominibus
1277 1631 1647 1710 voluptatem
1663 1639 1817 1711 parit
1828 1638 2166 1703 ,scarabteis

2275 566 2608 634 περιστεραῖς
2657 558 2751 613 Ἦν
2801 556 2861 613 δὲ
2915 555 3225 630 δυσφημίαν
3284 558 3423 611 κατὰ
3487 564 3581 610 τοῦ
3627 562 3915 630 πανευφῆ-

2275 667 2376 721 μου
2445 656 2678 725 σταυροῦ
2743 648 3116 724 ἀπερεύγονται
3198 649 3249 701 οἱ
3305 647 3483 709 πάσης
3555 642 3914 718 βδελυγμίας

2276 739 2563 811 ἀνάμεστον
2619 740 2826 811 ἔχοντες
2874 741 2971 797 τὴν
3035 736 3242 809 ψυχήν,
3318 734 3719 807 eumnam
3785 754 3909 808 μου

2275 833 2365 882 καὶ
2444 825 2828 904 διασαφοῦντος
2890 827 3345 902 παραϐιασάμενοι
3417 825 3631 887 ἑαυτόὺς
3701 844 3911 898 καρτε-

2276 924 2494 993 ρήσατε,
2543 922 2647 986 ἵνα,
2680 923 2902 992 γνόντες
2955 923 3121 972 πόσον
3177 916 3310 970 εἰσὶν
3357 915 3586 980 ἀνόητοι,
3650 934 3906 987 καταγε-

2275 1009 2470 1069 λάσητε
2506 1017 2600 1071 τῆς
2625 1008 2876 1072 ἀνοησίας
2912 1008 3099 1078 αὐτῶν,
3131 1006 3322 1081 μᾶλλον
3378 1003 3436 1059 δὲ
3484 1013 3585 1068 τῆς
3624 1003 3907 1065 ἀπωλείας

2276 1100 2710 1172 καταθρηνησητε
2737 1141 2751 1155 .
2814 1105 2963 1151 Δεῦτε
3037 1093 3124 1151 οὖν
3189 1100 3279 1148 καὶ
3310 1128 3313 1131 »
3342 1094 3677 1168 ἓμϐάλλωμεν
3737 1093 3907 1157 ξύλον

2279 1186 2350 1249 εἰς
2379 1191 2445 1240 τὰ
2496 1186 2787 1261 βλάσφημα
2840 1190 3039 1240 τούτων
3095 1188 3354 1253 στόματα,
3411 1188 3501 1236 καὶ
3558 1181 3902 1258 ἐκτρίψωμιν

2278 1276 2462 1338 αὐτοὺς
2528 1274 2629 1330 ἁπό
2658 1285 2761 1349 γῆς
2826 1277 3052 1343 ζώντων,
3103 1274 3250 1338 ξύλον
3311 1275 3371 1326 τὸ
3427 1279 3519 1325 τοῦ
3561 1279 3802 1347 σταυροῦ
3828 1275 3902 1324 τὸ

2639 1369 2690 1419 ἓν
2750 1362 2855 1426 τοίς
2918 1372 3122 1426 πιστῶς
3200 1360 3575 1437 προσψαύουσι
3640 1360 3849 1433 χείλεσι
3880 1404 3901 1427 ,

2276 1459 2573 1530 νεκροποιὸν
2624 1452 2685 1508 δε
2735 1463 2840 1516 τοῖς
2897 1453 3233 1527 βλασφήμοις
3264 1457 3517 1524 στόμασι,
3547 1455 3641 1503 καὶ
3679 1458 3903 1525 μιαροῖς

2277 1547 2414 1597 κατά
2450 1549 2543 1603 τὴν
2589 1548 2742 1617 φύσιν
2793 1546 2981 1617 μύρου,
3039 1545 3065 1595 ὃ
3092 1550 3199 1604 τοίς
3227 1545 3317 1615 μὶν
3350 1539 3783 1615 όσφραινομένοις
3807 1538 3872 1592 ἀν

2281 1634 2503 1705 Θρώποις
2549 1633 2903 1708 εὐφραντικὸν.
2951 1639 3057 1692 τοῖς
3110 1627 3170 1684 δὲ
3220 1631 3499 1704 κανθάροις
3548 1631 3896 1704 νεκρωτικόν

2280 1366 2534 1427 ζωοποιόν
2750 1362 2855 1426 τοῖς
2918 1372 3122 1426 πιστῶς

512 1728 716 1780 antem
747 1724 1011 1781 exitium.
1036 1725 1216 1797 Cujus
1236 1725 1431 1797 ﬁgura
1460 1727 1603 1783 olim
1626 1728 1917 1784 adversus
1946 1743 2161 1801 aquam

2281 1728 2383 1775 Καὶ
2413 1724 2437 1773 ὁ
2463 1724 2627 1785 τύπος
2671 1718 2730 1775 δὲ
2779 1722 2939 1775 αὐτοῦ
2989 1724 3200 1795 γραφείς
3250 1738 3374 1772 ποτε
3423 1716 3542 1770 καθ’
3568 1717 3767 1792 ὑγρῶν,
3801 1721 3898 1770 τόν

513 1826 822 1884 expressa,
848 1812 1142 1887 populum
1169 1814 1411 1887 quidem
1433 1813 1673 1872 ﬁdelem
1695 1816 2029 1887 confirmat,
2062 1816 2169 1872 du-

509 1915 648 1957 rum
669 1916 812 1957 vero
832 1905 889 1958 et
915 1902 1171 1972 impium
1202 1903 1577 1961 Pharaonem
1617 1902 1949 1977 submergit
1988 1907 2053 1961 ι’.

583 1990 726 2055 Qute
753 1991 1092 2061 suntigitur
1114 1991 1234 2059 illa,
1259 2007 1395 2064 quas
1421 1994 2017 2052 contraadorandam
2041 2010 2169 2052 cru-

509 2093 640 2135 cem
670 2080 988 2148 garriunt?
1011 2081 1141 2136 Non
1174 2083 1734 2156 oportet,inquiunt,
1761 2099 1999 2141 erucem
2026 2085 2168 2142 ado-

505 2183 637 2226 rare
668 2173 726 2225 et
773 2170 1055 2236 osculari,
1103 2170 1206 2227 sed
1254 2171 1619 2229 inhonorare
1670 2178 1727 2230 et
1780 2175 2063 2242 aversari,
2104 2180 2170 2233 ut

503 2256 852 2330 illam,qu£e
877 2259 1173 2316 Christum
1216 2259 1512 2316 sustulite
1569 2262 1768 2320 medio
1816 2268 1873 2320 et
1928 2265 2164 2321 occidit.

504 2346 820 2418 Allatoque
833 2353 1208 2418 argumento,
1224 2364 1331 2405 vos
1347 2348 1616 2406 videlicet
1630 2351 1689 2408 in
1728 2352 1764 2407 d
1775 2352 2164 2410 ubitationem

504 2435 849 2506 conjiciunt.
877 2436 934 2493 Si
963 2436 1122 2508 quis,
1145 2436 1442 2509 inquiunt.
1467 2443 1637 2494 tuum
1667 2445 1900 2512 patrem
1916 2442 1973 2497 in
1998 2441 2162 2512 ligno

504 2538 869 2597 suspensum
900 2522 1309 2595 interfecisset,
1334 2541 1481 2582 num
1504 2526 1735 2596 lignum
1776 2529 1920 2585 illud
1972 2530 2162 2587 hono-

500 2626 704 2668 rasses
724 2616 785 2679 et
825 2613 1143 2670 adorasses
1164 2614 1193 2670 ?
1223 2617 1619 2688 Nequaquam
1658 2633 1837 2683 vero;
1862 2619 2035 2676 sedet
2060 2620 2161 2677 ad-

496 2701 935 2758 versatusillud
964 2701 1205 2770 fuisses,
1231 2707 1283 2760 et
1326 2704 1587 2773 pessime
1640 2706 1893 2777 odisses,
1955 2714 2012 2764 et
2064 2708 2160 2766 vel

495 2787 1267 2863 proculintuitus,fugisses,
1287 2798 1576 2866 tanquam
1590 2794 2158 2871 inimicum,quippe

494 2878 661 2955 quod
686 2878 968 2936 dilectum
998 2878 1104 2937 tibi
1133 2886 1446 2953 parentem
1478 2886 1750 2955 peremit.
1801 2888 1931 2941 Jam
1989 2887 2156 2943 audi-

460 2954 662 3023 .vist'is
688 2967 1128 3041 blasphemiam
1158 2970 1423 3027 illorum.
1457 2954 1610 3036 Quid
1656 2973 1827 3030 vobis
1873 2974 2154 3034 videtur?

2278 1814 2368 1884 μιν
2416 1814 2603 1864 πιστὸν
2647 1810 2768 1864 λαὸν
2809 1807 3083 1878 διασώζει,
3138 1814 3227 1862 τόν
3273 1805 3332 1862 δέ
3376 1826 3437 1879 γε
3464 1806 3702 1879 σπληρόν
3724 1826 3900 1860 κατα-

2278 1900 2506 1961 κοντίζει
2535 1904 2621 1952 καὶ
2650 1898 2963 1974 βλάσφημον
2999 1904 3204 1973 Φαραώ.

2348 1994 2476 2042 Τίνα
2537 1996 2662 2061 γοῦν
2727 1989 2880 2055 εἰσιν,
2933 1988 2969 2040 ἃ
3014 1996 3106 2041 τοῦ
3161 1992 3523 2061 προσκχνητοῦ
3574 1984 3893 2058 καταρλυα-

2276 2085 2431 2153 ροῠσι
2478 2086 2746 2153 στανροῦ;
2802 2083 2878 2131 Οὐ
2926 2083 3055 2153 χρὴ,
3106 2082 3255 2151 φασὶ,
3302 2080 3388 2128 τόν
3442 2078 3674 2151 σταυρόν
3713 2094 3894 2150 προσ-

2275 2174 2442 2220 κυνεῖν
2507 2173 2596 2221 καὶ
2661 2166 3015 2230 ἀσπάζεσθαι,
3085 2165 3191 2219 ἀλλ’
3254 2165 3524 2238 ἀτιμάζειν
3590 2169 3684 2217 καὶ
3758 2164 3897 2217 ἀπο,

2277 2259 2613 2329 στρέφεσθαι,
2663 2260 2727 2319 ὡς
2774 2262 2861 2310 τόν
2918 2260 3150 2330 Χριστόν
3213 2255 3454 2308 ἀνελόντα
3505 2258 3599 2306 καὶ
3649 2256 3893 2307 Θανατὼ-

2276 2365 2458 2401 σαντα.
2540 2351 2641 2400 Καὶ
2711 2345 2993 2418 ἐπάγουσιν
3079 2345 3151 2408 εἰς
3226 2344 3447 2418 ἀπορίαν
3515 2339 3680 2403 δῆθεν
3743 2344 3892 2415 ὑμᾶς

2272 2434 2590 2508 ἐμϐαλόντες.
2660 2438 2722 2489 Εἴ
2784 2455 2884 2500 τις,
2950 2434 3199 2508 λέγόντες,
3261 2437 3348 2487 τόν
3408 2435 3496 2486 σόν
3542 2436 3745 2507 πατέρα
3796 2430 3886 2484 ἐπὶ

2270 2524 2421 2588 ξύλου
2470 2527 2742 2600 κρεμάσας
2798 2523 3006 2591 ἀνεῖλεν,
3065 2522 3318 2597 ἕτιμησας
3370 2521 3431 2575 ἂν
3484 2527 3576 2575 καὶ
3616 2524 3894 2595 προσεκύ-

2266 2633 2430 2675 νησας
2497 2613 2658 2667 ἐκεῖνο
2721 2618 2780 2667 τό
2847 2614 3037 2681 ζύ).ον;
3106 2616 3318 2674 Πάντως
3374 2613 3504 2685 οὐχί
3530 2634 3543 2646 -
3607 2609 3738 2663 ἀλλὰ
3789 2616 3891 2664 καὶ

2265 2701 2606 2779 ἀπεστράφης
2651 2703 2777 2756 αὐτὸ
2821 2710 2912 2757 καὶ
2953 2703 3232 2776 ἐμίσησας,
3289 2706 3380 2754 καὶ
3443 2701 3710 2777 πόρρωθεν
3760 2698 3891 2773 βλέ-

2264 2812 2371 2845 πων
2431 2791 2709 2865 ἁπέφευγες
2775 2792 2859 2862 ἂν,
2919 2796 2983 2854 ὡς
3038 2791 3251 2867 ἐχθρόν,
3304 2792 3390 2844 οἷα
3444 2794 3533 2843 τὸν
3582 2793 3677 2843 σὸν
3731 2788 3885 2861 φίλον

2260 2885 2460 2956 πατέρα
2517 2880 2896 2937 ἐναποκτεῖναν.
2957 2878 3101 2939 ’Ἤδη
3157 2884 3418 2940 ἠκούσατε
3466 2884 3562 2938 τὴν
3622 2877 3883 2952 βλασφη-

2260 2975 2383 3042 μίαν
2424 2970 2613 3025 miram.
2668 2977 2732 3024 Τί
2785 2971 2906 3044 ὑμῖν
2959 2968 3142 3025 δοκεῑε
3201 2969 3382 3023 Θέλετε
3423 2971 3493 3031 ὡς
3533 2971 3680 3056 ἰστὸν
3733 2966 3877 3043 ἀρά-

490 3055 696 3127 Vultis,
719 3063 784 3115 ut
804 3038 1100 3131 tanquam
1131 3061 1312 3116 telam
1340 3077 1577 3118 araneae
1610 3067 1795 3120 totam
1821 3064 2002 3136 hujus
2056 3082 2151 3122 ar-

2275 3080 2397 3130 ίνης
2442 3056 2697 3113 διαλῦσαι
2739 3068 2833 3122 τῆς
2889 3058 3111 3136 ἀπορίας
3153 3062 3351 3121 ταύτης
3390 3062 3478 3111 τόν
3527 3053 3876 3130 nitidae-9w;

491 3146 964 3214 gumentationis
996 3151 1431 3206 connexionem
1466 3151 1817 3219 dissolvam,
1870 3155 2155 3225 redargu-

492 3247 713 3307 amque
732 3237 1175 3303 nugasistasim
1187 3237 1399 3308 pietate
1414 3238 1660 3311 plenas?
1686 3241 1955 3310 Agedum
1983 3243 2153 3299 refel-

488 3320 707 3377 lamus.
731 3324 977 3379 lnsitum
997 3329 1085 3380 est
1099 3341 1134 3380 a
1150 3331 1366 3382 natura
1380 3328 1826 3401 hominibus,ut
1855 3331 2154 3389 benovolo

492 3409 608 3464 sint
628 3410 833 3466 animo
864 3413 926 3466 in
955 3412 1391 3483 benefactores,
1420 3417 1740 3491 vicemque
1762 3426 1818 3475 et
1845 3427 2044 3490 grates
2065 3437 2156 3477 re-

489 3504 725 3570 ponant
753 3514 985 3571 :neque
1018 3500 1215 3557 solum
1247 3503 1411 3575 ipsos
1463 3506 1538 3561 de
1594 3524 1655 3562 se
1716 3507 1871 3563 bene
1916 3511 2158 3566 meritos

491 3584 814 3653 honorant,
830 3586 1153 3660 debitoque
1175 3590 1336 3647 cultu
1347 3600 1814 3666 prosequuntur,
1838 3596 1944 3651 sed
1962 3602 2016 3653 et
2033 3598 2156 3667 illa,

496 3689 637 3747 quae
662 3675 950 3732 utmedia
979 3677 1057 3733 ad
1080 3676 1540 3737 beneﬁcentiam
1571 3682 2053 3757 intercesserunt,
2105 3695 2162 3749 et

503 3761 907 3819 instrumenta
923 3764 1130 3820 salutis
1151 3768 1550 3838 procurandae
1565 3769 1695 3832 illis,
1710 3771 1813 3843 qui
1830 3772 2160 3843 periculum

496 3851 770 3922 subeunt,
803 3851 984 3909 beata
1004 3854 1370 3925 praedicant:
1400 3855 1703 3931 ﬁdemque
1723 3860 1826 3915 tibi
1847 3860 2028 3919 faciat
2067 3880 2160 3920 sa-

494 3938 905 4011 pientissimus
931 3941 1241 4007 Salomon,
1273 3944 1377 4016 qui
1405 3945 1488 4001 ait
1535 3948 1879 4006 Benedzcite
1926 3952 2158 4022 lignum

499 4043 615 4099 quo
639 4031 804 4085 salus
832 4030 1089 4101 obtingit
1124 4034 1186 4086 η.
1219 4032 1373 4088 Multi
1402 4035 1580 4090 etiam
1622 4036 1892 4106 gladium
1926 4041 2158 4110 regium

498 4115 1147 4189 honorarunt;sublato
1164 4136 1269 4193 per
1283 4137 1421 4178 eum
1441 4128 1836 4196 tyrannorum
1866 4129 2161 4202 quopiam

501 4209 559 4261 et
580 4207 847 4262 restituta
875 4209 1184 4279 oppressis
1217 4210 1559 4269 civitatibus
1606 4214 1898 4283 libertate,
1939 4218 2062 4274 imo
2107 4224 2163 4275 et

503 4293 583 4349 ad
610 4290 765 4360 loca,
789 4298 845 4351 et
865 4295 944 4350 ad
970 4301 1263 4368 tempora,
1301 4300 1518 4369 quibus
1540 4302 1632 4357 vel
1664 4304 1834 4375 quies
1890 4310 1943 4362 et
2004 4311 2161 4364 tran-

2262 3154 2352 3201 καὶ
2383 3154 2469 3202 τόν
2499 3149 2653 3225 λῆρον
2709 3158 2887 3203 τοῦτον
2945 3146 3254 3210 δυσσεϐείας
3305 3147 3578 3220 άπε).εγξαι
3632 3152 3830 3221 μεστόν
3856 3168 3872 3181 ·

2266 3243 2388 3314 Φέρε
2446 3243 2537 3291 καὶ
2601 3238 2974 3312 ἀπελέγξωμεν.
3027 3243 3200 3312 Νόμος
3250 3237 3362 3291 ἐστὶ
3406 3245 3517 3299 τοῖς
3577 3235 3878 3311 ἀνθρώποις

2266 3328 2366 3379 ὑπό
2433 3335 2528 3390 τῆς
2597 3331 2795 3400 φύσεως
2845 3332 2964 3400 περὶ
3014 3332 3137 3389 τοὺς
3206 3326 3472 3402 εὐεργέτας
3530 3326 3876 3400 εὐγνωμονεῖν

2267 3419 2356 3467 καὶ
2397 3415 2840 3491 ἀντιχαρίζεσθαι
2895 3419 2959 3469 τὰ
3006 3416 3430 3490 εὐχαριστήριαο
3463 3422 3553 3468 καὶ
3595 3421 3669 3488 μὴ
3716 3419 3877 3488 μόνον

2270 3508 2456 3567 αὐτοὺς
2520 3506 2635 3567 τούς
2706 3506 2975 3582 εὐεργέτας
3033 3512 3228 3578 τιμᾷν,
3292 3510 3383 3558 καὶ
3463 3509 3522 3558 τὸ
3601 3515 3879 3580 προσῆκον

2273 3593 2427 3656 σέϐας
2494 3593 2762 3668 ἀπονέμειν
2821 3596 3019 3661 αὐτοῖς,
3078 3594 3208 3647 ἀλλά
3261 3600 3353 3647 καὶ
3403 3594 3539 3647 αὐτά
3592 3597 3661 3647 τά
3714 3614 3880 3668 μεσι-

2269 3687 2526 3737 τεύσαντα
2598 3688 2729 3760 πρὸς
2810 3690 2903 3743 τὴν
2985 3692 3080 3746 τῆς
3150 3684 3440 3758 εὐεργεσίας
3514 3683 3877 3759 ἐκπλήρωσιν,

2270 3778 2359 3825 καὶ
2424 3777 2620 3847 ιῇογανα
2685 3779 2947 3846 σωτηρίας
3029 3781 3139 3837 τοίς
3216 3770 3578 3827 κινδυνεύουσι
3649 3793 3880 3847 χρημαο

2270 3866 2489 3915 τίσαντα
2552 3867 2888 3937 μακαρίζειν·
2957 3868 3048 3915 καὶ
3108 3866 3326 3917 πειθέτω
3394 3882 3452 3916 σε
3515 3864 3543 3915 ὁ
3605 3866 3881 3936 πάνσοφος

2272 3951 2509 4023 Σαλομῶν
2583 3952 2717 4005 οὕτω
2798 3952 2957 4023 )έγων
2980 3974 2993 3987 ο
3084 3952 3348 4024 Εὐλογεῐτε
3424 3951 3592 4020 ξύλον,
3663 3949 3739 4004 δι’
3814 3950 3882 4005 οὗ

2269 4045 2469 4112 γίνεται
2523 4046 2779 4117 σωτηρία.
2842 4040 3028 4094 Πολλοὶ
3085 4048 3177 4095 καὶ
3235 4043 3441 4100 σπάθην
3477 4040 3767 4114 βασιλικὴν
3794 4061 3881 4095 τε-

2272 4134 2557 4202 τιμήκασιν
2624 4129 3046 4205 ἀνθρωποκτόνον
3110 4133 3353 4206 τύραννον
3416 4129 3716 4197 ἀνελοῦσαν,
3785 4136 3885 4183 καὶ

2272 4217 2456 4271 πόλεσι
2563 4224 2997 4292 τυραννουμέναις
3106 4218 3149 4272 ἐ)
3161 4221 3392 4292 ευθερίαν

2276 4305 2404 4359 ἀλλά
2454 4312 2543 4360 καὶ
2586 4312 2751 4383 μέχρι
2796 4313 3097 4361 τόπωνικαὶ
3142 4312 3346 4382 χρόνων
3392 4309 3509 4361 καθ’
3548 4308 3639 4372 οὓς
3687 4309 3883 4380 εὐημε-

2563 4224 2997 4292 τυραννουμέναις
3106 4223 3149 4272 ἐ)
3161 4223 3392 4292 ευθερίαν
3504 4223 3883 4293 χαρισαμένην

504 4380 789 4474 quillitas,
822 4383 915 4439 vel
941 4385 1416 4444 emolumentum
1450 4388 1697 4462 aliquod
1724 4393 2026 4465 aliquibus
2054 4397 2159 4453 ob-

2275 4401 2388 4470 ρίας
2450 4401 2590 4460 τινός
2651 4399 2679 4457 ἢ
2759 4397 2999 4471 ὡφελείας
3076 4404 3378 4471 μετέσχον,
3458 4400 3619 4474 ἕτεροι
3695 4397 3885 4452 ἐσεϐά-

505 4469 668 4525 venit
685 4470 880 4527 honos
898 4474 1209 4544 processit.

581 4560 648 4613 Et
669 4562 880 4615 utrem
916 4559 976 4615 in
1007 4575 1205 4632 pauca
1254 4564 1582 4636 conferam,
1616 4583 1796 4626 omne
1825 4570 1970 4627 illud
1997 4575 2163 4645 quod

506 4645 861 4703 hominibus
893 4647 1097 4721 aliquo
1123 4651 1307 4708 modo
1330 4652 1683 4724 adjumento
1709 4663 1818 4725 est,
1852 4665 1916 4715 ut
1943 4660 2162 4719 beneﬁ-

511 4735 672 4791 cium
697 4734 791 4791 vel
811 4736 1102 4806 gaudium
1134 4738 1464 4811 obtineant,
1494 4744 1675 4800 laude
1705 4746 1954 4818 dignum
2001 4752 2163 4823 apud

510 4824 790 4882 homines
812 4831 869 4883 et
893 4826 1147 4884 charum
1176 4829 1434 4887 habetur
1461 4849 1571 4906 pro
1597 4835 1827 4892 ratione
1879 4838 2163 4910 utilitatis,

512 4931 702 4989 quam
733 4914 923 4973 affert.
957 4917 1493 4983 Quomadmodum
1524 4938 1555 4978 e
1586 4925 1885 4982 contrario
1913 4943 2002 4995 ea,
2030 4946 2165 5001 quae

512 5005 862 5063 nocumenti
889 5005 1146 5077 alicujus
1175 5023 1359 5067 causa
1385 5009 1643 5081 fuerunt,
1670 5018 1726 5069 et
1747 5015 2166 5073 molestizeefli-

514 5096 748 5164 cientia,
787 5094 1030 5151 odimus
1089 5101 1147 5153 et
1192 5114 1543 5156 aversamur
1595 5103 1719 5159 sive
1769 5105 2168 5165 instrumenta

512 5185 651 5257 sint,
685 5185 806 5241 sive
829 5185 981 5253 loca,
1016 5186 1140 5243 sive
1168 5192 1465 5262 tempora.
1489 5191 1636 5259 Fuit,
1660 5194 1764 5266 qui
1785 5211 2011 5267 ensem,
2043 5214 2166 5271 quo

513 5274 691 5331 frater
714 5280 1061 5349 peremptus
1086 5282 1210 5334 erat
1237 5278 1548 5348 defoderit,
1577 5282 1933 5357 virgamque
1964 5286 2064 5341 tilii
2084 5288 2166 5343 in-

511 5361 732 5419 terfecti
748 5360 901 5419 icem
933 5363 1618 5440 eonfregerit.jMaledicit
1642 5370 1828 5429 David
1854 5375 2162 5433 montibus

511 5450 747 5515 Gelboe,
779 5450 947 5523 quod
965 5451 1048 5508 ibi
1076 5454 1307 5513 amicus
1338 5457 1724 5517 occubuisset
1764 5462 1835 5517 ‘3.
1876 5463 2163 5522 Maledicit

2277 4488 2376 4544 σθη
2388 4505 2481 4538 σαν
2490 4529 2501 4541 .

2348 4581 2448 4628 Καὶ
2502 4575 2676 4636 ἁπλῶς
2728 4576 2906 4642 εἰπεῖν,
2955 4575 3091 4629 ἅπαν
3139 4579 3196 4629 τό
3253 4579 3384 4629 κατά
3438 4597 3491 4630 τι
3560 4585 3885 4651 μεσιτεῦσαν

2273 4672 2382 4727 τοῖς
2432 4663 2721 4740 ἀνθρώποις
2773 4665 3066 4741 εὐεργεσίαν
3119 4670 3209 4718 καὶ
3272 4671 3548 4739 χαρμονὴν
3595 4672 3885 4741 παραυ-χά-

2275 4773 2421 4826 μενον
2452 4752 2711 4807 ἐπαινετόν
2758 4762 2865 4816 τοῖς
2916 4754 3209 4830 ἀνθρώποις
3260 4760 3350 4808 καὶ
3408 4756 3679 4827 ἡγαπητόν
3738 4762 3886 4811 κατὰ

2275 4846 2333 4896 τό
2383 4846 2567 4918 μέτρον
2625 4852 2715 4905 τῆς
2770 4843 3046 4917 ὠφελείας·
3098 4848 3270 4920 ὥσπερ
3326 4845 3391 4897 αὖ
3444 4845 3738 4899 τούναντίον
3786 4853 3886 4901 καὶ

2277 4936 2342 4985 τὰ
2393 4930 2595 5006 βλάϐης
2650 4935 2794 4986 αἴτιά
2850 4954 2963 4987 τισι
3015 4939 3280 5007 γεγονότα,
3339 4939 3429 4987 καὶ
3473 4934 3687 5010 ἀνιαροῦ
3743 4956 3887 4999 τινος

2277 5023 2539 5096 πρόξενα,
2608 5029 2698 5076 καὶ
2759 5033 3051 5098 μισοῦμεν,
3116 5031 3205 5077 καὶ
3265 5023 3714 5099 ἀποστρεφόμεθα,
3782 5030 3888 5081 εἴτε

2278 5115 2473 5187 olor/«vd
2538 5113 2689 5179 εἰσιν,
2762 5118 2859 5166 εἴτε
2924 5119 3094 5180 τόποι,
3161 5133 3367 5189 χρονοι.
3438 5119 3540 5167 Καὶ
3603 5118 3887 5191 μάχαιραν

2275 5205 2377 5277 γάρ
2424 5222 2506 5265 τις
2557 5199 2930 5276 ἀδελφοκτόνον
2974 5203 3257 5280 κατώρυξε,
3314 5209 3404 5256 καὶ
3453 5203 3643 5279 ῥάϐδον
3691 5202 3887 5258 παιδο-

2275 5296 2455 5343 κτόνον
2521 5289 2880 5366 διάθραυσιν.
2955 5294 3240 5368 Ἐπαρᾱται
3304 5290 3472 5346 Δαυίδ
3529 5297 3595 5346 τά
3668 5297 3763 5370 ιῇοη
3818 5299 3891 5348 τά

2277 5379 2488 5434 Γελϐουὲ
2539 5378 2633 5433 διὰ
2689 5387 2782 5441 τὴν
2833 5381 2998 5435 ἐκεῖσε
3022 5390 3112 5435 τοῦ
3166 5383 3312 5455 pilo-4
3346 5381 3608 5456 ἀναίρεσιν
3643 5404 3656 5416 ·
3690 5385 3717 5435 ό
3762 5383 3885 5437 Ἰὼϐ

2271 5476 2365 5530 τὴν
2439 5473 2654 5546 ἡμέραν,
2706 5470 2753 5524 ἐν
2897 5471 3165 5545 ἐγεννήθη,
3217 5468 3310 5524 διὰ
3365 5473 3455 5539 τάς
3502 5471 3879 5547 ἓπισυμϐάσας

575 5631 620 5668 ιι
654 5630 842 5709 Exod,
870 5643 986 5686 ειν.
1015 5633 1086 5708 26
1116 5646 1287 5729 seqq.
1324 5636 1372 5682 ί*
1400 5637 1538 5710 Sap.
1569 5656 1685 5712 xxv,
1716 5646 1771 5700 7.
1805 5642 1853 5678 ¹³
1882 5633 1929 5699 ΙἸ
1960 5644 2102 5716 Reg.
2132 5648 2173 5731 Ι,
2206 5648 2294 5712 2i,
