4020 6310
89 409 197 470 633

1420 397 1701 463 CONTRA
1740 395 2165 462 BOGOMILOS.

3362 411 3469 470 634

93 537 375 611 συμφορὰς
458 538 550 589 καὶ
633 537 723 597 τὰς
802 538 1149 610 κυμαγωγίας
1211 541 1346 590 τῶν·
1380 536 1699 609 πιιρασμῶν.

1818 529 1876 582 et
1896 524 2009 582 Job
2034 525 2171 597 diei,
2203 527 2266 587 in
2284 543 2410 604 quo
2432 532 2612 589 natus
2632 533 2743 599 est,
2768 534 3016 606 propter
3035 548 3165 604 eas,
3186 548 3324 610 quae
3354 536 3470 594 sibi

85 624 321 693 Ἵδωμεν
362 626 453 679 οὖν
510 628 601 679 τὸν
669 628 918 701 σταυρὸν,
987 630 1127 680 τίσιν
1189 624 1441 699 ὠφέλιμος
1504 625 1702 694 γέγονε,

88 720 175 768 καὶ
208 720 359 769 τίσιν
411 714 718 778 ἔπιϐλαϐἠςι
774 720 865 769 καὶ
920 716 949 769 6
991 718 1082 789 μὶν
1139 714 1418 789 ὠφεληθεὶς
1460 710 1708 781 ἀναλογον

86 812 148 877 τῇ
177 804 413 878 ὠφελείᾳ
440 810 532 859 καὶ
588 809 688 865 την
718 809 878 878 τιμὴν
922 809 1273 882 προσφερίτω,
1407 800 1467 856 δε
1505 798 1711 875 βλάϐης

88 896 257 955 αἴτιος
349 898 547 967 γὲγονε,
646 901 826 948 τοῦτον
916 892 1063 957 οὗτος
1150 892 1556 970 ἀποστρεφέσθω
1619 892 1709 942 καὶ

86 980 476 1055 βδελυττέσθω
517 979 758 1046 δικαίωςο
807 983 1274 1056 Ἀναγινωσκίσθω
1317 986 1491 1036 τοίνυν
1536 981 1603 1032 τὰ
1637 985 1709 1049 τῷ

82 1066 220 1116 κατὰ
308 1064 556 1122 Ἰωάννην
620 1063 945 1137 Εὐαγγελίῳ,
1014 1065 1206 1117 οὑτωσί
1269 1064 1437 1139 ῥητῶς
1500 1058 1710 1135 ἱμφερό-

82 1173 233 1227 μενοι,
292 1158 392 1206 καὶ
434 1155 581 1228 παρά
648 1160 741 1206 τοῦ
812 1161 1046 1229 Σωτῆρος
1106 1152 1370 1227 λεγόμενα.
1436 1158 1545 1204 Νῦν
1598 1152 1708 1224 κρί-

84 1262 163 1304 σις
224 1242 357 1296 ἐστὶ
407 1250 502 1295 τοῦ
563 1246 771 1316 κόσμου
842 1245 1053 1297 τούτου·
1120 1250 1209 1295 νῦν
1292 1244 1320 1295 ό
1378 1242 1560 1314 ἄρχων
1615 1244 1708 1292 τοῦ

82 1337 303 1405 κόσμου
364 1331 745 1391 ἐκϐληθήσεται
798 1332 916 1397 ἔξωο
1003 1330 1147 1406 κάγὼ
1228 1330 1313 1385 ίάν
1380 1330 1575 1402 ὑψωθῶ

78 1429 171 1481 τῆς
233 1429 370 1492 γῆς,
438 1422 634 1483 πάντας
699 1419 901 1474 ἇλκύσω
956 1425 1108 1495 πρὸς,
1170 1420 1410 1494 ἒμαυτόν·
1469 1415 1610 1473 Ἰδοὺ
1658 1415 1707 1469 ἓν

78 1516 192 1571 τοῖς
222 1508 438 1580 ὀλίγοις
487 1512 695 1572 τούτοις
738 1511 975 1585 ῥήμασιν
1026 1510 1197 1573 ἔξεστι
1245 1505 1581 1581 δίδαχθῆναι
1626 1509 1707 1566 τίς

84 1600 109 1650 6
139 1600 518 1672 εὖεργετηθείς
547 1595 582 1651 δ
587 1603 642 1652 ιά
691 1606 785 1652 τοῦ
816 1606 1049 1673 σταυροῦ
1076 1642 1090 1663 ,
1137 1618 1219 1660 τις
1264 1594 1324 1651 δε
1352 1599 1378 1651 ό
1428 1594 1708 1671 συντριϐἠν

80 1689 360 1750 ὑποστάς.
433 1686 552 1741 Ὀτι
602 1684 663 1741 δὶ
704 1693 823 1762 περὶ
865 1697 959 1750 τῆς
998 1691 1239 1741 ἰκουσίου
1289 1691 1633 1762 σταυρώσεως
1680 1686 1706 1738 6

84 1780 337 1853 Χριστός
366 1784 536 1831 ταῦτα
589 1780 709 1851 ἔφη,
769 1781 959 1852 ἔχομεν
1012 1778 1166 1831 αὐτὸν
1203 1781 1290 1831 τόν
1321 1775 1706 1848 Εὗαγγελιστήν

1817 620 2159 687 evenerant,
2170 618 2540 678 calamitates
2550 621 2807 695 procella
2815 637 2967 696 sque
2979 625 3269 682 tentation
3277 642 3378 682 um
3396 628 3464 685 “.

1817 701 2140 761 Videamus
2161 705 2343 776 igitur
2367 723 2627 775 crucem,
2659 710 3034 784 quibusnam
3055 711 3391 782 utilitatem,
3411 718 3469 772 et

1813 791 2041 863 quibus
2067 793 2361 852 damnum
2387 797 2670 865 attulerit,
2718 797 2894 873 isque
2944 800 3049 873 qui
3077 801 3468 861 emolumenti

1817 879 2046 954 aliquid
2057 885 2302 957 accepit,
2320 900 2532 958 parem
2548 886 2785 944 utilitati
2805 889 3098 945 honorem
3119 889 3463 962 depromat;

1817 972 1915 1028 cui
1947 976 2148 1030 autem
2177 990 2323 1032 crux
2351 975 2691 1034 detrimenti
2716 992 2906 1035 causa
2936 979 3172 1047 exstitit,
3202 979 3298 1037 hic
3328 994 3465 1039 eam

1815 1060 2030 1118 merito
2054 1078 2165 1120 suo
2194 1069 2499 1122 aversetur
2515 1070 2574 1123 et
2604 1065 3005 1125 abominetur.
3034 1070 3331 1141 Legantur
3358 1070 3464 1140 ξεί·

1816 1153 1914 1207 tur
1939 1165 2014 1208 ea
2035 1166 2174 1224 quin
2192 1151 2255 1209 in
2285 1154 2607 1225 Evangelia
2623 1156 2959 1213 secundum
2983 1159 3280 1215 Joannem
3301 1174 3468 1233 repe-

1816 1238 2068 1305 riuntur,
2096 1255 2234 1313 quas
2263 1241 2347 1298 sic
2368 1242 2449 1299 ad
2475 1242 2726 1301 verbum
2753 1243 2999 1314 habent,
3015 1247 3316 1320 etabipso
3343 1247 3466 1305 Sal-

1816 1330 2023 1383 vatore
2045 1332 2251 1384 nostro
2269 1330 2656 1401 pronuntiata
2669 1336 2809 1389 sunt
2831 1333 3036 1392 :Nuue
3043 1334 3338 1404 judicium
3378 1340 3464 1392 est

1814 1416 2030 1471 mundi
2043 1417 2254 1487 hujus;
2280 1432 2445 1475 nunc
2467 1421 2750 1491 princeps
2766 1420 2947 1491 huius
2957 1423 3171 1478 mundi
3189 1425 3466 1493 eju°ietur

1812 1505 1985 1575 foras
1998 1523 2016 1577 ;
2037 1511 2093 1563 et
2112 1521 2219 1576 ego
2234 1523 2368 1564 eum
2386 1510 2692 1565 exaltatus
2703 1512 2877 1580 fuero
2898 1526 2936 1567 a
2957 1517 3142 1578 terra,
3167 1527 3363 1569 omnes
3382 1513 3466 1570 ad

1815 1595 2099 1664 meipsum
2121 1596 2365 1653 traham
2389 1598 2474 1652 “'.
2498 1600 2644 1654 Ecce
2661 1614 2733 1655 ex
2748 1599 2842 1655 his
2858 1599 3131 1673 pauculis
3167 1601 3362 1657 verbis
3379 1601 3465 1658 di-

1815 1698 1979 1739 scere
2002 1684 2157 1752 licet,
2185 1686 2289 1757 qui
2319 1686 2512 1741 crucis
2542 1687 2871 1744 ministerio
2896 1688 3203 1745 beneﬁciis
3223 1689 3297 1745 sit
3325 1688 3466 1747 aﬂ’e-

1814 1777 1968 1838 ctus,
1987 1774 2193 1845 etquis
2212 1773 2507 1830 damnum
2530 1780 2591 1832 et
2604 1776 3021 1834 contritionem
3036 1793 3273 1851 passus.
3292 1778 3465 1844 Quod

85 1868 347 1942 μάρτυρα
373 1874 467 1920 τοῦ
515 1866 676 1939 λόγου
708 1865 1035 1931 ἀξιόπιστον’
1066 1868 1276 1939 Ἐπάγει
1298 1869 1420 1941 γάρ·
1450 1872 1616 1919 Τοῦτο
1647 1860 1699 1917 δί

1813 1875 1955 1916 vero
1984 1860 2253 1917 Christus
2272 1862 2402 1918 haec
2424 1862 2636 1920 dixerit
2659 1865 2733 1921 de
2760 1865 3102 1923 voluntaria
3122 1866 3249 1923 illa.
3276 1882 3464 1939 quam

83 1954 246 2027 ᾶεγε,
362 1960 630 2029 σημαίνων
732 1961 867 2028 ποίῳ
962 1956 1164 2029 θανάτῳ
1264 1953 1477 2030 ἦμελλερ
1571 1951 1705 2006 ἀπο-

88 2045 369 2103 θνήσκειν.

732 1961 867 2028 ποίῳ
962 1956 1164 2029 θανάτῳ

155 2224 333 2277 Πάλιν
373 2219 462 2277 οὖν
521 2226 608 2277 τόν
662 2223 814 2296 λόγον
878 2222 1294 2296 ἐπαναληψομαι.
1353 2229 1461 2277 Νῦν
1524 2225 1703 2296 κρίσις

88 2312 201 2365 ἐστὶ
265 2321 366 2366 τοῦ
432 2314 637 2385 κόσμου
700 2316 911 2365 τούτου·
981 2316 1146 2387 κρίνει
1212 2309 1272 2365 δὲ
1327 2314 1400 2374 ὡς
1454 2310 1702 2384 βασιλεὺς

85 2400 167 2454 ἐπὶ
224 2404 418 2476 θρόνου
472 2400 708 2475 βεϐηκὼς
766 2400 1051 2474 βασιλικοῦ
1102 2407 1197 2453 τοῦ
1243 2408 1494 2473 σταυροῦ.
1543 2400 1602 2453 Ἡ
1642 2396 1703 2453 δί

83 2496 268 2563 κρίσις
337 2491 406 2552 εἰς
470 2494 666 2550 ταύτην
752 2491 1018 2566 ἐκφέρεται
1095 2495 1190 2550 τὴν
1236 2489 1538 2564 ἀπόφασιν,
1619 2490 1702 2541 ἵνα

83 2580 228 2633 ότοῦ
277 2584 488 2653 κόσμου
533 2582 716 2656 ἄρχων
759 2580 854 2643 ἔξω
896 2588 992 2643 τῆς
1043 2580 1204 2633 αὐτοῦ
1249 2577 1695 2655 ἀρχῆςέκϐληθῇ,

83 2675 173 2723 καὶ
228 2672 262 2729 ἡ
319 2673 457 2723 κατὰ
501 2678 602 2722 τῶν
656 2668 937 2745 ἀνθρώπων
994 2675 1238 2744 τυραννὶς
1295 2670 1455 2723 αὐτοῦ
1516 2672 1606 2721 καὶ
1664 2669 1694 2727 ἠ

82 2759 445 2834 πολυχρόνιος
500 2761 731 2820 κάκωσις
779 2767 899 2831 στῇ,
949 2764 1040 2811 καὶ
1070 2760 1096 2811 6
1151 2762 1397 2833 τύραννος
1446 2760 1548 2810 ὑπό
1578 2763 1699 2818 τοῦς

85 2845 260 2911 πόδας
309 2856 414 2900 τῶν
465 2852 880 2923 τυραννουμένων
921 2850 1041 2906 τεθῆ
1102 2844 1196 2901 διὰ
1248 2851 1332 2901 τόν
1382 2855 1473 2900 τοῦ
1521 2853 1697 2904 Σωτη-

86 2955 175 3003 ρος
231 2934 431 2990 ἄδικον
484 2939 702 2990 θάνατον
743 2942 831 2990 καὶ
869 2941 964 2996 τὴν
1012 2940 1149 2991 κατά
1193 2944 1283 2990 τοῦ
1327 2935 1696 3010 παμϐασιλέως

90 3024 480 3098 ἀναισχυντίαν
537 3031 625 3085 τὴν
678 3028 991 3098 πάντολμον,
1056 3031 1147 3079 καὶ
1202 3026 1295 3079 οὐκ
1357 3028 1431 3078 ἔτι
1493 3024 1697 3095 λέγεται

88 3116 494 3188 κοσμοκράτωρ.
628 3114 874 3173 Ἐκϐέϐλη
882 3134 968 3168 ται
1083 3119 1182 3189 γαρ
1318 3114 1697 3186 σταυρωθέντος

88 3212 355 3279 Χριστοῦ,
404 3210 495 3258 καὶ
538 3212 610 3276 τῷ
667 3205 838 3278 οἰκείῳ
890 3207 1077 3278 αἵματι
1123 3209 1209 3258 τόν
1264 3210 1462 3277 κόσμον
1516 3201 1696 3274 ἐξαγοι
1726 3232 1766 3287 C

451 3299 553 3347 Καὶ
618 3295 643 3346 ό
722 3293 991 3369 ἀγοράσας
1071 3293 1522 3365 εὐαγγιλιζόμενος
1586 3297 1696 3353 τοῖς

87 3381 271 3435 ἑαυτοῦ
341 3383 502 3455 φίλοις
557 3385 671 3456 ἶφη.
752 3380 942 3443 Ἐδόθη
1008 3402 1098 3456 μοι
1162 3388 1310 3436 πᾶσα
1373 3380 1586 3445 ἐξουσία
1646 3378 1694 3432 ἐν

87 3472 292 3546 οὐρανῷ
348 3477 438 3526 καὶ
490 3471 573 3525 ἐπὶ
628 3482 745 3545 γῆς.
800 3479 901 3527 Καὶ
960 3472 1063 3526 ἀπό
1129 3469 1285 3526 τοῦδε
1344 3475 1393 3524 οἱ
1439 3477 1691 3543 γηγινεῖς,

86 3563 133 3613 οἱ
174 3564 313 3634 χθές
359 3581 457 3614 που
504 3567 595 3613 καὶ
644 3566 899 3636 πρότριτα
950 3561 1004 3615 ἔκ
1051 3581 1152 3634 γης
1201 3562 1273 3622 εἰς
1309 3558 1447 3632 ᾅδην
1475 3580 1696 3633 καταφε-

87 3655 317 3723 ρόμενοι,
377 3658 466 3703 νῦν
532 3654 580 3703 ἐν
644 3652 882 3726 οὐρανοῖς
956 3649 1480 3724 πολιτογραφοῦνταιυ
1564 3655 1695 3702 Λπε-

90 3747 284 3811 primo
348 3743 472 3814 γάρ,
541 3741 611 3802 ὡς
674 3741 791 3793 Ἐὰν
859 3741 1053 3811 ὑψωθὼ
1130 3740 1217 3793 ἐπὶ
1281 3747 1373 3793 τοῦ
1439 3746 1691 3812 σταυροῦ,

86 3296 351 3366 ράσαντος
362 3337 374 3348 .

90 3830 282 3891 πάντας
329 3827 526 3882 ἑλκύσω
554 3832 684 3905 1:96;
730 3828 972 3902 ἐμαυτόν,
1008 3830 1092 3881 ἵνα
1132 3831 1259 3882 ὅπου
1301 3828 1408 3902 εἰμὶ
1452 3826 1572 3900 ἐγὼ,
1606 3832 1696 3880 καὶ

92 3917 242 3971 αὐτοὶ
264 3918 371 3970 ὦσι
395 3917 505 3990 μετ’
532 3916 677 3991 ὶμοῦ.

158 4012 256 4069 Τίς
283 4007 375 4059 οὖν
402 4006 591 4080 ’ὀφείλει
616 4010 700 4060 τόν
749 4008 974 4082 σταυρόν
1003 4005 1209 4078 ἀγαπᾷν
1242 4023 1254 4072 ;

93 4093 240 4159 νίδος
271 4093 646 4167 ἀπαλλαγέντες
696 4103 788 4149 τοῦ
820 4093 1069 4148 διαϐόλου
1102 4103 1164 4168 τῇ
1219 4103 1475 4168 σταυρικῇ
1513 4113 1695 4167 συνερ-

94 4192 233 4259 γείᾳ,
284 4190 379 4238 καὶ
434 4189 560 4258 πρός
608 4184 821 4258 οὐρανόν
870 4183 924 4249 ἐξ
976 4181 1109 4256 ᾆδον
1150 4181 1550 4257 ἀναδραμόντες,
1608 4186 1698 4235 καὶ⁵

97 4274 380 4347 ἱσαγγέλου
413 4270 574 4338 δόξης
603 4272 924 4338 ἀξιωθέντες.
979 4272 1008 4332 ἢ
1039 4274 1064 4325 ό
1096 4269 1337 4334 διάϐολος
1370 4274 1395 4324 ό
1452 4277 1545 4345 τῇς
1574 4291 1696 4345 προ-

93 4370 245 4438 τέρας
265 4364 511 4427 ἔξουσίας
561 4361 835 4438 ἀποπεσὼν
876 4359 970 4414 διά
997 4369 1089 4415 τοῦ
1138 4369 1388 4431 σταυροῦ,
1418 4366 1509 4414 καὶ
1542 4361 1607 4422 εἰς
1638 4364 1695 4413 τό

1290 4009 1355 4058 0i
1383 4014 1473 4067 τῆς
1512 4024 1691 4078 τνραν-

93 4453 543 4520 καταπαίζεσοαί,
589 4456 679 4503 καὶ
726 4452 1163 4521 καταπατεῖσθαι,
1224 4452 1324 4502 ὑπὸ
1370 4458 1467 4502 τῶν
1498 4447 1695 4524 ἀνθρώ-

1814 1948 2118 2005 subiturus
2137 1954 2283 2019 erat,
2306 1952 2709 2025 crucitixione,
2734 1957 2945 2011 testem
2968 1954 3087 2011 ﬁde
3100 1954 3463 2028 dignumip-

1814 2053 1940 2093 sum
1955 2039 2384 2108 Evangelistam
2401 2040 3359 2113 habemus.Subjungitenim:Hoc
3370 2058 3463 2100 ve-

1811 2142 1877 2183 ro
1887 2127 2145 2199 dicebat,
2162 2129 2536 2200 signiﬁcans,
2553 2146 2672 2203 qua
2683 2135 2873 2188 morte
2886 2132 3217 2188 moriturus
3233 2136 3377 2189 esset
3391 2134 3404 2167 ¹
3416 2132 3458 2189 ³.

1884 2217 2173 2273 Eumdem
2196 2218 2374 2288 igitur
2398 2234 2736 2276 sermonem
2782 2235 3124 2277 resumam:
3170 2220 3463 2292 Nuncju-

1811 2305 2032 2362 dicium
2059 2311 2147 2363 est
2198 2308 2412 2363 mundi
2459 2308 2678 2379 hujus;
2720 2308 2953 2381 judicat
2988 2324 3131 2365 vero
3162 2312 3228 2365 ut
3269 2325 3372 2365 rex
3398 2310 3461 2365 in

1813 2395 2095 2451 thronum
2116 2395 2377 2469 regalem
2396 2399 2589 2453 crucis
2614 2397 3047 2455 conscendens.
3076 2403 3147 2454 At
3167 2398 3461 2470 judicium

1808 2483 1869 2540 in
1900 2485 2057 2541 hanc
2078 2488 2434 2543 sententiam
2454 2488 2828 2561 terminatur,
2857 2492 2924 2545 ut
2950 2489 3231 2561 princeps
3251 2488 3463 2545 mundi

1809 2577 1977 2631 extra
2025 2590 2206 2631 suum
2281 2574 2601 2649 imperium
2659 2576 2949 2649 ejiciatur,
3004 2576 3316 2651 ipsiusque
3358 2577 3461 2634 ad-

1807 2680 2017 2721 versus
2043 2664 2313 2722 homines
2344 2668 2615 2739 tyrannis
2648 2672 2705 2724 et
2734 2668 3020 2725 diuturna
3048 2666 3326 2725 violentia
3354 2683 3460 2724 co-

1806 2751 2103 2823 hibeatur,
2124 2760 2179 2810 et
2200 2758 2494 2826 tyrannus
2515 2755 2772 2828 pedibus
2788 2771 2997 2813 eorum
3015 2757 3118 2829 qui
3144 2755 3461 2829 tyrannide

1807 2842 2323 2915 opprimebantur,
2350 2844 2705 2915 subjiciatur
2721 2850 2968 2917 propter
2987 2849 3242 2902 mortem
3257 2845 3460 2918 inique

1809 2931 2100 2987 Salvatori
2121 2931 2372 2998 illatam,
2403 2938 2460 2989 et
2484 2937 2731 3007 propter
2781 2934 3135 2990 effrenatam
3160 2933 3326 2989 illam
3351 2934 3461 2989 im-

1805 3019 2160 3093 pudentiam
2192 3022 2253 3077 in
2281 3023 2554 3078 omnium
2588 3024 2807 3093 Regem
2855 3026 2911 3079 et
2940 3022 3285 3089 Dominum,
3314 3025 3372 3079 et
3392 3027 3460 3080 ut

1803 3124 1928 3165 non
1958 3108 2217 3181 amplius
2243 3111 2454 3165 mundi
2474 3111 2756 3184 princeps
2802 3110 3158 3183 appelletur.
3220 3113 3454 3181 Ejectus

1804 3202 1893 3255 est
1912 3199 2073 3255 enim
2096 3198 2324 3255 Christo
2345 3199 2648 3269 cruciﬁxo,
2672 3205 3002 3273 postquam
3048 3200 3292 3273 proprio
3318 3215 3452 3256 san-

1804 3289 1981 3359 guine
2003 3286 2301 3344 mundum
2332 3289 2494 3356 emit,
2524 3289 2750 3362 quique
2773 3289 3073 3346 mundum
3103 3290 3263 3355 emit,
3292 3289 3343 3345 is
3376 3288 3456 3346 ad

1804 3379 2032 3434 amicos
2052 3394 2196 3435 suos
2218 3378 2583 3435 concionans
2604 3378 2784 3435 dixit:
2807 3380 2968 3436 Data
2990 3386 3075 3436 est
3094 3379 3246 3436 mihi
3264 3379 3456 3436 omnis

1799 3474 2060 3538 potestas
2090 3470 2156 3524 in
2179 3470 2327 3526 caelo
2348 3473 2401 3525 et
2428 3469 2490 3525 in
2522 3476 2686 3526 terra
2721 3471 2786 3526 ".
2816 3471 2883 3525 Et
2911 3485 2983 3526 ex
3016 3469 3132 3526 isto
3161 3473 3454 3542 tempore,

1806 3558 2132 3627 terrigenas,
2164 3557 2267 3630 qui
2294 3557 2421 3614 heri
2449 3562 2507 3615 et
2527 3557 2954 3615 nudiustertius
3001 3558 3082 3615 ad
3107 3558 3330 3615 inferos
3357 3557 3458 3614 de-

1802 3646 2165 3717 ferebantur,
2188 3661 2350 3703 nunc
2383 3650 2672 3721 tanquam
2697 3647 2854 3704 cives
2882 3647 2944 3704 in
2994 3647 3146 3704 caelo
3200 3646 3458 3704 conscri-

1801 3734 2048 3791 buntur.
2068 3736 2327 3791 Asseruit
2347 3735 2507 3791 enim
2532 3752 2545 3791 :
2568 3736 2634 3792 Si
2651 3738 2957 3794 exaltatus
2979 3738 3156 3806 fuero
3174 3739 3237 3793 in
3256 3752 3454 3800 cruce,

1802 3838 2001 3881 omnes
2040 3824 2276 3881 traham
2308 3824 2389 3880 ad
2414 3840 2507 3881 me
2550 3826 2764 3897 ipsum,
2817 3830 2880 3883 ut
2910 3825 3013 3882 ubi
3056 3840 3170 3895 ego
3214 3840 3371 3895 sum,
3401 3828 3458 3881 et

1803 3912 1920 3987 ipsi
1952 3915 2067 3969 sint
2097 3929 2356 3969 mecum.

1876 4004 1984 4070 Qui
2014 4003 2192 4073 igitur
2244 4018 2485 4059 crucem
2532 4003 2830 4059 honorare
2883 4002 3153 4060 debent?
3201 4009 3292 4059 An
3351 4004 3456 4076 qui

1804 4091 2093 4148 beneﬁcio
2122 4090 2310 4146 crucis
2332 4106 2405 4147 ex
2443 4091 2670 4147 diaboli
2698 4091 3014 4163 tyrannide
3052 4092 3259 4169 erepti,
3292 4097 3349 4149 et
3376 4092 3455 4149 ad

1805 4180 2022 4237 caelum
2063 4180 2269 4251 evecti,
2303 4185 2359 4236 et
2397 4180 2643 4253 aequalis
2672 4196 2808 4235 cum
2832 4180 3063 4250 angelis
3091 4180 3293 4251 gloriae
3325 4197 3459 4253 par-
3486 4177 3493 4183 ’

1805 4269 2012 4340 ticipes
2041 4268 2230 4325 effecti
2260 4273 2399 4324 sunt
2423 4288 2436 4333 ;
2473 4285 2549 4325 an
2573 4268 2871 4338 diabolus,
2896 4268 2999 4342 qui
3029 4284 3099 4325 cx
3133 4270 3326 4342 priore
3352 4285 3457 4343 po-

1807 4362 2019 4414 testate
2037 4373 2142 4430 per
2170 4374 2404 4414 crucem
2436 4358 2667 4425 excidit,
2694 4360 2918 4431 quique
2958 4374 3118 4414 nunc
3137 4358 3455 4415 hominum

1806 4447 2067 4520 pedibus
2097 4447 2514 4503 miserabiliter
2544 4446 2887 4503 substratus
2936 4452 3043 4517 est,
3103 4452 3168 4504 ut
3214 4449 3294 4505 ab
3345 4449 3457 4505 illis

93 4562 197 4593 πων
252 4540 477 4614 οἰκτρῶς
523 4540 892 4612 ὑποκείμενου
949 4541 1138 4601 Πάντες
1195 4538 1244 4591 οἱ
1291 4543 1380 4611 μὲν
1434 4538 1693 4611 ἄνθρωποι

1811 4536 2066 4592 ludibrio
2118 4535 2325 4592 haberi
2381 4541 2438 4592 et
2506 4536 2846 4593 conculcari
2887 4537 3148 4610 possit?
3198 4537 3457 4594 Universi

94 4631 292 4682 πολλῶν
351 4627 649 4693 ἀξιωθέντες
693 4638 793 4681 τῶν
844 4626 1051 4701 ἀγαθῶν
1093 4624 1186 4681 διά
1211 4635 1303 4681 τοῦ
1327 4635 1574 4701 σταυροῦ,
1607 4632 1697 4680 καὶ

99 4720 235 4779 ζωὴν
326 4720 553 4791 εὑρόντες
643 4717 867 4784 αἰώνιον,
951 4713 1167 4779 δικαίως
1256 4716 1518 4790 ὀφείλουσι
1608 4721 1697 4770 καὶ

98 4816 407 4882 προσκυνεῖν
502 4812 593 4860 καὶ
675 4805 1012 4869 ἀσπάζεσθαι
1111 4810 1198 4859 τόν
1283 4810 1528 4882 σταυρόν,
1625 4804 1698 4859 δι’

99 4897 155 4949 οὗ
202 4907 304 4951 τῶν
337 4894 545 4968 ἀγαθῶν
598 4894 886 4968 ἐπιγίγονεν
939 4897 967 4954 ἠ
1025 4894 1330 4956 απόλαυσις·
1391 4903 1463 4967 τῷ
1537 4891 1595 4948 δὲ
1639 4914 1700 4967 γε

100 4982 328 5058 διαϐόλῳ
376 4983 574 5056 ἀνάγκη
638 4992 809 5057 μισεῖν
879 4988 967 5037 τόν
1041 4988 1287 5059 σταυρόν,
1352 4989 1438 5037 καὶ
1498 4987 1698 5057 φεύγειν

94 5079 299 5150 μακράν
346 5075 402 5138 ἐξ
429 5075 609 5144 αὐτου,
663 5077 732 5136 ὡς
763 5077 937 5146 φεύγει
984 5093 1066 5136 τις
1119 5073 1172 5127 ἔκ
1226 5078 1410 5147 πυρός’
1472 5071 1546 5126 δι’
1606 5073 1697 5125 αὖ·

643 4717 867 4784 αἰώνιον,

94 5176 180 5220 τοῦ
223 5169 327 5241 γαρ
371 5166 400 5224 ἡ
456 5162 705 5239 συντριϐἠ
762 5163 922 5216 αὐτοῦ
976 5169 1066 5217 καὶ
1105 5162 1386 5236 ἐκνενρισις
1427 5168 1517 5217 καὶ
1566 5183 1695 5215 παν-

94 5257 234 5318 τελὴς
295 5253 672 5328 ἑξολόθρευσις·
735 5251 893 5305 Ὀσοι
970 5260 1096 5325 γοῦν
1165 5256 1249 5307 τόν
1313 5257 1538 5326 σταυρόν
1604 5273 1693 5326 μι-

97 5353 270 5415 σοῦσι,
329 5348 420 5396 καὶ
503 5341 933 5417 ἀποστρέφονται,
1007 5343 1223 5416 φανερὰν
1310 5342 1506 5395 εὔνοιαν
1569 5340 1695 5394 ἀπο-

98 5431 314 5489 διδόασι
337 5440 411 5504 τῷ
439 5427 688 5503 διαϐόλῳ,
732 5435 823 5484 καὶ
856 5436 1038 5485 πιστοὶ
1085 5431 1220 5502 οὗτῷ
1247 5433 1690 5505 χρηματίζοντες,

100 5522 282 5602 ἐχθρόν
356 5522 602 5595 ὂγείσθαι
678 5523 761 5573 τόν
816 5519 976 5573 αὐτοῦ
1038 5518 1230 5597 ἐχθρόν
1315 5519 1689 5595 ἔποφείλουσιν,

1807 4626 2054 4698 quidem
2084 4626 2359 4682 homines
2391 4625 2590 4681 multis
2622 4625 2817 4682 affecti
2847 4630 2904 4683 et
2938 4627 3095 4683 aucti
3125 4626 3457 4683 commodi-

1810 4716 2031 4772 tatibus
2070 4731 2179 4788 per
2228 4731 2490 4785 crucem,
2531 4716 2833 4789 vitamque
2888 4720 3171 4773 aeternam
3230 4714 3454 4788 adepti,

1808 4808 2017 4863 merito
2048 4804 2268 4862 debent
2298 4809 2355 4861 et
2391 4805 2644 4862 adorare
2674 4810 2732 4862 et
2784 4805 3043 4862 osculari
3095 4820 3352 4876 crucem,
3383 4819 3457 4860 ex

1805 4910 1927 4967 qua
1948 4899 2109 4951 tanta
2130 4895 2429 4951 bonorum
2447 4895 2621 4967 copia
2643 4895 2721 4950 ad
2743 4894 2875 4952 illos
2908 4894 3198 4949 manavit.
3220 4896 3291 4948 At
3312 4907 3456 4949 vero

1805 4983 2083 5040 diabolus
2110 4999 2355 5039 necesse
2383 4983 2582 5045 habet,
2616 4988 2680 5037 ut
2709 4998 2948 5039 crucem
2998 4981 3205 5050 oderit,
3239 4985 3293 5036 et
3322 4995 3458 5053 pro-

1806 5072 1899 5128 cul
1922 5074 2002 5129 ab
2023 5074 2156 5145 ipsa
2173 5072 2463 5141 aufugiat,
2512 5072 2665 5127 sicut
2684 5072 2787 5144 qui
2806 5087 2872 5127 ex
2896 5072 3031 5140 igne
3058 5069 3326 5139 aufugit;
3351 5084 3458 5141 per

1805 5162 1999 5235 ipsam
2027 5162 2185 5218 enim
2214 5163 2522 5231 contritus,
2577 5167 2634 5217 et
2684 5166 3026 5228 enervatus,
3078 5165 3135 5216 et
3190 5159 3458 5216 funditus

1804 5268 2049 5308 eversus
2080 5258 2188 5309 est.
2222 5252 2573 5324 Quicunque
2596 5250 2775 5320 igitur
2822 5265 3063 5305 crucem
3114 5247 3373 5305 oderunt
3402 5253 3459 5307 et

1804 5345 2173 5408 aversantur,
2202 5341 2516 5397 manifesta
2538 5355 2659 5394 sure
2691 5354 2834 5409 erga
2858 5337 3169 5394 diabolum
3203 5337 3459 5395 benevo-

1802 5432 1996 5489 lentia:
2049 5432 2413 5488 decumenta
2468 5429 2691 5495 edunt;
2723 5434 2779 5484 et
2832 5433 2892 5484 ut
2922 5427 2974 5483 ei
3026 5427 3234 5485 ﬁdeles
3263 5431 3322 5485 et
3349 5427 3457 5483 ob-

1802 5522 1986 5593 noxii,
2010 5520 2071 5578 id
2100 5520 2265 5594 quod
2290 5520 2341 5577 ei
2363 5519 2671 5575 inimicum
2689 5522 2799 5584 est,
2828 5517 3050 5574 inimici
3074 5517 3209 5575 loco
3231 5516 3450 5574 ducere

167 5704 211 5738 ιι
237 5699 352 5759 Job
379 5702 460 5766 ru,
486 5703 536 5755 ι.
572 5696 642 5735 ίιο
671 5695 844 5757 Joan.
876 5712 976 5769 xu,
1001 5701 1088 5762 32,
1117 5700 1206 5758 32.
1237 5700 1281 5736 ιε
1314 5659 1460 5757 Ibid.
1494 5704 1581 5758 33.
1619 5701 1663 5737 ιο
1693 5700 1699 5754 :

1811 5699 1902 5759 .th.
1937 5714 2131 5769 xxvul,
2173 5701 2261 5756 l8.
