4020 6310
582 380 689 438 635

1733 381 2045 439 GERMANI
2082 380 2131 436 II
2169 378 2273 437 ΟΡ.
2312 378 2789 440 ΡΛΤΠῙΛΒΟΗΛΕ

3845 379 3937 432 636

581 501 806 563 debent
831 521 847 573 ;
872 502 1386 579 quemadmodum
1404 505 1671 565 vicissim
1709 519 1916 567 amare
1962 503 2026 561 id
2052 501 2222 577 quod

2336 504 2510 580 ὥσπερ
2575 506 2723 567 αὖθις
2786 502 2946 579 φιλεῖν
3019 506 3135 566 τοὺς
3219 501 3393 576 φίλους
3452 501 3628 557 αὐτοῦ.
3698 500 3940 554 Ἀκολού-

579 590 710 664 ipse
736 597 922 651 amat.
953 595 1362 651 Ccnsentanee
1389 594 1570 665 igitur
1590 599 1651 653 et
1678 592 2103 652 convenienter
2138 591 2225 648 af-

580 678 818 737 tectioni
844 695 967 736 sum
996 695 1142 750 erga
1197 680 1533 748 diabolum,
1582 687 1641 738 et
1690 680 1975 739 inviolato
2018 678 2231 737 fmderi

579 767 980 833 conformiter,
1007 768 1317 831 afﬁrmant
1337 771 1649 841 Bcgomili,
1682 770 1959 844 iniquum
1989 784 2119 826 esse
2169 771 2233 825 ut

576 854 832 925 lignum,
857 856 1062 929 inquo
1113 863 1283 930 pater
1337 860 1595 931 alicujus
1640 865 1743 917 aut
1770 859 2004 916 amicus
2049 859 2230 919 inter-

577 943 765 1003 fectus
787 945 881 1021 sit,
904 946 1164 1005 adorent
1190 947 1297 1003 ﬁlii
1336 953 1439 1005 aut
1469 949 1651 1007 amici
1696 951 1845 1020 ejus.
1899 951 2043 1004 Ecce
2068 947 2229 1007 enim

579 1037 750 1106 pater
774 1032 1012 1093 illorum
1047 1034 1330 1093 diabolus
1368 1037 1602 1095 inﬁnita
1646 1037 1812 1095 mala
1833 1053 1943 1110 per
1989 1052 2230 1095 crucem

578 1135 795 1193 passus
816 1126 925 1193 est,
951 1122 1105 1180 sicut
1124 1124 1523 1193 ostendimus,
1548 1131 1607 1185 et
1625 1132 1944 1199 propterea
1990 1140 2229 1182 crucem

578 1208 837 1269 oderunt
857 1212 1043 1285 patris
1074 1213 1167 1269 sui
1214 1214 1667 1275 interfectricem
1723 1221 1782 1272 et
1827 1214 2224 1287 perditricem.

576 1298 850 1356 Salvator
894 1301 1055 1358 enim
1085 1301 1299 1359 mundi
1353 1303 1641 1367 Christus,
1688 1303 1823 1360 licet
1852 1309 2068 1375 sponte
2115 1318 2230 1359 sua

578 1388 741 1445 cruci
771 1388 843 1445 sit
872 1387 1145 1449 sufﬁxus.
1175 1394 1233 1447 et
1273 1392 1714 1449 sanctissimam
1758 1408 1933 1449 suam
1960 1391 2229 1447 animam

577 1475 638 1533 in
659 1481 941 1558 paternas
970 1493 1187 1535 manus
1224 1479 1421 1536 libens
1475 1479 1804 1553 volensque
1863 1479 2225 1553 deposuerit,

578 1568 843 1623 attamen
864 1566 1066 1625 denuo
1087 1568 1366 1625 eamdem
1390 1571 1634 1643 propria
1658 1574 1948 1643 potestate
1972 1574 2030 1627 et
2055 1569 2227 1626 liber-

578 1656 697 1710 tate
716 1656 1060 1728 resumpsit,
1088 1656 1259 1727 juxta
1318 1660 1699 1716 verissimum
1742 1658 1888 1732 illud
1941 1659 2073 1730 ejus
2097 1674 2228 1715 ora~

578 1740 782 1805 culum
811 1761 824 1799 :
851 1745 1207 1802 Potestatem
1230 1747 1417 1804 habeo
1437 1748 1704 1816 ponendi
1730 1748 1991 1806 animam
2013 1762 2225 1804 meam.

2337 593 2440 654 θως
2482 595 2569 647 οὖν
2615 600 2706 648 καὶ
2757 591 3020 671 ἁρμοδίως
3072 600 3134 665 τῇ
3175 594 3307 666 πρὸς
3343 595 3428 643 τὸν
3483 586 3731 643 διάϐολον
3760 586 3937 642 διαθέ-

2338 701 2420 736 σει
2469 682 2639 737 αὐτῶν
2694 689 2786 738 xui
2838 689 3018 737 πίστει
3082 677 3475 757 ἁπαρασπόνδῳ
3534 682 3585 733 οἰ
3664 678 3937 752 Βογὸμιλοι

2336 770 2576 843 λέγουσιν
2619 775 2701 826 ὅτι
2754 770 2942 828 ἄδικόν
2972 772 3089 825 ἔστι
3115 774 3175 823 τό
3207 770 3354 835 ξύλον
3408 768 3457 822 ἐν
3516 769 3556 841 ᾧ
3584 772 3769 842 πατήρ
3814 787 3936 826 τινος

2340 860 2369 918 ἦ
2428 861 2567 933 pact;
2624 861 2919 920 ἐθανατώθη
2976 860 3388 934 προσκυνεῖσθαι
3449 859 3550 910 ύπὸ
3595 865 3700 910 τῶν
3760 861 3935 909 τέκνων

2339 949 2369 1011 ἦ
2425 958 2525 1002 τῶν
2577 949 2733 1023 φίλων
2789 950 2972 1004 αὐτοῦ.
3023 946 3162 1003 Ἰδοὺ
3214 950 3317 1023 γὰρ
3374 948 3520 1000 καὶὸ
3566 951 3744 1018 πατὴρ
3778 944 3935 997 αὐτῶν

2337 1042 2428 1093 καὶ
2467 1039 2607 1110 φίλος
2655 1036 2900 1102 διάϐολος
2964 1043 3131 1111 μυρία
3194 1033 3341 1091 δεινὰ
3410 1037 3634 1089 πέπονθε
3695 1032 3796 1087 διὰ
3852 1040 3939 1084 τοῦ

2339 1134 2592 1201 σταυροῦ,
2644 1129 2816 1191 καθὼς
2879 1123 3241 1198 ἀπεδείξαμεν,
3301 1129 3392 1177 καὶ
3460 1120 3555 1176 διὰ
3617 1129 3795 1175 ταῦτα
3857 1124 3937 1173 τόν

2339 1218 2564 1290 σταυρόν
2594 1223 2600 1227 ’
2611 1224 2856 1288 μισοῦσι,
2905 1218 2993 1269 τὸν
3043 1222 3137 1267 τοῦ
3202 1216 3398 1288 πατρὸς
3445 1213 3613 1264 αὐτῶν
3668 1210 3938 1285 tantum?

2335 1308 2427 1355 καὶ
2485 1302 2816 1381 όλοθρευτήν.
2880 1304 2940 1358 ’0
3001 1306 3103 1378 γὰρ
3158 1308 3336 1377 Σωτὴρ
3386 1308 3478 1355 τοῦ
3541 1305 3752 1373 κόσμου
3816 1307 3933 1373 Χρι-

2338 1395 2474 1455 στὸς,
2524 1393 2569 1446 εἰ
2624 1398 2714 1446 καὶ
2771 1395 3023 1456 ἑκουσίως
3068 1400 3141 1465 τῷ
3195 1398 3406 1467 σταυρῷ
3457 1392 3803 1465 προσεπάγη,
3852 1392 3936 1439 καὶ

2335 1484 2429 1538 τὴν
2482 1482 2769 1556 ύπεραγίαν
2818 1481 3006 1554 ψυχὴν
3056 1481 3123 1542 εἰς
3188 1487 3371 1553 χεῖρας
3436 1478 3797 1541 αὐτεξουσίως
3851 1478 3936 1537 τὰς

2334 1574 2592 1643 πατρικὰς
2659 1570 2950 1630 ἐναπέθετο.
3027 1569 3154 1623 ἀλλὰ
3218 1567 3371 1622 πάλιν
3445 1568 3609 1627 αὐτὴν
3692 1566 3934 1629 αὐτεξου-

2339 1660 2463 1720 σίως
2532 1658 2878 1732 προσελάϐετο
2951 1660 3084 1711 κατά
3146 1661 3240 1716 τὴν
3307 1653 3712 1728 ἁψευδεστάτην
3782 1653 3935 1706 αὐτοῦ

2333 1747 2646 1821 πρόρρησιν,
2712 1753 2817 1807 Τήν
2898 1746 3137 1811 ἕξουσίαν
3225 1749 3333 1820 ἔχω
3416 1750 3511 1805 τὴν
3571 1745 3767 1817 ψυχήν
3841 1763 3935 1816 μου

577 1833 638 1886 et
641 1837 988 1901 potestatem
1003 1833 1191 1891 habeo
1206 1834 1424 1892 iterum
1435 1837 1712 1893 sumendi
1723 1851 1852 1895 eam
1867 1838 1933 1907 ¹’τ,
1950 1850 2225 1908 morsque

2337 1836 2517 1906 θεῖναι,
2584 1842 2674 1889 καὶ
2747 1835 2986 1900 ἐξουσίαν
3060 1839 3170 1908 ἔχω
3242 1835 3396 1888 πάλιν
3469 1836 3667 1892 ταύτην
3746 1832 3934 1898 λαϐεῖν,

575 1919 758 1993 hujus
785 1920 1131 1983 hominibus
1162 1924 1295 1981 vitm
1322 1933 1560 1982 aeterna;
1590 1940 1777 1982 causa
1805 1925 2044 1983 exstitit.

646 2099 791 2157 Vere
810 2100 1060 2161 verbum
1076 2103 1267 2171 crucis
1285 2103 1677 2172 pereuntibus
1694 2103 1941 2175 quidem
1963 2103 2227 2159 stultitia

574 2193 682 2253 est,
714 2188 891 2246 nobis
920 2205 1083 2258 vero,
1118 2192 1224 2264 qui
1273 2191 1603 2258 salvamur,
1657 2192 1769 2248 Dei
1806 2194 1999 2249 virtus
2040 2198 2124 2248 est
2155 2192 2221 2242 τε.

575 2275 731 2345 Quid
759 2277 937 2346 igitur
966 2279 1070 2336 tibi
1099 2279 1354 2350 videtur,
1382 2281 1575 2337 amice
1604 2280 1831 2339 diaboli
1882 2279 2226 2350 Bogomile?

574 2369 665 2421 An
692 2367 976 2437 Apostolo
1005 2368 1546 2441 obtemperandum
1573 2375 1663 2427 est
1700 2370 2069 2427 asseveranti
2089 2385 2224 2426 cru-

575 2466 706 2508 cem
737 2468 865 2511 esse
915 2454 1193 2512 virtutem
1228 2457 1344 2527 Dei,
1404 2472 1485 2513 an
1530 2457 1636 2514 tibi
1686 2457 1917 2530 perdito
1941 2463 1997 2514 et
2028 2457 2224 2530 proﬂi-

575 2545 740 2611 gato,
766 2541 871 2614 qui
898 2558 1137 2602 crucem
1179 2544 1487 2601 stultitiam
1516 2546 1842 2603 nominas?
1887 2547 1945 2602 Si
1999 2562 2137 2602 vero
2163 2551 2224 2602 tu

575 2627 817 2688 diabolo
829 2646 952 2689 rem
973 2638 1204 2702 gratam
1224 2632 1471 2702 faciens,
1496 2650 1812 2708 nunquam
1834 2650 2058 2699 cessas,
2075 2635 2222 2708 quin

576 2731 817 2775 crucem
855 2735 1030 2776 voces
1056 2721 1388 2791 stultitiam,
1410 2728 1470 2778 at
1499 2737 1611 2794 ego
1635 2721 1851 2779 iterum
1887 2721 2141 2779 ﬁdenter
2169 2728 2225 2778 ct

577 2794 862 2864 audacter
892 2807 1007 2871 aio,
1054 2811 1237 2866 Deum
1293 2825 1429 2883 quae
1451 2812 1640 2868 stulta
1684 2817 1827 2867 sunt
1878 2811 2091 2867 mundi
2113 2812 2225 2868 ele-

573 2894 729 2966 gisse
742 2896 755 2930 ¹
766 2896 786 2930 θ
807 2901 879 2952 .et
890 2898 1208 2956 animalem
1225 2898 1520 2957 hominem
1535 2916 1655 2956 non
1677 2902 1988 2971 percipere
2008 2915 2079 2957 ea
2090 2913 2226 2972 qua:

572 2990 713 3045 sunt
737 2984 999 3055 Spiritus
1027 2989 1099 3046 ’0.
1127 2988 1185 3046 Si
1212 3004 1352 3044 vero
1382 2994 1467 3054 tu,
1489 2988 1714 3047 diaboli
1742 2989 2094 3063 discipulus,
2123 2989 2222 3046 de-

573 3071 759 3130 decus
787 3089 920 3131 esse
940 3075 1247 3135 arbitraris
1269 3093 1528 3149 crucem,
1562 3079 1667 3136 sed
1716 3079 2001 3151 magister
2029 3093 2222 3146 meus,

2334 1922 2517 1995 λίγων,
2591 1929 2682 1977 καὶ
2741 1926 2766 1978 6
2830 1927 3046 1988 θάνατος
3106 1927 3292 1977 τούτου
3359 1923 3496 1985 ζωῆς
3552 1921 3773 1975 αἰωνίου
3838 1928 3939 1983 τοῖς

2336 2009 2626 2081 ἀνθρώποις
2649 2017 2824 2085 γέγονε
2851 2013 3113 2089 πρόξενος.

2404 2099 2595 2162 Ὀντως
2637 2103 2663 2153 ό
2711 2101 2857 2173 λόγος
2904 2110 2994 2154 τοῦ
3044 2108 3275 2175 σταυροῦ
3327 2108 3438 2162 τοῖς
3492 2103 3583 2173 μὲν
3642 2099 3937 2170 ἀπολλυμ-

2332 2208 2442 2251 νοις
2487 2194 2662 2265 μωρία
2702 2189 2837 2257 ἐστὶ,
2885 2198 2998 2253 τοῖς
3042 2186 3101 2242 δί
3164 2193 3475 2263 σωζομένοις
3532 2191 3662 2261 ἡμῖν
3720 2185 3939 2259 δύναμις

2335 2284 2468 2330 Θεοῦ
2500 2276 2666 2335 ἐστιν,
2695 2283 2758 2330 Τί
2800 2277 2889 2331 οὖν
2921 2298 3005 2332 σοι
3036 2275 3199 2346 δοκεῖ,
3248 2277 3358 2351 φίλε
3402 2286 3474 2349 τῷ
3506 2275 3743 2349 διαϐόλῳ
3776 2280 3935 2346 Βογό-

2334 2366 2449 2438 μιλε
2477 2383 2490 2434 ;
2521 2374 2605 2438 Τῷ
2638 2367 2938 2439 Ἀποστόλῳ
2989 2372 3099 2441 χρὴ
3154 2369 3430 2420 πείθεσθαι
3482 2374 3557 2437 τῷ
3605 2366 3821 2437 λέγοντι
3866 2366 3938 2415 ὅτι

2335 2451 2560 2528 δύναμις
2598 2462 2733 2508 Θεοῦ
2763 2455 2904 2509 ἔστιν
2954 2459 2980 2508 6
3012 2460 3258 2529 σταυρὸς,
3290 2458 3320 2515 ἦ
3373 2461 3457 2509 σοὶ
3506 2463 3579 2527 τῷ
3604 2454 3937 2526 ἀπολλυμένῳ

2333 2550 2534 2619 μωρίαν
2580 2550 2668 2597 τόν
2711 2550 2936 2619 σταυρόν
2989 2545 3340 2617 ὀνομάζοντι;
3392 2544 3455 2598 Εἰ
3502 2541 3562 2597 δὲ
3593 2547 3660 2597 σύ
3712 2551 3789 2614 τῷ
3819 2539 3935 2594 δια-

2334 2632 2468 2686 ϐόλω
2544 2638 3031 2707 καταχαριζόμενος
3073 2634 3131 2686 ού
3196 2637 3336 2707 παύῃ
3405 2638 3605 2707 μωρίαν
3664 2631 3934 2685 ἀποκαλῶν

2332 2725 2420 2774 τὸν
2474 2726 2721 2797 σταυρὸν,
2772 2721 2878 2776 ἀλλ’
2928 2722 3028 2795 ἐγὼ
3075 2728 3166 2775 καὶ
3220 2722 3374 2775 πάλιν
3419 2720 3516 2794 ἐρῶ
3557 2724 3689 2793 μετὰ
3718 2719 3938 2795 θάρρους

2334 2813 2443 2864 ὃτι·’
2481 2813 2558 2864 Τὰ
2603 2814 2756 2885 μωρὰ
2797 2819 2888 2864 τοῦ
2937 2816 3141 2884 κόσμου
3186 2810 3443 2874 ἐξελέλατο
3475 2812 3500 2863 ό
3532 2814 3689 2879 Θεὸς,
3741 2813 3834 2861 καὶ
3864 2810 3937 2861 ὅτι

2332 2900 2570 2972 ψυχικὸς
2644 2902 2915 2974 ἄνθρωπος
2988 2900 3046 2953 ού
3121 2896 3339 2973 δέχεται
3410 2902 3479 2952 τὰ
3537 2906 3627 2951 τοῦ
3708 2900 3938 2969 Πνεῦμα-

2334 3008 2436 3050 τος·
2492 2995 2665 3063 μωρία
2719 2992 2821 3064 γὰρ
2891 2990 3029 3060 αὐτῷ
3096 2988 3262 3048 ἔστιν.
3310 2989 3371 3043 Εἰ
3428 2985 3487 3042 δί
3542 2994 3633 3042 καὶ
3689 2984 3936 3040 διαϐόλου

2337 3083 2403 3130 σὺ
2451 3080 2695 3151 μαθητὴς
2743 3078 3006 3150 αἰσχύνην
3033 3080 3134 3152 ἡγῇ
3168 3082 3255 3132 τὸν
3288 3082 3533 3153 σταυρὸν,
3584 3076 3699 3129 ἀλλ’
3730 3077 3758 3128 ὁ
3786 3072 3938 3128 διδά-

571 3162 727 3252 lllihi
741 3164 917 3234 absit,
938 3167 1150 3237 inquit.
1181 3168 1245 3224 in
1266 3168 1389 3225 alio
1417 3184 1720 3240 quopiam,
1748 3185 1885 3243 quae
1904 3169 1965 3224 in
1994 3166 2225 3224 mundo

2337 3166 2527 3229 σκαλος
2573 3168 2599 3220 6
2630 3165 2771 3240 ἐμὸς,
2826 3173 2909 3226 Μή
2971 3186 3061 3241 μοι
3116 3171 3336 3239 γένοιτο,
3387 3167 3543 3239 λέγει,
3575 3165 3623 3218 ἐν
3670 3165 3815 3238 ἄλλῳ
3844 3168 3937 3216 τινὶ

575 3249 835 3322 gloriosa
862 3258 921 3308 et
936 3254 1254 3327 splendida
1278 3264 1617 3324 censentur,
1644 3257 1925 3328 gloriari,
1952 3271 2133 3328 quam
2160 3257 2225 3312 in

574 3353 753 3397 cruce
767 3340 998 3407 Christi
1012 3345 1077 3397 η.
1105 3345 1257 3410 Quid
1282 3349 1447 3402 Petro
1470 3347 1725 3404 firmius.
1747 3346 1842 3403 cui
1874 3362 2070 3419 neque
2092 3360 2226 3400 san-

577 3426 728 3498 guis,
781 3443 977 3501 neque
1034 3446 1174 3489 caro
1219 3433 1423 3490 Filium
1483 3435 1580 3492 Dei
1630 3435 1935 3504 revelavit,
1968 3434 2076 3491 sed
2098 3434 2225 3506 ipse

577 3512 741 3570 solus
772 3516 957 3581 Pater,
984 3521 1040 3574 et
1069 3518 1232 3575 solus
1281 3522 1625 3591 ingenitus?
1653 3522 2051 3579 Nihilominus
2085 3536 2226 3577 cum

576 3603 629 3659 ei
660 3604 859 3660 adhuc
891 3607 1194 3678 passionis
1213 3611 1564 3680 mysterium
1594 3612 1868 3681 ignotum
1892 3618 1951 3669 et
1970 3613 2226 3668 abscon-

575 3692 766 3750 ditum
787 3698 1452 3773 esset,magistrumque
1469 3700 1547 3756 ad
1559 3701 1753 3756 crucis
1764 3700 2100 3773 patibulum
2114 3701 2225 3756 fas--

575 3782 862 3840 tinantem
909 3783 1279 3854 intelligeret,
1324 3793 1577 3847 conatus
1603 3788 1852 3860 quidem
1882 3795 1994 3857 est,
2023 3796 2224 3846 tenero

573 3871 841 3942 quodam
863 3873 1087 3929 amoris
1103 3874 1340 3947 affectu,
1366 3893 1608 3933 cursum
1631 3877 1800 3934 illum
1816 3881 1875 3932 et
1904 3878 2226 3935 festinatio-

573 3973 713 4016 nem
740 3960 1078 4034 prohibere,
1112 3962 1400 4038 illudque,
1430 3966 1735 4037 Propitius
1774 3972 1895 4023 esto
1947 3967 2074 4033 tibi,
2111 3968 2224 4023 Do-

571 4049 747 4121 mine,
772 4065 892 4106 non
913 4054 1024 4109 erit
1048 4052 1158 4109 hoc
1179 4054 1288 4110 tibi
1305 4056 1373 4121 ²²,
1398 4055 1926 4113 commiseratione
1955 4055 2226 4128 quadam

544 4134 789 4193 ductus
821 4140 1084 4210 protulit,
1116 4142 1218 4196 scd
1247 4150 1455 4200 contra
1483 4145 1670 4200 audiit
1695 4160 1836 4200 cum
1880 4144 2048 4215 gravi
2076 4144 2228 4200 indi-

574 4225 855 4294 gnatione
884 4227 1065 4284 illud:
1101 4230 1257 4286 Vade
1283 4238 1414 4300 post
1452 4248 1562 4301 me,
1595 4232 1846 4297 Satana.
1872 4233 2226 4289 scandalum

573 4312 727 4368 mihi
743 4329 820 4379 es,
841 4320 982 4386 quia
1000 4333 1119 4372 non
1135 4320 1296 4388 sapis
1313 4335 1402 4387 ea,
1421 4336 1555 4392 quae
1566 4322 1840 4385 Deisunt,
1858 4322 1963 4378 sed
1980 4338 2070 4387 ea,
2089 4337 2224 4393 qum

576 4398 882 4458 hominum
913 4405 979 4457 ³³.
1001 4406 1044 4461 0
1071 4407 1427 4464 miraculum
1460 4409 1710 4477 ingens!
1734 4412 2002 4467 Satanas
2026 4410 2226 4483 appel-

574 4486 732 4542 latur
795 4505 1055 4560 magnus
1138 4498 1340 4550 Petrus
1391 4497 1554 4568 quod
1633 4514 1869 4554 crucem
1920 4498 2202 4555 detrectet

573 4590 760 4648 quam
796 4584 856 4632 ut
878 4581 1270 4637 commodum
1299 4585 1401 4639 toti
1435 4585 1861 4656 muudolonge
1883 4586 2223 4643 fructuosis-

574 4664 796 4720 simum
852 4666 1113 4723 Christus
1160 4671 1420 4742 arripere
1466 4673 1790 4741 cogitabat,
1841 4681 1897 4730 et
1947 4682 2009 4731 ut
2055 4682 2224 4749 petra

573 4753 841 4809 scandali
869 4760 926 4810 et
952 4750 1105 4828 lapis
1132 4757 1483 4815 offensionis
1512 4766 1665 4817 retro
1707 4762 1985 4832 abjicitur
2012 4764 2223 4821 infrac-

573 4846 701 4898 tum
727 4841 870 4899 illud
906 4845 1179 4903 Ecclesiae
1222 4847 1727 4916 fundamentum;
1759 4867 1882 4924 quo
1931 4853 2224 4925 supplicio

571 4945 695 4987 non
721 4932 835 4989 eris
864 4933 1107 5006 dignus,
1137 4936 1242 5011 qui
1290 4937 1704 5009 blasphemias
1748 4947 1956 4995 contra
1985 4957 2224 4996 crucem

571 5018 787 5076 clatras
808 5027 866 5078 et
888 5023 1240 5080 cruciﬁxum
1263 5041 1516 5081 accusas
1539 5028 1566 5083 ‘t
1589 5032 1647 5082 In
1672 5028 1857 5084 vitam
1883 5028 2041 5084 enim
2066 5046 2226 5085 com-

573 5108 905 5166 minisceris
933 5114 1406 5182 cruciﬁxionem,
1435 5127 1491 5169 et
1528 5130 1649 5175 non
1702 5115 1887 5173 modo
1919 5132 2039 5173 non
2070 5118 2227 5173 fruc-

570 5198 809 5252 tuosam
831 5205 886 5254 et
916 5198 1386 5269 conducibilem,
1413 5202 1514 5257 sed
1539 5209 1595 5258 et
1619 5203 1726 5274 ipsi
1750 5203 2036 5259 cruciﬁxo
2062 5205 2230 5261 dam-

572 5298 810 5355 nosam,
828 5286 1109 5362 ipsosque
1122 5292 1224 5362 qui
1249 5289 1542 5346 Christum
1564 5291 2231 5366 cruciﬁxerunt,poten-

570 5373 751 5447 tiores
780 5377 1064 5432 cruciﬁxo
1094 5379 1324 5450 statuis,
1384 5384 1670 5452 tanquam
1703 5380 1806 5453 qui
1842 5380 2141 5438 nolentem
2174 5387 2234 5440 et

571 5452 958 5546 reluctantem
985 5465 1064 5522 ad
1089 5483 1329 5526 crucem
1361 5470 1687 5543 rapuerint.

2208 4542 2222 4566 ’
2256 4547 2300 4601 D

2332 3264 2432 3308 τῶν
2486 3258 2622 3309 κατὰ
2674 3260 2871 3329 κόσμον
2923 3254 3143 3320 ἕνδόξων
3204 3257 3518 3328 καυχᾶσθαι
3570 3255 3613 3309 εἰ
3672 3260 3750 3328 μὴ
3794 3254 3842 3306 ἐν
3871 3261 3933 3322 τῷ

2335 3352 2545 3417 σταυρῷ
2586 3352 2676 3397 τοῦ
2730 3353 2967 3421 Χριστοῦ
3001 3387 3015 3404 .
3071 3351 3135 3398 Ti
3190 3352 3283 3397 τοῦ
3340 3349 3536 3417 Πέτροῦ
3580 3342 3931 3418 στερρότερον,

2333 3432 2479 3503 ᾧτινι
2516 3432 2609 3485 όύκ
2649 3430 2781 3505 αἷμα
2826 3430 2951 3485 ούδε
2985 3433 3115 3507 σὰρξ
3148 3436 3235 3484 τὸν
3281 3434 3398 3486 Υὶὸν
3430 3431 3786 3502 ἀπεκάλυψεν,
3832 3429 3932 3482 ἀλλ’

2333 3520 2485 3582 αὐτὸς
2536 3522 2561 3573 ό
2604 3525 2759 3593 μόνος
2808 3526 3008 3594 Πατὴρ,
3058 3527 3148 3573 καὶ
3193 3525 3346 3594 μόνος
3400 3520 3711 3593 ἀγέννητος;
3758 3519 3932 3592 ’⁷Ομως

2332 3607 2535 3681 ἓπείπερ
2584 3611 2657 3661 ἔτι
2713 3607 3163 3684 ἀποκεκρυμμένον
3194 3606 3254 3666 ἦν
3293 3608 3435 3679 αὐτῷ
3473 3612 3531 3660 τό
3589 3615 3684 3660 τοῦ
3742 3608 3932 3665 πάθους

2331 3704 2622 3771 μυστήριον
2660 3702 2749 3750 xui
2788 3701 2913 3773 πρὸς
2949 3701 3036 3749 τὸν
3070 3702 3294 3772 σταυρὸν
3323 3692 3713 3750 ἐπισπεύδοντα
3740 3700 3829 3748 τόν
3850 3691 3929 3746 δι-

2335 3784 2599 3839 δάσκαλον
2647 3791 2895 3856 κατενόει,
2956 3786 3199 3858 ἐπειράθη
3249 3790 3340 3858 μὲν
3396 3785 3719 3858 φιλοστόργῳ
3781 3781 3932 3843 δῆθεν

2334 3871 2567 3929 διαθέσει
2620 3884 2713 3936 τῆς
2764 3876 2926 3949 ὁρμῆς
2990 3873 3223 3926 κωλυσαι
3286 3878 3499 3935 καὶτῆς
3528 3872 3788 3936 ἐπείξεως,
3827 3876 3932 3931 xui,

2330 3963 2502 4025 Ἵλεώς
2560 3969 2663 4029 σόι,
2718 3972 2893 4037 Κυριε,
2945 3964 3003 4017 ού
3055 3969 3127 4037 μὴ
3196 3967 3343 4017 ἔσται
3411 3982 3495 4015 σοι
3559 3969 3734 4024 τοῦτο,
3797 3980 3931 4032 συμ-

2332 4055 2510 4112 παθῶς
2567 4051 2936 4126 ἀπεφθέγγετο.
2995 4053 3311 4111 Ἀντήκουσε
3374 4049 3433 4105 δί
3495 4070 3608 4124 μετ,
3677 4047 3933 4124 ἐμϐριμό·

3012 4141 3210 4213 Ὕπαγε
3270 4141 3442 4194 ὀπίσω
3518 4160 3643 4213 μου,
3712 4143 3929 4192 Σατανᾶ.

2334 4227 2626 4284 Σκάνδαλόν
2701 4250 2791 4304 μοι
2886 4230 3153 4303 ἐγενήθηςθ
3251 4230 3309 4283 ού
3412 4234 3606 4304 φρόνεῐς

2333 4326 2481 4385 Θεοῦ,
2540 4318 2670 4371 ἀλλὰ
2742 4322 2808 4371 τὰ
2880 4329 2978 4371 τῶν
3061 4318 3365 4393 ἀνθρώπων.
3448 4324 3551 4371 Τοῦ
3616 4314 3927 4390 θαύματοςῐ

2334 4414 2558 4469 Σατανᾶς
2602 4410 2627 4460 6
2679 4413 2842 4481 μέγας
2893 4412 3083 4484 Πέτρος
3141 4406 3320 4460 ἀκούει
3374 4403 3467 4461 διὰ
3530 4411 3589 4459 τό
3654 4405 3926 4458 ἀπαναίνε-

2335 4500 2460 4550 σθαι
2503 4516 2590 4549 τον
2641 4501 2885 4570 σταυρόν,
2932 4496 2986 4548 ὃν
3035 4499 3099 4557 ὡς
3136 4495 3627 4570 κοσμωφελέστατον
3683 4493 3926 4567 ἁρπάζειν

2333 4586 2505 4644 ἤθελεν
2532 4588 2558 4637 6
2608 4590 2857 4661 Χριστὸς,
2905 4590 2992 4637 xui
3021 4588 3091 4646 ὡς
3120 4593 3284 4657 πετρα
3333 4580 3630 4637 σκανδάλου
3660 4589 3755 4635 καὶ
3795 4582 3925 4639 λίθος

2332 4679 2738 4747 προσκόμματος
2793 4674 2962 4725 ὀπισω
3036 4672 3463 4748 εναπορρίπτεται
3538 4670 3770 4747 ἀρραγὴς
3840 4676 3924 4727 τῆς

2336 4761 2645 4823 Ἐκκλησίας
2699 4763 2945 4835 θεμέλιος.
2993 4767 3056 4815 Τί
3088 4759 3137 4814 δ’
3167 4762 3227 4813 οἷν
3269 4764 3455 4822 πάθοις
3485 4761 3638 4823 αύτὸς
3683 4762 3710 4811 6
3760 4758 3923 4832 βλάσ-

2334 4870 2483 4923 φημα
2528 4851 2865 4902 καθυλακτών
2912 4858 3004 4902 τοῦ
3064 4850 3314 4926 σταυροῦ,
3383 4854 3473 4902 καὶ
3529 4853 3614 4901 τόν
3674 4848 3927 4919 ἐσταυρω-

2333 4944 2481 5012 μένον
2568 4948 2872 5012 κατηγορῶν
2928 4957 2942 5003 ς
3018 4939 3291 4992 Ἀκούσιον
3364 4944 3465 5012 γὴρ
3543 4938 3776 5009 εἰσάγεις
3842 4939 3924 4991 τὴν

2338 5034 2655 5102 σταυρωσιν,
2714 5033 2804 5080 καὶ
2864 5028 2924 5081 ού
3003 5033 3155 5101 μόνον
3232 5027 3326 5079 οὐκ
3387 5027 3751 5099 ὠφελήσασαν,
3813 5019 3926 5076 οὐδὲ

2993 5116 3122 5168 ἀλλὰ
3176 5121 3266 5169 xui
3340 5116 3497 5169 αὑτὸν
3560 5113 3927 5184 κατακλάψασε

2338 5211 2425 5257 τόν
2456 5204 2858 5278 ἐσταυρωμένον·
2909 5210 2999 5258 καὶ
3046 5206 3227 5268 ούτούς
3282 5202 3341 5258 δὲ
3378 5209 3499 5265 τούς
3535 5210 3925 5278 σταυρώσαντας

3718 5313 3785 5354 ως
3848 5309 3926 5341 και

2336 4161 2464 4205 σεως
2523 4145 2605 4195 ὅτι
2669 4139 2925 4217 σφοδρᾶς,

3706 4231 3775 4281 τὰ
3846 4234 3931 4278 τοῦ

2336 5116 2575 5174 λυσιτελῆ
2642 5124 2904 5189 φανεῖ-ναν,

2343 5295 2720 5369 ἰσχυροτέρους
2783 5302 2875 5346 τοῦ
2942 5297 3323 5366 σταυρωθέντος
3391 5295 3641 5366 εἰσάγεις,

2338 5390 2409 5458 μὴ
2446 5382 2756 5456 βουλόμενον
2783 5383 2869 5435 ἐπὶ
2889 5386 2976 5436 τόν
3010 5387 3234 5458 σταυρὸν
3254 5381 3653 5457 ἓφελκύσαντας.

2354 5466 2371 5483 ,1,

644 5589 695 5688 '7.
718 5590 890 5688 Joan,
920 5604 980 5674 κ,
1018 5593 1103 5645 18.
1175 5593 1268 5649 ¹⁸Ι
1311 5595 1442 5651 Cor.
1469 5610 1510 5665 1,
1542 5597 1628 5679 ιε.
1696 5596 1741 5669 ¹9
1786 5596 1806 5649 Ι
1840 5595 1969 5680 Cor.
2011 5610 2054 5683 ι,
2084 5599 2175 5677 g7.

2336 5598 2507 5655 [Cor.
2543 5614 2597 5661 ιι,
2648 5598 2735 5685 ut.
2802 5597 2849 5633 ιι
2881 5587 3068 5654 Galat.
3098 5613 3183 5667 Vl,
3227 5599 3311 5653 14.
3378 5597 3426 5632 ³³
3461 5595 3667 5654 Matth.
3697 5610 3809 5663 xw,
3838 5594 3917 5648 ει.

569 5677 621 5747 γε
655 5674 806 5763 ibid.
835 5670 935 5765 22;.
1342 5680 1343 5687 κ
