  <div class='ocr_page' id='page_1' title='image "/cluster/home/n/w/nwhite01/storage/ocr_20150623/140/pst.000005714568/360.png"; bbox 0 0 4020 6310; ppageno 0'>
   <div class='ocr_carea' id='block_1_1' title="bbox 143 323 3514 392">
    <p class='ocr_par' dir='ltr' id='par_1_1' title="bbox 143 323 3514 392">
     <span class='ocr_line' id='line_1_1' title="bbox 143 323 3514 392; baseline 0.001 -7"><span class='ocrx_word' id='word_1_1' title='bbox 143 330 255 385; x_wconf 71' lang='lat' dir='ltr'><strong>B37</strong></span> <span class='ocrx_word' id='word_1_2' title='bbox 1480 325 1758 386; x_wconf 69' lang='lat' dir='ltr'><strong>CONTRA</strong></span> <span class='ocrx_word' id='word_1_3' title='bbox 1792 323 2213 392; x_wconf 71' lang='lat' dir='ltr'><strong>BOGOIILOS.</strong></span> <span class='ocrx_word' id='word_1_4' title='bbox 3408 329 3514 390; x_wconf 68' lang='lat' dir='ltr'><strong>B38</strong></span> 
     </span>
    </p>
   </div>
   <div class='ocr_carea' id='block_1_2' title="bbox 215 449 1754 531">
    <p class='ocr_par' dir='ltr' id='par_1_2' title="bbox 215 449 1751 528">
     <span class='ocr_line' id='line_1_2' title="bbox 215 449 1751 528; baseline -0.001 -22"><span class='ocrx_word' id='word_1_5' title='bbox 215 456 331 506; x_wconf 73' lang='grc' dir='ltr'><strong>Καὶ</strong></span> <span class='ocrx_word' id='word_1_6' title='bbox 374 459 546 506; x_wconf 85' lang='grc' dir='ltr'><strong><em>ταῦτα</em></strong></span> <span class='ocrx_word' id='word_1_7' title='bbox 590 455 643 506; x_wconf 81' lang='grc' dir='ltr'><strong><em>οἱ</em></strong></span> <span class='ocrx_word' id='word_1_8' title='bbox 694 453 983 528; x_wconf 77' lang='grc' dir='ltr'><strong><em>πάντολμοι</em></strong></span> <span class='ocrx_word' id='word_1_9' title='bbox 1029 456 1165 508; x_wconf 83' lang='grc' dir='ltr'><strong>κατά</strong></span> <span class='ocrx_word' id='word_1_10' title='bbox 1214 461 1310 508; x_wconf 87' lang='grc' dir='ltr'><strong>τοῦ</strong></span> <span class='ocrx_word' id='word_1_11' title='bbox 1349 449 1751 526; x_wconf 80' lang='grc' dir='ltr'><strong><em>παντοδυνοὶμου</em></strong></span> 
     </span>
    </p>
   </div>
   <div class='ocr_carea' id='block_1_3' title="bbox 1865 449 3514 531">
    <p class='ocr_par' dir='ltr' id='par_1_3' title="bbox 1936 455 3514 531">
     <span class='ocr_line' id='line_1_3' title="bbox 1936 455 3514 531; baseline 0.002 -21"><span class='ocrx_word' id='word_1_12' title='bbox 1936 456 2071 512; x_wconf 62' lang='lat' dir='ltr'><strong>nec</strong></span> <span class='ocrx_word' id='word_1_13' title='bbox 2090 455 2240 513; x_wconf 89' lang='lat' dir='ltr'><strong>dum</strong></span> <span class='ocrx_word' id='word_1_14' title='bbox 2276 457 2667 516; x_wconf 85' lang='lat' dir='ltr'><strong>audacissimi</strong></span> <span class='ocrx_word' id='word_1_15' title='bbox 2705 455 2998 514; x_wconf 86' lang='lat' dir='ltr'><strong>adversus</strong></span> <span class='ocrx_word' id='word_1_16' title='bbox 3038 458 3514 531; x_wconf 70' lang='lat' dir='ltr'><strong>omnipotentem</strong></span> 
     </span>
    </p>
   </div>
   <div class='ocr_carea' id='block_1_4' title="bbox 140 541 1754 619">
    <p class='ocr_par' dir='ltr' id='par_1_4' title="bbox 140 541 1754 618">
     <span class='ocr_line' id='line_1_4' title="bbox 140 541 1754 618; baseline 0.001 -25"><span class='ocrx_word' id='word_1_17' title='bbox 140 541 589 615; x_wconf 65' lang='grc' dir='ltr'><strong>βλασφημοῦντες</strong></span> <span class='ocrx_word' id='word_1_18' title='bbox 636 550 892 617; x_wconf 75' lang='grc' dir='ltr'><strong>Χριστοῦ,</strong></span> <span class='ocrx_word' id='word_1_19' title='bbox 933 548 1286 618; x_wconf 78' lang='grc' dir='ltr'><strong><em>Χριστιανοὺς</em></strong></span> <span class='ocrx_word' id='word_1_20' title='bbox 1326 543 1510 604; x_wconf 79' lang='grc' dir='ltr'><strong><em>καλοὺς</em></strong></span> <span class='ocrx_word' id='word_1_21' title='bbox 1539 543 1754 602; x_wconf 72' lang='grc' dir='ltr'><strong><em>ἑαυτοὺς</em></strong></span> 
     </span>
    </p>
   </div>
   <div class='ocr_carea' id='block_1_5' title="bbox 1865 541 3516 619">
    <p class='ocr_par' dir='ltr' id='par_1_5' title="bbox 1865 542 3516 619">
     <span class='ocr_line' id='line_1_5' title="bbox 1865 542 3516 619; baseline 0.002 -21"><span class='ocrx_word' id='word_1_22' title='bbox 1865 542 2160 601; x_wconf 78' lang='lat' dir='ltr'><strong>Christum</strong></span> <span class='ocrx_word' id='word_1_23' title='bbox 2170 544 2520 619; x_wconf 86' lang='lat' dir='ltr'><strong>blasphemo</strong></span> <span class='ocrx_word' id='word_1_24' title='bbox 2531 562 2633 604; x_wconf 91' lang='lat' dir='ltr'><strong>ore</strong></span> <span class='ocrx_word' id='word_1_25' title='bbox 2643 551 3086 617; x_wconf 84' lang='lat' dir='ltr'><strong>evomunt,egre</strong></span> <span class='ocrx_word' id='word_1_26' title='bbox 3093 546 3223 617; x_wconf 86' lang='lat' dir='ltr'><strong>gios</strong></span> <span class='ocrx_word' id='word_1_27' title='bbox 3239 545 3516 602; x_wconf 84' lang='lat' dir='ltr'><strong>Christia-</strong></span> 
     </span>
    </p>
   </div>
   <div class='ocr_carea' id='block_1_6' title="bbox 136 631 1754 708">
    <p class='ocr_par' dir='ltr' id='par_1_6' title="bbox 136 631 1754 706">
     <span class='ocr_line' id='line_1_6' title="bbox 136 631 1754 706; baseline -0.001 -23"><span class='ocrx_word' id='word_1_28' title='bbox 136 632 507 703; x_wconf 72' lang='grc' dir='ltr'><strong>ὀνομάζουσιν</strong></span> <span class='ocrx_word' id='word_1_29' title='bbox 561 634 611 684; x_wconf 79' lang='grc' dir='ltr'><strong><em>οἱ</em></strong></span> <span class='ocrx_word' id='word_1_30' title='bbox 662 640 774 693; x_wconf 85' lang='grc' dir='ltr'><strong><em>ταῖς</em></strong></span> <span class='ocrx_word' id='word_1_31' title='bbox 839 631 1106 695; x_wconf 80' lang='grc' dir='ltr'><strong><em>ἀληθείαις</em></strong></span> <span class='ocrx_word' id='word_1_32' title='bbox 1173 632 1616 706; x_wconf 85' lang='grc' dir='ltr'><strong><em>ἀντιχριστιανοί.</em></strong></span> <span class='ocrx_word' id='word_1_33' title='bbox 1679 633 1754 684; x_wconf 81' lang='grc' dir='ltr'><strong>Τὰ</strong></span> 
     </span>
    </p>
   </div>
   <div class='ocr_carea' id='block_1_7' title="bbox 1865 631 3509 708">
    <p class='ocr_par' dir='ltr' id='par_1_7' title="bbox 1865 632 3509 708">
     <span class='ocr_line' id='line_1_7' title="bbox 1865 632 3509 708; baseline 0.001 -21"><span class='ocrx_word' id='word_1_34' title='bbox 1865 646 1974 687; x_wconf 88' lang='lat' dir='ltr'><strong>nos</strong></span> <span class='ocrx_word' id='word_1_35' title='bbox 1989 634 2216 705; x_wconf 87' lang='lat' dir='ltr'><strong>seipsos</strong></span> <span class='ocrx_word' id='word_1_36' title='bbox 2241 634 2762 708; x_wconf 82' lang='lat' dir='ltr'><strong>appellitant,curn</strong></span> <span class='ocrx_word' id='word_1_37' title='bbox 2783 651 2990 692; x_wconf 78' lang='lat' dir='ltr'><strong>revera</strong></span> <span class='ocrx_word' id='word_1_38' title='bbox 3013 635 3131 691; x_wconf 88' lang='lat' dir='ltr'><strong>sint</strong></span> <span class='ocrx_word' id='word_1_39' title='bbox 3151 632 3509 690; x_wconf 79' lang='lat' dir='ltr'><strong>Antichristi.</strong></span> 
     </span>
    </p>
   </div>
   <div class='ocr_carea' id='block_1_8' title="bbox 135 719 1754 795">
    <p class='ocr_par' dir='ltr' id='par_1_8' title="bbox 135 719 1754 795">
     <span class='ocr_line' id='line_1_8' title="bbox 135 719 1754 795; baseline 0 -23"><span class='ocrx_word' id='word_1_40' title='bbox 135 723 248 795; x_wconf 67' lang='grc' dir='ltr'><strong>γὰρ</strong></span> <span class='ocrx_word' id='word_1_41' title='bbox 294 729 388 774; x_wconf 87' lang='grc' dir='ltr'><strong>τοῦ</strong></span> <span class='ocrx_word' id='word_1_42' title='bbox 434 720 783 794; x_wconf 80' lang='grc' dir='ltr'><strong><em>ἀντιχρίστου</em></strong></span> <span class='ocrx_word' id='word_1_43' title='bbox 839 719 1211 795; x_wconf 81' lang='grc' dir='ltr'><strong><em>πρεσϐεύουσι,</em></strong></span> <span class='ocrx_word' id='word_1_44' title='bbox 1270 727 1360 774; x_wconf 77' lang='grc' dir='ltr'><strong><em>καὶ</em></strong></span> <span class='ocrx_word' id='word_1_45' title='bbox 1425 722 1568 793; x_wconf 77' lang='grc' dir='ltr'><strong><em>αὐτῷ</em></strong></span> <span class='ocrx_word' id='word_1_46' title='bbox 1617 725 1754 793; x_wconf 74' lang='grc' dir='ltr'><strong><em>μόνῳ</em></strong></span> 
     </span>
    </p>
   </div>
   <div class='ocr_carea' id='block_1_9' title="bbox 1865 719 3514 795">
    <p class='ocr_par' dir='ltr' id='par_1_9' title="bbox 1865 723 3514 795">
     <span class='ocr_line' id='line_1_9' title="bbox 1865 723 3514 795; baseline -0.001 -17"><span class='ocrx_word' id='word_1_47' title='bbox 1865 723 2004 778; x_wconf 83' lang='lat' dir='ltr'><strong>Rem</strong></span> <span class='ocrx_word' id='word_1_48' title='bbox 2034 723 2196 779; x_wconf 87' lang='lat' dir='ltr'><strong>enim</strong></span> <span class='ocrx_word' id='word_1_49' title='bbox 2223 725 2561 780; x_wconf 78' lang='lat' dir='ltr'><strong>Antichristi</strong></span> <span class='ocrx_word' id='word_1_50' title='bbox 2591 731 2648 781; x_wconf 90' lang='lat' dir='ltr'><strong>et</strong></span> <span class='ocrx_word' id='word_1_51' title='bbox 2677 725 2906 794; x_wconf 80' lang='lat' dir='ltr'><strong>legatos</strong></span> <span class='ocrx_word' id='word_1_52' title='bbox 2928 725 3061 794; x_wconf 87' lang='lat' dir='ltr'><strong>ejus</strong></span> <span class='ocrx_word' id='word_1_53' title='bbox 3099 728 3307 793; x_wconf 89' lang='lat' dir='ltr'><strong>agunt,</strong></span> <span class='ocrx_word' id='word_1_54' title='bbox 3338 723 3514 795; x_wconf 85' lang='lat' dir='ltr'><strong>eique</strong></span> 
     </span>
    </p>
   </div>
   <div class='ocr_carea' id='block_1_10' title="bbox 136 807 1754 887">
    <p class='ocr_par' dir='ltr' id='par_1_10' title="bbox 136 807 1754 882">
     <span class='ocr_line' id='line_1_10' title="bbox 136 807 1754 882; baseline 0 -20"><span class='ocrx_word' id='word_1_55' title='bbox 136 813 488 882; x_wconf 71' lang='grc' dir='ltr'><strong><em>Δατρεύουσι,</em></strong></span> <span class='ocrx_word' id='word_1_56' title='bbox 531 816 623 864; x_wconf 71' lang='grc' dir='ltr'><strong><em>καὶ</em></strong></span> <span class='ocrx_word' id='word_1_57' title='bbox 662 814 789 882; x_wconf 85' lang='grc' dir='ltr'><strong><em>πρός</em></strong></span> <span class='ocrx_word' id='word_1_58' title='bbox 855 811 1010 863; x_wconf 75' lang='grc' dir='ltr'><strong><em>αὑτὸν</em></strong></span> <span class='ocrx_word' id='word_1_59' title='bbox 1056 814 1150 872; x_wconf 79' lang='grc' dir='ltr'><strong><em>τὰς</em></strong></span> <span class='ocrx_word' id='word_1_60' title='bbox 1215 807 1428 871; x_wconf 74' lang='grc' dir='ltr'><strong><em>ἕλπίδας</em></strong></span> <span class='ocrx_word' id='word_1_61' title='bbox 1482 809 1754 863; x_wconf 70' lang='grc' dir='ltr'><strong><em>ἀνατιθέα-</em></strong></span> 
     </span>
    </p>
   </div>
   <div class='ocr_carea' id='block_1_11' title="bbox 1865 807 3511 887">
    <p class='ocr_par' dir='ltr' id='par_1_11' title="bbox 1865 809 3511 887">
     <span class='ocr_line' id='line_1_11' title="bbox 1865 809 3511 887; baseline 0.001 -23"><span class='ocrx_word' id='word_1_62' title='bbox 1865 809 1974 865; x_wconf 90' lang='lat' dir='ltr'><strong>soli</strong></span> <span class='ocrx_word' id='word_1_63' title='bbox 1997 813 2276 881; x_wconf 87' lang='lat' dir='ltr'><strong>serviunt,</strong></span> <span class='ocrx_word' id='word_1_64' title='bbox 2301 819 2356 868; x_wconf 88' lang='lat' dir='ltr'><strong>et</strong></span> <span class='ocrx_word' id='word_1_65' title='bbox 2377 813 2437 869; x_wconf 88' lang='lat' dir='ltr'><strong>in</strong></span> <span class='ocrx_word' id='word_1_66' title='bbox 2456 814 2587 886; x_wconf 85' lang='lat' dir='ltr'><strong>ipso</strong></span> <span class='ocrx_word' id='word_1_67' title='bbox 2619 829 2756 887; x_wconf 83' lang='lat' dir='ltr'><strong>spes</strong></span> <span class='ocrx_word' id='word_1_68' title='bbox 2777 829 2921 868; x_wconf 89' lang='lat' dir='ltr'><strong>suas</strong></span> <span class='ocrx_word' id='word_1_69' title='bbox 2949 811 3239 884; x_wconf 88' lang='lat' dir='ltr'><strong>repositas</strong></span> <span class='ocrx_word' id='word_1_70' title='bbox 3267 811 3511 867; x_wconf 80' lang='lat' dir='ltr'><strong>habent.</strong></span> 
     </span>
    </p>
   </div>
   <div class='ocr_carea' id='block_1_12' title="bbox 141 895 1754 973">
    <p class='ocr_par' dir='ltr' id='par_1_12' title="bbox 141 895 1754 973">
     <span class='ocr_line' id='line_1_12' title="bbox 141 895 1754 973; baseline 0.001 -22"><span class='ocrx_word' id='word_1_71' title='bbox 141 918 253 954; x_wconf 84' lang='grc' dir='ltr'><strong><em>σιν.</em></strong></span> <span class='ocrx_word' id='word_1_72' title='bbox 294 899 431 951; x_wconf 83' lang='grc' dir='ltr'><strong><em>Ἀλλ’</em></strong></span> <span class='ocrx_word' id='word_1_73' title='bbox 478 895 623 953; x_wconf 77' lang='grc' dir='ltr'><strong><em>οὗτοι</em></strong></span> <span class='ocrx_word' id='word_1_74' title='bbox 669 903 762 972; x_wconf 74' lang='grc' dir='ltr'><strong><em>μεν</em></strong></span> <span class='ocrx_word' id='word_1_75' title='bbox 801 901 851 952; x_wconf 83' lang='grc' dir='ltr'><strong><em>οἱ</em></strong></span> <span class='ocrx_word' id='word_1_76' title='bbox 893 899 1193 953; x_wconf 71' lang='grc' dir='ltr'><strong>ἀποστάται</strong></span> <span class='ocrx_word' id='word_1_77' title='bbox 1220 907 1352 973; x_wconf 76' lang='grc' dir='ltr'><strong><em>μετὰ</em></strong></span> <span class='ocrx_word' id='word_1_78' title='bbox 1396 907 1490 954; x_wconf 88' lang='grc' dir='ltr'><strong>τοῦ</strong></span> <span class='ocrx_word' id='word_1_79' title='bbox 1521 919 1754 953; x_wconf 86' lang='grc' dir='ltr'><strong><em>συναπο-</em></strong></span> 
     </span>
    </p>
   </div>
   <div class='ocr_carea' id='block_1_13' title="bbox 1865 895 3514 973">
    <p class='ocr_par' dir='ltr' id='par_1_13' title="bbox 1865 897 3514 973">
     <span class='ocr_line' id='line_1_13' title="bbox 1865 897 3514 973; baseline 0 -19"><span class='ocrx_word' id='word_1_80' title='bbox 1865 897 1980 955; x_wconf 88' lang='lat' dir='ltr'><strong>Sed</strong></span> <span class='ocrx_word' id='word_1_81' title='bbox 2005 899 2225 956; x_wconf 88' lang='lat' dir='ltr'><strong>abeant</strong></span> <span class='ocrx_word' id='word_1_82' title='bbox 2243 901 2334 956; x_wconf 87' lang='lat' dir='ltr'><strong>isti</strong></span> <span class='ocrx_word' id='word_1_83' title='bbox 2363 901 2694 958; x_wconf 85' lang='lat' dir='ltr'><strong>desertores</strong></span> <span class='ocrx_word' id='word_1_84' title='bbox 2709 918 2846 958; x_wconf 88' lang='lat' dir='ltr'><strong>cum</strong></span> <span class='ocrx_word' id='word_1_85' title='bbox 2869 901 3145 958; x_wconf 65' lang='lat' dir='ltr'><strong>daemone</strong></span> <span class='ocrx_word' id='word_1_86' title='bbox 3166 915 3338 973; x_wconf 60' lang='lat' dir='ltr'><strong>usque</strong></span> <span class='ocrx_word' id='word_1_87' title='bbox 3370 913 3514 971; x_wconf 76' lang='lat' dir='ltr'><strong>apo-</strong></span> 
     </span>
    </p>
   </div>
   <div class='ocr_carea' id='block_1_14' title="bbox 137 986 1754 1064">
    <p class='ocr_par' dir='ltr' id='par_1_14' title="bbox 137 986 1752 1064">
     <span class='ocr_line' id='line_1_14' title="bbox 137 986 1752 1064; baseline 0.001 -24"><span class='ocrx_word' id='word_1_88' title='bbox 137 991 348 1041; x_wconf 80' lang='grc' dir='ltr'><strong><em>στοίτου</em></strong></span> <span class='ocrx_word' id='word_1_89' title='bbox 391 988 570 1049; x_wconf 72' lang='grc' dir='ltr'><strong><em>αὐτοῖς</em></strong></span> <span class='ocrx_word' id='word_1_90' title='bbox 616 987 904 1064; x_wconf 74' lang='grc' dir='ltr'><strong><em>ἆῤῥίτωσαν</em></strong></span> <span class='ocrx_word' id='word_1_91' title='bbox 954 986 1223 1064; x_wconf 78' lang='grc' dir='ltr'><strong><em>δαίμονος,</em></strong></span> <span class='ocrx_word' id='word_1_92' title='bbox 1283 994 1375 1042; x_wconf 73' lang='grc' dir='ltr'><strong><em>καὶ</em></strong></span> <span class='ocrx_word' id='word_1_93' title='bbox 1421 989 1494 1051; x_wconf 84' lang='grc' dir='ltr'><strong><em>εἰς</em></strong></span> <span class='ocrx_word' id='word_1_94' title='bbox 1543 992 1603 1041; x_wconf 83' lang='grc' dir='ltr'><strong>τό</strong></span> <span class='ocrx_word' id='word_1_95' title='bbox 1649 997 1752 1063; x_wconf 91' lang='grc' dir='ltr'><strong>πῦρ</strong></span> 
     </span>
    </p>
   </div>
   <div class='ocr_carea' id='block_1_15' title="bbox 1865 986 3512 1064">
    <p class='ocr_par' dir='ltr' id='par_1_15' title="bbox 1865 988 3512 1064">
     <span class='ocr_line' id='line_1_15' title="bbox 1865 988 3512 1064; baseline 0.001 -22"><span class='ocrx_word' id='word_1_96' title='bbox 1865 989 2166 1058; x_wconf 87' lang='lat' dir='ltr'><strong>stata,etin</strong></span> <span class='ocrx_word' id='word_1_97' title='bbox 2179 989 2379 1060; x_wconf 89' lang='lat' dir='ltr'><strong>ignem</strong></span> <span class='ocrx_word' id='word_1_98' title='bbox 2397 996 2688 1048; x_wconf 68' lang='lat' dir='ltr'><strong>internum</strong></span> <span class='ocrx_word' id='word_1_99' title='bbox 2707 991 2830 1064; x_wconf 83' lang='lat' dir='ltr'><strong>ipsi</strong></span> <span class='ocrx_word' id='word_1_100' title='bbox 2840 997 3116 1063; x_wconf 82' lang='lat' dir='ltr'><strong>paratum</strong></span> <span class='ocrx_word' id='word_1_101' title='bbox 3140 988 3512 1058; x_wconf 90' lang='lat' dir='ltr'><strong>ablegentur.</strong></span> 
     </span>
    </p>
   </div>
   <div class='ocr_carea' id='block_1_16' title="bbox 132 1076 1754 1153">
    <p class='ocr_par' dir='ltr' id='par_1_16' title="bbox 132 1077 1754 1151">
     <span class='ocr_line' id='line_1_16' title="bbox 132 1077 1754 1151; baseline 0.001 -22"><span class='ocrx_word' id='word_1_102' title='bbox 132 1080 193 1129; x_wconf 85' lang='grc' dir='ltr'><strong>τό</strong></span> <span class='ocrx_word' id='word_1_103' title='bbox 252 1077 472 1130; x_wconf 81' lang='grc' dir='ltr'><strong><em>αἰώνιον</em></strong></span> <span class='ocrx_word' id='word_1_104' title='bbox 536 1081 596 1130; x_wconf 83' lang='grc' dir='ltr'><strong>τό</strong></span> <span class='ocrx_word' id='word_1_105' title='bbox 663 1079 1047 1151; x_wconf 71' lang='grc' dir='ltr'><strong>ἡτοιμασμένον</strong></span> <span class='ocrx_word' id='word_1_106' title='bbox 1109 1079 1253 1150; x_wconf 72' lang='grc' dir='ltr'><strong><em>αὐτῷ</em></strong></span> <span class='ocrx_word' id='word_1_107' title='bbox 1310 1082 1754 1151; x_wconf 77' lang='grc' dir='ltr'><strong><em>συμπαραπεμπί-</em></strong></span> 
     </span>
    </p>
   </div>
   <div class='ocr_carea' id='block_1_17' title="bbox 1865 1076 3514 1153">
    <p class='ocr_par' dir='ltr' id='par_1_17' title="bbox 1865 1076 3514 1153">
     <span class='ocr_line' id='line_1_17' title="bbox 1865 1076 3514 1153; baseline 0 -21"><span class='ocrx_word' id='word_1_108' title='bbox 1865 1076 2055 1133; x_wconf 84' lang='lat' dir='ltr'><strong>Talem</strong></span> <span class='ocrx_word' id='word_1_109' title='bbox 2069 1077 2229 1133; x_wconf 88' lang='lat' dir='ltr'><strong>enim</strong></span> <span class='ocrx_word' id='word_1_110' title='bbox 2246 1078 2383 1134; x_wconf 87' lang='lat' dir='ltr'><strong>ﬁliis</strong></span> <span class='ocrx_word' id='word_1_111' title='bbox 2394 1080 2520 1136; x_wconf 83' lang='lat' dir='ltr'><strong>suis</strong></span> <span class='ocrx_word' id='word_1_112' title='bbox 2533 1081 2882 1138; x_wconf 75' lang='lat' dir='ltr'><strong>thesaurum</strong></span> <span class='ocrx_word' id='word_1_113' title='bbox 2899 1086 3067 1153; x_wconf 88' lang='lat' dir='ltr'><strong>pater</strong></span> <span class='ocrx_word' id='word_1_114' title='bbox 3093 1080 3366 1152; x_wconf 90' lang='lat' dir='ltr'><strong>ipsorum</strong></span> <span class='ocrx_word' id='word_1_115' title='bbox 3391 1077 3514 1133; x_wconf 83' lang='lat' dir='ltr'><strong>the-</strong></span> 
     </span>
    </p>
   </div>
   <div class='ocr_carea' id='block_1_18' title="bbox 135 1166 1754 1241">
    <p class='ocr_par' dir='ltr' id='par_1_18' title="bbox 135 1167 1753 1241">
     <span class='ocr_line' id='line_1_18' title="bbox 135 1167 1753 1241; baseline 0.001 -24"><span class='ocrx_word' id='word_1_116' title='bbox 135 1167 387 1222; x_wconf 78' lang='grc' dir='ltr'><strong><em>σθωσαν.</em></strong></span> <span class='ocrx_word' id='word_1_117' title='bbox 437 1172 682 1220; x_wconf 81' lang='grc' dir='ltr'><strong><em>Τοιοῦτον</em></strong></span> <span class='ocrx_word' id='word_1_118' title='bbox 735 1173 823 1220; x_wconf 75' lang='grc' dir='ltr'><strong>καὶ</strong></span> <span class='ocrx_word' id='word_1_119' title='bbox 865 1170 966 1241; x_wconf 74' lang='grc' dir='ltr'><strong>γὰρ</strong></span> <span class='ocrx_word' id='word_1_120' title='bbox 1024 1174 1131 1229; x_wconf 87' lang='grc' dir='ltr'><strong><em>τοῖς</em></strong></span> <span class='ocrx_word' id='word_1_121' title='bbox 1179 1173 1374 1228; x_wconf 74' lang='grc' dir='ltr'><strong><em>τέκνοις</em></strong></span> <span class='ocrx_word' id='word_1_122' title='bbox 1434 1167 1594 1220; x_wconf 79' lang='grc' dir='ltr'><strong><em>αὐτοῦ</em></strong></span> <span class='ocrx_word' id='word_1_123' title='bbox 1659 1168 1753 1224; x_wconf 80' lang='grc' dir='ltr'><strong>θηο</strong></span> 
     </span>
    </p>
   </div>
   <div class='ocr_carea' id='block_1_19' title="bbox 1865 1166 3513 1241">
    <p class='ocr_par' dir='ltr' id='par_1_19' title="bbox 1865 1166 3513 1236">
     <span class='ocr_line' id='line_1_19' title="bbox 1865 1166 3513 1236; baseline 0.001 -18"><span class='ocrx_word' id='word_1_124' title='bbox 1865 1166 2200 1232; x_wconf 80' lang='lat' dir='ltr'><strong>saurisavit,</strong></span> <span class='ocrx_word' id='word_1_125' title='bbox 2235 1167 2652 1225; x_wconf 78' lang='lat' dir='ltr'><strong>thesaurorum</strong></span> <span class='ocrx_word' id='word_1_126' title='bbox 2681 1185 2927 1226; x_wconf 88' lang='lat' dir='ltr'><strong>suorum</strong></span> <span class='ocrx_word' id='word_1_127' title='bbox 2958 1168 3252 1226; x_wconf 77' lang='lat' dir='ltr'><strong>carbones</strong></span> <span class='ocrx_word' id='word_1_128' title='bbox 3289 1167 3513 1236; x_wconf 87' lang='lat' dir='ltr'><strong>ignitos</strong></span> 
     </span>
    </p>
   </div>
   <div class='ocr_carea' id='block_1_20' title="bbox 135 1254 1754 1330">
    <p class='ocr_par' dir='ltr' id='par_1_20' title="bbox 135 1255 1752 1328">
     <span class='ocr_line' id='line_1_20' title="bbox 135 1255 1752 1328; baseline 0.001 -23"><span class='ocrx_word' id='word_1_129' title='bbox 135 1257 350 1327; x_wconf 83' lang='grc' dir='ltr'><strong><em>σαυρὸν</em></strong></span> <span class='ocrx_word' id='word_1_130' title='bbox 405 1255 434 1306; x_wconf 89' lang='lat'><strong>6</strong></span> <span class='ocrx_word' id='word_1_131' title='bbox 501 1259 677 1327; x_wconf 78' lang='grc' dir='ltr'><strong><em>πατὴρ</em></strong></span> <span class='ocrx_word' id='word_1_132' title='bbox 738 1255 906 1309; x_wconf 74' lang='grc' dir='ltr'><strong><em>αὐτῶν</em></strong></span> <span class='ocrx_word' id='word_1_133' title='bbox 969 1255 1370 1328; x_wconf 74' lang='grc' dir='ltr'><strong><em>ἑθησαυρίασενο</em></strong></span> <span class='ocrx_word' id='word_1_134' title='bbox 1444 1257 1578 1308; x_wconf 88' lang='grc' dir='ltr'><strong><em>ὃπου</em></strong></span> <span class='ocrx_word' id='word_1_135' title='bbox 1652 1263 1752 1307; x_wconf 81' lang='grc' dir='ltr'><strong>τῶν</strong></span> 
     </span>
    </p>
   </div>
   <div class='ocr_carea' id='block_1_21' title="bbox 1865 1254 3513 1330">
    <p class='ocr_par' dir='ltr' id='par_1_21' title="bbox 1865 1254 3513 1330">
     <span class='ocr_line' id='line_1_21' title="bbox 1865 1254 3513 1330; baseline 0.001 -21"><span class='ocrx_word' id='word_1_136' title='bbox 1865 1255 2170 1325; x_wconf 82' lang='lat' dir='ltr'><strong>reperient.</strong></span> <span class='ocrx_word' id='word_1_137' title='bbox 2205 1256 2273 1311; x_wconf 87' lang='lat' dir='ltr'><strong>Et</strong></span> <span class='ocrx_word' id='word_1_138' title='bbox 2290 1257 2682 1314; x_wconf 62' lang='lat' dir='ltr'><strong>Antichristns</strong></span> <span class='ocrx_word' id='word_1_139' title='bbox 2697 1274 2772 1314; x_wconf 87' lang='lat' dir='ltr'><strong>ea</strong></span> <span class='ocrx_word' id='word_1_140' title='bbox 2791 1273 2928 1330; x_wconf 66' lang='lat' dir='ltr'><strong>quae</strong></span> <span class='ocrx_word' id='word_1_141' title='bbox 2951 1258 3158 1314; x_wconf 85' lang='lat' dir='ltr'><strong>Christi</strong></span> <span class='ocrx_word' id='word_1_142' title='bbox 3183 1261 3338 1318; x_wconf 83' lang='lat' dir='ltr'><strong>sunt.</strong></span> <span class='ocrx_word' id='word_1_143' title='bbox 3375 1254 3513 1310; x_wconf 77' lang='lat' dir='ltr'><strong>sub—</strong></span> 
     </span>
    </p>
   </div>
   <div class='ocr_carea' id='block_1_22' title="bbox 133 1341 1754 1422">
    <p class='ocr_par' dir='ltr' id='par_1_22' title="bbox 133 1343 1753 1418">
     <span class='ocr_line' id='line_1_22' title="bbox 133 1343 1753 1418; baseline 0.001 -24"><span class='ocrx_word' id='word_1_144' title='bbox 133 1345 434 1416; x_wconf 79' lang='grc' dir='ltr'><strong><em>θησαυρῶν</em></strong></span> <span class='ocrx_word' id='word_1_145' title='bbox 495 1344 664 1396; x_wconf 74' lang='grc' dir='ltr'><strong><em>αὐτῶν</em></strong></span> <span class='ocrx_word' id='word_1_146' title='bbox 731 1344 1049 1418; x_wconf 71' lang='grc' dir='ltr'><strong><em>εὑρήσουσιν</em></strong></span> <span class='ocrx_word' id='word_1_147' title='bbox 1120 1345 1384 1418; x_wconf 78' lang='grc' dir='ltr'><strong><em>ἄνθρακας</em></strong></span> <span class='ocrx_word' id='word_1_148' title='bbox 1455 1343 1753 1418; x_wconf 74' lang='grc' dir='ltr'><strong><em>εκπυρίξον-</em></strong></span> 
     </span>
    </p>
   </div>
   <div class='ocr_carea' id='block_1_23' title="bbox 1865 1341 3514 1422">
    <p class='ocr_par' dir='ltr' id='par_1_23' title="bbox 1865 1341 3514 1422">
     <span class='ocr_line' id='line_1_23' title="bbox 1865 1341 3514 1422; baseline 0.004 -26"><span class='ocrx_word' id='word_1_149' title='bbox 1865 1341 2052 1413; x_wconf 86' lang='lat' dir='ltr'><strong>legere</strong></span> <span class='ocrx_word' id='word_1_150' title='bbox 2065 1343 2271 1400; x_wconf 83' lang='lat' dir='ltr'><strong>solitus</strong></span> <span class='ocrx_word' id='word_1_151' title='bbox 2282 1346 2358 1402; x_wconf 88' lang='lat' dir='ltr'><strong>de</strong></span> <span class='ocrx_word' id='word_1_152' title='bbox 2370 1347 2709 1404; x_wconf 87' lang='lat' dir='ltr'><strong>suisitidem</strong></span> <span class='ocrx_word' id='word_1_153' title='bbox 2725 1347 3030 1422; x_wconf 81' lang='lat' dir='ltr'><strong>discipulis</strong></span> <span class='ocrx_word' id='word_1_154' title='bbox 3045 1347 3205 1403; x_wconf 80' lang='lat' dir='ltr'><strong>dicat</strong></span> <span class='ocrx_word' id='word_1_155' title='bbox 3227 1363 3240 1400; x_wconf 88' lang='lat'><strong>:</strong></span> <span class='ocrx_word' id='word_1_156' title='bbox 3259 1346 3423 1406; x_wconf 82' lang='lat' dir='ltr'><strong>Volo.</strong></span> <span class='ocrx_word' id='word_1_157' title='bbox 3446 1346 3514 1400; x_wconf 73' lang='lat' dir='ltr'><strong>ut</strong></span> 
     </span>
    </p>
   </div>
   <div class='ocr_carea' id='block_1_24' title="bbox 129 1431 1754 1508">
    <p class='ocr_par' dir='ltr' id='par_1_24' title="bbox 129 1431 1752 1508">
     <span class='ocr_line' id='line_1_24' title="bbox 129 1431 1752 1508; baseline 0.001 -25"><span class='ocrx_word' id='word_1_158' title='bbox 129 1450 255 1503; x_wconf 82' lang='grc' dir='ltr'><strong><em>τας,</em></strong></span> <span class='ocrx_word' id='word_1_159' title='bbox 308 1437 403 1485; x_wconf 77' lang='grc' dir='ltr'><strong><em>καὶ</em></strong></span> <span class='ocrx_word' id='word_1_160' title='bbox 447 1434 473 1485; x_wconf 98' lang='lat'><strong>6</strong></span> <span class='ocrx_word' id='word_1_161' title='bbox 501 1431 842 1507; x_wconf 84' lang='grc' dir='ltr'><strong><em>ἀντιχριστος</em></strong></span> <span class='ocrx_word' id='word_1_162' title='bbox 879 1437 946 1486; x_wconf 77' lang='grc' dir='ltr'><strong><em>τὰ</em></strong></span> <span class='ocrx_word' id='word_1_163' title='bbox 987 1441 1079 1486; x_wconf 87' lang='grc' dir='ltr'><strong>τοῦ</strong></span> <span class='ocrx_word' id='word_1_164' title='bbox 1125 1441 1360 1508; x_wconf 76' lang='grc' dir='ltr'><strong><em>Χριστοῦ</em></strong></span> <span class='ocrx_word' id='word_1_165' title='bbox 1413 1431 1752 1507; x_wconf 73' lang='grc' dir='ltr'><strong>ἱεροσυλήσας</strong></span> 
     </span>
    </p>
   </div>
   <div class='ocr_carea' id='block_1_25' title="bbox 1865 1431 3511 1508">
    <p class='ocr_par' dir='ltr' id='par_1_25' title="bbox 1865 1431 3511 1506">
     <span class='ocr_line' id='line_1_25' title="bbox 1865 1431 3511 1506; baseline 0.001 -21"><span class='ocrx_word' id='word_1_166' title='bbox 1865 1431 1960 1486; x_wconf 92' lang='lat' dir='ltr'><strong>ubi</strong></span> <span class='ocrx_word' id='word_1_167' title='bbox 1975 1447 2087 1500; x_wconf 83' lang='lat' dir='ltr'><strong>ego</strong></span> <span class='ocrx_word' id='word_1_168' title='bbox 2105 1434 2450 1506; x_wconf 89' lang='lat' dir='ltr'><strong>sum,etipsi</strong></span> <span class='ocrx_word' id='word_1_169' title='bbox 2466 1434 3221 1506; x_wconf 83' lang='lat' dir='ltr'><strong>sintmecum.Etprinceps</strong></span> <span class='ocrx_word' id='word_1_170' title='bbox 3235 1431 3511 1489; x_wconf 85' lang='lat' dir='ltr'><strong>tenebra-</strong></span> 
     </span>
    </p>
   </div>
   <div class='ocr_carea' id='block_1_26' title="bbox 133 1521 1754 1596">
    <p class='ocr_par' dir='ltr' id='par_1_26' title="bbox 133 1521 1750 1594">
     <span class='ocr_line' id='line_1_26' title="bbox 133 1521 1750 1594; baseline 0.001 -22"><span class='ocrx_word' id='word_1_171' title='bbox 133 1526 264 1594; x_wconf 80' lang='grc' dir='ltr'><strong><em>περὶ</em></strong></span> <span class='ocrx_word' id='word_1_172' title='bbox 318 1529 422 1573; x_wconf 83' lang='grc' dir='ltr'><strong>τῶν</strong></span> <span class='ocrx_word' id='word_1_173' title='bbox 471 1521 631 1574; x_wconf 76' lang='grc' dir='ltr'><strong><em>αὐτοῦ</em></strong></span> <span class='ocrx_word' id='word_1_174' title='bbox 679 1521 868 1594; x_wconf 74' lang='grc' dir='ltr'><strong><em>λεγέτω</em></strong></span> <span class='ocrx_word' id='word_1_175' title='bbox 914 1525 1182 1594; x_wconf 78' lang='grc' dir='ltr'><strong>μαθητῶν·</strong></span> <span class='ocrx_word' id='word_1_176' title='bbox 1247 1523 1411 1588; x_wconf 53' lang='lat' dir='ltr'><strong>esse,</strong></span> <span class='ocrx_word' id='word_1_177' title='bbox 1481 1524 1564 1574; x_wconf 79' lang='grc' dir='ltr'><strong><em>ἴνα</em></strong></span> <span class='ocrx_word' id='word_1_178' title='bbox 1621 1524 1750 1574; x_wconf 79' lang='grc' dir='ltr'><strong><em>ὅπου</em></strong></span> 
     </span>
    </p>
   </div>
   <div class='ocr_carea' id='block_1_27' title="bbox 1865 1521 3514 1596">
    <p class='ocr_par' dir='ltr' id='par_1_27' title="bbox 1865 1522 3514 1596">
     <span class='ocr_line' id='line_1_27' title="bbox 1865 1522 3514 1596; baseline 0.001 -22"><span class='ocrx_word' id='word_1_179' title='bbox 1865 1535 1992 1576; x_wconf 88' lang='lat' dir='ltr'><strong>rum</strong></span> <span class='ocrx_word' id='word_1_180' title='bbox 2021 1537 2161 1576; x_wconf 90' lang='lat' dir='ltr'><strong>cum</strong></span> <span class='ocrx_word' id='word_1_181' title='bbox 2192 1523 2436 1578; x_wconf 88' lang='lat' dir='ltr'><strong>cohorte</strong></span> <span class='ocrx_word' id='word_1_182' title='bbox 2463 1540 2572 1580; x_wconf 89' lang='lat' dir='ltr'><strong>sua</strong></span> <span class='ocrx_word' id='word_1_183' title='bbox 2592 1524 2671 1580; x_wconf 90' lang='lat' dir='ltr'><strong>ad</strong></span> <span class='ocrx_word' id='word_1_184' title='bbox 2701 1526 3010 1596; x_wconf 85' lang='lat' dir='ltr'><strong>proprium</strong></span> <span class='ocrx_word' id='word_1_185' title='bbox 3040 1524 3242 1580; x_wconf 89' lang='lat' dir='ltr'><strong>locum</strong></span> <span class='ocrx_word' id='word_1_186' title='bbox 3267 1522 3514 1579; x_wconf 89' lang='lat' dir='ltr'><strong>descen-</strong></span> 
     </span>
    </p>
   </div>
   <div class='ocr_carea' id='block_1_28' title="bbox 133 1607 1754 1686">
    <p class='ocr_par' dir='ltr' id='par_1_28' title="bbox 133 1609 1750 1684">
     <span class='ocr_line' id='line_1_28' title="bbox 133 1609 1750 1684; baseline 0 -23"><span class='ocrx_word' id='word_1_187' title='bbox 133 1610 251 1681; x_wconf 75' lang='grc' dir='ltr'><strong>εἰμί</strong></span> <span class='ocrx_word' id='word_1_188' title='bbox 445 1615 534 1662; x_wconf 80' lang='grc' dir='ltr'><strong><em>καὶ</em></strong></span> <span class='ocrx_word' id='word_1_189' title='bbox 577 1610 728 1663; x_wconf 77' lang='grc' dir='ltr'><strong><em>αὐτοὶ</em></strong></span> <span class='ocrx_word' id='word_1_190' title='bbox 773 1611 876 1664; x_wconf 80' lang='grc' dir='ltr'><strong><em>ὦσι</em></strong></span> <span class='ocrx_word' id='word_1_191' title='bbox 909 1612 1018 1682; x_wconf 80' lang='grc' dir='ltr'><strong><em>μετ’</em></strong></span> <span class='ocrx_word' id='word_1_192' title='bbox 1051 1610 1195 1684; x_wconf 74' lang='grc' dir='ltr'><strong><em>ἕμοῦ.</em></strong></span> <span class='ocrx_word' id='word_1_193' title='bbox 1227 1617 1328 1665; x_wconf 70' lang='grc' dir='ltr'><strong>Καὶ</strong></span> <span class='ocrx_word' id='word_1_194' title='bbox 1357 1613 1384 1664; x_wconf 90' lang='lat'><strong>6</strong></span> <span class='ocrx_word' id='word_1_195' title='bbox 1430 1613 1614 1684; x_wconf 73' lang='grc' dir='ltr'><strong><em>ἅρχων</em></strong></span> <span class='ocrx_word' id='word_1_196' title='bbox 1658 1618 1750 1662; x_wconf 83' lang='grc' dir='ltr'><strong>τοῦ</strong></span> 
     </span>
    </p>
   </div>
   <div class='ocr_carea' id='block_1_29' title="bbox 1865 1607 3511 1686">
    <p class='ocr_par' dir='ltr' id='par_1_29' title="bbox 1865 1607 3511 1686">
     <span class='ocr_line' id='line_1_29' title="bbox 1865 1607 3511 1686; baseline 0 -22"><span class='ocrx_word' id='word_1_197' title='bbox 1865 1607 1979 1664; x_wconf 83' lang='lat' dir='ltr'><strong>dat.</strong></span> <span class='ocrx_word' id='word_1_198' title='bbox 1996 1611 2114 1666; x_wconf 85' lang='lat' dir='ltr'><strong>Nos</strong></span> <span class='ocrx_word' id='word_1_199' title='bbox 2131 1625 2290 1676; x_wconf 85' lang='lat' dir='ltr'><strong>vero,</strong></span> <span class='ocrx_word' id='word_1_200' title='bbox 2306 1611 2622 1670; x_wconf 61' lang='lat' dir='ltr'><strong>hereditas</strong></span> <span class='ocrx_word' id='word_1_201' title='bbox 2636 1613 2758 1670; x_wconf 85' lang='lat' dir='ltr'><strong>veri</strong></span> <span class='ocrx_word' id='word_1_202' title='bbox 2778 1613 2877 1670; x_wconf 87' lang='lat' dir='ltr'><strong>Dei</strong></span> <span class='ocrx_word' id='word_1_203' title='bbox 2895 1612 3210 1686; x_wconf 85' lang='lat' dir='ltr'><strong>peculiaris</strong></span> <span class='ocrx_word' id='word_1_204' title='bbox 3231 1617 3287 1667; x_wconf 90' lang='lat' dir='ltr'><strong>et</strong></span> <span class='ocrx_word' id='word_1_205' title='bbox 3301 1609 3511 1677; x_wconf 87' lang='lat' dir='ltr'><strong>electa,</strong></span> 
     </span>
    </p>
   </div>
   <div class='ocr_carea' id='block_1_30' title="bbox 137 1697 1754 1775">
    <p class='ocr_par' dir='ltr' id='par_1_30' title="bbox 137 1698 1750 1775">
     <span class='ocr_line' id='line_1_30' title="bbox 137 1698 1750 1775; baseline -0.001 -25"><span class='ocrx_word' id='word_1_206' title='bbox 137 1703 370 1760; x_wconf 64' lang='grc' dir='ltr'><strong><em>σκότους</em></strong></span> <span class='ocrx_word' id='word_1_207' title='bbox 401 1701 530 1772; x_wconf 79' lang='grc' dir='ltr'><strong><em>μετά</em></strong></span> <span class='ocrx_word' id='word_1_208' title='bbox 574 1709 671 1762; x_wconf 83' lang='grc' dir='ltr'><strong><em>τῆς</em></strong></span> <span class='ocrx_word' id='word_1_209' title='bbox 711 1700 900 1764; x_wconf 80' lang='grc' dir='ltr'><strong><em>τάξεως</em></strong></span> <span class='ocrx_word' id='word_1_210' title='bbox 945 1700 1107 1753; x_wconf 75' lang='grc' dir='ltr'><strong><em>αὐτοῦ</em></strong></span> <span class='ocrx_word' id='word_1_211' title='bbox 1151 1705 1281 1775; x_wconf 89' lang='grc' dir='ltr'><strong><em>πρὸς</em></strong></span> <span class='ocrx_word' id='word_1_212' title='bbox 1317 1705 1402 1753; x_wconf 88' lang='grc' dir='ltr'><strong>τόν</strong></span> <span class='ocrx_word' id='word_1_213' title='bbox 1425 1698 1564 1753; x_wconf 88' lang='grc' dir='ltr'><strong><em>’ίδιον</em></strong></span> <span class='ocrx_word' id='word_1_214' title='bbox 1593 1704 1750 1752; x_wconf 87' lang='grc' dir='ltr'><strong><em>τόπον</em></strong></span> 
     </span>
    </p>
   </div>
   <div class='ocr_carea' id='block_1_31' title="bbox 1865 1697 3511 1775">
    <p class='ocr_par' dir='ltr' id='par_1_31' title="bbox 1865 1697 3511 1775">
     <span class='ocr_line' id='line_1_31' title="bbox 1865 1697 3511 1775; baseline 0 -23"><span class='ocrx_word' id='word_1_215' title='bbox 1865 1711 2046 1770; x_wconf 73' lang='lat' dir='ltr'><strong>quam</strong></span> <span class='ocrx_word' id='word_1_216' title='bbox 2070 1715 2245 1754; x_wconf 89' lang='lat' dir='ltr'><strong>cruce</strong></span> <span class='ocrx_word' id='word_1_217' title='bbox 2275 1700 2611 1772; x_wconf 83' lang='lat' dir='ltr'><strong>acquisivit,</strong></span> <span class='ocrx_word' id='word_1_218' title='bbox 2635 1703 3002 1775; x_wconf 87' lang='lat' dir='ltr'><strong>proprioque</strong></span> <span class='ocrx_word' id='word_1_219' title='bbox 3027 1701 3319 1770; x_wconf 79' lang='lat' dir='ltr'><strong>sanguine</strong></span> <span class='ocrx_word' id='word_1_220' title='bbox 3348 1697 3511 1765; x_wconf 86' lang='lat' dir='ltr'><strong>emit,</strong></span> 
     </span>
    </p>
   </div>
   <div class='ocr_carea' id='block_1_32' title="bbox 139 1784 1754 1864">
    <p class='ocr_par' dir='ltr' id='par_1_32' title="bbox 139 1785 1751 1864">
     <span class='ocr_line' id='line_1_32' title="bbox 139 1785 1751 1864; baseline 0.001 -25"><span class='ocrx_word' id='word_1_221' title='bbox 139 1789 619 1860; x_wconf 73' lang='grc' dir='ltr'><strong><em>συγκατερχίσθω.</em></strong></span> <span class='ocrx_word' id='word_1_222' title='bbox 675 1787 852 1861; x_wconf 76' lang='grc' dir='ltr'><strong><em>Ἡμεῖς</em></strong></span> <span class='ocrx_word' id='word_1_223' title='bbox 926 1785 1006 1856; x_wconf 69' lang='grc' dir='ltr'><strong>δι,</strong></span> <span class='ocrx_word' id='word_1_224' title='bbox 1064 1791 1095 1848; x_wconf 80' lang='grc' dir='ltr'><strong>ἠ</strong></span> <span class='ocrx_word' id='word_1_225' title='bbox 1146 1789 1464 1862; x_wconf 76' lang='grc' dir='ltr'><strong>κληρονομία</strong></span> <span class='ocrx_word' id='word_1_226' title='bbox 1513 1788 1751 1864; x_wconf 77' lang='grc' dir='ltr'><strong><em>Χριστοῦ</em></strong></span> 
     </span>
    </p>
   </div>
   <div class='ocr_carea' id='block_1_33' title="bbox 1865 1784 3510 1864">
    <p class='ocr_par' dir='ltr' id='par_1_33' title="bbox 1865 1784 3510 1862">
     <span class='ocr_line' id='line_1_33' title="bbox 1865 1784 3510 1862; baseline 0.001 -22"><span class='ocrx_word' id='word_1_227' title='bbox 1865 1784 2065 1841; x_wconf 78' lang='lat' dir='ltr'><strong>adeste</strong></span> <span class='ocrx_word' id='word_1_228' title='bbox 2085 1787 2430 1856; x_wconf 82' lang='lat' dir='ltr'><strong>adoremus,</strong></span> <span class='ocrx_word' id='word_1_229' title='bbox 2461 1795 2518 1845; x_wconf 88' lang='lat' dir='ltr'><strong>et</strong></span> <span class='ocrx_word' id='word_1_230' title='bbox 2539 1790 2904 1847; x_wconf 83' lang='lat' dir='ltr'><strong>accedamus</strong></span> <span class='ocrx_word' id='word_1_231' title='bbox 2923 1789 3003 1846; x_wconf 89' lang='lat' dir='ltr'><strong>ad</strong></span> <span class='ocrx_word' id='word_1_232' title='bbox 3023 1788 3220 1862; x_wconf 84' lang='lat' dir='ltr'><strong>ipsam</strong></span> <span class='ocrx_word' id='word_1_233' title='bbox 3248 1800 3510 1853; x_wconf 87' lang='lat' dir='ltr'><strong>crucem,</strong></span> 
     </span>
    </p>
   </div>
   <div class='ocr_carea' id='block_1_34' title="bbox 134 1874 1754 1952">
    <p class='ocr_par' dir='ltr' id='par_1_34' title="bbox 134 1875 1751 1952">
     <span class='ocr_line' id='line_1_34' title="bbox 134 1875 1751 1952; baseline 0.001 -24"><span class='ocrx_word' id='word_1_234' title='bbox 134 1885 229 1929; x_wconf 85' lang='grc' dir='ltr'><strong>τοῦ</strong></span> <span class='ocrx_word' id='word_1_235' title='bbox 283 1877 537 1934; x_wconf 88' lang='grc' dir='ltr'><strong><em>αληθινοῦ</em></strong></span> <span class='ocrx_word' id='word_1_236' title='bbox 583 1884 719 1930; x_wconf 91' lang='grc' dir='ltr'><strong><em>Θεοῦ</em></strong></span> <span class='ocrx_word' id='word_1_237' title='bbox 766 1879 796 1929; x_wconf 81' lang='grc' dir='ltr'><strong>ῦ</strong></span> <span class='ocrx_word' id='word_1_238' title='bbox 843 1881 1162 1952; x_wconf 74' lang='grc' dir='ltr'><strong><em>περιούσιος,</em></strong></span> <span class='ocrx_word' id='word_1_239' title='bbox 1209 1879 1271 1938; x_wconf 79' lang='grc' dir='ltr'><strong><em>ἣν</em></strong></span> <span class='ocrx_word' id='word_1_240' title='bbox 1318 1875 1413 1932; x_wconf 77' lang='grc' dir='ltr'><strong><em>διὰ</em></strong></span> <span class='ocrx_word' id='word_1_241' title='bbox 1458 1885 1550 1931; x_wconf 91' lang='grc' dir='ltr'><strong>τοῦ</strong></span> <span class='ocrx_word' id='word_1_242' title='bbox 1598 1896 1751 1930; x_wconf 79' lang='grc' dir='ltr'><strong><em>σταυ-</em></strong></span> 
     </span>
    </p>
   </div>
   <div class='ocr_carea' id='block_1_35' title="bbox 1865 1874 3514 1952">
    <p class='ocr_par' dir='ltr' id='par_1_35' title="bbox 1865 1874 3514 1951">
     <span class='ocr_line' id='line_1_35' title="bbox 1865 1874 3514 1951; baseline 0.001 -21"><span class='ocrx_word' id='word_1_243' title='bbox 1865 1879 1916 1931; x_wconf 84' lang='lat' dir='ltr'><strong>st</strong></span> <span class='ocrx_word' id='word_1_244' title='bbox 1943 1875 2046 1946; x_wconf 89' lang='lat' dir='ltr'><strong>qui</strong></span> <span class='ocrx_word' id='word_1_245' title='bbox 2079 1875 2243 1932; x_wconf 87' lang='lat' dir='ltr'><strong>varia</strong></span> <span class='ocrx_word' id='word_1_246' title='bbox 2277 1876 2357 1932; x_wconf 89' lang='lat' dir='ltr'><strong>ab</strong></span> <span class='ocrx_word' id='word_1_247' title='bbox 2388 1876 2490 1933; x_wconf 91' lang='lat' dir='ltr'><strong>illa</strong></span> <span class='ocrx_word' id='word_1_248' title='bbox 2544 1877 2840 1934; x_wconf 84' lang='lat' dir='ltr'><strong>beneﬁcia</strong></span> <span class='ocrx_word' id='word_1_249' title='bbox 2903 1878 3271 1951; x_wconf 75' lang='lat' dir='ltr'><strong>accepimus,</strong></span> <span class='ocrx_word' id='word_1_250' title='bbox 3332 1874 3514 1932; x_wconf 78' lang='lat' dir='ltr'><strong>variis</strong></span> 
     </span>
    </p>
   </div>
   <div class='ocr_carea' id='block_1_36' title="bbox 135 1961 1754 2041">
    <p class='ocr_par' dir='ltr' id='par_1_36' title="bbox 135 1963 1750 2041">
     <span class='ocr_line' id='line_1_36' title="bbox 135 1963 1750 2041; baseline 0.001 -24"><span class='ocrx_word' id='word_1_251' title='bbox 135 1974 236 2037; x_wconf 89' lang='grc' dir='ltr'><strong>ροῦ</strong></span> <span class='ocrx_word' id='word_1_252' title='bbox 271 1971 705 2040; x_wconf 77' lang='grc' dir='ltr'><strong><em>περιεποιήσατο,</em></strong></span> <span class='ocrx_word' id='word_1_253' title='bbox 751 1972 841 2020; x_wconf 79' lang='grc' dir='ltr'><strong><em>καὶ</em></strong></span> <span class='ocrx_word' id='word_1_254' title='bbox 883 1974 959 2037; x_wconf 81' lang='grc' dir='ltr'><strong>τῷ</strong></span> <span class='ocrx_word' id='word_1_255' title='bbox 1015 1963 1136 2039; x_wconf 79' lang='grc' dir='ltr'><strong><em>ἰδίῳ</em></strong></span> <span class='ocrx_word' id='word_1_256' title='bbox 1185 1966 1495 2041; x_wconf 72' lang='grc' dir='ltr'><strong><em>ἐξηγόρασεν</em></strong></span> <span class='ocrx_word' id='word_1_257' title='bbox 1539 1970 1750 2039; x_wconf 75' lang='grc' dir='ltr'><strong><em>αἵματι,</em></strong></span> 
     </span>
    </p>
   </div>
   <div class='ocr_carea' id='block_1_37' title="bbox 1865 1961 3512 2041">
    <p class='ocr_par' dir='ltr' id='par_1_37' title="bbox 1865 1961 3512 2024">
     <span class='ocr_line' id='line_1_37' title="bbox 1865 1961 3512 2024; baseline -0.001 -6"><span class='ocrx_word' id='word_1_258' title='bbox 1865 1961 2063 2020; x_wconf 88' lang='lat' dir='ltr'><strong>itidem</strong></span> <span class='ocrx_word' id='word_1_259' title='bbox 2084 1963 2430 2024; x_wconf 87' lang='lat' dir='ltr'><strong>nominihu</strong></span> <span class='ocrx_word' id='word_1_260' title='bbox 2450 1965 2730 2022; x_wconf 86' lang='lat' dir='ltr'><strong>eamdem</strong></span> <span class='ocrx_word' id='word_1_261' title='bbox 2754 1965 3146 2023; x_wconf 79' lang='lat' dir='ltr'><strong>celebremus.</strong></span> <span class='ocrx_word' id='word_1_262' title='bbox 3203 1965 3512 2020; x_wconf 90' lang='lat' dir='ltr'><strong>Thronum</strong></span> 
     </span>
    </p>
   </div>
   <div class='ocr_carea' id='block_1_38' title="bbox 137 2049 1754 2129">
    <p class='ocr_par' dir='ltr' id='par_1_38' title="bbox 137 2049 1753 2129">
     <span class='ocr_line' id='line_1_38' title="bbox 137 2049 1753 2129; baseline 0.001 -23"><span class='ocrx_word' id='word_1_263' title='bbox 137 2049 299 2106; x_wconf 82' lang='grc' dir='ltr'><strong><em>δεῦτε</em></strong></span> <span class='ocrx_word' id='word_1_264' title='bbox 353 2072 824 2128; x_wconf 72' lang='grc' dir='ltr'><strong><em>προσκυνωσωμεν,</em></strong></span> <span class='ocrx_word' id='word_1_265' title='bbox 882 2061 975 2109; x_wconf 78' lang='grc' dir='ltr'><strong><em>καὶ</em></strong></span> <span class='ocrx_word' id='word_1_266' title='bbox 1036 2062 1412 2129; x_wconf 77' lang='grc' dir='ltr'><strong><em>προσπίσωμεν</em></strong></span> <span class='ocrx_word' id='word_1_267' title='bbox 1463 2056 1624 2108; x_wconf 80' lang='grc' dir='ltr'><strong><em>αὐτοῦ</em></strong></span> <span class='ocrx_word' id='word_1_268' title='bbox 1679 2063 1753 2126; x_wconf 76' lang='grc' dir='ltr'><strong>τῷ</strong></span> 
     </span>
    </p>
   </div>
   <div class='ocr_carea' id='block_1_39' title="bbox 1865 2049 3514 2129">
    <p class='ocr_par' dir='ltr' id='par_1_39' title="bbox 1865 2049 3514 2127">
     <span class='ocr_line' id='line_1_39' title="bbox 1865 2049 3514 2127; baseline 0.001 -21"><span class='ocrx_word' id='word_1_269' title='bbox 1865 2049 2023 2108; x_wconf 82' lang='lat' dir='ltr'><strong>illam</strong></span> <span class='ocrx_word' id='word_1_270' title='bbox 2055 2052 2156 2108; x_wconf 89' lang='lat' dir='ltr'><strong>Dei</strong></span> <span class='ocrx_word' id='word_1_271' title='bbox 2183 2053 2588 2122; x_wconf 86' lang='lat' dir='ltr'><strong>nominemus,</strong></span> <span class='ocrx_word' id='word_1_272' title='bbox 2619 2055 2678 2110; x_wconf 90' lang='lat' dir='ltr'><strong>in</strong></span> <span class='ocrx_word' id='word_1_273' title='bbox 2707 2069 2890 2127; x_wconf 87' lang='lat' dir='ltr'><strong>quem</strong></span> <span class='ocrx_word' id='word_1_274' title='bbox 2920 2054 3254 2110; x_wconf 88' lang='lat' dir='ltr'><strong>ascendens</strong></span> <span class='ocrx_word' id='word_1_275' title='bbox 3281 2050 3514 2108; x_wconf 87' lang='lat' dir='ltr'><strong>mundo</strong></span> 
     </span>
    </p>
   </div>
   <div class='ocr_carea' id='block_1_40' title="bbox 139 2140 1754 2220">
    <p class='ocr_par' dir='ltr' id='par_1_40' title="bbox 139 2141 1752 2220">
     <span class='ocr_line' id='line_1_40' title="bbox 139 2141 1752 2220; baseline 0.001 -26"><span class='ocrx_word' id='word_1_276' title='bbox 139 2150 387 2213; x_wconf 76' lang='grc' dir='ltr'><strong><em>σταυρῷ,</em></strong></span> <span class='ocrx_word' id='word_1_277' title='bbox 472 2149 563 2196; x_wconf 76' lang='grc' dir='ltr'><strong><em>καὶ</em></strong></span> <span class='ocrx_word' id='word_1_278' title='bbox 646 2146 696 2196; x_wconf 82' lang='grc' dir='ltr'><strong><em>οἱ</em></strong></span> <span class='ocrx_word' id='word_1_279' title='bbox 768 2143 1104 2218; x_wconf 80' lang='grc' dir='ltr'><strong><em>πολυτρόπως</em></strong></span> <span class='ocrx_word' id='word_1_280' title='bbox 1182 2145 1595 2220; x_wconf 68' lang='grc' dir='ltr'><strong><em>εὐεργετηθέντες</em></strong></span> <span class='ocrx_word' id='word_1_281' title='bbox 1676 2141 1752 2197; x_wconf 82' lang='grc' dir='ltr'><strong><em>δι’</em></strong></span> 
     </span>
    </p>
   </div>
   <div class='ocr_carea' id='block_1_41' title="bbox 1865 2140 3512 2220">
    <p class='ocr_par' dir='ltr' id='par_1_41' title="bbox 1865 2140 3512 2214">
     <span class='ocr_line' id='line_1_41' title="bbox 1865 2140 3512 2214; baseline 0 -19"><span class='ocrx_word' id='word_1_282' title='bbox 1865 2140 2190 2212; x_wconf 86' lang='lat' dir='ltr'><strong>mundique</strong></span> <span class='ocrx_word' id='word_1_283' title='bbox 2229 2146 2487 2214; x_wconf 87' lang='lat' dir='ltr'><strong>tyranno</strong></span> <span class='ocrx_word' id='word_1_284' title='bbox 2509 2142 2807 2214; x_wconf 85' lang='lat' dir='ltr'><strong>judicium</strong></span> <span class='ocrx_word' id='word_1_285' title='bbox 2845 2142 3077 2211; x_wconf 85' lang='lat' dir='ltr'><strong>indixit,</strong></span> <span class='ocrx_word' id='word_1_286' title='bbox 3113 2146 3173 2198; x_wconf 86' lang='lat' dir='ltr'><strong>et</strong></span> <span class='ocrx_word' id='word_1_287' title='bbox 3211 2141 3512 2198; x_wconf 86' lang='lat' dir='ltr'><strong>mundum</strong></span> 
     </span>
    </p>
   </div>
   <div class='ocr_carea' id='block_1_42' title="bbox 138 2228 1754 2306">
    <p class='ocr_par' dir='ltr' id='par_1_42' title="bbox 138 2230 1751 2306">
     <span class='ocr_line' id='line_1_42' title="bbox 138 2230 1751 2306; baseline -0.001 -22"><span class='ocrx_word' id='word_1_288' title='bbox 138 2231 308 2284; x_wconf 73' lang='grc' dir='ltr'><strong><em>αὐτοῦ</em></strong></span> <span class='ocrx_word' id='word_1_289' title='bbox 383 2230 733 2304; x_wconf 82' lang='grc' dir='ltr'><strong><em>πολυωνῦμως</em></strong></span> <span class='ocrx_word' id='word_1_290' title='bbox 807 2240 988 2285; x_wconf 89' lang='grc' dir='ltr'><strong><em>τοῦτον</em></strong></span> <span class='ocrx_word' id='word_1_291' title='bbox 1065 2235 1494 2305; x_wconf 67' lang='grc' dir='ltr'><strong><em>ἂγκωμιάσωμεν,</em></strong></span> <span class='ocrx_word' id='word_1_292' title='bbox 1573 2234 1751 2306; x_wconf 87' lang='grc' dir='ltr'><strong><em>θρόνον</em></strong></span> 
     </span>
    </p>
   </div>
   <div class='ocr_carea' id='block_1_43' title="bbox 1865 2228 3512 2306">
    <p class='ocr_par' dir='ltr' id='par_1_43' title="bbox 1865 2228 3512 2302">
     <span class='ocr_line' id='line_1_43' title="bbox 1865 2228 3512 2302; baseline 0 -18"><span class='ocrx_word' id='word_1_293' title='bbox 1865 2228 2104 2300; x_wconf 79' lang='lat' dir='ltr'><strong>quidem</strong></span> <span class='ocrx_word' id='word_1_294' title='bbox 2129 2245 2197 2287; x_wconf 83' lang='lat' dir='ltr'><strong>ex</strong></span> <span class='ocrx_word' id='word_1_295' title='bbox 2219 2232 2539 2302; x_wconf 78' lang='lat' dir='ltr'><strong>tyrannide</strong></span> <span class='ocrx_word' id='word_1_296' title='bbox 2558 2231 2834 2290; x_wconf 83' lang='lat' dir='ltr'><strong>liberavit</strong></span> <span class='ocrx_word' id='word_1_297' title='bbox 2851 2236 2909 2289; x_wconf 89' lang='lat' dir='ltr'><strong>et</strong></span> <span class='ocrx_word' id='word_1_298' title='bbox 2943 2229 3512 2296; x_wconf 86' lang='lat' dir='ltr'><strong>servavit,condem-</strong></span> 
     </span>
    </p>
   </div>
   <div class='ocr_carea' id='block_1_44' title="bbox 137 2318 1754 2394">
    <p class='ocr_par' dir='ltr' id='par_1_44' title="bbox 137 2319 1747 2394">
     <span class='ocr_line' id='line_1_44' title="bbox 137 2319 1747 2394; baseline 0.001 -22"><span class='ocrx_word' id='word_1_299' title='bbox 137 2319 377 2390; x_wconf 71' lang='grc' dir='ltr'><strong><em>λέγοντες</em></strong></span> <span class='ocrx_word' id='word_1_300' title='bbox 435 2319 591 2374; x_wconf 74' lang='grc' dir='ltr'><strong><em>αὐτόν</em></strong></span> <span class='ocrx_word' id='word_1_301' title='bbox 648 2328 741 2374; x_wconf 87' lang='grc' dir='ltr'><strong>τοῦ</strong></span> <span class='ocrx_word' id='word_1_302' title='bbox 789 2329 946 2388; x_wconf 88' lang='grc' dir='ltr'><strong><em>Θεοῦ,</em></strong></span> <span class='ocrx_word' id='word_1_303' title='bbox 997 2321 1047 2374; x_wconf 77' lang='grc' dir='ltr'><strong><em>ἕν</em></strong></span> <span class='ocrx_word' id='word_1_304' title='bbox 1174 2321 1370 2386; x_wconf 80' lang='grc' dir='ltr'><strong><em>ἀναϐὰς</em></strong></span> <span class='ocrx_word' id='word_1_305' title='bbox 1419 2331 1492 2392; x_wconf 83' lang='grc' dir='ltr'><strong>τῷ</strong></span> <span class='ocrx_word' id='word_1_306' title='bbox 1544 2326 1747 2394; x_wconf 71' lang='grc' dir='ltr'><strong><em>κόσμῳ,</em></strong></span> 
     </span>
    </p>
   </div>
   <div class='ocr_carea' id='block_1_45' title="bbox 1865 2318 3510 2394">
    <p class='ocr_par' dir='ltr' id='par_1_45' title="bbox 1865 2318 3510 2392">
     <span class='ocr_line' id='line_1_45' title="bbox 1865 2318 3510 2392; baseline -0.002 -18"><span class='ocrx_word' id='word_1_307' title='bbox 1865 2321 2068 2374; x_wconf 82' lang='lat' dir='ltr'><strong>natum</strong></span> <span class='ocrx_word' id='word_1_308' title='bbox 2085 2333 2231 2374; x_wconf 88' lang='lat' dir='ltr'><strong>vero</strong></span> <span class='ocrx_word' id='word_1_309' title='bbox 2246 2324 2303 2374; x_wconf 84' lang='lat' dir='ltr'><strong>et</strong></span> <span class='ocrx_word' id='word_1_310' title='bbox 2315 2319 2635 2376; x_wconf 82' lang='lat' dir='ltr'><strong>confusum</strong></span> <span class='ocrx_word' id='word_1_311' title='bbox 2646 2321 2968 2392; x_wconf 85' lang='lat' dir='ltr'><strong>ejecitcum</strong></span> <span class='ocrx_word' id='word_1_312' title='bbox 2987 2318 3338 2376; x_wconf 83' lang='lat' dir='ltr'><strong>satellitibus</strong></span> <span class='ocrx_word' id='word_1_313' title='bbox 3365 2318 3510 2372; x_wconf 87' lang='lat' dir='ltr'><strong>suis.</strong></span> 
     </span>
    </p>
   </div>
   <div class='ocr_carea' id='block_1_46' title="bbox 136 2405 1754 2485">
    <p class='ocr_par' dir='ltr' id='par_1_46' title="bbox 136 2411 1750 2485">
     <span class='ocr_line' id='line_1_46' title="bbox 136 2411 1750 2485; baseline 0.001 -26"><span class='ocrx_word' id='word_1_314' title='bbox 136 2412 228 2460; x_wconf 76' lang='grc' dir='ltr'><strong><em>καὶ</em></strong></span> <span class='ocrx_word' id='word_1_315' title='bbox 284 2411 348 2460; x_wconf 88' lang='grc' dir='ltr'><strong>τὸ</strong></span> <span class='ocrx_word' id='word_1_316' title='bbox 413 2412 615 2480; x_wconf 75' lang='grc' dir='ltr'><strong><em>κόσμου</em></strong></span> <span class='ocrx_word' id='word_1_317' title='bbox 677 2412 907 2482; x_wconf 80' lang='grc' dir='ltr'><strong><em>τυράννῳ</em></strong></span> <span class='ocrx_word' id='word_1_318' title='bbox 967 2415 1143 2485; x_wconf 79' lang='grc' dir='ltr'><strong><em>κρίσιν</em></strong></span> <span class='ocrx_word' id='word_1_319' title='bbox 1197 2415 1469 2469; x_wconf 78' lang='grc' dir='ltr'><strong><em>πεποίηκε’</em></strong></span> <span class='ocrx_word' id='word_1_320' title='bbox 1527 2415 1618 2462; x_wconf 74' lang='grc' dir='ltr'><strong><em>καὶ</em></strong></span> <span class='ocrx_word' id='word_1_321' title='bbox 1663 2412 1750 2462; x_wconf 85' lang='grc' dir='ltr'><strong>τόν</strong></span> 
     </span>
    </p>
   </div>
   <div class='ocr_carea' id='block_1_47' title="bbox 1865 2405 3512 2485">
    <p class='ocr_par' dir='ltr' id='par_1_47' title="bbox 1865 2405 3512 2476">
     <span class='ocr_line' id='line_1_47' title="bbox 1865 2405 3512 2476; baseline 0.002 -16"><span class='ocrx_word' id='word_1_322' title='bbox 1865 2409 1914 2462; x_wconf 80' lang='lat' dir='ltr'><strong>et</strong></span> <span class='ocrx_word' id='word_1_323' title='bbox 1943 2406 2217 2474; x_wconf 76' lang='lat' dir='ltr'><strong>deposuit</strong></span> <span class='ocrx_word' id='word_1_324' title='bbox 2239 2412 2503 2476; x_wconf 81' lang='lat' dir='ltr'><strong>potentes</strong></span> <span class='ocrx_word' id='word_1_325' title='bbox 2518 2409 2591 2466; x_wconf 76' lang='lat' dir='ltr'><strong>de</strong></span> <span class='ocrx_word' id='word_1_326' title='bbox 2603 2409 2759 2471; x_wconf 79' lang='lat' dir='ltr'><strong>sede.</strong></span> <span class='ocrx_word' id='word_1_327' title='bbox 2781 2415 2836 2466; x_wconf 85' lang='lat' dir='ltr'><strong>et</strong></span> <span class='ocrx_word' id='word_1_328' title='bbox 2852 2410 3146 2466; x_wconf 70' lang='lat' dir='ltr'><strong>exultavit</strong></span> <span class='ocrx_word' id='word_1_329' title='bbox 3179 2405 3512 2464; x_wconf 70' lang='lat' dir='ltr'><strong>humiles“.</strong></span> 
     </span>
    </p>
   </div>
   <div class='ocr_carea' id='block_1_48' title="bbox 137 2494 3516 2573">
    <p class='ocr_par' dir='ltr' id='par_1_48' title="bbox 137 2494 3516 2573">
     <span class='ocr_line' id='line_1_48' title="bbox 137 2494 3516 2573; baseline -0 -25"><span class='ocrx_word' id='word_1_330' title='bbox 137 2499 232 2567; x_wconf 75' lang='grc' dir='ltr'><strong><em>μεν</em></strong></span> <span class='ocrx_word' id='word_1_331' title='bbox 272 2501 478 2568; x_wconf 80' lang='grc' dir='ltr'><strong><em>κόσμον</em></strong></span> <span class='ocrx_word' id='word_1_332' title='bbox 507 2505 606 2559; x_wconf 78' lang='grc' dir='ltr'><strong><em>τῆς</em></strong></span> <span class='ocrx_word' id='word_1_333' title='bbox 639 2495 949 2573; x_wconf 80' lang='grc' dir='ltr'><strong><em>τυραννίδος</em></strong></span> <span class='ocrx_word' id='word_1_334' title='bbox 975 2497 1237 2562; x_wconf 74' lang='grc' dir='ltr'><strong><em>ἀπήλλαξε</em></strong></span> <span class='ocrx_word' id='word_1_335' title='bbox 1267 2504 1356 2552; x_wconf 82' lang='grc' dir='ltr'><strong><em>καὶ</em></strong></span> <span class='ocrx_word' id='word_1_336' title='bbox 1379 2496 1623 2564; x_wconf 80' lang='grc' dir='ltr'><strong><em>διέσωσε,</em></strong></span> <span class='ocrx_word' id='word_1_337' title='bbox 1654 2501 1742 2550; x_wconf 84' lang='grc' dir='ltr'><strong>τόν</strong></span> <span class='ocrx_word' id='word_1_338' title='bbox 1772 2494 1832 2551; x_wconf 67' lang='grc' dir='ltr'><strong>δί</strong></span> <span class='ocrx_word' id='word_1_339' title='bbox 1860 2500 2288 2568; x_wconf 69' lang='grc' dir='ltr'><strong><em>κατακεκριμένον</em></strong></span> <span class='ocrx_word' id='word_1_340' title='bbox 2327 2502 2416 2550; x_wconf 77' lang='grc' dir='ltr'><strong><em>καὶ</em></strong></span> <span class='ocrx_word' id='word_1_341' title='bbox 2445 2502 2909 2572; x_wconf 74' lang='grc' dir='ltr'><strong><em>κατησχυμμίνον,</em></strong></span> <span class='ocrx_word' id='word_1_342' title='bbox 2937 2499 3032 2561; x_wconf 74' lang='grc' dir='ltr'><strong>ἔξω</strong></span> <span class='ocrx_word' id='word_1_343' title='bbox 3059 2495 3336 2555; x_wconf 70' lang='grc' dir='ltr'><strong><em>ἐκϐέϐληκε</em></strong></span> <span class='ocrx_word' id='word_1_344' title='bbox 3385 2497 3516 2567; x_wconf 77' lang='grc' dir='ltr'><strong><em>μετὰ</em></strong></span> 
     </span>
    </p>
   </div>
   <div class='ocr_carea' id='block_1_49' title="bbox 137 2582 2444 2662">
    <p class='ocr_par' dir='ltr' id='par_1_49' title="bbox 137 2582 2444 2662">
     <span class='ocr_line' id='line_1_49' title="bbox 137 2582 2444 2662; baseline 0.002 -25"><span class='ocrx_word' id='word_1_345' title='bbox 137 2594 241 2637; x_wconf 80' lang='grc' dir='ltr'><strong>τῶν</strong></span> <span class='ocrx_word' id='word_1_346' title='bbox 275 2582 585 2659; x_wconf 67' lang='grc' dir='ltr'><strong><em>δορυφόρων</em></strong></span> <span class='ocrx_word' id='word_1_347' title='bbox 605 2587 788 2654; x_wconf 72' lang='grc' dir='ltr'><strong><em>αὐτοῦ,</em></strong></span> <span class='ocrx_word' id='word_1_348' title='bbox 815 2593 906 2641; x_wconf 77' lang='grc' dir='ltr'><strong><em>καὶ</em></strong></span> <span class='ocrx_word' id='word_1_349' title='bbox 930 2589 1146 2642; x_wconf 85' lang='grc' dir='ltr'><strong><em>καθεῖλα</em></strong></span> <span class='ocrx_word' id='word_1_350' title='bbox 1174 2585 1435 2649; x_wconf 75' lang='grc' dir='ltr'><strong><em>δυνάστας</em></strong></span> <span class='ocrx_word' id='word_1_351' title='bbox 1471 2588 1575 2640; x_wconf 81' lang='grc' dir='ltr'><strong>ἀπὸ</strong></span> <span class='ocrx_word' id='word_1_352' title='bbox 1606 2590 1810 2662; x_wconf 78' lang='grc' dir='ltr'><strong><em>θρόνου,</em></strong></span> <span class='ocrx_word' id='word_1_353' title='bbox 1842 2589 1932 2638; x_wconf 81' lang='grc' dir='ltr'><strong><em>καὶ</em></strong></span> <span class='ocrx_word' id='word_1_354' title='bbox 1960 2582 2140 2654; x_wconf 70' lang='grc' dir='ltr'><strong><em>ὕψωσε</em></strong></span> <span class='ocrx_word' id='word_1_355' title='bbox 2165 2589 2444 2648; x_wconf 81' lang='grc' dir='ltr'><strong><em>τακεινούς.</em></strong></span> 
     </span>
    </p>
   </div>
   <div class='ocr_carea' id='block_1_50' title="bbox 215 2671 1754 2749">
    <p class='ocr_par' dir='ltr' id='par_1_50' title="bbox 215 2671 1749 2746">
     <span class='ocr_line' id='line_1_50' title="bbox 215 2671 1749 2746; baseline 0 -18"><span class='ocrx_word' id='word_1_356' title='bbox 215 2679 326 2728; x_wconf 76' lang='grc' dir='ltr'><strong>Καὶ</strong></span> <span class='ocrx_word' id='word_1_357' title='bbox 373 2675 400 2726; x_wconf 88' lang='lat'><strong>6</strong></span> <span class='ocrx_word' id='word_1_358' title='bbox 445 2678 534 2746; x_wconf 66' lang='lat' dir='ltr'><strong>ph</strong></span> <span class='ocrx_word' id='word_1_359' title='bbox 583 2671 620 2729; x_wconf 95' lang='grc' dir='ltr'><strong>δ</strong></span> <span class='ocrx_word' id='word_1_360' title='bbox 625 2675 846 2746; x_wconf 81' lang='grc' dir='ltr'><strong><em>ιοὲϐολος,</em></strong></span> <span class='ocrx_word' id='word_1_361' title='bbox 886 2685 982 2738; x_wconf 78' lang='grc' dir='ltr'><strong><em>τῆς</em></strong></span> <span class='ocrx_word' id='word_1_362' title='bbox 1019 2676 1182 2730; x_wconf 75' lang='grc' dir='ltr'><strong><em>πάλαι</em></strong></span> <span class='ocrx_word' id='word_1_363' title='bbox 1246 2673 1408 2741; x_wconf 78' lang='grc' dir='ltr'><strong><em>δόξης</em></strong></span> <span class='ocrx_word' id='word_1_364' title='bbox 1461 2676 1749 2730; x_wconf 81' lang='grc' dir='ltr'><strong><em>ἀπωπεσὼν</em></strong></span> 
     </span>
    </p>
   </div>
   <div class='ocr_carea' id='block_1_51' title="bbox 1865 2671 3516 2749">
    <p class='ocr_par' dir='ltr' id='par_1_51' title="bbox 1927 2671 3516 2749">
     <span class='ocr_line' id='line_1_51' title="bbox 1927 2671 3516 2749; baseline -0.001 -20"><span class='ocrx_word' id='word_1_365' title='bbox 1927 2675 1993 2729; x_wconf 80' lang='lat' dir='ltr'><strong>Et</strong></span> <span class='ocrx_word' id='word_1_366' title='bbox 2017 2672 2300 2730; x_wconf 85' lang='lat' dir='ltr'><strong>diabolus</strong></span> <span class='ocrx_word' id='word_1_367' title='bbox 2321 2675 2570 2748; x_wconf 88' lang='lat' dir='ltr'><strong>quidem</strong></span> <span class='ocrx_word' id='word_1_368' title='bbox 2599 2691 2673 2732; x_wconf 81' lang='lat' dir='ltr'><strong>ex</strong></span> <span class='ocrx_word' id='word_1_369' title='bbox 2717 2677 2970 2749; x_wconf 86' lang='lat' dir='ltr'><strong>antiqua</strong></span> <span class='ocrx_word' id='word_1_370' title='bbox 3033 2674 3227 2747; x_wconf 87' lang='lat' dir='ltr'><strong>gloria</strong></span> <span class='ocrx_word' id='word_1_371' title='bbox 3275 2671 3516 2740; x_wconf 79' lang='lat' dir='ltr'><strong>excidit,</strong></span> 
     </span>
    </p>
   </div>
   <div class='ocr_carea' id='block_1_52' title="bbox 141 2758 1754 2840">
    <p class='ocr_par' dir='ltr' id='par_1_52' title="bbox 141 2758 1748 2840">
     <span class='ocr_line' id='line_1_52' title="bbox 141 2758 1748 2840; baseline 0.002 -26"><span class='ocrx_word' id='word_1_372' title='bbox 141 2758 238 2814; x_wconf 81' lang='grc' dir='ltr'><strong><em>διὰ</em></strong></span> <span class='ocrx_word' id='word_1_373' title='bbox 285 2768 386 2820; x_wconf 78' lang='grc' dir='ltr'><strong>την</strong></span> <span class='ocrx_word' id='word_1_374' title='bbox 435 2765 654 2838; x_wconf 80' lang='grc' dir='ltr'><strong><em>ἔπαρσιν</em></strong></span> <span class='ocrx_word' id='word_1_375' title='bbox 697 2764 751 2828; x_wconf 84' lang='grc' dir='ltr'><strong>ἐξ</strong></span> <span class='ocrx_word' id='word_1_376' title='bbox 797 2765 1019 2840; x_wconf 80' lang='grc' dir='ltr'><strong><em>οὐρανοῦ</em></strong></span> <span class='ocrx_word' id='word_1_377' title='bbox 1071 2765 1155 2818; x_wconf 70' lang='grc' dir='ltr'><strong>ἐπὶ</strong></span> <span class='ocrx_word' id='word_1_378' title='bbox 1205 2769 1298 2829; x_wconf 80' lang='grc' dir='ltr'><strong><em>τὰς</em></strong></span> <span class='ocrx_word' id='word_1_379' title='bbox 1353 2766 1579 2839; x_wconf 75' lang='grc' dir='ltr'><strong><em>νεφελας,</em></strong></span> <span class='ocrx_word' id='word_1_380' title='bbox 1637 2765 1748 2818; x_wconf 82' lang='grc' dir='ltr'><strong><em>κατ’</em></strong></span> 
     </span>
    </p>
   </div>
   <div class='ocr_carea' id='block_1_53' title="bbox 1865 2758 3519 2840">
    <p class='ocr_par' dir='ltr' id='par_1_53' title="bbox 1865 2761 3519 2838">
     <span class='ocr_line' id='line_1_53' title="bbox 1865 2761 3519 2838; baseline 0.001 -22"><span class='ocrx_word' id='word_1_381' title='bbox 1865 2775 1928 2816; x_wconf 81' lang='lat' dir='ltr'><strong>eo</strong></span> <span class='ocrx_word' id='word_1_382' title='bbox 1955 2762 2116 2834; x_wconf 88' lang='lat' dir='ltr'><strong>quod</strong></span> <span class='ocrx_word' id='word_1_383' title='bbox 2147 2778 2220 2818; x_wconf 80' lang='lat' dir='ltr'><strong>ex</strong></span> <span class='ocrx_word' id='word_1_384' title='bbox 2249 2763 2400 2820; x_wconf 63' lang='lat' dir='ltr'><strong>coelo</strong></span> <span class='ocrx_word' id='word_1_385' title='bbox 2433 2780 2617 2838; x_wconf 88' lang='lat' dir='ltr'><strong>supra</strong></span> <span class='ocrx_word' id='word_1_386' title='bbox 2648 2765 2842 2822; x_wconf 90' lang='lat' dir='ltr'><strong>nubes</strong></span> <span class='ocrx_word' id='word_1_387' title='bbox 2867 2781 2998 2822; x_wconf 89' lang='lat' dir='ltr'><strong>sese</strong></span> <span class='ocrx_word' id='word_1_388' title='bbox 3020 2764 3339 2822; x_wconf 83' lang='lat' dir='ltr'><strong>sublevare</strong></span> <span class='ocrx_word' id='word_1_389' title='bbox 3356 2761 3519 2831; x_wconf 86' lang='lat' dir='ltr'><strong>cogi-</strong></span> 
     </span>
    </p>
   </div>
   <div class='ocr_carea' id='block_1_54' title="bbox 140 2848 1754 2930">
    <p class='ocr_par' dir='ltr' id='par_1_54' title="bbox 140 2848 1752 2930">
     <span class='ocr_line' id='line_1_54' title="bbox 140 2848 1752 2930; baseline 0.002 -27"><span class='ocrx_word' id='word_1_390' title='bbox 140 2848 516 2924; x_wconf 79' lang='grc' dir='ltr'><strong><em>ἀναποδισμόν</em></strong></span> <span class='ocrx_word' id='word_1_391' title='bbox 590 2855 818 2908; x_wconf 79' lang='grc' dir='ltr'><strong><em>κάτεισι·</em></strong></span> <span class='ocrx_word' id='word_1_392' title='bbox 878 2856 1058 2912; x_wconf 76' lang='grc' dir='ltr'><strong><em>θήσειν</em></strong></span> <span class='ocrx_word' id='word_1_393' title='bbox 1122 2858 1222 2930; x_wconf 70' lang='grc' dir='ltr'><strong>γὰρ</strong></span> <span class='ocrx_word' id='word_1_394' title='bbox 1286 2854 1364 2907; x_wconf 72' lang='grc' dir='ltr'><strong>ἐπ’</strong></span> <span class='ocrx_word' id='word_1_395' title='bbox 1431 2856 1599 2908; x_wconf 79' lang='grc' dir='ltr'><strong><em>αὐτῶν</em></strong></span> <span class='ocrx_word' id='word_1_396' title='bbox 1663 2859 1752 2908; x_wconf 89' lang='grc' dir='ltr'><strong>τὸν</strong></span> 
     </span>
    </p>
   </div>
   <div class='ocr_carea' id='block_1_55' title="bbox 1865 2848 3513 2930">
    <p class='ocr_par' dir='ltr' id='par_1_55' title="bbox 1865 2849 3513 2927">
     <span class='ocr_line' id='line_1_55' title="bbox 1865 2849 3513 2927; baseline -0.001 -21"><span class='ocrx_word' id='word_1_397' title='bbox 1865 2849 1992 2906; x_wconf 87' lang='lat' dir='ltr'><strong>larit</strong></span> <span class='ocrx_word' id='word_1_398' title='bbox 2020 2868 2034 2917; x_wconf 90' lang='lat'><strong>;</strong></span> <span class='ocrx_word' id='word_1_399' title='bbox 2060 2858 2464 2925; x_wconf 87' lang='lat' dir='ltr'><strong>revocatoque</strong></span> <span class='ocrx_word' id='word_1_400' title='bbox 2492 2854 2670 2927; x_wconf 88' lang='lat' dir='ltr'><strong>quasi</strong></span> <span class='ocrx_word' id='word_1_401' title='bbox 2691 2854 2888 2924; x_wconf 90' lang='lat' dir='ltr'><strong>gradu</strong></span> <span class='ocrx_word' id='word_1_402' title='bbox 2911 2853 3244 2911; x_wconf 86' lang='lat' dir='ltr'><strong>descendit.</strong></span> <span class='ocrx_word' id='word_1_403' title='bbox 3287 2851 3513 2906; x_wconf 88' lang='lat' dir='ltr'><strong>Volen-</strong></span> 
     </span>
    </p>
   </div>
   <div class='ocr_carea' id='block_1_56' title="bbox 143 2939 1754 3015">
    <p class='ocr_par' dir='ltr' id='par_1_56' title="bbox 143 2940 1752 3015">
     <span class='ocr_line' id='line_1_56' title="bbox 143 2940 1752 3015; baseline 0.002 -22"><span class='ocrx_word' id='word_1_404' title='bbox 143 2941 330 3013; x_wconf 83' lang='grc' dir='ltr'><strong><em>θρόνον</em></strong></span> <span class='ocrx_word' id='word_1_405' title='bbox 396 2940 558 2994; x_wconf 74' lang='grc' dir='ltr'><strong><em>αὐτοῦ</em></strong></span> <span class='ocrx_word' id='word_1_406' title='bbox 643 2940 978 3015; x_wconf 81' lang='grc' dir='ltr'><strong><em>βουλόμενον,</em></strong></span> <span class='ocrx_word' id='word_1_407' title='bbox 1060 2945 1384 2998; x_wconf 82' lang='grc' dir='ltr'><strong><em>ῦπετόπασεν</em></strong></span> <span class='ocrx_word' id='word_1_408' title='bbox 1470 2943 1570 2998; x_wconf 83' lang='grc' dir='ltr'><strong>ἀπό</strong></span> <span class='ocrx_word' id='word_1_409' title='bbox 1651 2953 1752 2998; x_wconf 81' lang='grc' dir='ltr'><strong>τῶν</strong></span> 
     </span>
    </p>
   </div>
   <div class='ocr_carea' id='block_1_57' title="bbox 1865 2939 3512 3015">
    <p class='ocr_par' dir='ltr' id='par_1_57' title="bbox 1865 2939 3512 3000">
     <span class='ocr_line' id='line_1_57' title="bbox 1865 2939 3512 3000; baseline 0 -6"><span class='ocrx_word' id='word_1_410' title='bbox 1865 2943 1978 2995; x_wconf 87' lang='lat' dir='ltr'><strong>lem</strong></span> <span class='ocrx_word' id='word_1_411' title='bbox 2007 2939 2168 2996; x_wconf 88' lang='lat' dir='ltr'><strong>enim</strong></span> <span class='ocrx_word' id='word_1_412' title='bbox 2196 2941 2259 2998; x_wconf 89' lang='lat' dir='ltr'><strong>in</strong></span> <span class='ocrx_word' id='word_1_413' title='bbox 2289 2942 2558 2999; x_wconf 88' lang='lat' dir='ltr'><strong>nubibus</strong></span> <span class='ocrx_word' id='word_1_414' title='bbox 2589 2943 2872 3000; x_wconf 89' lang='lat' dir='ltr'><strong>thronum</strong></span> <span class='ocrx_word' id='word_1_415' title='bbox 2886 2958 3063 2998; x_wconf 90' lang='lat' dir='ltr'><strong>suum</strong></span> <span class='ocrx_word' id='word_1_416' title='bbox 3090 2941 3385 2998; x_wconf 84' lang='lat' dir='ltr'><strong>collocare</strong></span> <span class='ocrx_word' id='word_1_417' title='bbox 3413 2939 3512 2995; x_wconf 86' lang='lat' dir='ltr'><strong>de-</strong></span> 
     </span>
    </p>
   </div>
   <div class='ocr_carea' id='block_1_58' title="bbox 141 3029 1750 3106">
    <p class='ocr_par' dir='ltr' id='par_1_58' title="bbox 141 3029 1750 3106">
     <span class='ocr_line' id='line_1_58' title="bbox 141 3029 1750 3106; baseline 0.004 -25"><span class='ocrx_word' id='word_1_418' title='bbox 141 3029 362 3102; x_wconf 63' lang='grc' dir='ltr'><strong><em>νεγελῶν</em></strong></span> <span class='ocrx_word' id='word_1_419' title='bbox 409 3031 494 3083; x_wconf 74' lang='grc' dir='ltr'><strong>ἐπὶ</strong></span> <span class='ocrx_word' id='word_1_420' title='bbox 545 3035 640 3089; x_wconf 73' lang='grc' dir='ltr'><strong>την</strong></span> <span class='ocrx_word' id='word_1_421' title='bbox 669 3039 786 3102; x_wconf 78' lang='grc' dir='ltr'><strong><em>γῆν,</em></strong></span> <span class='ocrx_word' id='word_1_422' title='bbox 817 3030 879 3090; x_wconf 77' lang='grc' dir='ltr'><strong><em>ἣν</em></strong></span> <span class='ocrx_word' id='word_1_423' title='bbox 906 3037 998 3086; x_wconf 81' lang='grc' dir='ltr'><strong><em>καὶ</em></strong></span> <span class='ocrx_word' id='word_1_424' title='bbox 1040 3030 1314 3106; x_wconf 70' lang='grc' dir='ltr'><strong><em>ἄξαλείφειν</em></strong></span> <span class='ocrx_word' id='word_1_425' title='bbox 1343 3033 1750 3097; x_wconf 75' lang='grc' dir='ltr'><strong><em>ἠλαζονεύσατο,</em></strong></span> 
     </span>
    </p>
   </div>
   <div class='ocr_carea' id='block_1_59' title="bbox 1859 3026 3514 3104">
    <p class='ocr_par' dir='ltr' id='par_1_59' title="bbox 1859 3026 3514 3104">
     <span class='ocr_line' id='line_1_59' title="bbox 1859 3026 3514 3104; baseline 0 -21"><span class='ocrx_word' id='word_1_426' title='bbox 1859 3026 2116 3084; x_wconf 85' lang='lat' dir='ltr'><strong>turbavit</strong></span> <span class='ocrx_word' id='word_1_427' title='bbox 2153 3044 2186 3085; x_wconf 91' lang='lat' dir='ltr'><strong>e</strong></span> <span class='ocrx_word' id='word_1_428' title='bbox 2214 3029 2479 3086; x_wconf 89' lang='lat' dir='ltr'><strong>nubibus</strong></span> <span class='ocrx_word' id='word_1_429' title='bbox 2504 3030 2566 3086; x_wconf 91' lang='lat' dir='ltr'><strong>in</strong></span> <span class='ocrx_word' id='word_1_430' title='bbox 2594 3036 2834 3096; x_wconf 88' lang='lat' dir='ltr'><strong>terram,</strong></span> <span class='ocrx_word' id='word_1_431' title='bbox 2856 3045 3045 3104; x_wconf 88' lang='lat' dir='ltr'><strong>quam</strong></span> <span class='ocrx_word' id='word_1_432' title='bbox 3064 3046 3128 3087; x_wconf 88' lang='lat' dir='ltr'><strong>se</strong></span> <span class='ocrx_word' id='word_1_433' title='bbox 3156 3029 3337 3088; x_wconf 83' lang='lat' dir='ltr'><strong>etiam</strong></span> <span class='ocrx_word' id='word_1_434' title='bbox 3357 3026 3514 3084; x_wconf 85' lang='lat' dir='ltr'><strong>dele-</strong></span> 
     </span>
    </p>
   </div>
   <div class='ocr_carea' id='block_1_60' title="bbox 142 3116 1754 3197">
    <p class='ocr_par' dir='ltr' id='par_1_60' title="bbox 142 3116 1752 3197">
     <span class='ocr_line' id='line_1_60' title="bbox 142 3116 1752 3197; baseline 0.002 -26"><span class='ocrx_word' id='word_1_435' title='bbox 142 3116 245 3172; x_wconf 85' lang='grc' dir='ltr'><strong>ἀπὸ</strong></span> <span class='ocrx_word' id='word_1_436' title='bbox 297 3126 396 3180; x_wconf 80' lang='grc' dir='ltr'><strong><em>τῆς</em></strong></span> <span class='ocrx_word' id='word_1_437' title='bbox 448 3125 551 3190; x_wconf 62' lang='grc' dir='ltr'><strong>⁹γῆς</strong></span> <span class='ocrx_word' id='word_1_438' title='bbox 597 3118 670 3182; x_wconf 85' lang='grc' dir='ltr'><strong><em>εἰς</em></strong></span> <span class='ocrx_word' id='word_1_439' title='bbox 711 3123 799 3173; x_wconf 81' lang='grc' dir='ltr'><strong>τόν</strong></span> <span class='ocrx_word' id='word_1_440' title='bbox 854 3121 1132 3195; x_wconf 79' lang='grc' dir='ltr'><strong><em>τάρταρον·</em></strong></span> <span class='ocrx_word' id='word_1_441' title='bbox 1190 3128 1392 3196; x_wconf 84' lang='grc' dir='ltr'><strong><em>Σειραῖς</em></strong></span> <span class='ocrx_word' id='word_1_442' title='bbox 1441 3126 1541 3197; x_wconf 76' lang='grc' dir='ltr'><strong>γὰρ</strong></span> <span class='ocrx_word' id='word_1_443' title='bbox 1591 3122 1752 3194; x_wconf 71' lang='grc' dir='ltr'><strong><em>ζόφου</em></strong></span> 
     </span>
    </p>
   </div>
   <div class='ocr_carea' id='block_1_61' title="bbox 1865 3116 3512 3197">
    <p class='ocr_par' dir='ltr' id='par_1_61' title="bbox 1865 3116 3512 3187">
     <span class='ocr_line' id='line_1_61' title="bbox 1865 3116 3512 3187; baseline 0 -16"><span class='ocrx_word' id='word_1_444' title='bbox 1865 3119 2059 3173; x_wconf 87' lang='lat' dir='ltr'><strong>turum</strong></span> <span class='ocrx_word' id='word_1_445' title='bbox 2083 3117 2438 3187; x_wconf 85' lang='lat' dir='ltr'><strong>jactavcrat,</strong></span> <span class='ocrx_word' id='word_1_446' title='bbox 2464 3123 2523 3175; x_wconf 90' lang='lat' dir='ltr'><strong>et</strong></span> <span class='ocrx_word' id='word_1_447' title='bbox 2549 3134 2620 3176; x_wconf 86' lang='lat' dir='ltr'><strong>ex</strong></span> <span class='ocrx_word' id='word_1_448' title='bbox 2645 3120 2882 3176; x_wconf 90' lang='lat' dir='ltr'><strong>terrain</strong></span> <span class='ocrx_word' id='word_1_449' title='bbox 2908 3123 3172 3176; x_wconf 86' lang='lat' dir='ltr'><strong>tartara:</strong></span> <span class='ocrx_word' id='word_1_450' title='bbox 3220 3116 3512 3175; x_wconf 72' lang='lat' dir='ltr'><strong>Eudemi-</strong></span> 
     </span>
    </p>
   </div>
   <div class='ocr_carea' id='block_1_62' title="bbox 140 3189 1754 3287">
    <p class='ocr_par' dir='ltr' id='par_1_62' title="bbox 140 3189 1749 3287">
     <span class='ocr_line' id='line_1_62' title="bbox 140 3189 1749 3287; baseline 0.003 -29"><span class='ocrx_word' id='word_1_451' title='bbox 140 3189 489 3282; x_wconf 79' lang='grc' dir='ltr'><strong><em>ταρταρώσας</em></strong></span> <span class='ocrx_word' id='word_1_452' title='bbox 590 3205 891 3281; x_wconf 67' lang='grc' dir='ltr'><strong><em>παρέδωκεν</em></strong></span> <span class='ocrx_word' id='word_1_453' title='bbox 921 3189 931 3195; x_wconf 37' lang='grc'><strong><em>⁹</em></strong></span> <span class='ocrx_word' id='word_1_454' title='bbox 997 3189 1071 3272; x_wconf 67' lang='grc' dir='ltr'><strong>είς</strong></span> <span class='ocrx_word' id='word_1_455' title='bbox 1160 3189 1332 3284; x_wconf 77' lang='grc' dir='ltr'><strong><em>κρίσιν</em></strong></span> <span class='ocrx_word' id='word_1_456' title='bbox 1416 3189 1749 3287; x_wconf 71' lang='grc' dir='ltr'><strong><em>τηρούμενον·</em></strong></span> 
     </span>
    </p>
   </div>
   <div class='ocr_carea' id='block_1_63' title="bbox 1865 3189 3513 3287">
    <p class='ocr_par' dir='ltr' id='par_1_63' title="bbox 1865 3203 3513 3276">
     <span class='ocr_line' id='line_1_63' title="bbox 1865 3203 3513 3276; baseline -0.002 -16"><span class='ocrx_word' id='word_1_457' title='bbox 1865 3203 1968 3261; x_wconf 83' lang='lat' dir='ltr'><strong>bus</strong></span> <span class='ocrx_word' id='word_1_458' title='bbox 1994 3206 2150 3262; x_wconf 83' lang='lat' dir='ltr'><strong>enim</strong></span> <span class='ocrx_word' id='word_1_459' title='bbox 2183 3207 2466 3276; x_wconf 70' lang='lat' dir='ltr'><strong>caliginis</strong></span> <span class='ocrx_word' id='word_1_460' title='bbox 2477 3207 2542 3264; x_wconf 78' lang='lat' dir='ltr'><strong>in</strong></span> <span class='ocrx_word' id='word_1_461' title='bbox 2555 3213 2796 3266; x_wconf 78' lang='lat' dir='ltr'><strong>tartara</strong></span> <span class='ocrx_word' id='word_1_462' title='bbox 2816 3207 3141 3266; x_wconf 66' lang='lat' dir='ltr'><strong>detractum</strong></span> <span class='ocrx_word' id='word_1_463' title='bbox 3162 3205 3418 3263; x_wconf 72' lang='lat' dir='ltr'><strong>tradidit</strong></span> <span class='ocrx_word' id='word_1_464' title='bbox 3447 3204 3513 3259; x_wconf 76' lang='lat' dir='ltr'><strong>in</strong></span> 
     </span>
    </p>
   </div>
   <div class='ocr_carea' id='block_1_64' title="bbox 147 3293 1754 3373">
    <p class='ocr_par' dir='ltr' id='par_1_64' title="bbox 147 3293 1754 3373">
     <span class='ocr_line' id='line_1_64' title="bbox 147 3293 1754 3373; baseline 0 -21"><span class='ocrx_word' id='word_1_465' title='bbox 147 3297 300 3366; x_wconf 67' lang='grc' dir='ltr'><strong><em>ἡμεῖς</em></strong></span> <span class='ocrx_word' id='word_1_466' title='bbox 360 3293 422 3350; x_wconf 70' lang='grc' dir='ltr'><strong>δε</strong></span> <span class='ocrx_word' id='word_1_467' title='bbox 481 3297 598 3350; x_wconf 83' lang='grc' dir='ltr'><strong><em>ὅσοι</em></strong></span> <span class='ocrx_word' id='word_1_468' title='bbox 653 3293 749 3350; x_wconf 81' lang='grc' dir='ltr'><strong><em>διὰ</em></strong></span> <span class='ocrx_word' id='word_1_469' title='bbox 797 3305 889 3351; x_wconf 92' lang='grc' dir='ltr'><strong>τοῦ</strong></span> <span class='ocrx_word' id='word_1_470' title='bbox 946 3306 1178 3373; x_wconf 86' lang='grc' dir='ltr'><strong><em>σταυροῦ</em></strong></span> <span class='ocrx_word' id='word_1_471' title='bbox 1239 3302 1570 3373; x_wconf 74' lang='grc' dir='ltr'><strong><em>σεσώσμεθα,</em></strong></span> <span class='ocrx_word' id='word_1_472' title='bbox 1621 3302 1754 3352; x_wconf 75' lang='grc' dir='ltr'><strong><em>κατὰ</em></strong></span> 
     </span>
    </p>
   </div>
   <div class='ocr_carea' id='block_1_65' title="bbox 145 3380 1750 3464">
    <p class='ocr_par' dir='ltr' id='par_1_65' title="bbox 145 3380 1750 3464">
     <span class='ocr_line' id='line_1_65' title="bbox 145 3380 1750 3464; baseline 0.001 -25"><span class='ocrx_word' id='word_1_473' title='bbox 145 3380 522 3458; x_wconf 76' lang='grc' dir='ltr'><strong><em>προποδισμόν</em></strong></span> <span class='ocrx_word' id='word_1_474' title='bbox 594 3391 686 3439; x_wconf 81' lang='grc' dir='ltr'><strong><em>καὶ</em></strong></span> <span class='ocrx_word' id='word_1_475' title='bbox 749 3391 1020 3460; x_wconf 72' lang='grc' dir='ltr'><strong><em>προκοπὴν</em></strong></span> <span class='ocrx_word' id='word_1_476' title='bbox 1087 3387 1460 3464; x_wconf 72' lang='grc' dir='ltr'><strong><em>ἀνατράχομεν·</em></strong></span> <span class='ocrx_word' id='word_1_477' title='bbox 1531 3389 1590 3443; x_wconf 74' lang='lat' dir='ltr'><strong>Ei</strong></span> <span class='ocrx_word' id='word_1_478' title='bbox 1651 3391 1750 3464; x_wconf 72' lang='grc' dir='ltr'><strong>γὰρ</strong></span> 
     </span>
    </p>
   </div>
   <div class='ocr_carea' id='block_1_66' title="bbox 147 3475 1754 3551">
    <p class='ocr_par' dir='ltr' id='par_1_66' title="bbox 147 3475 1754 3551">
     <span class='ocr_line' id='line_1_66' title="bbox 147 3475 1754 3551; baseline 0.002 -25"><span class='ocrx_word' id='word_1_479' title='bbox 147 3477 239 3526; x_wconf 75' lang='grc' dir='ltr'><strong><em>καὶ</em></strong></span> <span class='ocrx_word' id='word_1_480' title='bbox 285 3477 536 3546; x_wconf 84' lang='grc' dir='ltr'><strong><em>πρότερον</em></strong></span> <span class='ocrx_word' id='word_1_481' title='bbox 589 3475 1050 3538; x_wconf 81' lang='grc' dir='ltr'><strong><em>ὑποσκελισθέντες</em></strong></span> <span class='ocrx_word' id='word_1_482' title='bbox 1098 3485 1173 3547; x_wconf 82' lang='grc' dir='ltr'><strong>τῷ</strong></span> <span class='ocrx_word' id='word_1_483' title='bbox 1225 3487 1435 3551; x_wconf 82' lang='grc' dir='ltr'><strong><em>πονηρῷ</em></strong></span> <span class='ocrx_word' id='word_1_484' title='bbox 1491 3477 1754 3549; x_wconf 76' lang='grc' dir='ltr'><strong><em>ἀντιπάλῳ</em></strong></span> 
     </span>
    </p>
   </div>
   <div class='ocr_carea' id='block_1_67' title="bbox 148 3559 1752 3639">
    <p class='ocr_par' dir='ltr' id='par_1_67' title="bbox 148 3559 1752 3639">
     <span class='ocr_line' id='line_1_67' title="bbox 148 3559 1752 3639; baseline 0.003 -26"><span class='ocrx_word' id='word_1_485' title='bbox 148 3566 239 3614; x_wconf 78' lang='grc' dir='ltr'><strong><em>καὶ</em></strong></span> <span class='ocrx_word' id='word_1_486' title='bbox 291 3559 488 3637; x_wconf 77' lang='grc' dir='ltr'><strong><em>δολερῷ</em></strong></span> <span class='ocrx_word' id='word_1_487' title='bbox 539 3567 727 3638; x_wconf 70' lang='grc' dir='ltr'><strong><em>μέχρις</em></strong></span> <span class='ocrx_word' id='word_1_488' title='bbox 787 3561 923 3634; x_wconf 74' lang='grc' dir='ltr'><strong><em>ᾅδου</em></strong></span> <span class='ocrx_word' id='word_1_489' title='bbox 985 3569 1420 3639; x_wconf 71' lang='grc' dir='ltr'><strong><em>κατενηνέγμεθα,</em></strong></span> <span class='ocrx_word' id='word_1_490' title='bbox 1479 3566 1607 3618; x_wconf 80' lang='grc' dir='ltr'><strong><em>ἀλλὰ</em></strong></span> <span class='ocrx_word' id='word_1_491' title='bbox 1664 3574 1752 3618; x_wconf 89' lang='grc' dir='ltr'><strong>νῦν</strong></span> 
     </span>
    </p>
   </div>
   <div class='ocr_carea' id='block_1_68' title="bbox 151 3647 1750 3730">
    <p class='ocr_par' dir='ltr' id='par_1_68' title="bbox 151 3647 1750 3730">
     <span class='ocr_line' id='line_1_68' title="bbox 151 3647 1750 3730; baseline 0.004 -28"><span class='ocrx_word' id='word_1_492' title='bbox 151 3647 247 3702; x_wconf 76' lang='grc' dir='ltr'><strong><em>διὰ</em></strong></span> <span class='ocrx_word' id='word_1_493' title='bbox 271 3658 366 3704; x_wconf 88' lang='grc' dir='ltr'><strong>τοῦ</strong></span> <span class='ocrx_word' id='word_1_494' title='bbox 421 3655 737 3727; x_wconf 73' lang='grc' dir='ltr'><strong><em>σταυροῦέκ</em></strong></span> <span class='ocrx_word' id='word_1_495' title='bbox 782 3660 876 3724; x_wconf 76' lang='grc' dir='ltr'><strong>γῆς</strong></span> <span class='ocrx_word' id='word_1_496' title='bbox 930 3657 1061 3726; x_wconf 91' lang='grc' dir='ltr'><strong><em>πρός</em></strong></span> <span class='ocrx_word' id='word_1_497' title='bbox 1109 3655 1324 3729; x_wconf 79' lang='grc' dir='ltr'><strong><em>οὐρανόν</em></strong></span> <span class='ocrx_word' id='word_1_498' title='bbox 1379 3654 1750 3730; x_wconf 75' lang='grc' dir='ltr'><strong><em>ἀνατρίχομεν.</em></strong></span> 
     </span>
    </p>
   </div>
   <div class='ocr_carea' id='block_1_69' title="bbox 149 3736 1754 3818">
    <p class='ocr_par' dir='ltr' id='par_1_69' title="bbox 149 3736 1754 3818">
     <span class='ocr_line' id='line_1_69' title="bbox 149 3736 1754 3818; baseline 0.002 -26"><span class='ocrx_word' id='word_1_499' title='bbox 149 3745 254 3792; x_wconf 73' lang='grc' dir='ltr'><strong>Καὶ</strong></span> <span class='ocrx_word' id='word_1_500' title='bbox 289 3759 384 3812; x_wconf 79' lang='grc' dir='ltr'><strong><em>μοι</em></strong></span> <span class='ocrx_word' id='word_1_501' title='bbox 429 3736 523 3794; x_wconf 79' lang='grc' dir='ltr'><strong><em>διὰ</em></strong></span> <span class='ocrx_word' id='word_1_502' title='bbox 555 3748 720 3794; x_wconf 83' lang='grc' dir='ltr'><strong><em>ταῦτα</em></strong></span> <span class='ocrx_word' id='word_1_503' title='bbox 746 3746 839 3796; x_wconf 76' lang='grc' dir='ltr'><strong><em>καὶ</em></strong></span> <span class='ocrx_word' id='word_1_504' title='bbox 877 3742 945 3803; x_wconf 83' lang='grc' dir='ltr'><strong><em>εἰς</em></strong></span> <span class='ocrx_word' id='word_1_505' title='bbox 983 3743 1214 3814; x_wconf 74' lang='grc' dir='ltr'><strong><em>κλίμακα</em></strong></span> <span class='ocrx_word' id='word_1_506' title='bbox 1241 3745 1444 3816; x_wconf 82' lang='grc' dir='ltr'><strong><em>θεωρεῖν</em></strong></span> <span class='ocrx_word' id='word_1_507' title='bbox 1474 3744 1754 3818; x_wconf 73' lang='grc' dir='ltr'><strong><em>ἐπέρχεται</em></strong></span> 
     </span>
    </p>
   </div>
   <div class='ocr_carea' id='block_1_70' title="bbox 145 3828 1755 3904">
    <p class='ocr_par' dir='ltr' id='par_1_70' title="bbox 145 3828 1755 3904">
     <span class='ocr_line' id='line_1_70' title="bbox 145 3828 1755 3904; baseline 0.004 -26"><span class='ocrx_word' id='word_1_508' title='bbox 145 3831 237 3880; x_wconf 85' lang='grc' dir='ltr'><strong>τὸν</strong></span> <span class='ocrx_word' id='word_1_509' title='bbox 299 3833 547 3901; x_wconf 77' lang='grc' dir='ltr'><strong><em>σταυρόν,</em></strong></span> <span class='ocrx_word' id='word_1_510' title='bbox 625 3829 676 3882; x_wconf 74' lang='grc' dir='ltr'><strong><em>ἐν</em></strong></span> <span class='ocrx_word' id='word_1_511' title='bbox 837 3836 928 3884; x_wconf 82' lang='grc' dir='ltr'><strong><em>καὶ</em></strong></span> <span class='ocrx_word' id='word_1_512' title='bbox 1013 3829 1268 3892; x_wconf 77' lang='grc' dir='ltr'><strong><em>ἀνάϐασις</em></strong></span> <span class='ocrx_word' id='word_1_513' title='bbox 1353 3837 1588 3904; x_wconf 75' lang='grc' dir='ltr'><strong><em>φαίνεται</em></strong></span> <span class='ocrx_word' id='word_1_514' title='bbox 1663 3841 1755 3890; x_wconf 77' lang='grc' dir='ltr'><strong><em>καὶ</em></strong></span> 
     </span>
    </p>
   </div>
   <div class='ocr_carea' id='block_1_71' title="bbox 143 3915 1754 3994">
    <p class='ocr_par' dir='ltr' id='par_1_71' title="bbox 143 3915 1754 3994">
     <span class='ocr_line' id='line_1_71' title="bbox 143 3915 1754 3994; baseline 0.004 -26"><span class='ocrx_word' id='word_1_515' title='bbox 143 3915 464 3978; x_wconf 72' lang='grc' dir='ltr'><strong><em>κατάϐασις.</em></strong></span> <span class='ocrx_word' id='word_1_516' title='bbox 522 3916 887 3972; x_wconf 79' lang='grc' dir='ltr'><strong><em>Ἀναϐαίνουσι</em></strong></span> <span class='ocrx_word' id='word_1_517' title='bbox 1225 3920 1320 3983; x_wconf 78' lang='grc' dir='ltr'><strong>ὶως</strong></span> <span class='ocrx_word' id='word_1_518' title='bbox 1370 3929 1470 3973; x_wconf 80' lang='grc' dir='ltr'><strong>τῶν</strong></span> <span class='ocrx_word' id='word_1_519' title='bbox 1527 3922 1754 3994; x_wconf 73' lang='grc' dir='ltr'><strong><em>οὐρανῶν</em></strong></span> 
     </span>
    </p>
   </div>
   <div class='ocr_carea' id='block_1_72' title="bbox 144 4005 1754 4078">
    <p class='ocr_par' dir='ltr' id='par_1_72' title="bbox 144 4005 1754 4078">
     <span class='ocr_line' id='line_1_72' title="bbox 144 4005 1754 4078; baseline 0.004 -20"><span class='ocrx_word' id='word_1_520' title='bbox 144 4005 196 4058; x_wconf 81' lang='grc' dir='ltr'><strong><em>οἱ</em></strong></span> <span class='ocrx_word' id='word_1_521' title='bbox 242 4006 532 4078; x_wconf 66' lang='grc' dir='ltr'><strong><em>ἄνθρωπον</em></strong></span> <span class='ocrx_word' id='word_1_522' title='bbox 588 4005 970 4061; x_wconf 82' lang='grc' dir='ltr'><strong><em>καταϐαίνουσι</em></strong></span> <span class='ocrx_word' id='word_1_523' title='bbox 1019 4005 1078 4061; x_wconf 75' lang='grc' dir='ltr'><strong>δι</strong></span> <span class='ocrx_word' id='word_1_524' title='bbox 1121 4010 1213 4071; x_wconf 79' lang='grc' dir='ltr'><strong><em>ἕως</em></strong></span> <span class='ocrx_word' id='word_1_525' title='bbox 1261 4011 1360 4062; x_wconf 78' lang='grc' dir='ltr'><strong><em>τῶν</em></strong></span> <span class='ocrx_word' id='word_1_526' title='bbox 1408 4007 1654 4062; x_wconf 82' lang='grc' dir='ltr'><strong><em>ἀϐύσσων</em></strong></span> <span class='ocrx_word' id='word_1_527' title='bbox 1706 4014 1754 4064; x_wconf 81' lang='grc' dir='ltr'><strong><em>οἱ</em></strong></span> 
     </span>
    </p>
   </div>
   <div class='ocr_carea' id='block_1_73' title="bbox 146 4090 1756 4172">
    <p class='ocr_par' dir='ltr' id='par_1_73' title="bbox 146 4090 1756 4172">
     <span class='ocr_line' id='line_1_73' title="bbox 146 4090 1756 4172; baseline 0.002 -26"><span class='ocrx_word' id='word_1_528' title='bbox 146 4090 416 4165; x_wconf 81' lang='grc' dir='ltr'><strong><em>δαίμονες.</em></strong></span> <span class='ocrx_word' id='word_1_529' title='bbox 458 4098 726 4169; x_wconf 75' lang='grc' dir='ltr'><strong><em>Σκῆπτρόν</em></strong></span> <span class='ocrx_word' id='word_1_530' title='bbox 771 4093 885 4148; x_wconf 73' lang='grc' dir='ltr'><strong><em>ἔστι</em></strong></span> <span class='ocrx_word' id='word_1_531' title='bbox 917 4094 1194 4168; x_wconf 86' lang='grc' dir='ltr'><strong><em>βασιλικόν</em></strong></span> <span class='ocrx_word' id='word_1_532' title='bbox 1239 4099 1265 4149; x_wconf 88' lang='grc' dir='ltr'><strong>ό</strong></span> <span class='ocrx_word' id='word_1_533' title='bbox 1297 4101 1521 4172; x_wconf 75' lang='grc' dir='ltr'><strong><em>σταυρὸς</em></strong></span> <span class='ocrx_word' id='word_1_534' title='bbox 1563 4105 1672 4160; x_wconf 87' lang='grc' dir='ltr'><strong><em>τοῖς</em></strong></span> <span class='ocrx_word' id='word_1_535' title='bbox 1704 4097 1756 4162; x_wconf 73' lang='grc' dir='ltr'><strong>ἐξ</strong></span> 
     </span>
    </p>
   </div>
   <div class='ocr_carea' id='block_1_74' title="bbox 145 4178 1750 4262">
    <p class='ocr_par' dir='ltr' id='par_1_74' title="bbox 145 4178 1750 4262">
     <span class='ocr_line' id='line_1_74' title="bbox 145 4178 1750 4262; baseline 0.001 -26"><span class='ocrx_word' id='word_1_536' title='bbox 145 4178 330 4254; x_wconf 74' lang='grc' dir='ltr'><strong>Ἀδὰμ</strong></span> <span class='ocrx_word' id='word_1_537' title='bbox 410 4187 576 4256; x_wconf 79' lang='grc' dir='ltr'><strong><em>μέχρι</em></strong></span> <span class='ocrx_word' id='word_1_538' title='bbox 653 4183 943 4247; x_wconf 84' lang='grc' dir='ltr'><strong><em>συντελείας</em></strong></span> <span class='ocrx_word' id='word_1_539' title='bbox 1022 4183 1314 4258; x_wconf 80' lang='grc' dir='ltr'><strong><em>ἀνθρώποις</em></strong></span> <span class='ocrx_word' id='word_1_540' title='bbox 1399 4185 1750 4262; x_wconf 78' lang='grc' dir='ltr'><strong><em>περίϐλεπτον,</em></strong></span> 
     </span>
    </p>
   </div>
   <div class='ocr_carea' id='block_1_75' title="bbox 145 4270 1749 4349">
    <p class='ocr_par' dir='ltr' id='par_1_75' title="bbox 145 4270 1749 4349">
     <span class='ocr_line' id='line_1_75' title="bbox 145 4270 1749 4349; baseline 0.002 -26"><span class='ocrx_word' id='word_1_541' title='bbox 145 4276 240 4323; x_wconf 79' lang='grc' dir='ltr'><strong><em>καὶ</em></strong></span> <span class='ocrx_word' id='word_1_542' title='bbox 318 4271 498 4334; x_wconf 67' lang='grc' dir='ltr'><strong><em>αὐτοῖς</em></strong></span> <span class='ocrx_word' id='word_1_543' title='bbox 571 4270 849 4346; x_wconf 75' lang='grc' dir='ltr'><strong><em>αἰδέσιμον</em></strong></span> <span class='ocrx_word' id='word_1_544' title='bbox 927 4281 1032 4334; x_wconf 88' lang='grc' dir='ltr'><strong><em>τοῖς</em></strong></span> <span class='ocrx_word' id='word_1_545' title='bbox 1096 4273 1355 4345; x_wconf 68' lang='grc' dir='ltr'><strong><em>ἀγγέλοις.</em></strong></span> <span class='ocrx_word' id='word_1_546' title='bbox 1438 4281 1564 4328; x_wconf 85' lang='grc' dir='ltr'><strong><em>Τότε</em></strong></span> <span class='ocrx_word' id='word_1_547' title='bbox 1626 4279 1749 4349; x_wconf 74' lang='grc' dir='ltr'><strong><em>γὰρ,</em></strong></span> 
     </span>
    </p>
   </div>
   <div class='ocr_carea' id='block_1_76' title="bbox 148 4362 1754 4438">
    <p class='ocr_par' dir='ltr' id='par_1_76' title="bbox 148 4362 1754 4438">
     <span class='ocr_line' id='line_1_76' title="bbox 148 4362 1754 4438; baseline 0.001 -25"><span class='ocrx_word' id='word_1_548' title='bbox 148 4365 308 4433; x_wconf 58' lang='grc' dir='ltr'><strong><em>φησὶ,</em></strong></span> <span class='ocrx_word' id='word_1_549' title='bbox 371 4365 659 4432; x_wconf 71' lang='grc' dir='ltr'><strong><em>φανήσεται</em></strong></span> <span class='ocrx_word' id='word_1_550' title='bbox 713 4365 772 4414; x_wconf 81' lang='grc' dir='ltr'><strong>τό</strong></span> <span class='ocrx_word' id='word_1_551' title='bbox 841 4369 1055 4434; x_wconf 81' lang='grc' dir='ltr'><strong><em>σημεῖον</em></strong></span> <span class='ocrx_word' id='word_1_552' title='bbox 1119 4371 1210 4418; x_wconf 89' lang='grc' dir='ltr'><strong>τοῦ</strong></span> <span class='ocrx_word' id='word_1_553' title='bbox 1283 4370 1406 4415; x_wconf 75' lang='grc' dir='ltr'><strong><em>Υιοῦ</em></strong></span> <span class='ocrx_word' id='word_1_554' title='bbox 1481 4362 1754 4438; x_wconf 81' lang='grc' dir='ltr'><strong><em>ἀνθρώπου</em></strong></span> 
     </span>
    </p>
   </div>
   <div class='ocr_carea' id='block_1_77' title="bbox 148 4449 1755 4522">
    <p class='ocr_par' dir='ltr' id='par_1_77' title="bbox 148 4449 1755 4522">
     <span class='ocr_line' id='line_1_77' title="bbox 148 4449 1755 4522; baseline 0.002 -20"><span class='ocrx_word' id='word_1_555' title='bbox 148 4450 201 4502; x_wconf 74' lang='grc' dir='ltr'><strong><em>ἓν</em></strong></span> <span class='ocrx_word' id='word_1_556' title='bbox 268 4458 342 4520; x_wconf 78' lang='grc' dir='ltr'><strong>τῷ</strong></span> <span class='ocrx_word' id='word_1_557' title='bbox 401 4449 621 4522; x_wconf 76' lang='grc' dir='ltr'><strong><em>οὐρανῷ,</em></strong></span> <span class='ocrx_word' id='word_1_558' title='bbox 670 4456 760 4503; x_wconf 83' lang='grc' dir='ltr'><strong><em>καὶ</em></strong></span> <span class='ocrx_word' id='word_1_559' title='bbox 807 4455 925 4503; x_wconf 89' lang='grc' dir='ltr'><strong><em>τότε</em></strong></span> <span class='ocrx_word' id='word_1_560' title='bbox 977 4451 1230 4522; x_wconf 67' lang='grc' dir='ltr'><strong><em>κόψονται</em></strong></span> <span class='ocrx_word' id='word_1_561' title='bbox 1277 4457 1446 4504; x_wconf 80' lang='grc' dir='ltr'><strong><em>πᾶσαι</em></strong></span> <span class='ocrx_word' id='word_1_562' title='bbox 1498 4455 1553 4505; x_wconf 81' lang='grc' dir='ltr'><strong><em>αἱ</em></strong></span> <span class='ocrx_word' id='word_1_563' title='bbox 1600 4453 1755 4521; x_wconf 77' lang='grc' dir='ltr'><strong><em>φυλαὶ</em></strong></span> 
     </span>
    </p>
   </div>
   <div class='ocr_carea' id='block_1_78' title="bbox 1860 3295 3512 3370">
    <p class='ocr_par' dir='ltr' id='par_1_78' title="bbox 1860 3295 3512 3370">
     <span class='ocr_line' id='line_1_78' title="bbox 1860 3295 3512 3370; baseline 0 -22"><span class='ocrx_word' id='word_1_564' title='bbox 1860 3295 2154 3361; x_wconf 79' lang='lat' dir='ltr'><strong>iudicium</strong></span> <span class='ocrx_word' id='word_1_565' title='bbox 2185 3298 2481 3355; x_wconf 82' lang='lat' dir='ltr'><strong>reservari</strong></span> <span class='ocrx_word' id='word_1_566' title='bbox 2503 3299 2550 3334; x_wconf 74' lang='grc'><strong>³⁵</strong></span> <span class='ocrx_word' id='word_1_567' title='bbox 2581 3337 2595 3352; x_wconf 95' lang='grc'><strong>.</strong></span> <span class='ocrx_word' id='word_1_568' title='bbox 2613 3301 2732 3354; x_wconf 88' lang='lat' dir='ltr'><strong>Nos</strong></span> <span class='ocrx_word' id='word_1_569' title='bbox 2758 3313 2920 3364; x_wconf 89' lang='lat' dir='ltr'><strong>vero,</strong></span> <span class='ocrx_word' id='word_1_570' title='bbox 2951 3296 3060 3370; x_wconf 90' lang='lat' dir='ltr'><strong>qni</strong></span> <span class='ocrx_word' id='word_1_571' title='bbox 3110 3311 3218 3369; x_wconf 86' lang='lat' dir='ltr'><strong>per</strong></span> <span class='ocrx_word' id='word_1_572' title='bbox 3269 3308 3512 3351; x_wconf 82' lang='lat' dir='ltr'><strong>crucem</strong></span> 
     </span>
    </p>
   </div>
   <div class='ocr_carea' id='block_1_79' title="bbox 1863 3381 3513 3458">
    <p class='ocr_par' dir='ltr' id='par_1_79' title="bbox 1863 3381 3513 3458">
     <span class='ocr_line' id='line_1_79' title="bbox 1863 3381 3513 3458; baseline 0.002 -23"><span class='ocrx_word' id='word_1_573' title='bbox 1863 3381 2075 3439; x_wconf 87' lang='lat' dir='ltr'><strong>salvati</strong></span> <span class='ocrx_word' id='word_1_574' title='bbox 2101 3399 2332 3454; x_wconf 88' lang='lat' dir='ltr'><strong>sumus,</strong></span> <span class='ocrx_word' id='word_1_575' title='bbox 2353 3400 2678 3457; x_wconf 86' lang='lat' dir='ltr'><strong>progressu</strong></span> <span class='ocrx_word' id='word_1_576' title='bbox 2704 3391 2764 3442; x_wconf 89' lang='lat' dir='ltr'><strong>et</strong></span> <span class='ocrx_word' id='word_1_577' title='bbox 2807 3385 3075 3458; x_wconf 83' lang='lat' dir='ltr'><strong>profectu</strong></span> <span class='ocrx_word' id='word_1_578' title='bbox 3099 3398 3340 3440; x_wconf 88' lang='lat' dir='ltr'><strong>sursum</strong></span> <span class='ocrx_word' id='word_1_579' title='bbox 3385 3386 3513 3439; x_wconf 84' lang='lat' dir='ltr'><strong>ten-</strong></span> 
     </span>
    </p>
   </div>
   <div class='ocr_carea' id='block_1_80' title="bbox 1859 3469 3516 3547">
    <p class='ocr_par' dir='ltr' id='par_1_80' title="bbox 1859 3469 3516 3547">
     <span class='ocr_line' id='line_1_80' title="bbox 1859 3469 3516 3547; baseline 0 -21"><span class='ocrx_word' id='word_1_580' title='bbox 1859 3469 2083 3529; x_wconf 90' lang='lat' dir='ltr'><strong>dimus.</strong></span> <span class='ocrx_word' id='word_1_581' title='bbox 2118 3472 2270 3530; x_wconf 87' lang='lat' dir='ltr'><strong>Licet</strong></span> <span class='ocrx_word' id='word_1_582' title='bbox 2291 3475 2453 3531; x_wconf 89' lang='lat' dir='ltr'><strong>enim</strong></span> <span class='ocrx_word' id='word_1_583' title='bbox 2473 3475 2639 3547; x_wconf 88' lang='lat' dir='ltr'><strong>prius</strong></span> <span class='ocrx_word' id='word_1_584' title='bbox 2667 3473 3016 3532; x_wconf 86' lang='lat' dir='ltr'><strong>subnervati</strong></span> <span class='ocrx_word' id='word_1_585' title='bbox 3068 3479 3126 3530; x_wconf 87' lang='lat' dir='ltr'><strong>et</strong></span> <span class='ocrx_word' id='word_1_586' title='bbox 3150 3471 3430 3546; x_wconf 88' lang='lat' dir='ltr'><strong>prostrati</strong></span> <span class='ocrx_word' id='word_1_587' title='bbox 3473 3485 3516 3526; x_wconf 86' lang='lat' dir='ltr'><strong>a</strong></span> 
     </span>
    </p>
   </div>
   <div class='ocr_carea' id='block_1_81' title="bbox 1859 3559 3516 3632">
    <p class='ocr_par' dir='ltr' id='par_1_81' title="bbox 1859 3559 3516 3632">
     <span class='ocr_line' id='line_1_81' title="bbox 1859 3559 3516 3632; baseline 0.001 -18"><span class='ocrx_word' id='word_1_588' title='bbox 1859 3559 2130 3630; x_wconf 87' lang='lat' dir='ltr'><strong>maligno</strong></span> <span class='ocrx_word' id='word_1_589' title='bbox 2164 3568 2221 3618; x_wconf 90' lang='lat' dir='ltr'><strong>et</strong></span> <span class='ocrx_word' id='word_1_590' title='bbox 2275 3561 2488 3620; x_wconf 89' lang='lat' dir='ltr'><strong>doloso</strong></span> <span class='ocrx_word' id='word_1_591' title='bbox 2533 3562 2879 3620; x_wconf 88' lang='lat' dir='ltr'><strong>adversario</strong></span> <span class='ocrx_word' id='word_1_592' title='bbox 2929 3561 3009 3620; x_wconf 86' lang='lat' dir='ltr'><strong>ad</strong></span> <span class='ocrx_word' id='word_1_593' title='bbox 3054 3561 3278 3620; x_wconf 86' lang='lat' dir='ltr'><strong>inferos</strong></span> <span class='ocrx_word' id='word_1_594' title='bbox 3324 3575 3516 3632; x_wconf 83' lang='lat' dir='ltr'><strong>usque</strong></span> 
     </span>
    </p>
   </div>
   <div class='ocr_carea' id='block_1_82' title="bbox 1859 3646 3513 3724">
    <p class='ocr_par' dir='ltr' id='par_1_82' title="bbox 1859 3646 3513 3724">
     <span class='ocr_line' id='line_1_82' title="bbox 1859 3646 3513 3724; baseline 0.002 -22"><span class='ocrx_word' id='word_1_595' title='bbox 1859 3646 2376 3719; x_wconf 87' lang='lat' dir='ltr'><strong>descenderimus,</strong></span> <span class='ocrx_word' id='word_1_596' title='bbox 2403 3657 2462 3710; x_wconf 87' lang='lat' dir='ltr'><strong>at</strong></span> <span class='ocrx_word' id='word_1_597' title='bbox 2482 3667 2644 3708; x_wconf 89' lang='lat' dir='ltr'><strong>nunc</strong></span> <span class='ocrx_word' id='word_1_598' title='bbox 2673 3667 2859 3724; x_wconf 90' lang='lat' dir='ltr'><strong>opera</strong></span> <span class='ocrx_word' id='word_1_599' title='bbox 2879 3651 3075 3708; x_wconf 89' lang='lat' dir='ltr'><strong>crucis</strong></span> <span class='ocrx_word' id='word_1_600' title='bbox 3123 3665 3194 3707; x_wconf 80' lang='lat' dir='ltr'><strong>ex</strong></span> <span class='ocrx_word' id='word_1_601' title='bbox 3244 3655 3402 3706; x_wconf 89' lang='lat' dir='ltr'><strong>terra</strong></span> <span class='ocrx_word' id='word_1_602' title='bbox 3451 3648 3513 3706; x_wconf 90' lang='lat' dir='ltr'><strong>in</strong></span> 
     </span>
    </p>
   </div>
   <div class='ocr_carea' id='block_1_83' title="bbox 1861 3736 3515 3813">
    <p class='ocr_par' dir='ltr' id='par_1_83' title="bbox 1861 3736 3515 3813">
     <span class='ocr_line' id='line_1_83' title="bbox 1861 3736 3515 3813; baseline 0 -21"><span class='ocrx_word' id='word_1_603' title='bbox 1861 3736 2071 3793; x_wconf 77' lang='lat' dir='ltr'><strong>cmlum</strong></span> <span class='ocrx_word' id='word_1_604' title='bbox 2087 3754 2282 3812; x_wconf 90' lang='lat' dir='ltr'><strong>usque</strong></span> <span class='ocrx_word' id='word_1_605' title='bbox 2296 3741 2702 3797; x_wconf 85' lang='lat' dir='ltr'><strong>sublevamur.</strong></span> <span class='ocrx_word' id='word_1_606' title='bbox 2717 3741 2936 3797; x_wconf 86' lang='lat' dir='ltr'><strong>Horum</strong></span> <span class='ocrx_word' id='word_1_607' title='bbox 2948 3739 3143 3813; x_wconf 88' lang='lat' dir='ltr'><strong>gratia</strong></span> <span class='ocrx_word' id='word_1_608' title='bbox 3153 3739 3330 3795; x_wconf 62' lang='lat' dir='ltr'><strong>scala</strong></span> <span class='ocrx_word' id='word_1_609' title='bbox 3340 3737 3515 3794; x_wconf 87' lang='lat' dir='ltr'><strong>etiam</strong></span> 
     </span>
    </p>
   </div>
   <div class='ocr_carea' id='block_1_84' title="bbox 1861 3825 3518 3898">
    <p class='ocr_par' dir='ltr' id='par_1_84' title="bbox 1861 3825 3518 3898">
     <span class='ocr_line' id='line_1_84' title="bbox 1861 3825 3518 3898; baseline 0.001 -18"><span class='ocrx_word' id='word_1_610' title='bbox 1861 3825 2309 3884; x_wconf 87' lang='lat' dir='ltr'><strong>similitudinem</strong></span> <span class='ocrx_word' id='word_1_611' title='bbox 2359 3829 2505 3885; x_wconf 91' lang='lat' dir='ltr'><strong>mihi</strong></span> <span class='ocrx_word' id='word_1_612' title='bbox 2525 3845 2670 3886; x_wconf 80' lang='lat' dir='ltr'><strong>crux</strong></span> <span class='ocrx_word' id='word_1_613' title='bbox 2690 3829 2914 3885; x_wconf 88' lang='lat' dir='ltr'><strong>habere</strong></span> <span class='ocrx_word' id='word_1_614' title='bbox 2934 3827 3189 3896; x_wconf 86' lang='lat' dir='ltr'><strong>videtur,</strong></span> <span class='ocrx_word' id='word_1_615' title='bbox 3217 3827 3282 3882; x_wconf 92' lang='lat' dir='ltr'><strong>in</strong></span> <span class='ocrx_word' id='word_1_616' title='bbox 3309 3841 3432 3898; x_wconf 89' lang='lat' dir='ltr'><strong>qua</strong></span> <span class='ocrx_word' id='word_1_617' title='bbox 3457 3829 3518 3882; x_wconf 80' lang='lat' dir='ltr'><strong>at</strong></span> 
     </span>
    </p>
   </div>
   <div class='ocr_carea' id='block_1_85' title="bbox 1861 3913 3516 3986">
    <p class='ocr_par' dir='ltr' id='par_1_85' title="bbox 1861 3913 3516 3986">
     <span class='ocr_line' id='line_1_85' title="bbox 1861 3913 3516 3986; baseline -0.005 -9"><span class='ocrx_word' id='word_1_618' title='bbox 1861 3933 2147 3977; x_wconf 87' lang='lat' dir='ltr'><strong>ascensus</strong></span> <span class='ocrx_word' id='word_1_619' title='bbox 2167 3922 2224 3973; x_wconf 89' lang='lat' dir='ltr'><strong>et</strong></span> <span class='ocrx_word' id='word_1_620' title='bbox 2252 3917 2580 3974; x_wconf 85' lang='lat' dir='ltr'><strong>descensus</strong></span> <span class='ocrx_word' id='word_1_621' title='bbox 2603 3918 2880 3974; x_wconf 88' lang='lat' dir='ltr'><strong>cernitur.</strong></span> <span class='ocrx_word' id='word_1_622' title='bbox 2903 3915 3249 3972; x_wconf 79' lang='lat' dir='ltr'><strong>Ascendunt</strong></span> <span class='ocrx_word' id='word_1_623' title='bbox 3267 3913 3516 3986; x_wconf 89' lang='lat' dir='ltr'><strong>quidem</strong></span> 
     </span>
    </p>
   </div>
   <div class='ocr_carea' id='block_1_86' title="bbox 1861 4001 3513 4081">
    <p class='ocr_par' dir='ltr' id='par_1_86' title="bbox 1861 4001 3513 4081">
     <span class='ocr_line' id='line_1_86' title="bbox 1861 4001 3513 4081; baseline -0.005 -16"><span class='ocrx_word' id='word_1_624' title='bbox 1861 4022 2054 4081; x_wconf 87' lang='lat' dir='ltr'><strong>usque</strong></span> <span class='ocrx_word' id='word_1_625' title='bbox 2083 4005 2161 4061; x_wconf 91' lang='lat' dir='ltr'><strong>ad</strong></span> <span class='ocrx_word' id='word_1_626' title='bbox 2189 4005 2375 4061; x_wconf 61' lang='lat' dir='ltr'><strong>caelos</strong></span> <span class='ocrx_word' id='word_1_627' title='bbox 2415 4005 2714 4075; x_wconf 87' lang='lat' dir='ltr'><strong>homines,</strong></span> <span class='ocrx_word' id='word_1_628' title='bbox 2763 4003 3141 4062; x_wconf 88' lang='lat' dir='ltr'><strong>descendunt</strong></span> <span class='ocrx_word' id='word_1_629' title='bbox 3190 4016 3384 4074; x_wconf 87' lang='lat' dir='ltr'><strong>usque</strong></span> <span class='ocrx_word' id='word_1_630' title='bbox 3434 4001 3513 4058; x_wconf 92' lang='lat' dir='ltr'><strong>ad</strong></span> 
     </span>
    </p>
   </div>
   <div class='ocr_carea' id='block_1_87' title="bbox 1863 4093 3514 4168">
    <p class='ocr_par' dir='ltr' id='par_1_87' title="bbox 1863 4093 3514 4168">
     <span class='ocr_line' id='line_1_87' title="bbox 1863 4093 3514 4168; baseline -0.005 -14"><span class='ocrx_word' id='word_1_631' title='bbox 1863 4095 2155 4168; x_wconf 84' lang='lat' dir='ltr'><strong>abyssum</strong></span> <span class='ocrx_word' id='word_1_632' title='bbox 2185 4093 2512 4152; x_wconf 74' lang='lat' dir='ltr'><strong>daemones.</strong></span> <span class='ocrx_word' id='word_1_633' title='bbox 2551 4094 2798 4164; x_wconf 83' lang='lat' dir='ltr'><strong>Regium</strong></span> <span class='ocrx_word' id='word_1_634' title='bbox 2852 4098 3158 4165; x_wconf 88' lang='lat' dir='ltr'><strong>sceptrum</strong></span> <span class='ocrx_word' id='word_1_635' title='bbox 3207 4107 3354 4150; x_wconf 83' lang='lat' dir='ltr'><strong>crux</strong></span> <span class='ocrx_word' id='word_1_636' title='bbox 3404 4093 3514 4156; x_wconf 91' lang='lat' dir='ltr'><strong>est,</strong></span> 
     </span>
    </p>
   </div>
   <div class='ocr_carea' id='block_1_88' title="bbox 1861 4179 3512 4255">
    <p class='ocr_par' dir='ltr' id='par_1_88' title="bbox 1861 4179 3512 4255">
     <span class='ocr_line' id='line_1_88' title="bbox 1861 4179 3512 4255; baseline -0.004 -15"><span class='ocrx_word' id='word_1_637' title='bbox 1861 4183 2075 4240; x_wconf 79' lang='lat' dir='ltr'><strong>Adami</strong></span> <span class='ocrx_word' id='word_1_638' title='bbox 2087 4182 2340 4254; x_wconf 90' lang='lat' dir='ltr'><strong>posteris</strong></span> <span class='ocrx_word' id='word_1_639' title='bbox 2356 4197 2470 4255; x_wconf 88' lang='lat' dir='ltr'><strong>usq</strong></span> <span class='ocrx_word' id='word_1_640' title='bbox 2479 4198 2550 4242; x_wconf 87' lang='lat' dir='ltr'><strong>ue</strong></span> <span class='ocrx_word' id='word_1_641' title='bbox 2565 4181 2643 4238; x_wconf 90' lang='lat' dir='ltr'><strong>ad</strong></span> <span class='ocrx_word' id='word_1_642' title='bbox 2656 4181 2839 4238; x_wconf 85' lang='lat' dir='ltr'><strong>ﬁnem</strong></span> <span class='ocrx_word' id='word_1_643' title='bbox 2873 4181 3072 4238; x_wconf 67' lang='lat' dir='ltr'><strong>saeculi</strong></span> <span class='ocrx_word' id='word_1_644' title='bbox 3086 4179 3512 4237; x_wconf 87' lang='lat' dir='ltr'><strong>admirandum</strong></span> 
     </span>
    </p>
   </div>
   <div class='ocr_carea' id='block_1_89' title="bbox 1862 4267 3517 4342">
    <p class='ocr_par' dir='ltr' id='par_1_89' title="bbox 1862 4267 3517 4342">
     <span class='ocr_line' id='line_1_89' title="bbox 1862 4267 3517 4342; baseline -0.001 -16"><span class='ocrx_word' id='word_1_645' title='bbox 1862 4277 1920 4327; x_wconf 88' lang='lat' dir='ltr'><strong>et</strong></span> <span class='ocrx_word' id='word_1_646' title='bbox 1969 4271 2384 4342; x_wconf 85' lang='lat' dir='ltr'><strong>conspicuum,</strong></span> <span class='ocrx_word' id='word_1_647' title='bbox 2440 4270 2707 4342; x_wconf 90' lang='lat' dir='ltr'><strong>ipsisque</strong></span> <span class='ocrx_word' id='word_1_648' title='bbox 2773 4270 3004 4340; x_wconf 82' lang='lat' dir='ltr'><strong>angelis</strong></span> <span class='ocrx_word' id='word_1_649' title='bbox 3097 4267 3517 4325; x_wconf 74' lang='lat' dir='ltr'><strong>reverendam.</strong></span> 
     </span>
    </p>
   </div>
   <div class='ocr_carea' id='block_1_90' title="bbox 1866 4356 3514 4431">
    <p class='ocr_par' dir='ltr' id='par_1_90' title="bbox 1866 4356 3514 4431">
     <span class='ocr_line' id='line_1_90' title="bbox 1866 4356 3514 4431; baseline -0.003 -16"><span class='ocrx_word' id='word_1_650' title='bbox 1866 4361 2030 4416; x_wconf 82' lang='lat' dir='ltr'><strong>Tunc</strong></span> <span class='ocrx_word' id='word_1_651' title='bbox 2057 4359 2460 4431; x_wconf 81' lang='lat' dir='ltr'><strong>enim,inquit,</strong></span> <span class='ocrx_word' id='word_1_652' title='bbox 2481 4359 2715 4428; x_wconf 78' lang='lat' dir='ltr'><strong>parebit</strong></span> <span class='ocrx_word' id='word_1_653' title='bbox 2737 4361 2975 4431; x_wconf 80' lang='lat' dir='ltr'><strong>signum</strong></span> <span class='ocrx_word' id='word_1_654' title='bbox 3001 4358 3148 4414; x_wconf 77' lang='lat' dir='ltr'><strong>Filii</strong></span> <span class='ocrx_word' id='word_1_655' title='bbox 3170 4359 3422 4414; x_wconf 79' lang='lat' dir='ltr'><strong>hominis</strong></span> <span class='ocrx_word' id='word_1_656' title='bbox 3449 4356 3514 4411; x_wconf 80' lang='lat' dir='ltr'><strong>in</strong></span> 
     </span>
    </p>
   </div>
   <div class='ocr_carea' id='block_1_91' title="bbox 1865 4444 3516 4520">
    <p class='ocr_par' dir='ltr' id='par_1_91' title="bbox 1865 4444 3516 4520">
     <span class='ocr_line' id='line_1_91' title="bbox 1865 4444 3516 4520; baseline -0.002 -14"><span class='ocrx_word' id='word_1_657' title='bbox 1865 4451 2031 4513; x_wconf 61' lang='lat' dir='ltr'><strong>creto,</strong></span> <span class='ocrx_word' id='word_1_658' title='bbox 2055 4455 2109 4505; x_wconf 90' lang='lat' dir='ltr'><strong>et</strong></span> <span class='ocrx_word' id='word_1_659' title='bbox 2123 4449 2417 4516; x_wconf 82' lang='lat' dir='ltr'><strong>ptangent</strong></span> <span class='ocrx_word' id='word_1_660' title='bbox 2437 4463 2636 4504; x_wconf 84' lang='lat' dir='ltr'><strong>omnes</strong></span> <span class='ocrx_word' id='word_1_661' title='bbox 2657 4449 2849 4504; x_wconf 81' lang='lat' dir='ltr'><strong>tribus</strong></span> <span class='ocrx_word' id='word_1_662' title='bbox 2868 4454 3046 4505; x_wconf 68' lang='lat' dir='ltr'><strong>terrae</strong></span> <span class='ocrx_word' id='word_1_663' title='bbox 3065 4448 3135 4513; x_wconf 75' lang='grc'><strong><em>⁵⁸,</em></strong></span> <span class='ocrx_word' id='word_1_664' title='bbox 3156 4463 3292 4520; x_wconf 75' lang='lat' dir='ltr'><strong>quae</strong></span> <span class='ocrx_word' id='word_1_665' title='bbox 3313 4444 3516 4502; x_wconf 88' lang='lat' dir='ltr'><strong>videli-</strong></span> 
     </span>
    </p>
   </div>
   <div class='ocr_carea' id='block_1_92' title="bbox 149 4535 1754 4613">
    <p class='ocr_par' dir='ltr' id='par_1_92' title="bbox 149 4535 1754 4613">
     <span class='ocr_line' id='line_1_92' title="bbox 149 4535 1754 4613; baseline 0.002 -22"><span class='ocrx_word' id='word_1_666' title='bbox 149 4548 248 4602; x_wconf 75' lang='grc' dir='ltr'><strong><em>τῆς</em></strong></span> <span class='ocrx_word' id='word_1_667' title='bbox 283 4547 407 4610; x_wconf 69' lang='grc' dir='ltr'><strong><em>γῆς,</em></strong></span> <span class='ocrx_word' id='word_1_668' title='bbox 448 4541 570 4592; x_wconf 84' lang='grc' dir='ltr'><strong><em>ὅσαι</em></strong></span> <span class='ocrx_word' id='word_1_669' title='bbox 618 4535 831 4598; x_wconf 73' lang='grc' dir='ltr'><strong><em>δηλαδὴ</em></strong></span> <span class='ocrx_word' id='word_1_670' title='bbox 875 4545 950 4613; x_wconf 77' lang='grc' dir='ltr'><strong>μὴ</strong></span> <span class='ocrx_word' id='word_1_671' title='bbox 1004 4548 1096 4602; x_wconf 79' lang='grc' dir='ltr'><strong><em>τῆς</em></strong></span> <span class='ocrx_word' id='word_1_672' title='bbox 1135 4541 1296 4601; x_wconf 74' lang='grc' dir='ltr'><strong><em>αὐτῆς</em></strong></span> <span class='ocrx_word' id='word_1_673' title='bbox 1341 4547 1561 4603; x_wconf 83' lang='grc' dir='ltr'><strong><em>πίστεως</em></strong></span> <span class='ocrx_word' id='word_1_674' title='bbox 1598 4542 1754 4596; x_wconf 78' lang='grc' dir='ltr'><strong><em>οὖσαι</em></strong></span> 
     </span>
    </p>
   </div>
   <div class='ocr_carea' id='block_1_93' title="bbox 1865 4535 3516 4613">
    <p class='ocr_par' dir='ltr' id='par_1_93' title="bbox 1865 4536 3516 4610">
     <span class='ocr_line' id='line_1_93' title="bbox 1865 4536 3516 4610; baseline -0.002 -16"><span class='ocrx_word' id='word_1_675' title='bbox 1865 4537 2162 4606; x_wconf 87' lang='lat' dir='ltr'><strong>cet,ﬁdem</strong></span> <span class='ocrx_word' id='word_1_676' title='bbox 2192 4537 2519 4594; x_wconf 76' lang='lat' dir='ltr'><strong>Abrahami</strong></span> <span class='ocrx_word' id='word_1_677' title='bbox 2545 4553 2663 4593; x_wconf 90' lang='lat' dir='ltr'><strong>non</strong></span> <span class='ocrx_word' id='word_1_678' title='bbox 2685 4537 3164 4610; x_wconf 65' lang='lat' dir='ltr'><strong>complexemon</strong></span> <span class='ocrx_word' id='word_1_679' title='bbox 3179 4536 3516 4593; x_wconf 80' lang='lat' dir='ltr'><strong>exsultave-</strong></span> 
     </span>
    </p>
   </div>
   <div class='ocr_carea' id='block_1_94' title="bbox 151 4626 1757 4702">
    <p class='ocr_par' dir='ltr' id='par_1_94' title="bbox 151 4626 1757 4702">
     <span class='ocr_line' id='line_1_94' title="bbox 151 4626 1757 4702; baseline 0.001 -22"><span class='ocrx_word' id='word_1_680' title='bbox 151 4636 226 4698; x_wconf 78' lang='grc' dir='ltr'><strong>τῷ</strong></span> <span class='ocrx_word' id='word_1_681' title='bbox 261 4626 501 4702; x_wconf 78' lang='grc' dir='ltr'><strong>’Δϐραὰμ</strong></span> <span class='ocrx_word' id='word_1_682' title='bbox 543 4628 638 4680; x_wconf 82' lang='grc' dir='ltr'><strong>οῦκ</strong></span> <span class='ocrx_word' id='word_1_683' title='bbox 680 4627 1086 4699; x_wconf 67' lang='grc' dir='ltr'><strong><em>ἠγαλλιάσαντο,</em></strong></span> <span class='ocrx_word' id='word_1_684' title='bbox 1129 4626 1260 4682; x_wconf 82' lang='grc' dir='ltr'><strong><em>ἰδεῖν</em></strong></span> <span class='ocrx_word' id='word_1_685' title='bbox 1300 4633 1395 4687; x_wconf 79' lang='grc' dir='ltr'><strong><em>τὴν</em></strong></span> <span class='ocrx_word' id='word_1_686' title='bbox 1433 4631 1630 4702; x_wconf 52' lang='grc' dir='ltr'><strong><em>ἠμραν</em></strong></span> <span class='ocrx_word' id='word_1_687' title='bbox 1666 4638 1757 4683; x_wconf 90' lang='grc' dir='ltr'><strong>τοῦ</strong></span> 
     </span>
    </p>
   </div>
   <div class='ocr_carea' id='block_1_95' title="bbox 151 4712 1753 4792">
    <p class='ocr_par' dir='ltr' id='par_1_95' title="bbox 151 4712 1753 4792">
     <span class='ocr_line' id='line_1_95' title="bbox 151 4712 1753 4792; baseline 0.002 -23"><span class='ocrx_word' id='word_1_688' title='bbox 151 4718 354 4777; x_wconf 76' lang='grc' dir='ltr'><strong><em>πάθους</em></strong></span> <span class='ocrx_word' id='word_1_689' title='bbox 399 4715 581 4782; x_wconf 73' lang='grc' dir='ltr'><strong><em>αὐτοῦ,</em></strong></span> <span class='ocrx_word' id='word_1_690' title='bbox 616 4717 645 4774; x_wconf 71' lang='grc' dir='ltr'>ἢ</span> <span class='ocrx_word' id='word_1_691' title='bbox 696 4722 787 4770; x_wconf 74' lang='grc' dir='ltr'><strong><em>καὶ</em></strong></span> <span class='ocrx_word' id='word_1_692' title='bbox 836 4712 1052 4770; x_wconf 81' lang='grc' dir='ltr'><strong><em>ἰδοῦσαι</em></strong></span> <span class='ocrx_word' id='word_1_693' title='bbox 1103 4717 1198 4770; x_wconf 75' lang='grc' dir='ltr'><strong><em>οὐκ</em></strong></span> <span class='ocrx_word' id='word_1_694' title='bbox 1249 4717 1524 4792; x_wconf 76' lang='grc' dir='ltr'><strong><em>ἐχάρησαν</em></strong></span> <span class='ocrx_word' id='word_1_695' title='bbox 1557 4718 1640 4772; x_wconf 72' lang='grc' dir='ltr'><strong>ἐπὶ</strong></span> <span class='ocrx_word' id='word_1_696' title='bbox 1691 4727 1753 4791; x_wconf 72' lang='grc' dir='ltr'><strong><em>τῇ</em></strong></span> 
     </span>
    </p>
   </div>
   <div class='ocr_carea' id='block_1_96' title="bbox 153 4801 1758 4880">
    <p class='ocr_par' dir='ltr' id='par_1_96' title="bbox 153 4801 1758 4880">
     <span class='ocr_line' id='line_1_96' title="bbox 153 4801 1758 4880; baseline 0 -22"><span class='ocrx_word' id='word_1_697' title='bbox 153 4803 286 4878; x_wconf 71' lang='grc' dir='ltr'><strong><em>δόξῃ</em></strong></span> <span class='ocrx_word' id='word_1_698' title='bbox 344 4804 526 4857; x_wconf 73' lang='grc' dir='ltr'><strong><em>αὐτοῦ’</em></strong></span> <span class='ocrx_word' id='word_1_699' title='bbox 580 4804 772 4877; x_wconf 86' lang='grc' dir='ltr'><strong><em>μᾶλλον</em></strong></span> <span class='ocrx_word' id='word_1_700' title='bbox 834 4801 895 4858; x_wconf 72' lang='grc' dir='ltr'><strong>δε</strong></span> <span class='ocrx_word' id='word_1_701' title='bbox 943 4810 1031 4858; x_wconf 78' lang='grc' dir='ltr'><strong><em>καὶ</em></strong></span> <span class='ocrx_word' id='word_1_702' title='bbox 1091 4808 1323 4880; x_wconf 75' lang='grc' dir='ltr'><strong><em>θρασέως</em></strong></span> <span class='ocrx_word' id='word_1_703' title='bbox 1371 4805 1630 4872; x_wconf 76' lang='grc' dir='ltr'><strong><em>ἀντεῖπον,</em></strong></span> <span class='ocrx_word' id='word_1_704' title='bbox 1681 4807 1758 4859; x_wconf 77' lang='grc' dir='ltr'><strong>Οὐ</strong></span> 
     </span>
    </p>
   </div>
   <div class='ocr_carea' id='block_1_97' title="bbox 156 4892 1215 4966">
    <p class='ocr_par' dir='ltr' id='par_1_97' title="bbox 156 4892 1215 4966">
     <span class='ocr_line' id='line_1_97' title="bbox 156 4892 1215 4966; baseline 0.002 -20"><span class='ocrx_word' id='word_1_705' title='bbox 156 4894 364 4965; x_wconf 76' lang='grc' dir='ltr'><strong><em>θέλομεν</em></strong></span> <span class='ocrx_word' id='word_1_706' title='bbox 391 4901 572 4945; x_wconf 89' lang='grc' dir='ltr'><strong><em>τοῦτον</em></strong></span> <span class='ocrx_word' id='word_1_707' title='bbox 604 4892 920 4966; x_wconf 79' lang='grc' dir='ltr'><strong><em>βασιλεῦσαι</em></strong></span> <span class='ocrx_word' id='word_1_708' title='bbox 950 4892 1025 4965; x_wconf 72' lang='grc' dir='ltr'><strong>ἐφ’</strong></span> <span class='ocrx_word' id='word_1_709' title='bbox 1055 4895 1215 4966; x_wconf 79' lang='grc' dir='ltr'><strong>ἡμᾶς.</strong></span> 
     </span>
    </p>
   </div>
   <div class='ocr_carea' id='block_1_98' title="bbox 227 4981 1758 5059">
    <p class='ocr_par' dir='ltr' id='par_1_98' title="bbox 227 4981 1758 5059">
     <span class='ocr_line' id='line_1_98' title="bbox 227 4981 1758 5059; baseline 0.002 -25"><span class='ocrx_word' id='word_1_710' title='bbox 227 4986 629 5056; x_wconf 73' lang='grc' dir='ltr'><strong><em>Θυσιαστηριόν</em></strong></span> <span class='ocrx_word' id='word_1_711' title='bbox 695 4981 835 5034; x_wconf 70' lang='grc' dir='ltr'><strong><em>ἔστιν</em></strong></span> <span class='ocrx_word' id='word_1_712' title='bbox 901 4984 928 5036; x_wconf 90' lang='lat'><strong>6</strong></span> <span class='ocrx_word' id='word_1_713' title='bbox 992 4987 1232 5056; x_wconf 80' lang='grc' dir='ltr'><strong><em>σταυρὸς.</em></strong></span> <span class='ocrx_word' id='word_1_714' title='bbox 1290 4983 1378 5037; x_wconf 88' lang='grc' dir='ltr'><strong><em>Ἐν</em></strong></span> <span class='ocrx_word' id='word_1_715' title='bbox 1446 4983 1586 5054; x_wconf 75' lang='grc' dir='ltr'><strong><em>αὐτῷ</em></strong></span> <span class='ocrx_word' id='word_1_716' title='bbox 1655 4987 1758 5059; x_wconf 73' lang='grc' dir='ltr'><strong>γὰρ</strong></span> 
     </span>
    </p>
   </div>
   <div class='ocr_carea' id='block_1_99' title="bbox 152 5068 1757 5146">
    <p class='ocr_par' dir='ltr' id='par_1_99' title="bbox 152 5068 1757 5146">
     <span class='ocr_line' id='line_1_99' title="bbox 152 5068 1757 5146; baseline 0.001 -23"><span class='ocrx_word' id='word_1_717' title='bbox 152 5073 310 5128; x_wconf 67' lang='grc' dir='ltr'><strong><em>ἐτύθη</em></strong></span> <span class='ocrx_word' id='word_1_718' title='bbox 339 5072 365 5122; x_wconf 88' lang='lat'><strong>6</strong></span> <span class='ocrx_word' id='word_1_719' title='bbox 411 5068 568 5142; x_wconf 82' lang='grc' dir='ltr'><strong><em>ἀμνὸς</em></strong></span> <span class='ocrx_word' id='word_1_720' title='bbox 615 5078 706 5122; x_wconf 89' lang='grc' dir='ltr'><strong>τοῦ</strong></span> <span class='ocrx_word' id='word_1_721' title='bbox 746 5077 902 5138; x_wconf 86' lang='grc' dir='ltr'><strong><em>Θεοῦ,</em></strong></span> <span class='ocrx_word' id='word_1_722' title='bbox 943 5072 969 5122; x_wconf 92' lang='lat'><strong>6</strong></span> <span class='ocrx_word' id='word_1_723' title='bbox 1019 5073 1177 5146; x_wconf 79' lang='grc' dir='ltr'><strong><em>αἴρων</em></strong></span> <span class='ocrx_word' id='word_1_724' title='bbox 1219 5076 1310 5129; x_wconf 78' lang='grc' dir='ltr'><strong><em>τὴν</em></strong></span> <span class='ocrx_word' id='word_1_725' title='bbox 1356 5069 1614 5146; x_wconf 80' lang='grc' dir='ltr'><strong><em>ἁμαρτίαν</em></strong></span> <span class='ocrx_word' id='word_1_726' title='bbox 1665 5081 1757 5124; x_wconf 88' lang='grc' dir='ltr'><strong>τοῦ</strong></span> 
     </span>
    </p>
   </div>
   <div class='ocr_carea' id='block_1_100' title="bbox 151 5161 1758 5236">
    <p class='ocr_par' dir='ltr' id='par_1_100' title="bbox 151 5161 1758 5236">
     <span class='ocr_line' id='line_1_100' title="bbox 151 5161 1758 5236; baseline 0 -24"><span class='ocrx_word' id='word_1_727' title='bbox 151 5165 377 5232; x_wconf 73' lang='grc' dir='ltr'><strong><em>κόσμου,</em></strong></span> <span class='ocrx_word' id='word_1_728' title='bbox 437 5164 528 5212; x_wconf 81' lang='grc' dir='ltr'><strong>καί</strong></span> <span class='ocrx_word' id='word_1_729' title='bbox 573 5167 636 5231; x_wconf 71' lang='grc' dir='ltr'><strong><em>τῇ</em></strong></span> <span class='ocrx_word' id='word_1_730' title='bbox 700 5161 1066 5231; x_wconf 82' lang='grc' dir='ltr'><strong><em>θεοῦποστοίτῳ</em></strong></span> <span class='ocrx_word' id='word_1_731' title='bbox 1117 5165 1276 5231; x_wconf 78' lang='grc' dir='ltr'><strong><em>σαρκὶ</em></strong></span> <span class='ocrx_word' id='word_1_732' title='bbox 1325 5166 1516 5231; x_wconf 80' lang='grc' dir='ltr'><strong><em>καὶτῷ</em></strong></span> <span class='ocrx_word' id='word_1_733' title='bbox 1551 5161 1758 5236; x_wconf 79' lang='grc' dir='ltr'><strong><em>θεοῤῥῦ-</em></strong></span> 
     </span>
    </p>
   </div>
   <div class='ocr_carea' id='block_1_101' title="bbox 150 5245 1755 5324">
    <p class='ocr_par' dir='ltr' id='par_1_101' title="bbox 150 5245 1755 5324">
     <span class='ocr_line' id='line_1_101' title="bbox 150 5245 1755 5324; baseline -0.001 -22"><span class='ocrx_word' id='word_1_734' title='bbox 150 5267 221 5320; x_wconf 75' lang='grc' dir='ltr'><strong><em>τῳ</em></strong></span> <span class='ocrx_word' id='word_1_735' title='bbox 277 5246 465 5319; x_wconf 78' lang='grc' dir='ltr'><strong><em>αἱματι</em></strong></span> <span class='ocrx_word' id='word_1_736' title='bbox 520 5245 766 5309; x_wconf 80' lang='grc' dir='ltr'><strong><em>όλοτελῶς</em></strong></span> <span class='ocrx_word' id='word_1_737' title='bbox 824 5250 1208 5319; x_wconf 67' lang='grc' dir='ltr'><strong><em>καθηγίασται.</em></strong></span> <span class='ocrx_word' id='word_1_738' title='bbox 1265 5250 1458 5311; x_wconf 71' lang='grc' dir='ltr'><strong><em>Μεῖζον</em></strong></span> <span class='ocrx_word' id='word_1_739' title='bbox 1513 5253 1616 5324; x_wconf 73' lang='grc' dir='ltr'><strong>γὰρ</strong></span> <span class='ocrx_word' id='word_1_740' title='bbox 1685 5249 1755 5301; x_wconf 77' lang='grc' dir='ltr'><strong>ἐν·</strong></span> 
     </span>
    </p>
   </div>
   <div class='ocr_carea' id='block_1_102' title="bbox 150 5332 1757 5411">
    <p class='ocr_par' dir='ltr' id='par_1_102' title="bbox 150 5332 1757 5411">
     <span class='ocr_line' id='line_1_102' title="bbox 150 5332 1757 5411; baseline -0.001 -21"><span class='ocrx_word' id='word_1_741' title='bbox 150 5339 320 5390; x_wconf 86' lang='grc' dir='ltr'><strong><em>ταῦθα</em></strong></span> <span class='ocrx_word' id='word_1_742' title='bbox 376 5339 439 5388; x_wconf 87' lang='grc' dir='ltr'><strong>τὸ</strong></span> <span class='ocrx_word' id='word_1_743' title='bbox 503 5332 671 5410; x_wconf 86' lang='grc' dir='ltr'><strong><em>δῶρον</em></strong></span> <span class='ocrx_word' id='word_1_744' title='bbox 732 5343 825 5388; x_wconf 90' lang='grc' dir='ltr'><strong>τοῦ</strong></span> <span class='ocrx_word' id='word_1_745' title='bbox 875 5339 1296 5411; x_wconf 68' lang='grc' dir='ltr'><strong><em>θυσιαστηρίου,</em></strong></span> <span class='ocrx_word' id='word_1_746' title='bbox 1361 5342 1450 5389; x_wconf 81' lang='grc' dir='ltr'><strong><em>καὶ</em></strong></span> <span class='ocrx_word' id='word_1_747' title='bbox 1507 5337 1606 5389; x_wconf 83' lang='grc' dir='ltr'><strong><em>ῦπό</em></strong></span> <span class='ocrx_word' id='word_1_748' title='bbox 1665 5346 1757 5389; x_wconf 87' lang='grc' dir='ltr'><strong>τοῦ</strong></span> 
     </span>
    </p>
   </div>
   <div class='ocr_carea' id='block_1_103' title="bbox 155 5424 1756 5502">
    <p class='ocr_par' dir='ltr' id='par_1_103' title="bbox 155 5424 1756 5502">
     <span class='ocr_line' id='line_1_103' title="bbox 155 5424 1756 5502; baseline 0 -23"><span class='ocrx_word' id='word_1_749' title='bbox 155 5424 326 5502; x_wconf 79' lang='grc' dir='ltr'><strong><em>δώρου</em></strong></span> <span class='ocrx_word' id='word_1_750' title='bbox 370 5429 432 5478; x_wconf 89' lang='grc' dir='ltr'><strong>τὸ</strong></span> <span class='ocrx_word' id='word_1_751' title='bbox 492 5425 869 5498; x_wconf 78' lang='grc' dir='ltr'><strong><em>θυσιαστήριον</em></strong></span> <span class='ocrx_word' id='word_1_752' title='bbox 915 5427 1317 5497; x_wconf 72' lang='grc' dir='ltr'><strong><em>καθαγιοίζεται.</em></strong></span> <span class='ocrx_word' id='word_1_753' title='bbox 1353 5425 1489 5485; x_wconf 75' lang='grc' dir='ltr'><strong><em>Πλὴν</em></strong></span> <span class='ocrx_word' id='word_1_754' title='bbox 1536 5426 1624 5478; x_wconf 76' lang='grc' dir='ltr'><strong><em>οὖν</em></strong></span> <span class='ocrx_word' id='word_1_755' title='bbox 1666 5433 1756 5479; x_wconf 82' lang='grc' dir='ltr'><strong><em>καὶ</em></strong></span> 
     </span>
    </p>
   </div>
   <div class='ocr_carea' id='block_1_104' title="bbox 1865 4624 3514 4698">
    <p class='ocr_par' dir='ltr' id='par_1_104' title="bbox 1865 4624 3514 4698">
     <span class='ocr_line' id='line_1_104' title="bbox 1865 4624 3514 4698; baseline -0.002 -16"><span class='ocrx_word' id='word_1_756' title='bbox 1865 4631 2005 4682; x_wconf 89' lang='lat' dir='ltr'><strong>runt</strong></span> <span class='ocrx_word' id='word_1_757' title='bbox 2029 4626 2228 4682; x_wconf 85' lang='lat' dir='ltr'><strong>videre</strong></span> <span class='ocrx_word' id='word_1_758' title='bbox 2253 4625 2417 4682; x_wconf 89' lang='lat' dir='ltr'><strong>diem</strong></span> <span class='ocrx_word' id='word_1_759' title='bbox 2449 4625 2750 4698; x_wconf 88' lang='lat' dir='ltr'><strong>passionis</strong></span> <span class='ocrx_word' id='word_1_760' title='bbox 2780 4627 2931 4697; x_wconf 80' lang='lat' dir='ltr'><strong>ejus,</strong></span> <span class='ocrx_word' id='word_1_761' title='bbox 2963 4625 3054 4684; x_wconf 86' lang='lat' dir='ltr'><strong>vel</strong></span> <span class='ocrx_word' id='word_1_762' title='bbox 3111 4625 3164 4682; x_wconf 89' lang='lat' dir='ltr'><strong>si</strong></span> <span class='ocrx_word' id='word_1_763' title='bbox 3217 4624 3514 4687; x_wconf 82' lang='lat' dir='ltr'><strong>viderunt,</strong></span> 
     </span>
    </p>
   </div>
   <div class='ocr_carea' id='block_1_105' title="bbox 1866 4711 3515 4788">
    <p class='ocr_par' dir='ltr' id='par_1_105' title="bbox 1866 4711 3515 4788">
     <span class='ocr_line' id='line_1_105' title="bbox 1866 4711 3515 4788; baseline -0.002 -16"><span class='ocrx_word' id='word_1_764' title='bbox 1866 4730 1988 4772; x_wconf 87' lang='lat' dir='ltr'><strong>non</strong></span> <span class='ocrx_word' id='word_1_765' title='bbox 2019 4715 2244 4783; x_wconf 66' lang='lat' dir='ltr'><strong>gavisae</strong></span> <span class='ocrx_word' id='word_1_766' title='bbox 2271 4720 2407 4772; x_wconf 83' lang='lat' dir='ltr'><strong>sunt</strong></span> <span class='ocrx_word' id='word_1_767' title='bbox 2427 4713 2508 4770; x_wconf 93' lang='lat' dir='ltr'><strong>ob</strong></span> <span class='ocrx_word' id='word_1_768' title='bbox 2520 4714 2771 4783; x_wconf 85' lang='lat' dir='ltr'><strong>gloriam</strong></span> <span class='ocrx_word' id='word_1_769' title='bbox 2798 4716 2949 4785; x_wconf 87' lang='lat' dir='ltr'><strong>ejus,</strong></span> <span class='ocrx_word' id='word_1_770' title='bbox 2962 4716 3108 4788; x_wconf 90' lang='lat' dir='ltr'><strong>quin</strong></span> <span class='ocrx_word' id='word_1_771' title='bbox 3121 4713 3319 4786; x_wconf 89' lang='lat' dir='ltr'><strong>potius</strong></span> <span class='ocrx_word' id='word_1_772' title='bbox 3331 4711 3515 4769; x_wconf 86' lang='lat' dir='ltr'><strong>auda-</strong></span> 
     </span>
    </p>
   </div>
   <div class='ocr_carea' id='block_1_106' title="bbox 1865 4803 3518 4872">
    <p class='ocr_par' dir='ltr' id='par_1_106' title="bbox 1865 4803 3518 4872">
     <span class='ocr_line' id='line_1_106' title="bbox 1865 4803 3518 4872; baseline -0.002 -13"><span class='ocrx_word' id='word_1_773' title='bbox 1865 4809 1989 4860; x_wconf 85' lang='lat' dir='ltr'><strong>cter</strong></span> <span class='ocrx_word' id='word_1_774' title='bbox 2017 4803 2527 4860; x_wconf 83' lang='lat' dir='ltr'><strong>contradixerunt:</strong></span> <span class='ocrx_word' id='word_1_775' title='bbox 2555 4805 2838 4863; x_wconf 76' lang='lat' dir='ltr'><strong>Nolumus</strong></span> <span class='ocrx_word' id='word_1_776' title='bbox 2860 4804 3020 4861; x_wconf 81' lang='lat' dir='ltr'><strong>hunc</strong></span> <span class='ocrx_word' id='word_1_777' title='bbox 3046 4817 3304 4872; x_wconf 82' lang='lat' dir='ltr'><strong>regnare</strong></span> <span class='ocrx_word' id='word_1_778' title='bbox 3337 4814 3518 4869; x_wconf 79' lang='lat' dir='ltr'><strong>super</strong></span> 
     </span>
    </p>
   </div>
   <div class='ocr_carea' id='block_1_107' title="bbox 1865 4894 2074 4947">
    <p class='ocr_par' dir='ltr' id='par_1_107' title="bbox 1865 4894 2074 4947">
     <span class='ocr_line' id='line_1_107' title="bbox 1865 4894 2074 4947; baseline -0.014 0"><span class='ocrx_word' id='word_1_779' title='bbox 1865 4907 1974 4947; x_wconf 81' lang='lat' dir='ltr'><strong>nos</strong></span> <span class='ocrx_word' id='word_1_780' title='bbox 2008 4894 2074 4944; x_wconf 63' lang='grc' dir='ltr'><strong>π.</strong></span> 
     </span>
    </p>
   </div>
   <div class='ocr_carea' id='block_1_108' title="bbox 1935 4977 3516 5052">
    <p class='ocr_par' dir='ltr' id='par_1_108' title="bbox 1935 4977 3516 5052">
     <span class='ocr_line' id='line_1_108' title="bbox 1935 4977 3516 5052; baseline -0.003 -15"><span class='ocrx_word' id='word_1_781' title='bbox 1935 4981 2134 5037; x_wconf 82' lang='lat' dir='ltr'><strong>Altare</strong></span> <span class='ocrx_word' id='word_1_782' title='bbox 2185 4983 2276 5036; x_wconf 86' lang='lat' dir='ltr'><strong>est</strong></span> <span class='ocrx_word' id='word_1_783' title='bbox 2322 4995 2488 5037; x_wconf 83' lang='lat' dir='ltr'><strong>crux.</strong></span> <span class='ocrx_word' id='word_1_784' title='bbox 2545 4985 2609 5037; x_wconf 84' lang='lat' dir='ltr'><strong>In</strong></span> <span class='ocrx_word' id='word_1_785' title='bbox 2635 4980 2771 5052; x_wconf 88' lang='lat' dir='ltr'><strong>ipsa</strong></span> <span class='ocrx_word' id='word_1_786' title='bbox 2831 4980 2991 5036; x_wconf 89' lang='lat' dir='ltr'><strong>enim</strong></span> <span class='ocrx_word' id='word_1_787' title='bbox 3023 4977 3391 5035; x_wconf 83' lang='lat' dir='ltr'><strong>sacriﬁcatus</strong></span> <span class='ocrx_word' id='word_1_788' title='bbox 3423 4980 3516 5032; x_wconf 90' lang='lat' dir='ltr'><strong>est</strong></span> 
     </span>
    </p>
   </div>
   <div class='ocr_carea' id='block_1_109' title="bbox 1868 5067 3514 5143">
    <p class='ocr_par' dir='ltr' id='par_1_109' title="bbox 1868 5067 3514 5143">
     <span class='ocr_line' id='line_1_109' title="bbox 1868 5067 3514 5143; baseline -0.002 -17"><span class='ocrx_word' id='word_1_789' title='bbox 1868 5075 2073 5140; x_wconf 83' lang='lat' dir='ltr'><strong>Agnus</strong></span> <span class='ocrx_word' id='word_1_790' title='bbox 2104 5070 2221 5136; x_wconf 89' lang='lat' dir='ltr'><strong>Dei,</strong></span> <span class='ocrx_word' id='word_1_791' title='bbox 2250 5072 2353 5142; x_wconf 91' lang='lat' dir='ltr'><strong>qui</strong></span> <span class='ocrx_word' id='word_1_792' title='bbox 2378 5071 2528 5126; x_wconf 89' lang='lat' dir='ltr'><strong>tollit</strong></span> <span class='ocrx_word' id='word_1_793' title='bbox 2557 5078 2870 5143; x_wconf 90' lang='lat' dir='ltr'><strong>peccatum</strong></span> <span class='ocrx_word' id='word_1_794' title='bbox 2908 5069 3139 5136; x_wconf 91' lang='lat' dir='ltr'><strong>mundi,</strong></span> <span class='ocrx_word' id='word_1_795' title='bbox 3162 5074 3219 5124; x_wconf 89' lang='lat' dir='ltr'><strong>et</strong></span> <span class='ocrx_word' id='word_1_796' title='bbox 3243 5083 3423 5123; x_wconf 88' lang='lat' dir='ltr'><strong>carne</strong></span> <span class='ocrx_word' id='word_1_797' title='bbox 3453 5067 3514 5123; x_wconf 88' lang='lat' dir='ltr'><strong>in</strong></span> 
     </span>
    </p>
   </div>
   <div class='ocr_carea' id='block_1_110' title="bbox 1865 5158 3515 5228">
    <p class='ocr_par' dir='ltr' id='par_1_110' title="bbox 1865 5158 3515 5228">
     <span class='ocr_line' id='line_1_110' title="bbox 1865 5158 3515 5228; baseline -0.001 -15"><span class='ocrx_word' id='word_1_798' title='bbox 1865 5160 1985 5214; x_wconf 92' lang='lat' dir='ltr'><strong>Deo</strong></span> <span class='ocrx_word' id='word_1_799' title='bbox 2006 5159 2383 5226; x_wconf 86' lang='lat' dir='ltr'><strong>subsistente,</strong></span> <span class='ocrx_word' id='word_1_800' title='bbox 2410 5168 2468 5215; x_wconf 88' lang='lat' dir='ltr'><strong>et</strong></span> <span class='ocrx_word' id='word_1_801' title='bbox 2502 5159 2709 5216; x_wconf 88' lang='lat' dir='ltr'><strong>divino</strong></span> <span class='ocrx_word' id='word_1_802' title='bbox 2753 5158 3043 5228; x_wconf 85' lang='lat' dir='ltr'><strong>sanguine</strong></span> <span class='ocrx_word' id='word_1_803' title='bbox 3099 5160 3515 5212; x_wconf 88' lang='lat' dir='ltr'><strong>consecratum</strong></span> 
     </span>
    </p>
   </div>
   <div class='ocr_carea' id='block_1_111' title="bbox 1866 5247 3514 5319">
    <p class='ocr_par' dir='ltr' id='par_1_111' title="bbox 1866 5247 3514 5319">
     <span class='ocr_line' id='line_1_111' title="bbox 1866 5247 3514 5319; baseline 0.001 -17"><span class='ocrx_word' id='word_1_804' title='bbox 1866 5248 2215 5319; x_wconf 87' lang='lat' dir='ltr'><strong>est;majus</strong></span> <span class='ocrx_word' id='word_1_805' title='bbox 2254 5251 2414 5304; x_wconf 91' lang='lat' dir='ltr'><strong>enim</strong></span> <span class='ocrx_word' id='word_1_806' title='bbox 2459 5247 2519 5302; x_wconf 91' lang='lat' dir='ltr'><strong>in</strong></span> <span class='ocrx_word' id='word_1_807' title='bbox 2574 5248 2881 5318; x_wconf 89' lang='lat' dir='ltr'><strong>proposito</strong></span> <span class='ocrx_word' id='word_1_808' title='bbox 2925 5260 3149 5302; x_wconf 90' lang='lat' dir='ltr'><strong>munus</strong></span> <span class='ocrx_word' id='word_1_809' title='bbox 3191 5249 3280 5300; x_wconf 87' lang='lat' dir='ltr'><strong>est</strong></span> <span class='ocrx_word' id='word_1_810' title='bbox 3326 5261 3514 5318; x_wconf 88' lang='lat' dir='ltr'><strong>quam</strong></span> 
     </span>
    </p>
   </div>
   <div class='ocr_carea' id='block_1_112' title="bbox 1866 5333 3515 5407">
    <p class='ocr_par' dir='ltr' id='par_1_112' title="bbox 1866 5333 3515 5407">
     <span class='ocr_line' id='line_1_112' title="bbox 1866 5333 3515 5407; baseline -0.003 -14"><span class='ocrx_word' id='word_1_811' title='bbox 1866 5337 2070 5404; x_wconf 88' lang='lat' dir='ltr'><strong>altare,</strong></span> <span class='ocrx_word' id='word_1_812' title='bbox 2105 5343 2160 5392; x_wconf 90' lang='lat' dir='ltr'><strong>et</strong></span> <span class='ocrx_word' id='word_1_813' title='bbox 2186 5351 2221 5390; x_wconf 82' lang='grc' dir='ltr'><strong>ιι</strong></span> <span class='ocrx_word' id='word_1_814' title='bbox 2249 5351 2496 5391; x_wconf 89' lang='lat' dir='ltr'><strong>munere</strong></span> <span class='ocrx_word' id='word_1_815' title='bbox 2528 5335 2712 5391; x_wconf 89' lang='lat' dir='ltr'><strong>altare</strong></span> <span class='ocrx_word' id='word_1_816' title='bbox 2733 5335 2934 5407; x_wconf 88' lang='lat' dir='ltr'><strong>ipsum</strong></span> <span class='ocrx_word' id='word_1_817' title='bbox 2957 5333 3378 5391; x_wconf 81' lang='lat' dir='ltr'><strong>sanctificatur.</strong></span> <span class='ocrx_word' id='word_1_818' title='bbox 3399 5335 3515 5389; x_wconf 72' lang='lat' dir='ltr'><strong>Cte-</strong></span> 
     </span>
    </p>
   </div>
   <div class='ocr_carea' id='block_1_113' title="bbox 1866 5423 3514 5505">
    <p class='ocr_par' dir='ltr' id='par_1_113' title="bbox 1866 5423 3514 5505">
     <span class='ocr_line' id='line_1_113' title="bbox 1866 5423 3514 5505; baseline -0.002 -23"><span class='ocrx_word' id='word_1_819' title='bbox 1866 5432 2063 5482; x_wconf 86' lang='lat' dir='ltr'><strong>terum</strong></span> <span class='ocrx_word' id='word_1_820' title='bbox 2086 5431 2145 5482; x_wconf 88' lang='lat' dir='ltr'><strong>et</strong></span> <span class='ocrx_word' id='word_1_821' title='bbox 2173 5426 2280 5499; x_wconf 91' lang='lat' dir='ltr'><strong>qui</strong></span> <span class='ocrx_word' id='word_1_822' title='bbox 2304 5426 2364 5482; x_wconf 91' lang='lat' dir='ltr'><strong>in</strong></span> <span class='ocrx_word' id='word_1_823' title='bbox 2394 5423 2509 5480; x_wconf 89' lang='lat' dir='ltr'><strong>hoc</strong></span> <span class='ocrx_word' id='word_1_824' title='bbox 2534 5424 2726 5480; x_wconf 88' lang='lat' dir='ltr'><strong>crucis</strong></span> <span class='ocrx_word' id='word_1_825' title='bbox 2756 5423 2926 5481; x_wconf 86' lang='lat' dir='ltr'><strong>altari</strong></span> <span class='ocrx_word' id='word_1_826' title='bbox 2948 5424 3130 5495; x_wconf 89' lang='lat' dir='ltr'><strong>jurat,</strong></span> <span class='ocrx_word' id='word_1_827' title='bbox 3167 5424 3331 5496; x_wconf 86' lang='lat' dir='ltr'><strong>jurat</strong></span> <span class='ocrx_word' id='word_1_828' title='bbox 3357 5439 3514 5505; x_wconf 48' lang='lat' dir='ltr'><strong>quo:-</strong></span> 
     </span>
    </p>
   </div>
   <div class='ocr_carea' id='block_1_114' title="bbox 222 5601 1754 5698">
    <p class='ocr_par' dir='ltr' id='par_1_114' title="bbox 222 5601 1754 5677">
     <span class='ocr_line' id='line_1_114' title="bbox 222 5601 1754 5677; baseline 0 -17"><span class='ocrx_word' id='word_1_829' title='bbox 222 5606 273 5642; x_wconf 65' lang='grc'><strong>’⁸</strong></span> <span class='ocrx_word' id='word_1_830' title='bbox 303 5605 444 5660; x_wconf 86' lang='lat' dir='ltr'><strong>Luc.</strong></span> <span class='ocrx_word' id='word_1_831' title='bbox 475 5617 519 5672; x_wconf 83' lang='grc' dir='ltr'><strong><em>ι,</em></strong></span> <span class='ocrx_word' id='word_1_832' title='bbox 551 5605 638 5658; x_wconf 76' lang='lat'><strong>52.</strong></span> <span class='ocrx_word' id='word_1_833' title='bbox 669 5603 719 5640; x_wconf 73' lang='grc'><strong>³⁸</strong></span> <span class='ocrx_word' id='word_1_834' title='bbox 749 5605 797 5659; x_wconf 80' lang='lat' dir='ltr'><strong>Il</strong></span> <span class='ocrx_word' id='word_1_835' title='bbox 822 5603 972 5659; x_wconf 82' lang='lat' dir='ltr'><strong>Petr.</strong></span> <span class='ocrx_word' id='word_1_836' title='bbox 1003 5617 1062 5677; x_wconf 82' lang='grc' dir='ltr'><strong>ιι,</strong></span> <span class='ocrx_word' id='word_1_837' title='bbox 1091 5604 1145 5658; x_wconf 72' lang='grc'><strong>4.</strong></span> <span class='ocrx_word' id='word_1_838' title='bbox 1180 5604 1230 5639; x_wconf 75' lang='grc'><strong>³⁸</strong></span> <span class='ocrx_word' id='word_1_839' title='bbox 1259 5601 1460 5660; x_wconf 74' lang='lat' dir='ltr'><strong>Matth.</strong></span> <span class='ocrx_word' id='word_1_840' title='bbox 1493 5618 1648 5671; x_wconf 78' lang='lat' dir='ltr'><strong>xnv,</strong></span> <span class='ocrx_word' id='word_1_841' title='bbox 1683 5606 1754 5660; x_wconf 85' lang='lat'><strong>30</strong></span> 
     </span>
    </p>
   </div>
   <div class='ocr_carea' id='block_1_115' title="bbox 1865 5601 2290 5698">
    <p class='ocr_par' dir='ltr' id='par_1_115' title="bbox 1875 5603 2290 5698">
     <span class='ocr_line' id='line_1_115' title="bbox 1875 5603 2290 5698; baseline -0.007 -39"><span class='ocrx_word' id='word_1_842' title='bbox 1875 5603 2019 5659; x_wconf 89' lang='lat' dir='ltr'><strong>Luc.</strong></span> <span class='ocrx_word' id='word_1_843' title='bbox 2049 5617 2169 5673; x_wconf 71' lang='grc' dir='ltr'><strong><em>ιιι,</em></strong></span> <span class='ocrx_word' id='word_1_844' title='bbox 2203 5603 2290 5698; x_wconf 49' lang='lat' dir='ltr'><strong>ii.</strong></span> 
     </span>
    </p>
   </div>
  </div>
