4020 6310
491 285 599 342 639

1663 280 1977 347 GERIANI
2002 279 2051 337 il
2079 276 2187 337 GP.
2212 276 2682 338 PATRIARCHE

3777 291 3897 346 διο

491 423 614 483 que
639 407 706 468 in
730 407 972 470 viviﬂca
996 408 1320 477 illahostia,
1342 426 1481 486 quae
1516 424 1699 487 super
1727 426 1798 471 eo
1816 406 2014 484 posita
2027 407 2143 462 est:

2263 403 2460 477 ὀμόσας
2522 404 2572 459 ἐν
2635 412 2710 477 τῷ
2777 405 3140 484 θυσιαστηρίῳ
3199 409 3366 482 τούτῳ
3420 417 3496 483 τῷ
3586 422 3890 488 σταυρικῷ

492 514 639 558 nam
667 515 807 557 cum
836 515 1013 558 cruce
1040 500 1246 559 animo
1264 505 1323 559 et
1340 502 1699 574 cogitatione
1732 498 1913 558 simul
1958 495 2153 554 conci-

493 588 658 661 pitur
686 588 975 645 Christus.
1007 590 1160 647 Crux
1178 590 1431 649 lectulus
1454 595 1548 649 est
1577 590 1943 658 Dominicus,
1965 600 2149 659 quem

493 690 619 734 non
646 675 952 749 lacrymis,
980 693 1150 736 more
1193 679 1458 751 Davidis,
1483 680 1593 738 sed
1639 677 1937 750 sanguine
1981 673 2145 744 lavit.

495 764 597 839 qui
630 779 703 822 ex
729 764 953 824 Davide
981 768 1316 827 secundum
1370 785 1615 829 cat-nem
1657 771 2007 843 procreatus
2059 767 2149 820 est

495 854 783 926 Christus,
802 872 925 915 non
948 859 1261 932 proprium
1279 862 1531 934 expians
1550 865 1885 934 peccatum,
1927 859 2147 915 natura

492 943 652 1006 enim
681 959 793 1003 sua
816 945 1244 1007 immaculatus
1272 956 1382 1020 est,
1412 950 1521 1008 sed
1548 950 1863 1007 destruens
1889 950 1949 1004 et
1992 945 2145 1002 abo-

491 1030 621 1091 lens
640 1039 959 1106 pcccatum
989 1037 1205 1096 mundi
1226 1042 1440 1096 natum
1469 1056 1537 1096 ex
1551 1038 1738 1111 ligno,
1767 1042 1826 1094 et
1851 1037 1914 1093 in
1954 1039 2143 1093 totum

492 1121 746 1180 mortale
770 1137 962 1195 genus
989 1132 1417 1200 propagatum,
1449 1127 1879 1200 dormiensque
1926 1124 1991 1181 in
2040 1121 2142 1179 illo

493 1213 936 1276 somnumwitm
963 1220 1021 1272 et
1048 1215 1260 1286 vigilite
1281 1220 1520 1274 aeternas
1549 1230 1803 1273 causam
1831 1219 1891 1271 et
1908 1212 2142 1270 effecto-

490 1313 642 1366 rem,
666 1303 923 1360 surrexit
946 1305 1190 1378 promis
1209 1309 1528 1379 potestate,
1548 1306 1612 1361 in
1637 1305 1934 1363 matutino
1958 1305 2143 1360 inter-

491 1389 694 1459 ﬁciens
721 1406 920 1449 omnes
947 1402 1290 1463 peccatores
1322 1401 1501 1453 terrm
1532 1395 1601 1461 ³⁸,

565 1568 720 1635 Quin
759 1568 990 1627 honore
1026 1574 1084 1628 et
1141 1570 1307 1630 cultu
1362 1573 1615 1644 dignum
1653 1586 1816 1629 nunc
1855 1568 2141 1627 lectulum

492 1657 754 1727 invenio,
781 1657 831 1730 ej
843 1674 1029 1732 usque
1049 1660 1136 1717 rei
1162 1666 1371 1719 testem
1401 1662 1483 1718 do
1504 1662 1743 1723 Isaiam.
1765 1659 1870 1734 qui
1902 1657 2140 1715 disertis

2260 493 2437 567 ὀμνύει
2493 493 2542 547 ἐν
2593 495 2757 567 αὐτῷ,
2802 500 2895 550 καὶ
2948 495 2997 549 έν
3045 504 3121 568 τῷ
3177 500 3346 552 ἐπάνω
3397 500 3558 554 αὐτοῦ
3616 503 3887 575 ζωοποίῷ

2259 584 2471 656 θύματι.
2518 591 2604 654 Τῷ
2647 587 2747 660 γὰρ
2804 594 3016 658 σταυρῷ
3073 595 3413 641 συνεννοεῖται
3478 595 3568 643 καὶ
3622 593 3652 645 ὁ
3707 612 3882 647 σταυ-

2253 674 2456 748 ρωθείς.
2511 672 2669 733 Κλίνη
2721 672 2832 727 ἐστὶ
2886 680 3176 734 Δεσποτικῆ
3227 677 3254 729 ὁ
3311 682 3560 753 σταυρὸς,
3617 683 3686 741 ἣν
3738 682 3879 754 οὐχὶ

2256 757 2510 837 δάκρυσι,
2557 766 2693 817 κατὰ
2737 768 2825 817 τὸν
2871 761 3059 831 Δαυὶδ,
3106 763 3214 818 ἀλλ’
3240 769 3463 840 αἰμασιν
3503 768 3724 823 ἔλουσεν
3756 773 3787 823 ὁ
3819 770 3877 824 ἐκ

2254 848 2422 906 Δαυίδ
2475 854 2536 906 τὸ
2587 855 2725 907 κατὰ
2793 854 2965 930 σάρκα
3018 858 3275 928 Χριστόςο
3346 857 3476 929 ούχὶ
3530 862 3590 911 τὸ
3658 860 3865 914 ἑαυτοῦ

2252 940 2510 995 ἒκπλύνων
2567 941 2876 1016 ἁμάρτημα,
2930 945 3067 996 κατὰ
3118 946 3278 1017 φύσιν
3318 948 3420 1020 γὰρ
3460 944 3604 1000 ἔστιν
3646 949 3869 1023 ἄχρανο

2250 1050 2359 1098 τος,
2415 1029 2545 1084 ἀλλὰ
2584 1036 2844 1106 καταίρων
2890 1035 2985 1091 τὴν
3031 1031 3287 1107 ἆμαρτίοω
3334 1042 3431 1087 ταῦ
3484 1041 3695 1110 κόσμου
3763 1043 3865 1098 τήν

2251 1118 2307 1173 ἔκ
2332 1127 2424 1173 τοῦ
2466 1119 2620 1183 ξύλου
2665 1118 2995 1194 ἀναφυεῖσαν,
3043 1127 3135 1176 καὶ
3181 1122 3250 1183 εἰς
3294 1124 3430 1176 ἅπαν
3478 1122 3867 1200 ἓκδραμοῦσαν

2248 1212 2309 1263 τὸ
2363 1212 2506 1282 γένος
2551 1212 2610 1263 τὸ
2654 1208 2913 1286 βρότειον,
2966 1215 3055 1265 καὶ
3115 1211 3357 1276 ὑπνώσας
3414 1212 3462 1266 ἐν
3519 1215 3664 1287 αύτῷ
3736 1216 3865 1279 Cof;

2248 1303 2341 1353 καὶ
2377 1297 2738 1373 ἐγρηγόρσεως
2779 1300 3130 1363 αἰωνιζούσης
3167 1303 3410 1376 προξενον
3456 1303 3617 1358 ὕπνον
3650 1304 3852 1365 ἀνέστη

2250 1386 2593 1451 αὐτεξουσίως
2640 1388 2708 1450 εἰς
2747 1393 2844 1448 τὴν
2885 1393 3085 1463 πρωίαν
3130 1388 3438 1445 ἀποκτείνων
3488 1396 3693 1458 πάντας
3723 1400 3851 1459 τοὺς

2251 1475 2557 1551 ἂμαρτωλού
2568 1498 2588 1540 ς
2611 1485 2673 1536 τῆ
2683 1499 2705 1540 ς
2723 1484 2788 1550 γῆ
2800 1500 2840 1540 ς.

2322 1565 2478 1619 Ἀλλὰ
2514 1573 2603 1619 καὶ
2661 1566 2988 1641 σεϐάσματος
3036 1566 3181 1633 ἀξίαν
3227 1571 3457 1646 εὑρίσκω
3506 1573 3712 1633 ταύτην
3758 1580 3857 1634 την

2248 1654 2446 1714 κλίνηνο
2521 1659 2613 1707 καὶ
2677 1658 2765 1708 τὸν
2837 1656 3065 1725 ξἮσαίαν
3128 1661 3349 1732 παράγω
3434 1680 3519 1713 σοι
3578 1664 3853 1737 μάρτυρα,

494 1746 689 1804 verbis
718 1747 992 1820 praedixit
1024 1750 1140 1806 :Et
1167 1751 1279 1807 erit
1308 1753 1539 1824 requies
1564 1753 1694 1823 ejus
1727 1749 1910 1806 Iwnos
1943 1749 2015 1805 *9.
2038 1749 2142 1803 Re-

2258 1749 2352 1798 ιαὶ
2415 1746 2562 1798 ἔσται
2623 1746 2654 1804 ἡ
2722 1743 3016 1809 ἀνάπαυσις
3076 1746 3234 1800 αὐτοῦ
3297 1752 3426 1821 τιμὴ
3487 1750 3607 1821 (3),
3672 1751 3856 1826 προλέ-

490 1836 664 1909 quies
715 1837 1071 1911 appellatur,
1121 1840 1269 1913 quia
1321 1841 1816 1914 peregrinationis
1862 1837 2039 1895 labor
2084 1840 2143 1894 et

492 1925 697 1995 sudor,
728 1931 786 1985 et
813 1927 946 1986 alias
974 1929 1277 1987 naturales
1302 1935 1362 1988 et
1384 1929 1866 1989 indetrectabiles
1906 1927 2141 2003 passio-

491 2030 599 2073 nes
615 2016 1023 2075 etaﬂ'ectiones
1035 2034 1332 2077 concessu
1345 2019 1675 2077 divinitatis
1685 2062 1699 2091 ,
1717 2018 1966 2093 quando
1981 2032 2138 2090 opus

490 2110 636 2178 erat,
663 2113 983 2166 commotae
1011 2115 1070 2167 et
1090 2110 1399 2168 concitatm
1420 2111 1481 2167 in
1500 2110 1772 2167 humana
1791 2108 2002 2167 Christi
2030 2122 2140 2163 na-

488 2198 626 2254 tura
652 2213 842 2271 usque
871 2198 951 2255 ad
975 2200 1167 2256 crucis
1197 2199 1559 2272 supplicium
1593 2199 1705 2266 ;de
1736 2203 1951 2255 caetero
1989 2211 2137 2253 con-

491 2284 699 2359 sopitus
728 2292 886 2353 sunt,
924 2288 1256 2360 Christique
1305 2293 1495 2345 morte
1556 2291 1827 2344 mortuae.
1880 2289 2031 2343 Nam
2089 2283 2138 2342 si

488 2376 738 2447 quando
766 2380 906 2448 post
932 2377 1427 2434 resurrectionem
1456 2377 1660 2450 aliquo
1713 2377 1831 2443 ivit,
1880 2376 1983 2432 itio
2037 2374 2139 2431 illa

491 2479 675 2536 supra
702 2470 1008 2536 naturam,
1040 2471 1098 2523 et
1138 2466 1319 2535 plane
1363 2467 1725 2524 admiranda
1769 2466 1879 2522 fuit
1923 2479 2137 2538 quem-

490 2552 826 2611 admodum
855 2569 1013 2612 nova
1038 2555 1245 2612 itidem
1268 2554 1377 2612 fuit
1407 2555 1818 2612 manducandi
1840 2554 1942 2610 illa
1958 2553 2133 2609 actio.

488 2641 624 2699 Dies
644 2657 742 2698 me
766 2642 1024 2713 deﬁciat,
1047 2643 1096 2700 si
1116 2643 1323 2701 omnia
1340 2643 1593 2701 viviﬁcaa
1613 2644 1806 2701 crucis
1843 2644 2138 2701 mimanta

489 2732 768 2806 persequi
790 2732 990 2789 velim.

563 2822 628 2877 In
666 2819 866 2878 Rubro
894 2822 1048 2880 mari
1075 2838 1221 2879 crux
1253 2822 1686 2892 adumbratur;
1729 2827 1973 2895 eratque
2022 2821 2139 2879 hoc

491 2910 976 2983 praesigniﬁcatio
1001 2917 1058 2968 et
1081 2912 1531 2986 praedelineatio
1550 2913 1681 2984 ejus
1708 2912 1968 2981 ruboris,
2035 2910 2141 2984 qui

491 2999 545 3055 ei
572 3003 783 3072 postea
810 3015 917 3073 per
936 3000 1172 3058 Domini
1191 3001 1551 3073 sanguinem
1570 3006 1659 3059 est
1676 3001 1855 3057 illitas
1876 3002 1944 3057 ³ο.
1971 3004 2145 3057 Ama-

2246 1851 2408 1906 γοντα
2465 1841 2707 1908 φανερῶς.
2767 1833 3091 1898 Ἀνάπαυσις
3142 1833 3222 1901 δε,
3281 1838 3362 1890 ὅτι
3417 1842 3508 1890 καὶ
3557 1840 3583 1891 ὁ
3644 1837 3701 1891 ἐκ
3756 1848 3856 1900 τῆς

2249 1918 2557 1996 ὁδοιπορίας
2606 1926 2761 1985 κόπος
2795 1924 2897 1976 ’καὶ
2926 1925 2953 1977 ὁ
3002 1920 3182 1999 ἱδρὼς,
3213 1931 3305 1978 καὶ
3332 1926 3494 1979 τᾶλλα
3534 1930 3603 1980 τὰ
3648 1932 3856 2001 φυσικὰ

2246 2015 2337 2063 καὶ
2392 2007 2692 2070 ἀδιάϐλητα
2736 2014 2903 2082 πάθη,
2952 2011 3252 2087 ἐκχωρήσει
3303 2022 3396 2078 τῆς
3454 2018 3712 2078 θεότητος.
3768 2020 3857 2071 ὅτε

2246 2105 2338 2153 καὶ
2388 2096 2495 2154 ἔδει
2548 2106 2856 2174 κεκινημένα
2913 2100 2962 2155 έν
3020 2107 3078 2155 τὸ
3134 2106 3269 2157 κατὰ
3342 2108 3573 2178 Χριστὸν
3653 2103 3855 2169 ἂνθρω-

2245 2193 2377 2262 πίνῳ
2425 2193 2616 2264 μέχρις
2673 2191 2831 2243 αὐτοῦ
2902 2198 2996 2244 τοῦ
3066 2200 3316 2268 σταυροῦ·
3376 2197 3436 2246 τὸ
3500 2193 3601 2247 ἀπὸ
3689 2192 3854 2249 τοῦδε

2246 2278 2559 2351 ἀνενέργητα
2640 2284 2979 2352 μεμενήκασι,
3047 2285 3137 2333 καὶ
3201 2289 3264 2355 τῇ
3332 2288 3578 2357 νεκρώσει
3654 2287 3849 2337 τούτου

2249 2371 2724 2443 συνενεκρώθησαν.
2778 2369 2839 2422 Ἠ
2891 2373 2994 2444 ⁴γὰρ
3052 2373 3182 2443 μετὰ
3227 2376 3322 2431 τὴν
3369 2370 3657 2426 ἀνάστασιν
3696 2370 3848 2427 ὁδοι-

2244 2462 2405 2533 πορία
2476 2457 2623 2532 ἑτέρα
2676 2466 2761 2528 ῆν,
2806 2460 3068 2534 ὑπερφυὴς
3117 2464 3206 2512 καὶ
3278 2457 3597 2536 παράδοξος,
3665 2467 3843 2538 ὥσπερ

2247 2544 2317 2606 δὴ
2373 2552 2463 2601 καὶ
2523 2549 2554 2606 ἡ
2616 2546 2820 2621 βρῶσις
2872 2555 3245 2623 καινοπρεπής.
3308 2550 3585 2622 Ἐπιλείψει
3637 2571 3701 2625 με
3751 2558 3843 2606 καὶ

2247 2638 2277 2695 ἡ
2329 2638 2498 2710 ἡμέρα
2535 2639 2602 2688 τὰ
2648 2638 2923 2710 θαυμάσια
2969 2634 3312 2713 διηγούμενον
3353 2647 3445 2693 τοῦ
3492 2643 3842 2714 ζωοπαρὸχου

2250 2733 2479 2800 σταυροῦ
2489 2769 2500 2780 .

2322 2816 2403 2869 Ἐν
2452 2815 2697 2890 Ἐρυθρᾷη
2727 2815 2965 2890 θαλάσση
3013 2817 3038 2869 ὁ
3089 2821 3315 2893 σταυρὸς
3374 2818 3698 2880 εἰκονίξεται·
3753 2825 3847 2872 καὶ

2252 2903 2314 2963 ἦν
2361 2912 2514 2957 τοῦτο
2562 2908 2926 2978 προχάραγμα
2972 2913 3064 2959 τοῦ
3112 2905 3161 2959 ἐν
3209 2915 3282 2978 τῷ
3328 2914 3621 2980 Δεσποτικῷ
3661 2912 3852 2981 αἰματι

2255 2994 2671 3069 ἑπιχρωσθέντος
2728 2994 2867 3065 αύτῷ
2942 2996 3287 3068 ἐρυθήματος.
3358 3002 3578 3070 Πικρίαν
3642 2994 3855 3050 ὑδάτων

488 3088 810 3146 ritudinem
839 3106 1016 3164 aqua;
1047 3095 1404 3148 transmutat
1431 3091 1489 3147 in
1516 3091 1919 3148 dulcedinem‘
1955 3104 2143 3163 popu-

2258 3083 2327 3145 εἰς
2382 3086 2683 3154 γλυκύτητα
2742 3090 3030 3155 μεταποιεῖ,
3095 3089 3185 3136 καὶ
3247 3087 3367 3137 λαὸν
3432 3085 3693 3144 πλανήτην
3759 3092 3856 3139 καί

490 3177 740 3252 lumque
765 3180 1178 3236 errabundum
1194 3184 1252 3236 et
1274 3180 1588 3253 fugitivum
1610 3180 1876 3236 vivificat
1906 3180 1973 3234 '3.
1997 3182 2145 3236 Sau-

487 3268 712 3324 ciantes
732 3272 1034 3340 serpentes
1064 3269 1324 3341 perimit,
1357 3273 1672 3342 servatque
1707 3269 1856 3325 ictos
1899 3273 1957 3325 et
2006 3284 2146 3325 sau-

490 3354 615 3411 cios
653 3356 722 3411 3’.
750 3354 982 3412 Utinam
1012 3360 1068 3412 et
1097 3361 1419 3413 venenatas
1440 3356 1585 3413 istas
1610 3356 2146 3429 viperas,Bogomi-

490 3443 582 3500 los
611 3443 885 3515 inquam,
924 3444 986 3499 in
1018 3459 1258 3500 crucem
1286 3445 1634 3515 injuriosos,
1692 3460 1729 3501 a
1782 3444 1934 3502 facie
1975 3451 2145 3500 terrae

488 3532 965 3601 exterminasset,
999 3532 1103 3604 qui
1128 3532 1334 3589 omnia
1360 3536 1794 3607 perreptanms,
1852 3532 2146 3606 populum

493 3612 1335 3695 Deimordent,venenumque
1347 3622 1669 3695 impietatis
1682 3638 1806 3678 sum
1823 3622 2149 3679 infundunt

492 3709 731 3784 piorum
751 3710 969 3767 animis
1000 3728 1014 3777 ;
1040 3725 1198 3784 quos
1211 3725 1335 3766 non
1358 3711 1485 3766 sine
1504 3711 2045 3768 commiserationis
2067 3711 2150 3768 af-

491 3800 647 3857 fectu
667 3800 801 3871 jure
828 3800 914 3858 sic
934 3799 1241 3872 alloquar:
1267 3802 1582 3858 Genimina
1603 3802 1970 3871 viperarum,
2002 3817 2151 3875 quo-

492 3888 697 3956 modo,
729 3893 789 3945 et
814 3904 939 3962 quo
968 3904 1006 3945 a
1029 3889 1255 3961 judicio
1285 3890 1573 3962 gehennae
1602 3887 1840 3961 fugietis
1861 3890 1931 3959 ³³,
1961 3906 2149 3963 quam

490 3991 601 4033 vos
645 3977 940 4035 vobismet
983 3979 1098 4051 ipsi
1156 3977 1533 4057 aceendistis,
1579 3979 1883 4044 abnegata
1934 3979 2152 4051 pietate

493 4064 726 4138 absque
745 4067 1162 4138 persecutione
1183 4070 1240 4123 et
1260 4067 1570 4123 tormentis
1595 4066 1622 4122 ἱ)
1647 4066 1759 4123 Sed
1778 4082 1875 4123 res
1912 4066 2150 4124 illorum

491 4154 552 4211 in
580 4156 739 4212 hunc
767 4156 951 4212 ﬁnem
979 4156 1273 4225 desinent,
1301 4158 1418 4214 nisi
1447 4156 1806 4231 resipuerint
1854 4158 2150 4231 paeniten-

492 4242 759 4315 tiamque
797 4244 1047 4313 egerint.

547 4333 665 4386 Nos
684 4347 826 4386 vero
840 4331 1101 4401 agedum
1118 4333 1413 4406 populum
1433 4332 1642 4390 Christi
1661 4333 2149 4390 communiamus

2258 3168 2474 3245 φυγαδα
2560 3168 2824 3244 ζωογονεῖ.
2911 3173 3199 3234 Δάκνοντας
3279 3177 3408 3246 ᾄοεις
3492 3177 3692 3249 ἀναιρεῖ
3756 3181 3861 3229 καὶ

2258 3258 2515 3325 διασώζει
2567 3264 2688 3322 τοὺς
2747 3256 3111 3333 δακνομένους·
3168 3263 3239 3324 ὡς
3293 3263 3396 3316 εἴθε
3451 3267 3541 3315 καὶ
3589 3266 3679 3324 τὰς
3728 3263 3867 3317 ἰοϐό-

2255 3349 2377 3412 λους
2424 3352 2614 3411 ταύτας
2666 3346 2907 3421 ἐχίδνας,
2957 3352 3080 3412 τοὺς
3122 3349 3380 3423 ὑϐριστὰς
3426 3352 3582 3405 ούτοῦ
3632 3358 3861 3427 Βογομί-

2257 3439 2396 3506 λους,
2454 3440 2555 3492 ἀπὸ
2605 3443 2888 3510 προσώπου
2958 3445 3046 3498 τῆς
3103 3445 3172 3509 γῆ
3186 3460 3207 3501 ς
3281 3438 3606 3512 ἕξηφάνισεν,
3675 3443 3862 3503 oin-as;

2258 3531 2494 3601 ἔρποντες
2537 3534 2812 3599 πανταχοῦ
2862 3524 3119 3580 δάκνουσι
3164 3526 3287 3580 λαὸν
3318 3537 3410 3581 τοῦ
3441 3537 3597 3596 Θεοῦ,
3648 3535 3739 3582 καὶ
3766 3534 3858 3583 τὸν

2262 3618 2336 3670 ἰὸν
2372 3626 2462 3678 τῆς
2506 3613 2821 3678 δυσσεϐείας
2868 3616 3036 3669 αὐτῶν
3090 3616 3340 3690 ἐγχέουσι
3396 3626 3512 3679 ταῖς
3562 3627 3665 3671 τῶν
3712 3619 3859 3673 εύσεο

2259 3705 2482 3759 ϐούντων
2549 3704 2776 3777 ψυχαῖς,
2825 3709 2951 3781 πρὸς
3021 3706 3111 3769 οὓς
3158 3708 3457 3782 περιπαθῶς
3520 3708 3581 3759 ἄν
3644 3709 3857 3781 ἐροίμην

2259 3796 2417 3867 ὄφειςο
2481 3798 2780 3867 Γεννήματα
2844 3792 3092 3866 ἐχιδνῶν,
3158 3803 3260 3849 ποῦ
3321 3798 3529 3869 pur/atra
3599 3794 3702 3849 ἀπὸ
3760 3805 3860 3860 τῆς

2259 3888 2476 3957 κρίσεως
2525 3890 2620 3946 τῆς
2673 3887 2917 3956 7εέννης;
2977 3884 3038 3942 ἣν
3085 3890 3235 3938 αὐτοὶ
3294 3884 3497 3946 ἑαυτοῖς
3547 3883 3860 3948 ἇξεκαύσατε

2258 3977 2431 4045 χωρὶς
2460 3970 2700 4043 διωγμοῦ
2745 3977 2836 4025 καὶ
2868 3970 3113 4045 βασάνων
3164 3977 3259 4033 τὴν
3315 3971 3576 4026 εὐσέϐειαν
3630 3975 3859 4049 ἀρνησά-

2258 4080 2423 4135 μενοι.
2477 4060 2630 4115 Ἀλλά
2659 4064 2723 4114 τὰ
2773 4065 2863 4135 μὲν
2914 4062 3030 4114 κατ’
3060 4062 3244 4123 αὐτοὺς
3301 4062 3373 4124 εἰς
3419 4069 3573 4115 τοῦτο
3624 4062 3772 4126 λήξει
3800 4068 3858 4117 τὸ

2258 4150 2419 4217 τέλος,
2452 4149 2537 4204 ἐὰν
2561 4156 2632 4225 μὴ
2661 4156 3046 4224 μετανοήσωσι.

2328 4330 2504 4403 Ἡμεῖς
2567 4325 2627 4382 δὲ
2686 4328 2761 4399 (4)
2828 4329 2956 4383 ἀλλὰ
3011 4334 3127 4405 φέρε
3187 4332 3274 4381 καὶ
3344 4328 3859 4403 κατασφαλισὼμιθα

495 4418 681 4475 sacris
702 4420 1165 4490 precationibus,
1191 4436 1267 4478 ne
1292 4422 1664 4477 mortiferum
1694 4422 1874 4492 hujus
1906 4422 2143 4478 haeresis

2258 4422 2343 4472 τὸν
2394 4419 2516 4472 λαὸν
2576 4425 2669 4471 τοῦ
2723 4426 2961 4491 Χριστοῦ
3014 4415 3245 4490 ἐπῳδαῖς
3290 4419 3470 4493 ἱεραῖς,
3525 4420 3607 4470 ἶνα
3651 4424 3723 4491 μὴ
3765 4428 3858 4482 τῆς

492 4521 790 4563 venenum
806 4506 1072 4564 animam
1089 4510 1140 4579 ej
1152 4524 1218 4563 us
1228 4510 1553 4579 contingat.
1576 4510 1834 4579 Largiter
1845 4509 2002 4565 enim
2020 4510 2149 4567 ubi-

494 4610 613 4669 que
641 4594 868 4653 malitia
887 4594 1111 4652 diffusa
1124 4602 1234 4664 est,
1268 4601 1325 4653 et
1344 4597 1729 4654 circumcirca
1748 4596 2150 4655 obambulant

492 4684 682 4757 impii,
714 4688 779 4741 ut
806 4684 1048 4754 egregio
1076 4685 1289 4742 Christi
1321 4685 1485 4757 gregi
1516 4685 1745 4759 aliquid
1800 4686 2147 4744 nocumenti

491 4772 768 4833 inferant.
791 4777 863 4831 At
891 4788 996 4831 vos
1020 4773 1215 4832 videte
1232 4790 1458 4848 graves
1486 4775 1679 4849 lupos,
1701 4775 1893 4833 videte
1921 4791 2143 4844 canes;

2259 4511 2617 4584 θανατηφόρου
2670 4511 2858 4570 ταύτης
2914 4510 3157 4584 αἱρέσεως
3201 4508 3227 4560 ὁ
3275 4507 3349 4570 ἰὸς
3392 4509 3732 4566 καθάπτηται
3768 4517 3855 4569 τῆς

2254 4601 2447 4651 τούτων
2502 4598 2709 4671 ψυχῆς.
2779 4596 3000 4669 Δαψιλὲς
3048 4598 3150 4670 γὰρ
3225 4600 3285 4649 τὸ
3350 4599 3509 4649 κακὸν
3571 4595 3852 4669 ἐκκέχυται

2253 4695 2565 4761 πανταχοῦ,
2617 4691 2705 4740 καὶ
2772 4687 2944 4759 κύκλῳ
3027 4689 3076 4740 οἱ
3159 4684 3364 4749 ἀσεϐεῖς
3444 4693 3850 4760 περιπατοῦντες

2253 4782 2346 4836 τὴν
2397 4777 2559 4837 καλὴν
2614 4782 2836 4850 ποίμνην
2879 4775 3212 4849 λυμαίνονται
3264 4782 3358 4828 τοῦ
3413 4781 3668 4849 Χριστοῦ.
3718 4773 3852 4828 Ἀλλ’

477 4930 487 4937 ’
564 4953 611 4989 ³⁸
643 4952 861 5025 Psal.c,
897 4953 950 5010 8.
982 4954 1030 4989 ’9
1062 4969 1136 5019 χι,
1176 4957 1259 5010 10.
1293 4954 1342 4990 ³ο
1368 4953 1555 5011 Exod.
1587 4970 1708 5024 xw,
1744 4959 1763 5012 t
1804 4970 1973 5029 seqq.
2004 4957 2049 4993 δι
2075 4958 2143 5012 Ex

2258 4973 2380 5027 ,xv,
2414 4960 2601 5013 23-25.
2630 4956 2678 4991 3*
2710 4957 2888 5012 Num.
2911 4966 3035 5021 XXI,
3075 4958 3191 5011 διο.
3228 4953 3281 4989 ³⁸
3305 4954 3439 5009 Luc.
3473 4967 3555 5023 ιιι,
3584 4952 3640 5007 7.

564 5132 640 5200 (3)
671 5136 755 5190 Ita
781 5137 853 5190 70
911 5134 1129 5205 lnterp.
1189 5131 1352 5188 lsaim
1405 5132 1618 5205 xaubi
1666 5133 1829 5205 vulg.
1854 5133 1999 5191 edit.
2055 5134 2137 5191 Et

491 5205 603 5259 erit
620 5205 956 5274 sepulcrum
973 5206 1031 5274 ej
1036 5204 1103 5261 us
1122 5206 1464 5274 gloriosum.
1493 5204 1713 5261 Locum
1726 5204 1907 5260 etiam
1929 5220 2138 5261 secun-

489 5274 636 5347 dum
662 5274 789 5347 LXX
818 5276 1046 5347 accepit
1078 5277 1134 5347 S.
1178 5275 1411 5347 Hieron.
1439 5274 1514 5330 de
1563 5274 1867 5347 sepulcra
1904 5275 2134 5347 Christi,

491 5345 584 5400 his
614 5343 810 5416 verbis
832 5343 1001 5416 epist.
1034 5345 1111 5401 ad
1137 5345 1495 5416 Marcellam,
1535 5343 1777 5401 nomine
1835 5345 2034 5405 Paulae
2083 5351 2139 5401 et

492 5414 790 5488 Eustochii
822 5432 835 5470 :
870 5414 1063 5485 Cujus
1093 5419 1357 5486 sepulcri
1381 5414 1574 5488 gloria
1598 5417 1787 5472 multo
1817 5422 2142 5487 antequam

492 5487 914 5543 excideretm'a
927 5487 1394 5556 Joseph,seimus
1408 5489 1579 5544 Isaiae
1592 5489 1810 5544 vaticin
1819 5488 1872 5543 io
1888 5488 2140 5557 prophe-

494 5564 683 5630 tatum
715 5558 995 5630 ;diceutis
1025 5575 1040 5613 :
1074 5560 1150 5614 Et
1180 5561 1292 5615 erit
1321 5561 1551 5630 requies
1577 5562 1704 5627 ejus
1727 5558 1950 5630 honor:
1985 5558 2146 5629 quod

488 5628 1054 5756 ἱειιὶεειεῖραιιιινω
1072 5629 1309 5686 Domini
1348 5628 1511 5686 locus
1555 5636 1701 5687 esset
1747 5629 1824 5687 ab
1870 5628 2144 5687 omnibus

535 5713 765 5756 onoran
813 5715 902 5756 us.

535 5713 902 5758 onerandus.

2315 5135 2392 5203 (4)
2425 5133 2704 5206 Sequitur
2731 5131 3042 5206 aculeatus
3064 5130 3125 5187 in
3146 5129 3700 5206 l.atinos__Epil_ogu‘s,
3718 5132 3862 5206 scri-

2292 5201 2384 5261 tus
2413 5220 2485 5286 eo
2514 5201 2801 5286 tempore,
2831 5218 2963 5286 quo.
2988 5202 3209 5286 Veneti_
3201 5208 3260 5257 et
3305 5201 3405 5283 a_lli
3438 5201 3581 5286 itali.
3608 5201 3780 5286 sicuti
3803 5207 3857 5259 et

2289 5272 2839 5355 ranci,gra_vissima
2851 5272 3006 5355 bella
3017 5290 3158 5355 cum
3171 5273 3387 5355 θνρεοῖς
3404 5272 3857 5355 εοτοὺειιιῑ,ἱρεει

2248 5347 2484 5419 imperii
2513 5345 2654 5403 sede
2682 5345 2897 5401 Graecis
2919 5345 3359 5417 ademptaﬂuo
3390 5345 3591 5399 minus
3625 5345 3851 5401 miran-

2249 5418 2418 5472 dum.
2452 5420 2815 5472 Germanum
2835 5418 3019 5472 istum
3050 5414 3268 5472 Latinae
3292 5415 3494 5472 storias
3516 5415 3847 5472 inimicum.

2249 5417 2418 5484 dum,
2452 5420 2815 5475 Germanum
2835 5418 3019 5472 istum
3050 5417 3268 5472 Latinae
3292 5417 3494 5485 glorias
3516 5417 3847 5480 inimicum,

2248 5488 2521 5557 linguam
2553 5493 2610 5544 et
2646 5486 2950 5544 calamum
2999 5486 3274 5559 asperius
3315 5491 3375 5559 et
3411 5485 3756 5559 mordacius
3788 5487 3847 5543 in

2198 5568 2201 5569 '
2252 5560 2491 5618 Latinos
2537 5559 2871 5615 strinxisse.
2902 5557 3133 5616 Similes
3164 5557 3473 5614 invectiva:
3518 5557 3584 5611 in
3606 5557 3845 5613 Latinos

2251 5635 2487 5760 gstitat
2523 5629 2688 5704 apud
2716 5631 3003 5699 Nicetam,
3043 5631 3367 5701 Gregoram
3410 5633 3467 5686 et
3495 5628 3649 5686 alios
3680 5630 3840 5685 Grie-

2326 5718 2375 5760 s.
