4020 6310
176 285 255 347 Gil

1476 262 1752 334 CONTRA
1788 260 2193 349 soeouttos

3405 284 3509 345 642

174 414 296 484 ipsi;
354 407 574 482 βλέπετε
626 407 747 468 τοὺς
822 402 1003 481 βαρεῖς
1076 400 1289 467 λύκους,
1368 399 1581 475 βλέπετε
1630 403 1754 462 τοὺς

1890 401 2054 462 'idete
2081 406 2278 465 malos
2337 406 2665 483 operarios,
2696 410 2755 466 et
2781 407 3099 468 observate
3126 425 3232 468 eos
3282 410 3389 484 qui
3426 412 3512 468 sic

175 504 327 562 κύνας.
368 498 587 552 Βλέπετε
642 499 759 557 τοὺς
812 497 1007 557 κακοὺς
1062 492 1305 567 ἐργάτας,
1361 496 1452 544 καὶ
1514 496 1754 544 σκοπεῖτε

176 594 273 650 τοὺς
326 595 462 640 οῦτω
500 591 936 659 περιπατοῦντας,
975 585 1149 644 καθὼς
1203 584 1350 654 ἔχετε
1397 584 1558 634 τύπον
1596 580 1750 652 ἡμᾶς·

178 689 258 731 ῦνα
302 675 449 750 xit/rb
509 674 758 748 τολμήσω
841 674 972 746 μετά
1055 670 1261 726 Παύλου
1328 670 1715 742 καυχήσασθαι
1738 688 1752 701 ο

180 767 342 822 Πολλοί
416 768 521 837 γὰρ
594 770 995 838 περιπατοῦσιν,
1093 760 1180 824 οῦς
1256 758 1506 820 πολλάκις
1586 755 1758 829 ἔλεγον

179 860 302 930 ὑμῖν,
354 862 447 909 καὶ
512 863 604 908 νῦν
676 854 868 908 κλαίων
939 853 1092 925 λέγω,
1168 853 1289 912 τοὺς
1374 848 1602 925 ἐχθρούς
1667 854 1760 901 τοῦ

183 954 394 1022 σταυροῦ
470 953 568 999 τοῦ
636 949 891 1019 Χριστοῦ,
974 943 1043 996 ὧν
1115 944 1172 994 τὸ
1251 938 1392 1002 τέλος
1475 936 1704 991 ἀπώλεια
1743 956 1756 969 °

183 1035 417 1109 φυλάξατε
480 1039 581 1094 τήν
662 1033 824 1092 καλὴν
898 1031 1350 1106 παρακαταθήκην
1397 1035 1491 1089 τῆς
1541 1032 1763 1087 πίστεως

182 1125 353 1178 εἰσυλόν
413 1128 511 1178 καὶ
567 1122 1012 1179 ἀνεπιϐούλευτον.
1066 1119 1324 1193 Μέλλομεν
1379 1121 1481 1194 γὰρ
1536 1118 1765 1176 ἄκαστος

180 1217 352 1272 ταύτην
411 1213 775 1274 nummos”;
839 1216 979 1266 σώαν
1051 1214 1142 1263 καὶ
1210 1207 1448 1266 ἀνελλιπῆ
1513 1205 1601 1259 ἐπί
1672 1210 1764 1257 τοῦ

182 1302 385 1378 ῳοϐεροῦ
432 1300 683 1377 βήματος
737 1308 828 1355 τοῦ
873 1307 1130 1375 Χριστοῦ.
1163 1297 1321 1353 Ἀλλά
1362 1316 1454 1370 μοι
1482 1299 1569 1349 τὸν
1615 1294 1766 1366 λόγον

180 1388 273 1450 ἤδη
365 1391 806 1466 ἓπισφραγιστίον
888 1395 1000 1452 ταῖς
1081 1390 1210 1462 ὑπὲρ
1314 1393 1407 1440 τοῦ
1476 1388 1763 1459 κρατίστου

185 1500 333 1538 σεσιν.

238 1570 425 1644 Ἄρατε
482 1567 598 1639 οὖν,
648 1568 861 1631 εὐσεϐὴς
905 1568 1049 1635 λαὸς,
1106 1572 1290 1640 χεῖρας
1364 1564 1587 1627 ἅπαντες
1639 1565 1767 1636 πρὸς

183 1664 294 1714 Θεὸν
321 1661 450 1735 ὑπὲρ
483 1668 589 1713 τῶν
650 1658 845 1713 ἐκείνου
900 1666 1096 1733 χειρῶν
1137 1655 1299 1710 πολλὰ
1325 1655 1598 1728 καμούσας
1654 1648 1762 1711 ἤδη

183 1747 224 1801 ἐν
264 1755 377 1811 ταῖς
441 1751 582 1802 κατὰ
656 1755 755 1800 τῶν
832 1745 1037 1820 ἐχθρῶν
1103 1743 1447 1817 συμπλοκαῖς,
1516 1743 1599 1794 ἵνα
1653 1742 1762 1799 θείη
1795 1758 1840 1814 R

184 1839 310 1901 τόξον
370 1837 611 1910 χαλκοῦν
705 1840 829 1898 τούς
917 1833 1210 1909 βραχίονας
1297 1832 1477 1903 αὐτοῦ,
1567 1826 1761 1893 διδάξῃ

185 1930 261 1987 τας
306 1931 497 1999 χεῖρας
556 1925 717 1978 αὐτοῦ
768 1924 839 1988 εἰς
892 1923 1136 1997 πόλεμον,
1215 1922 1286 1984 εἰς
1353 1924 1413 1974 τὸ
1490 1917 1767 1973 ἀποϐαλεῖν

187 2020 268 2073 τὴν
324 2015 564 2074 ἰταλικὴν
639 2013 945 2089 ὀξυχειρίαν
1019 2013 1086 2074 εἰς
1166 2016 1226 2065 τὸ
1291 2011 1645 2086 καθαρπάζειν
1701 2011 1770 2061 τὰ

188 2104 413 2179 αλλότρια
466 2105 554 2157 ἱνα
609 2106 986 2178 επιστρῲωσιν
1042 2102 1115 2164 εἰς
1179 2100 1417 2176 ἑσπέραν,
1468 2103 1563 2157 tria.
1627 2093 1768 2151 ἰδίαν

187 2190 418 2267 πατρίδα,
490 2196 600 2266 εἴγε
669 2195 804 2254 τινες
883 2190 1226 2264 ἀπολειφθεῖν,
1304 2194 1394 2243 καὶ
1472 2186 1768 2261 λιμώξωσιν

187 2286 241 2344 ὡς
288 2286 453 2351 κύνες,
516 2283 613 2337 οῦκ
697 2284 907 2354 ἔχοντες
960 2283 1009 2334 οἱ
1075 2282 1388 2355 αἰμοχαρεῖς
1439 2279 1515 2331 ἔτι
1572 2276 1767 2347 λείχειν

186 2373 365 2445 αἵματα
430 2374 502 2426 τά
584 2371 856 2425 αὐσονικὰ.
929 2375 1027 2424 Καὶ
1104 2368 1382 2421 κυκλὼσωι
1457 2370 1551 2425 τὴν
1623 2360 1767 2417 ἰδίαν

183 2460 312 2513 πόλιν
422 2461 902 2534 λιμαγχονοῦμενοι
992 2462 1082 2512 καὶ
1165 2456 1446 2531 βαΰζοντες
1546 2456 1766 2528 μάταια.

187 2548 403 2612 Ἰωάννης
428 2551 456 2602 ὁ
499 2549 771 2624 βαπτίσας
831 2548 1023 2609 αὐτοὺς
1077 2554 1185 2608 τοῖς
1234 2550 1452 2620 αἱμασιν
1503 2542 1712 2615 ἑαυτῶν,
1742 2543 1769 2594 ὁ

193 2640 554 2715 θεοφρούρητος
610 2640 758 2712 ἡμῶν
841 2637 1196 2713 αὐτοκράτωρ,
1281 2636 1403 2709 ὑμῖν
1484 2641 1607 2694 τοῖς
1669 2631 1769 2685 ὐπὸ

186 2734 328 2803 χεῖρα
365 2727 782 2801 εὐαγγελίζεται,
823 2732 980 2780 Πᾶσα
1041 2724 1267 2802 pupae/5,
1327 2723 1505 2797 λέγων,
1566 2722 1771 2795 πληρω-

190 2818 409 2888 θήσεται,
445 2819 478 2876 ἡ
516 2820 927 2889 τεταπεινωμένη
963 2817 1111 2888 γενεά
1147 2821 1240 2876 τῆς
1304 2821 1378 2866 τῶ
1438 2816 1615 2886 χρόνῳ
1682 2813 1772 2883 μὲν

187 2906 453 2969 νεαζούσης
512 2907 734 2980 Ῥώμης,
771 2913 887 2967 ταῖς
944 2911 1239 2979 συμφοραῖς
1299 2899 1361 2956 δέ
1416 2903 1773 2976 γεγηρακυίας

190 2995 418 3064 θεεινῶς,
494 3001 596 3049 παὶ
671 3000 773 3049 πᾶν
832 2994 951 3068 ὅρος
1036 2998 1127 3046 καί
1212 2990 1401 3066 βουνὸς
1458 2989 1776 3046 ταπεινωθή-

195 3087 403 3144 manu
459 3085 581 3138 καθ’
641 3086 784 3156 ἡμῶν
845 3086 1155 3157 ἐπαιρομένη
1216 3080 1480 3156 ἀθίρωχος
1539 3078 1691 3154 ὀφρῦς
1742 3077 1772 3135 ἠ

198 3173 407 3233 ἰταλικὴ.
471 3177 578 3228 Καὶ
632 3174 839 3227 ἔσονται
888 3175 956 3227 τὰ
1003 3170 1187 3225 σκολιά
1243 3169 1315 3233 εἰς
1375 3170 1593 3236 εὐθεῖαν,
1646 3166 1777 3219 εκεί-

197 3281 273 3314 νου
327 3259 831 3337 προοδοποιοῦντος,
882 3266 973 3314 καὶ
1009 3259 1355 3332 ἕπανάγοντος
1419 3265 1512 3312 τοῦ
1572 3260 1659 3310 καὶ
1713 3258 1781 3309 τὰ

197 3352 308 3423 ἡμῖν
344 3349 589 3406 ἀδύνατα
632 3347 921 3424 δυναμένου
974 3357 1230 3425 Χριστοῦ.
1299 3345 1443 3406 Ἤδη
1469 3344 1528 3401 δέ
1592 3350 1682 3399 καὶ
1746 3346 1777 3404 ἡ

199 3438 329 3501 ἀξίνη
412 3445 544 3516 πρὸς
619 3444 708 3499 τὴν
764 3439 919 3516 ῥίζαν
969 3447 1070 3492 τῶν
1135 3433 1364 3511 δένδρων
1424 3443 1612 3492 κεῖται.
1670 3442 1781 3489 Τῶν

196 3525 386 3582 κλάδων
433 3532 537 3604 γὰρ
599 3528 1031 3602 ἀποτετμημίνων
1121 3528 1244 3603 ἄρτι
1308 3530 1398 3579 καὶ
1475 3527 1612 3577 κατὰ
1686 3532 1784 3596 γῆς

199 3613 514 3692 ἐστρωμένων
541 3622 629 3669 καὶ
687 3613 956 3691 κορμηδόν
1011 3615 1325 3691 ἐρριμμένων
1393 3614 1465 3677 εἰς
1496 3609 1781 3685 τοῦδαφος,

199 3704 281 3756 0'37.
302 3704 624 3759 ἀπελπιστέα
652 3711 742 3759 καὶ
770 3708 802 3766 ἠ
827 3706 1197 3781 ῥιζοτόμησις.
1250 3706 1409 3776 Τάχα
1444 3700 1504 3757 δέ
1565 3701 1787 3763 ἀσθενὴς

200 3795 226 3852 ἦ
278 3794 638 3869 praesum,
696 3796 767 3857 ὡς
821 3793 875 3846 ἐκ
930 3796 1374 3868 μεταφυτεύσεως.
1446 3797 1667 3846 Πίστευε
1714 3798 1787 3862 τῷ

202 3889 304 3955 Θεῷ
349 3893 422 3957 τῷ
467 3887 645 3939 πάντα
695 3880 986 3958 δυναμένῳ,
1028 3882 1289 3957 βασιλέων
1334 3881 1672 3936 εὐσεϐίστατε
1698 3884 1791 3933 καὶ

202 3976 468 4044 πραότατε,
521 3976 657 4026 κατὰ
716 3976 806 4026 τὸν
876 3969 1064 4041 Δαυῖδ,
1128 3975 1195 4033 ὡς
1241 3971 1381 4043 ὅπλῳ
1429 3970 1688 4023 κυκλώσει
1733 3987 1791 4021 σε

202 4067 262 4112 τῶ
288 4068 554 4136 σταυρικῷ
581 4063 612 4121 ἡ
679 4060 894 4122 ἀλήθεια
927 4062 1109 4128 αὑτοῦ,
1147 4060 1197 4123 ὃς
1256 4060 1395 4114 ἔστιν
1448 4061 1474 4113 ὀ
1538 4062 1787 4135 Χριστὸς,

1807 3134 1849 3190 C

206 4155 293 4202 καὶ
348 4151 405 4205 οὐ
467 4150 741 4225 φοϐηθήσῃ
798 4150 898 4205 ἀπὸ
953 4150 1116 4225 φόϐου
1149 4158 1448 4226 νυκτερινοῦ
1514 4157 1608 4203 τοῦ
1662 4151 1770 4221 ei?“

204 4246 293 4301 νῶς
315 4259 400 4293 σοι
421 4240 825 4315 προϐάλλοντος,
884 4245 975 4292 καὶ
1042 4237 1078 4293 δ
1081 4237 1258 4293 ειλανδ
1260 4245 1376 4314 ρίαν
1436 4238 1790 4313 ἐμποιοῦντος,

204 4325 308 4380 οὐδ’
356 4328 461 4382 ἀπὸ
525 4327 739 4403 βέλους
768 4332 1048 4401 πετομένου
1101 4331 1320 4404 ἡμέρας,
1390 4333 1479 4381 καὶ
1567 4334 1795 4400 φανερῶς

207 4435 281 4469 σοι
326 4416 703 4491 ἁνθισταμένου
734 4416 950 4493 ἐχθροῦ.
1023 4421 1199 4472 Πάντα
1248 4420 1347 4493 γὰρ
1402 4424 1568 4470 ταῦτα
1625 4418 1650 4468 ὁ
1702 4421 1795 4468 τοῦ

1861 491 2177 553 ambulant
2203 496 2354 555 sicut
2388 497 2623 556 habetis
2660 496 2921 554 formam
2970 514 3104 569 nos,
3160 503 3226 556 ut
3250 500 3512 559 audeam

1864 596 2003 638 cum
2028 582 2213 642 Paulo
2238 586 2510 658 gloriari:
2559 587 2743 643 Multi
2791 588 2948 645 enim
3005 588 3338 654 ambulant,
3366 604 3513 661 quos

1864 686 2020 741 saepe
2056 674 2321 732 dicebam
2349 676 2531 746 vobis,
2564 681 2619 733 et
2655 692 2817 734 nunc
2840 678 2993 747 [lens
3030 678 3184 746 dico,
3241 679 3512 736 inimicos

1865 763 2059 843 crucis
2093 762 2337 831 Christi,
2361 781 2615 837 quorum
2645 765 2785 835 ﬁnis
2816 766 3097 823 interitus
3117 767 3184 821 ³⁵.
3215 766 3515 824 Custodite

1866 849 2102 921 insigne
2132 852 2272 910 ﬁdei
2292 853 2634 928 depositum
2676 853 2967 912 intactum
2996 858 3057 911 ct
3106 853 3429 913 illibatum.
3467 860 3516 913 Α

1868 939 2138 1012 quolibet
2155 942 2318 999 enim
2339 943 2576 1001 salvum
2598 947 2655 1001 et
2670 943 2969 1015 integrum
2992 950 3357 1017 reposcatur,
3376 961 3515 1002 cum

1872 1027 1951 1084 ad
1998 1029 2255 1087 terribile
2299 1030 2559 1088 tribunal
2616 1031 2824 1089 Christi
2873 1031 3240 1090 assistemus.
3299 1035 3515 1090 Verum

1873 1117 2211 1175 orationem
2239 1134 2400 1177 nunc
2423 1119 2597 1193 quasi
2613 1119 3007 1191 obsignemus
3038 1121 3317 1195 precibus
3342 1122 3518 1180 votis-

1873 1220 1992 1279 que
2013 1205 2360 1265 ardentibus
2388 1212 2447 1265 et
2471 1208 2728 1266 assiduis
2747 1224 2858 1283 pro
2906 1209 3136 1283 optimo
3157 1209 3516 1283 imperatore

1873 1299 2098 1354 nostro.

1875 1384 2020 1457 ἡμῶν
2104 1385 2485 1462 αὐτοκράτορος
2559 1394 2889 1463 προσευχαῖς
2966 1392 3050 1442 κοὶ
3104 1387 3328 1443 ἐκτενέσι
3400 1385 3521 1448 δεή-

1944 1563 2146 1621 Tollite
2170 1564 2364 1637 igitur,
2385 1579 2421 1623 ο
2440 1564 2637 1623 ﬁdelis
2663 1564 2907 1639 popule,
2939 1581 3159 1624 manus
3181 1569 3412 1625 vestras
3440 1565 3519 1626 ad

1877 1652 2064 1709 Deum
2090 1668 2201 1728 pro
2230 1654 2404 1727 illius,
2445 1671 2583 1729 quas
2609 1660 2694 1713 tot
2708 1656 2837 1728 jam
2858 1655 3094 1714 labores
3123 1656 3432 1715 subierunt
3458 1657 3521 1714 in

1878 1742 2253 1800 conﬂictibus
2285 1749 2342 1801 et
2390 1743 2609 1817 prmliis
2648 1744 2939 1802 adversus
2989 1745 3213 1818 hostes,
3244 1750 3310 1804 ut
3332 1751 3523 1817 ponat

1879 1830 2121 1887 brachia
2158 1833 2286 1902 ejus
2314 1835 2476 1889 velut
2506 1848 2716 1890 arcum
2732 1847 2953 1890 cereum
2984 1838 3039 1891 et
3071 1835 3275 1892 doceat
3307 1850 3523 1892 manus

1877 1923 2005 1991 ejus
2032 1921 2115 1978 ad
2132 1924 2354 1992 praelia
2384 1923 2453 1991 ³⁵,
2483 1925 2549 1979 ut
2575 1922 2868 1996 repellant
2886 1922 3149 1980 Italicam
3178 1921 3343 1981 illam
3364 1924 3524 1982 velo.

1877 2008 2114 2067 citatem
2126 2010 2625 2083 rapiendialiena,
2653 2015 2721 2068 ut
2742 2006 3184 2069 revertanturin
3214 2028 3521 2079 occasum,

1876 2098 2186 2171 propriam
2209 2114 2382 2156 suam
2404 2101 2681 2172 patriam,
2715 2099 2763 2155 si
2808 2099 2917 2173 qui
2959 2099 3278 2172 supersint,
3304 2105 3359 2156 et
3383 2115 3526 2155 esu-

1876 2186 2297 2245 riantutcanes
2326 2189 2524 2259 ",non
2541 2180 2835 2246 habentes
2854 2188 3120 2262 amplius
3150 2187 3526 2260 sanguinarii

1877 2291 2152 2332 cruorem
2174 2277 2563 2347 Ausonicum,
2584 2293 2767 2351 quem
2794 2278 3043 2349 lingant.
3066 2279 3132 2334 Et
3157 2279 3527 2335 circumeant

1877 2365 2184 2438 propriam
2210 2367 2512 2423 civitatem
2544 2366 2704 2423 fame
2733 2367 2944 2440 pressi,
2975 2367 3280 2424 incassum
3309 2366 3530 2423 latran-

1877 2459 1964 2511 tes
1992 2456 2064 2510 ³⁷.
2095 2455 2382 2524 Joannes,
2412 2454 2519 2528 qui
2544 2453 2868 2529 baptizavit
2887 2471 2992 2513 eos
3012 2455 3074 2512 in
3099 2455 3342 2529 proprio
3370 2454 3529 2529 ipso-
3592 2472 3599 2477 '

1877 2558 2014 2600 rum
2044 2543 2361 2615 sanguine,
2393 2544 2723 2601 custoditus
2752 2560 2789 2602 a
2816 2546 2934 2602 Deo
2973 2544 3301 2618 imperator
3328 2549 3531 2602 noster

1879 2632 2318 2703 evangelizans,
2338 2633 2637 2691 acclamat
2656 2634 2833 2691 nobis
2854 2633 3108 2692 subditis
3134 2653 3147 2690 :
3169 2635 3376 2692 Omnis
3403 2635 3531 2692 vat-

1884 2723 1956 2779 lis
1974 2722 2324 2792 implebitur
2339 2723 2409 2792 ³⁸,
2431 2721 2666 2794 abjecta
2687 2727 2745 2780 et
2763 2722 2985 2780 afﬂicta
3005 2724 3331 2796 generatio,
3356 2723 3532 2780 annis

1880 2811 2126 2886 quidem
2155 2826 2330 2868 novas
2360 2813 2584 2879 Romae,
2603 2811 3046 2869 calamitatibus
3059 2828 3203 2869 vero
3218 2811 3533 2870 miserabi-

1881 2900 2012 2957 liter
2023 2900 2153 2971 jam
2170 2903 2440 2957 vetustas.
2462 2900 2541 2956 Et
2563 2902 2753 2957 omnis
2774 2916 2940 2957 mons
2960 2907 3016 2957 et
3045 2901 3214 2958 collis
3253 2901 3534 2957 humilia-

1887 2988 2048 3046 bitur
2074 2989 2144 3055 ³ο,
2168 2987 2390 3045 elatum
2419 2987 2711 3046 videlicet.
2734 2988 3014 3046 Italorum
3042 2987 3428 3063 supercilium
3452 2988 3533 3044 Et

1886 3082 2062 3134 erunt
2089 3091 2284 3147 prava
2313 3079 2377 3133 in
2395 3076 2624 3134 directa
2655 3078 2724 3144 ‘°,
2756 3076 2856 3134 illo
2896 3080 3188 3150 tanquam
3238 3075 3350 3132 vite
3379 3076 3535 3134 duce

1886 3169 2211 3239 praeeunte,
2244 3168 2301 3223 et
2337 3166 2545 3222 omnia
2573 3170 2893 3224 revocante
2928 3166 3175 3232 Christo,
3225 3165 3331 3240 qui
3355 3170 3413 3222 et
3440 3182 3534 3235 ea,

1888 3270 2024 3328 quas
2053 3252 2231 3311 nobis
2257 3258 2396 3311 sunt
2420 3253 2839 3328 impossibilia,
2870 3256 3084 3328 potest.
3135 3257 3269 3312 iam
3313 3270 3455 3311 vero
3482 3257 3539 3312 et

1888 3346 2113 3403 securis
2139 3344 2221 3402 ad
2237 3344 2497 3402 radicem
2524 3344 2719 3417 posita
2742 3350 2826 3403 est
2847 3346 2918 3404 “.
2940 3343 3141 3403 Ramis
3163 3345 3327 3402 enim
3352 3343 3538 3403 modo

1891 3435 2236 3509 amputatis,
2254 3435 2385 3492 etin
2408 3440 2629 3493 terram
2645 3435 2914 3508 dejectis,
2943 3436 3389 3510 truncatimque
3411 3435 3541 3494 solo

1891 3524 2101 3594 allisis,
2134 3540 2257 3581 non
2281 3524 2734 3597 desperandum
2754 3530 2863 3593 est,
2895 3524 3044 3599 quin
3073 3530 3130 3583 et
3156 3525 3330 3583 radix
3353 3523 3541 3582 incidi

1892 3614 2099 3688 possit.
2134 3616 2299 3671 Forte
2328 3615 2509 3686 enim,
2531 3619 2595 3672 ut
2613 3630 2687 3672 ex
2709 3615 3270 3688 transplantatione,
3290 3614 3544 3672 inﬁrmas

1894 3708 2035 3760 sunt
2060 3701 2196 3775 illas,
2226 3718 2380 3778 quas
2408 3703 2718 3773 miserunt,
2737 3703 2997 3763 radices.
3039 3703 3176 3760 Fide
3195 3704 3375 3774 igitur
3398 3706 3541 3771 Deo,

1896 3792 2002 3865 qui
2022 3791 2228 3851 omnia
2247 3795 2461 3865 potest,
2491 3791 2923 3863 imperatorum
2944 3791 3212 3863 piissime
3265 3795 3323 3848 et
3355 3790 3545 3869 mitis-

1900 3881 2069 3951 sime,
2090 3885 2285 3954 teque.
2317 3885 2384 3938 ut
2411 3881 2597 3938 David
2614 3881 2719 3949 ait,
2737 3885 3028 3953 tanquam
3042 3885 3208 3937 scuto
3231 3879 3423 3937 crucis
3437 3880 3547 3936 cir-

1900 3970 2203 4028 cumdabit
2228 3972 2449 4027 veritas
2478 3972 2606 4040 ejus
2636 4013 2650 4039 ,
2678 3976 2734 4026 et
2754 3985 2873 4026 non
2900 3969 3125 4026 timebis
3158 3984 3195 4026 a
3212 3971 3422 4027 timore
3446 3985 3551 4026 no-

1902 4065 2116 4116 cturno
2148 4059 2192 4094 ”
2228 4058 2377 4129 ejus,
2411 4059 2516 4130 qui
2545 4056 2777 4115 occulte
2804 4060 2858 4114 te
2887 4056 3254 4129 aggreditur,
3280 4055 3549 4114 formidi-

1901 4163 2164 4221 nemque
2190 4146 2475 4212 immittit,
2496 4162 2659 4204 neca
2684 4148 2910 4218 sagitta
2937 4147 3181 4203 volante
3206 4146 3272 4203 in
3291 4147 3389 4203 die
3407 4147 3476 4217 ‘3,
3494 4147 3553 4202 et

1902 4236 2071 4293 hoste
2086 4236 2293 4309 palam
2318 4235 2423 4292 tibi
2436 4236 2768 4293 resistente.
2789 4236 2894 4293 0m
2907 4233 3005 4292 nia
3038 4234 3200 4291 enim
3222 4235 3350 4291 haec
3374 4234 3553 4304 longe

1905 4340 2050 4380 crux
2077 4323 2287 4379 Christi
2305 4323 2569 4396 repellet,
2595 4326 2652 4379 et
2671 4322 2794 4379 dux
2812 4323 2915 4379 tibi
2931 4322 3039 4379 erit
3067 4322 3145 4379 ad
3171 4322 3397 4393 omnia,
3417 4338 3554 4395 quas

1905 4411 2232 4480 desideras,
2263 4415 2319 4469 et
2338 4417 2403 4469 ut
2428 4417 2661 4468 scutum
2695 4413 2864 4471 bonae
2885 4412 3213 4471 voluntatis
3243 4411 3556 4469 coronabit

206 4512 428 4578 Χριστοῦ
485 4510 711 4582 σταυρὸς
787 4505 1112 4566 ἀποσοϐήσει
1168 4510 1394 4581 μακρὰν,
1447 4511 1539 4560 καὶ
1600 4501 1780 4577 ὁδηγὸι

1909 4508 1963 4559 te
1993 4503 2061 4569 ii,
2078 4500 2581 4573 triumphatorem
2606 4504 2665 4558 et
2688 4501 2977 4558 victorem
3008 4516 3194 4573 supra
3219 4501 3558 4573 superiores

209 4613 285 4648 σοι
316 4601 441 4671 πρὸς
507 4597 642 4651 οἱπαν
685 4600 743 4650 τό
797 4598 1141 4669 καταθύμιον,
1195 4601 1288 4649 καὶ
1322 4597 1389 4656 ὡς
1440 4596 1594 4648 ὅπλον
1643 4592 1797 4648 εὕδοι-

206 4687 315 4744 κίας
392 4690 676 4738 armenia-az
769 4702 827 4737 σε
858 4727 872 4755 ,
976 4687 1322 4758 τροπαιφόρον
1348 4724 1362 4750 ,
1468 4681 1798 4755 μεγαλόνικον

210 4767 472 4836 ἀναδείξας
502 4792 559 4826 σε
588 4774 733 4847 παρὰ
757 4776 880 4834 τοὺς
934 4771 1221 4847 ἔμπροσθεν
1284 4770 1543 4847 βασιλεῖς,
1611 4774 1801 4825 ἱκετευ-

210 4863 363 4924 ούσης
416 4872 515 4926 τῆς
554 4859 946 4940 πανυκεριίγνου
994 4868 1339 4937 Θεομήτορος,
1395 4868 1485 4917 καὶ
1533 4882 1804 4939 πανυπερ-

212 4957 417 5024 «adsum:
523 4949 585 5007 δὲ
670 4949 957 5014 δεσποίνης
1032 4954 1200 5025 ἡμῶν,
1291 4957 1383 5005 καὶ
1462 4951 1804 5025 ἀιεπαρθένου

213 5044 427 5112 Μαρίας,
472 5046 563 5094 καὶ
638 5049 738 5094 τῶν
826 5040 1131 5094 καλλινίκων
1215 5043 1492 5116 μαρτύρων
1568 5048 1805 5117 Χριστοῦ

214 5134 294 5181 καὶ
319 5138 418 5181 τῶν
440 5129 601 5203 ἁγίων
644 5131 905 5185 ἁπάντων.
954 5134 1157 5183 Γένοιτο
1222 5138 1406 5196 ταῦτα,
1465 5133 1627 5205 Τριας
1683 5148 1809 5183 παν·

216 5213 459 5293 τοδῦναμε
500 5223 591 5273 καὶ
648 5221 1012 5288 παντάνασσα,
1070 5221 1101 5278 ἡ
1147 5218 1196 5272 ἐν
1264 5226 1567 5296 προσώποις
1645 5239 1811 5294 προσ-

276 5345 321 5419 δξ
351 5344 604 5419 Philipp.
647 5362 743 5419 ιιι,Δ
780 5350 862 5418 I8,
895 5350 981 5403 19.
1093 5344 1329 5419 53_Psal.
1360 5363 1501 5413 xvu,
1524 5346 1619 5419 735.

217 5413 258 5448 ⁸⁰
286 5415 428 5474 Ibid.
498 5413 519 5419 ’
541 5413 586 5454 ῖί
617 5415 769 5474 Ibid.
798 5413 856 5474 9.
964 5419 1010 5455 i3
1041 5416 1192 5475 Psal.
1228 5433 1318 5486 xc,
1350 5421 1402 5473 5.
1518 5417 1564 5452 ⁸³
1594 5416 1743 5474 Ibid.
1786 5421 1841 5474 6.

274 5541 352 5611 (ὅ)
382 5542 759 5616 Disquisistio
781 5541 856 5599 de
875 5541 992 5600 isto
1007 5543 1313 5616 Cermano
1329 5545 1571 5616 revocat
1589 5539 1735 5598 mihi
1757 5541 1820 5599 in

219 5612 1824 5689 Inemoriain,quodestapudPossevinuminApparatu

1733 5346 1780 5381 ³⁸
1811 5346 1960 5404 PsaI.
1993 5361 2144 5412 LVIII,
2177 5351 2232 5402 7.

1906 4591 2298 4663 imperatores
2318 4587 2595 4646 effectum
2621 4605 2635 4655 ;
2666 4590 2947 4662 precibus
2992 4594 3050 4646 et
3096 4590 3433 4648 interventu
3462 4604 3560 4645 ca-

1911 4678 2186 4736 stissimae
2216 4677 2499 4761 peiparee,
2519 4677 2998 4735 etimmaculatze
3022 4679 3288 4735 Domina:
3314 4682 3555 4745 nostrae,

1913 4771 1970 4824 et
1990 4780 2228 4839 semper
2249 4765 2502 4836 Virginis
2521 4767 2737 4835 Marias,
2761 4765 3219 4839 fortissimisque
3236 4765 3561 4823 victoribus

1915 4855 2137 4913 Christi
2155 4854 2542 4926 martyribus,
2564 4859 2623 4911 et
2636 4854 2919 4911 omnibus
2951 4855 3172 4911 sanctis
3198 4854 3563 4911 interceden-

1916 4945 2077 5002 tibus
2109 4942 2313 4999 isthth
2341 4943 2639 5007 eveniant,
2659 4958 2696 4998 ο
2721 4943 3102 5000 sanctissima
3130 4946 3186 4998 et
3229 4942 3434 4999 omnia
3459 4956 3563 5013 gu-

1917 5034 2182 5090 bernans
2206 5032 2475 5102 Trinitas,
2502 5032 2563 5088 in
2586 5032 2776 5089 tribus
2807 5032 3080 5104 personis
3101 5031 3238 5087 etin
3279 5048 3400 5089 una
3428 5034 3565 5091 Dei-

1922 5126 2036 5180 tate
2054 5120 2293 5178 adorari
2313 5120 2504 5190 solita,
2527 5136 2712 5193 quam
2733 5119 2903 5177 decet
2921 5120 3119 5177 omnis
3134 5119 3344 5190 gloria,
3365 5119 3569 5181 honos

1921 5218 1978 5270 et
2001 5198 2275 5270 adoratio
2300 5210 2362 5267 in
2391 5210 2627 5268 inﬁnita
2656 5208 2893 5266 saecula.
2921 5206 3113 5266 Amen
3133 5211 3235 5282 (ὅ).

2347 5346 2391 5381 ³⁷
2424 5344 2576 5403 Ibid.
2608 5349 2691 5401 15.

1957 5419 2004 5455 ιιι
2029 5418 2182 5475 Psal.
2219 5423 2273 5488 5,
2310 5421 2393 5474 ιδ.

1927 5554 2121 5618 sacro.
2134 5558 2198 5618 κιο
2212 5542 2565 5618 Germanus.
2580 5539 2694 5598 sub
2704 5539 3053 5618 ριῖίεοίίμίιιε
3070 5543 3366 5618 Eumeni.
3388 5544 3569 5618 patri-

1929 5614 2127 5674 archae
2144 5613 2597 5688 Constantinop.
2609 5611 2856 5674 nomine
2874 5611 3570 5674 circuiti'ferrilibrumDe

2804 5345 2852 5379 ³⁸
2886 5318 3023 5402 Luc.
3053 5361 3138 5412 ιιι,
3168 5350 3222 5402 5.
3335 5348 3384 5384 ⁸ο
3415 5349 3564 5406 Ibid.
