4020 6310
537 349 642 410 643
1699 344 2011 410 GRRIANI
2049 350 2094 403 11
2129 339 2163 403 C

2278 342 2728 408 PATRIARCBE
3787 343 3892 405 5“

536 480 819 549 κυνουμένη
874 493 1022 550 τρισί
1074 479 1164 528 καὶ
1214 470 1314 545 δίᾲ
1347 483 1412 547 τῇ
1469 477 1694 543 Θεότητι,
1738 473 1769 548 ᾖ
1817 481 1992 551 πρένει
2037 481 2189 533 sicut
2232 468 2383 540 δοξα,
2448 478 2598 545 τιμή,
2647 478 2737 527 καί
2789 477 3146 550 προσκύνησις
3207 472 3276 534 εἰς
3338 475 3456 534 τοὺς
3524 470 3893 532 ἀτελευτήτους

537 568 742 628 αἰωνας.
775 566 958 638 Ἀμήν.

1327 679 1396 735 Il.

528 777 603 832 In
632 777 928 844 viviﬁcam
957 790 1188 832 crucem
1231 778 1411 833 tertia
1429 778 1810 847 jejuniornm
1845 775 2158 833 Dominica

2288 781 2362 847 Τῇ
2416 778 2570 848 τρίτῃ
2651 780 2883 844 κυριακῇ
2979 782 3078 825 τῶν
3166 781 3417 832 νηστειῶν
3487 778 3578 826 καὶ
3657 772 3731 836 εἰς
3807 778 3888 826 τὸν

2812 863 3063 926 ζωοποιὸν
3105 866 3352 936 σταυρὸν.

1845 941 2120 1010 (Gretser,
2150 935 2297 992 ibid.
2325 948 2386 1006 p.
2427 934 2582 1006 228.)

2378 1055 2519 1111 Ἱδοὺ
2607 1059 2637 1116 ἡ
2729 1057 2875 1117 κλίνη
2955 1057 3209 1132 Σολομὼν,

2280 1146 2451 1218 κύκλῳ
2552 1146 2715 1209 αὐτῆς
2816 1146 2918 1199 ἀπὸ
3016 1143 3256 1201 δυνατῶν
3352 1145 3604 1218 Ἰσραὴλ,
3710 1147 3892 1206 πάντες

2280 1240 2585 1307 κατέχοντες
2710 1236 2987 1310 ῥομφαίας,
3137 1232 3517 1308 δεδιδαγμένοι
3641 1240 3710 1287 πο
3718 1234 3868 1306 λεμον
3877 1272 3892 1284 .

2283 1321 2588 1399 ’Δρδευτίον
2641 1326 2743 1398 γὰρ
2797 1325 2949 1386 εὐθὺς
2991 1329 3082 1384 τὴν
3136 1325 3290 1399 ῥίζαν
3359 1329 3451 1376 καὶ
3542 1328 3638 1382 τὴν
3721 1321 3895 1398 ἀρχὴν

2281 1421 2380 1465 τῶν
2437 1413 2708 1486 ἐγκωμίων
2755 1421 2847 1464 τοῦ
2911 1417 3207 1466 «metm-ou
3285 1411 3437 1476 ξύλου
3504 1421 3601 1465 τοῦ
3665 1412 3894 1484 σταυροῦ

2285 1507 2501 1576 Κυρίου,
2565 1511 2676 1564 ταῖς
2754 1499 3016 1564 διεξόδοις
3114 1511 3214 1554 τῶν
3289 1501 3596 1574 ᾁσματικών
3690 1498 3896 1556 ὑδάτων

3611 1609 3700 1642 ινα
3761 1609 3904 1642 κατα

3563 1679 3858 1752 εὐφροσύνη
3879 1698 3901 1740 ς

599 1064 695 1120 Εη
717 1065 1000 1120 lectulum
1033 1063 1388 1133 Salomonis,
1409 1067 1724 1135 sexaginta
1747 1064 1938 1134 forte:
1965 1063 2029 1117 in
2057 1063 2163 1117 cir-

2378 1055 2519 1111 ’ἰδοὺ
2607 1059 2637 1116 ἡ
2729 1057 2875 1117 κλίνη
2955 1057 3209 1132 Σολομὼν,
3316 1057 3568 1120 ἑξήκοντα
3675 1055 3892 1110 δυνατοὶ

527 1154 691 1207 cuitu
703 1154 828 1221 ejus
845 1167 920 1208 ea:
935 1152 1272 1221 potentibus
1305 1153 1513 1219 Israel,
1532 1168 1732 1210 omnes
1763 1158 2024 1209 tenentes
2042 1151 2172 1221 gla-

527 1241 675 1307 dios,
685 1241 1019 1312 bellumque
1029 1241 1190 1296 docti
1211 1241 1528 1310 ‘.Rigauda
1540 1241 1700 1296 enim
1714 1239 2064 1296 suntstatim
2079 1253 2173 1294 ra-

528 1329 627 1385 dix
649 1337 705 1385 et
733 1329 1093 1401 principium
1123 1333 1556 1398 encomiorum,
1577 1346 1714 1401 quin
1735 1329 1809 1386 de
1827 1327 2176 1384 venerando

527 1419 719 1474 crucis
752 1419 1072 1474 Dominicae
1101 1417 1263 1488 ligno
1293 1417 1693 1482 instituemus,
1717 1417 1899 1492 idque
1936 1417 2176 1473 ﬂuentis

527 1522 826 1578 aquarum
848 1522 879 1561 e
901 1506 1156 1563 Canticis
1181 1506 1599 1571 deductarum,
1625 1507 1924 1578 etliquore
1937 1505 2175 1577 sapien-

525 1595 620 1651 tize
647 1611 684 1649 a
715 1595 1032 1652 Salomone
1054 1596 1360 1668 profectae,
1394 1601 1458 1651 ut
1488 1595 1537 1652 si
1560 1595 1896 1651 secundum
1924 1594 2172 1650 ﬂuvium

527 1682 716 1738 oratio
736 1681 1030 1754 decurrat,
1067 1681 1294 1739 fructus
1345 1683 1562 1739 laetitia;
1590 1683 1732 1738 inde
1755 1683 1868 1739 illis
1907 1683 2171 1754 exsistat,

525 1771 631 1844 qui
654 1771 933 1826 umbram
954 1771 1082 1842 ejus
1103 1771 1462 1841 desiderant,
1493 1777 1550 1828 et
1579 1772 1692 1828 sub
1735 1787 1808 1828 ea
1837 1770 2173 1828 consident.

529 1858 810 1915 Salomon
831 1859 1028 1930 igitur,
1053 1859 1100 1915 si
1123 1861 1496 1932 interpretari
1512 1860 1627 1916 hoc
1648 1876 1871 1916 nomen
1896 1859 2172 1925 velimus,

524 1948 842 2015 paciﬁcum
873 1947 1187 2018 signiﬁcat,
1220 1949 1487 2004 Christus
1510 1965 1650 2004 vero
1671 1965 1794 2018 pax
1821 1956 2031 2006 nostra
2067 1954 2172 2013 est,

525 2041 590 2091 ut
619 2035 834 2091 Paulus
857 2041 1124 2102 testatur,
1155 2038 1262 2109 qui
1285 2039 1434 2108 fecit
1466 2042 1720 2110 utraque
1749 2054 1938 2093 unum
1977 2043 2034 2093 et
2055 2052 2170 2094 me-

525 2123 689 2180 dium
717 2126 1005 2194 parietem
1052 2125 1505 2182 inimicitiarum
1531 2126 1803 2182 dissolvit
1827 2129 1867 2180 ’.
1905 2125 2163 2182 Lectulus

2284 2122 2546 2198 ἀμφότερα
2604 2123 2651 2177 ἓν
2709 2129 2799 2177 καί
2876 2129 2933 2176 τό
2989 2131 3080 2184 τῆς
3165 2125 3366 2196 ἔχθρας
3422 2127 3745 2196 μεσότοιχον
3797 2142 3895 2175 κα-

525 2217 728 2268 autem
741 2212 920 2284 hujus
936 2213 1274 2269 Salomonis
1290 2229 1438 2268 crux
1458 2218 1565 2278 est,
1588 2214 1649 2270 in
1664 2230 1788 2287 quo
1803 2215 2163 2285 consopitus,

2285 2213 2456 2268 θελών.
2515 2212 2670 2272 Κλίνη
2733 2209 2792 2266 δι
2850 2216 3037 2266 τούτου
3097 2220 3187 2266 τοῦ
3248 2212 3480 2284 Σολομὼν
3529 2213 3557 2264 ὁ
3639 2215 3896 2285 σταυρὸς,

524 2298 806 2356 dormivit
833 2300 1076 2357 vitalem
1110 2317 1415 2370 somnum,
1447 2307 1502 2358 et
1529 2318 1652 2374 quo
1678 2318 1839 2368 eum,
1893 2301 1998 2376 qui
2051 2317 2163 2358 cor-

2284 2300 2332 2353 ἐν
2384 2302 2424 2372 ᾧ
2483 2304 2759 2375 ἐκοιμήθη,
2813 2307 2904 2354 καὶ
2970 2301 3177 2354 ὕπνωσε
3242 2305 3328 2354 τὸν
3388 2300 3654 2372 φυσίζωον
3709 2301 3897 2366 ὕπνον⁹

519 2394 739 2456 ruerat,
769 2388 1071 2444 Adamum
1099 2389 1300 2444 denuo
1321 2389 1618 2452 excitavit,
1647 2407 1788 2447 cum
1824 2396 2036 2462 sponte
2064 2404 2163 2446 sua

2285 2395 2373 2444 καὶ
2461 2398 2555 2443 του
2630 2395 2874 2450 πεσόντος
2925 2387 3100 2463 ’Δδὰμ
3183 2388 3562 2462 ἀναστάσιμον,
3621 2387 3899 2452 ἕπικλίνας

529 2491 708 2548 super
737 2475 852 2531 hoc
881 2482 1062 2549 caput
1093 2493 1273 2533 suum
1312 2477 1679 2534 reclinasset.

2284 2479 2426 2549 αὐτῷ
2461 2483 2554 2538 τὴν
2583 2479 2805 2552 κεφαλὴν
2831 2477 3102 2540 ἑκουσίως.

595 2565 915 2633 Sexaginta
940 2580 1084 2620 vero
1103 2563 1356 2622 fortibus
1385 2565 1636 2624 lectulus
1689 2566 2163 2640 circumsepitur-

2353 2567 2632 2631 Ἐξήκοντα
2696 2564 2754 2621 δι
2814 2564 3058 2629 δυνατοῖς
3129 2569 3159 2626 ἡ
3215 2566 3362 2625 κλίνη
3427 2565 3898 2640 περιστοιχίζεται

527 2659 586 2710 et
609 2653 866 2710 ambitur
891 2669 928 2709 a
968 2653 1310 2726 potentibus
1366 2655 1596 2712 lsraelis
1653 2661 1910 2729 suntque
1939 2655 2042 2723 illi,
2071 2656 2163 2728 qui

2283 2661 2373 2710 καὶ
2410 2660 2705 2730 περιέπεται
2763 2654 2863 2708 ἀπὸ
2923 2666 3022 2709 τῶν
3084 2652 3319 2710 δυνατῶν
3372 2654 3603 2730 Ἰσραὴλ,
3674 2663 3769 2708 τοῦ
3842 2674 3897 2708 τε

528 2741 644 2799 sub
666 2741 846 2799 veteri
866 2747 923 2798 et
951 2757 1112 2798 nova
1133 2741 1264 2812 lege
1285 2743 1579 2800 vixerunt.
1608 2747 1758 2800 Nam
1786 2743 1891 2816 qui
1916 2760 1989 2801 ex
2019 2744 2163 2802 duo-

2282 2745 2505 2800 παλαιοῡ
2542 2750 2633 2798 καὶ
2670 2753 2760 2798 τοῦ
2793 2751 2906 2800 νίου
2959 2751 3138 2819 νόμου.
3176 2745 3334 2800 Ὀσοι
3366 2764 3422 2799 τι
3489 2753 3580 2798 του
3648 2741 3895 2798 δωδεκα-

2283 2835 2440 2907 φύλου
2493 2843 2586 2888 τοῦ
2643 2835 3029 2908 Ἰσραηλιτικου
3122 2833 3348 2908 ἀνέσχον
3429 2833 3678 2905 θεοφιλεῖς
3769 2842 3894 2898 ταῖς

2282 2917 2553 2997 διαφόροις
2607 2917 2946 2994 δισσούμενοι
2995 2924 3386 2975 καταστάσεσιν
3455 2919 3628 2993 (ἑτέρα
3684 2922 3792 2992 ’γάρ
3855 2927 3886 2981 ἡ

2280 3015 2382 3084 πρὸ
2442 3017 2534 3062 τοῦ
2584 3011 2745 3082 νόμου
2799 3007 3063 3084 διαγωγὴ,
3123 3013 3213 3063 καὶ
3249 3008 3398 3082 ἑτέρα
3454 3011 3584 3081 μετὰ
3618 3011 3708 3070 τὰς
3749 3008 3893 3062 πλα-

2278 3118 2373 3161 κας
2408 3104 2498 3152 καὶ
2522 3103 2616 3157 τήν
2645 3099 2880 3170 σκηνὴν),
2915 3104 3005 3151 καὶ
3032 3101 3148 3151 ὅσοι
3200 3105 3292 3152 τοῦ
3345 3100 3483 3150 θείου
3550 3101 3726 3168 Λόγου
3799 3098 3893 3151 αὐ-

2276 3192 2497 3254 πόπται,
2551 3193 2640 3240 καὶ
2686 3197 2782 3250 τῆς
2831 3191 3055 3262 χάριτος
3108 3191 3328 3261 κήρυκες
3377 3186 3449 3248 εἰς
3473 3189 3567 3245 τὴν
3619 3189 3746 3245 ἴσην

2283 1596 2373 1644 καὶ
2436 1600 2508 1662 τῷ
2565 1594 2772 1663 χυματι
2828 1600 2919 1653 τῆς
2979 1591 3269 1664 Σολομὼντς
3330 1595 3528 1662 σοφίας,

2281 1681 2404 1754 ῥοῦν
2483 1685 2761 1755 φερομένου
2845 1689 2934 1733 του
3025 1680 3181 1752 λόγου
3275 1683 3472 1754 καρπὸς

2283 1768 2470 1822 ἐκεῖθεν
2506 1768 2812 1841 ἀναθηλήσει
2879 1776 2988 1831 τοῖς
3023 1771 3123 1822 υπὸ
3191 1773 3284 1826 τήν
3338 1771 3491 1821 σκιὰν
3557 1767 3722 1822 αὐτοῦ
3783 1766 3902 1819 ἐπι-

2286 1859 2559 1930 θυμήσασι
2611 1863 2700 1910 καὶ
2733 1860 3008 1911 καθίσασι.
3073 1856 3313 1929 Σαλομων
3356 1859 3447 1929 μὲν
3483 1852 3571 1909 οὖν
3630 1856 3701 1916 εἰς
3759 1855 3900 1930 εἰρη-

2282 1951 2423 1998 νικὸν
2474 1946 2938 2020 μετηλὼττισται·
3003 1950 3234 2022 Χριστὸς
3301 1943 3361 1999 δέ
3417 1945 3560 1998 ἐστιν
3609 1948 3641 2004 ἡ
3715 1946 3899 2019 εἰρήνη

2284 2037 2450 2107 ἡμῶν,
2544 2039 2680 2088 κατὰ
2738 2041 2832 2093 τὴν
2890 2043 2980 2088 τοῦ
3050 2035 3255 2089 Παύλου
3315 2039 3505 2107 φωνὴν,
3567 2035 3593 2086 ὁ
3656 2039 3898 2098 ποιήσας

525 2831 722 2888 decim
751 2829 1021 2887 tribubus
1042 2831 1342 2887 lsraelitici
1375 2831 1602 2904 populi,
1635 2833 1735 2889 Dei
1759 2838 2032 2889 amantes
2052 2832 2151 2888 fue

523 2925 680 2992 runt,
713 2920 773 2976 in
794 2919 947 2976 duos
967 2918 1238 2975 diversos
1270 2925 1462 2977 status
1484 2920 1786 2977 distributi
1819 2925 1994 2990 sunt;
2028 2921 2175 2977 alter

522 3009 681 3066 enim
714 3009 846 3066 vita:
868 3014 1058 3066 status
1085 3015 1222 3066 ante
1246 3009 1442 3080 legem
1472 3009 1657 3068 latam
1695 3010 1805 3066 fuit
1859 3011 2005 3067 alter
2035 3015 2174 3083 post

521 3099 758 3156 tabulas
775 3099 962 3172 (legis)
979 3105 1036 3155 et
1050 3098 1527 3156 tabernaculum.
1581 3099 1926 3158 Similiteret
1941 3099 2041 3167 illi,
2066 3099 2171 3173 qui

520 3187 710 3244 oculis
755 3188 877 3243 suis
893 3187 1165 3244 divinum
1180 3187 1439 3244 Verbum
1469 3204 1674 3244 coram
1706 3193 2092 3261 aspexerunt,
2114 3192 2172 3246 et

515 3277 721 3347 gratim
747 3291 1052 3348 praecones
1071 3279 1129 3332 et
1147 3276 1338 3332 nuntii
1367 3277 1737 3343 exstiterunt,
1766 3276 1842 3333 ad
1866 3275 2166 3349 aqualem

518 3361 960 3418 duodenarium
975 3378 1298 3418 numerum
1315 3363 1539 3421 redacti
1553 3369 1709 3435 sunt,
1731 3379 1944 3420 omnes
1966 3369 2167 3420 tamen

515 3450 730 3524 triplici
756 3451 932 3523 quasi
959 3450 1150 3507 classe
1179 3451 1557 3509 continentur
1599 3453 1680 3511 ob
1723 3453 2020 3510 Trinitatis
2047 3451 2169 3509 cul-

596 3577 610 3610 ²
645 3577 818 3632 Cant.
857 3589 938 3641 ιιι,
965 3579 997 3629 7
1023 3576 1045 3609 ²
1080 3574 1292 3646 Ephes.
1331 3591 1394 3648 ll,
1439 3580 1524 3634 14.

515 3717 888 3788 processione
914 3717 1113 3788 sancti
1131 3717 1419 3787 Spiritus,
1446 3723 1503 3775 et
1535 3717 1759 3776 librum
1789 3719 1875 3776 De
1917 3734 2074 3788 pane
2102 3722 2164 3776 in

2281 3273 2800 3348 ἀνακεφαλαιούμενοι
2872 3272 3104 3345 δώδεκα,
3181 3277 3550 3348 τρισσούμενοι
3613 3270 3673 3328 δε
3749 3276 3894 3347 ὅμως

2274 3372 2334 3438 τῇ
2389 3364 2598 3440 λατρεία
2649 3371 2744 3426 τῆς
2791 3359 3042 3436 Τριὰδος,
3099 3366 3189 3415 καὶ
3239 3369 3354 3424 ταῖς
3407 3361 3708 3438 ἰσαρίθμοις
3766 3370 3892 3426 τοῦ,

2278 3451 2648 3526 βαπτίσματος
2724 3447 3050 3506 καταδύσεσι
3138 3450 3499 3523 τελειούμενοι.
3592 3455 3892 3526 Προφητονν

2277 3719 2496 3792 talione
2529 3722 2590 3775 D.
2623 3718 2890 3792 Deiparie
2920 3717 3062 3774 dicit
3095 3717 3261 3792 apud
3299 3715 3787 3792 Suriumbaberi
3819 3718 3884 3775 in

514 3768 882 3871 fatuae
891 3768 1054 3871 τέξᾰὲ
1064 3768 1519 3871 inegregie}:
1533 3768 1616 3871 ἇὲ
1623 3768 1831 3871 ίιῖὗαῖ
1846 3768 2036 3871 nais;
2045 3768 2164 3871 ἱιᾷῖ
2193 3768 2234 3822 C
2279 3768 2335 3848 si
2341 3768 3172 3871 aesagsgagﬁisiégﬁun
3178 3768 3330 3871 £133:
3344 3768 3882 3871 ᾗόᾧᾶιᾷιῖέέξόρῐ

517 3860 906 3917 πιίηῠίναηάί
935 3859 1232 3929 baptismi.
1291 3862 1386 3915 Isti
1434 3866 1719 3917 tractatus
1769 3860 1934 3916 nullo
1981 3861 2166 3917 modo

517 3930 859 4004 ascribendi
881 3937 1021 4004 sunt
1057 3942 1275 4004 sancto
1310 3932 1626 4004 Germano,
1677 3933 1782 4004 qui
1812 3933 1925 3987 sub
1973 3935 2164 3989 Leone

518 4002 779 4058 Isaurico
795 4001 1014 4072 ﬂoruit,
1031 4002 1177 4073 quia
1198 4001 1305 4058 fuit
1321 4003 1615 4060 orthodox
1624 4001 1716 4064 us:
1733 4019 1873 4060 cum
1892 4005 2164 4060 Romano

516 4071 1395 4144 Pontiﬁcerconjunctissimus:
1425 4080 1480 4130 et
1506 4073 1767 4130 necdum
1827 4083 2164 4130 controver-

517 4144 770 4200 siaeistas
809 4143 962 4198 inter
1013 4146 1246 4199 Graecos
1302 4149 1357 4200 et
1411 4146 1646 4200 Latinos
1688 4146 2050 4200 exstiterant.
2107 4145 2163 4200 Si

517 4219 657 4270 sunt
675 4214 928 4288 alicujus
953 4215 1453 4288 Germani,_e_runt
1471 4216 1621 4288 forte
1645 4216 1746 4286 huj
1759 4216 2058 4288 us_ipsius,
2085 4215 2162 4271 de

515 4299 640 4356 quo
650 4283 828 4356 nobis
841 4299 1041 4356 sermo
1058 4291 1149 4356 est
1167 4301 1182 4350 ;
1199 4285 1616 4342 schismaticus
1626 4283 1788 4343 enim
1815 4283 1942 4352 fuit,
1958 4292 2016 4342 et
2027 4302 2164 4342 acer

517 4353 709 4410 hostis
733 4353 919 4409 Latini
940 4355 1222 4410 nominis.

587 4427 788 4496 Neque
809 4425 1002 4498 etiarn
1019 4426 1210 4498 sancti
1264 4427 1537 4498 Germani
1564 4431 1703 4482 sunt
1739 4443 1811 4484 ea
1847 4442 2158 4498 responsa,

516 4509 655 4566 quae
685 4493 1046 4567 exstantlib.
1077 4510 1136 4550 ιιι
1161 4497 1330 4551 Juris
1351 4497 1868 4567 Grcam-Romani,
1909 4493 2006 4554 fol.
2034 4493 2158 4563 '232,

517 4563 584 4621 ut
606 4565 822 4620 sentire
879 4563 1114 4620 videtur
1169 4567 1478 4634 Batonius,
1535 4573 1683 4624 tom.
1712 4569 1777 4623 IX
1824 4563 2160 4624 Annalium

516 4649 680 4692 anno
703 4638 829 4700 730,
861 4649 1028 4691 num.
1061 4639 1114 4700 6,
1146 4637 1207 4692 in
1231 4638 1534 4710 margine;
1563 4638 2018 4710 quiarepugnat
2042 4654 2160 4694 nu-

517 4721 720 4762 merus
749 4720 1045 4782 annorum
1073 4706 1280 4782 mundi
1312 4706 1701 4782 subscriptus.
1752 4706 1818 4782 Et
1845 4706 1906 4765 in
1962 4709 2160 4782 primo

513 4791 811 4850 responso
829 4778 1052 4852 mentio
1069 4776 1130 4833 ﬁt
1144 4776 1514 4852 Constantini
1525 4776 2024 4852 Gomneni,quein
2044 4780 2158 4837 cla-

514 4847 648 4922 rum
671 4853 782 4922 est,
805 4847 1022 4922 vixisse
1039 4863 1202 4922 no_nn
1211 4849 1344 4922 ullis
1361 4849 1596 4905 saeculis
1615 4856 1750 4922 post
1769 4847 2152 4908 Germanum.

518 4919 873 4977 Seholiastes
895 4921 1060 4976 Juris
1083 4920 1292 4978 Graeco
1317 4921 1574 4976 Romani
1607 4919 1813 4976 fribuit
1841 4924 2154 4988 Germano,

513 4991 619 5062 qui
649 4991 816 5066 prius
838 4989 1335 5066 Adrianopoleos.
1359 4998 1567 5063 postea
1614 4993 2157 5066 ConﬁstantinOpolis

514 5061 783 5136 pontifex
832 5061 959 5136 fuit,
993 5065 1065 5118 de
1087 5061 1219 5136 quo
1265 5061 1580 5130 Gregoras,
1612 5070 1670 5136 et
1717 5061 2035 5136 Catalogus
2056 5080 2160 5136 pa-

512 5121 1452 5207 triarcharumConstantinopjn
1483 5121 1598 5188 ﬁne
1615 5133 1749 5189 libri
1777 5121 2160 5207 quartiJuris
2195 5121 2238 5174 D

515 5202 1023 5259 Graeco-Romani.
1310 5202 1331 5207 ⁷
1795 5202 1819 5207 “
2083 5255 2088 5258 .

582 5275 855 5344 Necsunt
877 5275 1066 5330 sancti
1087 5275 1362 5331 Germani
1384 5273 1644 5330 homiliae
1669 5275 1728 5329 in
1749 5277 1811 5330 D.
1836 5275 2158 5344 Virginem,

514 5357 586 5396 ex
612 5343 835 5414 quibus
865 5345 1134 5399 Canisius
1164 5345 1354 5400 multa
1377 5346 1517 5402 citat
1536 5346 1638 5401 lib.
1677 5351 1688 5399 I
1725 5348 1808 5402 De
1831 5343 1996 5402 beata
2041 5347 2162 5401 Vir-

511 5415 672 5482 gine,
722 5420 779 5468 et
818 5429 954 5485 quae
989 5415 1185 5470 Graece
1215 5421 1452 5472 exstant
1485 5418 1545 5472 in
1577 5417 1942 5473 Bibliotheca
1964 5425 2162 5486 Augu-

515 5488 711 5562 stana,
739 5499 909 5562 num,
939 5489 992 5539 5t
1028 5491 1085 5562 et
1105 5490 1192 5562 66.
1214 5487 1336 5562 _Sed
1359 5493 1498 5562 sunt
1523 5488 1618 5562 vel
1643 5487 1830 5544 nostri
1860 5489 2157 5562 Germani,

510 5552 602 5611 vel
634 5552 1279 5632 alicujus'_pos_teriorjs,
1293 5558 1440 5630 quia
1459 5559 1649 5632 stylus
1677 5558 1965 5632 etgenius
1997 5574 2163 5632 pror-

512 5641 618 5684 sus
640 5624 805 5683 idem
835 5624 949 5683 est.
985 5627 1106 5684 Nec
1129 5624 1335 5702 refert;
1358 5624 1532 5703 quod
1549 5624 1803 5690 homilia
1821 5629 1896 5687 de
1924 5624 2160 5690 Priesen

2274 3877 2492 3917 manos
2507 3865 2678 3917 aetate
2699 3857 3014 3917 antecessit
3027 3857 3210 3932 {quia
3226 3857 3540 3932 volumina
3558 3857 3662 3914 illa
3687 3859 3879 3932 Meta-

2276 3933 2537 4003 pbrastae
2555 3937 2839 4004 centones
2864 3937 3027 3999 sunt,
3055 3929 3662 4004 quibusposteriores
3685 3931 3882 4004 Graeci

2276 4002 2563 4075 perpetuo
2610 4002 2839 4075 aliquid
2883 4002 3220 4075 assuerant.
3263 4002 3460 4075 Quare
3476 4015 3613 4075 _non
3630 4002 3877 4075 probo,

2273 4071 2436 4146 quod
2459 4071 2856 4146 doctissimus
2859 4073 2943 4129 vir
2963 4076 3162 4146 Petrus
3180 4071 3800 4146 Pantinusbomiliam
3813 4071 3881 4129 in

2274 4142 2797 4216 praesentationem
2827 4143 2894 4216 D.
2927 4143 3196 4214 Virginis,
3225 4159 3261 4199 a
3287 4159 3351 4199 se
3377 4142 3623 4216 editam,
3653 4149 3876 4200 sancto

2275 4213 2570 4271 Germano
2613 4214 2899 4279 attribuit,
2927 4213 3189 4286 eumque
3230 4213 3515 4286 eumdem
3537 4228 3673 4286 esse
3698 4219 3880 4286 putat

2273 4302 2410 4342 cum
2432 4285 2532 4341 illo
2551 4287 2872 4353 Germano,
2894 4285 3067 4356 cujus
3086 4283 3278 4341 exstat
3293 4283 3541 4341 bomilia
3554 4284 3616 4339 in
3637 4283 3877 4356 caedem

2271 4357 2614 4418 infantium,
2632 4356 2712 4413 ab
2734 4355 2961 4428 Herode
2974 4355 3310 4428 patratam,
3324 4359 3471 4412 Nam
3491 4361 3754 4427 utraque
3769 4355 3879 4413 bo-

2273 4428 2436 4483 milia
2465 4427 2924 4500 estrecentioris
2948 4425 3243 4500 Germani,
3275 4425 3351 4482 de
3376 4442 3497 4500 quo
3526 4425 3735 4498 supra.
3756 4430 3876 4484 Nec

2271 4500 2458 4571 Cyrus
2473 4498 2526 4554 ei
2553 4497 2668 4571 loci
2689 4505 2776 4554 est
2792 4513 3016 4571 nomen
3033 4499 3367 4571 proprium,
3383 4496 3473 4571 vel
3489 4496 3871 4571 prae—nomen,

2272 4567 2380 4625 sed
2409 4569 2775 4625 vocabulum
2792 4567 3094 4624 bonoris‘a
3115 4567 3542 4624 recentioribus
3559 4569 3781 4624 Gmcis
3801 4569 3873 4624 iis

2313 4641 2372 4696 ui
2400 4641 2463 4696 in
2503 4641 2793 4708 dignitate
2823 4645 2965 4696 sunt
2992 4639 3170 4694 tribui
3198 4644 3579 4694 consuetum.
3614 4641 3734 4694 Nec
3759 4641 3871 4697 iste

2313 4656 2372 4696 ui
2400 4656 2463 4696 in
2503 4656 2793 4708 dignitate
2823 4656 2965 4696 sunt
2992 4656 3170 4694 moui
3198 4656 3579 4694 consuetum.
3614 4656 3620 4694 ι

2268 4656 2602 4768 germanus
2629 4716 2876 4766 sanctus
2904 4716 3016 4778 est,
3043 4709 3147 4765 sed
3179 4709 3620 4767 schismaticus.

2341 4783 2408 4837 Et
2439 4782 2585 4862 ᾳςιίιι
2603 4780 2787 4861 semel
2808 4781 3072 4862 censoris
3095 4797 3318 4862 munus
3337 4779 3870 4862 .suscepimous,‘ad-

2269 4851 2369 4917 do,
2393 4850 2539 4907 mibi
2565 4851 2930 4923 jampridem
2969 4867 3092 4906 eam
3127 4850 3542 4922 suspicionem
3575 4850 3867 4920 injectam

2267 4937 2500 4991 esse,ne
2516 4923 2710 4994 ipsam
2726 4923 2970 4994 quidem
2983 4923 3294 4994 Theoriam
3314 4937 3517 4979 rerum
3538 4923 3877 4994 ecclesiasti

2267 4993 2624 5066 earumquin
2643 4993 2808 5049 tonio
2824 4996 2885 5066 Vl
2899 4993 3289 5050 Bibliotheca
3298 4994 3665 5066 SS.Patrum
3683 4993 3874 5048 inser-

2268 5071 2330 5121 ta
2341 5071 2448 5131 est,
2466 5063 2758 5137 pertinere
2770 5064 3136 5137 adsanctum
3153 5070 3209 5120 et
3229 5070 3528 5137 vetustum
3550 5063 3716 5119 illum
3733 5066 3873 5137 Ger;

2274 5134 2682 5208 manum,_sed_
2708 5135 2783 5190 ad
2814 5135 3081 5208 aliquem,
3103 5151 3175 5208 ex
3198 5134 3628 5208 posterioribus
3653 5153 3669 5208 ;_
3698 5134 3875 5208 quod

2272 5206 2364 5261 vel
2383 5223 2538 5261 unus
2555 5205 2648 5262 ille
2669 5205 2836 5260 locus
2853 5205 2929 5260 de
2938 5205 3309 5274 ﬁdelibus,in
3342 5207 3629 5262 Venetici:
3648 5205 3874 5262 insulis

2275 5277 2678 5349 habitantibus
2720 5279 3060 5346 persuadet,
3096 5292 3240 5349 nam
3280 5276 3664 5349 temporibus
3687 5277 3876 5349 prisci

2271 5347 2428 5403 illius
2473 5349 2748 5420 Germani
2791 5364 3020 5420 paucae,
3050 5349 3174 5404 imo
3213 5347 3419 5420 forsan
3443 5347 3621 5402 nullan
3651 5347 3875 5403 insulae

2273 5420 2489 5475 Graecae
2520 5419 2633 5474 sub
2661 5418 2878 5491 Veneto
2907 5419 3159 5491 imperio
3189 5418 3637 5491 tenebanturJit
3660 5426 3879 5491 auctor

2268 5491 2474 5562 ﬁdeles
2498 5505 2710 5562 vocare
2728 5489 2964 5562 videtur
2989 5489 3094 5562 eos
3117 5489 3241 5562 qui,
3265 5491 3604 5562 Graecorum
3625 5490 3877 5562 ,opinio—

2271 5560 2451 5618 nibus
2479 5559 2724 5630 addicti,
2753 5560 2816 5616 in
2859 5561 3074 5618 iaculis
3125 5559 3410 5619 Veneticis
3439 5575 3479 5619 a
3514 5559 3875 5620 Latinorum

2268 5629 2484 5690 ritibus
2515 5629 2946 5694 abhorrebant.
