4020 6310
127 307 242 362 645

1422 305 1494 361 1N
1532 295 1881 358 VlVIFlCAM
1919 297 2217 358 CRUCEM.

3395 297 3498 364 646

122 435 237 504 γὰρ
290 435 378 482 καὶ
403 428 714 483 ἁποσπόλων
751 435 1012 506 καὺχημα
1049 437 1075 486 ό
1125 434 1370 507 σταυρὸς,
1413 428 1486 484 δι’
1525 426 1582 482 οὗ
1609 447 1738 479 παν·

1862 427 2004 491 tum,
2038 426 2422 500 todidemque
2468 427 2772 501 baptismi,
2822 428 3044 502 quibus
3087 429 3497 504 perﬁciuntur,

125 524 220 580 τὸς
270 525 522 591 γεγόνασι
568 517 916 594 δυνατώτεροι
978 518 1224 595 δυνάμεις
1281 520 1472 580 πολλὰς
1513 525 1602 571 καὶ
1635 536 1738 574 ση-

121 611 253 680 μεῖα
320 609 691 675 εκτελὲσαντες,
747 631 835 662 και
889 607 961 662 δι’
1010 607 1068 663 οὖ
1119 610 1294 673 αὐτοῖς
1325 617 1520 682 κόσμον
1552 607 1739 660 ἐσταύ-

122 718 319 771 ρωται,
367 703 458 749 καὶ
498 701 694 750 τούτων
751 701 969 762 ἕκαστος
1014 708 1086 770 τῷ
1126 703 1328 772 κόσμῳ,
1371 697 1475 760 οἷος
1509 695 1568 756 ἦν
1608 697 1738 748 έκεῖ-

122 806 214 847 νος
261 788 288 837 ό
343 783 570 838 εὐδοκῶν
619 787 666 839 ἐν
719 789 826 848 ταὶς
875 789 1166 851 ἀσθενεὶαις
1221 789 1382 842 αὑτοῦ
1427 793 1515 840 καί
1557 787 1736 857 λέγωνν

120 875 292 926 ⁴Οταν
322 873 545 944 ἀσθενῶ,
577 881 694 928 τότε
725 873 944 936 δυνατός
980 878 1107 952 εἰμι.

201 1056 422 1119 Πάντες,
528 1059 675 1125 φησί,
751 1060 1060 1126 κατέχοντες
1139 1056 1402 1130 ῥομφαίας
1475 1049 1567 1105 διά
1638 1060 1738 1103 τῶν

119 1152 313 1215 μηρῶν
391 1143 559 1194 αὐτῶν
617 1142 718 1195 ἀπό
787 1143 1018 1216 θάμϐους
1087 1148 1135 1196 εν
1208 1145 1341 1206 νυξί.
1439 1142 1739 1215 Προκεὶσθω

117 1235 228 1304 γὰρ
301 1235 362 1283 τό
422 1231 714 1304 λειπόμενον
772 1242 862 1293 τῆς
920 1233 1219 1305 ᾁσματικῆς
1285 1234 1476 1293 ταύτης
1530 1249 1737 1304 περικοο

170 1327 195 1338 -

115 1340 246 1380 mas.

112 1413 220 1471 τὰς
281 1413 617 1483 ἀναιρετικὰς
680 1414 985 1484 ὲγκρατείας
1049 1419 1148 1462 τῶν
1207 1411 1575 1483 ὑπογαστρίων
1644 1427 1734 1458 πα-

308 1320 592 1392 Ῥομφαίας
657 1324 741 1373 επὶ
792 1322 890 1373 τῶν
937 1331 1140 1394 μηρῶν,
1192 1329 1283 1373 τοῦ
1312 1321 1468 1392 λόγου
1508 1315 1741 1378 νοοῦντος

119 1499 253 1568 θῶν,
318 1503 410 1549 καί
467 1500 581 1550 ἔστι
630 1507 864 1560 τοιοῦτος
918 1499 1305 1574 ῥομφαιοφόρος
1358 1502 1458 1570 πρὸ
1509 1505 1608 1548 τῶν
1656 1494 1746 1547 ἄλ-

113 1586 223 1638 λων
264 1589 292 1637 ό
351 1591 512 1658 μέγας
554 1592 883 1659 στρατιώτης
924 1596 1020 1649 τῆς
1064 1591 1303 1660 χάριτος,
1345 1588 1395 1646 ὃς
1441 1583 1747 1638 επιστέλλων

121 1681 315 1746 φησίν.
375 1677 674 1737 Υπωπιάζω
740 1680 830 1748 μὲν
896 1681 954 1729 τὸ
1030 1685 1183 1748 σῶμα
1250 1681 1340 1728 καὶ
1406 1671 1748 1744 δουλαγωγῶ,

399 1763 569 1825 ἄλλοις
625 1765 856 1836 κηρύξας
929 1765 1084 1827 αὐτὸς

122 1853 496 1928 Ἐφήρμοσται
549 1849 609 1905 δέ

121 1770 324 1835 μήπως

693 1852 922 1929 ἀρίστως
967 1863 1030 1927 τῇ
1102 1855 1267 1926 ἐννοίᾳ
1322 1856 1484 1924 ταύτῃ
1549 1854 1637 1902 καὶ
1667 1853 1748 1917 τό,

125 1944 234 1993 άπὸ
308 1939 538 2013 Θάμϐους
596 1943 646 1994 ίν
693 1942 826 2006 νυξί.
887 1946 1046 2016 Κάγω
1089 1952 1182 2004 τῆς
1230 1939 1528 2000 Λαυῐδικῆς
1591 1941 1748 1993 ὁπλο-

127 2031 303 2090 θήκης
359 2031 452 2089 *ἣν
509 2031 768 2104 ῥομφαίαν
820 2035 1015 2090 ταύτην
1064 2033 1404 2104 άναλεγόμενς
1477 2042 1748 2107 συμμαχώ

124 2126 205 2187 τῷ
256 2117 397 2189 λόγῳ
456 2116 818 2191 ἀγωνιζομένῳ
871 2123 1000 2192 πρὸς
1057 2125 1150 2178 τήν
1197 2117 1485 2183 ἀπόδειξιν·
1545 2122 1744 2193 Ὀπλῳ,

128 2210 292 2277 φησὶ,
367 2206 624 2258 κυκλώσει
686 2227 744 2260 σε
794 2209 824 2266 ὴ
885 2205 1102 2266 ἀλήθεια
1180 2209 1359 2261 αὐτοῦ’
1439 2211 1497 2262 οὐ
1583 2209 1744 2283 φοϐη-

130 2297 275 2366 θὴση
338 2293 440 2348 ἀπὸ
491 2295 650 2368 φόϐου
701 2298 1019 2370 νυκτερινοῦ·
1074 2299 1144 2354 Τό
1214 2300 1316 2371 γάρ
1363 2299 1515 2352 ὅπλον
1592 2297 1743 2352 ἀναι-

123 2387 341 2456 ρετικὸν
425 2393 526 2436 τῶν
579 2389 978 2439 επαναστάσεων
1063 2394 1156 2446 τῆς
1225 2392 1436 2462 σαρκός,
1499 2393 1589 2441 καὶ
1647 2397 1744 2440 τῶν

123 2473 362 2526 ἐντεῦθεν
445 2484 749 2548 νυκτερινῶν
834 2477 1235 2548 φαντασμάτων.
1319 2480 1564 2529 Τοιοῦτόν
1652 2496 1746 2549 μοι

122 2570 220 2614 τοῦ
289 2561 448 2633 λόγου
501 2568 560 2615 τό
611 2564 825 2638 ὅρμημα
878 2569 1103 2638 σήμερον
1168 2567 1224 2616 εκ
1253 2563 1426 2626 κλίνης
1483 2569 1572 2638 μὲν
1639 2568 1745 2617 ἁνι-

126 2653 415 2722 στάμενον,
468 2658 557 2704 καί
600 2661 690 2713 τῆς
727 2657 983 2713 κινήσεως
1037 2654 1428 2726 άπαρχόμενον,
1485 2661 1551 2714 εὶς
1592 2651 1651 2706 δέ
1687 2672 1747 2725 γε

121 2745 222 2806 τὰς
303 2740 502 2815 πρωῖας
553 2745 744 2802 ταύτας
789 2743 879 2802 τάς
935 2747 1399 2814 προσκυνησίμους
1465 2750 1556 2795 τοῦ
1623 2763 1746 2794 παν-

126 2834 395 2887 σεϐάστου
469 2837 698 2906 σταυροῦ
748 2827 1046 2882 ἁποκτεῖνον
1117 2832 1314 2892 πάντας
1386 2834 1508 2893 τους
1583 2828 1748 2902 ἀμαρ-

127 2923 333 2984 τωλούς
361 2929 454 2981 τῆς
481 2927 599 2992 γῆν.
651 2915 811 2971 Οὗτοι
861 2915 921 2971 δέ
947 2924 1051 2972 εἱσι
1111 2916 1376 2991 δαίμονες,
1430 2917 1748 2992 δημιουργοὶ

124 3021 225 3075 τῆς
281 3011 541 3084 ἁμαρτιας
596 3011 686 3060 καί
737 3015 831 3069 τῆς
879 3027 1068 3070 κακιας
1112 3013 1430 3083 γεννήτορες.
1480 3007 1606 3082 Ἀήρ
1643 3010 1743 3082 γὰρ

125 3105 156 3162 ᾗ
224 3111 288 3175 τῇ
333 3106 478 3174 χειρὶ
548 3100 884 3170 τυπούμενος,
938 3098 967 3156 ἣ
1026 3106 1087 3170 τῇ
1142 3098 1346 3171 γλώττη
1402 3104 1736 3171 τυπτόμενος,
1788 3125 1826 3181 C

123 3199 192 3263 τῇ
254 3197 458 3262 γραφῇ,
519 3195 582 3260 τῇ
655 3185 838 3245 κλήσει
897 3194 958 3258 τῇ
1040 3195 1320 3259 σταυρικῇ,

125 3283 409 3352 πνεύματα
481 3278 686 3349 μακράν
777 3275 1070 3338 ἀπελαύνει,
1161 3279 1323 3348 Βαρύς
1392 3279 1530 3327 ἐστιν
1622 3277 1747 3347 ἡμῖν

328 3365 656 3440 βλεπόμενος,
746 3367 834 3415 καὶ
935 3364 1267 3436 ἁκουόμενος,
1365 3364 1600 3436 λέγοντα,
1706 3364 1727 3414 ό

1402 3191 1468 3239 τὰ
1541 3190 1747 3259 εναέρια

126 3374 222 3421 καὶ
328 3365 656 3436 βλεπόμενος,
746 3367 834 3415 καὶ
935 3362 1267 3436 ἀκουόμενος,
1365 3363 1600 3436 λέγοντα,
1706 3364 1732 3414 ό

131 3477 269 3510 σταυ
273 3477 304 3532 ρ
312 3460 379 3516 ὸς.

205 3555 344 3607 ’Ότι
425 3556 598 3604 τοίνυν
647 3551 902 3623 ὁφθαλμοι
931 3553 1022 3622 μὲν
1077 3558 1174 3602 τῶν
1242 3559 1464 3617 πιστῶν,
1535 3549 1749 3610 όπτικάς

133 3642 426 3718 ἁπορροὶας
483 3640 897 3702 ἐξακοντίσαντες
986 3641 1071 3690 επὶ
1127 3643 1213 3690 τόν
1269 3643 1514 3710 σταυρόν,
1591 3640 1753 3696 καθηο

132 3734 466 3805 γίάσϐησαν.
496 3731 550 3780 αἱ
582 3725 641 3782 δὲ
687 3728 780 3780 τού
817 3735 1088 3800 αγιασμοϋ
1153 3728 1488 3802 κορεσθεὶσαι
1540 3727 1755 3802 πλήρεις

135 3824 370 3897 χάριτος
423 3817 695 3893 παλίρροοι
749 3821 875 3889 πρὸς
948 3821 1042 3874 τὴν
1103 3813 1243 3869 ἰδίαν
1290 3821 1463 3888 πηγὴν
1491 3814 1752 3888 ἀνελύθη·

141 3931 240 3964 σαν
336 3908 490 3981 χείλη
553 3903 612 3958 δὲ
670 3902 1017 3959 διασταλέντα
1108 3911 1238 3978 πρός
1300 3904 1601 3978 ἀσπασμόν,
1669 3901 1756 3956 εἶτ’

139 4000 334 4074 ἀθρόον
395 3996 810 4069 συμπτυχθεντα
856 3999 947 4046 καὶ
976 3995 1062 4046 τόν
1109 3995 1458 4066 ἔποχούμενον
1521 3993 1647 4068 ἀέρα
1684 4001 1756 4063 τῷ

142 4093 266 4160 θείῳ
354 4094 566 4159 σταυρῷ
645 4086 1030 4156 άνιμησάμενα,
1084 4088 1174 4134 καὶ
1287 4083 1760 4154 συνεφελκιξὸμενα

465 4180 639 4226 πᾶσαν
713 4178 805 4231 την
885 4181 985 4224 τῶν
1062 4171 1372 4243 σπλάλχνων
1463 4176 1757 4243 οἰκονομίαν

1667 4254 1760 4310 διά

1069 4344 1292 4409 εὐωδίας
1380 4347 1756 4420 ἠγαλλιάσατοο

137 4175 372 4246 ᾖδᾟθῃθ

141 4269 412 4327 ζωοποιοῡ
463 4263 783 4335 εμττνεύσεως
862 4259 1115 4324 ἔπλησαν,
1177 4263 1268 4310 καὶ
1329 4260 1592 4333 ὄσφρησίς

141 4364 208 4414 τῆ
218 4375 240 4415 ς
323 4348 510 4404 ἐκεῖθεν
597 4352 946 4420 ἀποπνεομένη
957 4370 977 4410 ς

1851 511 2288 583 immersiones,
2323 517 2754 588 Prophetarum
2793 523 2851 573 et
2901 517 3318 590 apostolorum
3372 519 3500 589 glo-

1849 601 2022 658 riatio
2051 620 2196 660 crux
2227 613 2333 678 est,
2390 623 2510 679 qua
2553 607 2838 663 omnibus
2896 608 3263 679 potentiores
3307 608 3502 665 effecti

1851 698 2009 759 sunt,
2035 693 2234 749 multis
2253 695 2568 751 virtutibus
2595 702 2649 750 et
2669 696 2855 766 signis
2887 697 3154 768 patratis,
3188 712 3294 769 per
3313 714 3501 769 quam

1848 782 2114 836 mundus
2153 783 2268 838 illis
2305 785 2627 840 cruciﬁxus
2659 790 2772 854 est,
2831 790 2887 841 et
2941 785 3192 858 quilibet
3259 785 3502 842 illorum

1848 869 2100 940 mundo,
2130 873 2326 945 qualis
2356 879 2481 930 erat
2511 874 2628 941 ille,
2652 874 2755 946 qui
2787 874 2900 930 sibi
2932 873 3209 946 placebat
3251 874 3311 929 in
3343 874 3503 930 inﬁr-

1847 957 2154 1015 mitatibus
2175 961 2318 1033 suis,
2345 962 2553 1018 dicens
2579 979 2590 1017 :
2622 963 2868 1029 Quando
2905 963 3202 1032 inﬁrmor,
3231 969 3375 1019 tunc
3401 979 3506 1033 po-

1849 1052 1976 1103 tens
1998 1066 2122 1104 sum
2151 1051 2196 1104 ³.

1923 1139 2154 1202 Omnes,
2183 1142 2646 1213 inquittenentes
2664 1143 2900 1213 gladios
2921 1157 3104 1212 super
3139 1143 3373 1211 femora
3396 1157 3503 1198 sua

1843 1233 2098 1296 propter
2125 1230 2360 1285 timores
2389 1236 2734 1286 nocturnos.
2759 1229 3116 1285 Addendum
3138 1229 3297 1284 enim
3328 1234 3415 1285 est
3441 1229 3504 1286 id

1850 1315 2018 1386 quod
2049 1323 2233 1373 restat
2257 1317 2330 1372 de
2358 1319 2650 1375 sententia
2675 1334 2747 1373 ex
2795 1317 3068 1374 Canticis.
3115 1320 3220 1373 Per
3271 1316 3504 1388 gladios

1853 1419 2033 1474 super
2051 1403 2280 1462 femora
2300 1406 2382 1461 nil
2421 1406 2584 1462 aliud
2631 1405 2989 1474 intelligitur,
3049 1421 3235 1478 quam
3281 1405 3506 1461 coerci-

1854 1491 2044 1548 tiones
2062 1493 2175 1549 illae
2197 1500 2253 1549 et
2270 1495 2684 1564 cohibitiones,
2716 1511 2853 1567 quae
2868 1494 3225 1567 cupiditates
3259 1494 3337 1550 ad
3359 1508 3507 1550 ven-

1858 1586 2004 1637 trem
2039 1590 2379 1654 spectantes
2406 1583 2480 1640 de
2510 1584 2708 1640 medio
2739 1582 2971 1640 tollunt.
2999 1582 3348 1654 Hujusmodi
3361 1599 3506 1639 ense

1860 1675 1996 1725 ante
2024 1671 2172 1726 alios
2194 1675 2546 1743 praecinctus
2568 1678 2695 1728 erat
2711 1687 2968 1741 magnus
2983 1671 3079 1726 ille
3091 1671 3296 1740 gratiae
3314 1671 3505 1744 miles,

1179 1763 1428 1837 ἀδόκιμος
1493 1767 1744 1833 γένωμαι·

1862 1759 1963 1830 qui
1983 1759 2040 1813 in
2055 1761 2324 1832 quadam
2342 1760 2595 1832 epistola
2609 1760 2690 1816 ita
2705 1760 2970 1833 loquitur
2993 1778 3005 1815 :
3033 1759 3275 1830 Castigo
3289 1776 3505 1830 corpus
3578 1767 3589 1778 '

1858 1854 2134 1918 meum,et
2166 1852 2221 1903 in
2250 1851 2593 1905 servitutem
2615 1849 2920 1919 redigo,ne
2941 1849 3104 1918 forte
3128 1849 3268 1904 aliis
3290 1849 3508 1918 pradi-

1858 1952 2017 2007 cans,
2038 1940 2164 2006 ipse
2179 1939 2467 2007 reprobus
2488 1940 2723 2008 efﬁciar
2745 1939 2785 1992 ‘.
2813 1938 2953 1993 Huic
2976 1937 3282 1993 sententis:
3322 1938 3508 2010 aptis-

1857 2026 2009 2081 sime
2037 2026 2294 2100 quadrat
2339 2027 2518 2083 etiam
2565 2026 2732 2096 illud,
2777 2034 3027 2097 propter
3077 2027 3317 2082 timores
3368 2043 3506 2083 noc-

1857 2121 2064 2171 turnos
2085 2118 2126 2170 5.
2153 2118 2218 2171 Et
2234 2132 2346 2186 ego
2367 2132 2437 2171 ex
2455 2115 2738 2173 Davidico
2756 2114 3225 2171 armamentario
3243 2113 3503 2185 gladium

1855 2204 2016 2260 hunc
2040 2204 2428 2276 depromens,
2460 2203 2713 2260 orationi
2744 2203 2822 2260 ad
2844 2203 3220 2275 propositum
3254 2203 3508 2258 demon-

1855 2293 2168 2348 strandum
2197 2308 2498 2363 aggressa:
2518 2293 2693 2365 quasi
2717 2292 3024 2365 suppetias
3044 2291 3266 2347 feram:
3299 2293 3505 2358 Scuto,

1855 2381 2068 2454 inquit,
2092 2382 2487 2438 circumdabit
2518 2386 2573 2438 te
2595 2381 2811 2437 veritas
2833 2382 2962 2450 ejus
2986 2395 2998 2445 ;
3019 2395 3135 2436 non
3187 2378 3414 2435 timebis
3467 2393 3506 2435 a

1856 2473 2063 2528 timore
2081 2478 2376 2527 nocturno
2397 2473 2439 2525 ⁸.
2487 2473 2633 2527 Nam
2687 2475 2857 2526 scuto
2911 2469 3027 2525 hoc
3077 2469 3506 2542 impressiones

1855 2561 2072 2628 carnis,
2100 2566 2158 2616 et
2180 2559 2406 2628 omnia,
2437 2575 2574 2632 qua:
2598 2559 2737 2615 hinc
2767 2563 3158 2623 enascuntur,
3212 2562 3509 2616 nocturna

1854 2649 2283 2721 phantasmata
2301 2654 2357 2704 et
2387 2655 2618 2722 spectra
2629 2647 2992 2721 comprimit.
3011 2646 3148 2705 Tale
3162 2647 3309 2703 mihi
3329 2646 3508 2704 hodie

1855 2737 2094 2793 dicendi
2119 2737 2434 2794 exordium
2469 2737 2596 2805 erit,
2624 2753 2698 2792 ex
2734 2736 2950 2792 lectulo
3007 2735 3256 2807 quidem
3305 2751 3510 2792 exsur-

1855 2842 2022 2898 gens,
2055 2832 2112 2882 et
2143 2827 2223 2882 ad
2248 2827 2362 2882 hoc
2394 2826 2671 2899 progredi
2699 2825 2993 2897 incipiens
3049 2825 3129 2880 ad
3184 2824 3510 2882 matutinas

1854 2931 1996 2972 vero
2018 2917 2161 2973 istas
2191 2917 2356 2972 omni
2383 2916 2764 2972 veneratione
2808 2915 3008 2982 dignm
3057 2913 3250 2968 crucis
3297 2913 3511 2971 adora-

1854 3006 2066 3071 tiones,
2100 3019 2296 3060 omnes
2337 3009 2679 3072 peccatores
2719 3008 2895 3059 terra:
2943 3003 3358 3069 interﬁciens".
3413 3001 3509 3058 lsti

1855 3099 2078 3149 autem.
2112 3098 2252 3149 sunt
2279 3092 2606 3158 daimones,
2650 3095 2875 3146 sutores
2908 3089 3132 3160 peccati
3157 3095 3214 3144 et
3267 3088 3507 3146 malitia

1855 3183 2303 3254 genitores.Aer
2319 3180 2479 3236 enim
2511 3179 2599 3236 vel
2624 3193 2813 3235 manu
2840 3178 3155 3242 formatus,
3185 3176 3280 3232 vel
3300 3177 3508 3248 lingua

1856 3289 2198 3346 percussus,
2215 3272 2387 3341 signo
2401 3276 2456 3326 et
2466 3269 2842 3325 invocatione
2856 3267 3048 3323 crucis
3061 3265 3254 3322 aerios
3271 3267 3510 3339 spiritus

1855 3359 2067 3434 procul
2091 3359 2295 3430 abigit.
2329 3359 2556 3427 Gravis,
2585 3357 2884 3430 inquiunt,
2924 3356 3101 3412 nobis
3149 3359 3237 3412 est
3283 3371 3429 3411 crux
3453 3359 3513 3412 et

1857 3451 1991 3505 visu
2011 3454 2067 3505 et
2097 3449 2323 3504 auditu.

1932 3537 2186 3604 Quando
2218 3537 2395 3607 igitur
2430 3533 2588 3592 oculi
2635 3532 2904 3590 ﬁdelium
2962 3531 3322 3588 emissiones
3377 3530 3512 3589 illas

1861 3627 2084 3682 visivas
2114 3625 2192 3682 ad
2233 3639 2473 3681 crucem
2520 3622 2884 3694 ejaculantes
2940 3619 3293 3676 sanctiﬁcati
3348 3625 3509 3688 sunt,

1862 3715 2096 3788 illaque
2126 3714 2302 3771 donis
2326 3711 2669 3769 coelestibus
2698 3709 3034 3780 cumulatas,
3069 3709 3259 3780 gratia
3296 3708 3509 3782 plenae,

1863 3805 2168 3877 reciproco
2214 3819 2394 3859 cursu
2455 3801 2537 3856 ad
2585 3815 2762 3856 suam
2809 3798 3101 3869 originem
3146 3801 3513 3868 remearunt,

1863 3893 2025 3950 labia
2071 3907 2215 3948 vero
2243 3890 2488 3946 diducta
2519 3887 3016 3945 adsalutationem
3070 3890 3128 3940 et
3184 3885 3463 3942 osculum
3490 3904 3508 3958 ;

1864 3983 2081 4039 deinde
2099 3980 2408 4038 confestim
2435 3977 2732 4034 conducta
2755 3981 2812 4032 et
2838 3989 3211 4046 compressa,
3243 3979 3514 4031 etaerem

1866 4073 2087 4130 divinas
2117 4070 2277 4126 cruci
2303 4065 2733 4125 circumfusum
2744 4063 3101 4130 haurientia,
3120 4062 3514 4120 etintrorsum

1868 4160 2180 4228 trahentia,
2200 4171 2445 4214 omnem
2465 4153 2859 4210 membrorum
2875 4151 3158 4208 fabricam
3187 4156 3244 4208 et
3259 4151 3515 4225 disposi-

1868 4252 2093 4308 tionem
2105 4247 2336 4303 vivifica
2348 4243 2620 4318 quadam
2636 4241 3024 4315 inspiratione
3041 4241 3513 4314 compleverunt,

1870 4338 2121 4396 olfactus
2140 4335 2388 4407 insuper
2414 4332 2719 4403 voluptate
2749 4329 3025 4402 perfusus
3054 4334 3145 4384 est
3172 4329 3251 4385 ob
3268 4343 3517 4386 suaveo-

145 4447 370 4515 μέτωπα
453 4437 532 4506 δε,
615 4437 848 4512 βλέφάρά
913 4457 966 4489 τε
1022 4441 1112 4488 καὶ
1167 4441 1391 4511 κορυφαὶ
1447 4443 1560 4497 ταῖς
1611 4434 1749 4508 ἁφαῖς

1868 4428 2116 4485 lentiam
2143 4425 2283 4482 inde
2305 4427 2689 4488 manantem;
2722 4419 2943 4476 frontes
2980 4423 3288 4490 praeterea,
3321 4423 3374 4476 et
3420 4435 3518 4475 su-

2198 4521 2208 4528 .
2339 4515 2371 4528 ,.
2426 4527 2431 4528 ί
2824 4507 3346 4528 ,,μι,ρ,,.ε,,,μ
3388 4523 3493 4528 ___

146 4530 620 4601 ιιιοιθηγιάσθησοιν⁸
699 4531 816 4602 φερε
885 4530 974 4578 καὶ
1040 4528 1130 4586 τὰς
1200 4523 1361 4586 ἀκοὰς
1419 4529 1759 4596 κατακοσμή-

153 4639 350 4694 σωμεν,
412 4619 480 4680 ὡς
528 4619 578 4670 ἓν
624 4635 736 4669 τισι
785 4616 1016 4676 ἐνωτίοις
1055 4621 1284 4688 χρυσοῖς
1329 4621 1439 4675 τοῖς
1475 4621 1566 4666 τοῦ
1594 4632 1762 4665 σταυ-

150 4718 250 4787 ροῦ
332 4711 625 4780 εγκωμίοις,
711 4703 816 4777 οὐχ
889 4705 968 4755 ὅτι
1011 4704 1076 4755 τά
1129 4705 1352 4776 ἡμέτερα
1409 4705 1636 4775 χρύσεα,
1701 4701 1759 4753 οὐ

152 4797 313 4850 τοῦτό
396 4815 550 4868 φημι,
627 4793 736 4846 ἀλλ’
795 4797 875 4845 ὅτι
943 4789 1016 4845 δι’
1079 4790 1234 4844 αὐτόν
1315 4789 1760 4863 ἐγκωμιαζόμενον

153 4894 332 4961 τίμια.
413 4890 640 4957 Τιμᾶται
726 4887 827 4957 γὰρ
911 4887 1000 4935 καὶ
1062 4881 1209 4944 ξύλον
1277 4885 1439 4952 χερσὶ
1492 4876 1760 4953 δρυτόμου

156 4974 461 5052 ἀπερρωγὸς
533 4969 752 5046 δένδρου
827 4976 987 5040 τινός,
1067 4975 1156 5023 καὶ
1241 4971 1426 5021 τούτου
1502 4967 1756 5041 ἀκάρπου,

155 5067 272 5120 εἶτα
339 5064 407 5122 εἰς
478 5066 654 5114 κοντόν
726 5059 1232 5135 ἁποτετορνευμὲνον,
1317 5062 1406 5109 καὶ
1496 5064 1762 5129 σκῆπτρον

153 5157 424 5224 ὑπανέχον
479 5153 537 5202 τό
588 5147 890 5223 βασιλικόν.
956 5143 1098 5200 Οἶδα
1149 5149 1238 5219 μὲν
1287 5142 1373 5197 οὖν
1420 5147 1501 5197 ὅτι
1553 5146 1764 5206 καὶτὰς

155 5244 319 5304 άκοάς
367 5242 663 5312 ἡγιάσθητε
741 5237 1192 5312 μελουργουμένων
1268 5242 1368 5286 τῶν
1435 5237 1604 5306 ὕμνων
1666 5242 1764 5284 τῶν

160 5339 482 5406 σταυρικῶν.
554 5328 694 5386 Πλὴν
748 5326 876 5379 ἀλλὰ
926 5329 1294 5398 πεφεισμὲνως,
1357 5328 1446 5375 καὶ
1507 5322 1565 5375 οὐ
1631 5325 1768 5374 κατὰ

232 5602 257 5634 ³
290 5598 340 5654 lI
370 5599 505 5655 Cor.
537 5612 637 5668 xu,
671 5599 756 5654 l0.
833 5597 856 5630 ⁸
882 5594 905 5650 Ι
933 5595 1065 5652 Cor.
1095 5609 1178 5660 lx,
1203 5597 1293 5650 27.
1369 5593 1390 5626 ⁵
1424 5593 1591 5649 Cant.
1621 5604 1703 5662 in,
1733 5591 1790 5645 8.

1871 4515 2136 4590 percilia,
2159 4521 2216 4572 et
2234 4515 2480 4570 vertices
2514 4514 2793 4566 contactu
2821 4507 3353 4567 sanctiﬁcationem
3388 4523 3516 4580 per-

1872 4610 2157 4681 ceperunt
2183 4621 2196 4658 :
2229 4601 2493 4675 agedum
2523 4615 2698 4657 aures
2723 4613 2967 4671 quoque
3013 4612 3318 4667 ornemus,
3344 4596 3520 4671 quasi

1871 4694 2243 4770 quibusdam
2264 4689 2574 4747 inauribus
2595 4687 2792 4745 aureis
2813 4686 3005 4742 crucis
3034 4685 3368 4758 praeconiis,
3393 4700 3520 4742 non

1871 4784 2038 4859 quod
2056 4787 2263 4839 nostra
2275 4779 2686 4836 existimemus
2699 4791 2883 4833 aurea
2901 4792 2914 4843 ;
2927 4790 3052 4831 non
3063 4775 3146 4831 ita
3171 4773 3364 4830 sentio
3388 4772 3520 4841 ;sed

1871 4876 2035 4948 quod
2069 4871 2187 4928 sint
2213 4869 2292 4927 ad
2312 4869 2530 4941 ipsam,
2563 4882 2698 4940 quas
2731 4864 3025 4929 laudatur,
3069 4863 3238 4918 omni
3271 4875 3519 4916 venera-

1871 4970 2028 5021 tione
2053 4961 2254 5032 digna.
2289 4961 2620 5014 Honoratur
2665 4953 2825 5010 enim
2851 4958 2910 5008 et
2941 4951 3174 5020 lignum
3212 4949 3523 5021 [manibus

1871 5051 2180 5122 lignatoris
2201 5063 2273 5102 ex
2295 5045 2530 5111 arbore,
2554 5057 2744 5115 eaque
2764 5040 3136 5095 infructuosa
3171 5036 3446 5098 recisum.
3472 5037 3522 5092 si

1873 5145 2081 5213 postea
2101 5139 2160 5193 in
2177 5142 2422 5192 contum
2444 5132 2808 5198 eﬂ‘ormetur,
2840 5131 3260 5198 sceptrumque
3288 5125 3520 5195 regium

1875 5229 2320 5286 sustineat.Non
2342 5240 2436 5279 me
2457 5221 2604 5293 fugit
2627 5219 2825 5289 igitur,
2839 5223 3063 5271 vestras
3083 5231 3328 5288 quoque
3349 5228 3524 5271 aures

1876 5316 2276 5376 sanctiﬁcatas
2307 5327 2434 5368 esse
2475 5308 2719 5382 hymnis
2765 5306 2826 5361 in
2881 5319 3122 5361 crucem
3167 5301 3521 5362 decantatis.

1865 5590 1887 5624 ⁶
1919 5584 2072 5654 Psal,
2103 5599 2196 5648 xc,
2229 5587 2280 5640 5.
2353 5580 2374 5614 ⁷
2407 5576 2559 5636 Psal.
2591 5592 2642 5646 c,
2671 5577 2726 5630 8.
