4020 6310
492 194 597 269 ὸιῆ

1683 187 1995 297 canum
2031 185 2084 258 1t
2122 200 2230 263 cp.
2266 193 2751 270 mmmam.

3749 194 3878 263 ets

490 336 781 392 Caeterum
805 345 1008 407 parce,
1052 343 1178 389 non
1214 329 1295 389 ad
1341 328 1695 402 satietatem,
1743 344 1857 387 nec
1896 327 2015 386 nisi
2063 325 2133 385 ad

2252 334 2403 405 κόρον
2450 339 2541 388 καὶ
2593 339 2761 410 μέχρι
2806 335 3086 407 γεύματος,
3156 328 3278 406 ἄρτι
3334 326 3395 384 δὲ
3452 324 3872 403 δαψιλέστερον,

486 428 755 496 gustum,
782 438 946 479 nunc
966 425 1168 480 autem
1194 419 1414 479 lautius
1448 423 1507 477 et
1530 418 1834 494 copiosius
1860 416 1924 475 id
1948 415 2141 474 facere

490 518 742 587 oportet,
776 512 825 569 si
841 513 1119 585 princeps
1143 509 1275 569 vita».
1294 511 1433 569 novi
1458 510 1687 570 lsraelis
1703 508 1990 576 Christus,
2037 505 2142 579 qui

489 606 548 659 et
573 590 653 659 ad
684 615 1011 673 supernam
1039 599 1366 659 Jerusalem
1390 618 1502 659 nos
1534 597 1793 669 deducit,
1822 601 1992 668 virga
2023 596 2144 653 vir.

491 692 632 747 tutis
665 703 790 746 sua?
809 690 852 755 ⁸,
877 704 1015 761 quae
1046 692 1134 744 est
1162 704 1330 760 crux,
1353 694 1623 748 arentem
1640 703 1844 745 meum
1867 686 2142 743 animum

486 776 1037 853 percusserit.Tunc
1058 777 1219 834 enim
1245 794 1353 853 per
1376 778 1637 851 gratiam
1691 792 1866 833 suam
1918 778 2144 832 vestras

484 883 662 926 aures
688 865 1002 924 exsatiabit
1024 865 1289 937 abunde,
1304 868 1498 927 eﬂusa
1508 883 1670 942 aqua
1681 863 2141 932 benedictionis,

485 944 611 1014 non
638 954 1146 1013 contradictionis.
1176 955 1320 1014 Hinc
1342 971 1487 1029 ergo
1517 954 1755 1014 dicendi
1775 953 2011 1012 initium
2042 968 2144 1009 su-

486 1061 745 1105 Hunnus.

558 1138 705 1193 Cum
736 1150 1046 1195 sacrarum
1066 1134 1419 1194 Litterarum
1436 1135 1789 1210 paradisum
1819 1131 2140 1208 perlustro,

486 1224 609 1282 duo
637 1223 802 1296 ligna
827 1224 1060 1298 reperio
1090 1225 1343 1299 propriis
1358 1230 1425 1283 et
1444 1224 1739 1282 distinctis
1770 1221 2140 1290 nominibus,

487 1314 566 1371 ab
596 1313 746 1387 aliis,
770 1331 907 1388 quae
929 1314 1169 1372 erantin
1196 1314 1399 1387 Edem,
1416 1315 1595 1386 lignis
1619 1313 2033 1380 innominatis,
2053 1327 2142 1367 se-

482 1404 686 1481 juncta
715 1423 727 1460 :
764 1404 995 1476 tignum
1030 1405 1293 1462 scientia;-
1320 1408 1375 1461 et
1398 1405 1626 1475 lignum
1653 1405 1851 1461 vitaz”.
1875 1404 2143 1468 Quorum

486 1490 633 1548 illud
664 1491 874 1564 primis
911 1492 1263 1565 parentibus
1313 1493 1695 1566 propositum
1730 1496 1857 1549 erat
1886 1489 2060 1560 quasi
2080 1488 2143 1545 in

489 1580 906 1638 adversarium
925 1599 939 1649 ;
961 1581 1076 1638 hoc
1087 1597 1229 1638 vero
1244 1582 1570 1655 repositum
1587 1586 1712 1639 erat
1723 1581 1783 1637 in
1799 1579 2139 1654 praemium.

2250 419 2387 494 εἰπερ
2432 425 2459 475 ὸ
2490 422 2729 499 ἀρχηγὸς
2780 433 2878 486 τῆς
2933 422 3070 486 ζῶῆς
3126 429 3219 474 τοῦ
3266 425 3381 473 νέου
3408 418 3622 493 Ἰσραὴλ
3673 423 3873 493 6X9:-

2250 514 2393 578 στὸς,
2454 511 2480 565 ὁ
2528 519 2619 567 καὶ
2670 511 3006 587 δημαγωγῶν
3062 517 3203 585 ἡμᾶς
3256 512 3389 583 πρὸς
3415 514 3511 567 τὴν
3541 506 3872 582 ὥοωἸερου-

2251 599 2428 674 σαλὴμ
2500 611 2563 675 τῇ
2624 600 2808 679 ῥάϐδῳ
2902 611 2999 664 τῆς
3098 601 3280 654 ἑαυτοῦ
3366 594 3655 671 δυνὰμεως,
3747 599 3873 657 ἣτις

2250 694 2387 743 εστὶν
2446 693 2473 743 ό
2532 696 2780 769 σταυρὸς,
2833 696 2928 752 τὴν
2969 693 3184 762 άνικμόν
3233 708 3333 763 μου
3378 686 3563 751 πλήξει
3595 682 3870 741 διάνοιαν.

2249 783 2376 833 Τότε
2423 783 2523 855 γὰρ
2599 777 2695 835 διὰ
2763 789 2859 844 τῆς
2942 780 3129 833 ἑαυτοῦ
3218 779 3441 851 χάριτος
3546 781 3871 850 προπορεῖς

2250 870 2344 931 τάς
2454 867 2615 931 ἀκοὰς
2686 869 2829 944 ὑμῶν
2904 867 3258 943 ἀπεργάσεται
3361 860 3538 918 ὕδατα
3639 860 3872 936 ἔκκρουο

2250 962 2397 1019 νίσας
2451 958 2713 1033 εὖγογιας,
2791 957 2887 1012 οῦκ
2934 955 3247 1029 ἀντιλογιας.
3316 954 3625 1030 Ἀρξὼμεθα
3664 949 3722 1005 δ’
3771 948 3873 1005 οὖν

2252 1046 2496 1102 ἐντεῦθεν.

2320 1136 2561 1210 Εὑρίσκω
2610 1141 3008 1214 περιερχόμενος
3075 1138 3162 1189 τόν
3215 1127 3539 1208 παράδεισον
3582 1139 3677 1193 τῆς
3729 1135 3875 1205 Γραι-

2252 1233 2347 1299 φῆς
2391 1225 2520 1290 ξύλα
2561 1230 2784 1300 ὀνόμασι
2851 1224 3029 1301 ῥητοῖς
3107 1231 3210 1277 τῶν
3296 1222 3460 1275 ἄλλων
3528 1229 3625 1284 τῆς
3698 1215 3872 1293 Ἐδέμ

2252 1313 2525 1388 ἀνωνύμων
2620 1314 2779 1379 ξύλων
2892 1317 3261 1390 ἀφοριζόμενοι,
3363 1315 3421 1365 τὸ
3520 1310 3670 1375 ξύλον
3761 1316 3871 1372 τῆς

2248 1410 2506 1476 γνώσεως,
2594 1410 2683 1457 καὶ
2751 1408 2810 1458 τό
2889 1403 3036 1467 ξύλον
3128 1406 3188 1456 τὸ
3239 1410 3327 1463 τῆς
3418 1401 3571 1471 ζωῆς,
3650 1397 3721 1451 ὧν
3796 1402 3868 1451 τὸ

2249 1497 2339 1567 μὲν
2397 1493 2469 1555 εἰς
2552 1492 2827 1547 ἀντίπαλον
2902 1498 3007 1554 τοίς
3077 1492 3363 1565 γενάρχαις
3423 1491 3716 1543 καθίστατο
3798 1492 3869 1540 τὸ

2251 1579 2312 1635 δὲ
2364 1583 2436 1645 εἰς
2507 1583 2725 1636 ἔπαθλον
2796 1586 3181 1656 ετεταμίευστο.
3235 1588 3319 1652 Τῷ
3370 1583 3472 1655 γὰρ
3532 1579 3867 1651 ’Δγωνοθέτῃ

490 1669 581 1726 Sic
598 1669 759 1726 enim
771 1670 968 1726 visum
981 1669 1490 1741 fuitAgonothetre
1503 1675 1560 1728 et
1573 1668 1917 1727 certaminis
1943 1666 2133 1741 praesi-

2249 1672 2418 1735 οὗκως
2470 1669 2664 1740 ἔδοξεν,
2725 1673 2809 1725 ἵνα
2853 1676 2926 1746 μὴ
2985 1671 3012 1724 ὁ
3057 1678 3171 1732 νοῦς
3213 1678 3312 1723 τῶν
3372 1668 3655 1743 ἀνθρώπων
3713 1667 3874 1729 ἐκτὸς

486 1756 549 1815 di
568 1773 643 1814 ne
660 1773 830 1815 mens
850 1758 1165 1815 hominum
1193 1758 1319 1816 sine
1334 1758 1493 1815 lucta
1509 1756 2142 1830 languesceret,deses-

485 1863 605 1923 que
617 1852 846 1905 etextra
860 1862 1104 1904 omnem
1117 1863 1335 1921 pugnae
1346 1847 1543 1905 aleam
1554 1848 1814 1919 degeret;
1828 1862 1974 1903 nam
1987 1845 2145 1918 ejus-

485 1937 651 1994 modi
672 1937 811 2003 vita,
836 1935 1002 1993 omni
1022 1936 1291 2010 profectu
1306 1942 1489 2007 caret,
1512 1953 1622 1994 nec
1642 1937 1828 1994 ullam
1849 1951 2143 1993 coronam

485 2026 662 2099 parit.
687 2024 1374 2097 Extenditergolignum
1412 2026 1675 2083 scientiae
1705 2025 1860 2082 velut
1914 2039 2139 2081 manus

482 2113 799 2191 quasdam,
818 2112 898 2170 ad
913 2113 1212 2171 manubrii
1225 2113 2139 2187 apprehensionem,suavitatem

482 2206 539 2258 et
561 2202 1046 2275 pulchritidinem
1072 2202 1323 2273 fructus,
1354 2202 1792 2277 hominemque
1836 2206 1893 2259 et
1928 2200 2136 2271 oculis,

483 2295 540 2346 et
565 2290 771 2361 lingua
803 2291 998 2353 traxit,
1051 2296 1116 2347 ut
1161 2290 1262 2348 illo
1308 2290 1505 2348 fructu
1556 2291 1869 2356 frueretur,
1925 2290 2028 2363 qui
2085 2288 2140 2349 ei

482 2394 773 2449 magnam
798 2380 1032 2437 cladem
1062 2379 1354 2437 allaturus
1399 2384 1545 2448 erat,
1582 2381 1633 2437 si
1675 2379 2139 2453 intemperantia

2253 1759 2458 1833 ἀγώνων
2510 1761 2800 1833 καθίζοιτο,
2856 1765 2947 1814 καὶ
3008 1759 3168 1834 ἀργός
3223 1763 3300 1818 εἴη
3360 1762 3452 1811 καὶ
3500 1756 3865 1830 ἀγύμναστος.

2250 1853 2310 1902 τὸ
2362 1850 2465 1923 γάρ
2529 1858 2761 1903 τοιοῦτον
2828 1848 3123 1924 ἀπρόκοπον
3189 1853 3328 1921 μένει
3388 1851 3480 1899 καὶ
3558 1845 3875 1919 ἀστεφάνω-

2249 1958 2355 1992 τον.
2407 1938 2681 2014 Προῦτεινε
2718 1942 2811 2013 μὶν
2862 1939 2950 1991 οὖν
3000 1939 3068 2000 ὡς
3143 1957 3283 1999 τινας
3340 1932 3527 2012 χεῖρας
3583 1939 3716 2011 πρὸς
3768 1938 3878 1998 τὰς

2248 2027 2411 2091 λαϐὰς
2472 2031 2529 2081 τό
2591 2028 2739 2091 ξύλον
2818 2036 2911 2089 τῆς
2965 2033 3226 2100 γνώσεως,
3281 2029 3377 2084 τήν
3445 2042 3500 2078 τε
3555 2022 3879 2096 γλυκῦτητα

2248 2123 2339 2171 καὶ
2402 2123 2495 2176 τὴν
2533 2121 2831 2191 ὡραιότητα
2872 2123 2965 2170 τοῦ
3022 2122 3249 2189 καρποῦ,
3308 2117 3525 2167 καὶτὸν
3584 2114 3877 2189 ἄνθρωπον

2249 2212 2337 2260 καὶ
2375 2202 2449 2260 δι’
2494 2206 2765 2280 ὀφθαλμῶν
2834 2205 2965 2259 εἷλκε
3023 2210 3113 2259 καὶ
3170 2201 3266 2258 διὰ
3309 2203 3555 2275 γλώσσης
3603 2208 3679 2267 εἰς
3720 2202 3877 2257 ἀπό-

2245 2295 2431 2349 λαυσιν
2507 2304 2601 2349 τοῦ
2674 2302 2897 2371 καρποῦ.
3000 2294 3213 2348 ’Ἐκειτο
3266 2296 3368 2367 γὰρ
3434 2311 3585 2345 τουτο
3644 2295 3877 2366 iri-upon

2246 2381 2374 2437 εἶναι
2428 2392 2501 2455 τῷ
2554 2383 2945 2456 λιχνευσαμὲνῳ
2992 2388 3110 2456 περὶ
3175 2386 3267 2441 τὴν
3352 2379 3574 2456 βρῶσιν.
3646 2385 3871 2453 Γέγονεν

2245 2473 2399 2544 οὕτω,
2466 2477 2556 2525 καὶ
2616 2475 2859 2544 ἣττηται,
2880 2471 3241 2547 πολιορκηθεὶς
3274 2472 3377 2545 γὰρ
3439 2466 3552 2531 ταῖς
3594 2477 3689 2522 τοῦ
3728 2490 3872 2546 καρ-

2243 2571 2345 2615 ποῦ
2401 2561 2636 2624 ἀλλοναῖς
2683 2570 2872 2637 χεῖρας
2916 2557 3115 2614 δέδωκε
3163 2570 3226 2634 τῇ
3259 2561 3529 2632 επιθυμίᾳ,
3569 2564 3661 2612 καὶ
3700 2560 3864 2628 ἑάλω,

2242 2656 2333 2704 καὶ
2386 2646 2712 2704 δεδούλωται
2740 2653 2766 2703 ό
2816 2649 3228 2725 βαρυσύμφορος
3292 2654 3383 2701 καὶ
3435 2647 3870 2710 πολυστένακτος

2243 2739 2523 2813 ἄνθρωπος.
2585 2740 2844 2793 Ἐντεῦθεν
2900 2746 2993 2792 τοῦ
3051 2738 3205 2802 ξύλου
3265 2745 3362 2810 τῇς
3428 2738 3565 2799 ζωῆς
3611 2746 3706 2790 τοῦ
3756 2758 3871 2791 πο-

483 2467 752 2527 devictus
780 2468 1063 2526 eumdem
1096 2474 1413 2542 gustasset,
1446 2468 1615 2543 quod
1633 2473 1691 2526 et
1711 2469 1909 2526 evenit
1935 2486 1950 2537 ;
1991 2483 2136 2525 nam

484 2556 817 2614 succubuit.
869 2559 1014 2614 Cum
1067 2558 1231 2614 enim
1285 2558 1511 2615 fructus
1568 2557 1749 2630 hujus
1806 2556 2135 2613 assultibus

482 2646 657 2720 quasi
683 2645 1078 2714 obsideretur,
1111 2661 1330 2703 manus
1359 2646 1674 2720 cupiditati
1692 2646 1877 2714 dedit,
1901 2650 2135 2718 captus.

481 2750 598 2808 que
628 2739 685 2792 et
709 2734 771 2791 in
800 2735 1148 2791 servitutem
1174 2734 1454 2793 redactus
1484 2741 1575 2793 est
1601 2734 1825 2802 infelix,
1855 2739 1912 2791 et
1958 2734 2135 2791 mise-

480 2822 685 2882 rabilis
709 2824 931 2880 homo:
964 2827 1021 2880 et
1066 2839 1138 2880 ex
1190 2823 1307 2881 hoc
1363 2829 1632 2898 tempore
1679 2840 1717 2882 a
1762 2823 1927 2894 ligno
1975 2824 2132 2893 vitae,

2246 2828 2489 2882 >.υεῦκτου
2560 2827 2782 2882 ἐπάθλου
2851 2836 2956 2889 τοῖς
3018 2825 3251 2889 νικὴταῖς
3318 2825 3702 2899 ἀποτυγχάνει,
3766 2832 3870 2880 καὶ

481 2912 930 2985 exoptatissimo
951 2912 1050 2969 illo
1070 2912 1396 2970 victoribus
1420 2912 1690 2986 praemio,
1710 2912 1948 2980 excidit,
1971 2917 2027 2969 et
2054 2911 2133 2968 ab

2246 2917 2537 2972 ἐκϐάλλεται
2641 2926 2730 2980 τῆς
2804 2917 2990 2989 τοῦτου
3084 2916 3334 2989 μεθέξεως
3396 2919 3865 2988 τεταπεινωμένος,

482 3001 534 3074 ej
544 3018 610 3057 us
623 3002 1054 3059 communione
1074 3001 1677 3075 repellitur,abjectus
1704 3006 1762 3059 et
1782 3001 2133 3059 confusione

2246 3011 2704 3080 κατῃσχυμμένος·
2764 3007 2860 3080 ζῇν
2927 3002 2987 3060 δὲ
3026 3006 3056 3063 ἡ
3102 3004 3338 3079 ἁμαρτία
3385 3007 3711 3077 άπάρχεται,
3775 3011 3877 3058 καὶ

481 3089 697 3163 plenus
726 3109 738 3148 :
773 3091 969 3148 vivere
994 3107 1138 3149 vero
1164 3092 1293 3164 jam
1318 3097 1632 3164 peccatum
1658 3091 1884 3165 incipit,
1916 3095 1973 3147 et
2024 3089 2133 3147 do-

2246 3094 2511 3169 βασιλεῦει
2579 3094 2679 3148 ἀπὸ
2738 3092 2914 3168 Ἀδὰμ
2961 3097 3055 3156 ἕως
3131 3093 3416 3160 Μωῦσέως,
3495 3095 3564 3154 ὡς
3647 3094 3876 3167 οὐρανο-

478 3179 745 3237 minatur
773 3180 856 3237 ad
878 3180 1077 3236 Adam
1112 3195 1298 3251 usque
1329 3180 1410 3236 ad
1432 3180 1694 3251 Moysem
1716 3181 1780 3251 ¹⁰,
1823 3184 1887 3236 ut
1933 3178 2028 3235 ille
2071 3178 2133 3234 in

2246 3183 2419 3257 ϐάμων
2482 3184 2683 3247 Παῦλος
2776 3188 3138 3255 μυσταγωγεῖ,
3223 3186 3420 3235 Μωσέα
3488 3185 3874 3256 κατονομάζων

482 3268 705 3325 coelum
736 3272 940 3341 raptus
972 3267 1190 3324 Paulus
1219 3268 1475 3337 disserit,
1506 3284 1613 3340 per
1638 3269 1899 3340 Moysem
1937 3268 2133 3339 legem

2246 3276 2329 3327 τὸν
2383 3270 2477 3327 διὰ
2527 3275 2712 3327 τούτου
2778 3269 3055 3345 δεδομένον
3105 3274 3260 3345 νόμον
3317 3268 3390 3341 τῷ
3438 3269 3665 3345 Ῑσραήλ.
3714 3278 3875 3333 Ζωῆς

477 3356 833 3428 intelligens,
862 3372 998 3429 quae
1026 3356 1209 3427 hujus
1260 3356 1588 3413 ministerio
1620 3354 1823 3415 Israeli
1851 3357 1996 3415 data
2023 3363 2130 3419 est.

2246 3359 2304 3417 δέ
2348 3362 2534 3421 κλῆσιν
2584 3362 2613 3421 ἡ
2668 3368 2798 3433 γυνή
2848 3363 2980 3436 μετά
3021 3365 3115 3419 τὴν
3160 3359 3460 3439 παράϐασιν
3505 3364 3596 3413 καὶ
3645 3366 3742 3419 τήν
3775 3380 3876 3413 κα.

478 3448 660 3501 Porro
682 3446 821 3502 vitae
846 3444 1310 3516 appellationem
1327 3445 1543 3518 accipit
1560 3444 1823 3503 muliera
1846 3446 1973 3503 viro
1998 3453 2133 3520 post

2246 3454 2402 3525 τάραν
2458 3454 2604 3526 παρά
2645 3459 2738 3503 τοῦ
2765 3447 2953 3524 ἀνδρὸς
3002 3445 3244 3522 δέχεταιο
3321 3456 3412 3510 τῆς
3458 3451 3561 3524 γὰρ
3612 3448 3871 3523 οὐρανίου

478 3532 1021 3604 transgressionem
1058 3537 1115 3589 et
1144 3532 1625 3590 maledictionem
1654 3551 1668 3602 ;
1699 3550 1843 3592 nam
1874 3551 2013 3592 cum
2062 3552 2133 3593 ex

2246 3545 2332 3593 καὶ
2382 3538 2640 3593 ἀθανάτου
2713 3543 3011 3601 ἐκπεσόντες
3075 3539 3216 3599 ζωῆς
3277 3546 3373 3599 τῆς
3420 3536 3703 3611 ἐμπαθοῠς,
3772 3544 3872 3591 καὶ

479 3621 703 3678 caelesti
730 3627 787 3679 et
829 3621 1157 3679 immortali
1212 3622 1334 3678 vita
1385 3622 1761 3688 excidissent,
1812 3624 1955 3681 facti
1998 3630 2133 3683 sunt

2246 3629 2536 3700 ἐγαμάρτου
2621 3628 2672 3681 οἰ
2746 3630 3067 3700 προπάτορες
3150 3624 3454 3700 ἀρχηγέται
3552 3631 3867 3699 γεγόνασιν.

478 3710 657 3784 primi
686 3716 964 3783 parentes
984 3711 1175 3767 nostri
1195 3714 1470 3767 auctores
1490 3711 1673 3783 hujus
1696 3716 1779 3769 tot
1804 3711 2133 3770 incommo-

2246 3726 2326 3774 Ἐν
2426 3718 2664 3792 ἀνομίαις
2736 3721 2837 3791 γὰρ
2928 3716 3271 3789 πνελὴφθήν,
3374 3721 3464 3768 καὶ
3558 3715 3608 3768 ἐν
3694 3716 3871 3794 ἀμαρσ

477 3794 570 3857 dis
592 3804 650 3857 et
669 3800 929 3874 peccatis
950 3799 1230 3856 obnoxiae
1256 3800 1415 3857 vitae.
1439 3800 1508 3855 In
1531 3801 1952 3872 iniquitatibus
1979 3804 2133 3859 enim

478 3894 792 3960 conceptus
816 3905 970 3959 sum,
1003 3895 1055 3945 et
1079 3891 1141 3946 in
1178 3890 1441 3958 peccatis
1493 3890 1763 3960 concepit
1821 3906 1914 3949 me
1941 3897 2135 3948 mater

473 3993 607 4036 mea
636 3981 678 4017 η
714 3981 871 4047 Eva;
900 3979 1045 4052 quia
1064 3977 1201 4052 ipsa
1221 3982 1414 4035 mater
1434 3983 1526 4034 est
1571 3979 1865 4052 omnium,
1912 3980 2018 4053 qui
2070 3979 2132 4036 in

474 4068 589 4125 hac
614 4067 981 4141 corruptioni
1013 4067 1288 4140 exposita
1311 4066 1434 4124 vita
1454 4069 1700 4139 degunt.

2242 3629 2536 3704 ἐγαμάρτου
2621 3628 2672 3681 οἰ
2746 3630 3067 3703 προπάτορες

2246 3726 2326 3774 Ἐν
2426 3718 2664 3792 ἀνομίαις
2736 3721 2837 3791 γὰρ
2928 3716 3271 3789 πνελὴφθήν,

2240 3813 2373 3869 τίαις
2460 3806 2650 3865 ἐκύησε
2720 3826 2779 3860 ut
2863 3807 2894 3865 ἡ
2963 3811 3139 3879 μήτηρ
3221 3824 3322 3877 μου
3407 3807 3534 3859 Εὔα·
3602 3805 3687 3857 ὃτι
3766 3809 3869 3859 αὐτ

2241 3902 2419 3970 μώτηρ
2522 3898 2732 3949 πάντων
2843 3902 2944 3948 τῶν
3031 3894 3234 3955 ζώντων
3326 3898 3421 3952 τὴν
3519 3895 3867 3969 φθειρομένην

2244 3986 2403 4046 ζώήν.

2522 3898 2732 3949 πάντων

549 4156 686 4211 Haec
715 4155 960 4229 quidem
988 4156 1050 4212 in
1076 4154 1239 4213 hunc
1265 4157 1518 4213 modum
1542 4172 1673 4214 sese
1691 4157 2002 4215 habebant
2028 4177 2041 4228 ;
2074 4161 2132 4215 et

477 4241 589 4313 ego
615 4259 736 4315 prae
757 4244 998 4314 ignavia
1026 4244 1301 4318 implicor
1339 4249 1395 4300 et
1418 4243 1712 4318 illaqueor
1738 4245 1901 4319 ligno
1936 4248 2128 4303 scien-

2311 4159 2441 4233 Εἶχε
2519 4162 2611 4233 μὲν
2709 4158 2845 4212 οὕτω
2912 4165 3102 4212 ταῦτα’
3167 4162 3257 4211 καὶ
3315 4154 3724 4233 συμποδίζομαι
3784 4167 3859 4232 τῷ

2240 4249 2375 4323 ξύλῳ
2419 4257 2511 4311 τῆς
2555 4254 2789 4321 γνώσεως
2840 4250 2895 4300 εκ
2964 4249 3247 4323 ρᾳθυμίας,
3307 4252 3399 4300 καὶ
3464 4248 3859 4303 κατολισθαίνω

477 4331 594 4399 tite,
617 4337 675 4388 et
698 4348 842 4389 casu
866 4332 1036 4403 gravi
1057 4348 1292 4400 corruo,
1317 4338 1375 4389 et
1394 4350 1430 4389 a
1450 4334 1615 4404 ligno
1637 4328 1771 4391 vitae
1788 4335 2126 4407 abstrahor,

2246 4348 2428 4413 πτῶμα
2478 4337 2840 4410 παγχάλεπον,
2906 4340 2995 4389 καὶ
3066 4335 3350 4409 ἀφέλκομαι
3415 4344 3507 4389 τοῦ
3560 4344 3657 4399 τῆς
3709 4338 3857 4401 ζωῆς

469 4420 721 4492 jamque
748 4420 831 4476 nil
860 4421 977 4477 nisi
1005 4422 1427 4479 mortalitatem
1460 4422 1720 4480 redoleo.
1771 4425 1925 4491 Quid
1967 4426 2128 4483 enim

474 4508 899 4565 immortalitas
949 4525 1087 4565 cum
1133 4510 1489 4568 mortalitate
1528 4528 1849 4569 commune
1909 4515 2128 4572 habet?

476 4596 749 4669 Exsurgit
782 4604 985 4654 autem
1016 4597 1163 4653 mihi
1191 4598 1377 4655 altera
1394 4616 1466 4656 ex
1492 4606 1659 4671 parte
1682 4599 1845 4657 aliud
1870 4601 2124 4675 lignum,

472 4701 817 4759 manusque
845 4687 1128 4743 remissas
1168 4692 1227 4743 et
1263 4702 1463 4757 genua
1490 4686 1780 4745 dissoluta
1832 4706 1903 4747 ex
1953 4693 2129 4752 ruina

474 4775 704 4844 excitat;
722 4791 869 4832 nam
897 4776 1072 4846 virga
1103 4777 1347 4832 virtutis
1363 4792 1509 4833 crux
1536 4792 1573 4833 a
1594 4776 1814 4835 Davide
1836 4780 1996 4852 picta
2017 4787 2121 4839 est.

474 4867 678 4932 Quam'
694 4882 831 4923 vero
855 4864 1230 4923 admirabilis
1258 4870 1346 4921 est
1365 4866 1764 4939 reparationis
1785 4869 1973 4942 ipsius
1997 4887 2126 4928 mo-

471 4954 586 5012 dus
609 4956 637 5012 ‘I
662 4959 1089 5013 Commovetur
1115 4954 1374 5028 propriis
1417 4955 1746 5014 visceribus
1781 4960 1861 5016 ad
1900 4961 2123 5019 miseri-

472 5045 740 5102 cordiam
771 5044 1058 5103 Dominus
1090 5051 1147 5101 et
1194 5045 1568 5116 Agonotheta
1620 5054 1823 5105 noster
1854 5066 1868 5116 ;
1925 5067 2123 5125 neque

472 5133 722 5190 sustinet
748 5134 945 5191 videre
974 5133 1331 5205 ﬁgmentum
1380 5150 1634 5192 manum
1668 5153 1915 5195 suarum
1947 5141 2122 5211 cujus

472 5223 666 5290 gratia
686 5226 869 5278 totam
885 5238 1085 5279 rerum
1100 5222 1547 5280 universitatem
1559 5266 1573 5292 ,
1587 5230 1644 5280 et
1656 5225 1953 5298 quidquid
1967 5228 2026 5283 in
2048 5244 2122 5286 ea

471 5300 824 5381 continetur,
848 5311 1220 5384 condiderat,
1246 5311 1596 5370 daemonum
1619 5313 1900 5371 manibus
1927 5314 2116 5389 illudi,

542 5434 565 5469 ⁸
593 5431 746 5491 Psal.
777 5450 889 5502 oux,
919 5439 973 5492 2.
1121 5437 1143 5472 ο
1175 5437 1319 5495 Gen.
1351 5453 1408 5507 ιι,
1442 5440 1527 5498 t7.
1642 5438 1688 5474 ³ο
1718 5439 1888 5496 Rom.
1923 5444 1975 5511 5,
2011 5444 2094 5499 14.

2240 4427 2413 4497 ξύλου,
2453 4432 2757 4500 νεκρότητος
2811 4421 2918 4484 ἤδη
2988 4423 3189 4486 ἀπόζω.
3249 4429 3313 4477 Τί
3357 4427 3460 4499 γὰρ
3515 4430 3688 4478 κοινόν
3717 4425 3853 4481 ἀθα-

2234 4524 2395 4590 νασίᾳ
2449 4516 2537 4569 καί
2581 4517 2889 4583 θνητότητι;
2959 4512 3329 4571 Ἀντανίστησι
3417 4510 3477 4567 δε
3551 4533 3644 4584 μοι
3700 4515 3851 4579 ξύλο-

2234 4609 2420 4681 ἓτερον,
2473 4609 2563 4658 καὶ
2619 4606 2807 4677 χεῖρας
2882 4601 3165 4675 ἀνειμένας,
3242 4605 3333 4654 καὶ
3378 4605 3572 4672 γόνατα
3622 4605 3850 4678 παραλε-

2231 4694 2424 4768 λυμὲνα
2473 4692 2527 4746 ἐκ
2578 4700 2669 4745 τοῦ
2717 4690 3071 4764 ὀλισθήματος
3128 4690 3436 4765 παρακαλεὶη
3496 4687 3695 4765 ῥάϐδος
3755 4698 3847 4746 καὶ

2231 4787 2333 4857 γὰρ
2392 4779 2714 4856 δυνάμεωςό
2770 4784 2995 4856 σταυρὸς
3044 4788 3117 4850 τῷ
3176 4775 3345 4832 Δαυῖδ
3402 4782 3631 4854 εἴρηται.
3692 4784 3847 4836 Καὶὸ

2230 4879 2422 4950 τρόπος
2504 4880 2596 4933 τῆς
2676 4868 3013 4946 ἀνορθὼσεως
3093 4872 3163 4931 ὡς
3217 4870 3551 4942 θαυμαστός
3610 4876 3847 4925 Κινεῖται

2235 4962 2561 5035 σπλάγχνοις
2607 4962 2812 5020 οἰκείοις
2867 4960 2940 5021 εἰς
2968 4958 3102 5010 ἔλεον
3132 4961 3164 5009 ὅ
3214 4962 3479 5018 Δεσπότης
3529 4963 3621 5012 καί
3674 4965 3844 5033 Ἀγά».

2228 5054 2440 5114 νοθέτης
2489 5070 2611 5124 μου,
2660 5053 2753 5102 καὶ
2805 5049 2900 5101 οῦκ
2947 5049 3192 5120 άνέχεται
3253 5044 3458 5121 βλέπειν
3506 5050 3565 5099 τὸ
3620 5047 3847 5124 πλάσμα

2227 5149 2328 5192 τῶν
2389 5144 2588 5193 οἰκείων
2644 5145 2858 5214 χειρῶν,
2918 5134 3046 5209 ὑπὲρ
3096 5142 3155 5189 οῦ
3198 5140 3292 5195 τὴν
3348 5137 3565 5189 πάντοτε
3613 5145 3683 5210 γῇ
3716 5158 3841 5192 συν-

2228 5229 2452 5292 επήξατο
2506 5225 2749 5302 σφαῖραν,
2787 5229 2877 5278 καί
2941 5224 3044 5278 ὃσα
3072 5226 3268 5287 ταῦτ-ης
3313 5221 3525 5279 ἓνδσθεν
3573 5228 3839 5301 φέρονται,

2225 5323 2387 5393 χερσὶ
2457 5314 2719 5390 δαιμόνων
2793 5315 3127 5388 παιζόμενον,
3194 5319 3284 5369 καὶ
3373 5316 3563 5369 ὡσανεὶ
3609 5326 3837 5396 σφαῖραν

2228 5443 2271 5479 ¹ί
2303 5420 2451 5502 Psal.
2483 5459 2538 5514 ι,
2568 5447 2620 5499 7.
