4020 6310
127 298 224 355 διο
1428 298 1500 360 IN
1535 300 1895 360 VIVIFICAM
1932 300 2233 360 CRUCEM.

3394 313 3500 371 650

120 423 250 475 κατὰ
309 430 417 495 γῆς
491 412 809 498 κυλιόμενον,
862 428 953 479 καὶ
1032 429 1463 503 περισνρὸμενον.
1530 431 1718 481 Γίνεται

1840 431 1897 484 et
1917 425 2077 483 velut
2102 426 2291 500 pilam
2329 428 2666 501 quamdam
2689 428 2751 486 in
2806 431 2966 488 terra
3015 431 3176 489 volvi
3223 437 3282 490 et
3310 437 3492 493 trahi.

120 516 285 564 τοίνον
342 514 370 565 ὁ
427 517 539 575 νέος
603 510 801 588 ’Δδὰμ,
852 521 943 569 καὶ
1002 515 1339 590 ἐμφανίζεται
1404 525 1477 571 τῶ
1543 523 1728 591 κόσμῳ

120 599 642 678 ἀνθρωποτροπικῶς,
738 606 798 657 τὸ
882 607 1159 680 θεοπρεπὲς
1238 607 1578 681 οἰκονομικῶς
1676 606 1724 660 ίν

116 690 328 754 πολλοῖς
386 692 764 765 συγκαλύπτων
838 691 935 748 διὰ
1009 699 1097 749 τὸν
1147 694 1441 757 ἀντίπαλον.
1504 702 1604 751 Καὶ
1664 693 1726 756 ἦν

116 782 416 854 ἔμπρακτος
466 789 618 835 τοῦτο
664 777 992 836 διδασκαλία
1041 793 1114 856 τῷ
1182 788 1476 862 προπάτορι
1524 806 1728 859 μυστα-

114 874 433 943 γωγουψῳ
522 867 821 944 προδήλως,
906 873 1045 936 ὅπως
1102 880 1192 927 καὶ
1268 876 1423 928 αὐτὸν
1478 872 1585 928 ἔδει
1631 881 1726 934 τὴν

112 957 285 1015 πάλην
341 964 460 1012 τότε
501 964 1005 1033 μεταχειρίσασθαι.
1087 963 1148 1016 Εἰ
1211 965 1313 1038 γὰρ
1394 962 1513 1036 ἐγὼ,
1571 969 1721 1034 φησί,

112 1050 253 1101 κατὰ
317 1051 474 1120 φύσιν
525 1052 656 1111 Θεὸς
708 1050 775 1102 ὧν
834 1049 929 1103 κάν
989 1059 1098 1115 τοῖς
1149 1052 1385 1127 ούρανοίς
1444 1062 1720 1124 κατοικῶν,

113 1137 181 1199 εἰς
205 1144 316 1209 γῆν
342 1137 596 1211 ἀφῖγμαι,
660 1144 750 1192 καὶ
797 1144 963 1214 μίχρι
998 1137 1187 1194 δούλου
1245 1151 1449 1216 μορφῆς
1502 1140 1723 1215 ἐμαυτὸν

109 1228 465 1296 ἑταπείνωσα,
496 1223 589 1280 διὰ
614 1232 667 1281 τί
703 1231 767 1281 σύ
805 1235 985 1301 γήῐνον
1037 1229 1217 1284 ἑαυτὸν
1275 1229 1449 1299 εἰδως,
1500 1230 1720 1291 πηλίνην

110 1314 284 1367 οἰκίαν
315 1320 580 1386 οἰκοῦντα,
634 1315 705 1370 ἐνὶ
754 1313 1039 1387 πηδήματι
1090 1328 1190 1372 τῶν
1243 1320 1495 1396 ούρανίων
1563 1322 1725 1397 ὕπερ-

111 1404 192 1457 θεν
237 1402 479 1477 ἀντύγων
530 1404 810 1480 ἐπειράθης
862 1407 1279 1481 ὑπεράλλεσθαις
1348 1406 1564 1468 Ἐὃέησε
1620 1430 1726 1463 τοι-

105 1492 311 1568 γαροῦν
360 1498 450 1547 τὸν
505 1489 614 1547 ἶσον
645 1493 817 1567 ἀγῶνα
845 1497 971 1571 ὑπερ
1027 1499 1173 1571 ἡμῶν
1222 1494 1583 1561 ἀναδέξασθαι
1634 1503 1721 1551 τὸν

108 1580 465 1653 ἀγωνοθέτην,
496 1587 586 1636 καὶ
628 1583 879 1658 ἐντέχνως
940 1586 1284 1640 ὑποσκελίσαι
1329 1591 1413 1641 τὸν
1468 1590 1721 1664 ἡμέτερον

107 1678 462 1747 πτερνιστήν.

1838 515 2112 572 Nascitur
2159 531 2303 587 ergo
2366 531 2561 574 novus
2622 520 2838 587 Adam,
2890 520 3244 595 mundoque
3301 525 3500 597 specie

1837 602 2110 660 humana
2132 604 2473 674 innotescit,
2493 605 2760 663 divinam
2780 608 3178 680 majestatem,
3202 617 3364 669 certa
3379 610 3499 668 dis-

1836 694 2188 766 pensatione
2217 696 2279 751 in
2306 695 2508 752 multis
2531 700 2734 769 tegens
2759 697 2838 753 ob
2861 697 3299 757 adversarium.
3325 703 3499 768 Quod

1836 782 2035 855 primo
2087 785 2320 856 parenti
2367 783 2626 841 etficacis
2681 785 3067 843 institutionis
3133 787 3267 845 loco
3324 794 3495 862 erat;

1837 870 2065 943 quippe
2085 872 2398 945 perspicue
2430 872 2663 941 edocto,
2697 874 3007 947 quomodo
3038 881 3095 932 et
3121 876 3323 948 ipsum
3355 883 3499 935 tunc

1835 959 1916 1015 ad
1941 974 2211 1032 pugnam
2232 959 2459 1032 accingi
2483 963 2828 1035 oportuerit.
2852 964 2910 1020 Si
2936 963 3094 1019 enim
3119 981 3249 1037 ego,
3278 966 3494 1039 inquit,

1835 1047 1941 1121 qui
1968 1054 2186 1107 natura
2242 1052 2394 1106 Deus
2424 1068 2578 1121 sum,
2630 1058 2687 1109 et
2731 1052 2790 1108 in
2832 1052 2996 1109 cmlis
3020 1053 3248 1120 habito,
3283 1056 3342 1112 in
3384 1060 3496 1114 ter-

1834 1153 1968 1194 ram
1987 1137 2294 1206 descendi,
2324 1144 2382 1196 et
2399 1156 2588 1213 usque
2609 1141 2688 1197 ad
2707 1142 2966 1199 formam
2985 1144 3138 1201 servi
3160 1160 3257 1200 me
3280 1144 3496 1202 demisi

1837 1234 1895 1284 et
1921 1228 2135 1301 abjeci.
2167 1246 2354 1303 quare
2386 1235 2468 1303 tu,
2528 1231 2633 1304 qui
2662 1236 2713 1288 te
2758 1237 3092 1291 terrestrem
3118 1251 3268 1303 esse,
3330 1241 3386 1292 et
3432 1237 3495 1293 in

1832 1315 1994 1373 lutea
2009 1317 2193 1375 domo
2214 1318 2486 1376 habitare
2504 1335 2627 1377 non
2644 1321 2989 1394 ignorabas,
3009 1339 3129 1381 uno
3144 1323 3295 1380 saltu
3314 1341 3496 1398 super

1833 1419 2046 1462 omnes
2069 1406 2340 1464 cmlestes
2370 1407 2548 1466 orbes
2574 1408 2793 1465 saltare
2841 1415 3093 1467 conatus
3125 1428 3187 1469 es
3210 1414 3237 1469 ?
3268 1414 3491 1479 Quam-

1834 1493 2045 1551 obrem
2075 1511 2321 1552 necesse
2368 1495 2499 1560 fuit.
2533 1503 2597 1555 ut
2658 1498 2790 1570 ipse
2840 1501 3244 1569 Agonothetes
3292 1508 3493 1559 noster

1834 1598 2045 1655 parem
2074 1600 2184 1656 pro
2207 1584 2384 1641 nobis
2416 1600 2687 1659 pugnam
2717 1586 2911 1655 iniret,
2950 1604 3210 1663 eumque
3241 1591 3347 1663 qui
3373 1591 3492 1650 cal-

1832 1687 2088 1731 caneum
2111 1677 2378 1729 nostrum
2403 1674 3036 1743 observat,artiﬁciose
3055 1676 3490 1751 supplantaret.

178 1764 431 1816 ψυτεύετε
483 1771 758 1838 τοιγαροῦν
825 1763 972 1827 ξύλον
1033 1764 1084 1817 ἐν
1143 1770 1285 1838 τόπῳ
1342 1772 1587 1842 Κρανίον.
1646 1771 1718 1821 Τὸ

1905 1762 2222 1833 Eapropter
2257 1763 2489 1831 lignum
2538 1763 2843 1835 plantatur
2885 1764 2945 1820 in
3002 1765 3136 1823 loco
3183 1766 3489 1825 Calvarite.

108 1844 166 1902 δὲ
206 1856 458 1925 Κρανίον,
512 1850 659 1924 λόγος
714 1852 1019 1925 φιλαλήθης,
1072 1857 1412 1928 προπάτοροσ
1468 1858 1722 1929 τυγχάνει

105 1935 308 2013 Ἀδὰμ,
338 1945 431 1993 καὶ
465 1942 655 1994 ὡσανεὶ
708 1939 786 1993 ἐπ’
847 1942 988 2013 αύτῷ
1032 1944 1185 2017 θεατῇ
1223 1947 1282 1996 τὸ
1320 1941 1535 1997 στάδιον
1571 1947 1724 2020 ὑπέρ-

104 2048 262 2100 χεται
297 2037 393 2082 τοῦ
428 2029 795 2102 παλαίσματος
829 2032 854 2083 ὁ
907 2037 1157 2105 Χριστός.
1194 2032 1252 2084 Ὀ
1286 2038 1486 2108 καρπὸς
1523 2030 1582 2086 δε
1616 2042 1709 2087 τού

106 2118 259 2180 ξύλου
290 2121 482 2171 τούτου
521 2120 738 2183 θάνατος
782 2116 842 2178 ἧν
892 2118 1305 2194 προδηλότατος,
1372 2119 1539 2195 μηδὲν
1599 2134 1728 2197 προ·

103 2206 420 2280 ϐεϐλημένος
480 2206 770 2281 ἐπαγωγὸν,
847 2205 988 2282 μηδέ
1072 2206 1297 2277 ἔνδοξον,
1379 2208 1596 2274 ἀδοξίαν
1663 2209 1724 2265 δὲ

101 2300 365 2367 μεγίστην
447 2300 538 2349 καὶ
634 2293 829 2358 ὄνειδος
910 2306 1158 2373 φρονοῦσι
1234 2301 1300 2351 τὰ
1356 2307 1457 2352 τῶν
1518 2299 1716 2375 ἀνθρώ-

102 2403 204 2435 των
236 2428 251 2442 ,
339 2389 437 2438 Καὶ
525 2386 551 2437 ὁ
609 2388 700 2459 μεν
766 2391 960 2459 καρπὸς
1018 2385 1200 2448 ἐκεῖνος
1257 2396 1350 2448 τῆς
1431 2393 1673 2460 γνώσεως
1706 2432 1721 2457 ,

102 2476 299 2546 ὡραῖος
356 2470 420 2532 ἦν
479 2474 550 2536 εἰς
599 2475 780 2549 ὅρασιν
834 2480 924 2527 καὶ
982 2476 1138 2537 καλὸς
1198 2475 1268 2538 εἰς
1322 2475 1546 2550 βρῶσιν,
1631 2484 1720 2531 καὶ

97 2560 311 2632 ὑψηλὰς
395 2559 609 2624 ἕλπὶὃας
691 2572 786 2626 τῆς
854 2565 1086 2626 θεώσεως
1141 2568 1473 2639 προύτεινεν·
1560 2569 1586 2619 ὁ
1654 2564 1716 2620 δε

107 2656 414 2724 σταυρικὸς,
488 2652 782 2705 τούναντίον
862 2652 1017 2725 ἅπαν,
1111 2656 1247 2706 ὥστε
1303 2654 1542 2729 πὸρρωθν
1635 2660 1722 2708 τὸν

103 2741 327 2794 Ἠσαίαν
416 2750 598 2794 τοῦτον
677 2738 873 2813 ἰδόντα,
932 2748 1023 2795 καὶ
1095 2745 1451 2816 παθηνάμενον
1510 2745 1711 2817 λέγειν·

106 2827 333 2903 Εἷδομεν
391 2830 565 2898 αὑτὸν,
626 2836 717 2883 καὶ
769 2831 862 2884 ούκ
921 2829 1061 2903 εἶχεν
1120 2828 1261 2893 εἶδος
1320 2830 1445 2885 οὐδὲ
1502 2834 1710 2900 κάλλος,

109 2918 235 2971 ἀλλά
325 2922 384 2972 τὸ
461 2917 599 2981 εἶδος
698 2920 859 2972 αύτοῦ
958 2923 1164 2981 ἄτιμον,
1254 2919 1481 2974 ίκλεῐπον

958 2923 1144 2993 ἄτιμον
1151 2964 1164 2987 ,
1254 2923 1481 2974 ἐκλεῖπον
1574 2926 1719 2998 παρὰ

104 3011 302 3070 πάντας
352 3008 680 3083 ἀνθρώπους.
764 3014 863 3062 Καὶ
948 3009 1007 3061 ού
1078 3014 1230 3081 μόνον
1290 3006 1477 3072 άὸοξος
1540 3013 1564 3063 ὁ
1621 3021 1712 3065 τοῦ

1833 1850 1966 1905 Πεοο
1994 1865 2133 1905 vero
2166 1850 2456 1918 Calvaria,
2491 1859 2554 1908 ut
2609 1868 2752 1909 vera
2783 1854 3019 1911 traditio
3070 1854 3273 1922 habet,
3315 1857 3492 1929 primi

1830 1937 2093 2010 parentis
2122 1938 2341 1996 Adami
2362 1944 2470 2005 est,
2507 1956 2629 2013 quo
2668 1941 2828 1997 velut
2865 1947 3196 2014 spectatore
3235 1943 3493 2015 ingredi-

1835 2032 1930 2082 tur
1964 2026 2231 2084 Christus
2287 2028 2551 2086 stadium
2609 2030 2932 2103 locumque
3007 2032 3368 2090 certaminis.
3420 2038 3493 2090 At

1833 2117 2057 2173 fructus
2086 2116 2233 2188 ligni
2288 2117 2469 2190 hujus
2515 2135 2677 2175 mors
2707 2126 2832 2178 erat
2884 2121 3217 2179 certissima
3255 2128 3311 2178 et
3342 2138 3489 2195 prte~

1834 2205 2216 2274 sentissima;
2248 2206 2413 2276 nihil,
2445 2207 2612 2280 quod
2643 2224 2911 2266 recreare
2940 2216 3163 2282 posset,
3218 2211 3486 2284 nihilque

1835 2295 2038 2366 glorize
2067 2294 2397 2362 continens,
2433 2297 2578 2370 quin
2609 2298 2809 2369 potius
2840 2298 3019 2370 plena
3066 2299 3377 2355 dedecoris
3428 2306 3489 2358 et

1834 2382 2162 2455 opprobrii,
2180 2384 2408 2455 judicio
2429 2384 2687 2457 illorum,
2714 2387 2819 2459 qui
2840 2387 3112 2444 humana
3136 2392 3369 2444 tantum
3389 2405 3487 2445 sa-

1834 2472 2022 2544 piunt.
2084 2475 2151 2527 Et
2206 2472 2434 2529 fructus
2493 2473 2587 2529 ille
2634 2474 2883 2547 quidem
2932 2477 3191 2532 scientiae
3239 2476 3490 2549 pulcher

1833 2565 1960 2616 erat
1987 2562 2137 2631 visu,
2170 2567 2225 2618 et
2246 2563 2554 2632 jucundus
2582 2568 2846 2634 gustatu,
2892 2570 2948 2621 et
2973 2567 3301 2635 magniﬁca
3330 2567 3488 2622 divi-

1832 2649 2031 2705 nitatis
2064 2649 2469 2722 adipiscendae
2520 2667 2627 2723 spe
2657 2652 2965 2724 implebat.
3000 2657 3072 2709 At
3123 2657 3314 2710 crucis
3368 2655 3485 2711 fru-

1832 2745 1961 2792 ctus
1986 2739 2283 2793 contrario
2305 2755 2554 2812 prorsus
2579 2742 2759 2796 modo
2793 2757 2922 2796 sese
2946 2742 3152 2799 habuit
3178 2760 3189 2809 ;
3220 2749 3284 2799 ut
3307 2745 3488 2800 Isaias

1829 2826 2067 2882 eminus
2102 2827 2383 2883 eumdem
2409 2829 2791 2901 conspicatus
2820 2836 2876 2886 et
2896 2832 3214 2888 miseratus
3236 2833 3483 2888 dixerit:

1842 2917 2107 2973 Vidimus
2142 2920 2337 2979 illum,
2361 2924 2415 2974 et
2438 2935 2556 2975 non
2579 2919 2828 2975 habebat
2846 2922 3127 2989 formam,
3154 2925 3488 2993 nequepul—

1829 3006 2251 3072 chritudinem,
2280 3009 2384 3064 sed
2414 3011 2633 3077 species
2656 3011 2822 3065 illius
2853 3012 2980 3065 sine
3014 3011 3238 3066 honore
3263 3015 3388 3081 fuit
3417 3015 3483 3079 ",

109 3098 263 3161 ξύλου
290 3100 485 3149 τούτου
535 3101 754 3173 καρπὸς,
810 3096 937 3151 ἀλλὰ
994 3118 1083 3151 και
1156 3103 1439 3173 πικραίνων
1491 3106 1585 3158 τὴν
1638 3105 1716 3154 αἶ-

1832 3100 1913 3164 ut,
1967 3096 2133 3169 quod
2164 3098 2239 3152 ad
2290 3096 2455 3153 illam
2509 3097 2733 3165 attinet,
2796 3098 3081 3154 omnibus
3136 3098 3487 3157 hominibus

110 3190 332 3245 σθησιν.
386 3187 557 3245 Χολὴν
608 3190 706 3260 γαρ
764 3186 1018 3248 ἀπίϐλυζε
1060 3209 1071 3219 ·

108 3279 409 3351 προπάτορι
452 3277 524 3339 εἰς
578 3277 746 3349 χολὴν
798 3276 1028 3352 ἐστράφη
1065 3285 1137 3348 τῷ
1188 3282 1280 3336 τὴν
1339 3287 1540 3331 πτῶσιν
1595 3284 1717 3333 τού-

108 3385 196 3417 του
226 3364 606 3418 ἀναπαλαίοντι
630 3387 643 3399 ο
699 3370 788 3418 καὶ
845 3370 1077 3436 γίνονται
1126 3369 1193 3418 τὰ
1256 3366 1459 3420 ἐναντία
1522 3368 1720 3440 ἰάματα

109 3463 210 3505 τῶν
287 3452 548 3520 ἐναντίων,
618 3459 707 3506 καὶ
761 3456 786 3506 ὁ
844 3457 1144 3529 πικρανθεὶς
1194 3457 1353 3516 σώζει
1409 3460 1495 3508 τὸν
1557 3455 1717 3516 ἠδυν-

112 3545 264 3595 θέντα
316 3552 390 3616 τῷ
445 3543 585 3614 καλῷ
648 3547 779 3618 πρὸς
833 3542 1037 3617 βρῶσιν
1097 3554 1302 3619 καρπῷ,
1353 3549 1443 3597 καὶ
1502 3545 1717 3600 ἑκουσία

108 3635 381 3704 γύμνωσις
446 3637 506 3684 τό
563 3640 657 3694 τῆς
711 3633 905 3706 φθορᾶς
949 3628 1148 3705 ἔνδυμα
1231 3635 1518 3705 θεραπεύει,
1572 3636 1713 3686 κοιιὸ

108 3719 297 3783 ἄδικος
328 3723 545 3782 θάνατος
577 3726 663 3773 εον
723 3718 932 3773 δίκαιον
984 3721 1201 3794 ἀναιρεῖ,
1251 3727 1341 3774 καὶ⁵
1407 3726 1466 3775 το
1535 3723 1707 3790 ξύλον,

104 3815 162 3864 τὸ
234 3817 419 3885 πρώην
471 3808 725 3885 ἐπάρατον
773 3816 863 3862 καὶ
917 3812 1274 3875 θανατοποτὸν,
1334 3816 1402 3872 εἰς
1464 3811 1704 3882 εύλογίαν

104 3898 441 3968 ἀποτελευτᾷ,
477 3903 567 3951 καὶ
598 3899 737 3959 ζωὴν
766 3904 971 3951 αἰώνιον
1007 3898 1298 3953 ἀναθάλλςι.

1120 3190 1187 3240 τὰ
1237 3190 1337 3262 γὰρ
1396 3188 1590 3259 γλυκὲα
1641 3199 1739 3262 τῷ,

1828 3184 2023 3241 forma
2052 3185 2292 3241 inferior
2321 3187 2512 3241 fuerit.
2546 3188 2746 3258 Neque
2801 3186 2998 3243 solum
3046 3188 3275 3243 fructus
3307 3191 3488 3261 hujus

1829 3273 2061 3329 arboris
2090 3274 2377 3345 inglorius
2424 3275 2551 3345 fuit,
2611 3274 2716 3329 sed
2770 3280 2827 3331 et
2883 3293 3125 3331 sensum
3202 3278 3488 3334 amaritu-

1828 3362 1968 3418 dine
2008 3362 2246 3430 infecit;
2279 3379 2425 3418 nam
2455 3362 2531 3418 fel
2576 3363 2876 3428 stillabat;
2910 3381 3046 3437 quae
3100 3365 3260 3422 enim
3290 3368 3488 3440 primo

1828 3450 2058 3522 parenti
2105 3450 2266 3506 fuere
2296 3449 2517 3520 dulcia,
2559 3468 2628 3507 ea
2678 3452 2738 3506 in
2785 3452 2862 3507 fel
2896 3469 3189 3510 conversa
3218 3461 3356 3511 sunt
3413 3456 3486 3525 ei,

1825 3538 1931 3609 qui
1962 3554 2170 3593 casum
2196 3538 2354 3594 illius
2396 3540 2714 3611 reparavit,
2743 3540 3015 3613 ﬁuntque
3048 3543 3489 3600 contrariorum

1826 3626 2129 3683 contraria
2176 3627 2637 3698 medicamenta,
2673 3632 2729 3683 et
2786 3628 2839 3685 is
2885 3629 2991 3701 qui
3021 3631 3487 3688 amaritudinem

1822 3722 2103 3790 expertus
2134 3722 2242 3783 est,
2272 3721 2472 3772 servat
2497 3715 2666 3773 illum
2708 3718 2811 3790 qui
2843 3717 3093 3790 pulchro
3126 3720 3322 3776 fructu
3357 3737 3490 3777 sese

1819 3806 2165 3871 oblectarat,
2201 3810 2255 3859 et
2300 3804 2650 3861 voluntaria
2679 3806 2920 3861 nuditas
2971 3809 3371 3880 corruptionis
3404 3810 3465 3865 in

1823 3896 2184 3951 dumentum
2213 3898 2400 3959 curat,
2435 3909 2719 3966 morsque
2748 3894 3212 3965 injustajustum
3233 3897 3490 3977 perimit,

100 3993 155 4043 et
181 3988 421 4058 lignum
465 3986 596 4058 jam
637 3988 871 4060 pridem
899 3986 1340 4044 exsecrandum
1378 3992 1436 4044 et
1488 3987 1865 4045 mortiferum
1916 3983 1976 4038 in
2028 3980 2510 4037 benedictionem
2565 3982 2802 4049 desinit,
2862 3984 3170 4056 vitamque
3202 3991 3488 4042 {eternam

99 4076 404 4148 producit.

156 4163 445 4217 Κάντεύθεν
542 4163 1027 4237 παιδαγωγούμεθα
1135 4168 1265 4239 πρὸς
1348 4168 1433 4218 τὸν
1557 4169 1724 4239 μέγαν

93 4251 293 4325 ἀγῶνα,
354 4258 445 4306 καὶ
503 4251 907 4325 ἐπιγινωσκομεν
948 4258 1040 4312 τὴν
1108 4250 1331 4327 μέθοδον
1381 4261 1472 4306 τού
1533 4255 1723 4307 παλαί-

542 4160 1027 4237 παιὸαγωγούμεθα
1135 4168 1265 4240 πρὸς
1348 4168 1433 4218 τὸν

100 4340 339 4414 σματο;·’
387 4347 479 4395 καὶ
541 4345 860 4415 μανθάνομεν
913 4345 978 4394 τὰ
1050 4339 1312 4401 ἡδύνοντα
1393 4346 1584 4412 πάντα,
1656 4335 1723 4395 ὡς

1906 4161 2048 4225 Quae
2080 4158 2284 4215 omnia
2313 4158 2392 4215 ad
2442 4158 2654 4229 ingens
2685 4162 2987 4217 certamen
3019 4176 3129 4216 nos
3178 4162 3481 4231 erudiunt,

1833 4252 1890 4304 et
1907 4249 2045 4304 hinc
2066 4264 2285 4320 pugnae
2310 4248 2598 4303 rationem
2617 4251 3058 4319 cognoscimus,
3078 4248 3486 4325 discimusque

1830 4336 2036 4393 omnia
2074 4337 2345 4408 jucunda
2376 4342 2439 4392 ut
2470 4337 2653 4393 tristia
2692 4345 2748 4393 et
2779 4338 2998 4396 acerba
3026 4339 3327 4410 defugere,
3361 4356 3484 4414 quo

98 4427 361 4503 ὀδυνηρά,
425 4434 797 4505 παρατρέχειν,
878 4436 1070 4503 γυμνοὶ
1151 4433 1504 4505 προσθαθείας
1588 4432 1718 4484 εἶναι

1832 4425 1975 4481 nudi
2006 4426 2194 4480 simus
2224 4426 2302 4480 ab
2330 4425 2496 4480 omni
2519 4440 2661 4496 erga
2709 4427 3010 4483 mundum
3040 4428 3377 4499 affectione,
3411 4447 3484 4486 ne

99 4528 192 4572 τοῦ
240 4524 470 4591 κόσμον,
545 4522 628 4571 ἱνα
716 4524 786 4591 μὴ
859 4522 960 4592 ἔχῃ
1057 4523 1432 4595 κοσμοκράτωρ
1528 4519 1712 4583 λαϐάς·

99 4609 495 4680 ὑπερεύχεσθαι
542 4612 869 4683 ὲπηρεαστῶν
943 4610 1012 4670 ὡς
1067 4611 1364 4682 εὐεργετῶν,
1415 4608 1474 4660 ἂν
1535 4607 1716 4681 διαμε-

100 4698 356 4771 ρίζωνταί
384 4700 608 4758 τινεςτὰ
652 4700 838 4771 ἱμάτια
890 4700 957 4749 τὰ
1013 4696 1069 4749 ἐκ
1115 4706 1207 4758 τῆς
1255 4700 1557 4772 τετρακτύος
1614 4707 1712 4749 τῶν

106 4791 394 4857 στοιχείων
450 4784 903 4860 συμπεπλεγμένα,
982 4785 1103 4858 μηδ’
1175 4786 1598 4859 ἐπιστρέφεσθαι·
1665 4790 1716 4837 τί

105 4873 303 4947 γὰρᾶν
365 4878 456 4926 καί
507 4872 761 4946 βλάψειαν
812 4881 904 4927 τοῦ
961 4875 1151 4926 ἄνωθεν
1208 4873 1570 4946 ἐξυφασμένου
1627 4894 1718 4946 χι.

103 4975 284 5036 τῶνος,
314 4968 447 5037 φημὶ
469 4973 559 5024 τῆς
586 4962 789 5036 ψυχῆς,
848 4968 986 5016 σὼου
1043 4968 1133 5015 καὶ
1197 4961 1457 5037 ἀρῥαγοῡς
1532 4960 1718 5035 διαμέ-

104 5074 275 5116 νοντος
304 5070 321 5122 ;
394 5056 480 5105 τὸν
550 5054 764 5105 θάνατον
847 5052 998 5104 τύτὸν
1069 5053 1138 5113 ὡς
1201 5056 1322 5126 ὄναρ
1383 5050 1711 5122 λογίζεσθαι.

103 5142 292 5199 Ἐσται
349 5145 450 5216 γὰρ
510 5141 630 5195 ὃταν
689 5140 1101 5214 διυπνισθώμεν,
1150 5144 1239 5192 καὶ
1291 5145 1381 5199 τὴν
1437 5139 1714 5216 ἀνέσπερον

107 5237 303 5309 ἡμέραν
351 5231 589 5306 ὀψόμεθα
639 5236 730 5284 καὶ
810 5233 1164 5303 κατάσχωμεν
1224 5227 1467 5302 ἀσφαλῶς
1520 5233 1614 5288 τὴν
1667 5228 1714 5281 ἐν

108 5330 257 5379 νυκτὶ
277 5329 375 5376 τοῦ
416 5318 538 5395 βίον
564 5320 949 5394 φανταζομένην
981 5322 1105 5392 ἡμῖν
1132 5316 1433 5392 βασιλείαν.

191 5615 240 5654 ι³
270 5615 391 5684 Isa,
422 5612 563 5679 LllI,
589 5615 641 5668 2.

480 5685 733 5742 PATROL.
775 5682 876 5740 Gn.
919 5681 1070 5739 CXL.

1827 4516 2107 4587 princeps
2138 4513 2319 4585 hujus
2351 4514 2561 4570 mundi
2602 4517 2984 4573 occasionem
3037 4517 3326 4575 adversus
3373 4534 3484 4576 nos

1825 4604 2101 4676 accipiat.
2136 4603 2426 4659 Discimus
2475 4603 2650 4659 etiam
2708 4604 2847 4661 hinc
2892 4622 3063 4663 orare
3118 4624 3224 4680 pro
3281 4609 3351 4663 iis
3380 4609 3485 4680 qui

1824 4708 1934 4747 nos
1956 4691 2183 4747 lzedunt
2211 4698 2500 4765 tanquam
2530 4709 2642 4765 pro
2673 4693 3195 4751 benefactoribus:
3229 4701 3287 4753 et
3337 4697 3483 4752 nihil

1825 4781 2069 4847 morari,
2103 4781 2151 4837 si
2179 4782 2283 4853 qui
2313 4781 2587 4837 dividant
2619 4784 2971 4839 vestimenta
2999 4800 3070 4840 ex
3101 4784 3483 4855 quadruplici

1826 4868 2259 4926 elementorum
2291 4870 2439 4925 serie
2464 4877 2884 4941 coagmentata
2910 4890 2922 4941 ;
2957 4873 3101 4944 quid
3125 4873 3281 4927 enim
3303 4888 3482 4927 nocu-

1825 4957 2011 5013 menti
2059 4958 2274 5014 inferre
2319 4963 2564 5030 queant,
2623 4960 2671 5015 si
2715 4960 2915 5015 tunica
2960 4961 3191 5031 superis
3246 4960 3307 5014 in
3365 4961 3484 5015 oris

1826 5051 2007 5117 texta,
2029 5048 2234 5103 anima
2258 5047 2530 5120 inquam,
2556 5048 2723 5103 salva
2754 5054 2809 5104 et
2827 5049 3060 5118 integra
3088 5050 3486 5120 permaneat?

1826 5135 2123 5191 Discimus
2149 5136 2409 5208 denique
2452 5136 2649 5209 ipsam
2682 5141 2934 5192 mortem
2982 5141 3279 5208 tanquam
3322 5152 3484 5193 som-

1825 5224 1995 5280 nium
2017 5223 2329 5296 quoddam
2358 5229 2654 5296 reputare.
2690 5225 2807 5280 Erit
2848 5224 3005 5279 enim
3056 5230 3293 5296 tempus
3346 5242 3485 5282 cum

1827 5312 2321 5386 expergeﬁemus,
2357 5313 2638 5385 diemque
2671 5313 2797 5368 sine
2823 5329 3074 5385 vespera
3096 5315 3485 5386 intuebimur,

1828 5418 2154 5475 secureque
2184 5402 2621 5475 occupabimus
2651 5402 2816 5473 illud,
2850 5403 3018 5475 quod
3062 5404 3123 5460 in
3171 5411 3345 5462 nocte
3374 5407 3481 5461 hu-

1820 5493 1924 5565 jus
1947 5491 2082 5547 vitee
2112 5491 2316 5549 animo
2346 5493 2404 5547 et
2430 5490 2787 5561 cogitatione
2810 5492 3201 5566 concepimus
3231 5510 3488 5567 regnum

3171 5676 3233 5732 21
