4020 6310
563 338 666 395 651

565 568 691 626 quo
721 549 873 606 ferat
899 528 1225 603 imitatores
1258 539 1469 598 Christi
1507 537 1834 593 cruciﬁxio.
1885 534 1950 587 In
2000 528 2218 585 caelum

569 620 868 707 subducit,
904 634 1035 691 coeli
1068 633 1226 689 cives
1274 629 1435 700 facit,
1469 628 1739 683 haeredes
1771 623 2000 679 Christi.
2025 620 2218 683 Quam

569 726 947 785 adorandum
980 722 1126 778 mihi
1165 721 1280 776 hoc
1335 718 1587 788 lignum,
1642 731 1830 788 quam
1875 708 2216 767 colendum,

567 833 752 892 quam
763 811 1207 871 venerandum!
1241 814 1302 864 ut
1344 824 1454 877 ego
1475 805 1622 861 illud
1640 807 1912 875 reputem
1935 815 2042 871 pro
2061 795 2222 852 scala

564 891 667 963 illa
691 905 874 962 ccelos
923 905 1223 972 tangente,
1270 898 1329 953 in
1359 913 1483 970 qua
1527 894 1791 950 Christus
1817 892 2058 945 innixus
2112 891 2217 942 est.

569 999 830 1052 Mortuus
859 992 1021 1049 enim
1068 1005 1178 1063 pro
1229 993 1351 1042 Vita
1380 1001 1518 1040 mea
1568 983 1628 1038 in
1660 997 1833 1036 cruce
1886 977 2218 1039 tenebatur,

567 1101 735 1141 more
765 1081 1049 1147 hominis,
1075 1084 1131 1134 et
1155 1079 1215 1132 in
1236 1075 1447 1132 eadem
1476 1074 1752 1128 ﬁrmatus
1777 1075 1884 1133 est,
1909 1083 1983 1123 ne
2014 1065 2090 1121 ad
2115 1071 2223 1118 ter-

568 1191 699 1231 ram
732 1175 974 1246 propter
1003 1182 1222 1239 corpus
1251 1178 1560 1233 exsangue
1589 1160 1906 1215 inclinatus
1926 1153 2226 1211 decideret

567 1265 641 1331 is,
695 1245 801 1334 qui
863 1259 1172 1315 divinitate
1249 1253 1454 1310 omnia
1528 1247 1942 1320 complectitur
1981 1245 2225 1314 vitaque

568 1351 785 1409 functis
811 1351 993 1405 vitam
1021 1346 1289 1417 inspirat.
1324 1340 1534 1411 Angeli
1562 1354 1702 1395 vero
1724 1334 2136 1392 ascendebant
2168 1335 2226 1385 et

569 1438 1018 1498 descendebant
1047 1450 1154 1508 per
1169 1434 1326 1488 hanc
1354 1431 1605 1487 scalam.
1627 1425 2044 1482 Ascendebant
2063 1422 2224 1478 enim

568 1525 1050 1604 quodammodo,
1073 1525 1208 1578 Jesu
1236 1520 1546 1576 modicum
1567 1516 1707 1590 quid
1729 1531 1851 1588 pne
1873 1513 2017 1585 ipsis
2037 1513 2223 1566 mino-

567 1601 704 1677 πῖαιο
732 1623 786 1673 et
815 1614 1153 1677 humiliato,
1182 1613 1426 1682 propter
1456 1606 1784 1663 cruciatum
1818 1601 2044 1658 mortis.
2077 1601 2224 1656 Con-

569 1709 762 1765 festim
797 1710 998 1760 autem
1026 1700 1462 1758 descenderunt
1488 1697 1780 1752 descensu
1801 1691 2054 1758 inﬁnito,
2081 1704 2220 1743 cum

1741 319 2063 378 GERMANI
2103 315 2149 369 II
2189 313 2290 366 GP.
2332 307 2822 384 PATRIARCHE.

633 461 858 526 Videte,
887 457 1084 531 qualis
1133 453 1341 509 schola
1379 449 1613 507 virtutis
1645 449 1718 503 sit
1780 461 1946 500 crux.
1989 439 2213 507 Videte,
2247 439 2295 490 Α

3834 339 3930 391 252

2324 532 2381 550 ,Δ
2417 453 2581 515 Ορατε
2681 453 2786 504 οἷον
2862 453 3047 527 ἀρετῆς
3138 453 3514 532 παιδευτὴριον
3573 460 3599 509 6
3677 465 3925 532 σταυρὸς.

2342 540 2511 608 Ορᾶτε
2538 546 2609 596 πῆ
2644 545 2780 615 φέρει
2806 548 2927 606 τοὺς
2955 548 3193 617 μιμητὰς
3222 548 3252 604 ἡ
3313 542 3408 597 τοῦ
3461 555 3696 620 Χριστοῦ
3762 553 3924 598 σταύ-

2329 640 2506 692 ρωσις.

2401 439 2581 515 Ὁρᾶτε

2361 643 2506 724 ἷυσις.
2586 633 2672 688 Εις
2734 630 2950 702 ούρατὸν
3018 632 3214 704 ἀνάγει.
3292 634 3712 706 Οὗρανοπολίτας
3774 644 3924 697 ποιεῖ,

2328 727 2677 784 κληρονομους
2745 727 2998 794 Χριστοῦ.
3043 721 3132 782 Ὠς
3185 730 3543 796 προσκυνητόν
3592 745 3682 796 μοι
3715 727 3776 775 τό
3840 724 3926 785 ξύ-

2330 800 2412 852 λον
2443 823 2614 875 τουτο,
2672 809 2741 868 ὡς
2794 808 3083 879 ἀσπαστὸν,
3138 815 3202 871 ὡς
3267 810 3570 884 σεϐάσμιον,
3635 816 3700 873 ὡς
3772 816 3927 882 ἔγωγε

2331 909 2418 990 και
2483 911 2550 952 εις
2604 895 2933 968 οὐρανομήκη
2994 907 3142 950 τοῦτο
3217 902 3597 973 θεαμάτίζομαι
3673 902 3924 973 κλιμακα,

2332 997 2379 1079 tv
2493 989 2717 1051 Χριστός
2796 989 3162 1061 ὑπεστηρικτο.
3217 993 3413 1062 Νέκρος
3467 993 3567 1064 γὰρ
3639 992 3769 1064 ὑπὲρ
3840 1001 3927 1050 τῆς

2333 1071 2457 1138 ἐμῆς
2511 1071 2651 1134 ζωῆς
2697 1081 2919 1145 γεγονὼς
2997 1086 3067 1148 τῷ
3124 1087 3333 1151 σταυρῷ
3401 1084 3672 1150 συνείχετο
3733 1079 3928 1151 ἀνθρω-

2333 1176 2609 1231 ποπρεπες,
2660 1169 2748 1214 καὶ
2807 1161 3086 1238 ἠδράζετο,
3143 1171 3214 1238 μὴ
3273 1173 3362 1219 καὶ
3413 1167 3743 1242 καταρῥεύσῃ
3806 1173 3930 1240 πρὸς

2332 1254 2431 1316 γῆν
2474 1247 2786 1312 ύπενδιδούς
2840 1249 2932 1305 διὰ
2977 1258 3035 1306 τό
3088 1254 3323 1326 ἄψυχον,
3367 1258 3476 1328 ὁτῇ
3528 1259 3737 1313 θεότητι
3769 1260 3930 1308 πάντα

2337 1353 2571 1436 συνέζων
2620 1345 2708 1392 καὶ
2764 1348 2874 1403 τοῖς
2937 1351 3134 1418 νεκροῖς
3191 1344 3414 1415 ἐμπνέων
3476 1348 3630 1408 ζωήν.
3691 1344 3930 1416 Ἄγγελοι

2336 1419 2396 1475 δέ
2450 1424 2711 1481 ἀνέϐαινον
2787 1437 2876 1483 καὶ
2933 1431 3235 1484 κατέϐαινον
3293 1436 3374 1486 ἐπὶ
3434 1438 3625 1492 ταύτην
3685 1439 3782 1491 τὴν
3829 1434 3930 1485 κλί-

2333 1533 2497 1583 μακα.
2549 1515 2904 1571 Ὑπανέϐαινον
2960 1523 3059 1596 γάρ
3117 1541 3240 1592 πως,
3312 1521 3496 1597 βραχύ
3548 1543 3599 1574 τι
3665 1523 3794 1597 παρ’
3848 1523 3931 1574 αύ-

2334 1607 2453 1665 τούς
2514 1605 2872 1679 ἠλαττωμένον
2927 1618 3017 1661 τοῦ
3073 1611 3273 1675 Ἰησοῦ,
3348 1618 3434 1663 καὶ
3496 1617 3931 1683 τεταπεινωμένου

2337 1687 2514 1744 διὰτὸ
2547 1697 2770 1768 πάθημα
2814 1706 2903 1749 τοῦ
2937 1700 3178 1753 θανάτου.
3226 1704 3415 1772 Γοργόν
3475 1697 3526 1752 δ’
3571 1701 3768 1752 αὐτίκα
3818 1721 3933 1752 κατ-

569 1796 922 1853 cruciﬁxum
949 1791 1214 1846 viderent
1243 1803 1424 1859 supra
1455 1799 1698 1841 omnem
1729 1781 2131 1855 principatum
2163 1781 2218 1832 et

2341 1779 2532 1834 ἔϐαινον
2587 1784 2878 1838 κατάϐασιν
2919 1789 3148 1860 ἄπειρον,
3208 1790 3445 1862 ὑπεράνω
3502 1792 3680 1850 πάσης
3741 1789 3931 1861 ἀρχῆς,

3776 1847 3784 1862 .
3829 1849 3850 1859 -

567 1888 927 1958 potestatem
945 1884 1232 1936 evectum.
1250 1879 1313 1932 Et
1329 1875 1621 1948 quidnam
1644 1871 1828 1939 aliud,
1847 1886 2032 1942 quam
2052 1884 2216 1923 crea-

571 1981 758 2033 torem
789 1987 986 2036 suum,
1020 1974 1076 2025 et
1120 1983 1346 2038 regem,
1375 1971 1431 2022 et
1493 1963 1812 2020 Dominum
1868 1958 2121 2030 gloriae?
2152 1962 2222 2012 At

569 2065 681 2121 sub
701 2065 816 2120 hac
847 2060 1013 2117 scala
1041 2057 1267 2115 dormit
1310 2055 1664 2111 diuturnum
1719 2052 1888 2107 illum
1915 2063 2219 2114 somnum,

569 2151 922 2211 universalis
951 2149 1046 2205 ille
1100 2145 1464 2221 patriarcha,
1500 2148 1667 2215 pater
1716 2139 1992 2196 omnium
2024 2138 2222 2192 viven-

569 2244 738 2315 tium,
768 2247 826 2298 et
851 2239 1132 2314 princeps
1157 2235 1450 2300 omnium,
1494 2249 1628 2304 quae
1683 2231 1760 2286 ab
1790 2228 1956 2285 initio
1985 2227 2226 2283 fuerunt

569 2331 962 2396 familiarum,
988 2326 1200 2382 Adam.
1233 2327 1299 2379 Et
1326 2322 1480 2394 lapis
1510 2320 1588 2376 ad
1617 2323 1798 2391 caput
1827 2318 1956 2387 ejus
1988 2336 2006 2388 ;
2040 2315 2222 2387 siqui-

573 2421 713 2478 dem
742 2419 910 2474 locus
943 2412 1222 2474 Calvarite
1251 2411 1636 2468 Lithostrotos
1661 2414 1749 2463 est
1772 2404 2129 2479 appellatus.

647 2691 731 2758 Ex
754 2691 869 2757 hac
899 2683 1262 2754 sublimitate
1287 2686 1366 2748 ad
1395 2678 1575 2746 aliam
1596 2674 1928 2759 quamdam
1961 2673 2224 2734 sublimi-

577 2798 759 2850 tatem
783 2787 1031 2846 recurrit
1060 2785 1269 2849 oratio,
1303 2779 1657 2850 Dominique
1687 2789 1897 2830 vocem
1919 2771 1998 2826 ita
2028 2768 2226 2822 dicen-

577 2886 696 2939 tem
718 2879 886 2937 audit
909 2894 922 2932 :
948 2877 1099 2932 sicut
1119 2872 1413 2930 exultavit
1434 2869 1664 2938 Moyses
1683 2867 2009 2933 serpentem
2040 2859 2102 2912 in
2132 2857 2228 2912 de-

575 2977 752 3037 serto,
774 2970 861 3025 ita
875 2965 1140 3023 exaltari
1149 2965 1379 3031 oportet
1399 2958 1620 3014 Filium
1637 2953 1912 3015 hominis,
1928 2955 1992 3005 ut
2015 2947 2224 3010 omnis,

573 3063 680 3134 ‘qui
704 3058 894 3116 credit
938 3057 1002 3110 in
1028 3069 1181 3120 eum,
1214 3066 1338 3105 non
1361 3051 1587 3118 pereat,
1645 3043 1750 3098 sed
1781 3040 1995 3098 habeat
2046 3038 2227 3092 vitam

576 3128 860 3208 tatemam
886 3147 955 3202 ¹³.
989 3175 1058 3186 --
1087 3144 1275 3210 Quam
1307 3137 1695 3207 magniﬁcam
1725 3137 1864 3187 sunt
1911 3143 2092 3198 opera
2117 3128 2228 3181 Do-

573 3239 764 3294 mini!
789 3235 967 3290 nimis
984 3195 1305 3301 pro‘fundae
1322 3195 1663 3296 factae'sunt
1685 3195 2066 3290 cogitationes
2091 3223 2228 3270 tuae.
2259 3195 2300 3251 G

585 3325 690 3382 Vir
710 3325 970 3394 inspiens
989 3336 1110 3375 non
1140 3319 1524 3386 cognoscet,et
1541 3313 1762 3367 stultus
1788 3325 1906 3365 non
1935 3307 2230 3377 intelliget

579 3413 706 3470 hac
729 3393 1034 3466 “.7Vellem
1048 3405 1232 3460 modo
1246 3407 1301 3457 et
1314 3400 1552 3456 Judtnos
1567 3402 1622 3454 et
1644 3393 1982 3466 Bogomilos
1994 3393 2228 3455 adesse,

580 3507 637 3557 et
658 3499 864 3556 audire
885 3495 1219 3553 orationem
1238 3487 1777 3560 reprehendentem
1795 3489 1852 3540 et
1867 3481 2232 3538 refellentem

579 3604 792 3646 eorum
812 3583 1138 3642 maledicta
1187 3584 1394 3636 contra
1426 3574 1805 3632 benedictam
1836 3571 2231 3642 omniumque

579 3676 832 3734 vocibus
859 3670 1232 3730 laudandam
1261 3681 1523 3723 crucem.
1573 3662 1687 3719 Sed
1732 3660 1878 3735 quid
1911 3673 2232 3715 commune

580 3765 853 3822 Ecclesiae
880 3763 1004 3832 Dei,
1032 3766 1089 3817 et
1128 3759 1306 3815 mutis
1343 3755 1456 3810 illis
1487 3752 1733 3811 canibus
1754 3753 1781 3807 ?
1823 3756 1888 3806 ut
1940 3749 2233 3823 propheta

579 3855 662 3913 ait
688 3856 769 3922 ‘5;
799 3851 1131 3926 praesertim
1178 3863 1338 3909 cum,
1372 3859 1446 3900 ne
1480 3841 1767 3916 profanos
1795 3841 1938 3895 istos
1982 3839 2060 3894 ad
2103 3838 2232 3893 haec

578 3941 884 4000 audienda
904 3930 1824 4006 advocem,impediatpsalmus,
1846 3928 1950 4001 qui
1972 3926 2234 3983 afﬁrmat

578 4032 854 4088 Judaeum
901 4028 1273 4098 insipientem
1329 4022 1456 4077 haec
1511 4036 1633 4075 non
1684 4021 2127 4091 percepturum,
2177 4017 2235 4069 et

579 4124 833 4179 stultum
859 4115 1237 4188 Bogomilum
1260 4127 1384 4168 non
1403 4109 1860 4166 intellecturum.
1888 4112 1949 4162 In
1976 4111 2232 4161 vestram

581 4224 826 4284 quoque
859 4206 1067 4262 merito
1095 4203 1360 4260 incidam
1404 4198 1949 4271 reprehensionem,
1983 4196 2033 4250 si
2063 4210 2232 4250 acce-

628 4304 757 4356 tum
788 4314 825 4354 a
853 4295 989 4351 ﬁliis
1019 4293 1230 4349 vestris
1260 4306 1482 4363 panem
1508 4287 1784 4358 objecero
1811 4285 2085 4342 canibus.
2122 4284 2235 4341 Sed

603 4387 666 4443 lli
685 4384 932 4458 quidem
949 4378 1257 4438 abeantad
1271 4393 1506 4444 corvos,
1528 4375 1631 4447 qui
1655 4375 1769 4430 sub
1786 4374 2232 4444 intelligentiam

585 4474 831 4538 cadunt,
864 4470 1114 4540 scelesti,
1159 4471 1458 4538 tanquam
1511 4463 1826 4518 morticina
1866 4462 2149 4534 quaedam
2180 4467 2236 4516 et

2331 1873 2421 1920 καὶ
2495 1871 2736 1934 ἐξουσίας
2821 1873 3096 1946 ἀγγελικῆς
3188 1880 3274 1927 τόν
3351 1880 3738 1949 σταυρούμενον
3821 1880 3932 1930 θεω-

2328 1977 2557 2033 ρουντες.
2610 1968 2710 2015 Καὶ
2751 1968 2801 2014 τί
2851 1967 2951 2039 γὰρ
2999 1965 3187 2037 ἕτερον,
3226 1966 3254 2024 ἦ
3302 1973 3522 2024 ποιητήν
3568 1966 3791 2030 ἑαυτῶν,
3851 1978 3933 2022 καὶ

2333 2044 2616 2112 δεσπότην,
2669 2057 2758 2104 καὶ
2807 2057 2995 2126 Κύριον
3059 2061 3147 2115 τῆς
3226 2052 3386 2117 δόξης
3438 2064 3510 2125 τῷ
3571 2061 3746 2130 Πατρὶ
3806 2077 3930 2128 συμ-

2331 2143 2776 2212 προσκυνούμενον
2815 2148 2904 2194 καὶ
2946 2151 3018 2214 τῷ
3069 2147 3367 2216 Πνεύματι;
3411 2144 3692 2197 ’Υποκάτω
3747 2143 3808 2197 δέ
3847 2156 3934 2207 τῆς

2331 2225 2583 2299 κλίμακος
2629 2233 2825 2291 ταύτης
2897 2231 2922 2282 6
2981 2231 3332 2304 οἰκουμενικός
3389 2236 3738 2307 πατριάρχης
3805 2237 3934 2286 καθ-

2333 2312 2474 2367 εύδει
2513 2322 2601 2369 τὸν
2631 2317 2978 2394 πολυχρόνιον
3024 2321 3180 2373 ὕπνον
3239 2323 3263 2373 ὁ
3319 2328 3498 2396 Πατὴρ
3545 2326 3782 2390 πάντων,
3841 2333 3932 2374 τῶν

2335 2405 2559 2474 ζώντων,
2618 2412 2707 2460 καὶ
2766 2410 2947 2482 ἄρχων
3018 2416 3117 2460 τῶν
3194 2408 3281 2462 ἀπ’
3361 2409 3532 2484 ἀρχῆς
3595 2421 3838 2486 πατριῶν
3911 2413 3933 2462 6

2335 2492 2530 2568 Ἀδάμ.
2576 2500 2676 2548 Καὶ
2723 2496 2865 2558 λίθος
2903 2501 3032 2570 πρὸς
3083 2499 3302 2572 κεφαλῆς
3351 2500 3532 2566 αὐτοῦ,
3584 2503 3730 2573 εἴπερ
3790 2506 3934 2560 τόπος

2333 2593 2426 2637 τοῦ
2449 2590 2672 2659 Κρανίου
2699 2589 2757 2636 τὸ
2787 2588 3156 2661 Λιθόστρωτον
3182 2588 3447 2645 κέκληται.

2409 2674 2493 2737 Ἐξ
2514 2675 2682 2746 ὕψους
2719 2678 2908 2727 τούτου
2967 2679 3090 2749 πρὸς
3141 2677 3309 2751 ἕτερον
3363 2677 3498 2748 ὑψος
3546 2679 3572 2729 6
3631 2678 3792 2750 λόγος
3840 2699 3930 2750 μου

2339 2769 2616 2839 ανατρέχει
2702 2769 2790 2816 καὶ
2875 2773 2965 2825 τῆς
3031 2772 3348 2826 Δεσποτικῆς
3428 2765 3604 2818 ἀκούει
3684 2769 3935 2839 λεγούσης

2338 2861 2527 2926 φωνῆς·
2585 2855 2769 2914 Καθὼς
2820 2852 3000 2923 ὗψωσε
3076 2860 3306 2914 Μωϋσῆς
3396 2859 3484 2907 τὸν
3555 2859 3668 2926 ὅφιν
3751 2855 3799 2907 ἓν
3872 2865 3928 2912 τῆ

2337 2942 2532 3015 ἐρήμῳ,
2603 2945 2765 3002 οὕτως
2840 2941 3114 3012 ὑψωθῆναι
3195 2939 3279 2995 δεῖ
3347 2947 3432 2995 τὸν
3515 2946 3632 2996 Υίόν
3704 2952 3799 2996 τοῦ
3851 2943 3932 2995 αν-

2340 3034 2567 3102 θρωπου,
2655 3034 2739 3083 ἶνα
2823 3037 2924 3092 πᾶς
3035 3033 3060 3082 ὁ
3139 3036 3399 3084 πιστεύων
3480 3033 3550 3094 εἰς
3629 3033 3792 3085 αὐτόν
3865 3038 3929 3105 μη

3480 3151 3552 3164 -
3602 3129 3674 3182 Ως
3760 3123 3935 3194 ἐμεγα-

2339 3211 2497 3268 λύνθη
2553 3213 2620 3262 τὰ
2680 3213 2807 3284 ἔργα
2884 3217 2977 3262 τοῦ
3059 3214 3251 3280 Κυρίου
3301 3209 3311 3263 !
3376 3206 3584 3283 σφόδρα
3648 3210 3931 3284 ἐϐαρύνθη-

2340 3120 2616 3188 ἁποληται,
2672 3119 2777 3172 ἀλλ’
2829 3123 2926 3193 ἔχη
2991 3123 3126 3183 ζωὴν
3176 3121 3402 3179 αἰώνιον,

2344 3320 2438 3352 σαν
2498 3302 2546 3352 οἱ
2624 3295 2968 3370 διαλογισμοί
3027 3317 3141 3352 σου.
3195 3299 3348 3374 Ἀνὴρ
3405 3300 3576 3374 ἄφρων
3635 3300 3697 3351 οὗ
3754 3306 3932 3368 γνώσε-

3729 3388 3932 3441 Ἤθελον

2341 3480 2459 3554 ἄρτι
2514 3481 2604 3530 καὶ
2656 3474 2945 3537 Ἰουδαίους
3001 3480 3090 3528 καὶ
3165 3475 3472 3549 Βογομίλονς
3523 3484 3795 3550 παρεῖναι,
3853 3483 3933 3528 καὶ

2341 3411 2448 3455 ται,
2539 3393 2627 3440 καὶ
2711 3386 2954 3449 ἀσύνετος
3026 3387 3084 3439 ού
3171 3394 3385 3446 συνήσει
3468 3397 3654 3444 ταῦτα.

2341 3576 2432 3620 τού
2501 3567 2656 3637 λόγου
2728 3563 3086 3630 ἐπακροᾶσθαι
3138 3564 3440 3637 ἐλέγχοντος
3510 3571 3604 3623 τήν
3660 3570 3804 3618 κατὰ
3854 3572 3935 3616 τοῦ

2339 3661 2676 3729 πανευφήμου
2759 3662 2984 3729 σταυροῦ
3060 3650 3364 3727 δυσφημίαν
3410 3655 3604 3710 αύτών.
3675 3655 3840 3708 Ἀλλά
3889 3660 3933 3706 τί

2341 3751 2509 3799 κοινὸν
2586 3754 2646 3818 τῇ
2718 3744 3009 3816 Ἐκκλησία
3081 3752 3170 3796 τοῦ
3247 3752 3380 3798 Θεοῦ
3444 3751 3534 3797 καὶ
3590 3752 3705 3806 τοῖς
3764 3743 3935 3804 ἐννεοίς

2342 3839 2541 3896 τούτοις
2597 3839 2723 3887 κυσί
2770 3851 2783 3900 ;
2843 3833 2911 3894 ὣς
2960 3852 3117 3906 φησιν
3191 3835 3216 3885 ὁ
3280 3839 3571 3907 προφήτης·
3638 3841 3732 3886 καὶ
3783 3834 3934 3892 ἄλλως

2340 3925 2441 3999 γὰρ
2493 3924 2769 3976 ἀνακόπτει
2807 3943 2907 3996 μου
2950 3927 3042 3980 τήν
3097 3925 3224 3994 πρὸς
3252 3931 3405 3974 τοῦτο
3455 3923 3793 3997 πρόσκλησιν
3843 3932 3935 3974 τῶν

2344 4013 2575 4087 βεϐήλων
2645 4015 2839 4065 τούτων
2894 4007 3094 4085 ἀνδρῶν
3160 4013 3185 4062 ὁ
3241 4010 3464 4083 ψαλμός,
3509 4010 3933 4087 ἀποφαινόμενος,

2343 4107 2407 4164 ὡς
2451 4102 2577 4178 ἀνὴρ
2635 4103 2807 4176 ἄφρων
2867 4097 3124 4162 Ἰουδαῖος
3181 4103 3239 4152 ού
3293 4106 3570 4172 γνώσεται,
3630 4109 3723 4154 καὶ
3779 4102 3934 4155 ἀσύν-

2345 4213 2454 4254 ετος
2510 4192 2795 4264 Βογόμιλος
2845 4190 2902 4242 ού
2950 4195 3185 4248 συνήσει.
3245 4190 3635 4261 Ἐπεγκαλέσετε
3689 4189 3774 4262 δέ,
3854 4212 3936 4264 μοι

2343 4287 2434 4332 καὶ
2485 4283 2653 4354 ὑμεῖς,
2707 4278 2790 4332 ἐὰν
2838 4282 2923 4330 τὸν
3001 4280 3152 4353 ἄρτον
3190 4288 3289 4331 τῶν
3342 4283 3526 4332 τέκνων
3584 4281 3729 4353 ὑμῶν
3778 4281 3936 4333 λαϐὼν

2345 4368 2591 4423 ἐπιδώσω
2655 4376 2765 4432 τοῖς
2827 4374 3110 4443 κυναρίοις.
3182 4369 3318 4422 Ἀλλ’
3395 4368 3574 4422 ἐκεῖνοι
3648 4375 3742 4442 μὲν
3813 4370 3938 4446 ἐρρέ-

2345 4481 2515 4513 τωσαν
2564 4458 2608 4520 ἐς
2661 4465 2888 4534 κόρακας
2937 4463 3053 4520 τοὺς
3101 4462 3337 4528 νοητοὺς,
3399 4461 3446 4510 οἱ
3498 4465 3822 4534 παμμίαροι,
3875 4461 3938 4519 ὡς

585 4560 868 4635 lacrymis
889 4558 1074 4628 digna
1100 4559 1414 4620 cadavera,
1460 4551 1819 4622 illorumque
1849 4550 2054 4606 oculos
2101 4549 2227 4605 ani-

2344 4571 2460 4603 τινα
2492 4552 2781 4621 θνησιμαία
2827 4553 2917 4601 καὶ
2975 4551 3172 4622 θρήνων
3218 4549 3341 4611 ἄξια
3387 4554 3658 4620 πτώματα,
3719 4554 3811 4602 καὶ
3855 4548 3935 4601 ὑπ’

585 4651 776 4707 males
805 4646 1114 4704 effodiant.
1163 4646 1305 4699 Vere
1335 4641 1496 4697 enim
1537 4654 1648 4693 nec
1679 4644 2107 4708 cognoverunt,
2136 4654 2233 4694 ne-

583 4755 704 4814 que
729 4737 1178 4796 intellexerunt:
1210 4746 1355 4787 nam
1379 4729 1442 4785 in
1461 4727 1724 4784 tenebris
1755 4727 2089 4786 ambulant.

655 4927 728 4980 At
750 4938 858 4980 vos
886 4919 1042 4978 ﬁlios
1097 4916 1352 4976 cmlestis
1404 4911 1587 4971 Patris
1634 4908 1864 4970 alemus
1908 4929 2065 4986 pane
2121 4927 2234 4969 nu-

581 5012 792 5071 triente
817 5012 1074 5078 animas,
1102 5010 1164 5065 in
1187 5022 1369 5080 quem
1401 5021 1622 5077 panem
1651 5004 1986 5074 injiciemus
2007 5004 2235 5074 lignum

583 5104 796 5170 crucis,
825 5118 949 5159 non
972 5105 1036 5156 ut
1065 5096 1529 5162 comminuetur,
1551 5094 1656 5150 sed
1682 5101 1744 5151 ut
1765 5099 2233 5165 coagmentetur.

580 5191 804 5248 lterum
825 5205 970 5260 ergo
987 5189 1169 5243 verba
1185 5183 1487 5253 Evangelii
1503 5184 1824 5239 recitantur
1851 5201 1863 5237 :
1881 5184 2052 5239 Sicut
2074 5184 2238 5240 exal-

581 5280 732 5336 tavit
759 5284 1091 5348 serpentem
1143 5275 1375 5345 Moyses
1400 5275 1463 5328 in
1516 5273 1769 5338 deserto,
1824 5273 1911 5328 ita
1971 5273 2239 5329 exaltari

577 5375 811 5438 oportet
826 5369 1044 5424 Filium
1063 5365 1337 5430 hominis,
1357 5367 1421 5417 ut
1438 5377 1529 5416 om
1539 5363 1649 5431 nis,
1674 5362 1780 5432 qui
1797 5361 1986 5416 credit
2003 5363 2064 5417 in
2082 5377 2236 5432 eum,

581 5471 703 5512 non
736 5461 969 5527 pereat,
1003 5454 1106 5510 sed
1151 5449 1365 5509 habeat
1390 5451 1573 5508 vitam
1617 5455 1922 5506 aeternam.
1947 5450 2240 5526 Principio

2344 4640 2512 4692 αύτῶν
2577 4643 2698 4700 τοὺς
2768 4637 3037 4709 ψυχικούς
3089 4636 3538 4709 ἐξορυττέσθωσαν
3597 4636 3659 4709 ἀφ
3713 4637 3924 4710 αλμούς.

2343 4736 2425 4800 Τῷ
2491 4732 2597 4780 ὄντι
2646 4730 2747 4803 γὰρ
2797 4726 2891 4778 ούκ
2947 4729 3176 4798 ἔγνωσαν
3251 4721 3378 4778 ούδέ
3444 4733 3696 4783 συνῆκαν·
3750 4725 3800 4778 ἐν
3841 4729 3932 4799 γὰρ

2348 4824 2522 4872 σκότει
2551 4815 2966 4891 διαπορεύονται.

2414 4909 2572 4981 ’Υμᾱς
2625 4903 2684 4960 δὲ
2740 4909 2806 4959 τὰ
2860 4910 3011 4960 τέκνα
3049 4916 3140 4960 τοῦ
3188 4907 3429 4980 οὐρανίου
3488 4909 3697 4982 Πατρός
3742 4905 3934 4983 69$”-

2346 5020 2434 5075 μεν
2587 4999 2727 5074 ἄρτῳ
2757 5005 2828 5068 τῷ
2871 5002 3105 5072 τρέφοντι
3162 4999 3250 5057 τὰς
3297 4996 3502 5068 ψυχὰς,
3563 4996 3636 5058 εἰς
3681 4996 3735 5048 ὃν
3789 4997 3934 5069 ἄρτον

2345 5095 2400 5143 τὸ
2450 5089 2596 5152 ξύλον
2641 5087 2952 5160 ἐμϐάλλομεν
3007 5094 3098 5138 τοῦ
3153 5093 3403 5160 σταυροῦ,
3459 5086 3552 5138 ούκ
3607 5086 3682 5147 εἰς
3729 5104 3936 5159 συντρι-

2347 5181 2464 5244 ϐην,
2524 5177 2628 5228 ἀλλ’
2689 5177 2758 5238 εἰς
2800 5180 3079 5228 σύστασιν.
3128 5175 3285 5227 Πάλιν
3343 5171 3429 5226 οὖν
3467 5175 3696 5246 λεγέσθω
3733 5177 3796 5226 τὰ
3843 5176 3932 5226 £23-

2348 5268 2562 5340 αγγέλια
2611 5288 2622 5299 ⁸
2676 5268 2858 5328 Καθὼς
2937 5263 3118 5336 ύψωσε
3184 5267 3270 5315 τὸν
3340 5267 3456 5336 ὄφιν
3532 5270 3730 5322 Μωσῆς
3788 5261 3834 5314 ἓν

2347 5359 2541 5432 ἐρήμῳ,
2628 5359 2791 5417 οὕτως
2858 5353 3133 5424 ὑψωθῆναι
3213 5349 3297 5406 δεῖ
3350 5357 3436 5406 τόν
3491 5355 3608 5406 Υἰὸν
3699 5357 3793 5405 τοῦ
3848 5351 3931 5401 ’ἱν-

2350 5452 2578 5524 θρώπου,
2627 5450 2714 5497 ἵνα
2777 5450 2877 5508 πᾶς
2939 5445 2964 5494 ό
3011 5445 3270 5496 πιστεύων
3329 5441 3401 5510 εἰς
3459 5442 3612 5497 αὐτόν
3675 5446 3748 5517 μὴ
3816 5444 3913 5495 άπὸ

643 5650 698 5728 ξ’
725 5651 901 5710 Joan.
940 5667 1018 5724 ιιι,
1050 5653 1138 5724 14,
1168 5649 1256 5710 15.
1334 5651 1382 5689 ⁸⁸
1411 5644 1564 5713 Psal.
1597 5662 1710 5728 ιη,
1741 5661 1794 5727 ϐ,
1823 5650 1875 5717 7.
1957 5663 2002 5699 ⁸⁸
2027 5666 2143 5722 lsa.
2169 5665 2284 5737 va,
2318 5653 2401 5724 i0.
