4020 6310
88 363 181 417 653

1357 350 1425 410 ΙΝ
1477 347 1833 407 VIVIFICAM
1872 343 2157 411 CRUCEM

3351 367 3456 422 654

85 486 244 551 ληται,
306 481 415 534 ἀλλ’
481 486 582 554 ἔχει
652 482 798 541 ζωὴν
853 487 1081 537 αὶώνιον.
1152 487 1361 553 Πρῶτον
1414 473 1501 528 οὖν
1553 478 1682 549 πρὸς

1815 476 2973 555 listoriamdubitationibusquibusdam
3007 502 3449 559 percurremus.

87 579 169 632 τὴν
222 576 461 646 ἱστορίαν
539 571 948 644 ἀπορηριατικώς
1016 569 1418 640 ἀπαντήσωμεν.
1485 569 1548 616 Τί
1615 560 1682 622 δή

88 678 197 714 ποτε
241 659 564 732 δεικνυμένου
610 669 700 711 τοῦ
752 659 847 710 λαο
881 660 1034 709 ῦῦπὸ
1085 661 1258 730 ὄφεως,
1317 661 1407 707 καὶ
1457 653 1686 710 ἀποθνή-

92 769 310 809 σκοντος,
368 749 438 811 εἰς
481 753 566 800 τόν
620 746 703 799 ἐπὶ
750 754 1009 821 μετεώρου
1063 753 1296 818 χαλκοῦν
1356 747 1467 815 ὄφιν
1521 741 1683 815 ἀναρ-

90 847 172 909 τᾲν
201 844 296 900 τὰς
325 847 417 898 τῆς
448 840 585 899 ζωῆς
616 833 830 898 ἐλπίδας
877 836 1158 889 ἐπέτασσεν
1185 836 1210 886 ὁ
1244 838 1375 894 Θεὸς
1401 849 1414 898 ;
1454 836 1551 884 Καὶ
1582 836 1685 902 μὴν

93 928 171 979 ἀπ’
225 927 403 1001 ἀρχῇς
447 925 522 978 δι’
587 928 746 998 ὄφεως
795 927 1013 986 θάνατος
1063 925 1128 984 εἰς
1185 928 1271 975 τόν
1331 928 1528 992 κόσμον
1582 919 1684 971 εἰσ-

91 1017 223 1076 ῆλθε.
275 1023 368 1068 καὶ
415 1022 508 1068 τοῦ
558 1015 709 1077 ξύλου
754 1023 846 1074 τῆς
899 1015 1036 1074 ζωῆς
1083 1011 1452 1084 ἀπεστέρηται.
1505 1010 1598 1060 Διὰ
1636 1011 1686 1058 τί

93 1104 144 1158 δὲ
189 1113 263 1176 μή
314 1109 444 1178 πρὸς
507 1109 601 1162 τὴν
665 1102 886 1155 κιϐωτόν
952 1102 1147 1158 ἐκείνην
1211 1105 1306 1158 τὴν
1379 1100 1686 1169 σεϐάσμιον,

91 1201 176 1254 τήν
226 1197 616 1266 θαυματοποιόν
670 1192 912 1255 ἀτενίξειν
967 1190 1237 1263 ἐπέτριψεν
1290 1191 1316 1240 ό
1383 1191 1532 1250 Θεὸς,
1599 1190 1690 1236 καὶ

944 1280 1003 1332 Ἠ
1061 1277 1119 1332 δι
1173 1282 1429 1333 Μωσαίκὴ
1492 1271 1692 1349 ῥάϐδος

88 1382 206 1436 ποῦ,
261 1375 294 1430 ἡ
356 1377 478 1432 τοῦς
532 1373 672 1442 ὄφεις
730 1368 1153 1421 καταναλώσασα
1202 1376 1303 1419 τῶν
1360 1361 1618 1418 ἓπαοιδῶν
1674 1378 1687 1427 ;

91 1459 182 1514 διὰ
238 1466 292 1512 τί
346 1466 418 1533 μή
472 1466 562 1512 καὶ
610 1459 742 1516 αῦτή
795 1457 1244 1529 ἁποθηριωθεῖσα,
1298 1457 1470 1516 καθὼς
1517 1455 1690 1504 καὶτὸ

1474 1546 1543 1594 Τὸ
1611 1537 1689 1592 6“:-

92 1641 164 1692 Οὐ
213 1645 459 1698 ποιήσεις
514 1645 614 1689 πᾶν
677 1639 938 1708 ὁμοίωμα,
1007 1631 1126 1687 οὖτι
1195 1641 1296 1685 τῶν
1357 1632 1406 1684 ἐν
1470 1631 1690 1704 οὐρανῷ,

87 1291 174 1341 τήν
225 1287 502 1357 θεραπείαν
557 1281 835 1353 λαμϐάνειν
877 1300 890 1344 ;

89 1556 359 1625 πρότερον,
420 1553 542 1610 τοὺς
586 1547 870 1622 ἕρημικούς
918 1551 1157 1599 κατέπιεν
1214 1547 1353 1616 ὄφεις
1401 1561 1415 1609 ;

93 1731 206 1781 οὔτε
299 1737 400 1780 τῶν
464 1727 515 1778 ἐν
577 1735 640 1798 τῇ
709 1735 802 1798 γῇ,
880 1735 992 1785 πῶς
1051 1726 1196 1796 παρὰ
1259 1730 1351 1774 τοῦ
1415 1722 1694 1792 νομοθέτου

1793 565 1915 629 Qua
1945 566 2019 622 de
2049 583 2254 635 causa,
2282 586 2421 624 cum
2446 571 2702 643 p0pulus
2722 581 3045 644 aserpente
3078 575 3452 634 morderetur

1791 657 1847 706 et
1874 662 2220 723 moreretur,
2245 651 2525 730 praecepit
2550 660 2722 718 Deus.
2753 667 2816 717 ut
2838 680 3007 732 spem
3037 665 3168 720 vitae
3197 681 3450 737 suspen-

1793 757 1922 798 sam
1951 745 2240 800 haberent
2276 747 2354 802 ab
2393 764 2560 804 aeneo
2594 755 2867 821 serpente
2900 752 2958 807 in
3007 753 3197 808 altum
3247 755 3400 811 elato
3424 755 3452 810 ‘l

1795 832 1966 903 Atqui
1993 834 2190 888 statim
2225 851 2260 890 δ.
2279 836 2523 892 condito
2547 838 2774 894 mundo
2800 857 2960 894 mors
2977 858 3081 913 per
3111 850 3452 915 serpentem

1793 923 1853 978 in
1876 922 2169 977 mundum
2205 925 2544 990 intraverat,
2595 927 2880 1000 lignoque
2913 930 3041 984 vitae
3094 931 3278 987 homo
3333 929 3453 1006 pri-

1796 1015 1964 1065 vatus
1996 1009 2202 1066 fuerat.
2238 1015 2352 1067 Cur
2405 1029 2527 1068 non
2579 1016 2846 1086 permisit
2909 1020 3081 1085 Deus,
3138 1025 3200 1075 ut
3247 1021 3455 1076 oculos

1795 1105 2208 1155 converterent
2227 1100 2302 1155 ad
2322 1103 2731 1158 venerandam
2758 1105 2918 1160 illam
2945 1113 3000 1162 et
3023 1107 3452 1165 miraculorum

1796 1187 2151 1244 effectricem
2183 1205 2407 1256 arcam,
2451 1191 2656 1264 sicque
2685 1199 3037 1251 curarentur
3078 1196 3106 1250 ?
3152 1196 3260 1252 Ubi
3309 1213 3454 1254 vero

1797 1278 1966 1347 virga
1983 1279 2258 1344 Mosaica,
2275 1289 2411 1352 qute
2439 1288 2743 1354 serpentes
2772 1300 3090 1353 magorum
3107 1287 3457 1344 devoravit?

1798 1381 1902 1422 cur
1919 1381 2039 1422 non
2058 1370 2332 1440 etipsain
2353 1377 2709 1442 serpentem,
2744 1379 2807 1428 ut
2842 1373 3004 1440 olim,
3059 1381 3452 1447 commutata,

1799 1455 2288 1528 vbsumpsitillos
2317 1459 2376 1514 in
2408 1475 2610 1516 eremo
2641 1467 2948 1533 serpentes
2972 1465 3000 1518 ?
3035 1464 3178 1520 Illud
3211 1472 3449 1522 autem:

1799 1546 1932 1601 Non
1959 1545 2144 1614 facies
2165 1563 2396 1603 omnem
2413 1549 2881 1619 similitudinem,
2896 1568 3084 1624 neque
3095 1570 3451 1626 eorum,q-uce

1803 1635 1864 1689 in
1890 1635 2058 1696 casto.
2085 1649 2275 1706 neque
2297 1651 2522 1703 eorum,
2553 1654 2688 1708 qua:
2719 1643 2779 1694 in
2809 1644 2974 1697 terra
2997 1643 3040 1678 ¹⁶
3065 1644 3406 1714 :quomodo
3423 1660 3459 1699 a

1800 1722 2138 1794 legislatore
2165 1724 2449 1780 violatum
2475 1733 2583 1791 est,
2607 1732 2664 1782 et
2690 1728 2925 1785 irritum
2955 1731 3278 1800 redditum,
3311 1733 3461 1789 dum

95 1821 384 1891 ἡκύρωται,
435 1823 526 1868 καὶ
583 1813 866 1878 δοξάζεται
918 1816 1034 1886 ὄφις
1088 1813 1318 1885 χαλκοῦς
1378 1810 1558 1882 ψιλαῖς
1613 1806 1696 1860 ἕπ-

1815 1827 1993 1866 εειυειιε
2020 1827 2266 1898 ερτρειιε
2289 1829 2411 1869 non
2434 1815 2560 1871 sine
2578 1816 2791 1886 gloria,
2813 1817 2938 1874 solo
2964 1823 3021 1874 et
3041 1820 3208 1876 nudo
3224 1821 3460 1889 intuitu,

97 1913 421 1980 εντρανίσεσι
448 1907 714 1966 ζωοποιων
739 1906 840 1975 (Ι);

163 1997 327 2070 Ὀρᾲς
381 2000 477 2053 τὴν
533 2002 627 2054 τῆς
679 1992 902 2066 ἀπορίας
968 1994 1144 2066 σειρὰν
1222 1993 1290 2051 ὡς
1355 1987 1696 2055 πολύπλοκος,

99 2089 167 2147 ὡς
201 2084 431 2158 ἰσχυρὰ,
480 2087 551 2145 ὡς
580 2080 977 2146 δυσδιάλυτοςς
1024 2079 1096 2132 ’Ὠ
1140 2078 1298 2152 βάθος
1339 2077 1564 2130 πλούτου
1612 2079 1702 2126 καὶ

853 2169 1013 2225 Θεοῦ.
1084 2167 1102 2182 ⁷
1150 2175 1324 2228 Οντως
1375 2168 1702 2239 προωρίσμέ-

98 2282 178 2314 νον
211 2259 274 2319 ἦν
329 2266 431 2335 πρὸ
484 2262 682 2312 αἰώνων
712 2264 770 2312 τὸ
828 2263 1142 2332 μυστήρμον
1193 2265 1286 2308 τοῦ
1316 2262 1565 2326 σταυροῦ·
1614 2257 1703 2303 καὶ

100 2180 283 2246 σοφίας
357 2179 450 2224 καὶ
531 2178 769 2242 γνώσεως

98 2357 262 2417 ἄλλως
319 2354 416 2406 οῦκ
466 2351 574 2406 ἔδει
623 2355 1094 2429 πραγματευθῆναι
1143 2360 1243 2404 τῶν
1290 2349 1570 2423 ὰνθρωπων
1608 2350 1702 2404 τὴν

101 2450 371 2516 σωτηρίαν
421 2448 451 2502 ἧ
486 2448 636 2515 μόνον
687 2439 779 2495 διὰ
811 2450 1062 2517 σταυροῦ.
1097 2441 1158 2493 Ὀ
1207 2437 1267 2493 δι
1307 2440 1704 2511 προτετύπωται

97 2540 186 2606 μὲν
239 2539 492 2606 πρότερον
533 2531 630 2584 κάν
672 2541 745 2603 τῷ
790 2537 1055 2603 μονογενεῖ
1099 2525 1258 2582 παίδι
1315 2536 1408 2580 τοῦ
1466 2523 1706 2598 Ἀϐραάμ

95 2632 168 2692 τῷ
237 2623 292 2685 ἐξ
358 2621 689 2692 ἐπαγγελίας.
757 2629 829 2690 τῷ
894 2619 1236 2691 silos/nurus.»-
1313 2621 1403 2668 καὶ
1465 2611 1704 2686 δεύτερον

97 2713 144 2764 sv
185 2721 261 2784 τῇ»
312 2711 454 2782 καλῷ
505 2714 571 2762 τὰ
609 2709 792 2786 πάντα.
831 2709 1047 2780 Ίωσήφ·
1100 2706 1206 2759 ἀλλ’
1257 2709 1338 2758 ὅτι
1390 2700 1576 2765 ἔνδοξα
1640 2705 1706 2753 τὰ

97 2800 521 2872 spondeum-az
575 2799 711 2854 ἦσαν
769 2802 860 2848 καὶ
909 2800 1154 2862 πίνακας,
1205 2796 1377 2866 ἔφερον
1427 2800 1595 2843 ταῦτα
1625 2790 1704 2842 αῦ-

100 2889 395 2959 λογιιμένου
473 2891 669 2957 γένους,
748 2890 838 2946 καὶ
906 2886 1362 2957 μεμακαρισμένου
1431 2879 1705 2950 dimissui-

100 2999 197 3043 νοι,
231 2979 343 3050 οὐχ
377 2979 562 3035 ἰστησι
614 2980 777 3049 μέχρι
822 2979 1008 3028 τούτου
1056 2977 1149 3033 τὴν
1191 2975 1528 3048 προτύπωσιν
1558 2971 1583 3020 ὀ
1634 2963 1706 3020 δι’

102 3069 292 3122 ἑαυτοῦ
349 3071 417 3120 τὰ
490 3068 938 3140 εἰκονουργήματα
1001 3068 1132 3138 πρὸς
1197 3067 1283 3115 τόν
1347 3061 1708 3134 ἓντελόμορφον

1811 1902 1990 1956 vitam
2015 1901 2262 1971 largitur
2279 1904 2306 1958 ‘I

1880 1990 2051 2045 Vides
2071 1990 2460 2048 dubitationis
2481 1995 2655 2066 quasi
2677 2001 2973 2052 catenam.
2997 1999 3192 2062 Quam
3214 2003 3301 2054 est
3319 1998 3468 2058 mul-

1809 2080 2009 2152 tiplex,
2039 2093 2224 2151 quam
2249 2082 2425 2138 lirma
2449 2086 2506 2137 et
2533 2100 2720 2156 quam
2751 2085 3185 2142 indissolubilis
3212 2087 3224 2143 Ξ
3263 2089 3465 2143 Oalti-

1811 2171 1954 2225 tudo
1981 2169 2328 2226 divitiarum
2357 2172 2662 2241 sapientiae
2683 2181 2737 2230 et
2775 2177 3037 2231 scientiae
3063 2177 3174 2232 Dei
3196 2177 3236 2211 "
3265 2176 3278 2232 l
3318 2177 3467 2233 Vere

1812 2262 1948 2313 ante
1988 2258 2207 2314 saecula
2233 2259 2358 2329 jam
2392 2259 2835 2331 praedeﬁnitum
2866 2269 2993 2320 erat
3018 2263 3211 2320 crucis
3243 2269 3468 2338 myste-

1810 2347 1986 2413 rium,
2021 2363 2129 2402 uec
2154 2347 2324 2403 aliter
2350 2348 2667 2405 hominum
2705 2350 2869 2405 salus
2898 2352 3285 2424 procuranda
3337 2353 3466 2417 fuit,

1810 2449 1998 2506 quam
2020 2449 2127 2507 per
2147 2434 2339 2492 solam
2361 2453 2620 2509 crucem,
2641 2453 2778 2511 quae
2797 2440 3046 2511 quidem
3081 2441 3248 2514 prius
3289 2441 3472 2498 etiam

1813 2524 2196 2595 praeﬁgurata
2225 2529 2313 2581 est
2342 2526 2401 2581 in
2433 2527 2736 2596 unigenito
2773 2527 2898 2584 ﬁlio
2938 2529 3212 2595 Abrahae,
3260 2530 3321 2585 in
3377 2545 3470 2597 eo,

1812 2612 1917 2683 qui
1938 2621 2005 2668 ex
2035 2615 2461 2684 promissione,
2490 2616 2550 2670 in
2597 2613 2698 2671 illo
2750 2615 3090 2676 benedicto.
3137 2619 3213 2678 Et
3235 2635 3473 2675 rursum

1814 2701 1873 2757 in
1901 2703 2164 2773 losepho
2196 2702 2294 2759 illo
2324 2703 2591 2760 formoso
2620 2704 2681 2760 in
2713 2705 3018 2763 omnibus.
3052 2709 3276 2764 Verum
3331 2708 3478 2780 quia

1815 2790 1942 2844 istm
1973 2789 2179 2862 ﬁguras
2217 2791 2472 2847 illustres
2524 2797 2709 2863 erant,
2762 2795 3148 2868 insigniaque
3198 2795 3475 2852 ferebant

1816 2877 2144 2935 benedictae
2174 2885 2232 2936 et
2261 2881 2450 2936 beatae
2477 2881 2698 2953 stirpis,
2728 2896 2852 2938 non
2884 2889 3201 2940 contentus
3230 2885 3339 2941 fuit
3361 2885 3477 2942 hac

1816 2967 2382 3038 praesigniﬁcatione
2408 2969 2645 3025 divinus
2677 2986 2894 3038 sermo,
2916 2973 3020 3044 qui
3041 2973 3241 3045 seipso
3270 2973 3479 3044 imagi-

1818 3073 1926 3113 nes
1954 3057 2292 3112 futurorum
2321 3058 2522 3130 plena,
2556 3064 2613 3114 et
2641 3060 2926 3116 omnibus
2958 3062 3225 3117 numeris
3282 3060 3476 3134 perfe-

101 3156 557 3230 διαζωγραφήσας
620 3156 774 3226 λόγος
812 3163 965 3219 θεοῦ,
1045 3152 1153 3205 ἀλλ’
1221 3149 1370 3211 εἰδὼς
1445 3152 1525 3201 ὅτι
1581 3150 1704 3220 μετὰ

1819 3153 1914 3202 cta
1948 3146 2144 3216 ﬁgura
2189 3145 2509 3215 describit;
2561 3145 2668 3203 sed
2718 3149 2862 3221 quia
2920 3149 3146 3206 sciebat
3177 3149 3478 3206 Christum

102 3248 309 3320 ἀνόμων
355 3247 750 3316 λογισθήσεται,
802 3253 891 3296 και
939 3251 1050 3305 τοῖς
1098 3241 1146 3294 ἐν
1193 3242 1398 3314 κατάρᾳ
1456 3240 1708 3314 συναριθ-

102 3338 404 3407 μηθήσεται
475 3331 569 3385 διὰ
624 3337 711 3385 τὸν
777 3334 992 3384 θάνατον
1057 3338 1148 3383 τοῦ
1214 3335 1465 3400 σταυροῦ,
1533 3327 1710 3379 καίτό

102 3423 176 3478 δι’
253 3426 414 3495 ὄφεως
502 3421 1007 3495 συμπαραλαμϐάνει
1090 3422 1473 3494 προχάραγμα,
1559 3419 1712 3469 οἱονεί

99 3531 238 3574 τινος
289 3519 576 3584 χρώματος
633 3510 866 3581 μέλανος·
925 3511 1034 3561 ἔστι
1081 3511 1180 3580 γὰρ
1236 3503 1380 3566 οὗτος
1429 3514 1527 3558 τῶν
1594 3504 1712 3557 ἑπι-

100 3603 430 3674 καταράτων,
497 3605 588 3650 καὶ
675 3593 1204 3671 συμμυολογογραφιῖ
1276 3593 1350 3648 δι’
1407 3594 1564 3646 αὐτοῦ
1617 3595 1712 3652 τήν

102 3690 349 3760 εὐλογίαν
398 3696 492 3739 τοῦ
547 3693 773 3758 κόσμου.
835 3685 1128 3758 Προσίλαϐι
1177 3687 1279 3757 γὰρ
1333 3689 1428 3741 τὴν
1487 3701 1715 3755 καταρα-

104 3781 290 3831 θεῖσαν
342 3780 498 3848 φύσιν
546 3777 712 3848 ἡμῶν,
766 3781 856 3826 καὶ
905 3771 1145 3826 δείκνυσι
1205 3778 1398 3830 ταύτην
1452 3777 1716 3845 σωτηρίας

103 3869 309 3931 αἰτίαν,
355 3869 445 3916 καὶ
493 3869 627 3927 ζωῆς
673 3864 928 3916 ἀθανάτον
990 3867 1350 3933 πηγαστικήν,
1411 3863 1715 3933 Ὀμοιοῦται

104 3954 165 4010 δὲ
228 3963 341 4016 τοῖς
403 3957 567 4026 ὄφεσι,
617 3958 857 4005 τουτέστι
908 3959 1018 4013 τοῖς
1068 3954 1446 4024 κατιηραμένοις
1513 3949 1713 4023 ἀνθρὼ-

101 4063 229 4107 ⁴ιτοις
263 4047 386 4096 ἄνευ
443 4043 720 4115 ἁμαρτίας,
775 4047 864 4093 καὶ
917 4043 942 4092 ὁ
973 4041 1206 4113 χαλκοῦς
1238 4045 1347 4112 ὄφις
1393 4043 1588 4111 εὔηχος
1616 4044 1713 4097 κή-

105 4135 212 4208 ρυξ
267 4141 360 4193 τῆς
415 4130 813 4204 ἁναμαρτησιας
855 4138 948 4182 τοῦ
999 4129 1434 4204 προσλὴμματος,
1487 4129 1566 4180 ἰοῦ
1619 4129 1712 4180 θα-

101 4239 401 4294 νατοφορου
456 4219 870 4292 ἀπηλλαγμένος.
925 4218 1082 4291 Ὄφις
1131 4215 1190 4271 δι
1238 4223 1325 4270 τὸν
1384 4217 1456 4268 ἱόν
1480 4216 1564 4269 ἐπὶ
1616 4223 1717 4268 σω-

102 4330 272 4384 ματος
325 4311 481 4382 φέρει,
533 4315 624 4360 καὶ
670 4307 888 4378 ἔϐλαψεν
940 4307 987 4360 ἄν
1043 4316 1113 4378 τῷ
1165 4303 1474 4381 παραδείσῷ
1504 4309 1529 4357 ὸ
1582 4324 1714 4380 προ-

101 4403 267 4455 ελθὼν
316 4398 505 4451 ἐκεῖθεν
553 4401 680 4470 μετά
738 4395 895 4450 δόλου
961 4397 1310 4471 ψιθυρισμὸς.
1374 4399 1602 4470 Χριστός
1655 4391 1715 4447 δι

101 4492 378 4563 ἁμαρτίαν
453 4487 546 4540 οὐκ
629 4486 888 4555 ἕποιησεν,
977 4483 1102 4539 οὐδε
1175 4487 1353 4559 εὑρέθη
1432 4483 1580 4545 δόλος
1664 4482 1713 4535 ἐν

99 4588 178 4650 τῷ
238 4581 464 4648 στόματι
519 4575 698 4643 αὐτού,
755 4583 844 4628 και
899 4575 1059 4636 σώζει
1107 4579 1193 4627 τὸν
1240 4579 1438 4646 κόσμον
1489 4572 1590 4626 ἀπὸ
1619 4581 1679 4631 τῆ
1693 4592 1714 4634 ς

102 4671 331 4741 φθορᾱςι

179 4839 385 4903 Ἰώδεις
423 4844 472 4894 οἱ
513 4838 720 4904 ὀδόντες
760 4849 855 4893 τοῦ
901 4857 1061 4914 opus;
1102 4847 1188 4894 καὶ
1238 4843 1458 4894 θανάτου
1503 4841 1718 4912 μέλανος

102 4933 379 5009 πρόξενοι,
447 4938 683 5005 Χριστοῦ
744 4927 804 4983 δὲ
868 4932 918 4982 οἱ
977 4926 1188 4993 ὀδόντες
1249 4931 1442 4998 λευκοὶ,
1494 4934 1524 4988 ἤ
1583 4929 1719 5001 γάλα

100 5025 251 5076 κατὰ
309 5026 407 5079 τήν
455 5025 773 5094 προφητείαν
799 5017 1008 5085 Ἰακὼϐ,
1058 5027 1213 5072 τοῦτο
1264 5023 1374 5092 μὶν,
1420 5063 1432 5086 ,
1465 5020 1544 5071 ὅτι
1588 5024 1719 5085 πρὸς

99 5114 202 5171 τὴν
251 5119 355 5183 γῆν
405 5111 550 5182 ἡμᾶς
603 5106 794 5180 ὁδηγεῖ
844 5111 871 5161 ὁ
923 5108 1074 5181 λόγος
1121 5109 1283 5161 αὐτοῦ
1339 5110 1560 5182 ῥέουσαν
1604 5109 1718 5181 μέλι

100 5206 197 5270 καὶ
247 5198 410 5270 γάλα,
461 5203 554 5257 τὴν
611 5203 800 5256 νοητὴν
859 5196 1218 5271 ’¹⁶Ρ⁰νσαλήμ’
1274 5206 1426 5250 τοῦτο
1481 5194 1562 5267 δέ’
1626 5194 1720 5250 διὰ

1819 3251 1955 3291 cum
2009 3235 2227 3307 iniquis
2282 3241 2622 3308 reputatum
2668 3236 2758 3306 iri,
2808 3243 2865 3293 et
2916 3239 3070 3293 inter
3120 3237 3480 3295 maledictos

1820 3324 2288 3389 numerandum,
2319 3329 2565 3396 propter
2585 3325 2776 3381 crucis
2808 3325 3193 3398 supplicium,
3227 3339 3364 3384 eam
3395 3326 3478 3383 ob

1820 3409 2069 3470 causam
2101 3412 2336 3468 asciscit
2365 3427 2608 3484 quoque
2639 3413 2898 3471 efﬁctam
2939 3416 3200 3488 speciem
3231 3429 3482 3490 serpen-

1823 3502 1915 3569 tis,
1947 3506 2239 3573 tanquam
2270 3502 2425 3570 nigri
2455 3502 2777 3573 cujusdam
2810 3503 3047 3573 coloris,
3079 3506 3182 3578 qui
3232 3503 3482 3563 maledi-

1821 3591 1929 3648 ctis
1979 3593 2037 3646 et
2057 3590 2368 3646 devotioni
2393 3591 2674 3648 obnoxiis
2706 3593 2990 3665 proprius
3021 3600 3127 3661 est,
3171 3596 3341 3652 tacite
3365 3609 3485 3668 que

1821 3695 1929 3752 per
1956 3684 2291 3752 serpentem
2323 3679 2538 3735 mundi
2565 3680 2815 3737 salutem
2836 3683 3118 3738 insinuat.
3141 3684 3306 3740 Prius
3326 3683 3486 3739 enim

1822 3769 2150 3840 assumpsit
2196 3769 2591 3825 exsecrationi
2641 3771 2978 3842 subjectam
3026 3775 3307 3828 naturam
3346 3788 3488 3827 nos-

1823 3863 1997 3927 tram,
2021 3873 2279 3930 eamque
2310 3858 2516 3914 salutis
2560 3875 2809 3915 causam
2860 3867 2917 3916 et
2963 3862 3098 3915 vita:
3131 3860 3486 3916 immortalis

1823 3948 2072 4007 fontem.
2094 3953 2152 4004 et
2170 3947 2461 4017 originem
2489 3963 2624 4003 esse
2647 3949 2926 4005 ostendit.
2962 3949 3177 4004 Similis
3197 3955 3397 4005 autem
3418 3949 3486 4005 ﬁt

1824 4037 2222 4109 serpentibus,
2248 4037 2360 4091 hoc
2381 4040 2487 4104 est,
2507 4035 2910 4092 maledictioni
2929 4037 3208 4094 obnoxiis
3233 4035 3488 4095 homini-

1823 4127 1938 4182 bus
1968 4126 2074 4180 sed
2103 4126 2334 4196 absque
2356 4131 2620 4196 peccato,
2647 4123 2967 4198 clarusque
2999 4127 3164 4182 testis
3201 4133 3257 4184 et
3287 4143 3486 4200 praeco

1825 4215 2224 4274 immunitatis
2246 4230 2281 4268 a
2294 4219 2537 4286 peccato
2552 4213 2702 4284 ejus,
2726 4214 2830 4286 qui
2856 4215 3014 4270 cruci
3045 4231 3374 4288 appensus,
3391 4222 3485 4273 est

1826 4301 1953 4376 ipse
1985 4319 2176 4359 terens
2203 4318 2473 4374 serpens,
2509 4303 2723 4358 veneni
2755 4303 3044 4360 mortiferi
3084 4321 3319 4378 expers,
3355 4307 3485 4363 Ser-

1821 4408 1976 4466 pens
2007 4407 2143 4447 vero
2169 4406 2468 4447 venenum
2500 4391 2610 4448 fert
2635 4392 2697 4448 in
2727 4408 2849 4459 ore,
2884 4394 3061 4449 nocui
3076 4399 3215 4468 tque
3267 4395 3329 4450 in
3379 4411 3488 4469 pa-

1745 4517 1790 4570 D
1827 4481 2029 4538 radiso
2049 4480 2294 4536 dolosus
2319 4480 2416 4570 ille
2441 4487 2496 4537 et
2548 4481 2969 4539 fraudulentus
3028 4500 3328 4556 susurrus,
3384 4485 3488 4557 qui

1826 4573 1966 4646 inde
1992 4570 2227 4643 prodiit.
2266 4574 2334 4625 At
2359 4569 2626 4626 Christus
2653 4577 2963 4639 peccatum
2989 4589 3110 4628 non
3161 4574 3325 4643 fecit,
3380 4589 3487 4630 nec

1823 4665 2099 4718 inventus
2116 4664 2198 4714 est
2216 4658 2391 4714 dolus
2409 4660 2471 4714 in
2489 4675 2590 4714 ore
2606 4661 2734 4728 ejus
2757 4661 2819 4732 ⁸³,
2847 4666 3167 4734 servatque
3190 4661 3486 4718 mundum

1826 4766 1862 4807 a
1897 4748 2302 4820 corruptione.

1895 4836 2178 4894 Venenati
2209 4839 2345 4891 sunt
2370 4835 2579 4891 dentes
2611 4837 2925 4910 serpentis,
2970 4839 3298 4910 mortisque
3345 4842 3487 4893 atrae

1827 4932 2134 4992 auctores;
2163 4931 2223 4981 at
2249 4925 2459 4980 Christi
2477 4925 2686 4981 dentes
2708 4926 2947 4981 candidi
2979 4931 3137 4984 sunt.
3167 4925 3261 4980 vel
3290 4926 3489 4996 potius

1826 5018 1920 5073 lac
1947 5014 2282 5070 secundum
2297 5013 2674 5085 prophetiam
2691 5014 2875 5069 Jacob
2900 5016 2964 5074 η,
2985 5014 3202 5085 partim
3241 5011 3489 5085 quidem

1826 5104 1994 5178 quod
2025 5113 2222 5161 sermo
2244 5103 2376 5173 ejus
2415 5117 2526 5158 nos
2569 5104 2751 5159 ducat
2793 5104 2851 5158 in
2907 5107 3128 5158 terram
3191 5102 3367 5158 melle
3431 5105 3491 5160 et

1829 5196 1981 5252 lacte
2005 5197 2374 5258 manantem,
2403 5191 2481 5248 ad
2504 5192 2833 5249 Jerusalem
2877 5191 3041 5248 illam
3093 5191 3486 5264 spiritualem,

180 5344 230 5378 ¹⁶
265 5339 453 5397 Exod.
480 5356 576 5411 xx,
605 5342 658 5394 4.
738 5341 779 5374 ¹τ
816 5307 986 5395 Rom.
1015 5354 1098 5408 χι,
1130 5343 1220 5396 33.
1300 5341 1344 5375 ¹⁸
1373 5341 1392 5393 l
1426 5343 1580 5396 Petr.
1611 5355 1673 5408 ιι,

1877 5340 1922 5373 ¹⁹
1956 5339 2096 5394 Gen.
2132 5353 2277 5408 χιιι,
2313 5339 2401 5395 12.

179 5522 265 5588 (1)
296 5511 491 5573 Verba
516 5516 615 5572 illa
631 5515 831 5588 referri
845 5481 1104 5588 possunt
1118 5516 1197 5571 ad
1213 5516 1411 5588 ipsum
1423 5518 1708 5588 ﬁoysem,

104 5593 156 5647 si
186 5584 375 5646 lectio
404 5589 520 5644 hoc
569 5587 753 5643 modo
804 5584 1198 5643 constituatur
1221 5584 1254 5640 τ’
1281 5593 1381 5640 Καὶ
1435 5584 1716 5650 δοξάζεται

104 5666 253 5736 ὄφεις
263 5660 503 5733 χαλκοῦς
517 5658 696 5730 ψιλαῖς
708 5657 1097 5731 ἑπεντρανίσεσι
1118 5659 1488 5727 ζωοποιῶν.Ει
1517 5665 1718 5717 tamen

1825 5516 2116 5573 laudatur
2130 5521 2185 5572 et
2203 5509 2539 5572 celebratur
2557 5513 2789 5584 Moyses
2804 5513 2964 5586 quod
2981 5529 3162 5586 aereos
3187 5511 3489 5586 serpentes

1823 5589 2252 5658 efﬁnxeritdta
2303 5592 2364 5641 ut
2395 5586 2659 5658 ζωοποιών
2711 5585 2835 5641 non
2887 5586 2963 5643 sit
3010 5585 3330 5656 viviﬁcare,
3383 5587 3491 5645 sed

1827 5656 2107 5716 animalis
2139 5659 2401 5731 speciem
2423 5656 2728 5728 efﬁngere.
