4020 6310
581 349 689 404 655

587 475 646 529 et
667 467 796 527 solo
821 463 1118 523 intellectu
1159 458 1448 533 coguosci
1500 460 1746 532 aptam;

505 620 508 623 _
587 557 754 632 quod
783 554 1122 628 typicarum
1141 546 1740 622 repraesentationum
1764 561 1890 602 non
1911 545 1988 601 sit
2029 559 2245 632 capax,

587 630 732 704 nam
755 643 952 699 solum
971 640 1065 696 lac
1089 655 1156 696 ex
1189 635 1472 693 omnibus
1496 634 1766 692 humidis
1803 633 2064 708 speciem
2112 630 2247 690 nul-

586 737 710 792 lam
749 730 994 800 eiiigiat,
1051 741 1249 800 neque
1306 725 1532 782 formas
1586 739 1909 797 corporeas
1958 719 2146 777 reddit
2191 723 2250 776 et

587 820 925 895 repercutit.
947 821 1204 889 Serpens
1221 819 1420 871 autem
1440 812 1687 870 exuvias
1708 810 2035 885 quotannis
2056 809 2245 882 ponit.

586 916 660 968 At
677 908 944 966 Christus
989 904 1137 962 nihil
1195 902 1409 960 habuit
1462 902 1539 958 de
1588 901 1771 959 veteri
1823 901 2090 968 homine,
2142 897 2248 971 qui

587 998 990 1072 corrumpitur
1019 993 1352 1052 secundum
1379 992 1676 1049 desideria
1713 989 2087 1064 deceptionis
2146 1003 2246 1044 ne-

589 1106 708 1164 que
737 1086 1078 1162 quidquam
1111 1082 1368 1155 abjecit;
1402 1082 1530 1138 sine
1559 1085 1808 1154 peccato
1837 1079 1998 1136 enim
2050 1092 2247 1134 novus

591 1179 784 1237 Adam
816 1175 963 1232 vixit
983 1187 1276 1246 novasque
1323 1176 1611 1227 creaturas
1665 1175 1896 1227 auctor.
1925 1166 2080 1225 Talis
2107 1181 2248 1223 cum

593 1273 768 1333 esset,
799 1268 860 1324 in
913 1280 1154 1321 crucem
1215 1260 1504 1324 ascendit,
1562 1274 1748 1332 seque
1797 1258 1997 1314 statim
2050 1255 2248 1314 omnis

593 1356 848 1414 maculae
871 1357 1177 1426 expertem
1198 1366 1327 1407 esse
1355 1349 1596 1423 publice
1643 1347 2028 1413 testificatur;
2082 1359 2248 1401 acce-

595 1448 865 1519 densque
881 1443 995 1510 ille,
1014 1441 1118 1516 qui
1129 1441 1261 1512 jam
1275 1438 1724 1512 deprimebatur
1739 1451 2004 1510 serpens,
2026 1434 2172 1491 nihil
2188 1435 2248 1490 in

597 1554 669 1594 eo
684 1535 924 1609 reperit.
941 1530 1234 1590 Omnibus
1249 1529 1410 1585 enim
1431 1527 1628 1584 modis
1646 1525 1918 1599 superior
1931 1528 2060 1580 erat
2077 1539 2250 1580 vene-

597 1642 744 1682 num
769 1623 1028 1696 jaciente
1057 1618 1302 1684 malitia,
1349 1617 1828 1690 prmfocaturque
1877 1612 2250 1688 perniciosus

599 1715 696 1772 ille
723 1726 993 1785 serpens,
1026 1714 1084 1766 et
1111 1707 1294 1764 draco
1322 1711 1597 1780 apostata
1619 1705 1725 1774 qui
1749 1703 2103 1760 calcaneum
2144 1718 2249 1759 no-

1791 329 2103 391 GEBIANI
2142 329 2188 386 Π
2225 328 2334 388 CP.
2378 332 2855 396 PATRIARCHE.

1806 455 2029 532 partim
2082 469 2245 525 vero,

2363 457 2418 510 τό
2469 466 2568 511 τῶν
2615 471 2845 515 τοπικῶν
2910 461 3176 535 ἐμφάσεων
3223 457 3615 537 ἁπαράδικτον.
3680 461 3822 515 Γάλα
3867 466 3971 535 γὰρ

3865 342 3973 396 656

2361 550 2515 616 μόνον
2549 547 2606 612 ἐξ
2651 549 2889 603 ἁπάντων
2941 553 3112 626 ὑγρῶν
3164 549 3260 603 ούκ
3314 547 3455 604 οἶδεν
3505 547 3768 604 ἱνδοίλλειν
3796 573 3973 624 χαρα-

2359 639 2564 710 κτήρων
2626 637 2898 712 έμφάσεις,
2951 645 3040 693 καὶ
3090 642 3285 702 τύπους
3348 637 3665 693 ἂποπάλλειν
3731 659 3972 713 σωματιο

2357 727 2504 788 πούς.
2554 726 2712 800 Ὄφις
2765 725 2826 782 δι
2863 733 2956 788 τὴν
3006 726 3264 805 λεϐηρίδα
3309 724 3386 781 δι’
3431 732 3580 790 ἔτους
3607 727 3967 802 ἂπαμφιένου-

2357 831 2466 867 ται.
2498 820 2732 891 Χριστὸς
2780 813 2840 871 δὲ
2879 819 2986 871 οὒτ’
3018 816 3132 890 εἶχέ
3168 837 3220 870 τι
3266 825 3359 871 τού
3413 817 3642 870 παλαιοῦ
3686 817 3968 893 ἀνθρώπου

2357 910 2450 954 τού
2497 906 2829 979 φθειρομένου
2878 909 3013 962 κατὰ
3069 911 3160 969 τὰς
3227 906 3504 979 ἐπιθυμίας
3567 916 3667 969 τῆς
3733 907 3968 977 ἀπάτης,

2357 991 2466 1043 οὔτ’
2521 992 2852 1065 ἁπιϐάλλετο,
2901 994 3274 1070 ἀναμαρτήτως
3326 1000 3432 1057 νέος
3485 991 3666 1068 Ἀδάμ
3711 1002 3967 1069 γεγονώς,

2357 1085 2448 1133 καὶ
2509 1092 2599 1144 τῆς
2679 1094 2863 1148 καινῆς
2939 1091 3154 1146 κτίσεως
3220 1083 3482 1159 ἀρχηγός.
3566 1092 3818 1146 Τοιοῦτος
3900 1087 3971 1137 ὢν

2359 1172 2634 1246 ἀνατρέχει
2685 1172 2768 1227 ἐπὶ
2826 1177 2884 1227 τὸ
2941 1174 3110 1238 ξύλον,
3163 1179 3255 1226 καὶ
3313 1174 3607 1232 στηλιτεύει
3662 1174 3848 1228 ἑαυτὸν
3893 1176 3973 1227 εύ-

2360 1261 2448 1321 θύς
2498 1261 2882 1336 ἀναμάρτητον,
2939 1268 3030 1316 καὶ
3083 1265 3108 1316 6
3163 1265 3306 1316 κάτω
3379 1269 3663 1337 συρόμενος
3719 1264 3836 1335 ὄφις
3897 1264 3974 1317 ὓ.-

2359 1351 2478 1417 θὼν,
2509 1351 2739 1424 εύρίσκει
2794 1351 2844 1404 ὲν
2875 1353 3013 1423 αύτῷ
3045 1349 3216 1408 οὐδέν.
3274 1352 3538 1414 Ιιαντελῶς
3593 1356 3695 1426 γὰρ
3757 1351 3822 1412 ἓν
3877 1363 3972 1414 τῆς

2359 1437 2563 1492 ἰοϐόλον
2630 1445 2821 1504 κακίας
2886 1443 3183 1516 ὑπέρτερος,
3241 1447 3333 1495 καὶ
3397 1445 3732 1514 κατάγχεται
3945 1445 3972 1494 6

2356 1523 2524 1590 δεινὸς
2607 1533 2719 1603 ὄφις
2806 1537 2897 1584 καὶ
2977 1529 3352 1606 δράποστάτης
3415 1533 3442 1585 6
3537 1531 3804 1606 ίπιτηρων
3874 1538 3971 1591 τὴν

2353 1621 2570 1692 πτέρναν
2626 1620 2792 1692 ἡμῶν,
2856 1622 3082 1683 σώζεται
3137 1618 3198 1674 δε
3249 1623 3276 1673 6
3326 1620 3543 1695 Ἰσραήλ
3594 1623 3620 1674 6
3660 1623 3798 1696 ὅρων
3846 1629 3971 1683 νούς

2352 1710 2440 1758 τὸν
2501 1711 2646 1775 Θεὸν,
2725 1715 2990 1784 σωτηρίαν
3055 1711 3259 1764 αἰώνιον
3336 1710 3697 1783 ἐπιγινώσκων
3778 1719 3970 1764 τοῦτον

599 1809 787 1859 strum
807 1800 1112 1862 observat,
1139 1802 1526 1854 conservatur
1548 1799 1747 1851 autem
1778 1793 1976 1860 Israel,
2007 1793 2247 1849 animus

2363 1799 2504 1859 Θεὸν,
2575 1802 2734 1872 σαρκὶ
2793 1803 2885 1872 μεν
2949 1799 3360 1874 ἐσταυρωμένον,
3437 1801 3645 1858 θεότητι
3710 1797 3776 1853 δε
3839 1801 3972 1862 ζωοο

597 1892 807 1948 videns
838 1891 1046 1958 Deum,
1069 1900 1562 1958 cognoscensque
1583 1883 1838 1940 salutem
1854 1887 2139 1950 mternam
2160 1896 2247 1936 re-

596 1980 858 2053 positam
879 1977 940 2034 in
968 1976 1081 2033 hoc
1114 1977 1253 2038 Deo,
1285 1988 1464 2029 carne
1493 1971 1741 2046 quidem
1787 1969 2092 2036 crucifixo,
2141 1985 2250 2042 per

593 2069 964 2126 divinitatem
1014 2080 1157 2122 vero
1212 2062 1547 2119 viviﬁcante
1605 2064 1914 2128 mortuos;
1964 2058 2025 2115 in
2063 2073 2249 2131 quem

593 2158 906 2232 perspicue
935 2153 1220 2226 competit
1247 2157 1305 2209 et
1332 2151 1551 2208 desinit
1577 2149 1891 2207 oraculum
1921 2148 2136 2221 Moysis
2165 2147 2248 2205 sic

589 2245 966 2304 vaticinantis
997 2260 1010 2299 :
1049 2242 1321 2299 Videbitis
1348 2243 1532 2298 vitam
1583 2249 1842 2297 vestram
1895 2238 2250 2308 pendentem

592 2341 734 2392 ante
786 2334 990 2391 oculos
1050 2336 1272 2388 vestros
1343 2331 1412 2384 '0.
1478 2331 1726 2385 Necesse
1790 2327 1952 2383 enim
2011 2325 2249 2382 habue-

591 2427 733 2480 runt
787 2427 845 2478 et
897 2421 1000 2486 illi,
1061 2419 1168 2492 qui
1218 2417 1388 2491 prius
1431 2434 1470 2474 a
1529 2416 1906 2490 serpentibus
1960 2415 2060 2471 icti
2115 2414 2248 2472 fue-

2352 1893 2603 1938 ποιοῦντα
2656 1890 2774 1949 τούς
2837 1891 3198 1963 νεκρωθέντας,
3266 1889 3336 1951 εἰς
3402 1888 3458 1942 ὃν
3523 1887 3754 1942 έκϐαίνει
3839 1909 3973 1966 προ⁹

2357 1969 2527 2034 δήλως
2582 1977 2610 2034 η
2641 1983 2930 2052 προφητεία
2983 1983 3241 2040 Μωύσέως
3300 1977 3656 2052 προλέγοντος·
3710 1977 3973 2050 (opus:

2351 2066 2448 2120 τὴν
2487 2063 2638 2124 ζωὴν
2677 2067 2820 2138 ὑμῶν
2858 2071 3181 2141 κρεμαμένην
3228 2071 3498 2120 κατέναντι
3538 2075 3637 2118 τῶν
3681 2067 3972 2140 ὀφθαλμῶν

2355 2152 2518 2222 ὑμῶν·
2565 2153 2823 2227 Ἀνάγκην
2868 2159 2970 2229 γὰρ
3005 2153 3148 2228 εἶχον
3190 2160 3280 2208 καὶ
3309 2158 3357 2209 οἱ
3385 2164 3494 2219 τοῖς
3534 2161 3681 2230 ὄφεσι
3711 2160 3973 2232 πρότερον

2357 2235 2674 2314 δεδηγμένοι
2702 2247 2833 2318 πρὸς
2861 2247 2948 2298 τὸν
2979 2243 3389 2318 ἁνεστηλωμένον
3414 2250 3528 2318 ὅφιν
3559 2245 3971 2321 ἕπεντρανίξειν,

2355 2330 2427 2392 ὡς
2475 2330 2581 2403 ούχ
2633 2331 2816 2408 ἑτέρως
2864 2339 3265 2409 χορηγουμένου
3291 2335 3496 2398 τούτοις
3545 2343 3636 2389 τοῦ
3667 2336 3769 2408 ζῇν
3801 2335 3836 2393 ἢ
3871 2334 3972 2387 ἀπὸ

2355 2425 2452 2480 τῆς
2485 2419 2553 2480 εἰς
2581 2423 2738 2474 αὐτὸν
2768 2420 3062 2485 ἀτενίσεως.

590 2515 747 2580 rant,
770 2506 2012 2580 adeum,quiexcolumnasuspensuserat,
2030 2509 2390 2576 serpentem,
2411 2509 2618 2566 oculos
2661 2510 2863 2568 levare
2912 2512 3088 2585 quasi
3117 2511 3286 2570 aliter
3327 2512 3412 2570 eis
3454 2513 3571 2571 vita
3622 2527 3752 2570 non
3816 2518 3973 2572 esset

591 2600 946 2660 obventura,
975 2611 1161 2670 quam
1189 2595 1268 2652 ab
1293 2595 1519 2651 intento
1543 2599 1795 2666 aspectu
1822 2594 1882 2649 in
1907 2593 2096 2650 illum.

663 2691 907 2744 Etnunc
936 2701 1050 2741 nos
1069 2683 1292 2758 quibus
1317 2687 1456 2739 ante
1507 2682 1715 2739 oculos
1765 2685 1936 2739 Jesus
1979 2683 2243 2738 Christus

591 2776 934 2850 depingitur
978 2789 1248 2830 consona
1293 2772 1496 2829 divino
1545 2771 1750 2844 psaltis
1808 2770 2018 2828 Davidi
2069 2785 2246 2827 cana-

589 2883 728 2923 mus
765 2882 778 2920 :
831 2865 1003 2921 Oculi
1031 2863 1292 2919 omnium
1319 2863 1382 2918 in
1418 2867 1475 2917 te
1505 2867 1750 2930 sperant
1785 2867 1840 2916 et
1876 2865 1941 2914 tu
1967 2859 2072 2914 das
2125 2858 2245 2914 illis

589 2973 784 3016 escam
808 2957 871 3012 in
902 2960 1166 3024 tempore
1194 2958 1530 3023 opportuno
1559 2953 1630 3006 ἰ.
1664 2950 2043 3007 Sacriﬁcatus
2082 2949 2244 3005 enim

588 3051 647 3104 et
669 3059 998 3118 suspensus
1009 3048 1214 3112 Agnus
1227 3041 1328 3098 Dei
1348 3040 1658 3114 propriam
1670 3055 1915 3096 carnem
1943 3038 2244 3096 edendam

2363 3042 2616 3116 εύκαιρίᾳ.

587 3135 841 3210 apponit
901 3133 1016 3190 illis
1078 3131 1185 3205 qui
1247 3132 1310 3187 in
1375 3135 1430 3186 te
1461 3147 1630 3204 spem
1659 3129 1867 3188 salutis
1920 3133 2243 3201 reponunt.

587 3227 796 3299 Aperis
820 3228 885 3280 tu
915 3237 1134 3278 manus
1160 3226 1318 3286 tuas,
1349 3219 1704 3292 expandens
1735 3235 1840 3276 eas
1867 3218 1930 3275 in
1959 3233 2158 3285 cruce,
2189 3223 2248 3274 et

591 3313 808 3385 imples
835 3326 1014 3368 omne
1045 3309 1272 3365 animal
1300 3309 1486 3365 Patris
1515 3310 1598 3365 tui
1625 3307 2023 3380 beneplacito.
2056 3306 2248 3364 Patris

589 3416 735 3457 vero
763 3397 1207 3471 beneplacitum
1229 3401 1340 3464 est,
1378 3401 1442 3453 ut
1488 3412 1703 3452 omnes
1755 3396 2034 3452 homines
2097 3393 2249 3452 salvi

591 3489 764 3557 ﬁant,
794 3501 900 3560 per
923 3485 1324 3542 voluntariam
1349 3489 1518 3540 tuam
1538 3486 1886 3557 passionem
1907 3488 1965 3540 et
1983 3499 2245 3550 crucem,

595 3582 654 3633 et
681 3581 746 3632 ut
767 3589 978 3632 omnes
1005 3573 1067 3629 in
1093 3572 1462 3642 agnitionem
1489 3573 1749 3629 veritatis
1783 3573 2046 3630 veniant.
2073 3572 2250 3642 Agni-

596 3666 678 3722 tio
707 3669 906 3721 autem
933 3662 1194 3720 veritatis
1224 3666 1311 3718 est
1337 3662 1488 3718 ﬁdes
1515 3666 1676 3719 recta
1705 3663 1766 3718 in
1820 3667 1897 3730 te,
1957 3667 2249 3734 tuumque

596 3759 832 3813 Patrem
858 3751 1155 3826 principio
1184 3755 1508 3820 carentem,
1535 3756 1928 3824 sanctumque
1943 3751 2246 3824 Spiritum.

599 3844 744 3911 Quis
770 3857 892 3899 non
913 3840 1193 3898 adorabit
1213 3845 1452 3898 scutum
1466 3839 1670 3896 salutis
1681 3845 1924 3910 nostras,
1947 3842 2083 3913 quis
2126 3855 2251 3898 non

600 3933 924 3992 celebrabit
946 3931 1411 4007 proﬂigatricem
1435 3929 1754 3988 homicidas
1787 3934 2020 3988 Satanae
2042 3932 2070 3989 ?
2099 3933 2254 3988 Crux

599 4023 876 4080 videlicet
899 4021 1106 4078 lumen
1164 4020 1365 4078 vultus
1423 4020 1524 4076 Dei
1575 4025 1664 4078 est
1717 4021 2020 4090 signatum
2076 4035 2258 4090 super

603 4128 709 4169 nos
738 4113 808 4164 ²².
843 4113 992 4167 Nam
1019 4114 1321 4182 sceptrum
1351 4110 1523 4179 Regis
1553 4109 1760 4166 lumen
1790 4109 1842 4180 ej
1855 4126 1924 4166 us
1948 4113 2055 4181 est,
2091 4109 2258 4180 igna-

604 4217 705 4258 ros
731 4204 796 4256 ut
823 4199 1068 4256 lucerna
1105 4199 1184 4255 ad
1211 4198 1411 4271 ipsum
1443 4197 1769 4254 deducens.
1803 4201 1936 4255 Haec
1961 4199 2258 4269 signiﬁca-

611 4289 690 4345 tio
702 4292 810 4353 est,
826 4286 1326 4344 datatimentibus
1340 4287 2017 4358 Dominum,ut/ugiant
2042 4305 2075 4342 a
2099 4289 2262 4360 facie

2429 2691 2530 2741 Καὶ
2557 2696 2644 2740 νῦν
2703 2689 2872 2762 ἡμεῖς,
2925 2691 3004 2753 οἷς
3049 2689 3165 2743 κοιτ⁹
3219 2690 3518 2764 ὀφθαλμούς
3574 2692 3788 2755 Ίησούς
3839 2701 3967 2766 Χρι-

2357 2779 2483 2838 στὸς
2535 2775 2922 2851 ἐσταυρωμένος
2969 2781 3247 2852 γράφεται,
3299 2777 3512 2852 συνῳδά
3563 2789 3637 2852 τῷ
3696 2783 3970 2854 θεσπεσίῳ

2354 2862 2731 2938 ψαλτῳδούμεν
2788 2863 2975 2922 Δαυίδ.
3030 2871 3096 2920 Oi
3161 2867 3419 2942 ὀφθαλμοὶ
3489 2872 3696 2923 πάντων
3767 2872 3849 2934 εἰς
3915 2875 3970 2924 σὲ

2356 2952 2652 3026 ἐλπίζουσι,
2718 2974 2809 3008 και
2884 2961 2950 3009 σύ
3026 2953 3197 3020 δίδως
3251 2963 3346 3016 τὴν
3411 2963 3605 3032 τροφὴν
3671 2959 3864 3021 αὐτοῖς
3925 2960 3972 3012 έν

2709 3047 2993 3118 Τεθυμένος
3077 3049 3180 3121 γὰρ
3273 3053 3363 3100 καὶ
3445 3051 3871 3124 κρεμαννύμενος
3947 3052 3972 3102 6

2357 3133 2541 3206 Ἀμνὸς
2599 3140 2692 3186 τού
2748 3141 2882 3188 Θεού
2936 3137 3025 3196 τὰς
3080 3135 3278 3198 οἰκείας
3329 3135 3478 3207 έστιᾷ
3513 3138 3717 3211 σάρκας
3752 3147 3874 3200 τοῖς
3906 3139 3971 3199 εἱς

2360 3225 2418 3274 σι
2460 3225 2556 3284 τὰς
2611 3219 2822 3284 ἐλπίδας
2877 3222 3204 3296 ἀναθεμένοις
3240 3234 3336 3286 τῆς
3381 3231 3664 3299 σωτηρίας.
3717 3226 3970 3299 Ἀνοίγεις

2359 3313 2425 3362 σύ
2471 3313 2564 3370 τὰς
2609 3319 2795 3385 χεῖρας
2852 3331 2947 3365 σου
2996 3310 3230 3384 ἔφαπλῶν
3285 3313 3450 3375 αὐτὰς
3482 3323 3555 3384 τῷ
3604 3325 3852 3390 σταυρῷ,
3886 3324 3968 3368 καί

2357 3398 2612 3472 έμπιπλᾶς
2658 3406 2759 3452 πᾶν
2810 3400 2944 3461 ζῶον
2995 3410 3090 3462 τῆς
3118 3409 3380 3473 πατρικῆς
3425 3399 3699 3466 εὐδοκίας.
3734 3402 3970 3458 Εύδοκία

2360 3484 2420 3540 δε
2472 3491 2672 3560 Πατρός
2716 3491 2773 3541 τὸ
2825 3489 3024 3551 πάντας
3075 3487 3376 3562 ἀνθρώπους
3435 3491 3669 3550 σωθῆναι
3728 3487 3833 3546 διὰ
3882 3502 3966 3545 τοῦ

2361 3572 2602 3627 ἑκουσίου
2673 3594 2766 3628 σου
2832 3578 3048 3644 πάθους,
3113 3582 3204 3630 καί
3261 3585 3354 3630 τού
3418 3586 3672 3651 σταυροῦ,
3742 3586 3842 3634 καὶ
3905 3581 3967 3640 εἰς

2359 3661 2640 3735 ἐπίγνωσιν
2691 3663 2930 3727 ἀληθείας
2976 3663 3156 3726 ἐλθεῖν,
3220 3665 3532 3739 Ἐπίγνωσις
3588 3663 3648 3720 δι
3719 3667 3966 3731 ἀληθείας

2361 3754 2390 3810 ἡ
2423 3756 2555 3828 πρὸς
2603 3757 2660 3807 σε
2706 3757 2914 3806 καὶτὸν
2938 3754 3171 3829 ἄναρχον
3203 3773 3298 3808 σου
3349 3760 3553 3829 Πατέρα
3583 3761 3674 3810 καὶ
3727 3762 3791 3812 τὸ
3837 3779 3969 3812 παν-

2362 3844 2508 3914 άγιον
2564 3849 2772 3916 Πνεῦμα
2826 3847 3006 3905 πίστις
3055 3840 3351 3918 ὁρθόδοξος·
3394 3850 3486 3905 Τίς
3515 3845 3574 3898 ού
3605 3865 3968 3921 προσκυνησει

2362 3935 2422 3983 τὸ
2479 3930 2632 3984 ὅπλον
2674 3940 2765 3992 τῆς
2801 3937 3062 4008 σωτηρίας
3114 3935 3300 4005 ipsi)»;
3356 3938 3445 3995 Ti;
3491 3934 3550 3986 ού
3607 3931 3837 3999 δοξάζει
3893 3940 3970 3988 τόν

2365 4017 2637 4088 ἁναιρέτην
2687 4027 2779 4074 τού
2828 4019 3188 4097 βρωτοκτόνου
3238 4025 3451 4091 Σατάν;
3505 4019 3672 4076 Τούτο
3727 4034 3841 4098 φῶς
3887 4033 3974 4078 τοῦ

2366 4114 2648 4183 προσώπου
2747 4118 2840 4162 τού
2939 4115 3066 4164 Θεοῦ
3166 4117 3538 4184 σημείουμενον
3642 4111 3724 4184 ἐφ’
3817 4116 3974 4188 ἡμᾶς,

2367 4206 2632 4272 Σκῆπτρον
2691 4201 2790 4273 γὰρ
2853 4197 3112 4273 βασιλέως
3179 4209 3281 4272 φῶς
3363 4201 3525 4254 αύτοῦ
3609 4204 3676 4262 ὡς
3759 4203 3975 4277 λύχνος,

2367 4292 2497 4362 πρὸς
2550 4288 2705 4341 αύτὸν
2751 4289 2874 4352 τούς
2938 4287 3217 4361 ἀγνούντας
3264 4286 3574 4362 ἔφοδηγούν.
3631 4289 3810 4345 Τοῦτο
3891 4312 3978 4350 ση·

612 4393 787 4434 arcus
815 4377 864 4411 ”
897 4380 956 4432 et
1000 4375 1438 4432 diabolicarum
1479 4376 1969 4447 impressionum.
2027 4379 2160 4434 Haec
2206 4380 2253 4433 et

2371 4382 2578 4450 μείωσις
2631 4374 2885 4450 δεδομένη
2938 4385 3047 4440 τοῖς
3105 4377 3438 4451 φοϐούμένοις
3495 4382 3584 4432 τὸν
3635 4383 3836 4456 Κύριον
3893 4389 3977 4433 τοῦ

612 4466 843 4536 lignum
875 4463 1213 4536 plantatum
1243 4480 1414 4522 secus
1435 4465 1626 4520 exitus
1656 4480 1955 4538 aquarum
1980 4465 2264 4523 fontium-

615 4568 736 4627 que
766 4552 993 4610 salutis.
1033 4553 1097 4609 In
1122 4552 1408 4609 omnibus
1422 4553 1812 4610 enimdivinaa
1837 4555 2153 4629 Scriptura:
2177 4555 2265 4612 lo-

619 4643 726 4710 cis,
752 4641 997 4714 hymnis
1023 4646 1080 4697 et
1105 4640 1391 4698 laudibus
1416 4657 1562 4698 crux
1586 4643 1959 4713 decantatur,
1983 4660 2120 4717 qua:
2148 4645 2265 4700 fru-

619 4736 782 4789 ctum
812 4746 990 4786 suum
1019 4731 1183 4788 dedit
1213 4731 1272 4787 in
1301 4736 1564 4801 tempore
1589 4747 1696 4789 suo
1722 4735 1792 4802 ²¹ο,
1824 4749 1948 4806 quo
1977 4734 2039 4790 in
2072 4734 2268 4791 Litho-

621 4823 805 4877 stroto
829 4818 1086 4892 depacta
1115 4824 1220 4876 est.
1250 4818 1480 4877 Gaudet
1514 4836 1656 4876 vero
1686 4837 1833 4878 crux
1860 4822 1951 4889 iis,
1991 4823 2096 4896 qui
2147 4823 2270 4881 vita

620 4910 807 4974 ﬂuxa,
881 4907 1046 4965 molli
1100 4912 1160 4966 et
1221 4907 1476 4966 delicata
1535 4913 1900 4983 contempta,
1960 4913 2270 4984 asperitati

622 5002 680 5056 et
733 4997 1027 5055 severitati
1057 4997 1400 5054 Christianas
1447 4997 1775 5070 disciplina:
1829 5015 1962 5057 sese
2017 5000 2265 5058 dedunt.

620 5091 694 5145 At
721 5087 947 5144 fructus
978 5086 1029 5159 ej
1040 5103 1107 5143 us
1131 5089 1225 5143 est
1243 5087 1515 5144 remissio
1539 5094 1946 5160 peccatorum,
1972 5105 2159 5162 quam
2206 5091 2268 5148 in

695 5248 744 5282 ²⁰
776 5249 942 5303 Deut.
974 5262 1178 5317 xxvm,
1205 5249 1293 5302 66.
1371 5247 1414 5280 ²¹
1448 5245 1585 5302 Psal
1612 5262 1796 5316 cxuv,
1826 5246 1910 5303 15.

624 5423 707 5497 (2)
743 5422 934 5480 Vocat
992 5425 1354 5497 Germanus__
1378 5421 1658 5497 Calvariaa
1681 5492 1699 5497 Α
1725 5427 1994 5497 montem
2055 5425 2274 5483 Lithro-

625 5492 855 5551 stroton
879 5495 1042 5567 quod
1070 5499 1128 5567 et
1152 5495 1242 5567 ab,
1261 5494 1391 5567 aliis
1419 5494 1635 5550 Graecis
1674 5492 1898 5567 factum
1927 5496 2273 5554 observavi-

625 5581 788 5626 mus.
816 5565 932 5625 Nec
971 5565 1115 5622 satis
1144 5565 1292 5624 mihi
1319 5569 1532 5623 notum
1555 5580 1680 5639 qua
1706 5565 1938 5624 ratione
1966 5583 1979 5634 ;
2012 5582 2153 5626 cum
2184 5569 2272 5627 Li-

1988 5249 2035 5282 ²²
2066 5247 2218 5305 Psal.
2241 5264 2317 5316 1v,
2349 5255 2404 5308 7.

2374 4474 2548 4540 φυγεῖν
2601 4465 2701 4519 ἀπὸ
2771 4472 3054 4543 προσώπου
3103 4467 3278 4533 τόξου,
3337 4473 3428 4520 καὶ
3491 4475 3592 4520 τῶν
3656 4463 3977 4542 δαιμονικών

2373 4555 2697 4630 προσϐολῶν.
2763 4562 2928 4610 Τοῦτο
2992 4561 3082 4610 καὶ
3161 4556 3309 4620 ξύλον
3377 4561 3760 4631 πεφυτευμένον
3842 4559 3978 4631 παρά

2375 4648 2470 4708 τὰς
2525 4641 2796 4709 διεξόδους
2849 4654 2949 4698 τῶν
2996 4642 3204 4698 ὑδάτων
3261 4651 3350 4699 καὶ
3404 4655 3503 4699 τῶν
3559 4654 3653 4699 τού
3714 4653 3977 4721 σωτηρίου

2376 4743 2580 4806 πηγῶν,
2611 4737 2693 4788 Ἐν
2745 4735 2944 4796 πάσαις
2989 4737 3088 4810 γὰρ
3147 4740 3264 4796 ταῖς
3319 4737 3480 4798 θείαις
3537 4741 3774 4809 Γραραίς
3807 4739 3981 4810 ὕμνοις

2377 4823 2833 4899 περιαντλούμενος
2890 4823 3031 4877 ἔστιν
3105 4825 3132 4876 ὁ
3199 4827 3449 4898 σταυρὸς,
3515 4825 3572 4886 ὃς
3628 4829 3720 4878 τὸν
3789 4829 3980 4900 καρπὸν

2379 4914 2540 4966 αύτού
2572 4909 2798 4968 δέδωκεν
2850 4912 2898 4966 ἐν
2943 4920 3110 4987 καιρῷ
3167 4913 3350 4979 αὐτοῦ,
3399 4916 3520 4967 καθ’
3553 4914 3607 4966 ὃν
3656 4914 3707 4966 έν
3761 4924 3836 4986 τῷ
3887 4923 3982 4968 Λυ-

2381 5004 2658 5078 θοστρώτῳ
2697 5004 2771 5074 (2)
2826 5002 3157 5075 έπεφύτευτο.
3210 5008 3394 5077 Χρίρει
3440 5000 3502 5056 δε
3545 5004 3572 5054 6
3629 5008 3861 5078 σταύρος
3887 5012 3983 5062 τοῖς

2379 5097 2464 5145 τόν
2520 5094 2730 5166 ἓνυγρον
2760 5094 2850 5164 μεν
2881 5090 3000 5165 βίον
3046 5111 3078 5144 κ
3107 5096 3162 5144 αἱ
3210 5088 3480 5166 πλαδαρὸν
3529 5087 3883 5162 διαπτύουσι,
3926 5100 3978 5163 τῇ

2479 5252 2528 5286 ³³
2559 5249 2706 5308 Psal.
2742 5267 2855 5316 1.1x,
2884 5255 2938 5308 6.
3013 5252 3062 5286 ²⁶
3091 5250 3289 5308 Matth.
3320 5266 3468 5317 xxxv,
3501 5253 3588 5308 45.

2381 5427 2930 5504 throstotos_t‘u_erit_
2951 5427 3437 5504 tribunal_Pi_lati,
3491 5444 3565 5486 ex
3593 5445 3721 5504 quo
3753 5434 3978 5489 senten-

2378 5500 2527 5558 tiam
2551 5499 2762 5559 mortis
2790 5500 2852 5557 in
2873 5500 3172 5560 Christum
3197 5500 3364 5558 dixit.
