4020 6310
127 338 219 393 681

1526 330 1619 405 DE
1654 329 2084 406 MGINIBUS.

126 462 264 522 τοὺς,
294 461 362 521 ὡς
392 461 487 512 καὶ
539 462 760 534 σώματα
807 459 1157 534 παραϐιάζειν
1204 461 1337 534 πρὸς
1380 458 1595 524 ἕνωσιν,
1637 462 1714 511 καί

1845 462 1984 541 Deo,
2013 479 2070 531 et
2098 475 2250 532 inter
2278 488 2342 529 se
2367 468 2629 534 vinculo,
2663 474 2732 525 ut
2777 469 2838 523 et
2891 479 3150 538 corpora
3195 461 3499 539 quodam-9

129 548 193 609 εἰς
208 555 393 620 πῆγμα
421 546 471 603 ἓν
504 550 894 622 συσφίγγεσθαι
917 552 1007 602 καὶ
1038 548 1379 620 συνάγεσθαι,

183 796 242 850 Ἠ
304 792 365 850 δέ
432 797 723 856 τηλικαύτη
805 802 1096 873 πανήγυρις
1152 800 1399 852 ὑπόθεσιν
1467 799 1581 871 ἔχει
1630 803 1725 856 τὴν

124 884 410 959 ἀνάμνησιν
439 896 535 949 τῆς
571 896 672 940 τῶν
709 893 976 960 παναγίων
1042 887 1249 941 εἰκόνων
1297 887 1720 949 ἀναστηλώσεως.

121 972 429 1049 Ἐκειτομεν
484 979 583 1050 γὰρ
631 978 662 1034 ἡ
724 976 869 1029 εἰκὼν
922 984 1014 1029 τοῦ
1057 983 1291 1051 Χριστοῦ
1322 977 1380 1028 οὐ
1424 981 1717 1051 τριήμερος,

120 1061 240 1115 ἀλλὰ

120 1149 388 1226 βασκανίᾳ
416 1162 517 1205 τῶν
564 1150 992 1227 Ἰουδαιοφρόνων
1039 1154 1332 1227 αἰρετικών.
1383 1162 1491 1207 Νῦν
1528 1150 1578 1207 δ’
1611 1152 1720 1206 ἀλλ’

118 1238 302 1294 ἐκεῖθεν
352 1238 571 1316 εὐδοκία
636 1246 841 1315 Πατρός
861 1241 1215 1309 ἐξανίσταται,
1273 1248 1363 1295 καὶ
1396 1249 1577 1319 πρώτη
1623 1252 1720 1305 τῆς

116 1328 445 1391 ἀναστάσεως
516 1334 709 1393 ταύτης
782 1331 1183 1406 εὐαγγελίστρια
1236 1334 1266 1391 ἠ
1317 1336 1603 1405 σεμνοτάτη
1668 1332 1717 1384 ἐν

111 1419 320 1489 γυναιξὶ
349 1424 441 1472 καὶ
485 1421 753 1493 μαθήτρια
781 1428 872 1473 τοῦ
922 1428 1178 1493 Χριστοῦ,
1230 1423 1259 1479 ἠ
1292 1429 1388 1482 τῆς
1421 1422 1561 1483 θείας
1614 1417 1714 1472 δω-

110 1512 229 1581 ρεᾶς
296 1511 379 1575 (4)
452 1514 742 1583 φερώνυμος
817 1507 1053 1582 βασιλὶς,
1106 1514 1196 1562 καὶ
1245 1504 1319 1560 δι’
1368 1512 1532 1570 αὐτῆς
1582 1512 1713 1583 πρὸς

113 1597 304 1656 πάντας
338 1600 461 1657 τοὺς
497 1601 611 1649 τότε
667 1596 1042 1659 ἀποστολικοῦς
1102 1595 1301 1673 ἄνδρας
1350 1603 1437 1650 καὶ
1490 1617 1709 1673 χριστο-

340 1064 681 1140 πολυχρόνιος
730 1067 829 1117 ὑπὸ
872 1069 959 1117 τὸν
1006 1074 1102 1128 τῆς
1151 1066 1490 1140 ἀφωτὼσεως
1540 1070 1718 1131 τόπον,

112 1689 348 1758 κήρυκας
384 1694 481 1748 τῆς
520 1685 855 1747 ἀναστάσεως
884 1683 920 1738 δ
927 1685 1145 1738 ιαϐαίνει
1201 1690 1259 1738 τὸ
1298 1692 1565 1760 κηρυγμα,
1621 1691 1712 1739 καὶ

111 1772 495 1834 καλλωπίζεται
554 1770 707 1837 αὖθις
751 1776 781 1833 ἠ
833 1782 925 1827 τοῦ
978 1782 1215 1849 Χριστοῦ
1271 1775 1560 1833 Ἐκκλησία
1602 1783 1711 1838 τοῖς

115 1864 458 1937 ἓερομόρφοις,
513 1868 603 1916 καὶ
656 1860 1001 1924 εὐωδιάζεται
1054 1863 1294 1917 πλεῖστον
1353 1863 1711 1936 ἀπαλλαγεῖσα

108 1958 198 2013 τῆς
226 1951 636 2024 εἰκονομαχικῆς
693 1949 996 2026 βδελυρίας.
1065 1960 1375 2028 Μυροφόρου
1405 1957 1504 2030 ’γὰρ
1562 1954 1709 2016 τάξιν

110 2037 543 2116 ἀποπληρώσασα
589 2045 620 2099 ἦ
651 2040 779 2099 καλή
841 2042 973 2100 αὕτη
1040 2044 1310 2115 μαθήτρια
1374 2047 1464 2094 καὶ
1510 2044 1709 2096 θεοστε-

109 2134 205 2200 φὴς
266 2131 480 2182 ἄνασσα
508 2149 627 2191 τους
668 2128 1051 2203 μεταλαϐόντας
1097 2139 1191 2193 τῆς
1231 2138 1322 2183 τοῦ
1355 2135 1707 2205 Κοπρωνύμου

108 2216 376 2287 αἱρέσεως,
410 2215 480 2279 ὡς
526 2237 669 2280 τινας
735 2219 1064 2293 κοπρογενείς
1114 2220 1426 2293 κανθάρους,
1478 2218 1706 2272 ἀποπνί-

106 2302 245 2365 ξασα
291 2305 473 2374 ὤλεσε,
530 2311 620 2359 καὶ
666 2312 753 2360 τὸν
819 2309 1003 2361 οἰκεῖον
1054 2312 1292 2361 σύνευνον
1342 2313 1429 2360 τόν
1484 2306 1709 2381 βασιλέα

106 2392 359 2463 Θεόφιλον
390 2393 577 2458 ἀθλίως
608 2396 1102 2469 αἰχμαλωτισθέντα
1122 2399 1222 2450 ὑπὸ
1276 2405 1371 2457 τῆς
1399 2406 1708 2472 τυραννικῆς

105 2477 449 2547 δυσσεϐείας,
509 2486 576 2546 ὡς
622 2484 723 2537 ἀπὸ
776 2490 996 2560 κοπρίας
1054 2489 1269 2558 πτωχὸν
1336 2484 1611 2559 ἐξήγειρεν,
1672 2486 1702 2544 ἦ

102 2575 351 2633 κοινωνὸς
500 2581 593 2625 τοῦ
633 2572 775 2647 βίου,
817 2582 909 2627 τοῦ
942 2571 1001 2627 δε
1055 2579 1378 2647 φρονήματος
1429 2572 1707 2632 ἀκοινώνη-

100 2679 213 2721 τος.
257 2658 335 2712 Ὠ
389 2660 549 2723 καλῆς
582 2667 828 2733 γυναικὸς
857 2663 1054 2715 πολλῶν
1113 2671 1372 2735 γυναικῶν
1422 2661 1707 2715 ἀναπαλαί-

103 2751 278 2809 citra;
317 2751 596 2823 ἡττὴματα
620 2752 633 2806 !
676 2754 782 2805 Εὔα
809 2755 893 2804 τὸν
945 2748 1115 2825 ἄνδρα
1143 2758 1235 2803 τοῦ
1264 2747 1592 2824 παραδείσου
1622 2749 1711 2802 ἐκ-

103 2834 303 2910 ϐάλλει,
361 2839 629 2911 μολύνασα
664 2844 723 2892 τὸ
763 2842 872 2892 κατ’
928 2841 1099 2893 εἰκόνα
1143 2837 1237 2893 διὰ
1288 2848 1378 2901 τῆς
1420 2848 1711 2914 παρακοῆς.

120 2931 226 2979 Exi
253 2934 352 2989 τῆς
375 2933 591 3002 κοπρίας
618 2930 645 2980 ό
677 2928 795 2982 Ἰὼϐ
821 2928 1066 2996 ἐκάθητο,
1104 2933 1163 2981 τό
1213 2932 1302 3001 μὲν
1371 2937 1524 3001 σῶμα
1581 2926 1711 2981 δύσ-

101 3011 294 3088 οδμος,
346 3020 437 3074 τὴν
491 3013 549 3069 δὲ
593 3017 779 3090 ψυχὴν
812 3021 1048 3090 εὔοσμος,
1088 3019 1229 3075 καὶή
1290 3020 1494 3093 πονηρὰ
1544 3016 1708 3076 ἐκείνη

102 3109 238 3174 γυνή
284 3104 617 3159 συνεϐούλευε
650 3110 838 3179 τούτῳ,
883 3108 964 3158 ἱνα
1000 3111 1090 3158 καί
1136 3110 1229 3165 τὴν
1264 3105 1450 3178 ψυχὴν
1486 3106 1709 3181 ῥυπώσῃ

102 3188 204 3246 δ’ιά
261 3191 628 3267 βλασφημίας.
690 3195 828 3248 Ἀλλ’
884 3194 991 3266 οὐχ
1040 3195 1258 3254 οὕτωςὴ
1294 3194 1525 3267 θεόφιλος
1577 3194 1708 3252 αὕτη
1744 3188 1784 3243 C

100 3288 275 3352 γυνη·
307 3282 440 3355 αὐτῇ
487 3303 586 3357 γαρ
635 3283 960 3358 ἐμφαρμόσει
1003 3283 1194 3356 μᾶλλον
1251 3287 1310 3335 τὸ
1359 3291 1453 3336 τοῦ
1519 3279 1714 3357 ἀνδρὸς

104 3375 300 3443 ὄνομα.
372 3376 501 3424 Θεὸν
544 3376 643 3449 γὰρ
694 3371 1045 3445 ἀγαπήσασα,
1083 3374 1183 3424 ὑπὸ
1246 3380 1378 3425 Θεοῦ
1437 3373 1709 3444 ἠγαπήθη,

102 3464 197 3512 καὶ
220 3455 318 3512 διὰ
352 3464 437 3512 τὸν
467 3465 597 3514 Θεὸν
628 3466 715 3514 καὶ
766 3465 853 3514 τὸν
910 3457 1082 3536 ἄνδρα
1140 3460 1218 3531 (5)
1281 3459 1519 3533 ἐφίλησεν
1577 3460 1713 3513 οὕτω

105 3545 376 3623 σφοδρῶς,
406 3553 474 3610 ὡς
495 3548 549 3613 ἔξ
578 3547 713 3620 ᾅδου
753 3548 992 3624 ἁρπάσαι
1022 3554 1112 3602 καὶ
1141 3557 1240 3600 τῶν
1264 3549 1371 3601 ίκεῑ
1417 3545 1451 3601 δ
1457 3568 1711 3607 ικαιωτη-

99 3642 251 3712 ρίων,
320 3643 413 3690 καὶ
460 3642 588 3712 πρὸς
645 3636 970 3712 παράδεισον
1027 3637 1419 3709 ἀντεισαγαγεῖν
1477 3633 1714 3690 σπουδά-

106 3745 279 3797 σματι
339 3726 556 3799 φιλοθέῳ
601 3732 689 3779 καὶ
730 3728 921 3801 μόχθῳ
976 3734 1329 3800 πνευματικῷ,
1380 3725 1464 3779 ἐπὶ
1518 3723 1578 3779 δε
1621 3733 1712 3785 τῆς

103 3820 335 3891 κοπρίας
370 3819 662 3889 καθήμενον
691 3826 787 3879 τῆς
832 3824 925 3869 τοῦ
978 3820 1327 3890 Κοπρωνύμου
1382 3813 1712 3889 βδελυρωτά-

104 3925 205 3966 της
272 3908 520 3980 αἱρέσεως
574 3915 668 3969 τῆς
723 3907 839 3958 κατ’
894 3906 1056 3964 αὐτὴν
1122 3904 1466 3977 βλασφημίας
1519 3904 1711 3978 μᾶλλον

106 3994 388 4069 ίρῥῦσατο,
459 4000 548 4048 καὶ
615 3997 799 4068 θερμὸν
858 3995 1123 4066 εἰσήνεγκε
1167 3998 1254 4046 τὸν
1313 3992 1486 4065 ἀγῶνα
1550 4012 1712 4068 προσ-

103 4092 383 4136 οικειῶσαι
412 4092 594 4137 τοῦτον
626 4092 698 4155 τῷ
732 4091 966 4159 Χριστῷ,
1018 4082 1079 4134 οὗ
1130 4085 1289 4156 μύρον
1338 4081 1609 4136 ἐκκενωθεν
1650 4085 1711 4135 τὸ

114 4177 139 4187 .-

104 4191 295 4246 ονομα.

181 4299 363 4360 Οὕτως
393 4297 648 4370 ἀγαπᾶτε,
679 4305 941 4370 γυναῖκες,
972 4301 1092 4360 τοὺς
1115 4293 1341 4371 οἰὶνδρας⁸
1393 4297 1529 4350 οὕτω
1586 4295 1713 4369 βοη-

107 4389 245 4440 θεῖτε
275 4409 287 4420 ·
322 4385 451 4439 ἀλλὰ
481 4392 551 4460 μὴ
612 4391 789 4460 μόνοις
825 4394 937 4449 τοῖς
985 4393 1258 4461 σαρκικοῖς
1316 4389 1375 4437 τό
1417 4388 1713 4437 κοινωνικὸν

104 4478 260 4546 ἔχετε
304 4479 438 4548 πρὸς
489 4479 607 4536 τοὺς
648 4478 913 4547 συζύγους
966 4471 1181 4549 ἄνδρας,
1242 4471 1335 4527 διὰ
1388 4469 1714 4532 ἡδυπάθειαν

106 4564 374 4636 φιλοῦντες
433 4565 639 4626 αὐτούς⁸
718 4563 844 4616 αλλά
911 4569 1202 4636 συνεργεῑτε
1277 4566 1368 4614 καὶ
1432 4564 1565 4633 πρὸς
1621 4565 1715 4618 τὴν

105 4653 301 4723 ψυχὴν
356 4653 666 4725 ὠφελοῦντα,
726 4657 816 4705 καὶ
881 4650 1254 4724 συμϐουλεύετε
1309 4653 1375 4702 τὰ
1442 4653 1573 4724 πρὸς
1624 4655 1716 4707 τὴν

110 4746 401 4816 σωτηρίαν.
428 4741 533 4799 Κᾶν
579 4746 680 4817 πρὸ
734 4743 876 4814 ὑμῶν
924 4742 950 4793 ό
989 4736 1204 4802 θάνατος
1263 4739 1481 4800 ἐκείνους
1544 4739 1718 4814 ἁρπά-

109 4849 246 4885 σειεν
296 4833 372 4885 ἔτι
413 4830 788 4903 ἐσπιλωμένους
834 4832 971 4882 κατὰ
1015 4828 1219 4899 ψυχὴν,
1279 4830 1429 4881 θέσθε
1471 4825 1722 4902 φροντίδα

111 4929 202 4982 τῆς
237 4925 508 4993 σωτηρίας
553 4920 724 4973 αὐτῶν
777 4915 871 4972 διὰ
920 4926 1250 4993 προσευχῶν,
1307 4914 1401 4969 διὰ
1453 4914 1719 4991 δακρύων,

112 5007 146 5062 δ
152 5012 187 5063 ι’
214 5010 602 5082 ἐλεημοσυνῶν,
632 5006 727 5062 διὰ
757 5010 914 5061 θαίων
947 5010 1265 5082 ἱερουργιῶν.
1318 5009 1548 5059 Δύνασαι
1595 5009 1718 5078 γὰρ,

112 5096 150 5151 ὦ
180 5103 362 5173 γύναι,
409 5105 500 5152 καὶ
547 5101 767 5152 θανόντα
812 5101 900 5151 τὸν
948 5093 1120 5170 ἄνδρα
1168 5105 1337 5148 σῶσαι
1390 5092 1568 5162 ίϐκῖιὰ
1618 5104 1718 5147 τῶν

182 5216 263 5286 (4)
294 5207 607 5272 Theodore
636 5214 985 5284 imperatrix
1013 5229 1165 5268 uxor
1185 5211 1722 5286 Theophili,_mate_r

114 5283 419 5344 Michaelis
447 5286 522 5342 de
565 5302 688 5358 qua
717 5283 999 5342 Zonaras.
1033 5283 1446 5358 Cedrenus,_et
1475 5283 1594 5358 alii.
1630 5284 1720 5338 Al-

113 5358 269 5415 ludit
317 5359 397 5414 ad
450 5355 774 5413 Theédoree
824 5371 1045 5411 nomen
1099 5355 1292 5411 verbis
1324 5355 1438 5411 illis
1473 5376 1486 5410 :
1518 5355 1575 5407 'H
1627 5364 1722 5418 τῆς

116 5433 255 5491 θείας
288 5426 477 5505 δορεᾶς
498 5434 787 5502 φερώνυμος
819 5425 1057 5500 βασιλὶς.

118 5534 131 5575 ·,
187 5520 267 5647 g3)
300 5521 449 5575 Sunt
479 5518 579 5588 qui
603 5515 865 5572 scribant
887 5515 1279 5587 Theophilum
1303 5516 1725 5588 imperatorem

118 5606 187 5645 su
265 5589 453 5645 ﬁnem
480 5588 615 5643 vitae
645 5588 986 5647 resipuisse,
1006 5593 1062 5641 et
1087 5587 1165 5642 ab
1189 5587 1725 5643 lconomachorum

117 5587 233 5647 sub
250 5587 453 5645 ﬁnem
480 5587 615 5643 vitae
645 5588 986 5659 resipuisse,
999 5593 1062 5659 _et
1087 5587 1165 5642 ab
1189 5587 1727 5659 lconomachorum

118 5661 433 5736 impietate
460 5657 782 5717 destitisse;
804 5663 888 5715 tta
923 5657 1173 5714 refertur
1199 5657 1262 5717 in
1291 5657 1587 5728 Perioche,
1621 5672 1729 5712 seu

1746 4538 1791 4592 D

1838 565 2024 622 modo
2056 563 2135 622 ad
2164 562 2454 621 unionem
2484 563 2543 614 et
2570 556 3059 629 conjunctionem
3105 551 3490 626 compellant,

1837 659 2020 727 utque
2047 654 2110 710 in
2160 667 2352 710 unum
2400 648 2574 725 quasi
2619 661 2843 721 pegma
2892 645 3391 716 coagmententur
3435 645 3495 699 et

1836 747 2241 802 concrescant.

1905 834 2072 891 Tanti
2099 850 2240 891 vero
2269 846 2598 891 concursus
2626 844 2811 887 causa
2856 829 2949 885 est
2989 821 3484 883 commemoratio

1833 928 2179 981 sanctarum
2209 923 2546 992 imaginum
2564 918 2989 976 restitutarum.
3019 914 3268 971 Jacebat
3322 911 3484 969 enim

1831 1011 2043 1068 Christi
2070 1013 2295 1082 imago.
2322 1025 2447 1067 non
2470 1008 2689 1076 triduo,
2712 1006 2816 1063 sed
2836 1003 3193 1075 longissimo
3213 1006 3485 1073 tempore

1827 1101 1889 1158 in
1910 1101 2170 1158 obscuro
2188 1107 2246 1157 et
2262 1099 2638 1159 tenebricoso
2667 1100 2803 1153 loco
2820 1093 3049 1151 invidia
3065 1093 3481 1150 hereticorum

1827 1190 1989 1246 idem
2019 1207 2159 1246 cum
2189 1189 2407 1246 Judaais
2436 1186 2817 1243 sentientium
2850 1201 2863 1240 :
2887 1183 2995 1239 sed
3013 1196 3176 1241 nunc
3203 1179 3343 1236 inde
3371 1194 3480 1236 vo-

1824 1279 2053 1335 luntate
2081 1279 2270 1335 Patris
2298 1275 2566 1346 exsurgit
2617 1280 2674 1330 et
2720 1273 2917 1346 prima
2978 1270 3161 1342 hujus
3216 1283 3475 1325 resurre-

1825 1367 2039 1423 ctionis
2068 1365 2480 1423 annuntiatrix
2503 1362 2732 1419 exsistit
2760 1359 3121 1432 gravissima
3146 1358 3300 1414 inter
3345 1371 3480 1413 mu-

1821 1464 1993 1521 lieres
2018 1470 2077 1521 et
2104 1464 2406 1536 discipula
2445 1462 2655 1519 Christi
2700 1460 2926 1531 regina,
2986 1473 3125 1531 quas
3181 1470 3218 1512 a
3269 1454 3476 1513 divino

1821 1571 2071 1612 munere
2094 1570 2317 1612 nomen
2348 1552 2533 1610 habet
2558 1570 2572 1608 :
2599 1555 2655 1607 et
2699 1566 2808 1623 per
2857 1550 3056 1621 ipsam
3111 1545 3193 1603 ad
3238 1559 3472 1610 omnes,

1820 1646 1924 1718 qui
1944 1651 2085 1702 tunc
2104 1651 2274 1702 erant
2300 1641 2612 1716 apostolici
2637 1640 2770 1708 viri,
2792 1637 3123 1710 Christique
3141 1644 3471 1709 praecones,

1817 1734 2263 1791 resurrectionis
2290 1734 2474 1805 hujus
2499 1731 2867 1805 praeconium
2888 1730 3117 1798 manat,
3138 1739 3473 1797 rursusque

1736 1829 1781 1883 Β
1818 1828 2141 1880 exornatur
2164 1824 2377 1880 Christi
2408 1820 2669 1877 Ecclesia
2708 1821 3058 1875 sanctorum
3101 1813 3472 1885 imaginibus

1816 1921 1872 1971 et
1900 1914 2080 1987 typis,
2118 1918 2476 1983 gratumque
2523 1908 2774 1965 odorem
2816 1905 3084 1978 acquirit,
3132 1904 3214 1961 ab
3267 1907 3472 1959 lcono-

1816 2003 2172 2061 machorum
2201 1999 2651 2057 abominatione
2670 1996 2944 2052 liberata.
2974 1993 3140 2049 Vasis
3168 1992 3332 2049 enim
3359 2006 3469 2048 un-

1815 2092 2108 2163 guent'irii
2129 2091 2254 2146 vice
2281 2090 2486 2146 functa
2531 2085 2771 2156 egregia
2819 2083 2923 2140 illa
2952 2080 3270 2154 discipula,
3318 2086 3377 2137 et
3430 2095 3469 2136 ε.

1816 2185 1936 2238 Deo
1972 2184 2260 2237 coronata
2288 2179 2515 2250 regina,
2540 2190 2753 2232 omnes
2779 2173 2885 2245 qui
2931 2170 3298 2244 Copronymi
3352 2170 3473 2226 has-

1812 2272 1929 2327 resi
1957 2270 2155 2327 infecti
2190 2273 2376 2337 erant,
2410 2272 2701 2338 tanquam
2749 2260 3092 2318 scarabaaos
3142 2259 3468 2332 quosdam,

1813 2376 1889 2416 ex
1913 2374 2086 2416 emno
2117 2357 2484 2430 progenitos,
2513 2352 2820 2409 suﬁ‘ocans
2844 2348 3105 2423 perdidit
3154 2366 3167 2404 :
3216 2353 3275 2405 et
3329 2361 3472 2420 pro-

1815 2448 2015 2520 prium
2031 2446 2167 2517 conj
2177 2460 2354 2515 ugem
2373 2443 2801 2515 imperatorem
2817 2436 3214 2510 Theophilum
3230 2435 3474 2494 misera-

1815 2537 2007 2593 biliter
2035 2551 2073 2591 a
2095 2533 2409 2607 tyrannica
2437 2530 2744 2603 impietate
2768 2532 3034 2600 captum,
3075 2531 3370 2598 tanquam
3397 2525 3474 2583 de

1818 2632 2077 2683 stercore
2103 2624 2348 2695 inopem
2377 2618 2673 2686 excitavit,
2703 2617 2837 2673 vita:
2896 2615 3143 2688 quidem
3199 2629 3471 2686 consors,

1817 2719 1880 2771 at
1901 2714 2207 2770 sententiae
2237 2726 2467 2768 exsors.
2517 2711 2561 2766 Ο
2613 2706 2899 2763 eximiam
2946 2704 3280 2771 mulierem,
3329 2719 3469 2777 quin

1817 2802 2145 2860 multarum
2180 2800 2501 2857 mulierum
2552 2795 2756 2853 clades
2801 2799 2860 2852 et
2902 2794 3133 2852 damna
3182 2792 3472 2866 prmstitit!

1820 2895 1941 2949 Eva
1985 2891 2273 2946 virumex
2320 2888 2604 2962 paradiso
2662 2884 2839 2955 ejicit'
2910 2882 3325 2939 contaminata
3368 2897 3476 2953 per

1819 2979 2290 3037 inobedientiam
2359 2976 2622 3048 illa.quas
2649 2972 2984 3030 secundum
3034 2971 3222 3027 Deum
3259 2975 3371 3038 est,
3402 2970 3477 3026 si-

1819 3068 2170 3127 militudine.
2229 3065 2488 3124 Sedebat
2538 3063 2650 3120 Job
2709 3062 2773 3118 in
2793 3059 3183 3133 sterquilinio,
3225 3072 3474 3132 corpore

1820 3159 2067 3233 quidem
2095 3156 2349 3227 graviter
2373 3153 2560 3219 olens,
2589 3151 2797 3208 anima
2827 3153 3030 3205 autem
3060 3151 3298 3218 gratum
3325 3148 3473 3205 odo-

1820 3264 1947 3304 rem
1976 3247 2213 3303 halans.
2245 3247 2313 3300 Et
2338 3240 2619 3314 improba
2646 3239 2747 3295 illa
2784 3236 2999 3296 mulier
3043 3235 3343 3294 suadebat
3397 3237 3473 3307 ei,

1820 3344 1887 3394 ut
1912 3342 1969 3392 et
1989 3335 2259 3391 animam
2290 3328 2683 3404 blasphemiis
2709 3326 3086 3401 proferendis
3107 3325 3474 3399 inquinaret.

1822 3428 1949 3481 Non
1981 3425 2064 3480 ita
2099 3422 2198 3479 Dei
2224 3419 2641 3479 amantissima
2684 3417 2813 3474 haec
2859 3415 3098 3472 femina.
3149 3414 3267 3488 ipsi
3313 3416 3475 3472 enim

1820 3514 2015 3570 mariti
2046 3527 2268 3568 nomen
2294 3508 2596 3582 competit.
2630 3510 2778 3564 Nam
2809 3521 2949 3562 cum
2972 3505 3158 3562 Deum
3184 3503 3475 3576 diligeret,

1820 3620 1859 3660 a
1885 3607 2003 3659 Deo
2031 3601 2247 3658 dilecta
2267 3604 2375 3667 est,
2395 3602 2761 3672 propterque
2791 3598 2981 3652 Deum
3009 3596 3205 3652 virum
3228 3609 3476 3669 quoque

1820 3699 1943 3749 tam
1962 3694 2347 3749 vehementer
2370 3688 2620 3757 amavit,
2641 3689 2707 3743 ut
2724 3701 2863 3742 eum
2886 3701 2955 3741 ex
2978 3684 3231 3752 inferno,
3259 3700 3477 3758 eoque,

1820 3782 1986 3855 quod
2002 3780 2147 3837 inibi
2171 3784 2281 3844 est,
2306 3776 2590 3835 tribunali
2611 3775 2914 3849 eripuerit,
2933 3779 2989 3831 et
3012 3774 3090 3831 ad
3123 3774 3476 3847 paradisum

1821 3876 2040 3928 conatu
2069 3874 2126 3925 et
2151 3867 2349 3925 studio
2380 3866 2612 3939 superis
2639 3869 2830 3935 grato,
2865 3868 2921 3919 et
2948 3862 3241 3934 spirituali
3266 3861 3476 3920 labore

1818 3958 2169 4024 traduxerit,
2197 3957 2646 4025 haerentemque
2669 3952 2732 4008 in
2762 3950 2913 4008 caelo
2945 3949 3332 4007 exsecranda
3356 3951 3476 4007 ha-

1819 4063 2020 4105 reseos
2033 4043 2418 4117 Copronymi,
2434 4041 2512 4098 ab
2524 4042 2639 4097 hac
2652 4039 3033 4111 blasphemia
3044 4038 3474 4113 expedivit,va-

1818 4136 2132 4207 lidumque
2163 4140 2466 4189 certamen
2497 4128 2678 4185 subiit
2697 4133 2755 4185 et
2782 4128 3084 4197 sustinuit,
3099 4133 3166 4186 ut
3183 4144 3326 4185 eum
3347 4128 3472 4186 vin-

1820 4226 2045 4282 dicaret
2075 4222 2323 4285 Christo,
2347 4220 2520 4291 cujus
2543 4233 2768 4275 nomen
2786 4222 3166 4287 unguentum
3186 4216 3469 4277 eﬁusum.

1892 4320 1956 4372 In
1988 4316 2149 4371 hunc
2174 4310 2447 4376 modum,
2482 4325 2521 4366 o
2549 4307 2850 4374 mulieres,
2878 4312 3078 4365 amate
3107 4309 3357 4366 maritos
3378 4325 3477 4367 ve-

1822 4413 1974 4463 stros
2011 4423 2024 4472 ;
2058 4404 2144 4459 sic
2168 4418 2347 4475 opem
2377 4400 2542 4469 ferte,
2583 4413 2782 4471 neque
2831 4398 2897 4454 in
2937 4397 3078 4455 solis
3134 4399 3478 4456 carnalibus

1825 4492 2314 4552 communionem
2342 4505 2482 4545 cum
2507 4488 2650 4544 viris
2678 4487 2894 4545 vestris
2920 4487 3164 4557 habete,
3204 4494 3478 4547 amantes

1825 4583 1957 4640 illos
1980 4585 2224 4654 propter
2246 4578 2614 4651 voluptatem
2647 4594 2661 4644 ;
2696 4576 2801 4632 sed
2832 4580 2891 4632 et
2913 4575 3365 4635 subministrata
3406 4594 3481 4636 ea

1825 4686 1961 4744 quae
1981 4671 2195 4726 animus
2215 4666 2684 4733 conducunt;et
2711 4664 3010 4735 suggerite
3058 4680 3198 4738 qua
3253 4666 3335 4723 ad
3388 4683 3482 4724 sa.

1827 4760 2011 4817 lutem
2035 4757 2350 4831 pertinent.
2385 4754 2503 4811 Etsi
2544 4753 2711 4826 prius
2763 4768 2927 4809 mors
2977 4752 3111 4811 illos
3151 4753 3484 4828 abripuerit

1830 4849 2030 4905 adhuc
2050 4847 2206 4902 vitiis
2260 4845 2624 4917 inquinatos,
2682 4848 2887 4900 curate
2931 4841 3169 4900 illorum
3224 4844 3479 4901 salutem

1828 4936 2129 5011 precibus,
2154 4933 2458 5006 lacrymis,
2488 4932 2890 5005 eleemosynis
2937 4937 2996 4986 et
3036 4931 3255 4987 divinis
3299 4933 3480 4989 sacri-

1828 5026 1995 5082 ﬁciis.
2038 5028 2206 5079 Potes
2233 5022 2416 5091 enim,
2446 5037 2481 5076 ο
2512 5021 2746 5087 mulier,
2774 5024 3081 5076 mortuum
3109 5030 3356 5092 quoque
3396 5022 3483 5078 vi-

1828 5131 1961 5172 rum
1984 5114 2077 5170 his
2098 5114 2263 5186 operi
2273 5113 2385 5168 bus
2401 5110 2639 5167 salvum
2655 5108 2932 5166 reddere.
2957 5107 3107 5174 Quia
3123 5123 3263 5164 vero
3283 5110 3482 5169 adhuc

1832 5244 2076 5300 summa
2103 5225 2237 5300 libri
2265 5224 2526 5300 vicesimi
2549 5222 2727 5295 primi
2741 5221 3072 5300 _Nicephori
3102 5220 3316 5300 Callisti
3340 5242 3355 5280 :
3378 5224 3486 5298 qui

1832 5300 1984 5356 liber
2011 5298 2191 5354 simul
2223 5313 2363 5353 cum
2392 5296 2522 5352 aliis
2553 5292 2691 5366 post
2720 5292 3024 5366 decimum
3079 5299 3360 5353 octavum
3393 5292 3488 5354 se-

1833 5369 2159 5498 quentibus
2192 5368 2452 5448 necdum
2478 5363 2716 5447 prodiit.
2750 5363 2961 5435 Clycas
2987 5370 3189 5446 tamen
3225 5366 3308 5422 ait
3336 5385 3394 5449 iv
3424 5384 3490 5441 p.

1893 5442 2067 5498 ηηαι.
2101 5437 2495 5498 Theonhilum
2524 5440 2879 5492 moriturum
2933 5441 3170 5498 petiisse
3207 5452 3283 5493 ne
3337 5455 3463 5496 ima

1893 5442 2067 5498 ηηαι.
2101 5437 2495 5512 TheOphilum
2521 5437 2908 5512 moriturum_
2933 5437 3170 5512 petiisse
3207 5452 3283 5493 ne
3337 5437 3463 5496 ima

1837 5515 2004 5577 gines
2034 5527 2219 5584 sacra:
2250 5506 2426 5565 rusus
2451 5506 2838 5578 erigerentur.
2890 5506 3055 5562 Idem
3107 5510 3368 5566 Zonaras
3426 5511 3488 5584 in

1836 5582 2184 5655 Theophiio.

1910 5647 2205 5724 (6)'l.ocus
2227 5665 2338 5724 pro
2366 5647 2716 5722 purgatorio
2737 5648 3077 5722 probando.
