4020 6310
498 346 600 402 663
1656 335 1975 396 GERMANI
2012 334 2059 392 ll

2319 334 2727 393 LTRIARCHE.
3784 334 3906 389 664

498 468 832 542 supersunt
870 464 1213 522 retrimenta
1241 463 1527 537 quaedam
1581 462 1657 521 de
1721 459 2085 521 abominatio

2321 462 2555 518 οιούτων.
2587 459 2725 514 Ἀλλ’
2788 462 2871 513 ὅτι
2898 463 2987 512 καὶ
3016 466 3106 513 νῦν
3169 457 3271 512 εἰσί
3297 477 3429 520 τινες
3484 466 3579 519 τῆς
3611 459 3908 532 Κοπρωνύ-

508 534 891 631 Copronymi,
943 534 1285 626 audentque
1308 551 1501 610 rabidi
1528 551 1612 609 illi
1661 566 1843 610 canes
1889 556 1948 607 et
1991 565 2091 606 am

2318 568 2389 602 LOU
2455 545 2737 625 βδελυρίας
2799 547 3333 621 ἁποσκυϐαλίσματα,
3382 551 3473 599 καὶ
3524 544 3905 627 ἁποτολμῶσιν

502 619 628 703 luti)
668 619 803 701 sues
868 647 1076 699 contra
1101 641 1446 700 adorandas
1484 646 1542 698 et
1615 657 1820 699 sacras
1873 638 2089 710 imagii:

2319 640 2336 690 ί
2415 619 2740 713 λνσσητῆρες
2770 657 2915 700 κυνες
2939 644 3027 691 καὶ
3105 619 3467 712 φιλοϐόρϐοροι
3515 642 3708 711 χοὶ]οοῖ
3758 619 3906 688 κατᾶ

508 735 740 802 Christi,
764 733 1158 804 omniumque
1187 737 1556 802 sanctorum,
1604 731 1810 787 fenum
1842 734 1900 786 et
1945 733 2095 784 stcrc

2318 734 2385 778 ῶν
2462 734 2835 799 προσκυνητῶν
2888 731 2979 780 καὶ
3015 728 3159 800 ἱερῶν
3215 728 3573 801 χαρακτήρων
3622 730 3720 777 τοῦ
3760 731 3904 797 Χρι-

506 838 783 880 evomere
817 821 925 893 (sic
967 821 1128 876 enim
1176 820 1365 893 impia
1415 826 1474 878 et
1526 820 1885 893 blasphema
1932 817 2093 874 illoru

2318 823 2416 868 ’τοῦ
2459 820 2549 867 καὶ
2609 824 2709 867 τῶν
2791 814 2952 887 ἁγίων
3027 817 3229 867 πάντων
3291 817 3485 888 κόπρια
3551 814 3905 866 ἐναποπτῦειν

505 912 664 970 dicta
693 910 911 985 apello,
946 915 1084 966 sunt
1108 915 1309 966 autem
1342 910 1462 980 isti,
1492 911 1600 983 qui
1646 909 1832 980 vulgo
1877 911 2092 978 Bogom

2322 906 2445 958 οὕτω
2499 906 2601 978 γὰρ
2655 903 2755 977 ἕσγὼ
2794 903 2934 957 καλῶ
2983 906 3049 957 τὰ
3100 903 3300 956 ἐκείνων
3340 901 3637 976 βλάσφημα
3678 904 3909 978 ῥήματα

508 1006 825 1070 vocantur,
865 999 1162 1056 verissimi
1204 999 1544 1056 Antichristi
1583 998 1882 1072 discipuli,
1928 1002 1986 1054 et
2036 1012 2095 1070 pi

2326 995 2434 1046 ὗτοι
2473 991 2534 1046 δέ
2590 993 2720 1047 εἰσιν
2761 996 2810 1046 οἱ
2847 1001 2934 1046 νῦν
2967 992 3239 1066 Βογόμιλοι
3286 991 3611 1065 κεκλημένοι,
3676 994 3729 1044 οἱ
3776 995 3913 1063 γνή-

517 1092 722 1148 ditoris
749 1089 915 1146 Iudae
945 1088 1386 1162 condiscipuli),
1439 1089 1575 1145 ideo
1615 1089 1693 1144 ad
1747 1088 1913 1160 ipsos
1964 1086 2104 1143 orati

2323 1104 2398 1136 ἰοι
2452 1085 2686 1156 μαθηταὶ
2742 1090 2834 1135 τοῦ
2886 1083 3281 1158 Ἀντιχρίστου,
3343 1086 3433 1134 καὶ
3483 1088 3575 1133 τοῦ
3628 1077 3910 1155 προδότου

508 1196 648 1236 nem
683 1182 1050 1235 convertam.
1111 1178 1339 1233 Etenim
1381 1193 1503 1235 non
1522 1192 1661 1233 raro
1690 1176 1806 1233 illis
1854 1177 1915 1232 in
1963 1175 2095 1231 facit

2334 1170 2468 1225 ούδα
2525 1174 2908 1244 συμμαθηταίν
2961 1175 3087 1244 πρὸς
3134 1171 3323 1233 αὐτούς
3347 1174 3405 1224 τό
3426 1175 3514 1223 τόῦ
3542 1169 3707 1242 λόγου
3736 1174 3914 1243 πρόσ-

512 1268 716 1335 restiti,
739 1266 1100 1339 illorumque
1116 1266 1497 1338 impudentes
1517 1265 1719 1321 vultus
1739 1263 2004 1330 confudi,
2035 1280 2099 1318 su

2327 1281 2428 1314 ,πον
2498 1260 2671 1336 τρέψω
2705 1282 2717 1294 ο
2772 1266 2856 1313 καὶ
2919 1263 3020 1334 ’γὰρ
3080 1261 3256 1323 αὐτοῖς
3461 1259 3710 1321 πόλλοίκις
3766 1263 3914 1312 κατά

513 1357 665 1413 sidio
697 1356 928 1423 Christi,
961 1356 1066 1427 qui
1115 1356 1194 1411 ab
1252 1356 1366 1411 illis
1416 1356 1636 1426 injuria
1690 1358 1749 1411 et
1804 1353 2100 1410 contumel

2330 1355 2566 1423 ρόσωπον
2593 1349 2863 1419 ἀντέστην,
2911 1354 2999 1402 καὶ
3034 1352 3100 1403 τὰ
3137 1352 3302 1421 μιαρά
3330 1350 3525 1401 τούτων
3575 1354 3917 1421 κατῄσχυνα

516 1445 789 1502 atﬁcitur.
824 1444 1091 1501 Paucula
1121 1460 1265 1499 vero
1296 1444 1579 1516 quaedam
1656 1460 1726 1500 ex
1777 1442 2101 1515 disputatio

2324 1445 2570 1513 ρόσωπα,
2644 1444 2915 1513 σννεργεία
2971 1447 3062 1492 τοῦ
3126 1439 3246 1511 παρ’
3312 1437 3479 1489 αὐτῶν
3550 1437 3911 1513 ὑϐριζομένου

516 1534 617 1590 illa
656 1533 872 1589 sclecta
898 1537 957 1588 et
984 1532 1420 1601 delibata,cum
1448 1538 1650 1588 vestra
1680 1532 1860 1588 etiam
1899 1531 2103 1587 charitz

2327 1534 2548 1599 ζριστοῦ.
2592 1526 2777 1598 Ὀλίγα
2798 1523 2858 1580 δέ
2895 1548 3012 1580 τινα
3042 1535 3134 1588 τῆς
3165 1532 3280 1580 τότε
3312 1523 3584 1589 διαῆξεως
3634 1525 3914 1599 ἀποτεμό-

521 1622 1008 1688 communicabo,
1034 1626 1099 1676 ut
1118 1621 1357 1690 cognita
1386 1621 1624 1677 illorum
1656 1636 1874 1687 errore,
1936 1619 2108 1676 fraud

2327 1636 2445 1677 ιενος
2464 1622 2553 1669 καὶ
2582 1620 2713 1689 πρὸς
2735 1621 2828 1675 τὴν
2878 1617 3125 1689 ὑμετέραν
3194 1616 3401 1688 ἀγάπην
3452 1616 3571 1689 ἐρῶ,
3623 1619 3694 1677 ὡς
3735 1618 3800 1667 ἄν
3861 1615 3914 1667 ἐν

520 1711 697 1767 lentis
714 1710 914 1766 verbis
930 1711 1246 1766 inscientes
1265 1726 1388 1766 non
1410 1710 1989 1767 circumveniamini.
2024 1710 2107 1763 Mu

2327 1702 2504 1764 ἰὸήσει
2550 1713 2645 1767 τῆς
2691 1705 2885 1767 πλάνης
2944 1704 3143 1758 ἐκείνων
3213 1710 3371 1776 ὄντες,
3424 1712 3495 1780 μὴ
3550 1704 3750 1763 λάθητε
3798 1713 3914 1766 τοῖς

525 1799 686 1856 enim
716 1814 877 1855 nunc
907 1799 1301 1865 circumeunt,
1330 1800 1514 1871 inque
1571 1799 1789 1856 domos
1847 1814 1976 1855 sese
2033 1798 2112 1854 in:

2327 1794 2581 1856 επατηλοῖς
2628 1796 2835 1869 ῥήμασι
2890 1798 3083 1848 τούτων
3142 1793 3194 1858 ἐξ
3254 1794 3463 1868 ἀγνοίας
3509 1798 3914 1871 περιπαρέντες.

524 1893 735 1954 nuant,
764 1888 824 1944 in
852 1889 1109 1944 tenebris
1138 1888 1538 1959 ambulantes,
1592 1895 1651 1946 et
1698 1890 1934 1962 pietatis
1986 1903 2111 1961 spei

2331 1883 2484 1937 [ολλοὶ
2521 1886 2623 1956 γὰρ
2657 1882 2845 1958 ἀρτίως
2878 1891 3249 1959 περιπατοῦσι,
3297 1890 3387 1938 καὶ
3425 1887 3515 1945 τὰς
3564 1883 3738 1945 οἰκίας
3794 1884 3918 1936 εἰσ-

524 1978 748 2034 multos
779 1978 957 2033 simul
983 1978 1308 2051 abripiunt.
1335 1981 1483 2036 Nam
1505 1995 1643 2035 cum
1673 1981 1793 2036 sint
1828 1979 2111 2035 tenebrici

2338 1976 2549 2025 ύνουσιν
2580 1971 2627 2024 ἐν
2676 1978 2853 2025 σκότει
2894 1969 3342 2047 διαπορευόμενοι,
3372 1978 3462 2025 καὶ
3520 1978 3775 2046 σχήματι
3835 1972 3922 2024 εῦ-

529 2066 771 2135 diaboli,
809 2066 1237 2138 transﬁgurant
1266 2083 1394 2124 sese
1424 2067 1485 2124 in
1516 2068 1762 2139 angelos
1802 2068 1974 2125 lucis.

2333 2061 2509 2124 αϐείας
2546 2061 2763 2124 πολλοὺς
2815 2062 3252 2132 σνναρπάζονσι·
3308 2066 3744 2137 σκοτεινόμορφοι
3808 2064 3918 2136 γὰρ

2304 2152 2438 2212 ὄντες
2491 2147 2728 2204 διάϐολοι
2772 2151 2838 2211 εἰς
2889 2149 3135 2223 ἀγγέλους
3187 2154 3349 2224 φωτός
3402 2151 3929 2225 μετασχηματίζον-

2305 2260 2412 2296 ται.

600 2334 853 2402 Rogavit
880 2348 978 2389 me
1003 2332 1252 2404 quidam
1282 2348 1357 2388 ex
1390 2330 1828 2387 diabolicorum
1866 2333 2171 2401 Bogomilo

2380 2330 2648 2404 ἸΙρώτησέ
2712 2333 2776 2402 μέ
2830 2350 2906 2391 τις
2962 2338 3059 2382 τῶν
3128 2327 3645 2404 δαιμονοπροσώπων
3714 2332 3926 2381 τούτων

527 2439 664 2479 rum
685 2438 937 2478 numero
972 2440 984 2476 :
1027 2424 1239 2490 Quare,
1271 2421 1484 2492 inquit,
1526 2420 1791 2476 adoratis
1828 2421 2112 2492 parietes,

2343 2418 2626 2491 ιογομίλων,
2672 2421 2767 2471 Διά
2820 2424 2892 2483 τί,
2943 2424 3094 2492 φησὶ,
3136 2426 3476 2495 προσκυνεῖτε
3529 2422 3778 2490 τοίχους,
3833 2418 3930 2466 καί

530 2526 782 2578 asseres,
815 2517 870 2567 et
896 2511 1143 2577 calcem,
1177 2515 1234 2566 et
1270 2510 1539 2566 diversos
1597 2510 1856 2566 colores?
1908 2512 2004 2566 llis
2060 2528 2117 2568 νε

2339 2505 2557 2577 ἀνίδας,
2581 2512 2670 2560 καὶ
2692 2507 2969 2573 ἄσϐεστον,
3010 2514 3098 2561 καὶ
3135 2504 3365 2583 διάφορα
3399 2513 3705 2580 χρώματα;
3750 2511 3926 2558 Τοῦτο

530 2607 740 2657 sacras
768 2600 1063 2669 imagines
1078 2599 1253 2655 tacite
1275 2598 1675 2668 signiﬁcabat.
1700 2599 1789 2654 Ad
1820 2616 2005 2672 quem
2058 2616 2117 2671 eg

2338 2596 2373 2650 is'
2402 2596 2533 2650 οὕτω
2565 2596 2721 2668 λέγων
2751 2599 2844 2659 τὰς
2906 2596 3054 2669 ἁγίας
3110 2597 3305 2658 εἰκόνας
3357 2597 3610 2669 ᾐνίττετο.
3668 2599 3779 2648 Καὶ
3829 2592 3925 2645 aa

539 2689 797 2755 Quando
815 2688 1010 2744 vidisti
1033 2689 1297 2761 aliquem
1330 2688 1602 2744 Ecclesiae
1628 2693 1852 2745 nostra;
1886 2689 2126 2747 alumna

2339 2690 2445 2760 πρὸς
2476 2690 2672 2738 αὐτόν·
2706 2691 2839 2739 Πότε
2901 2683 2960 2739 δὲ
3008 2684 3142 2748 εἶδές
3193 2706 3311 2739 τινα
3358 2695 3458 2739 τῶν
3512 2695 3608 2747 τῆς
3659 2687 3926 2758 ἡμετέρας

537 2778 617 2835 ad
636 2778 932 2848 fornaces,
958 2777 1063 2833 ubi
1090 2776 1224 2832 calx
1260 2781 1347 2833 est
1374 2777 1468 2833 vel
1505 2777 1583 2833 ad
1606 2778 1844 2849 rudera,
1898 2778 2006 2835 ubi
2057 2779 2124 2851 laj

2341 2774 2626 2836 Εκκλησίας
2676 2781 2934 2849 τροφίμων
3000 2775 3084 2828 ἐπὶ
3143 2779 3233 2837 τὰς
3310 2779 3563 2847 καμίνους
3631 2779 3928 2847 πορευόμε-

540 2867 686 2922 dum
727 2866 952 2922 cumuli
987 2866 1273 2933 visuntur,
1315 2867 1408 2921 vel
1443 2866 1519 2921 ad
1570 2866 1866 2933 ofﬁcinas,
1935 2869 2038 2923 ubi
2068 2885 2127 2924 νε

2343 2883 2418 2933 ον,
2446 2866 2633 2922 ὄπουή
2705 2863 2982 2931 ἄσϐεστος,
3017 2866 3047 2923 ἡ
3113 2864 3196 2917 ἐπί
3258 2863 3480 2938 ἐρείπια,
3515 2866 3644 2916 ὅπου
3702 2865 3762 2914 αὶ
3822 2870 3924 2913 τῶν

540 2956 765 3011 duntur
778 2955 1026 3022 colores,
1056 2969 1402 3027 properare,
1425 2960 1481 3011 et
1494 2956 1607 3011 ista
1627 2955 1881 3011 adorare
1900 2961 1960 3012 et
1976 2956 2127 3013 coler

2338 2956 2464 3006 ίθων
2534 2961 2767 3028 σωρείαι,
2839 2954 2868 3012 ἡ
2945 2957 3029 3006 ἐπὶ
3095 2956 3159 3006 τὰ
3246 2963 3344 3025 τῷν
3417 2956 3717 3027 χρωμάτων
3804 2972 3925 3004 πω-

546 3045 603 3101 Si
631 3045 787 3100 enim
810 3043 1116 3117 lapidibus
1148 3050 1202 3100 et
1256 3044 1556 3100 coloribus
1606 3044 1833 3100 cultum
1897 3046 2133 3102 exhibet

2340 3047 2553 3117 ητήρια,
2611 3047 2702 3093 καὶ
2777 3051 3136 3117 προσννοῦντα
3182 3050 3348 3096 ταῦτα
3399 3050 3487 3095 καὶ
3557 3041 3817 3109 σέϐοντας
3868 3046 3926 3093 Ei

545 3150 703 3203 mus,
755 3149 1004 3190 necesse
1053 3139 1209 3191 esset
1269 3139 1334 3190 ut
1391 3134 1738 3207 ubicunque
1775 3135 2044 3208 lapidem
2110 3153 2132 3190 η

2335 3134 2411 3206 γὰρ
2440 3138 2549 3192 τοῖς
2599 3129 2759 3191 λίθοις
2814 3135 2900 3183 καὶ
2926 3139 3033 3193 τοῖς
3062 3137 3320 3204 χρώμασι
3349 3135 3407 3183 τό
3460 3128 3614 3192 σέϐας
3653 3129 3922 3203 ἐνέμομεν,

547 3237 810 3279 asserem
832 3224 1343 3293 conspiceremus,
1369 3238 1440 3278 ea
1471 3222 1886 3278 adoraremus.
1922 3226 1995 3278 At
2026 3223 2134 3279 lon

2334 3222 2569 3291 ὶνάγκηο,
2603 3223 2813 3292 ἔχομεν,
2838 3222 2958 3273 ἔνθα
2995 3221 3055 3272 οἷν
3110 3217 3315 3294 εἷδομεν
3368 3221 3397 3279 ἣ
3443 3220 3585 3272 λίθον
3611 3223 3641 3278 ἥ
3698 3216 3921 3279 σανίδα,

550 3311 718 3368 aliter
746 3328 809 3367 se
833 3328 929 3366 res
959 3312 1159 3367 habet.
1186 3314 1387 3383 Neque
1419 3318 1480 3367 tu
1520 3312 1911 3382 quantumvis
1931 3313 2135 3369 inimic

2340 3316 2624 3384 προσκυνεῖν
2646 3309 2796 3363 αὐτά.
2830 3317 2935 3362 Νῦν
2981 3306 3041 3362 δὲ
3092 3318 3244 3362 τοῦτο
3295 3314 3386 3381 μέν
3442 3309 3537 3361 οὐκ
3583 3312 3745 3376 ἔστιν,
3802 3305 3927 3362 οὐδὲ

550 3400 835 3461 veritatis,
855 3399 918 3454 id
946 3399 1248 3456 afﬁrmare
1270 3401 1453 3455 ausis.
1483 3400 1717 3457 Cultum
1754 3402 1913 3457 enim
1965 3403 2137 3458 cxhih

2337 3402 2387 3450 τῦ
2462 3402 2488 3450 ὁ
2553 3406 2648 3459 τῆς
2695 3398 2938 3459 ἀληθείας
2980 3397 3171 3475 ἐχθρός
3217 3398 3493 3470 τολμήσεις
3535 3407 3690 3451 τοῦτο
3737 3404 3924 3463 εἰπεῖν,

554 3504 693 3545 mus
717 3504 841 3544 non
869 3487 1213 3559 simpliciter
1236 3489 1525 3557 materiae,
1549 3491 1654 3545 sed
1675 3490 1747 3555 ei,
1793 3506 1931 3563 quae
1984 3492 2044 3546 in
2087 3508 2141 3547 m

2343 3489 2651 3561 ιππνέμομεν
2685 3486 2743 3542 δὲ
2795 3493 2851 3542 τό
2889 3488 3044 3551 σέϐας
3074 3490 3179 3561 οὐχ
3209 3490 3377 3551 ἁπλῶς
3411 3498 3522 3551 ταῖς
3574 3490 3743 3556 ὕλαις,
3802 3489 3930 3542 ἀλλά

556 3578 718 3636 teriis
748 3577 1044 3645 elucescit,
1077 3576 1283 3646 ﬁgurae
1317 3595 1331 3643 ;
1363 3593 1559 3649 neque
1612 3578 1777 3635 omni
1829 3579 2058 3651 ﬁgurae,
2108 3597 2143 3635 si

2337 3586 2383 3651 ζῇ
2439 3577 2778 3652 ἐμφαινομένῃ
2842 3587 2955 3640 ταῖς
3024 3579 3170 3641 ὕλαις
3226 3587 3422 3652 μορφῇ,
3480 3584 3571 3631 καὶ
3626 3579 3686 3631 οὐ
3775 3583 3924 3650 πάσῃ

558 3667 790 3729 Christi,
820 3666 1170 3722 castissimae
1203 3666 1302 3721 Dei
1330 3667 1544 3733 Matris,
1568 3666 1945 3740 aliorumque
1976 3675 2145 3726 sanct

2341 3676 2514 3740 ιορφῇ,
2546 3666 2673 3719 ἀλλὰ
2717 3675 2779 3740 τῇ
2839 3676 2932 3720 τοῦ
2989 3676 3240 3742 Χριστοῦ,
3292 3675 3384 3728 τῆς
3433 3669 3727 3740 ὑπεράγνου
3794 3677 3928 3722 Θεο-

556 3774 713 3814 rum.
745 3760 893 3813 Nam
922 3756 1117 3811 honor
1152 3756 1432 3825 imaginis
1461 3757 1673 3813 transit
1697 3757 1775 3813 ad
1801 3764 2143 3831 prototypui

2342 3761 2560 3829 ιὴτορος,
2594 3761 2811 3809 καὶτῶν
2840 3756 3004 3809 ἄλλων
3035 3757 3212 3828 ἁγίων.
3240 3756 3297 3809 '[l
3356 3760 3459 3831 γὰρ
3512 3762 3636 3829 τιμὴ
3694 3758 3799 3819 τῆς
3864 3757 3929 3809 εὶ-

560 3851 627 3905 Et
652 3848 800 3904 forte
829 3846 1076 3918 quidem
1132 3846 1409 3902 historice
1462 3847 1723 3902 Christus
1753 3864 2072 3920 expressus
2126 3865 2147 3905 ε

2342 3851 2462 3908 ιόνος
2522 3846 2604 3898 ἐπὶ
2650 3850 2707 3900 τό
2751 3851 3087 3921 πρωτότοκον
3151 3844 3431 3899 διαϐαίνει.
3486 3851 3588 3899 Καὶ
3642 3849 3929 3920 ἱστόρηται

556 3937 648 3993 vel
678 3938 738 3992 in
768 3937 880 3992 hac
911 3936 1137 3999 tabula,
1185 3934 1280 3991 vel
1313 3936 1373 3991 in
1439 3936 1682 4007 pariete,
1751 3938 1912 3992 cruci
1973 3938 2143 3994 aiﬁxr

2341 3939 2409 3989 ιεν
2440 3937 2465 3988 ό
2489 3939 2720 4008 Χριστός
2747 3940 2914 4007 τυχόν
2969 3935 3053 3988 ἐπὶ
3099 3945 3191 3998 τῆς
3249 3933 3462 3997 σανίδος
3501 3938 3716 4001 ταύτης,
3778 3936 3810 3994 ἦ
3848 3934 3928 3987 ἐπὶ

554 4028 782 4084 nudus.
813 4030 1020 4081 Astant
1068 4032 1267 4081 autem
1320 4025 1507 4081 Judaei
1559 4026 1931 4097 porrigentes
1978 4034 2141 4085 acetu

2336 4033 2411 4077 τοῦ
2462 4030 2671 4097 τοίχου,
2758 4023 2841 4076 ἐπὶ
2890 4026 2983 4077 τοῦ
3051 4033 3276 4097 σταυροῦ
3335 4023 3631 4097 ἡπλωμένος
3686 4030 3923 4096 γυμνός·

555 4134 694 4173 cum
734 4116 864 4171 felle
904 4115 1061 4170 latus
1120 4115 1431 4183 fodientes,
1492 4114 1831 4188 Pilatusque
1889 4117 1950 4171 in
1999 4118 2142 4173 thr01

2339 4109 2574 4167 Ιονδαῖοι
2607 4110 2664 4166 δέ
2685 4118 3038 4185 παρίστανται
3068 4115 3366 4174 ποτιζοντες
3397 4113 3510 4175 ὅξος
3538 4116 3672 4185 μετά
3729 4113 3925 4184 χολῆς,

555 4205 898 4272 considens,
958 4204 1376 4259 assistentibus
1423 4204 1475 4258 ei
1529 4204 1731 4260 multis
1801 4205 2142 4262 satellitibus

2341 4207 2407 4261 ’ἠν
2441 4202 2664 4277 πλευρὰν
2698 4211 2984 4264 κεντοῦντες
3041 4202 3200 4254 αὐτοῦ
3229 4224 3242 4235 ·
3291 4204 3316 4254 ό
3373 4201 3594 4263 Πιλᾶτος
3635 4203 3928 4272 καθήμενος

555 4296 761 4352 omnia
789 4294 1048 4349 haecillis
1099 4294 1159 4348 in
1217 4294 1520 4349 coloribus
1571 4300 1627 4349 et
1688 4294 1949 4350 historiis
1990 4312 2142 4369 repri

2335 4291 2402 4344 Ξπὶ
2449 4294 2650 4365 θρόνον,
2704 4297 3103 4365 παρισταμένων
3155 4291 3294 4361 αὐτῷ
3341 4289 3539 4343 πολλῶν
3589 4286 3922 4365 δορυφόρων.

555 4388 883 4439 sentantur.
912 4387 982 4437 At
1009 4397 1138 4447 nos,
1170 4382 1375 4437 relicto
1417 4397 1508 4449 eo,
1540 4383 1645 4453 qui
1677 4382 1843 4439 sedet
1874 4384 1930 4438 in
1972 4385 2142 4440 thron

2336 4387 2491 4432 Γαῦτα
2520 4383 2690 4432 πάντα
2721 4381 2769 4431 ἐν
2799 4384 3054 4453 χρώμασι
3086 4384 3173 4432 καὶ
3201 4379 3248 4431 ἐν
3302 4382 3583 4453 ἱστορίαις.
3638 4384 3741 4431 Καὶ
3775 4381 3923 4450 ἡμεῖς

553 4472 772 4529 relictis
801 4471 1145 4527 illusoribus
1170 4471 1415 4536 Judaeis,
1457 4472 1870 4543 militibusque
1914 4475 2140 4529 Christu

2335 4469 2518 4541 ἐφέντες
2565 4472 2649 4521 τόν
2698 4471 2987 4539 καθήμενον
3032 4468 3113 4521 ἐπὶ
3146 4471 3348 4541 θρόνου,
3398 4472 3519 4530 τοὺς
3551 4466 3922 4540 ξέμπαίζοντας

553 4559 1034 4624 vulnerantibus,
1068 4574 1227 4627 eum,
1280 4560 1383 4631 qui
1422 4559 1622 4614 nudus
1648 4560 1710 4615 in
1773 4577 1946 4616 cruce
1988 4565 2140 4634 pend

2336 4555 2628 4626 Ιονὸαίονς,
2661 4562 2781 4619 τοὺς
2810 4563 3191 4633 τιτρώσκοντας
3224 4554 3566 4632 δορυφόρους,
3600 4561 3691 4609 τόν
3718 4556 3807 4609 ἐπὶ
3832 4562 3917 4609 τοῦ

553 4654 611 4706 et
641 4649 720 4706 ab
749 4649 894 4722 ipsis
924 4647 1207 4713 illuditur,
1237 4648 1564 4704 adoramus
1602 4654 1659 4703 et
1706 4649 2060 4707 salutamus.
2111 4655 2140 4707 Η

2331 4654 2543 4721 τταυροῦ
2590 4650 2906 4721 κρεμάμενον
2970 4651 3165 4720 γυμνόν
3227 4651 3318 4699 καὶ
3365 4646 3474 4698 ὑπ”
3517 4646 3684 4698 αὐτῶν
3738 4644 3918 4718 ἔμπαι-

554 4744 697 4795 sunt
738 4738 968 4795 colores
1035 4742 1092 4792 et
1150 4737 1229 4792 ibi
1268 4736 1496 4792 colores
1551 4756 1564 4792 :
1612 4736 1709 4794 hic
1764 4738 1976 4808 ﬁgurae
2033 4741 2141 4797 eti

2332 4741 2525 4808 ζόμενον
2599 4744 2988 4809 προσκυνοῦμεν
3069 4742 3157 4788 καὶ
3244 4736 3607 4808 ἀσπαζόμεθα.
3664 4736 3919 4789 Ἐνταῦθα

549 4830 779 4900 ﬁgurae.
804 4830 997 4895 Quare
1018 4826 1194 4896 igitur
1230 4827 1360 4882 illas
1392 4826 1634 4898 quidem
1659 4827 1897 4884 odimus
1932 4834 1987 4885 ct
2036 4846 2136 4886 ave

2332 4832 2593 4899 ίρώματα,
2646 4824 2799 4878 κάκεῖ
2869 4831 3149 4899 χρώματα,
3225 4824 3446 4877 ἐνταῦθα
3506 4829 3728 4898 μορφαί,
3775 4824 3919 4876 κάοιεί

550 4934 780 4986 samur,
807 4918 919 4973 has
938 4932 1075 4973 vero
1106 4914 1523 4988 amplectimur
1552 4921 1609 4972 et
1637 4918 1989 4974 osculamur
2018 4919 2046 4973 ‘?
2077 4920 2137 4985 Qu

2331 4921 2530 4988 ιορφαί,
2566 4918 2661 4968 Διὰ
2710 4921 2762 4967 τί
2787 4922 2912 4983 γοῦν
2944 4918 3036 4976 τὰς
3077 4918 3167 4986 μεν
3216 4922 3469 4986 μισοῦμεν
3508 4918 3600 4965 καί
3661 4912 3918 4987 ἀποστρε-

548 5008 623 5064 de
651 5024 838 5065 causa
856 5008 884 5062 ‘.’
2312 5008 2526 5077 φόμεθα,
2571 5008 2664 5068 τὰς
2709 5002 2769 5057 δί
2826 5004 3104 5076 ἀγαπῶμεν
3125 5008 3215 5056 καὶ
3259 5001 3643 5075 ἀσπαζόμεθας
3671 5005 3771 5055 Διὰ
3826 5007 3911 5067 τίς

614 5102 736 5167 Ego
752 5097 855 5153 tibi
870 5095 1213 5168 explicabo:
1232 5094 1463 5152 Scimus
1478 5111 1705 5159 eorum,
1726 5112 1990 5168 quorum
2005 5100 2201 5167 proto-

2382 5095 2512 5166 Ἐγὼ
2536 5115 2619 5147 σοι
2643 5093 2758 5169 ἐρῶ.
2786 5090 3040 5165 Οἴδαμεν,
3064 5095 3143 5145 ὅτι
3175 5090 3242 5143 ὧν
3268 5094 3332 5145 τὰ
3384 5094 3710 5166 πρωτότυπα
3772 5092 3914 5163 air/ta,

540 5191 690 5259 typa
701 5192 755 5242 et
769 5184 1134 5257 exemplaria
1147 5191 1355 5240 sancta
1369 5190 1769 5249 sunt,sanctas
1784 5184 1987 5239 itidem
2003 5184 2127 5250 ima;

2327 5188 2396 5235 ιαί
2434 5185 2501 5235 τὰ
2553 5183 2895 5254 εἰκονίσματα
2924 5181 3050 5251 ἅγια
3073 5202 3085 5215 ο
3119 5182 3188 5233 ὧν
3219 5177 3279 5234 δὲ
3316 5183 3382 5232 τὰ
3421 5186 3747 5254 πρωτότυπει
3796 5200 3914 5254 μια-

536 5291 646 5331 nes
661 5291 811 5331 esse.
829 5277 1094 5340 Quorum
1117 5290 1257 5329 vero
1279 5278 1602 5345 prototypa
1622 5273 2015 5329 cxsecrabiiia
2038 5290 2123 5328 ειη

2326 5275 2387 5342 μὰ,
2443 5277 2534 5324 καί
2579 5275 2646 5324 τα
2684 5272 3024 5343 εἰκονίσματα
3064 5272 3249 5343 μιαρά.
3294 5268 3451 5321 Πάλιν
3483 5265 3572 5321 οὖν
3607 5267 3787 5344 ἐρωτῶ
3836 5285 3913 5321 σε·

536 5361 1800 5431 eorumitidemimaginesdetestandasessc.
1822 5361 2039 5416 lterum
2054 5377 2123 5425 eri

2331 5365 2391 5413 ai
2426 5360 2579 5413 πάλιν
2618 5380 2707 5433 μοι
2749 5358 3081 5432 ἀποκρίθητι.
3131 5363 3236 5417 Τὴν
3296 5356 3483 5431 βίϐλον
3528 5367 3629 5410 τῶν
3697 5358 3918 5429 Eius/75-

530 5450 913 5519 interrogabo
942 5457 1017 5519 te,
1043 5455 1105 5507 tu
1131 5452 1339 5507 iterum
1378 5450 1693 5525 responde.
1741 5450 1977 5506 Librum
2011 5453 2117 5506 Eva

2330 5455 2434 5502 tiara
2466 5448 2618 5521 ἁγίαν
2667 5449 2793 5501 εἰναι
2820 5447 3004 5519 λέγεις,
3054 5453 3145 5500 καί
3178 5446 3301 5521 σέϐῃ
3353 5449 3548 5504 ταύτην
3594 5448 3666 5508 ὡς
3725 5448 3917 5505 θησαυε

531 5542 821 5614 geliorum
852 5544 1124 5595 sanctum
1160 5556 1290 5595 esse
1312 5539 1629 5605 conﬁteris,
1671 5554 1953 5611 eumque,
1990 5544 2051 5596 ut
2074 5540 2118 5596 tl

2326 5543 2387 5593 is?
2417 5547 2516 5591 τῶν
2566 5537 2805 5607 αἰωνίων,
2850 5536 3078 5609 ἀγαθῶν,
3114 5537 3142 5596 ἦ
3195 5541 3284 5589 καί
3324 5537 3520 5594 ταύτην
3572 5534 3913 5610 ἀποστρέφειὶ

528 5647 776 5691 saurum
809 5634 1170 5688 aeternorum
1209 5629 1512 5687 bonarum
1560 5628 1724 5696 colis,
1783 5645 1861 5686 an
1929 5634 1984 5687 et
2023 5629 2115 5687 11η]

2321 5633 2383 5682 ηαί
2435 5626 2483 5681 ἐν
2534 5635 2641 5689 τοῖς
2686 5626 2890 5700 ἀτίμοις
2940 5630 3175 5697 τάττεις;
3236 5626 3394 5698 Οῦγί,
3471 5630 3652 5698 φησίν,
3711 5627 3908 5699 ἄτιμον³
