4020 6310
166 382 262 438 οδε
1579 379 1671 436 ns
1705 373 2130 454 IuAGINisus.

3429 402 3534 456 666

168 502 295 558 ἀλλὰ
318 504 511 570 πολλῆς
541 506 693 572 ἀξίαν
715 516 873 584 τιμῆς
898 514 1095 570 ταύτην
1124 510 1407 585 ἠγοῦμενος
1458 512 1549 563 καὶ
1611 521 1773 578 προσ-

1883 507 2200 596 aversaris,
2221 516 2278 570 et
2291 512 2518 574 honore
2532 516 2853 590 indignum
2886 517 3058 578 ducis
3072 521 3101 580 ‘I
3119 522 3531 596 Nequaquam,

164 604 303 648 κυνῶ
332 600 426 649 καὶ
453 595 787 672 ἀπάξομαι.
837 606 1002 655 Τοῦτο
1058 600 1222 662 καλῶς
1274 602 1443 663 εἴπας-
1485 597 1640 652 Ἐστι
1671 595 1772 667 γάρ

164 682 372 747 ἀληθῶς
419 691 510 740 καὶ
567 690 882 762 τιμιωτάτη,
966 695 1055 744 καὶ
1109 690 1400 764 ἁγιωτάτη,
1450 693 1541 742 καὶ
1596 683 1777 758 βίϐλος

163 777 324 837 ἅιντιιιις
354 775 496 838 ζωῆς
526 772 562 830 δ
566 778 962 841 ιαιωνιζούσης.
997 776 1137 835 Ἰδού
1168 777 1255 834 οὖν
1284 777 1337 833 ἐκ
1366 786 1459 833 τοῦ
1520 775 1776 848 στόματὸς

166 881 263 915 σου
320 867 712 941 κατακριθήση,
770 868 1036 942 Βογόμιλε.
1089 872 1215 925 Είπὶ
1257 874 1449 939 τοὶνυν,
1510 867 1541 925 ἡ
1599 861 1776 938 βίδλος

166 953 303 1023 αὕτη
338 954 436 1006 οὐκ
483 953 585 1009 ἀπὸ
619 952 846 1011 σανίδων
901 961 1212 1031 ari/xum;
1270 959 1364 1011 οὐχ
1418 956 1518 1011 ἀπὸ
1578 951 1775 1029 δερμά-

164 1059 307 1108 τωνς
338 1043 436 1095 οὐκ
466 1043 568 1097 ἀπὸ
614 1049 855 1119 νημάτων
916 1056 1013 1101 τῶν
1044 1051 1109 1101 τά
1165 1045 1402 1125 δὶρματα
1464 1061 1776 1118 συσφιγίθν·

164 1149 290 1197 των;
325 1132 423 1185 οὐκ
474 1135 578 1187 δι’πὸ
627 1134 842 1209 μέλανος
898 1142 988 1189 καὶ
1027 1136 1211 1213 ἑτέρων
1253 1136 1500 1197 πολλάκις
1555 1132 1776 1208 χρωμα-

162 1239 263 1272 των
288 1237 303 1287 3
333 1221 453 1298 Ἀρ⁹
517 1224 605 1277 οὖν
632 1229 724 1277 καὶ
792 1229 857 1279 σὺ
897 1230 956 1279 τὸ
1024 1224 1226 1301 βιϐλίον
1283 1235 1383 1279 τῶν
1449 1222 1774 1296 Εὐαγγιλίων

164 1319 479 1383 προσκυνῶν
509 1317 599 1365 καὶ
658 1312 1039 1387 ἀσπαζόμενος,
1097 1320 1192 1379 τὰς
1258 1312 1500 1382 σανιδας,
1566 1316 1657 1365 καὶ
1713 1313 1771 1363 τό

164 1400 349 1469 μέλαν,
409 1405 498 1453 καὶ
548 1405 613 1455 τά
660 1398 899 1478 δερματα
948 1414 1260 1479 προσκυνεῖς
1310 1410 1399 1458 καὶ
1443 1403 1681 1475 ἀσπάζῃ,

165 1491 293 1551 τούς
331 1488 515 1561 λόγους
568 1499 661 1544 τοῦ
714 1499 848 1545 Θεοῦ
903 1498 1025 1557 τοὺς
1076 1497 1518 1570 ἓγγεγραμμένους
1569 1499 1630 1564 τῇ
1690 1488 1775 1564 βί⁶

166 1576 313 1649 Clay;
346 1585 475 1646 Ναὶ,
509 1586 663 1653 φησὶ,
721 1585 839 1644 τούς
896 1583 1084 1655 λόγους
1145 1589 1263 1647 τοὺς
1326 1582 1775 1656 ἐγγεγραμμένους

164 1675 229 1741 τῇ
278 1666 468 1741 βίϐλῳ.
531 1672 761 1723 Δύνασαι
813 1669 873 1725 δί
933 1671 1097 1735 ἄλλως
1152 1677 1274 1736 τοὺς
1329 1673 1510 1741 λόγους
1560 1673 1775 1732 τούτους

202 1765 346 1832 ραφῇ
400 1755 727 1834 παραδοῦναι
753 1765 845 1813 καὶ
878 1766 951 1824 εἰς
1004 1765 1295 1834 ἀνάγνωσιν
1342 1766 1514 1836 χωρίς
1559 1760 1774 1833 μελανος

1883 592 2103 693 inquis,
2152 599 2381 693 honore
2440 606 2779 680 indignum,
2838 610 2947 667 sed
2997 592 3260 683 plurimo
3303 592 3534 671 honore

1883 681 2138 755 dignum
2171 692 2538 765 existimans,
2570 714 2710 755 eum
2738 698 2925 757 adoro
2956 681 3015 757 et
3053 700 3310 759 osculor.
3359 705 3535 761 Recte

1883 771 2000 830 hoc
2029 775 2404 841 dixisti.Vere
2434 786 2594 844 enim
2623 787 2790 845 omni
2819 788 3201 847 veneratione
3230 789 3453 862 dignus
3478 796 3535 852 et

1886 864 2301 949 sanctissimus
2329 876 2436 941 est,
2468 890 2726 949 vereque
2754 875 2906 934 liber
2942 881 3178 934 aeternas
3206 879 3363 936 vite.
3389 880 3533 937 Vide

1885 947 2081 1021 igitur,
2110 970 2183 1012 ex
2208 973 2309 1015 ore
2336 964 2439 1018 tuo
2477 947 2998 1034 condemnaberis,
3045 966 3370 1039 Bogomile.
3429 967 3532 1025 Dic

1883 1053 2048 1111 ergo,
2078 1058 2280 1104 nonne
2303 1047 2454 1106 liber
2481 1051 2577 1109 hic
2605 1068 2678 1109 ex
2699 1053 3002 1111 asseribus
3024 1059 3377 1129 compactus
3395 1058 3534 1114 est?

1884 1130 2091 1188 Nonne
2119 1150 2190 1190 ex
2212 1137 2471 1209 pellibus
2501 1142 2530 1197 ?
2560 1144 2765 1199 Nonne
2793 1160 2868 1200 ex
2907 1143 3024 1202 ﬁlis
3097 1145 3284 1219 pelles
3316 1161 3531 1203 conne-

1883 1220 2180 1278 ctentibus
2206 1225 2233 1280 ?
2259 1228 2465 1285 Nonne
2495 1246 2568 1287 ex
2599 1236 2955 1301 atramento,
2989 1237 3045 1291 et
3075 1233 3208 1290 aliis
3249 1250 3373 1291 non
3393 1250 3532 1292 raro

1882 1306 2182 1367 coloribus
2216 1314 2244 1370 ‘I
2288 1319 2377 1371 An
2419 1316 2598 1388 igitur
2646 1325 2703 1377 et
2734 1326 2793 1376 tu
2821 1320 3044 1378 librum
3075 1322 3531 1394 Evangeliorum

1882 1396 2146 1455 adorans
2177 1408 2230 1459 et
2255 1403 2613 1464 deosculans
2643 1425 2871 1467 asseres
2920 1416 2979 1468 et
3014 1414 3421 1468 atramentum
3475 1416 3534 1469 et

1882 1486 2065 1559 pelles
2092 1491 2311 1551 adoras
2335 1502 2392 1553 et
2412 1499 2721 1567 oscularis,
2752 1516 2830 1557 an
2849 1501 3037 1559 verba
3094 1503 3192 1558 Dei
3245 1501 3402 1559 libro
3446 1498 3531 1558 illi

1882 1575 2168 1652 inscripta
2196 1583 2224 1638 ?
2254 1583 2420 1652 Vere,
2444 1587 2656 1661 inquit,
2686 1589 2873 1646 verba
2902 1591 3002 1646 Dei
3023 1590 3085 1646 in
3110 1590 3263 1647 libro
3288 1589 3529 1663 scripta.

1882 1669 1971 1722 An
2000 1675 2169 1740 potes
2197 1688 2340 1730 vero
2377 1675 2562 1734 verba
2592 1677 2694 1734 Dei
2727 1677 3004 1751 scribere,
3036 1682 3095 1736 et
3128 1682 3196 1735 ut
3233 1678 3353 1749 legi
3395 1693 3533 1752 pos-

1884 1754 2017 1823 sint,
2051 1757 2282 1816 efﬁcere
2324 1763 2555 1837 absque
2605 1771 2940 1825 atramento
2990 1772 3047 1825 et
3094 1767 3350 1825 charta?
3380 1770 3529 1833 Non,

167 1850 260 1896 καὶ
288 1847 498 1918 χάρτου
522 1865 536 1915 ἱ
568 1848 734 1921 Οὗχί,
767 1855 918 1923 φησί.
948 1856 1012 1904 Τί
1037 1846 1124 1903 οὖν
1164 1856 1343 1904 λοιπόν
1372 1854 1428 1903 τό
1482 1854 1773 1922 συναγόμε-

1884 1845 2091 1918 inquit.
2122 1848 2275 1915 Quid
2299 1851 2478 1922 igitur
2504 1854 2645 1912 hinc
2691 1856 3068 1913 concluditur
3095 1857 3123 1913 ‘I
3150 1854 3427 1914 Videlicet
3451 1853 3533 1912 ad

169 1950 295 2001 νον;
327 1934 448 1988 ὀτι
493 1941 626 2012 πρὸς
672 1943 768 1998 τήν
823 1949 924 1992 τῶν
967 1939 1311 2014 εὐαγγελικών
1356 1939 1602 2015 ῥημάτων
1655 1937 1773 1990 ἀνα-

169 2029 380 2097 γραῖοήν
428 2027 923 2102 παραλαμϐάνονται
952 2033 1018 2082 τὰ
1064 2027 1319 2104 δέρματα,
1350 2032 1409 2082 τὸ
1461 2027 1637 2102 μέλαν,
1684 2031 1775 2080 καὶ

170 2113 357 2166 τοῖλλα·
397 2119 456 2168 τό
488 2112 548 2169 δί
572 2124 857 2191 τιμώμενον
884 2123 934 2172 οἰ
991 2118 1136 2190 λόγοι
1209 2121 1312 2172 εἰσί
1346 2125 1435 2171 τοῦ
1503 2121 1697 2190 Κυρὶου
1728 2114 1776 2168 οἰ

168 2210 232 2276 τῇ
298 2201 469 2276 arma
519 2204 864 2281 ἀνάγραπτοι.
918 2207 1079 2263 ’Ὥστε
1126 2210 1170 2261 εἰ
1219 2228 1294 2269 τις
1332 2206 1604 2278 ἀπαλεὶψει
1658 2210 1777 2266 τοὺς

165 2291 380 2363 λόγους,
414 2294 767 2367 συναπήλειψι
805 2301 894 2349 καὶ
940 2301 1033 2356 τήν
1073 2306 1169 2358 τῆς
1226 2295 1411 2370 βίϐλου
1461 2300 1637 2368 τιμὴν,
1688 2300 1777 2347 καὶ

164 2385 225 2433 τό
270 2379 603 2455 harenatum
660 2383 950 2439 ἀσέϐαστον
1003 2390 1093 2439 καὶ
1150 2384 1564 2461 ἂπροσκύνητον.
1625 2386 1778 2436 Οὕτω

163 2488 259 2541 μοι
283 2473 498 2537 νόησον,
529 2474 753 2547 αἱρετικέ
782 2478 871 2526 καὶ
910 2472 1111 2545 ἀνόητε,
1171 2472 1301 2526 κάπὶ
1351 2481 1466 2535 ταῖς
1511 2470 1776 2543 τῶνάγίων

170 2561 492 2631 ζωγραφίαις
546 2561 773 2627 εἰκόνων,
807 2564 977 2616 ὅτιτὸ
1038 2567 1333 2636 τιμίομενον
1397 2566 1487 2614 καὶ
1546 2581 1775 2634 προσκυ-

164 2649 409 2719 νούμενον
439 2650 465 2700 ό
494 2655 778 2727 χαρακτήρ
841 2650 954 2705 ἐστι
1017 2657 1106 2705 καὶ
1166 2656 1226 2704 τό
1294 2652 1454 2725 ὄνομα
1520 2653 1619 2703 εἴτε
1682 2656 1775 2702 τοῦ

168 2743 428 2811 Χριστοῦ,
486 2742 583 2792 εἴτε
630 2748 725 2799 τῆν
781 2746 1060 2812 Θεοτόκου,
1112 2742 1213 2795 εἴτε
1262 2745 1393 2801 τινός
1438 2749 1539 2793 τῶν
1590 2739 1773 2812 ἁγίων.

169 2827 354 2879 Ταῦτα
381 2823 442 2879 δέ
480 2831 820 2901 μορφωθῆναι
876 2834 906 2889 ἤ
953 2840 1215 2905 γραφῆναι
1267 2827 1542 2896 ἀδύνατον,
1598 2833 1640 2881 εἰ
1698 2833 1770 2901 μὴ

168 2914 226 2967 ἐκ
275 2911 543 2988 διαφόρων
572 2920 891 2991 χρωμάτων·
945 2927 1037 2971 τοῦ
1086 2916 1148 2972 δέ
1173 2927 1510 2993 χαρακτῆρος
1567 2916 1775 2970 ἀπαλει-

169 3005 383 3077 φθέντος
413 3007 512 3073 (7),
541 3007 726 3079 οἷτιμος
765 3011 823 3060 τό
857 3006 957 3061 ἀπό
988 3005 1144 3061 τοῦδε
1172 3010 1201 3068 ἡ
1259 3008 1353 3067 ὕλη
1403 3012 1494 3059 καί
1536 3011 1775 3059 κεκοίνω-

166 3113 279 3148 ται.

1884 1933 2254 2008 Scripturam
2275 1943 2758 2013 evangelicorum
2778 1946 3101 2003 verborum
3124 1945 3396 2004 adhiberi
3409 1944 3531 2019 pel-

1879 2022 1985 2097 les,
2038 2031 2464 2100 atramentum,
2515 2037 2573 2090 et
2626 2034 2721 2090 his
2769 2034 3108 2102 similia;id
3160 2050 3305 2092 vero
3361 2032 3532 2108 quod

1882 2113 2230 2184 honoratur,
2266 2135 2397 2177 esse
2439 2121 2572 2195 ipsa
2614 2123 2851 2179 Domini
2902 2122 3088 2181 verba
3128 2123 3191 2180 in
3237 2122 3339 2181 illo
3376 2122 3530 2181 libro

1885 2209 2145 2262 exarata.
2172 2209 2377 2282 Itaque
2399 2209 2603 2285 siquis
2626 2212 2812 2271 verba
2856 2211 3069 2280 deleat,
3116 2210 3296 2269 simul
3349 2210 3532 2269 etiam

1883 2292 2017 2349 libri
2043 2295 2332 2354 honorem
2367 2303 2423 2355 et
2448 2303 2842 2358 reverentiam
2897 2300 3275 2369 oblitteravit,
3319 2299 3528 2372 idque,

1884 2382 2051 2454 quod
2080 2389 2368 2458 remanet,
2391 2387 2735 2459 inglorium,
2765 2395 2822 2446 et
2840 2389 3226 2453 inhonorum,
3241 2392 3299 2445 et
3317 2387 3530 2445 adora-

1885 2471 2059 2528 tionis
2101 2491 2307 2548 expers
2354 2476 2566 2536 eercit.
2611 2478 2723 2547 Sic,
2767 2479 3042 2536 haeretica
3096 2482 3155 2534 et
3208 2476 3391 2549 fatue,
3452 2474 3530 2533 de

1884 2562 2105 2618 sanctis
2136 2563 2336 2621 itidem
2364 2566 2700 2638 imaginum
2731 2567 2975 2640 picturis
2998 2568 3216 2639 cogita,
3244 2565 3309 2623 id
3357 2563 3531 2622 nimi-

1883 2665 2017 2706 rum
2047 2651 2213 2724 quod
2234 2654 2565 2713 honoratur
2588 2662 2645 2714 et
2673 2656 2977 2722 adoretur,
3031 2672 3163 2713 esse
3194 2655 3452 2727 ﬁguram
3471 2657 3531 2711 et

1883 2754 2107 2797 nomen
2137 2743 2258 2799 sive
2316 2744 2547 2815 Christi,
2590 2745 2713 2802 sive
2763 2744 3053 2820 Deiparae,
3103 2744 3224 2802 sive
3270 2742 3529 2814 alicujus

1882 2843 1952 2884 ex
1980 2830 2244 2887 caelitum
2273 2847 2547 2890 numero.
2578 2836 2711 2891 Haec
2742 2850 2880 2891 vero
2922 2834 3168 2891 formari
3208 2836 3313 2889 aut
3360 2829 3528 2903 pingi

1881 2917 2049 2974 aliter
2076 2926 2403 2993 nequeunt,
2429 2922 2545 2978 nisi
2572 2939 2645 2979 ex
2678 2922 2928 2980 diversis
2960 2922 3288 2990 coloribus;
3331 2920 3529 2990 ﬁgura

1883 3012 2085 3063 autem
2115 3013 2418 3080 expuncta
2442 3010 2742 3069 inhonora
2776 3010 2851 3068 de
2871 3015 3085 3068 caetero
3104 3011 3376 3067 remanet
3401 3022 3529 3064 ma-

1881 3094 2028 3152 teria
2047 3101 2104 3152 et
2121 3098 2482 3154 communis.

246 3184 338 3246 Ὠς
389 3182 437 3236 ἐν
493 3181 880 3258 παραδείγματι
935 3182 993 3239 δὲ
1053 3188 1232 3257 εἰπεῖν,
1287 3186 1420 3240 ἔστω
1474 3206 1575 3239 που
1629 3186 1773 3238 ἱστὰ-

1958 3186 2022 3240 Et
2054 3190 2116 3240 ut
2137 3186 2412 3258 exemplo
2456 3203 2586 3244 rem
2640 3187 3050 3245 illustremus:
3101 3188 3176 3244 sit
3212 3184 3525 3260 speculum

165 3292 320 3344 μενον
354 3275 603 3348 ἔσοπτρον
641 3276 669 3333 ᾖ
730 3274 782 3338 ἑξ
814 3275 960 3329 ὑελου
994 3276 1023 3335 ἦ
1080 3275 1134 3328 ἐκ
1197 3273 1443 3350 σιδήρου,
1497 3279 1586 3327 καί
1631 3276 1775 3326 «ὑπό-

169 3363 262 3414 θου
296 3365 383 3413 τόν
416 3368 646 3438 Χριστόν
677 3363 933 3417 ἱστασθαι
982 3363 1096 3416 ἀντί
1142 3369 1425 3436 προσώπου
1483 3367 1620 3425 τινός
1674 3371 1774 3415 τῶν

166 3453 421 3503 τοιούτων
470 3454 756 3524 ἄσόπτρων.
836 3449 1215 3506 Εἰδοποιείσθω
1274 3449 1333 3505 δὲ
1381 3457 1471 3505 καί
1518 3454 1543 3504 ὁ
1600 3472 1775 3526 χαρα-

166 3545 304 3613 κτὴρ
366 3540 527 3591 αὐτοῦ
592 3549 654 3613 τῇ
705 3549 798 3593 τοῦ
855 3541 1109 3618 ἐσόπτρου
1165 3541 1500 3600 στιλπνότητι
1546 3547 1636 3593 καί
1690 3541 1775 3614 ἐμ-

168 3630 435 3700 φαινὶσθω
465 3628 784 3703 καθαρώςέν
842 3631 995 3703 αὐτῇ.
1057 3630 1171 3684 Ἐάν
1229 3634 1315 3684 οὖν
1371 3633 1426 3684 ὲκ
1479 3633 1641 3683 πόθου
1696 3650 1776 3692 τις

166 3721 406 3789 προσιὼν
432 3724 503 3787 τῷ
543 3717 798 3791 ἐσόπτρῳ,
831 3718 880 3771 ἰν
1033 3722 1063 3779 ἡ
1113 3725 1282 3793 μορφὴ
1340 3719 1633 3792 ἐμφαίνεται
1684 3726 1776 3772 τοῦ

172 3814 430 3881 Χριστοῦ,
504 3812 594 3859 καί
650 3808 969 3881 προσψαύσῃ
1058 3817 1211 3861 τοῦτο
1264 3817 1368 3870 τοῖς
1419 3809 1629 3881 χείλεσι
1686 3812 1777 3861 καί

170 3894 493 3960 ἀσπάσεται,
527 3890 609 3970 ἆρ’
658 3892 744 3948 οὖν
799 3900 855 3949 τό
898 3900 1153 3970 ἔσοπτρον
1211 3897 1456 3970 ἐτίμησεν
1488 3902 1516 3956 ἦ
1574 3902 1668 3955 τόν
1728 3896 1776 3949 ἐν

166 3993 242 4055 τῷ
272 3982 509 4057 ἐσόπτρῳ
534 3990 736 4057 μορφὴν
779 3993 869 4038 τοί)
905 3994 1172 4057 Χριστοῦς
1234 3983 1486 4049 Εὔδηλον,
1547 3986 1627 4038 ὃτι
1682 3992 1776 4045 τὴν

163 4078 397 4148 μορφήν.
443 4073 504 4125 Εἰ
560 4076 659 4147 γάρ
695 4078 788 4132 τὴν
850 4078 1002 4147 φύσιν
1061 4078 1278 4147 ετίμησε
1338 4083 1430 4127 τοῦ
1497 4072 1773 4148 ἐσόπτρου,

163 4167 258 4214 καὶ
318 4165 378 4215 τό
440 4161 597 4224 σέϐας
653 4165 817 4235 ταύτῃ
886 4162 1181 4236 ἀπένειμεν·
1244 4162 1523 4216 ἀκόλουθον
1573 4164 1635 4237 ᾖν
1687 4164 1777 4215 αὖ·

162 4260 239 4321 τῷ
286 4254 458 4304 πάντα
506 4251 647 4304 ὕελον
698 4258 787 4304 καὶ
844 4255 1014 4305 πάντα
1066 4249 1285 4327 σίδηρον
1336 4262 1666 4325 προσκυνεῖν,
1718 4252 1776 4306 Εἰ

162 4337 225 4393 δε
253 4348 409 4393 τοῦτο
449 4344 539 4412 μὲν
568 4340 663 4392 οὐκ
698 4340 929 4408 ἐποίησε,
992 4347 1223 4411 πώποτε,
1285 4345 1445 4394 ἐκεῖνο
1507 4338 1566 4394 δὲ
1623 4346 1776 4414 μόνον

160 4430 470 4496 ἠσπάσατο,
522 4426 571 4480 ἐν
623 4430 662 4499 ᾧ
713 4427 868 4501 ἑφανη
932 4433 990 4482 τό
1049 4434 1308 4504 μόρφωμα
1366 4437 1456 4481 τοῦ
1519 4436 1770 4503 Χριστοῦ·

160 4513 328 4576 δῆλον
380 4515 494 4569 ἐστι
528 4522 617 4569 καὶ
645 4517 840 4590 τυφλῷ,
895 4519 975 4570 ὅτι
1008 4523 1102 4576 τὴν
1156 4516 1202 4570 ἐν
1256 4526 1316 4590 τῇ
1375 4516 1464 4591 ὖλη
1533 4516 1772 4591 ἐμφαινο-
1804 4553 1850 4608 D

156 4610 323 4679 μένην
355 4610 559 4678 μορφὴν
585 4609 802 4678 ἐτίμησε
828 4612 920 4658 τοῦ
968 4612 1223 4678 Χριστοῦ.
1284 4610 1383 4659 Τόν
1443 4610 1618 4678 ὅμοιον
1654 4612 1771 4680 τρό-

157 4715 258 4749 πον
287 4699 379 4746 καὶ
437 4693 520 4747 ἐπὶ
591 4704 692 4747 τῶν
744 4694 906 4767 ἀγιων
964 4700 1169 4748 εἰκόνων
1226 4694 1459 4765 λογίζου.
1524 4696 1677 4749 Ἀλλά
1707 4701 1772 4750 σὺ

158 4785 188 4836 ὁ
217 4783 476 4858 αἱρετικός
522 4784 628 4856 οὐχ
689 4786 858 4845 ἁπλῶς
901 4784 1065 4845 οὕτως
1130 4784 1491 4856 Εἱκονομοίχος
1548 4782 1612 4851 εἷ,
1666 4784 1772 4838 ἀλλ’

156 4872 410 4945 ἄντικρυς
445 4875 846 4947 Χριστομάχος,
878 4877 966 4925 καί
1001 4869 1097 4925 διὰ
1128 4880 1281 4926 τοῦτο
1317 4876 1453 4925 κατὰ
1498 4882 1591 4935 τῆς
1622 4873 1773 4945 ἁγίας

676 4958 1122 5031 ἐκπεπολέμωσαι,
1210 4966 1299 5013 καὶ
1394 4960 1772 5036 ἑκτεθηρίωσαι

155 5052 262 5104 ὑπό
290 5058 382 5102 τοῦ
409 5047 719 5110 ἐνοικοῦντός
758 5068 843 5101 σοι
903 5047 1166 5122 δαίμονος.
1234 5054 1333 5102 Καί
1387 5051 1489 5123 γὰρ
1540 5054 1631 5102 καί
1679 5053 1773 5112 τὰς

158 4960 328 5014 αὐτοῦ
404 4959 589 5021 εἰκόνος

156 5136 450 5213 παρδάλεις
502 5144 660 5211 φασιν
730 5136 974 5210 ἀπεχθῶς
1031 5141 1172 5210 ἔχειν
1233 5141 1365 5213 πρός
1428 5141 1494 5189 τὰ
1551 5148 1651 5190 τῶν
1688 5137 1770 5190 ἀν-

157 5232 384 5304 θρώπων
416 5232 690 5301 πρόσωπα,
730 5232 821 5280 καί
884 5227 1074 5298 λυττᾲν
1140 5227 1251 5281 κατ’
1310 5227 1478 5281 αὐτῶν
1514 5236 1766 5300 μανικῶς,

153 5321 254 5373 κᾶν
323 5337 424 5371 που
486 5320 860 5393 ἱστορουμένην
934 5315 1045 5371 idm
1117 5316 1490 5393 ἐνανθρωπείαν
1540 5321 1767 5392 μορφὴν,

231 5452 313 5522 (7)
337 5451 606 5523 Hieretici
634 5451 985 5523 interpretes
1000 5450 1318 5523 Cedreniet
1337 5450 1549 5521 Clycte,
1565 5453 1768 5507 [cono-

159 5521 418 5580 machos
446 5529 503 5577 et
526 5521 930 5578 lconoclastas
963 5528 1182 5580 vocant
1212 5522 1766 5591 simulacriperdas,

157 5594 413 5666 nomine
432 5592 815 5666 haereticmet
841 5592 921 5648 ad
953 5593 1225 5648 fraudem
1249 5609 1497 5666 prorsus
1520 5599 1689 5664 apto;
1713 5598 1771 5666 et

161 5663 534 5722 ἀναστηλωσιν
571 5671 671 5715 τῶν
701 5663 925 5730 εἰκόνων,
972 5668 1191 5720 vocant
1228 5663 1661 5721 restitutionem
1684 5664 1768 5720 si-

159 5736 603 5808 mulacrorum,
617 5740 683 5794 ut
694 5740 752 5793 et
762 5734 982 5805 εἰκόνας,
996 5736 1346 5804 simulacra;
1368 5735 1767 5807 ignoscerem,

1883 3272 2130 3345 aliquod
2159 3273 2248 3330 vel
2279 3275 2532 3333 vitreum
2548 3277 2643 3334 vel
2657 3277 2936 3345 ferreum,
2964 3275 3194 3346 etﬁnge
3219 3291 3251 3332 e
3283 3274 3529 3344 regione

1884 3362 2139 3433 alicujus
2167 3378 2239 3419 ex
2258 3365 2517 3436 speculis
2536 3366 2856 3423 consistere
2881 3366 3196 3423 Christum.
3227 3362 3530 3434 Eﬂigietur

1881 3466 2023 3507 vero
2050 3450 2244 3508 forma
2262 3453 2440 3509 etiam
2462 3454 2638 3526 illius,
2674 3454 2990 3528 splendore
3017 3453 3243 3527 speculi
3278 3459 3336 3509 et
3363 3451 3531 3508 clari-

1882 3540 2107 3609 tudine,
2139 3542 2275 3598 etin
2306 3557 2378 3598 ea
2407 3542 2563 3599 clare
2587 3542 2869 3601 reluceat.
2898 3544 2957 3601 Si
2975 3544 3154 3615 igitur
3198 3542 3335 3616 quis
3381 3538 3533 3598 desi-

1884 3628 2050 3685 derio
2076 3634 2265 3686 tactus
2295 3630 2372 3687 ad
2396 3632 2707 3703 speculum
2733 3632 3001 3701 accedat,
3041 3632 3104 3688 in
3139 3647 3264 3704 quo
3301 3629 3531 3702 species

1885 3718 2093 3775 Christi
2125 3718 2366 3789 relucet,
2389 3720 2654 3794 illudque
2669 3721 2845 3779 labiis
2860 3721 3114 3788 attingat
3132 3725 3190 3776 et
3207 3718 3525 3783 osculetur,

1883 3822 2032 3862 num
2055 3805 2187 3863 talis
2212 3808 2524 3879 speculum
2548 3810 2886 3876 honoravit,
2908 3826 2987 3866 an
3008 3825 3165 3877 eam,
3192 3824 3328 3880 qua:
3359 3810 3446 3862 est
3465 3805 3530 3861 in

1884 3897 2149 3967 speculo,
2187 3896 2446 3953 formam
2495 3898 2707 3954 Christi
2730 3899 2759 3953 ἰ)
2802 3898 3190 3970 Perspicuum
3220 3900 3331 3967 est,
3362 3892 3531 3967 quod

1883 3984 2159 4041 formam.
2189 3986 2244 4041 Si
2266 3986 2427 4041 enim
2458 3985 2683 4058 speculi
2712 3990 2994 4042 naturam
3023 3984 3324 4050 coluisset,
3355 3982 3529 4054 eique

1883 4073 2108 4129 cultum
2131 4073 2514 4140 exhibuisset,
2547 4090 2921 4147 consequens
2940 4077 3114 4141 esset,
3136 4076 3201 4128 ut
3227 4086 3409 4129 omne
3445 4072 3531 4128 vi-

1883 4167 2042 4218 trum
2064 4165 2120 4216 et
2139 4176 2319 4216 omne
2341 4161 2562 4218 ferrum
2582 4161 2879 4218 adoraret.
2905 4163 2961 4219 Si
2986 4165 3186 4218 autem
3202 4160 3318 4217 hoc
3346 4174 3528 4216 nemo

1883 4266 2153 4322 unquam
2179 4250 2330 4318 fecit,
2364 4249 2508 4305 illud
2533 4266 2671 4306 vero
2693 4250 2987 4308 duntaxat
3006 4248 3312 4306 osculatus
3335 4253 3445 4319 est,
3466 4248 3529 4304 in

1881 4355 2004 4412 quo
2036 4338 2245 4395 Christi
2273 4338 2500 4411 species
2521 4339 3086 4413 apparuit,planum
3113 4342 3206 4396 est
3231 4339 3326 4395 vel
3344 4352 3524 4404 caeco,

1882 4444 2021 4484 eum
2047 4426 2234 4491 illam,
2263 4444 2399 4499 quas
2428 4426 2491 4483 in
2529 4429 2779 4486 materia
2823 4425 3218 4495 elucescebat,
3269 4426 3529 4484 formam

1883 4517 2249 4574 lionorasse:
2282 4515 2444 4573 idem
2473 4515 2548 4574 de
2570 4517 2756 4574 sacris
2774 4517 3142 4588 imaginibus
3175 4520 3387 4574 statue.
3413 4513 3531 4573 Sed

1884 4613 1967 4675 tu,
1993 4606 2096 4679 qui
2116 4604 2428 4661 haereticus
2448 4620 2535 4675 es,
2554 4620 2678 4662 non
2702 4605 3049 4679 simpliciter
3069 4604 3527 4669 lconomachus,

1881 4694 1996 4750 hoc
2022 4698 2129 4761 est,
2162 4693 2497 4764 imaginum
2524 4692 2732 4761 hostis,
2751 4695 2857 4751 sed
2877 4695 3131 4752 adversa
3158 4693 3350 4750 fronte
3369 4691 3518 4748 Chri-

1882 4782 2248 4853 stomachus,
2282 4782 2396 4838 hoc
2419 4787 2528 4853 est,
2549 4784 2760 4841 Christi
2785 4788 3167 4858 oppugnator
3191 4798 3277 4849 es,
3334 4796 3526 4853 eaque

1880 4872 1955 4928 de
1976 4888 2160 4927 causa
2181 4876 2388 4928 contra
2403 4872 2841 4945 sacramipsius
2857 4873 3182 4941 imaginem
3205 4885 3376 4925 arma
3393 4885 3525 4925 cor-

1878 4961 2045 5034 ripis,
2069 4966 2124 5017 et
2145 4960 2425 5017 efferatus
2447 4976 2530 5016 es.
2559 4964 2709 5017 Nam
2731 4966 2788 5018 et
2807 4960 3085 5034 pardales
3108 4958 3305 5015 ferunt
3324 4957 3527 5015 hostili

1879 5052 2083 5106 animo
2100 5065 2227 5105 esse
2244 5049 2304 5105 in
2323 5050 2658 5106 humanam
2668 5048 2948 5120 ﬁguram,
2973 5052 3030 5104 et
3050 5047 3112 5102 in
3130 5062 3265 5103 eam
3285 5045 3526 5103 rabioso

1877 5139 2093 5208 furere,
2126 5144 2183 5193 et
2207 5137 2397 5194 sicubi
2428 5138 2690 5210 speciem
2724 5136 2986 5194 hominis
3019 5135 3399 5192 eﬂ'ormatam
3439 5135 3528 5191 vi-

1877 5228 2091 5299 derint,
2120 5228 2181 5283 iu
2212 5243 2345 5284 eam
2376 5227 2659 5294 insanire,
2693 5231 2750 5283 et
2776 5224 3064 5282 iracunde
3120 5223 3361 5297 insilire,
3421 5240 3528 5282 un-

1877 5332 2148 5390 guesque
2173 5332 2524 5389 expromere
2545 5320 2601 5372 et
2637 5329 2945 5371 exacuere.
2978 5312 3146 5371 Tales
3170 5317 3310 5370 sunt
3338 5317 3396 5371 et
3421 5313 3523 5371 ﬁlii

1875 5449 1989 5506 nisi
2010 5448 2244 5515 scirem,
2276 5463 2400 5519 qua
2427 5449 2627 5503 mente
2654 5444 2812 5519 hanc
2843 5461 3057 5519 vocem
3113 5450 3426 5519 usurpent,
3449 5450 3527 5519 Aet

1875 5535 1999 5594 quo
2036 5526 2093 5575 et
2132 5516 2401 5594 quonam
2432 5517 2785 5594 usurpando
2811 5516 3084 5594 alludant
3111 5516 3291 5594 magis
3332 5517 3524 5594 probo

1875 5588 2258 5662 interpret—em
2287 5589 2348 5644 in
2364 5590 2545 5662 rebus
2578 5588 2993 5662 ecclesiasticis
3018 5589 3223 5662 magis
3249 5588 3527 5662 ecclesia-

1875 5659 2110 5734 sticum,
2138 5660 2650 5734 quamuLatinum,
2675 5660 2786 5718 etsi
2799 5674 3024 5718 nomen
3045 5659 3324 5732 imaginis
3352 5674 3525 5731 usque

1876 5730 2180 5801 Latinum,
2203 5747 2276 5791 ac
2301 5731 2449 5789 illud
2476 5730 2756 5791 alterum.
