4020 6310
199 338 296 401 673

197 488 388 557 φαγίαν
427 481 765 548 ἀσπάζεσθαι
789 487 910 541 καθ’
940 489 1076 564 ὤραν
1107 486 1316 547 ἔννατην
1341 510 1354 523 ο
1416 492 1506 542 καὶ
1560 493 1648 539 νῦν
1706 482 1796 538 αὖ·
1827 493 1872 542 Α

197 575 272 635 θις
312 579 434 648 περὶ
491 578 677 629 τούτου
747 580 841 636 τὴν
909 578 1154 654 ὑμετέραν
1231 577 1441 652 ἀγάπην
1487 574 1794 650 παρακαλῶ.

191 669 361 716 Τοῦτο
388 666 493 738 γάρ
521 663 632 718 ἔστι
659 670 893 738 νηστεία,
935 667 967 725 ἦ
1026 671 1147 740 περὶ
1204 670 1263 721 τὸ
1317 663 1642 744 βραδύτερον
1701 671 1797 724 τῆς

192 755 390 826 ἠμρας
419 758 608 826 μετρία
654 760 834 829 τροφή.
885 755 948 809 Εἰ
986 752 1040 808 δ’
1088 757 1194 829 οὐχ
1241 757 1378 810 οὕτω
1427 763 1610 826 ποιεῖς,
1669 751 1798 806 ἀλλὰ

192 845 332 894 κατὰ
361 845 458 900 τήν
489 845 690 902 συνήθη
722 843 876 898 πάλιν
914 846 1052 918 ὥραν
1092 844 1306 916 ἐσθίεις,
1355 851 1593 905 νηστείας
1644 851 1797 895 τοῦτο

191 929 678 1004 κατάλυσις,οὔχὶ
736 936 1012 1000 σύστασις,
1055 933 1150 986 κᾶν
1203 944 1304 988 τῶν
1347 933 1558 988 εὐτελῶν
1587 935 1616 992 ἡ
1668 935 1795 1007 τροί-

189 1023 329 1082 πιζα
361 1023 462 1088 εἴη,
504 1026 594 1074 καὶ
639 1029 742 1075 τῶν
773 1021 1080 1098 ἀπερίττωνν.
1111 1020 1254 1078 Οὐδὲ
1290 1026 1392 1100 γὰρ
1453 1025 1532 1076 ὅτι
1584 1021 1796 1094 ἀπέχεις

188 1117 378 1182 κρεῶν,
435 1106 544 1168 ἤδη
602 1116 692 1164 καὶ
752 1116 996 1170 νηστείαν
1047 1114 1226 1185 ἄγειςο
1289 1118 1360 1187 μὴ
1414 1112 1614 1182 ἁπατῶ,
1671 1110 1801 1169 ἀλλὰ

191 1192 359 1251 δεῖσε
383 1203 480 1257 τὴν
506 1203 740 1274 γαστέρα
801 1204 902 1274 πρὸ
926 1210 1021 1265 τῆς
1052 1204 1190 1276 ὧρας
1233 1203 1300 1266 εἰς
1379 1200 1580 1276 βρῶσιν
1628 1200 1796 1275 ὀργῶ-

194 1304 290 1339 σον
330 1285 557 1360 ἓπίχειν.
619 1288 806 1352 Δοῦλος
835 1287 884 1342 εἴ
915 1300 1008 1343 τοῦ
1067 1299 1320 1364 Χριστοῦ.
1389 1296 1645 1366 Πρότερον
1699 1307 1795 1342 σου

187 1378 278 1428 τόν
319 1382 584 1436 Δεσπότην
612 1379 928 1450 θεράπευσον
948 1400 961 1414 ·
993 1383 1300 1454 παράστηθι
1341 1384 1792 1457 προσευχόμενος

191 1459 286 1524 δὸς
327 1463 470 1534 αὐτῷ
509 1473 688 1538 φαγεῖν
753 1471 848 1526 τὴν
907 1465 1163 1544 φροντίδα
1216 1477 1312 1532 τῆς
1358 1476 1457 1531 σῆς
1511 1473 1792 1544 σωτηρίας·

192 1556 394 1616 ταύτης
418 1556 520 1628 γὰρ
560 1551 770 1630 σφόδρα
814 1563 984 1628 πεινᾷ.
1025 1558 1137 1612 Εἶθ’
1193 1559 1330 1612 οὕτω
1388 1559 1622 1631 τράπηθι
1668 1560 1798 1631 πρὸς

189 1646 291 1701 τὴν
330 1649 426 1706 τῆς
468 1653 562 1705 σῆς
597 1649 826 1719 γαστρὸς
877 1644 1190 1720 ἕπιμίλειαν.
1247 1647 1307 1701 Εἰ
1368 1643 1428 1700 δι
1469 1649 1665 1704 ταύτην
1705 1653 1798 1698 τοῦ

192 1740 295 1784 σοῦ
324 1737 587 1786 Δεσπότου
616 1739 994 1809 προτιμοτέραν
1041 1739 1170 1809 ἡγῇ,
1201 1737 1294 1790 οὐκ
1350 1735 1397 1790 εἶ
1463 1731 1795 1809 Χριστόδου-

188 1821 300 1885 λος,
333 1822 464 1876 ἀλλὰ
489 1821 863 1888 κοιλιόδουλος.
909 1831 1010 1880 Καὶ
1049 1835 1202 1880 τοῦτο
1239 1829 1459 1880 πάντοτε
1487 1829 1576 1900 μὶν
1631 1832 1795 1879 ποιεῖν
1833 1839 1872 1896 Β

189 1910 482 1984 ὀφείλομεν,
537 1916 699 1966 εἰτουν
753 1917 1116 1989 προτιμᾶσθαι
1185 1921 1280 1975 τὴν
1333 1917 1470 1970 θείαν
1516 1917 1796 1991 παράστα-

193 2018 303 2067 σιν,
344 2006 435 2053 καὶ
466 1999 773 2075 δοξολογίαν
815 2011 906 2064 τῆς
946 2012 1248 2078 σωματικῆς
1302 2013 1530 2080 τροφῆςο
1569 2004 1676 2056 ἀλλ’
1716 2006 1798 2057 ὃτι

191 2087 432 2152 ἀσθενεῖς
493 2089 645 2164 ἔσμεν
717 2091 910 2165 μᾶλλον
975 2089 1036 2147 δε
1097 2094 1326 2169 ῥᾴθυμοι
1395 2098 1480 2146 καὶ
1529 2092 1792 2164 νωγελεῖς.

193 2177 308 2232 Κᾶν
343 2186 470 2251 γοῦν
510 2178 559 2232 ἐν
597 2187 709 2242 ταῖς
771 2186 1049 2255 νηστίμοις
1101 2186 1321 2247 ταύταις
1375 2186 1595 2256 ἡμέραις
1642 2189 1796 2235 τοῦτο

190 2272 523 2341 ποιήσωμεν,
572 2274 661 2322 καὶ
692 2275 952 2344 στήσομεν
1005 2276 1065 2324 τὸ
1121 2273 1239 2325 καθ’
1270 2275 1416 2344 ἡμῶν
1463 2268 1660 2332 ὄνειδος
1696 2279 1796 2323 τῶν

195 2361 458 2421 Λατίνων,
501 2357 674 2432 ὅπερὶ
700 2367 790 2420 τῆς
837 2356 1091 2432 διφαγίας
1132 2361 1259 2433 ἡμῖν
1311 2361 1617 2434 ἐπάγουσιν,
1657 2359 1798 2424 ἅπαξ

191 2453 297 2508 τῆς
325 2447 519 2519 ἡμέρας
537 2453 630 2501 καὶ
655 2444 982 2526 βραδύτερον
1012 2448 1286 2511 ἐσθίοντες.

271 2533 410 2587 Ἀλλ’
440 2533 621 2589 ίκεῖνοί
652 2555 808 2608 φασιν
848 2556 864 2571 ο
912 2538 973 2592 Ei
1001 2543 1089 2592 καὶ
1142 2536 1469 2612 βραδύτερον
1515 2543 1642 2614 πρὸς
1684 2557 1800 2613 τρο-

195 2628 301 2696 φῆν
350 2628 643 2698 τρίπονται,
704 2625 832 2678 ἀλλὰ
887 2631 976 2679 καὶ
1024 2625 1350 2703 βραδύτερον
1390 2636 1485 2691 τῆς
1536 2629 1800 2702 τραπέζης

193 2710 519 2784 ἀνιστάντες,
598 2711 950 2789 λιπαρώτερον
1019 2719 1078 2769 τὸ
1164 2716 1485 2792 ἑστιατόριον
1566 2719 1795 2789 ἔχοντες,

193 2798 408 2876 φύρδην
436 2804 566 2875 ὁμοῦ
595 2803 809 2874 ἰχθύας,
848 2804 1077 2878 λάχανα,
1123 2808 1321 2880 ὄσπρια
1378 2805 1530 2876 ἓλαίῳ
1563 2805 1800 2858 λιπαινό-

188 2908 324 2964 μενα
352 2892 470 2944 καθ’
498 2891 721 2951 ἑκάστην
779 2898 1103 2967 κατακόρως,
1151 2893 1428 2962 ἐσθίοντες,
1460 2896 1594 2948 ὥστε
1626 2894 1796 2968 σχολῇ

186 2981 245 3051 7’
273 2978 340 3031 ἂν
378 2984 496 3056 περὶ
547 2984 608 3033 τὸ
658 2990 751 3042 τῆς
786 2983 964 3056 αὔριον
1004 2978 1327 3057 βραδύτερον
1385 2986 1452 3036 τὰ
1500 2983 1803 3057 βεϐρωμένα

186 3072 323 3142 πρὸς
401 3068 558 3140 πέψιν
627 3069 808 3124 ἐλθεῖν
852 3070 1048 3144 Ἐπίχε
1095 3076 1188 3131 τὴν
1238 3071 1492 3145 γλῶτταν,
1543 3074 1798 3147 ἄνθρωπε,

187 3161 326 3232 πρὸς
357 3162 482 3220 τοὺς
507 3157 714 3232 λόγους,
754 3162 822 3223 ὡς
851 3165 943 3214 καὶ
976 3164 1102 3236 πρὸς
1133 3166 1227 3220 τὴν
1258 3160 1460 3234 βρῶσιν
1507 3166 1566 3214 τό
1607 3166 1798 3234 στόμα,
1835 3192 1874 3246 C

190 3250 287 3300 καὶ
345 3248 374 3299 ὁ
429 3251 503 3320 μὴ
549 3247 736 3301 ίσθίων
783 3253 848 3301 σὺ
892 3253 981 3301 τὸν
1033 3249 1274 3302 ἐσθίοντα
1325 3254 1398 3323 μή
1452 3255 1612 3326 κρίνε.
1662 3250 1802 3308 Πλὴν

190 3335 294 3408 ἑγὼ
315 3336 376 3389 οὐ
407 3335 539 3408 λέγω
569 3356 674 3405 σοι,
701 3336 863 3396 Ὅλην
921 3342 1016 3397 τὴν
1058 3341 1390 3391 κατάστασιν
1429 3339 1664 3400 ζήλωσον
1705 3347 1800 3402 τῆς

194 3430 490 3484 Λατινικῆς
530 3429 796 3495 νηστείας,
838 3423 966 3478 ἀλλὰ
1005 3429 1065 3478 τὸ
1110 3424 1158 3478 ἐν
1201 3427 1331 3499 αὐτῇ
1390 3428 1628 3480 ὁπωσοῦν
1678 3428 1800 3480 θεω-

190 3515 446 3587 ρούμενον
503 3511 718 3585 ἀγαθόν.
767 3511 897 3567 Οἵδε
923 3517 1026 3588 γὰρ
1079 3514 1326 3576 πολλάκις
1356 3517 1382 3567 ὁ
1441 3519 1696 3587 νουνεχής
1739 3515 1798 3567 οὐ

192 3604 393 3676 μικρὰν
467 3602 710 3674 ὠφέλειαν
777 3602 1148 3678 ἐκπορίζεσθαι
1221 3611 1312 3657 τοῦ
1359 3602 1556 3678 ἔχθροῡ
1602 3623 1656 3656 τε
1711 3609 1801 3656 καὶ

195 3688 523 3762 βλαπτικοῦ,
571 3689 732 3744 Ὀταν
779 3688 868 3744 οὖν
927 3693 1054 3764 ἡμῖν
1118 3693 1145 3744 ὁ
1191 3695 1384 3766 Κύριος
1437 3692 1800 3765 παραγγέλλει,

195 3799 226 3828 »
261 3780 493 3846 Γίνεσθε,
524 3779 704 3852 λὲγων,
742 3785 980 3854 φρόνιμοι
1040 3783 1104 3842 ὡς
1138 3783 1188 3833 οἱ
1232 3785 1386 3853 ὄφεις,
1427 3786 1516 3834 καὶ
1569 3783 1802 3855 ἀκέραιοι

194 3869 264 3928 ὡς
299 3873 626 3942 περιστεραὶ,
664 3891 684 3918 ι
719 3869 848 3941 οὐχὶ
883 3873 940 3922 τὸ
997 3869 1193 3922 ἰοϐόλον
1221 3875 1312 3923 καὶ
1342 3869 1662 3942 ἀναιρετικὸν
1711 3877 1804 3922 τοῦ

195 3961 363 4030 ὄφεως
408 3955 744 4030 ὶκμιμεῖσθαι
799 3959 934 4030 ἡμᾶς
989 3957 1349 4030 συμϐουλεύει,
1395 3955 1520 4012 οὐδε
1567 3962 1624 4011 τὸ
1651 3959 1803 4011 ἄνουν

272 4099 323 4134 ⁸⁸
350 4097 549 4156 Matth.
580 4115 641 4168 x,
672 4103 757 4156 l6.

197 4238 388 4315 casei,
402 4239 849 4315 respondetque
869 4245 1088 4315 nostra:
1111 4241 1657 4315 Quinquagesimze.
1693 4243 1805 4298 Do-

197 4312 432 4393 rninica
444 4312 582 4393 qua:
603 4312 770 4368 hanc
780 4312 1568 4393 antecedit,_respondetque
1588 4318 1806 4393 nostra":

201 4383 927 4460 Sexagesimmmocatura
938 4385 1156 4460 Graecis
1171 4383 1407 4460 Κυριακὴ
1421 4383 1489 4443 τῆ
1494 4406 1515 4446 ς
1529 4383 1806 4458 ἀποκρέου,

203 4469 318 4510 seu
331 4451 595 4526 ἀπόκρεω,
605 4451 782 4526 guasi
794 4455 986 4526 dicas,
1002 4451 1408 4526 Carnisprivii
1423 4473 1435 4523 ;
1449 4463 1507 4512 et
1519 4461 1641 4512 tam
1655 4451 1804 4520 haec,

203 4525 685 4654 gampriorilla
699 4525 1021 4607 Dominicis
1037 4525 1359 4599 appellatio
1388 4527 1708 4600 desumpta
1719 4533 1812 4581 est
1844 4546 1886 4600 υ

316 4595 702 4653 hebdomade
721 4599 1095 4654 Dommncam
1123 4598 1530 4654 antecedente.
1549 4613 1810 4654 auarum

316 4595 702 4671 hebdomade
721 4595 1095 4671 Dominicaui
1120 4595 1530 4671 antecedente,
1549 4595 1810 4671 quarum

206 4681 340 4724 una
359 4665 578 4722 dicitur
625 4671 938 4742 τυροφαγος,
981 4668 1168 4725 altera
1219 4667 1515 4742 ἆπόκρεως·
1558 4665 1810 4742 utraque

207 4753 440 4812 nomen
451 4754 627 4793 suum
645 4740 988 4812 Dominicis,
1003 4746 1297 4812 tanquam
1307 4740 1565 4812 termino
1593 4755 1704 4795 suo
1718 4740 1812 4795 tri-

206 4808 1476 4884 bttitalterumjejuniumquadragesimale
1489 4810 1813 4884 observant

211 4879 856 4971 ᾳεξαὲξεξεεὲξιὲιρξη
875 4969 887 4971 _
907 4879 1150 4971 esset
1169 4879 1476 4971 {illusisse
1500 4882 1816 4971 imbue}

217 4956 287 5008 14
317 4951 692 5024 Novembris,
707 4953 956 5009 utdocet
968 4953 1282 5009 Balsamon
1297 4953 1356 5008 in
1372 4951 1620 5024 Scholiis
1634 4967 1814 5024 super

212 5023 711 5096 inteﬂogationes
738 5024 1149 5096 quorumdam
1166 5023 1658 5096 monachorum,
1677 5023 1814 5096 quae

212 5093 515 5151 habentur
525 5099 665 5166 post
677 5093 1147 5151 commentarium
1161 5095 1316 5150 illius
1329 5095 1386 5150 in
1405 5093 1588 5150 Photii
1601 5093 1815 5166 Noino-

213 5165 718 5239 canonemz’tdem
748 5170 982 5239 constat
1007 5183 1081 5222 ex
1109 5166 1330 5239 'l‘ypico
1375 5166 1574 5239 sancti
1620 5165 1811 5239 Sabae,

215 5251 353 5307 cap.
392 5239 477 5290 14.
507 5235 624 5292 Nec
665 5236 1073 5294 introductum
1097 5235 1215 5293 est
1238 5237 1353 5293 hoc
1387 5235 1686 5307 jejunium
1737 5235 1816 5291 ab

214 5307 530 5380 apostolis,
544 5308 912 5380 utjejunium
923 5324 1157 5378 magnae
1167 5307 1660 5380 Quadragesimap;
1673 5307 1818 5380 quod

217 5377 298 5436 ei
320 5392 552 5434 canone
565 5377 632 5435 69
645 5377 1058 5448 apestolorum
1085 5379 1466 5435 manifestum
1480 5377 1818 5448 evadit,‘ubi

217 5448 403 5507 unius
426 5453 661 5505 tantum
671 5448 1162 5522 Quadragesimae
1179 5451 1244 5507 ﬁt
1281 5450 1538 5517 mentio;
1561 5449 1668 5505 sed
1689 5464 1820 5504 suc-

219 5533 399 5578 cessu
425 5521 717 5594 temporis
743 5521 1176 5594 consuetudine
1203 5527 1512 5594 receptum
1542 5525 1648 5576 est.
1704 5522 1818 5576 Nec

220 5605 440 5650 omnes
467 5591 778 5665 aequaliter
803 5591 1033 5665 obligat
1057 5599 1179 5665 toto
1201 5592 1306 5649 illo
1331 5591 1670 5665 £0_dieru_m_
1710 5606 1819 5647 nu-

220 5677 397 5743 mero
419 5680 436 5730 ;
457 5661 718 5743 ait—enim
735 5661 1054 5743 Balsamon
1073 5664 1362 5743 satis_esse
1378 5661 1426 5718 si
1437 5661 1575 5735 quis
1589 5662 1669 5743 jej
1677 5665 1821 5743 unet

226 5737 465 5812 septem
492 5733 624 5792 dies
650 5739 787 5794 ante
809 5734 1100 5808 Natalem,
1131 5741 1190 5795 et
1216 5735 1333 5794 hoc
1358 5731 1702 5792 necessario
1728 5731 1824 5791 fa-

1586 335 1680 403 DE
1719 334 2148 404 IIAGINIBUS.

3448 335 3552 404 674

1903 501 2146 544 moneo.
2169 489 2234 544 In
2263 487 2380 545 hoc
2407 487 2569 544 enim
2589 486 2863 544 consistit
2874 486 3177 559 jejunium
3199 490 3264 544 ut
3284 488 3473 545 serius
3491 489 3555 546 in

1903 573 2000 632 die
2027 575 2218 646 cibus,
2251 576 2422 650 isque
2455 575 2777 634 mediocris
2810 580 3105 633 sumatur.
3137 576 3310 643 Quod
3355 577 3404 634 si
3430 592 3554 634 non

1903 665 1987 722 ita
2015 667 2168 738 agis,
2187 666 2294 724 sed
2313 671 2600 724 consueta
2629 667 2774 724 hora
2798 667 3152 734 manducas,
3180 682 3304 724 non
3323 671 3413 724 est
3437 669 3555 725 hoc

1897 755 2110 827 jejunii
2133 755 2492 820 observatio,
2525 756 2628 813 sed
2675 755 3032 821 dissolutio;
3080 756 3314 813 etiamsi
3342 771 3556 813 mensa

1904 845 2052 901 cibis
2074 845 2352 901 tenuibus
2383 850 2439 902 et
2486 845 2734 902 minime
2765 845 3080 917 superﬂuis
3130 845 3203 901 sit
3231 849 3550 902 exstructa.

1906 936 2033 991 Non
2061 934 2223 991 enim
2247 934 2363 992 hoc
2387 935 2538 1008 ipso,
2572 933 2739 1008 quod
2767 933 3050 990 carnibus
3095 933 3381 1000 abstines,
3405 935 3555 1006 jeju-

1905 1023 2072 1078 nium
2103 1022 2389 1080 observas
2413 1040 2426 1079 :
2451 1039 2524 1079 ne
2551 1023 2792 1088 fallaris,
2814 1022 2920 1080 sed
2945 1027 3181 1096 oportet
3207 1028 3260 1079 te
3280 1028 3551 1080 ventrem

1903 1115 2040 1168 ante
2056 1111 2269 1168 horam
2287 1111 2643 1184 praeﬁnitam
2657 1112 2823 1168 cibos
2839 1115 3218 1186 appetentem
3229 1111 3553 1168 continere.

1905 1203 2120 1258 Servus
2139 1201 2471 1258 Dominies.
2494 1201 2656 1258 Prius
2681 1202 2999 1257 Dominum
3020 1207 3188 1257 tuum
3213 1216 3378 1257 cura.
3401 1203 3557 1258 Vaca

1904 1290 2180 1347 orationi.
2212 1295 2460 1364 Appone
2485 1290 2568 1347 illi
2598 1305 2807 1347 curam
2834 1289 3040 1346 salutis
3091 1293 3208 1346 tua:
3251 1289 3427 1363 quasi
3455 1305 3555 1346 co-

1906 1379 2289 1437 medendum.
2326 1383 2486 1436 Hanc
2506 1380 2665 1437 enim
2698 1380 2964 1435 esuriens
2985 1378 3218 1452 quaerit.
3247 1381 3372 1446 Quo
3397 1380 3554 1436 facto

1905 1469 1984 1527 ad
2012 1485 2221 1526 curam
2242 1469 2460 1526 ventris
2482 1469 2563 1525 tui
2585 1474 2947 1525 convertere.
2970 1468 3140 1534 Quod
3173 1467 3224 1524 si
3253 1468 3414 1524 hunc
3445 1471 3555 1524 Do-

1906 1560 2072 1615 mino
2118 1563 2220 1614 tuo
2270 1557 2594 1632 praeponis,
2648 1557 2815 1613 haud
2863 1557 3074 1613 Christi
3121 1555 3402 1623 famulus,
3449 1555 3555 1613 sed

1907 1647 2274 1721 mancipium
2293 1647 2508 1704 ventris
2525 1645 2924 1721 appellandus
2943 1647 3076 1702 eris.
3097 1648 3160 1702 Et
3180 1645 3294 1702 hoc
3310 1645 3556 1718 quidem

1908 1753 2147 1810 semper
2173 1736 2366 1793 facere
2389 1735 2706 1802 debemus,
2727 1750 2946 1807 nempe
2965 1735 3232 1791 divinum
3254 1734 3480 1790 cultum
3501 1741 3558 1789 et

1907 1826 2348 1882 venerationem
2380 1823 2677 1897 corporali
2705 1823 3073 1880 nutrimento
3101 1822 3382 1896 praeferre
3405 1865 3418 1891 ,
3452 1821 3559 1877 sed

1905 1914 2125 1971 inﬁrmi
2157 1929 2388 1981 sumus,
2419 1913 2513 1969 vel
2542 1913 2743 1985 potius
2773 1912 3000 1981 ignavi,
3033 1911 3272 1967 desides
3295 1915 3353 1968 et
3382 1909 3554 1967 tardi.

1907 2003 1966 2060 Si
1991 2003 2170 2073 igitur
2191 2002 2286 2058 his
2305 2001 2517 2072 jejunii
2554 2000 2770 2056 diebus
2795 2001 2909 2056 hoc
2957 1999 3291 2066 fecerimus,
3325 1999 3556 2055 Latino-

1906 2107 2040 2148 rum
2062 2091 2355 2148 adversus
2402 2105 2515 2146 nos
2545 2089 2836 2162 probrum
2866 2088 2941 2144 de
2981 2088 3206 2161 duplici
3235 2089 3351 2146 cibi
3396 2105 3556 2144 sum-

1905 2181 2108 2254 ptione
2137 2179 2554 2236 cohibebimus
2583 2183 2642 2234 et
2668 2177 3047 2248 evitabimus,
3079 2177 3128 2234 si
3151 2177 3439 2234 nimirum
3468 2193 3556 2234 se-

1907 2268 2022 2326 mel
2045 2267 2314 2343 qnotidie
2340 2273 2398 2323 et
2418 2266 2606 2322 serius
2632 2267 3046 2338 comedamus.

1981 2537 2095 2596 Sed
2115 2537 2319 2594 aiunt:
2353 2536 2512 2594 Licet
2539 2535 2730 2594 serius
2787 2533 2990 2591 cibum
3043 2537 3304 2598 sumant,
3349 2537 3410 2591 at
3461 2548 3559 2591 se-

1908 2628 2034 2685 rius
2063 2643 2309 2702 quoque
2357 2643 2429 2684 ex
2459 2642 2671 2684 mensa
2700 2629 2972 2696 surgunt,
3003 2624 3225 2682 lautius
3270 2624 3559 2681 instructo

1909 2722 1965 2774 et
1993 2721 2332 2791 preparato
2362 2717 2615 2772 convivii
2645 2715 2800 2783 loco,
2828 2714 3168 2787 promiscue
3225 2713 3423 2784 simul,
3473 2713 3559 2787 pi-

1911 2823 2066 2872 sces,
2113 2804 2296 2870 olera,
2327 2805 2635 2875 legumina
2677 2803 2811 2859 oleo
2858 2803 3262 2875 pinguefacta,
3321 2803 3380 2858 in
3432 2801 3560 2857 dies

1911 2893 2199 2963 singulos,
2233 2908 2425 2965 usque
2469 2893 2548 2949 ad
2602 2892 2938 2948 satietatem
2995 2890 3342 2960 comedunt,
3373 2895 3436 2945 ut
3461 2906 3562 2946 Vix

1909 2998 2108 3055 usque
2131 2981 2210 3037 ad
2241 2981 2521 3037 eamdem
2548 2979 2788 3036 crastini
2817 2978 2936 3033 diei
2965 2978 3284 3034 tardiorem
3322 2979 3560 3047 horam,

1911 3072 2138 3140 omnia,
2169 3087 2306 3143 quae
2356 3074 2667 3137 vocarunt,
2720 3068 2989 3139 digerere
3018 3067 3271 3138 possint.
3314 3067 3560 3122 Contine

1910 3159 2202 3230 linguam,
2231 3175 2268 3215 ο
2297 3157 2504 3225 homo,
2537 3157 2616 3213 ad
2657 3156 2784 3212 haec
2814 3155 3022 3226 verba,
3070 3155 3221 3210 sicut
3247 3160 3301 3211 et
3353 3171 3423 3210 os
3481 3155 3560 3212 ad

1912 3250 2138 3312 cibum,
2166 3252 2222 3304 et
2245 3252 2307 3302 tu
2330 3247 2437 3319 qui
2465 3261 2588 3302 non
2610 3244 2966 3315 manducas,
2999 3243 3465 3301 manducantem
3486 3259 3560 3300 ne

1913 3351 2150 3411 sperne.
2176 3340 2249 3392 At
2263 3351 2376 3406 ego
2398 3340 2452 3392 te
2471 3335 2698 3398 hortor,
2720 3349 2844 3388 non
2865 3337 2926 3388 ut
2941 3337 3126 3390 totam
3145 3333 3334 3389 Latini
3351 3331 3560 3404 jejunii

1908 3427 2167 3484 formam
2199 3429 2256 3481 et
2301 3424 2592 3480 rationem
2637 3421 2896 3490 secteris,
2927 3421 3035 3478 sed
3087 3427 3152 3478 ut
3178 3421 3556 3496 qualequale,

1908 3516 2074 3590 quod
2103 3516 2164 3570 in
2195 3507 2567 3585 ea'apparet,
2597 3511 2828 3568 bonum
2857 3510 3260 3585 amplectaris.
3292 3511 3558 3569 Prudens

1907 3605 2088 3670 enim,
2137 3607 2193 3659 et
2220 3601 2554 3672 intelligens
2602 3599 2770 3657 novit
2823 3614 2948 3656 non
3001 3599 3309 3656 modicum
3357 3617 3431 3656 ex
3485 3616 3556 3658 eo

1909 3694 2110 3762 etiam,
2139 3691 2306 3764 quod
2351 3690 2662 3746 inimicum
2710 3692 2766 3744 et
2801 3688 3053 3744 noxium
3085 3691 3195 3758 est,
3249 3689 3561 3746 utilitatem

1910 3786 2234 3855 reportare.
2284 3778 2538 3845 Quando
2595 3778 2776 3848 igitur
2805 3777 3094 3832 Dominus
3140 3792 3254 3833 nos
3308 3783 3558 3834 monet:

1919 3893 1938 3921 ε
1977 3873 2163 3926 Estote
2206 3867 2528 3940 prudentes
2584 3866 2734 3922 sicut
2785 3868 3110 3937 serpentes,
3142 3868 3200 3921 et
3259 3865 3562 3938 simplices

1915 3958 2066 4016 sicut
2083 3955 2378 4014 columbae
2399 3957 2469 4025 σε,
2499 3976 2526 4005 ››
2552 3969 2676 4010 non
2703 3953 2848 4022 vult,
2880 3957 2946 4009 ut
2974 3967 3207 4008 morem
3249 3955 3560 4028 serpentis,

1915 4239 2193 4298 ciendum
2222 4253 2376 4304 esse,
2405 4236 2529 4293 sive
2559 4251 2596 4292 a
2621 4235 2807 4303 laicis,
2861 4235 2984 4293 sive
3016 4252 3052 4294 a
3101 4237 3452 4294 monachis:
3485 4238 3564 4295 Et

1917 4315 2019 4386 qui
2046 4312 2288 4386 noaita
2319 4311 2477 4386 facit
2510 4309 2583 4386 ab
2634 4308 3567 4386 orthodoxorum_communione

1915 4379 2327 4454 separabitur,
2343 4381 2426 4436 ait
2447 4379 2787 4454 Balsamon.
2806 4385 2877 4435 At
2897 4380 3213 4454 monachis
3233 4396 3307 4438 ex
3330 4382 3564 4438 statutis

1917 4450 2167 4512 suorum
2186 4453 2468 4508 ordinum
2484 4450 2887 4521 jejunandum
2909 4466 3038 4507 esse
3063 4452 3144 4508 ait
3164 4468 3202 4507 a
3223 4456 3286 4509 14
3314 4456 3568 4510 Novem-

1917 4527 2075 4584 bris:
2113 4525 2263 4591 Quia
2294 4524 2398 4579 hoc
2427 4529 2510 4578 est
2539 4523 2892 4578 canonicum
2911 4529 2964 4577 et
2994 4524 3305 4594 salutare;
3334 4528 3485 4580 sicut
3511 4530 3567 4581 et

1919 4597 2080 4661 laici,
2094 4597 2200 4666 qui
2207 4610 2317 4650 sua
2327 4594 2951 4666 sponteitajejunant,
2967 4595 3148 4650 laude
3165 4602 3218 4651 et
3229 4598 3565 4666 gratiarum

1917 4665 2150 4726 actione
2177 4666 2350 4736 digni
2383 4665 2780 4736 habebuntur.
2819 4665 2896 4736 De
2932 4665 3048 4721 hac
3094 4665 3570 4736 Quadragesima

1917 4738 2183 4811 loquitur
2203 4735 2564 4811 Guropalata
2582 4735 2684 4789 lib.
2707 4737 2793 4811 De
2805 4735 2908 4804 0/)“.
2931 4738 3090 4811 aulai
3111 4735 3565 4809 Constantinop.

1921 4805 2058 4867 cuin
2115 4809 2220 4873 ait,
2279 4805 2382 4863 ad'
2405 4821 2679 4880 mensam
2735 4805 3114 4880 imperatoris
3167 4805 3567 4880 protopapajn

1920 4879 2222 4950 accedere,
2252 4883 2342 4930 καὶ
2370 4885 2534 4929 ποιεῖν
2560 4877 2724 4952 εὐχὴν
2753 4874 2844 4952 τῆς
2867 4874 3148 4952 βασιλικῆς
3167 4874 3570 4952 τραπέζης-,διὰ

1919 4957 1975 5005 τὸ
2004 4954 2099 5010 τὴν
2123 4947 2551 5024 τεσσαρακοστὴν
2581 4947 2875 5024 πναρελθείνί
2900 4947 3069 5024 Qupd
3101 4947 3570 5024 Quadraqesima

1919 5018 2301 5093 praeterierit.
2335 5021 2400 5075 In
2421 5035 2558 5092 quae
2579 5018 2759 5093 verba
2773 5018 3150 5093 Calvinianus
3179 5018 3526 5075 scholiastes
3551 5036 3564 5074 :

1925 5089 2117 5150 Graeci
2176 5089 2482 5162 jejunium
2554 5089 3076 5162 quadragesimale
3134 5095 3272 5144 ante
3331 5093 3570 5162 γενέσθαι

1923 5157 2275 5240 Χρισ-τοῦξὶἶί
2301 5167 2407 5226 est,
2439 5163 2502 5217 in
2520 5157 2829 5240 ﬁgmenta,
2861 5157 3353 5240 celebraverunt}
3389 5162 3569 5240 expli-

1924 5229 2189 5310 candum
2213 5241 2358 5299 erat,
2395 5231 2572 5310 quale
2596 5229 2711 5286 hoc
2734 5229 3266 5310 jejunium_fuerit,
3321 5229 3569 5306 quando

1925 5305 2192 5363 inchoari
2251 5301 2644 5360 consuetum:
2681 5315 2826 5355 num
2881 5301 2943 5356 in
2971 5301 3264 5363 Adventu.
3325 5301 3403 5360 an
3434 5310 3571 5361 ante

1925 5377 2280 5442 Adventum,
2304 5390 2452 5444 num
2474 5372 2671 5428 solum
2691 5375 2749 5426 et
2771 5371 3034 5444 unicum,
3058 5373 3196 5429 etid
3220 5389 3410 5444 genus
3431 5375 3570 5441 alia,

1924 5465 2001 5505 ne
2026 5448 2163 5520 quis
2188 5441 2484 5520 exverbis
2516 5441 3062 5520 tamgeneralibus,
3092 5444 3184 5520 v_el
3215 5441 3572 5520 scholiasten

1926 5513 2155 5576 errasse
2183 5517 2468 5581 crederet,
2501 5513 2598 5568 vel
2641 5513 2895 5584 ipsemet
2921 5513 3160 5570 errandi
3187 5518 3572 5574 occasionem

1926 5590 2243 5665 abriperet,
2262 5586 2618 5665 existimans
2643 5599 2898 5665 vernum
2917 5587 3320 5658 quadraginta
3339 5588 3574 5649 dierum

1921 5655 2222 5735 jejunium
2251 5655 2464 5716 Graecis
2489 5655 2672 5714 fuisse
2699 5655 2996 5728 ignotum.
