4020 6310
483 340 589 406 673

1658 338 1969 404 GERMANI
2007 338 2059 399 ll
2102 336 2207 400 ΕΡ.
2245 338 2707 401 ΡΛΤΒῙΑΒΟΗΛΕ

3750 339 3862 397 ΒῚΒ

484 490 668 546 quem
710 473 914 539 habet,
960 482 1192 529 venena
1245 472 1568 543 spargendi
1620 476 1680 527 et
1723 467 2136 534 interﬁciendi,

2254 475 2343 529 τῆς
2379 475 2687 543 περιστερᾶς
2740 468 2851 522 ἀλλ’
2898 467 2955 521 ἐκ
3141 474 3234 520 τοῦ
3292 466 3448 536 ὄφεως
3480 470 3545 517 τὸ
3585 472 3705 539 περὶ
3762 471 3856 525 τήν

485 563 582 620 vel
612 568 675 619 ut
731 563 1139 634 insipientiam
1196 561 1494 619 columbae
1548 562 1890 625 imitemur;
1939 558 2047 617 sed
2077 565 2141 614 ut

486 651 778 723 serpentis
809 652 998 706 instar
1027 656 1317 707 curam'et
1348 650 1651 707 solertiam
1681 649 1893 720 capitis
1942 651 2137 704 custo-

484 739 689 795 diendi
720 739 1134 794 ostendamus.
1167 739 1225 792 td
1279 739 1439 794 enim
1476 754 1663 794 unum
1701 738 1975 793 elaborat
2025 752 2142 792 ser-

484 842 653 899 pens,
671 832 732 882 ut
756 843 876 897 prae
889 826 1123 898 reliquo
1147 827 1414 899 corporis
1444 832 1655 887 tractu.
1679 831 1860 897 caput
1887 824 2139 879 illaesum

484 923 815 972 conservet.
844 924 891 972 Α
934 915 1220 972 columba
1262 922 1461 971 autem
1524 915 1783 971 mutuari
1813 930 1926 971 nos
1979 912 2142 983 cupit

485 1005 756 1061 animum
791 1005 1035 1061 malitias
1060 1010 1387 1076 expertem,
1417 1010 1474 1059 et
1518 1011 1580 1060 ut
1602 1020 1733 1069 eos,
1765 1004 1869 1075 qui
1908 1018 2021 1057 nos
2048 1002 2137 1059 in-

477 1092 639 1163 juria
668 1093 957 1159 afﬁciunt,
990 1093 1330 1159 toleremus,
1364 1108 1561 1164 neque
1586 1092 1910 1151 vindictam
1937 1105 2143 1161 exspe-

483 1187 706 1245 tamus,
729 1181 962 1252 privata
992 1183 1153 1236 enim
1180 1180 1356 1252 pullis
1382 1180 1508 1235 suis
1531 1179 1802 1243 sustinet,
1838 1194 2033 1249 neque
2060 1176 2141 1233 ob

484 1268 543 1324 id
572 1269 758 1324 domo
789 1269 1053 1325 excedit:
1086 1274 1144 1325 et
1173 1270 1296 1325 haec
1337 1273 1569 1325 tantum
1620 1268 1701 1333 ad
1746 1266 2141 1323 imitationem

484 1358 900 1429 proponenda,
945 1359 1064 1415 alia
1110 1358 1317 1415 omnia
1348 1357 1558 1430 procul
1589 1355 1930 1427 abjicienda
1979 1362 2140 1410 sunt.

486 1449 604 1503 Hoc
635 1450 694 1503 et
715 1451 780 1502 tu
813 1446 905 1503 fao
928 1465 941 1513 ;
968 1447 1153 1519 idque
1175 1447 1340 1518 quod
1362 1447 1424 1502 in
1444 1446 1664 1502 Latinis
1681 1445 1928 1515 jejuniis
1949 1444 2143 1499 inesse

484 1536 745 1591 cernitur
766 1535 1019 1603 bonum,
1051 1536 1218 1607 quod
1248 1541 1355 1601 est,
1389 1534 1619 1591 tardius
1661 1533 1863 1591 cibum
1907 1547 2143 1588 sumere

485 1622 824 1679 uberiorem
854 1623 967 1679 illis
991 1623 1282 1696 relinque.

558 1711 922 1768 SidicaszA
956 1713 1116 1768 t'ame
1173 1728 1424 1785 superor
1451 1718 1507 1769 et
1563 1710 1832 1770 esuriens
1884 1709 2141 1767 mandu-

2251 553 2389 610 ἰδίαν
2448 558 2689 630 κεφαλὴν
2733 557 3149 632 προφυλακτικόν
3214 576 3267 609 τε
3304 561 3396 609 καὶ
3431 557 3701 628 προμηθὲς
3744 554 3854 611 ἑπι-

2249 642 2588 700 ὃείκνυσθαι·
2636 643 2846 704 σπουδὴ
2901 648 3004 718 γὰρ
3058 643 3129 717 τῷ
3183 649 3296 716 ὄφει
3323 649 3417 702 τὴν
3468 642 3702 716 κεφαλήν
3754 648 3855 717 πρὸ

2247 740 2435 798 παντὸς
2488 743 2580 788 τού
2639 734 2791 789 ὁλκοῦ
2840 734 3264 788 ἀνεπιϐούλευτον
3316 730 3624 808 διατηρεῖν·
3692 738 3751 786 εκ
3800 730 3858 785 δε

2248 831 2344 885 τῆς
2396 830 2702 898 περιστερᾶς
2770 827 2829 876 τὸ
2887 824 3106 884 ἄκακον,
3167 827 3258 874 καὶ
3301 825 3359 873 τὸ
3415 819 3710 892 ἀνέχεσθαι.
3736 831 3856 873 ,τῶν

2249 909 2595 980 ἀδικούντων,
2648 918 2739 965 x0:i
2790 918 2863 985 μὴ
2937 910 3276 984 ἀμύνασθαι·
3344 909 3705 986 ἀφαιρουμένη

2248 1006 2315 1059 τὰ
2350 1006 2553 1055 νεόττια
2602 1007 2805 1077 στέργει
2847 1006 2940 1060 τὴν
2992 1000 3230 1069 ἀδικίαν,
3286 1009 3378 1063 τῆς
3428 1000 3597 1062 οἰκίας
3643 1000 3745 1053 οὐκ
3784 1000 3861 1064 ἕξ-

2251 1095 2501 1162 ισταμένη
2524 1112 2537 1124 ·
2573 1096 2663 1143 καὶ
2696 1086 2864 1143 ταῦτα
2895 1094 3028 1163 μόνα
3061 1089 3274 1159 ζηλοῦν,
3306 1092 3374 1142 τὰ
3407 1086 3457 1142 δ’
3493 1089 3626 1142 ἄλλα
3679 1088 3863 1163 πόρρω

2248 1198 2348 1241 που
2376 1177 2730 1252 ἀπορρίπτειν.
2763 1175 2928 1232 Τοῦτο
2961 1184 3053 1231 καὶ
3082 1181 3148 1231 σὺ
3172 1182 3394 1239 ποίησαν
3419 1199 3433 1211 ’
3466 1183 3559 1231 καὶ.
3606 1183 3672 1229 τὸ
3726 1180 3863 1251 εὑρι-

2253 1272 2499 1340 σκόμενον
2530 1266 2580 1320 ἐν
2607 1274 2714 1326 τοῖς
2744 1272 2984 1327 Λατίνοις
3035 1265 3211 1328 καλὸν,
3242 1269 3301 1319 τὸ
3338 1261 3399 1321 δέ
3439 1264 3553 1318 ἐστι
3605 1270 3669 1320 τὸ
3731 1265 3865 1338 βρα-

2252 1352 2467 1430 δύτερον
2512 1355 2724 1425 ἐσθίειν,
2800 1355 3035 1418 ζηλωσον
3065 1377 3076 1387 ·
3130 1358 3189 1408 τὸ
3230 1351 3290 1408 δὲ
3336 1354 3654 1427 πολυφαγείν
3709 1356 3865 1408 ἔασον

2246 1446 2376 1520 παρ’
2415 1444 2646 1507 ἐκείνοις.

2240 1533 2557 1591 ωιιωιειιιθ.
2589 1532 2965 1590 Crebriorem
2993 1549 3138 1590 vero
3191 1532 3308 1590 cibi
3358 1533 3779 1606 sumptionem
3809 1538 3872 1590 et

2325 1622 2387 1675 Ei
2447 1618 2508 1674 δι
2560 1622 2744 1694 λέγεις,
2783 1621 2941 1676 Ἀλλὰ
2972 1630 3198 1694 νικῶμαι
3241 1623 3343 1675 ὑπὸ
3381 1630 3479 1685 τῆς
3522 1627 3728 1693 πείνης,
3772 1627 3871 1674 καὶ

2251 1720 2434 1773 πεινὼς
2491 1711 2682 1765 ἐσθίειν
2729 1710 3231 1783 χαταναγκάζομαι.
3276 1710 3445 1772 ἄλλως
3498 1714 3602 1783 γὰρ
3653 1714 3715 1764 τὸ
3756 1707 3871 1763 δει-

484 1815 621 1855 care
664 1814 866 1871 cogor,
923 1801 1254 1872 praesertim
1331 1817 1470 1857 cum
1513 1801 1661 1857 alias
1716 1806 1922 1857 venter
1982 1799 2142 1854 mata

2254 1804 2335 1852 νόν
2363 1802 2560 1874 θηρίον,
2591 1802 2622 1858 ἠ
2650 1798 2842 1866 κοιλία,
2884 1799 2989 1870 οὐχ
3041 1800 3333 1873 ήμοροῡται
3358 1820 3371 1833 ο
3396 1798 3521 1872 ἐμοῦ
3574 1799 3872 1873 ἀποκρινο-

484 1888 679 1944 bestia
708 1889 804 1958 sit,
835 1895 892 1946 et
939 1890 1144 1947 nescia
1190 1891 1476 1961 cicurari;
1511 1890 1652 1948 aud:
1708 1890 1853 1961 quid
1900 1904 2143 1960 respon-

483 1978 682 2034 deam.
712 1978 936 2035 ldcirco
990 1984 1229 2052 tempus
1259 1979 1374 2035 hoc
1400 1979 1635 2050 jejunii,
1668 1979 1898 2047 dilecte,
1956 1984 2013 2034 et
2059 1982 2146 2032 est

478 2071 543 2123 et
567 2065 801 2134 dicitur,
836 2074 900 2124 ut
953 2069 1314 2125 esuriamus.
1362 2072 1429 2123 Et
1471 2069 1577 2140 qui
1630 2068 1855 2124 famem
1885 2067 2053 2135 fugit,
2095 2065 2145 2120 is

482 2153 634 2228 fugit
679 2162 736 2213 et
776 2157 1111 2229 jejunium,
1145 2164 1203 2214 et
1231 2159 1562 2215 satietatem
1613 2157 1898 2229 sequitur.
1933 2161 2004 2211 At
2055 2171 2145 2211 sa-

487 2244 659 2299 tietas
686 2251 745 2300 et
771 2245 1070 2315 jejunium
1100 2247 1181 2302 ita
1212 2246 1325 2302 sibi
1353 2246 1769 2310 adversantur,
1803 2246 1956 2301 sicut
1985 2260 2146 2316 aqua

484 2339 540 2389 et
563 2332 744 2401 ignis.
774 2334 1037 2399 Quando
1067 2341 1266 2389 autem
1300 2335 1512 2395 esuris,
1545 2335 1606 2389 in
1637 2340 1900 2389 mentem
1930 2349 2147 2388 revoca

483 2425 541 2476 et
591 2426 804 2492 reputa
837 2422 1104 2493 paradisi
1151 2422 1419 2490 delicias,
1473 2428 1529 2478 et
1576 2438 1786 2478 eorum
1831 2438 1967 2493 quas
2015 2422 2144 2477 istic

485 2513 625 2564 sunt
645 2507 947 2565 bonorum
962 2509 1336 2577 -fruitionem,
1364 2510 1749 2583 futuramque
1778 2509 2055 2581 gloriam,
2087 2516 2145 2566 et

485 2598 653 2669 aperi
704 2613 775 2653 os
824 2603 1018 2667 tuum,
1051 2604 1106 2654 et
1132 2598 1318 2670 imple
1377 2599 1676 2656 Davidicis
1733 2598 2033 2663 cantibus,
2089 2604 2146 2654 et

492 2684 676 2740 libere
707 2685 788 2743 ad
817 2685 1118 2742 Christum
1146 2686 1365 2742 dicito:
1405 2709 1424 2735 α
1464 2689 1586 2760 Ego
1634 2703 1773 2747 vero
1824 2687 1883 2742 in
1917 2684 2143 2758 justitia

486 2773 798 2845 apparebo
829 2775 1172 2846 conspectui
1207 2782 1328 2842 tuo,
1346 2776 1612 2832 satiabor
1632 2792 1773 2831 cum
1801 2776 2145 2848 apparuerit

486 2861 631 2918 mihi
662 2861 854 2932 gloria
910 2868 1013 2918 tua
1065 2865 1133 2931 ⁸⁵,
1168 2886 1197 2913 υ
1257 2881 1395 2920 cum
1453 2865 1679 2922 veneris
1734 2882 1874 2921 cum
1923 2867 2143 2921 sanctis

485 2950 713 3021 angelis
740 2950 855 3008 tuis
884 2952 1131 3017 reddere
1190 2954 1515 3027 unicuique
1573 2955 1909 3011 secundum
1961 2969 2146 3026 opera

486 3054 615 3095 sua.
640 3042 891 3096 Summa
919 3042 1200 3098 orationis
1221 3043 1293 3098 sit
1317 3060 1328 3097 :
1367 3044 1473 3099 Per
1492 3043 1708 3100 multas
1734 3042 2146 3100 tribulationes

481 3136 714 3201 oportet
760 3146 875 3186 nos
916 3131 1148 3202 ingredi
1214 3133 1278 3188 in
1325 3149 1578 3204 regnum
1631 3132 1941 3203 caelorum,
2003 3148 2144 3193 cum
2179 3168 2237 3220 Cp

482 3238 511 3268 (ι
545 3224 803 3288 angusta
836 3224 895 3275 et
943 3225 1109 3275 arcta
1136 3220 1213 3276 sit
1257 3221 1375 3289 via,
1405 3236 1544 3293 quia
1599 3221 1763 3277 ducit
1808 3220 1885 3283 ad
1938 3221 2140 3287 vitam,

480 3305 603 3362 lata
624 3321 762 3362 vero
783 3312 840 3362 et
856 3308 1143 3378 spatiosa,
1166 3325 1303 3380 quae
1319 3308 1485 3366 ducit
1506 3310 1584 3366 ad
1604 3309 1999 3382 perditionem
2019 3311 2087 3364 ⁸⁸.
2112 3331 2140 3361 ››

485 3395 542 3450 Si
591 3393 669 3449 ad
694 3394 875 3450 vitam
906 3400 1193 3453 mternam
1223 3398 1532 3468 pervenire
1560 3397 1729 3471 velis,
1786 3398 2144 3471 amplectere

483 3496 575 3553 ea,
635 3497 775 3553 quae
825 3497 1077 3543 sensum
1141 3484 1419 3555 afﬂigunt
1488 3491 1544 3542 et
1590 3489 1961 3543 contristant.
2014 3486 2147 3542 Alia

482 3569 644 3625 enim
670 3569 766 3625 via
789 3571 849 3625 in
872 3586 1008 3627 eam
1027 3570 1262 3642 ingredi
1281 3589 1404 3631 non
1423 3573 1579 3637 licet,
1612 3576 1660 3631 si
1687 3580 1890 3631 autem
1919 3574 2145 3646 fugien-

485 3657 564 3713 do
590 3658 672 3725 id,
706 3658 873 3731 quod
903 3675 1189 3731 asperum
1221 3667 1278 3718 et
1304 3661 1704 3730 laboriosum,
1755 3663 2146 3720 declinaVeris

483 3747 559 3803 ad
592 3747 672 3813 id,
704 3747 870 3819 quod
900 3749 1233 3821 spatiosum
1266 3756 1372 3818 est,
1417 3752 1655 3809 noveris
1708 3753 1892 3808 ﬁnem
1938 3754 2145 3824 hujus-

484 3835 718 3891 cemodi
747 3837 855 3892 vias
903 3853 1033 3893 esse
1061 3839 1261 3910 ignem
1294 3839 1741 3899 inexstinctum.
1794 3847 1851 3896 et
1880 3856 2143 3897 vermem

482 3925 889 3997 irrequietum.
922 3929 1065 3982 Ecce
1094 3929 1444 3985 testificatus
1501 3929 1603 3984 tibi
1630 3946 1786 4000 sum,
1821 3936 1880 3985 et
1909 3929 2143 3985 ostendi

481 4013 635 4069 duas
662 4013 803 4069 istas
834 4014 976 4084 vias,
1009 4022 1067 4071 et
1108 4021 1415 4089 utriusque
1458 4018 1671 4073 exitus.
1707 4018 1965 4073 Gradere
1996 4033 2143 4090 qua-

482 4117 720 4174 cunque
752 4103 933 4158 voles.
985 4106 1105 4159 Hoc
1169 4121 1359 4161 unum
1392 4112 1445 4162 te
1484 4106 1762 4175 ignorare
1806 4106 1968 4173 nolo,
2009 4105 2144 4162 licet

481 4191 617 4263 quis
642 4196 883 4246 centum
905 4192 1125 4247 saecula
1145 4193 1203 4248 in
1226 4194 1340 4249 hoc
1368 4194 1599 4251 mundo
1615 4194 1939 4265 afﬂigatur,
1968 4195 2029 4249 id
2056 4202 2141 4251 to-

487 4287 612 4334 tum
639 4280 787 4334 nihil
834 4296 965 4336 esse
1020 4281 1094 4335 ad
1142 4282 1441 4338 cruciatus
1489 4284 1581 4338 vel
1636 4285 1812 4340 unius
1840 4283 1980 4350 diei,
2034 4288 2141 4357 qui

482 4373 626 4423 sunt
645 4367 705 4421 in
736 4368 1037 4436 gehenna.
1071 4370 1303 4425 Utinam
1331 4386 1471 4426 vero
1502 4372 1680 4426 nobis
1704 4372 2011 4442 contingat
2034 4388 2141 4444 per

485 4453 732 4527 pusillas
812 4454 1243 4525 tribulationes,
1310 4463 1367 4514 et
1434 4459 1767 4515 mediocres
1842 4474 2140 4517 aerumnas

485 4541 908 4615 malorumque
956 4545 1379 4617 perpessiones
1432 4552 1720 4604 aeternam
1760 4549 2026 4605 invenire
2079 4552 2138 4607 in

483 4631 648 4687 caelis
673 4631 962 4703 requiem,
1016 4634 1208 4703 gratia
1256 4641 1312 4690 et
1355 4635 1726 4693 humanitate
1775 4638 2008 4694 Domini
2042 4640 2139 4696 Dei

482 4728 541 4777 et
561 4721 885 4778 Salvatoris
916 4724 1101 4779 nostri
1143 4725 1281 4781 Iesu
1332 4724 1584 4789 Christi;
1615 4727 1729 4799 ipsi
1760 4727 1952 4797 gloria
1999 4745 2139 4785 cum

484 4812 653 4867 Patre
692 4811 989 4885 principio
1043 4816 1301 4885 carente,
1345 4818 1402 4869 et
1448 4829 1588 4871 cum
1638 4821 1845 4873 sancto
1889 4822 1946 4873 et
1998 4833 2140 4874 vere

481 4901 821 4959 viviﬁcante
855 4903 1094 4976 Spiritu,
1146 4919 1309 4960 nunc
1338 4908 1397 4961 et
1452 4920 1691 4979 semper
1721 4913 1778 4964 et
1805 4908 1868 4964 in
1918 4907 2140 4965 sascula

481 4991 861 5049 saeculorum.
885 4997 1096 5049 Amen.

1297 5101 1361 5156 V.

482 5206 557 5261 1n
582 5205 776 5263 divini
801 5196 1066 5277 corporis
1085 5210 1330 5265 Domini
1351 5224 1420 5267 ac
1442 5208 1775 5269 Saluatoris
1786 5215 1977 5268 nostri
1998 5213 2143 5269 Jesu

627 5295 859 5353 Christi
885 5299 1279 5369 sepulturam,
1313 5299 1375 5355 in
1410 5298 1506 5355 die
1529 5300 1742 5370 Magni
1766 5300 2031 5357 Sabbati.

2252 1893 2406 1961 μένου
2430 1909 2515 1941 σοι
2540 1890 2716 1945 ἄκουε.
2745 1891 2843 1941 Διὰ.
2862 1895 3037 1957 τοῦτο,
3076 1885 3327 1960 ἀγαπητξ,
3361 1890 3388 1940 ὁ
3436 1891 3618 1959 καιρὸς
3676 1890 3873 1951 οὑτοσί

2253 1982 2502 2049 νήστιμος
2554 1976 2756 2047 λέγεται
2804 1981 2895 2029 καὶ
2975 1979 3138 2046 ἔστιν,
3221 1976 3304 2028 ἵνα
3364 1983 3635 2048 πεινῶμεν.
3680 1976 3744 2028 Ὀ
3806 1973 3875 2029 δε

2255 2069 2454 2139 φεύγων
2481 2070 2576 2123 τὴν
2625 2072 2800 2118 πεῖναν
2854 2067 3029 2137 φεύγει
3056 2070 3147 2119 καὶ
3193 2070 3287 2124 τὴν
3338 2071 3581 2125 νηστείαν
3638 2071 3732 2118 καί
3777 2069 3874 2118 τόν

2255 2161 2405 2230 κόρον
2434 2151 2750 2228 μεταδιώκει
2772 2176 2783 2187 ·
2815 2158 2968 2226 κόρος
2999 2150 3058 2207 δὲ
3092 2159 3182 2206 καὶ
3236 2159 3452 2211 νηστεία
3499 2156 3661 2216 οὕτως
3711 2153 3873 2207 ἐναν-

2256 2249 2362 2311 τία,
2390 2247 2454 2305 ὡς
2481 2240 2625 2316 ὕδωρ
2670 2248 2761 2296 καί
2812 2240 2936 2318 πῦρ.
2977 2241 3138 2296 Ὅταν
3197 2238 3256 2295 δὲ
3310 2249 3511 2314 πεινᾲς,
3548 2241 3876 2315 ἀναλογίζου

2254 2338 2347 2393 τὴν
2385 2342 2476 2386 τού
2507 2329 2832 2408 παραδείσου
2867 2336 3090 2407 τρυφὴν,
3141 2336 3231 2384 καὶ
3281 2336 3377 2390 τὴν
3428 2351 3528 2384 των
3584 2331 3688 2385 ἐκεῖ
3736 2330 3877 2393 ἀπὸ·

2254 2423 2440 2475 λαυσιν
2481 2421 2709 2492 ἀγαθῶν,
2749 2426 2840 2473 καὶ
2885 2426 2980 2479 τὴν
3013 2420 3300 2492 μέλλουσαν
3350 2417 3532 2491 δόξαν,
3588 2426 3681 2473 καὶ
3725 2423 3879 2473 ἄνοι-

2256 2513 2341 2577 ξον
2380 2531 2474 2564 σου
2496 2515 2552 2564 τὸ
2589 2516 2779 2583 στόμα,
2809 2514 2899 2562 καὶ
2931 2509 3207 2584 πλήρωσον
3260 2508 3508 2582 ᾀσμάτων
3542 2506 3871 2579 Δαυίδικῶν,

2255 2606 2346 2655 καὶ
2372 2605 2482 2654 εἰπε
2515 2605 2641 2677 πρὸς
2694 2603 2781 2653 τὸν
2815 2602 3047 2675 Χριστὸν
3107 2601 3239 2672 μετὰ
3284 2598 3617 2673 παρρησίας,
3648 2622 3677 2649 ιι
3732 2599 3876 2671 Ἐγὼ

2257 2687 2316 2747 δὲ
2338 2690 2386 2743 ἐν
2418 2687 2728 2763 δικαιοσύνῃ
2784 2689 3079 2762 ὀφθήσομαι
3115 2697 3189 2760 τῷ
3227 2695 3489 2763 προσώπῳ
3544 2708 3663 2756 σου,
3714 2678 3875 2764 χαρ-

2255 2782 2596 2853 τασθησοειαι
2657 2778 2705 2831 ἐν
2761 2787 2828 2849 τῷ
2877 2778 3103 2850 ὀφθῆναί
3160 2783 3397 2850 μοιντήν
3458 2774 3617 2842 δόξαν
3673 2797 3795 2844 σου,
3838 2802 3873 2828 ι»

2256 2871 2377 2922 ὅταν
2440 2869 2593 2938 ὒιθῃς
2655 2871 2784 2940 μετὰ
2817 2867 2974 2939 ἁγίων
3028 2862 3255 2938 ἀγγέλων
3312 2864 3604 2920 ἀποδοῦναι
3652 2866 3869 2939 ﬁxam-10.»

2255 2961 2393 3010 κατὰ
2411 2960 2476 3011 τὰ
2505 2960 2632 3031 ἔργα
2664 2956 2848 3010 αύτού.
2883 2955 3167 3028 Κεφάλαιον
3206 2964 3299 3009 του
3349 2955 3503 3027 λόγου
3526 2978 3538 2989 ·
3579 2959 3675 3009 Διὰ
3729 2956 3870 3010 πολ-

2254 3047 2353 3101 λων
2413 3045 2631 3117 θλίψεων
2688 3041 2769 3098 δεῖ
2817 3047 2952 3119 ἡμᾶς
3010 3044 3254 3099 εἰσελθεῖν
3302 3044 3377 3107 εἰς
3430 3050 3524 3105 τὴν
3582 3044 3869 3118 βασιλείαν

2254 3145 2354 3189 τῶν
2411 3134 2660 3209 οὐρανῶν,
2714 3133 2827 3187 ἐπεὶ
2875 3157 2897 3185 ι
2943 3140 3095 3193 στενὴ
3150 3139 3241 3187 καί
3273 3134 3583 3207 τεθλιμμένη
3642 3139 3675 3195 ἡ
3716 3133 3869 3203 ὁδὸς,

2254 3226 2284 3284 ἡ
2312 3222 2594 3296 ἀπάγουσα
2620 3226 2750 3298 πρὸς
2777 3227 2873 3281 την
2901 3223 3063 3291 ζωὴν,
3112 3222 3332 3277 πλατεῖα
3382 3219 3445 3289 δε
3468 3229 3559 3277 καὶ
3613 3224 3867 3298 εὐρύχω-

2252 3331 2340 3386 ρος
2369 3314 2399 3371 ἡ
2433 3316 2664 3386 φέρουσα
2706 3311 2779 3373 εἰς
2806 3374 2809 3377 ν
2838 3316 2933 3369 την
2979 3309 3254 3366 ἀπώλειαν.
3296 3330 3327 3365 si
3367 3310 3507 3377 Ἐὰν,
3533 3310 3681 3381 θελης
3736 3331 3867 3391 κατ-

2254 3408 2480 3459 αντῆσαι
2533 3403 2600 3462 εἰς
2656 3404 2751 3459 τήν
2800 3402 3008 3452 αἰώνιον
3062 3399 3221 3461 ζωὴν,
3293 3396 3584 3463 κατάδεξαι
3621 3404 3690 3454 τὰ
3754 3401 3866 3453 θλι-

2255 3488 2380 3563 ϐερὰ
2426 3488 2806 3549 καὶλυποῡντα
2851 3493 2946 3546 τὴν
2986 3490 3270 3547 αἴσθησινο
3311 3487 3601 3561 ἀλλαχόθεν
3646 3492 3749 3566 γὰρ
3799 3491 3867 3550 εἰς

2250 3581 2447 3641 ταύτην
2507 3576 2850 3649 ἐπενεχθῆναι
2912 3573 3190 3632 ἀδύνατον.
3253 3578 3374 3633 Ἐὰν
3433 3575 3493 3631 δὲ
3543 3581 3744 3650 φεύγων
3805 3584 3865 3632 τὸ

2253 3669 2430 3743 τραχύ
2460 3672 2551 3719 καὶ
2584 3664 2824 3720 ἐπίπονον
2856 3669 2986 3741 πρὸς
3019 3660 3129 3726 τὴν
3148 3667 3450 3742 εὐρύχωρον
3505 3671 3856 3742 napum)ng

2251 3761 2493 3828 γίνωσκε,
2523 3757 2690 3808 ὅτιτὸ
2727 3754 2869 3817 τέλος
2921 3764 3014 3817 τῆς
3061 3758 3310 3817 τοιαύτης
3359 3752 3491 3809 ὀδοῦ
3546 3763 3652 3830 πῦρ
3715 3755 3864 3809 ἔστιν

2252 3843 2534 3913 ἄσϐεστον,
2609 3849 2700 3896 καὶ
2775 3842 2982 3906 σκώληξ
3033 3842 3341 3915 ἀκοίμητος.
3386 3839 3527 3896 Ἰδού
3568 3840 3864 3917 διεμαρτυ-

2250 3935 2418 4007 ράμην
2480 3937 2567 3986 καὶ
2602 3928 2852 3994 ὑπέδειξα
2907 3950 2992 3985 σοι
3033 3934 3127 3993 τὰς
3180 3928 3278 3985 δύο
3317 3928 3492 3999 ὁδοὺς,
3530 3938 3622 3986 καὶ
3658 3936 3729 3986 τὰ.
3758 3931 3861 4006 01p-

2253 4026 2476 4094 φοτέρων
2522 4026 2925 4093 καταντὴριατα·
2991 4020 3052 4078 ἣν
3087 4021 3148 4072 ἂν
3200 4019 3347 4093 θίλης
3401 4016 3615 4092 βάδιζε.
3668 4020 3759 4075 ⁴Εν
3800 4019 3865 4076 δε

2252 4119 2403 4163 τοῦτο
2434 4110 2559 4163 θελω
2597 4105 2789 4162 εἰδέναι
2818 4128 2896 4178 σε,
2945 4111 3026 4162 ὃτι
3068 4109 3164 4161 κᾶν
3199 4109 3349 4170 ὅλους
3401 4109 3583 4162 ἑκατὸν
3628 4116 3866 4185 χρόνους

2224 4201 2599 4272 ’κακοπαθήση
2643 4218 2719 4261 τις
2746 4196 2794 4250 ἐν
2823 4206 2897 4269 τῷ
2928 4203 3111 4273 κόσμῳ
3146 4201 3332 4271 τούτῳ,
3370 4194 3523 4251 οὐδέν
3559 4196 3675 4251 ἔστι
3726 4205 3866 4273 πρὸς

2249 4296 2370 4361 μίαν
2400 4290 2595 4360 ἡμέραν
2640 4294 2728 4340 τού
2781 4284 2830 4339 ἂν
2864 4295 2926 4359 τῇ
2988 4291 3163 4360 γεέννῃ
3228 4283 3592 4360 βασανισμοῦ.
3651 4293 3689 4342 Γ
3690 4293 3865 4342 ἑνοίτο

2250 4374 2312 4430 δὲ
2349 4380 2469 4450 ἡμῖν
2519 4382 2608 4429 καὶ
2662 4373 2757 4429 διὰ
2801 4385 2998 4451 μικρῶν
3032 4396 3201 4429 ητινων
3252 4375 3472 4447 θλίψεων
3506 4383 3598 4430 καί
3645 4382 3865 4450 μετρίας

2247 4474 2341 4528 τῆς
2392 4469 2686 4537 κακουχίας
2740 4465 2951 4517 αἰωνίαν
3010 4466 3253 4538 εὑρέσθαι
3303 4463 3598 4518 ἀνάπαυσιν
3652 4464 3703 4517 ἓν
3747 4473 3866 4530 τοῖς

2249 4555 2482 4631 οὐρανοῖς
2556 4556 2744 4629 χάριτι
2802 4558 2892 4606 καὶ
2955 4553 3311 4629 φιλανθρωπίᾳ
3368 4561 3461 4607 τοῦ
3515 4559 3717 4628 Κυρίου
3766 4562 3862 4609 καὶ

2250 4652 2384 4697 Θεοῦ
2437 4648 2526 4696 καὶ
2575 4650 2808 4718 Σωτῆρος
2859 4634 3006 4714 ἡμῶν
3060 4636 3237 4702 Ἰησοῦ
3300 4650 3568 4716 Χριστοῦ·
3623 4642 3767 4717 αύτῷ
3822 4646 3857 4703 ἡ

2249 4730 2383 4796 δόξα
2408 4737 2502 4785 σὺν
2528 4740 2600 4802 τῷ
2657 4730 2874 4805 ἀνάρχῳ
2924 4732 3089 4785 αὐτοῦ
3148 4736 3316 4807 Πατρὶ
3343 4736 3435 4785 καὶ
3484 4740 3561 4803 τῷ
3612 4739 3861 4805 παναγίῳ

2247 4827 2337 4875 καὶ
2388 4819 2593 4882 ἀληθῶς
2633 4821 2871 4891 ζωοποιῷ
2915 4822 3176 4892 Πνεύματι
3209 4827 3299 4872 νῦν
3331 4824 3422 4873 καὶ
3474 4819 3575 4891 ἀεὶ,
3626 4827 3723 4874 καὶ
3785 4822 3863 4885 εἰς

2246 4914 2369 4971 τούς
2389 4910 2575 4970 αἰῶνας
2599 4917 2697 4980 τῷν
2735 4909 2950 4981 αἰῳνων.
2987 4908 3172 4983 Ἀμήν.

2977 5032 3048 5086 Ε’.

2251 5159 2334 5220 Εἰς
2410 5163 2504 5234 τὴν
2561 5160 2822 5234 θεόσωμον
2901 5162 3068 5231 ταφὴν
3114 5164 3208 5210 τοῦ
3262 5161 3461 5234 μυρίον
3681 5131 3863 5220 Σέτῆ-

2321 5249 2407 5304 ρος
2470 5232 2616 5305 ᾑμῶν
2674 5230 2879 5305 Liviam}
2952 5236 3189 5303 Χριστοῦ
3261 5230 3352 5282 ἕν’
3397 5237 3462 5302 τῇ
3527 5231 3705 5305 ἡμέρᾳ
3764 5240 3862 5286 τοῦ

2323 5299 2564 5373 Μεγάλου
2591 5299 2879 5355 Σαϐϐάτου.

1210 5477 1437 5547 (Exstat
1459 5475 1612 5533 inter
1646 5475 1928 5534 homilias
1954 5469 2232 5538 Germani
2259 5481 2303 5552 I,
2328 5478 2680 5554 Patrologias
2706 5480 2855 5539 tom.
2891 5470 3120 5550 XCVIII,
3148 5478 3262 5538 col.
3294 5462 3444 5552 243}.

555 5636 578 5671 ⁸
608 5631 763 5691 Psal.
786 5647 910 5706 XVI,
945 5638 1039 5697 15..
1058 5636 1105 5672 ⁶⁶
1135 5634 1339 5694 Matth.
1359 5651 1461 5694 vn.
1493 5639 1581 5694 14.
