4020 6310
516 314 623 372 679

521 438 765 498 Galilseaa
783 441 1054 497 versetur
1082 436 1342 511 (Galilma
1367 439 1590 511 autem,
1616 435 1674 494 vi
1695 436 1855 494 vocis
1887 436 2173 509 spectata.

519 528 812 586 humilem
839 527 1039 585 locum
1076 526 1416 599 signiﬁcat),
1448 531 1647 600 atque,
1683 530 1743 582 ut
1769 525 2043 583 humana
2068 522 2179 580 fert

523 617 809 686 conditio,
838 617 975 674 vitae
1004 616 1186 689 hujus
1211 614 1430 673 vallem
1458 614 1860 690 perambulet,
1892 612 2003 670 etsi
2031 627 2177 687 pau-

522 721 663 780 pere
685 705 841 763 fabri
869 710 1022 763 tecto
1049 704 1113 762 in
1141 706 1430 763 Nazareth
1452 720 1518 762 se
1546 704 1869 762 contineat.

593 796 687 851 lll.
721 795 851 860 Qua
877 793 1126 868 quidem
1171 793 1235 850 in
1285 810 1349 852 re
1379 809 1672 865 magnum
1698 797 1989 867 praeterea
2034 790 2179 848 latet

520 882 909 957 mysterium;
934 886 991 940 et
1017 882 1182 957 quod
1208 882 1412 957 utique
1439 884 1618 941 etiam
1642 883 1704 940 in
1730 880 2046 956 proverbio
2066 884 2175 946 est,

521 987 554 1029 c
582 970 768 1029 domo
797 976 1020 1045 praesto
1045 976 1130 1029 est
1163 971 1575 1030 testimonium
1601 973 1700 1043 (9).
1735 974 1884 1029 Nam
1913 969 2175 1044 paterfa-

520 1059 739 1128 milias,
762 1065 820 1118 et
842 1076 939 1119 ars
962 1060 1213 1127 fabrilis,
1240 1076 1427 1135 quam
1451 1061 1581 1134 ipse
1606 1065 1859 1128 exercet,
1891 1073 2175 1132 compen-

522 1148 715 1207 diario
734 1153 926 1207 totum
955 1148 1146 1207 oculis
1178 1150 1535 1222 mysterium
1562 1148 1911 1221 subjiciunt.
1941 1149 2008 1204 Et
2028 1161 2176 1203 sane

519 1237 616 1296 vel
638 1240 765 1312 ipse
792 1255 898 1296 rex
928 1238 1115 1297 David
1151 1243 1419 1312 testatur,
1465 1239 1652 1297 Verbo
1699 1238 1945 1296 Domini
1996 1237 2177 1294 caelos

519 1328 787 1399 ﬁrmatos
838 1328 1432 1401 esse(tO);Verbum
1481 1344 1663 1402 porro
1697 1326 2031 1384 subsistens
2061 1326 2173 1396 (11)

520 1417 782 1489 intellige
804 1417 1476 1490 etsupersubstantiale,
1508 1418 1615 1491 qui
1661 1432 1784 1473 non
1832 1415 2017 1472 modo
2044 1414 2175 1471 hsec

521 1506 655 1563 caeli
683 1522 973 1572 convexa,
1003 1505 1108 1562 sed
1132 1511 1189 1562 et
1235 1505 1570 1571 universas,
1620 1521 1757 1579 quae
1806 1504 1922 1561 hoc
1969 1503 2178 1561 omnia

521 1594 1026 1667 circumcingente
1052 1594 1285 1652 ambitu
1320 1595 1721 1666 continentur,
1749 1599 2053 1651 creaturas
2081 1608 2175 1649 ea-

521 1699 775 1757 rumque
794 1683 1070 1741 ordinem
1098 1683 1380 1741 ﬁrmavit.
1404 1687 1570 1741 Nunc
1590 1688 1794 1741 autem
1812 1683 1910 1740 hic
1932 1681 2179 1739 advenit

520 1773 602 1831 ad
622 1772 960 1847 collapsum
984 1771 1227 1829 Davidis
1246 1772 1702 1829 tabernaculum
1721 1786 1930 1828 rursus
1951 1771 2177 1841 erigen-

1678 303 1992 370 GERMANI
2016 296 2063 363 ΙΙ
2092 301 2204 366 CP.
2236 300 2701 376 ΡΔἸἮῘΑΒΟΗΑΞ

3795 321 3903 377 680

2286 434 2457 508 λαίας,
2491 440 2559 503 εἰς
2613 442 3001 503 κατακνλιστήν
3045 441 3106 497 δέ
3157 444 3187 503 ἠ
3239 442 3492 499 Γαλιλαία
3545 424 3904 518 ptrue/lenti.

2290 524 2455 592 ζιται,
2486 535 2576 584 καὶ
2615 537 2710 592 τὴν
2738 540 2830 586 τοῦ
2867 532 2995 607 βίου
3044 528 3273 587 κοιλάδα
3329 542 3469 606 ποιτῇ
3532 534 3901 609 ἀνθρωποπρι-

2287 624 2419 681 πῶς,
2452 620 2547 672 κοῖν
2575 625 2661 675 ἐπὶ
2696 630 2796 685 τῆς
2828 623 3074 698 Ναζαρέτ
3122 630 3197 695 τῷ
3246 630 3483 698 πενιχρῷ
3512 628 3609 676 τοῦ
3666 626 3900 682 τέκτονος

2287 706 2622 779 ουγκλιίηται
2658 712 2931 786 οἰκήματι.

2357 795 2428 853 Γ’.
2458 801 2547 854 Ἐν
2669 798 2738 861 δή
2800 809 2892 857 καὶ
2946 806 3006 856 τὸ
3061 805 3197 877 μέγα
3249 807 3534 876 μυστήριον
3586 799 3902 874 ἐνθαλαμεύ-

2286 904 2396 939 εται
2431 909 2445 923 ·
2482 894 2574 943 καὶ
2631 890 2716 964 ἀφ’
2755 895 2933 956 ἱστίας
2960 894 2988 945 6
3039 895 3262 968 μάρτυς,
3304 895 3331 945 ὅ
3378 888 3553 952 δήπου
3606 897 3704 944 καὶ
3756 891 3897 964 λέγι-

2284 993 2393 1032 ται.
2456 985 2520 1031 ’0
2580 982 2681 1055 γὰρ
2749 978 3128 1045 οἰκοδεσπότης
3183 984 3364 1034 καὶτὸ
3419 984 3608 1034 τοὺτου
3646 983 3902 1053 τεχνούρ-

2283 1085 2433 1141 γημα
2483 1072 2542 1122 τὸ
2604 1077 2708 1124 πᾶν
2763 1074 2813 1125 ho
2875 1072 3030 1145 ὀλίγῳ
3091 1068 3372 1145 διαγράφει
3428 1076 3758 1145 μυστήριον.
3814 1077 3898 1140 Τῷ

2283 1154 2417 1229 λόγῳ
2473 1162 2565 1231 μέν
2628 1159 2717 1212 οὖν
2784 1165 2980 1236 Κυρίου
3044 1159 3391 1235 ἕστεριῶσθαι
3440 1163 3562 1223 τοὺς
3618 1158 3898 1228 οὐρανούς,

2284 1250 2375 1298 καὶ
2400 1247 2427 1297 6
2485 1246 2734 1321 βασιλεύς
2772 1247 2940 1303 Δαυῑδ
2990 1257 3246 1326 μαρτυρεῖ
3272 1270 3286 1284 ο
3318 1252 3345 1302 6
3385 1245 3446 1303 δέ
3485 1248 3637 1321 λόγος
3665 1247 3900 1309 ἐνούσιος

2286 1341 2375 1389 καὶ
2400 1337 2725 1411 ὑπερούσιος·
2763 1344 2852 1393 καὶ
2895 1338 2955 1393 οὗ
3011 1343 3098 1392 τὸν
3138 1344 3320 1413 ιῇοοφον
3378 1346 3556 1392 τοῦτον
3611 1341 3899 1412 ἐστερέωσι

2285 1430 2458 1498 μόνον,
2494 1426 2621 1480 ἀλλὰ
2668 1433 2757 1482 καὶ
2803 1434 2977 1482 πᾶσαν
3007 1434 3101 1490 τήν
3154 1428 3296 1490 ἐντὸς
3354 1437 3447 1491 τῆς
3504 1445 3899 1499 παντοστεγους

2288 1519 2514 1589 σφαίρας
2557 1514 3049 1591 ἐμπεριειλημμένην
3104 1520 3363 1571 σύστασίν
3405 1536 3457 1570 τε
3512 1521 3605 1569 καὶ
3673 1519 3899 1590 σύγκρι-

2289 1622 2391 1658 σιν.
2449 1603 2598 1658 "Hm
2636 1602 2695 1659 δί
2736 1614 2824 1659 νῦν
2855 1612 2948 1667 τὴν
2996 1616 3326 1661 πεπτωκυῖαν
3384 1614 3476 1659 τοῦ
3532 1602 3706 1659 Δαυῑδ
3771 1624 3901 1663 σκηη

2284 1697 2377 1752 νήν
2480 1692 2805 1767 αναστήτων,
2866 1700 2956 1750 καὶ
3055 1696 3355 1749 ἀνανεώσων
3448 1694 3897 1768 ἐπιτερπέστερον.

2288 1781 2673 1838 Ἐκλελοίπασιν
2725 1787 2777 1838 οἱ
2841 1784 2896 1838 ἐκ
2961 1793 3055 1850 τῆς
3120 1781 3302 1840 Ἰούδα
3362 1785 3524 1859 φυλῆς
3589 1786 3854 1858 ἄρχοντες
3884 1820 3899 1834 .

522 1863 692 1934 dum,
722 1839 800 1920 ac
823 1860 1154 1934 jucundius
1180 1862 1292 1933 (12)
1318 1861 1801 1919 restaurandum.
1837 1839 2176 1918 Defecerant

3008 1839 3054 1850 -.
3142 1839 3156 1840 η
3367 1839 3378 1859 ,
3476 1839 3524 1848 ..
3626 1839 3705 1858 ,,,
3838 1839 3852 1846 -

2292 1868 2690 1927 συνδιαὶίλυται
2718 1878 2807 1927 καὶ
2851 1877 2881 1933 ἠ
2943 1873 3191 1949 βασιλεία
3241 1871 3429 1942 Aeneid,
3497 1875 3642 1932 καὶὴ
3695 1876 3900 1925 τούτου

516 1952 648 2025 jam
678 1951 982 2025 principes
1011 1967 1044 2008 e
1087 1950 1247 2008 tribu
1275 1952 1466 2019 Juda;
1525 1951 1766 2008 Davidis
1813 1965 2059 2025 quoque
2092 1964 2177 2006 re-

523 2056 713 2113 gnum
767 2040 1133 2099 dissolutum
1181 2045 1326 2109 erat,
1383 2044 1441 2099 et
1491 2040 1670 2097 simul
1724 2039 2179 2097 tabernaculum

520 2130 649 2203 ejus
680 2134 1009 2188 corruerat.
1059 2134 1165 2186 Ast
1215 2129 1397 2187 hodie
1443 2130 1507 2186 in
1537 2130 1712 2187 domo
1744 2129 1946 2186 David
1989 2143 2180 2185 cornu

518 2220 734 2278 salutis
794 2221 1045 2291 erigitur
1093 2220 1239 2290 (t4);
1288 2219 1589 2292 siquidem
1633 2234 1666 2276 e
1711 2218 1937 2275 familia
1988 2217 2180 2275 David

521 2322 696 2364 suam
730 2306 1025 2378 Iosephus
1048 2306 1215 2362 ducit
1255 2305 1576 2376 originem.
1616 2306 1812 2362 Cornu
1841 2310 2043 2362 autem
2074 2319 2180 2362 no-

521 2399 655 2452 stra
685 2393 892 2451 salutis
924 2393 1310 2460 estChristus,
1330 2395 1589 2467 quicum
1616 2399 1671 2450 et
1694 2395 1907 2451 Patris
1926 2394 2180 2451 dilectus
2272 2406 2275 2411 '

520 2487 597 2541 sit
627 2485 821 2540 Filius
852 2484 989 2555 (l5),
1043 2482 1206 2539 ﬁlius
1266 2483 1650 2539 unicornium
1696 2483 2036 2557 appellatus
2067 2487 2177 2550 est,

521 2576 770 2630 canente
783 2570 1087 2629 Psalmista
1116 2590 1129 2627 :
1166 2574 1231 2627 Et
1243 2572 1311 2628 di
1313 2573 1498 2629 tectus
1507 2573 2003 2644 quemadmodum
2013 2573 2056 2642 ﬁ
2062 2573 2178 2629 tius

521 2660 1378 2732 unicorniumtt6).Namipse
1398 2659 1543 2716 etin
1589 2660 1763 2717 caelis
1802 2665 1869 2717 ut
1910 2660 2177 2731 unigeni-

521 2753 618 2807 tus
655 2765 729 2805 ex
769 2748 898 2805 solo
929 2750 1094 2805 Putre
1135 2752 1314 2805 natus
1344 2748 1584 2816 effulsit,
1616 2753 1674 2805 et
1700 2750 1759 2805 in
1790 2750 1963 2806 terris
1984 2766 2015 2806 e
2047 2748 2179 2806 sola

521 2841 713 2896 matre
740 2841 907 2894 ortus
936 2841 1025 2893 est
1061 2837 1123 2893 in
1152 2841 1442 2910 tempore,
1480 2838 1630 2909 ipse,
1689 2838 1962 2911 inquam,
1988 2838 2093 2911 qui
2121 2843 2180 2896 et

520 2928 879 2997 exspectatio
904 2928 1171 2998 gentium
1197 2927 1313 2998 (l7)
1343 2931 1592 2983 vocatus
1621 2926 1750 2984 fuit.
1807 2930 1924 2983 Hoc
1975 2928 2177 3001 itaque

521 3014 977 3073 tabernaculum
1001 3030 1211 3071 rursus
1242 3014 1521 3083 aedificat,
1552 3019 1836 3073 mternam
1871 3032 2046 3072 suam
2075 3032 2173 3089 ιρ-

522 3105 644 3162 sius
659 3103 939 3162 deitatem
960 3103 1295 3177 quamdam
1321 3103 1498 3160 veluti
1514 3103 1712 3161 basim
1735 3120 1805 3161 ac
1822 3104 2178 3161 fundamen-

521 3197 650 3250 tum
670 3193 1097 3250 inconcussum
1128 3207 1502 3265 supponens,
1535 3197 1594 3248 et
1622 3209 1806 3267 super
1840 3193 2001 3250 hanc
2029 3192 2176 3249 illud

2292 3206 2422 3266 τίζει
2487 3212 2580 3265 τήν
2638 3205 2908 3280 βασιλείαν

522 3287 824 3341 exstruens
839 3281 1185 3353 acﬁrmans,
1198 3281 1358 3353 quod
1377 3282 1626 3353 (sancto)
1653 3282 1869 3355 Spiritu
1896 3285 2178 3355 operante

524 3369 879 3444 assumpsit.
916 3372 979 3426 Et
995 3370 1111 3427 hac
1153 3369 1400 3442 quidem
1436 3371 1666 3428 ratione
1695 3386 1947 3441 regnum
1979 3370 2183 3432 statuit

528 3460 961 3531 sempiternum
986 3475 1000 3514 :
1022 3474 1168 3514 nam
1198 3461 1372 3529 regni
1394 3462 1523 3530 ejus
1543 3474 1661 3516 non
1680 3461 1792 3517 erit
1816 3461 1955 3529 ﬁnis
1978 3460 2111 3529 (18.)

595 3550 682 3603 1V.
716 3550 851 3604 Haec
885 3551 944 3604 et
991 3561 1098 3619 per
1125 3548 1451 3620 prophetas
1479 3548 1771 3621 praedicta
1823 3555 1978 3605 sunt.
2034 3549 2181 3605 Cum

525 3638 685 3696 enim
712 3636 827 3693 ista
854 3640 912 3693 et
938 3636 1035 3693 ille
1083 3636 1481 3709 polliceretur,
1532 3637 1638 3711 qui
1693 3638 1895 3695 fallere
1941 3638 2180 3694 nescius

524 3730 653 3784 est:
688 3729 818 3782 Post
846 3725 993 3796 haec,
1024 3726 1239 3797 inquit,
1272 3731 1565 3793 revertar,
1600 3732 1655 3783 et
1697 3728 2068 3798 rewdiﬁcabo
2095 3733 2180 3783 ta-

525 3816 917 3875 bernaculum
944 3816 1161 3887 David,
1224 3816 1384 3886 quod
1408 3816 1649 3882 decidit,
1707 3823 1763 3874 et
1808 3818 2015 3873 diruta
2049 3819 2180 3886 eius

523 3904 919 3975 reaediﬁcabo,
947 3910 1003 3961 et
1031 3906 1259 3976 erigam
1289 3905 1467 3975 illud,
1498 3910 1565 3960 ut
1615 3907 1933 3977 requirant
1983 3906 2183 3962 exteri

525 3994 827 4051 hominum
856 3994 1203 4062 Dominum,
1231 3998 1286 4049 et
1312 4007 1509 4049 omnes
1540 3997 1763 4063 gentes,
1817 4008 2001 4064 super
2028 4008 2177 4065 quas

523 4081 870 4139 invocatum
903 4086 988 4137 est
1014 4095 1229 4136 nomen
1258 4096 1453 4137 meum
1511 4095 1696 4149 super
1748 4095 1842 4137 eos
1886 4083 2025 4151 (l9).
2078 4081 2176 4137 Hic

524 4184 703 4242 porro
726 4173 786 4226 et
803 4172 1098 4242 tanquam
1127 4169 1284 4238 (apis
1310 4169 1624 4240 anguiaris
1646 4172 1758 4240 (20)
1778 4169 2015 4225 Iudaeos
2034 4184 2173 4225 cum

524 4257 807 4329 gentibus
824 4258 957 4330 conj
968 4257 1167 4329 ungit;
1194 4272 1265 4313 ac
1286 4272 1489 4327 pacem
1517 4273 1580 4314 se
1605 4259 1976 4315 annuntiare
1988 4259 2176 4328 proﬁ-

527 4413 973 4488 splendoribus,
992 4414 1173 4472 etiam
1189 4418 1516 4488 antequam
1551 4414 1631 4488 ab
1658 4415 1875 4485 angelo
1894 4416 2176 4473 salutare-

526 4485 644 4567 tur,
687 4485 970 4567 enitebat,
997 4493 1065 4541 ut
1092 4485 1321 4567 angelis
1347 4485 1728 4567 eminentior,
1758 4489 2039 4559 sanctior,
2067 4503 2178 4560 pu-

524 4556 668 4623 rior,
698 4555 1005 4629 pulchrior
1025 4555 1414 4629 praedicanda
1439 4557 1607 4612 foret.

599 4571 668 4623 >r,
698 4571 1003 4682 lpluicnrior
1025 4571 1414 4629 praedicanda
1439 4571 1607 4612 roret.

599 4628 676 4698 (9)
751 4626 873 4699 aud
901 4627 1113 4699 eodem
1139 4626 1315 4699 plane
1352 4643 1558 4693 sensu,
1618 4627 1700 4683 uti
1729 4632 1911 4699 patet,
1961 4632 2179 4687 Auctor

528 4696 1111 4771 usurpatadagium,
1145 4696 1248 4771 ἀφ’
1279 4696 1452 4760 ἑστίας
1499 4699 1525 4749 6
1565 4696 1782 4771 μάρτυῖς,
1832 4715 1901 4754 ac
1948 4708 2178 4758 veteres

529 4754 713 4845 Grtnéi
755 4754 959 4825 dicere
1001 4754 1459 4845 consueverunt,
1515 4754 1712 4845 οῖὶεοὸεν
1741 4754 1781 4821 δ’
1804 4754 2178 4845 purgandi;

529 4841 691 4897 enim
719 4845 1097 4916 postremum
1116 4841 1177 4916 in
1206 4841 1714 4916 testemquadrat,
1738 4841 1854 4916 cui,
1874 4841 2178 4916 tanquam

528 4911 952 4992 suspectouvix
982 4911 1105 4967 ulla
1143 4911 1294 4992 fides
1334 4911 1550 4992 haberi
1589 4912 1815 4992 possit:
1844 4912 1940 4992 _id_
1977 4911 2180 4992 autem

526 4983 1070 5066 prorsusalienum
1101 4988 1188 5038 est
1215 4998 1273 5066 ,ξι
1301 4998 1486 5066 scopo
1511 4983 1820 5066 Germany
1843 4984 2178 5066 Pptaverim

526 5052 749 5127 itaque,
778 5060 977 5111 testem
1004 5052 1506 5127 domesticum‘hic
1532 5052 1825 5127 appellari
1868 5054 2174 5121 Davidem,

529 5141 561 5181 e
586 5124 1072 5198 cujusiprogenie
1102 5130 1311 5198 sancta
1344 5124 1515 5194 Virgo
1542 5124 1748 5198 exorta
1772 5130 1879 5181 est.
1912 5128 2180 5182 Testatur

529 5195 732 5268 autem
762 5195 969 5263 David,
1002 5197 1061 5252 in
1093 5195 1288 5252 fabrili
1312 5200 1438 5268 arte
1480 5196 1721 5268 Iosephi
1751 5201 2019 5268 prostare
2051 5212 2179 5268 myf

531 5266 693 5340 stet-ii
713 5271 951 5340 typum,
980 5271 1279 5340 quatenus
1312 5266 1407 5322 Dei
1437 5266 1966 5340 Verbumexhibet
2001 5266 2180 5323 veluti

528 5336 710 5409 hujus
731 5336 1328 5409 universi'artiﬁcem,
1355 5337 1457 5409 qui
1479 5338 1617 5393 dein
1641 5337 1720 5393 ad
1740 5337 2078 5409 collapsum
2096 5343 2181 5394 ta-

527 5406 924 5464 bernaculum
945 5406 1409 5465 restaurandum
1440 5424 1692 5464 manum
1721 5406 2021 5466 admovet.

601 5478 717 5551 (10)
741 5478 895 5535 Psal.
924 5495 1107 5547 χχιιι,
1167 5485 1219 5537 6.
1263 5479 1445 5536 Verbo
1479 5480 1720 5537 Domini
1771 5481 1907 5537 caeli
1953 5481 2183 5551 ﬁrmati

528 5555 689 5605 sunt.

602 5619 715 5698 (11)
739 5620 1023 5692 Ἐνούσιος,
1067 5620 1164 5679 cui
1204 5619 1532 5696 opponitur
1574 5621 1726 5696 λόγος
1770 5626 2085 5697 προφορικός
2125 5626 2183 5682 et

2290 1956 2923 2037 αηνή’κατηριίπωται.
2975 1965 3257 2039 Ἐγείρεται
3310 1961 3369 2017 δὲ
3424 1966 3579 2039 κέρας
3629 1966 3905 2035 σωτηρίας

2291 2054 2518 2124 σήμερον
2555 2050 2603 2104 ἐν
2648 2054 2773 2125 οἴκῳ
2804 2049 2991 2123 Δαυῑδ,
3041 2056 3206 2106 εἰτουν
3260 2060 3352 2106 τοῦ
3408 2054 3465 2105 ἑκ
3503 2051 3667 2125 φυλῆς
3726 2047 3905 2103 Δαυῑδ

2287 2139 2752 2212 γενιαλογουμίνου
2814 2142 3026 2215 Ἰωσήφ.
3094 2145 3261 2216 Κέρας
3316 2137 3376 2195 δὲ
3431 2145 3689 2216 σωτηρίας
3747 2141 3904 2211 ἡμῶν

2290 2229 2315 2279 6
2346 2233 2597 2303 Χριστὸς,
2652 2229 2703 2293 ὃς
2758 2236 2847 2283 καὶ
2911 2232 3245 2304 ἡγαπημὲνος
3281 2231 3349 2281 ὢν
3383 2229 3503 2292 Υἱὸς
3542 2237 3635 2282 τοῦ
3663 2231 3902 2302 Πατρὸς,

2288 2319 2401 2380 υἱὸς
2465 2325 2828 2392 μονοκερὼτων
2903 2322 3206 2392 ὠνόμασται
3292 2323 3382 2371 καὶ
3448 2320 3473 2370 6
3529 2319 3901 2390 ἠγαπημένος,

2288 2403 2508 2477 ᾄδοντος
2570 2409 2685 2470 τοῦ,
2728 2408 2960 2481 ψαλμοῦ,
3020 2411 3086 2470 ὡς
3140 2408 3253 2471 υἱὸς
3342 2413 3727 2482 μονοκερώτων.
3797 2411 3905 2459 Καὶ

2287 2497 2392 2547 ἄνω
2454 2499 2557 2571 γάρ
2621 2506 2902 2569 μονογενῶς
2998 2495 3052 2549 ἓκ
3153 2500 3311 2569 μόνου
3375 2495 3737 2571 προιξκύγασε
3801 2502 3902 2546 τοῦ

2288 2587 2514 2660 Πατρός,
2559 2591 2645 2639 καὶ
2711 2585 2853 2638 κὰτω
2908 2588 3216 2661 προσφάτως
3245 2587 3271 2638 6
3304 2586 3460 2647 αὐτὸς
3489 2583 3545 2636 ἐκ
3580 2589 3744 2657 μόνης
3791 2602 3902 2656 μη-

2287 2678 2407 2748 τρὸς
2515 2673 2869 2728 ἀνατέταλκινο
2938 2676 2963 2728 ὁ
3030 2675 3183 2738 αὐτὸς
3251 2672 3312 2728 δὲ
3410 2679 3500 2727 καὶ
3586 2669 3903 2748 προσδοκία

2287 2762 2439 2816 ἐθνῶν
2496 2768 2898 2839 προηγόρεῦται.
2968 2760 3325 2837 Ἀνοικοδομεί
3368 2769 3539 2817 τοίνυν
3600 2766 3694 2820 τὴν
3762 2780 3901 2820 σκη-

2285 2856 2376 2911 νὴν
2432 2856 2647 2922 ταύτην,
2695 2854 2802 2905 οἷὸν
2868 2872 2983 2906 τινα
3037 2852 3198 2927 βάσιν
3253 2857 3342 2905 καὶ
3382 2852 3619 2925 θέμεθλον
3683 2848 3897 2924 ἀρραγῆ

2285 2945 2379 2999 τὴν
2419 2938 2604 2994 ἑαυτοῦ
2663 2938 2835 2994 ἀίδιον
2894 2941 3203 3004 ὑποστήσας
3249 2944 3470 2999 ϐιότητα
3519 2961 3533 2974 ο
3591 2942 3901 3010 καὶταύτῃ

2287 3016 2711 3102 ίποικοδομήσας
2764 3034 2854 3082 καὶ
2914 3028 3258 3103 ἐπιστηρίξας
3318 3031 3376 3081 τὸ
3438 3026 3767 3102 προσλημμα
3829 3033 3899 3097 τῇ

2288 3115 2655 3191 ἀρχιτεκτονίᾳ
2699 3125 2793 3170 τοῦ
2869 3121 3165 3192 Πνεῦματος
3221 3116 3346 3184 (13‘,
3403 3115 3564 3177 οὕτως
3617 3114 3902 3167 ἀπαθανα-

2968 3228 2981 3241 ’
3038 3216 3135 3269 τῆς
3196 3208 3298 3280 γὰρ
3367 3204 3642 3279 βασιλείας
3732 3203 3904 3256 αὑτοῦ

2289 3295 2384 3347 οὐκ
2414 3297 2561 3349 ἐσται
2582 3295 2743 3358 τελος.

2363 3544 2429 3602 Δ’.
2461 3552 2640 3599 Ταῦτα
2698 3549 2788 3598 καὶ
2846 3541 2940 3598 διὰ
2993 3552 3089 3597 τῶν
3141 3550 3417 3617 προφητῶν
3481 3539 3893 3617 προλελάλὴται.

2294 3639 2394 3687 Καὶ
2442 3636 2467 3687 6
2535 3633 2977 3707 ἀπαγγειλάμενος
3030 3629 3266 3704 euandri;
3300 3653 3312 3665 ·
3346 3634 3491 3685 Μετὰ
3535 3637 3707 3683 ταῦτα
3762 3632 3892 3703 γάρ,

2291 3728 2470 3795 φησίν,
2535 3722 2870 3797 ἀναστρέψω,
2962 3728 3053 3775 καὶ
3125 3716 3523 3793 ἀνοικοδομήσω
3605 3724 3699 3777 τήν
3764 3737 3897 3775 σκη-

2287 3817 2378 3871 νὴν
2444 3809 2612 3864 Δαυῑδ
2692 3816 2785 3870 τὴν
2881 3817 3232 3881 πεπτωκυῖαν,
3321 3814 3412 3861 καὶ
3483 3811 3898 3880 κατεσκαμμένα

2571 3897 2993 3973 ἀνοικοδομήσω,
3106 3904 3197 3951 καὶ
3305 3899 3586 3971 ἄνορθωσω
3703 3896 3891 3966 αὐτὴν,

2289 3903 2453 3962 αὐτῆς
2571 3899 2993 3971 ἀνοικοδομήσω,
3106 3904 3197 3951 καὶ
3305 3899 3586 3971 ἄνορθὼσω

2289 3989 2427 4051 ὃπως
2490 3990 2551 4040 ἄν
2651 3988 3013 4050 ἕκζητήσωσιν
3078 3993 3127 4041 ei
3191 3986 3497 4040 κατάλοιποι
3561 3993 3662 4036 τῶν
3696 3984 3899 4058 ἀνθρώ-⁹

2286 4097 2394 4131 πων
2487 4080 2573 4129 τὸν
2641 4080 2850 4152 Κύριον,
2945 4081 3036 4130 καὶ
3099 4078 3270 4129 πάντα
3332 4077 3401 4127 τὰ
3454 4077 3593 4145 ἔθνη,
3663 4074 3739 4145 ἐφ’
3804 4077 3899 4135 οὺς

2287 4165 2620 4225 ἐπικέκληται
2702 4171 2762 4220 τὸ
2829 4168 2990 4219 ὄνοποί
3053 4184 3153 4240 μου
3222 4163 3301 4217 ἐπ’
3365 4165 3567 4223 αὐτούς.
3634 4162 3899 4215 Ἐνταῦθα

2288 4252 2348 4308 δὲ
2410 4259 2501 4308 καὶ
2556 4258 2621 4316 ὡς
2678 4254 3050 4331 ἀκρογωνιαῖος
3083 4253 3226 4315 λίθος
3281 4249 3577 4313 οῐουδαίους
3639 4253 3899 4303 συνάπτει

2287 4414 2552 4477 invene-ioc.
2583 4416 2665 4471 Ea
2685 4413 2760 4469 de
2781 4430 2843 4469 re
2870 4412 3121 4488 Cyrillus
3145 4411 3272 4484 (lib.
3292 4427 3332 4467 v
3352 4412 3415 4488 in
3432 4411 3801 4488 Joan..‘cap.
3835 4425 3890 4476 v,

2287 4502 2344 4542 v.
2376 4488 2508 4554 29):
2544 4488 2657 4543 Οὐκ
2708 4488 2850 4538 ἔστιν
2909 4479 3284 4551 ἆνυπὸστατος,
3338 4484 3513 4554 ὥσπερ
3565 4479 3893 4554 ἀνθρώπινος

2287 4502 2344 4542 ν.
2376 4501 2508 4554 29):
2544 4501 2657 4543 υνκ
2708 4505 2850 4538 εστιν
2909 4502 3284 4551 ανυποστατος,
3338 4501 3513 4606 ωσποέ
3565 4501 3891 4554 ανυρωπινος

2286 4557 2434 4630 λόγος
2495 4557 2600 4609 ἀλλ’
2645 4556 2873 4618 ἕνούσιός
2917 4576 2972 4609 τε
3027 4576 3116 4630 και
3168 4559 3267 4630 ζῶν
3325 4553 3470 4630 ὡς-ιῖ
3513 4556 3593 4603 ίαν
3640 4554 3804 4630 ἔχων-

2290 4622 2458 4701 Πατρὶ
2480 4648 2570 4680 και
2589 4631 2721 4702 μιτὰ
2748 4631 2949 4702 Πατρός
2969 4632 3063 4686 τὴν
3094 4625 3333 4702 ᾆπαρξινο
3513 4622 3677 4702 caret
3700 4622 3892 4702 subsi-

2287 4696 2526 4768 stentia,
2542 4696 2604 4755 ut
2625 4696 2954 4756 humanum
2984 4696 3249 4766 verbum,
3263 4696 3365 4752 sed
3382 4696 3704 4768 subsistens
3720 4700 3806 4751 est
3824 4708 3891 4748 ac

2288 4766 2589 4839 vivens,'ut
2610 4773 2716 4842 qui
2733 4773 3044 4841 propriam
3063 4771 3129 4825 in
3150 4770 3335 4824 Patre
3355 4772 3410 4823 et
3431 4781 3565 4822 cum
3585 4766 3773 4821 Patre
3795 4778 3890 4821 er-

2288 4844 2617 4899 sistentiam
2648 4842 2845 4898 habet.

2356 4912 2627 4985 (t2)Nisi
2678 4913 2965 4985 fortegpro
3021 4909 3439 4985 ἐπιτερπέστερον
3486 4906 3887 4985 (Ῑιιςιιηάξιιδ),

2287 4979 2614 5054 legendum
2684 4983 2759 5057 s_i_t
2831 4979 3261 5057 ἐξτιπρεπέστέρον
3337 4979 3890 5052 (magniﬁcentius),

2288 5059 2467 5128 prout
2490 5070 2584 5110 res
2607 5054 2786 5128 malle
2813 5054 3070 5128 videtur.

2359 5126 2475 5196 (t3)
2506 5125 2647 5181 Cod.
2674 5124 3031 5197 particulam
3061 5128 3152 5176 καὶ
3178 5122 3273 5180 bis
3303 5120 3532 5195 repetit.

2357 5201 2476 5268 (14)
2508 5199 2644 5252 Luc.
2668 5201 2812 5259 1,69.

2362 5268 2474 5337 (15)
2502 5270 2646 5323 Luc.
2673 5284 2755 5333 ιιι,
2787 5271 2876 5322 22.

2361 5340 2474 5479 (16)
2506 5338 2658 5393 Psal.
2686 5353 2888 5394 xxvm.
2921 5342 2974 5393 6.

2361 5414 2447 5479 (17
2506 5411 2650 5465 Gen.
2677 5425 2833 5476 χιιι,
2863 5409 2949 5464 10.

2359 5409 2472 5480 (17)
2506 5411 2650 5465 Gen.
2677 5425 2833 5476 χιιι,
2863 5409 2949 5464 10.

2360 5484 2476 5550 (18)
2504 5483 2644 5538 Luc.
2671 5496 2712 5548 1,
2737 5484 2823 5537 33.

2363 5553 2475 5624 (19)
2502 5555 2630 5609 Act.
2668 5568 2767 5618 xv,
2799 5556 2879 5618 15,
2917 5555 2980 5607 16
3009 5566 3081 5608 ex
3102 5554 3285 5624 Amos
3313 5565 3391 5624 1x,
3423 5551 3628 5624 “,12.

2362 5621 2476 5696 (20)
2508 5625 2621 5681 Isa.
2652 5638 2850 5695 xxvm,
2885 5626 2986 5681 t6:
3019 5623 3167 5701 Eph.
3201 5637 3260 5690 ιι,
3292 5623 3399 5681 2οε
3437 5624 3460 5679 1
3488 5622 3641 5677 Petr.
3668 5633 3727 5686 ιι,
3759 5621 3816 5674 6.
