4020 6310
63 360 167 420 681

1234 348 1281 415 N
1341 345 1961 417 ANNUNTIATIONEM
1999 348 2064 414 Β.
2113 349 2382 418 manus.

3347 354 3451 420 682

63 485 182 548 τοῖς
231 487 421 552 ῖθνισι,
472 483 563 538 καὶ
618 482 728 547 τοῖς
769 483 973 558 μαρκὰν
1027 487 1117 537 καὶ
1169 491 1278 548 τοῖς
1329 483 1482 557 ἐγγύς
1535 482 1688 556 ἐπαγ-

1824 488 1961 540 etur
1985 488 2109 541 tum
2125 484 2197 540 iis
2214 485 2322 556 qui
2343 485 2518 555 longe
2539 488 2664 539 tum
2689 481 2759 540 iis
2798 477 2903 555 qui
2921 494 3110 554 prope
3123 487 3262 541 sunt
3284 485 3365 556 (2t
3379 488 3449 558 '),

59 575 300 647 γελλεται
392 575 600 650 εἰρήνην
687 574 1115 648 εύαγγελίζεσθαι
1183 595 1195 607 ·

64 664 149 718 ἐπὶ
191 667 380 741 θρόνου
439 661 608 718 Δαυῑδ
634 665 640 668 ’
669 671 762 718 τοῦ
824 668 1023 739 πατρὸς
1085 665 1246 718 αὐτοῦ
1309 666 1447 718 κατά
1515 665 1690 739 σάρκα

66 751 392 829 ἐνιδρύεται,
423 753 551 807 ἄλλοί
598 759 688 807 καὶ
740 751 1010 827 βασιλεύει
1038 755 1064 806 ό
1118 757 1246 816 Θεός
1295 753 1380 807 ἐπὶ
1412 755 1480 806 τὰ
1544 754 1684 811 ἔθνη.

71 848 208 897 Πότε
277 840 359 911 δε,
431 843 488 896 τό
569 841 880 916 ἐπαγόμενον
955 851 1047 904 τῆς
1121 847 1432 919 προφητείας
1508 837 1684 899 δηλοῖ.

75 936 254 986 Εἰπὼν
300 935 405 1006 γὰρ
461 953 475 966 ·
524 930 585 984 '0
638 935 764 994 Θεὸς
857 929 1184 985 ἐϐασίλευσεν
1264 930 1347 985 ἐπὶ
1403 933 1466 984 τὰ
1547 933 1688 1000 ἔθνη,

76 1021 340 1094 ἐπήγαγεν
420 1041 434 1056 ·
505 1020 564 1074 Ὀ
627 1024 756 1084 Θεὸς
825 1023 1051 1080 κάθηται
1123 1020 1208 1074 ἐπὶ
1297 1023 1478 1094 θρόνου
1531 1019 1686 1092 ἁγίου

82 1112 268 1168 αὐτοῦ.
338 1111 398 1164 Ὀ
430 1107 490 1163 δε
554 1109 695 1164 ἐστιν
743 1112 774 1169 ἠ
837 1112 1110 1184 Παρθίνος,
1166 1109 1286 1162 καθ’
1346 1111 1408 1169 ἣν
1464 1108 1688 1184 ἐνθρονι-

87 1203 226 1262 σθεὶς
277 1195 376 1253 διὰ
400 1207 493 1264 τῆς
525 1198 578 1264 ἐξ
639 1199 798 1262 αύτῆς
853 1205 1184 1274 σαρκώσεως,
1251 1206 1346 1261 τῆς
1388 1206 1490 1252 τῶν
1536 1199 1690 1252 ἐθνῶν

85 1286 430 1363 βεϐασίλευκε
507 1293 888 1365 πανσπερμίας,
985 1290 1196 1347 ὑπήκοα
1297 1296 1462 1341 ταῦτα
1524 1307 1690 1362 παρα-

86 1381 414 1452 στησάμενος
436 1378 624 1449 ἐαυτῷ.

153 1468 310 1520 Ούτω
334 1471 427 1540 μέν
474 1463 561 1520 οὖν
590 1467 850 1540 νομισθεὶς
889 1471 1072 1540 Πατήρ
1101 1474 1194 1521 τοῦ
1246 1464 1330 1520 ἐπὶ
1384 1475 1486 1539 γῆς
1516 1464 1693 1540 ὀφθίνο

83 1577 170 1620 τος
217 1564 379 1625 Θεοῦ,
434 1560 528 1616 τὴν
586 1554 782 1630 βουλήν
838 1561 1284 1633 προεσχημάτισε
1337 1566 1411 1628 τῷ
1469 1561 1694 1632 σφετέρῳ

86 1641 468 1719 ἐπιτηδεύματι
497 1653 591 1708 τῆς
643 1653 817 1708 κοινῆς
869 1653 962 1699 τοῦ
1019 1651 1202 1718 γένους
1258 1648 1401 1718 ἡμῶν
1460 1644 1697 1718 ἁμαπλιί-

91 1755 242 1798 σεως.
310 1735 468 1794 Καὶή
539 1737 794 1808 negem;
859 1731 918 1788 δὴ
966 1733 1251 1808 ἀξιόχρεως
1319 1731 1557 1796 διάκονος
1623 1739 1698 1796 εἰς

91 1831 185 1884 τὴν
248 1827 439 1886 ταύτης
499 1821 927 1898 ἁνοικοδόμησιν,

1265 579 1356 627 καὶ
1417 574 1476 627 ού
1534 578 1687 646 μόνον

1015 1825 1108 1878 οὐκ
1173 1826 1372 1897 ἔξωθεν,
1424 1824 1531 1877 ἀλλ’

91 1916 280 1975 ἑαυτῆς
307 1922 625 1987 χορηγοῦσα
650 1917 746 1976 τὰς
789 1916 1084 1985 πανοίγνους
1115 1914 1240 1976 ὕλας
1267 1919 1354 1966 καί
1408 1922 1479 1984 τῷ
1562 1912 1700 1985 αὖλῳ

89 2001 411 2075 ἐπιτηδείας,
445 2003 498 2067 ἐξ
540 2005 664 2062 ὧνή
720 2005 869 2065 ζῶσα
916 2010 1074 2076 σοφία
1152 2012 1243 2057 τοῦ
1295 2011 1430 2058 Θεοῦ
1483 2007 1569 2056 τόν
1619 2004 1701 2055 οἶ·-

294 2093 449 2165 ἐαυτῇ
559 2090 916 2166 ᾠκοδόμησεν,
1014 2091 1373 2168 ἐρηρεισμένον

284 2201 297 2215 ο
335 2183 739 2254 τοσαυτάριθμα
796 2184 899 2254 γὰρ
962 2189 1056 2233 τοῦ
1127 2183 1421 2253 Πνεύματος
1482 2183 1548 2232 τὰ
1601 2199 1703 2252 χα-

96 2276 376 2343 ρίσματα·
433 2268 488 2322 ἐκ
541 2273 837 2342 Πνεύματος
885 2266 944 2322 δε
1001 2269 1153 2341 ἁγίου
1201 2275 1291 2322 καὶ
1347 2271 1376 2328 ἡ
1441 2268 1704 2341 σύμπηξίς

96 2368 194 2412 τοῦ
218 2358 634 2435 προσλὴμματος
658 2361 794 2429 (21).

170 2450 250 2505 Ε’.
321 2448 476 2502 Ἀλλά
531 2458 640 2511 πῶς
696 2448 757 2500 ἂν
814 2450 839 2501 ό
891 2449 1010 2521 ἐμός
1076 2447 1249 2520 λόγος,
1298 2451 1582 2522 χαμερπὴς
1639 2447 1705 2498 ὡν

101 2112 191 2145 κον
294 2093 449 2153 ἐαυτῆ
559 2091 916 2153 ᾠκοδόμησεν,
1014 2091 1373 2153 ἐρηρεισμένον
1496 2091 1702 2153 στύλοις

96 2182 228 2234 ἑπτά

100 2544 190 2591 καὶ
253 2535 495 2599 διανοίας
560 2537 775 2610 ἄγγελος
831 2537 1197 2610 χαμαιζήλου,
1256 2537 1339 2590 ἐπὶ
1405 2537 1705 2596 τηλικοῦτον

791 2631 862 2689 ὼς
956 2623 1171 2680 θεοειδεί
1245 2627 1708 2700 συμπτερύξασθαι

97 2717 474 2792 πρωταγγέλῳ,
504 2720 754 2790 καὶπρὸς
820 2718 933 2790 ὅρος
993 2724 1145 2770 τοῦτο
1214 2718 1414 2788 φθάσαι
1474 2735 1532 2769 το
1598 2719 1708 2769 θεο-

100 2804 382 2872 εεὶδιστον,
412 2808 482 2867 ὡς
528 2810 649 2880 πρὶν
688 2811 888 2866 Μωσῆς
934 2804 1018 2858 ἐπὶ
1046 2809 1103 2857 τό
1159 2807 1280 2858 Σινά
1309 2822 1322 2871 ;
1356 2805 1415 2858 Εἰ
1465 2808 1564 2880 γὰρ
1620 2807 1710 2856 καὶ

97 2899 248 2968 ἡμεῖς
289 2895 426 2946 κατὰ
491 2897 585 2950 τὴν
651 2890 935 2945 ἐνεστῶσαν
1002 2895 1198 2952 ταύτην
1256 2895 1451 2968 ἡμέραν
1515 2897 1573 2946 τό
1617 2902 1710 2954 τῆς

106 2988 357 3044 νηστείας
384 2981 599 3056 ἁνύομεν
655 2984 1226 3058 τεσσαρακονθήμερον,
1283 2982 1390 3035 ἀλλ’
1443 2982 1572 3056 ούχί
1623 2987 1713 3035 καὶ

103 3079 202 3132 τὴν
233 3075 428 3126 ἐκείνου
475 3076 686 3147 φέρομεν
746 3073 1003 3145 κάθαρσιν

98 2629 231 2700 ὕψος
299 2627 547 2700 ἐπιτολμὴ
558 2647 710 2697 σειεν,

1065 3092 1076 3105 ·
1114 3074 1195 3124 ὃτι
1243 3068 1383 3144 μηδε
1432 3070 1546 3124 κατ’
1579 3071 1714 3124 ἐκεῖ·

1797 587 1993 646 neque
2023 571 2218 630 solum
2239 573 2398 630 sedet
2416 575 2478 629 in
2506 573 2718 648 throno
2741 573 2940 629 David
2960 575 3155 642 patris
3177 576 3305 645 ejus
3338 578 3426 640 (22

1799 661 2132 718 secundum
2168 678 2432 728 carnem,
2464 662 2570 719 sed
2598 662 2779 718 etiam
2810 666 3022 732 regnat
3078 664 3227 719 Deus
3270 681 3454 736 super

1797 757 1992 823 gentes
2016 752 2150 822 (23).
2181 752 2434 817 Quando
2465 757 2667 808 autem
2698 751 2845 823 (haec
2887 751 3084 808 futura
3138 752 3300 826 sint),
3355 753 3454 812 de-

1799 839 2005 909 clarat,
2032 839 2198 914 quod
2218 843 2279 897 in
2311 841 2442 913 ipso
2472 840 2750 897 vaticinio
2780 839 3042 897 additur.
3089 841 3236 896 Cum
3289 841 3452 900 enim

1798 927 2047 986 dixisset
2070 947 2082 985 :
2099 930 2396 1000 Regnavit
2409 931 2564 986 Deus
2577 945 2758 1000 super
2775 934 2998 1000 gentes,
3015 928 3287 1002 protinus
3311 931 3453 989 sub-

1798 1018 1978 1075 didit:
2005 1019 2162 1076 Deus
2182 1019 2340 1077 sedet
2367 1035 2547 1090 super
2578 1020 2768 1076 sedem
2803 1024 3072 1075 sanctam
3107 1034 3277 1076 suam
3318 1020 3451 1091 (24).

1801 1107 1934 1164 Haec
1962 1113 2163 1166 autem
2185 1109 2356 1166 sedes
2381 1113 2470 1166 est
2499 1109 2694 1180 Virgo,
2720 1108 2782 1164 in
2811 1123 2936 1180 qua
2958 1123 3062 1180 per
3083 1124 3329 1165 carnem
3382 1124 3452 1166 ex

1800 1197 1937 1270 ipsa
1965 1202 2341 1271 assumptum
2373 1197 2551 1255 veluti
2571 1197 2629 1256 in
2674 1198 2890 1254 throno
2922 1196 3159 1266 sedens,
3194 1213 3332 1254 cum
3353 1213 3458 1256 va-

1797 1286 2026 1343 riarum
2059 1287 2352 1344 mentium
2375 1287 2821 1344 universitatem
2854 1285 2970 1342 sibi
3012 1285 3451 1360 obsequentem

1802 1375 2110 1442 effecisset,
2138 1391 2316 1448 super
2349 1391 2562 1434 omnes
2590 1376 2884 1447 regnavit.

1877 1464 1968 1522 Sic
1981 1464 2158 1536 igitur
2174 1461 2292 1534 ille,
2305 1466 2410 1537 qui
2425 1465 2523 1522 Dei
2551 1466 2612 1521 in
2631 1470 2788 1522 terra
2805 1464 3152 1538 apparentia
3166 1469 3338 1539 pater
3348 1481 3456 1540 pu-

1806 1555 2045 1611 tabatur
2061 1559 2152 1622 (25
2166 1555 2292 1626 .26),
2321 1555 2595 1626 ejusdem
2617 1554 2692 1611 de
2713 1555 2994 1611 universo
3015 1561 3221 1613 nostro
3241 1572 3459 1628 genere

1805 1643 2201 1700 restaurando
2231 1644 2547 1700 consilium
2579 1650 2705 1701 arte
2734 1661 2846 1700 sua
2873 1637 3071 1700 fabrili
3097 1644 3159 1700 in
3195 1649 3462 1702 anteces-

1807 1749 1943 1788 sum
1960 1732 2366 1789 adumbravit.
2394 1734 2567 1804 Virgo
2593 1739 2795 1790 autem
2826 1733 3184 1804 dignissima
3212 1733 3460 1807 insuper

1613 1821 1696 1896 ἀφ’
1730 1845 1768 1898 Β
1807 1821 1988 1893 hujus
2008 1821 2489 1878 reaediﬁcationis
2511 1823 2886 1895 cooperatrix
2902 1823 3028 1890 fuit,
3044 1839 3167 1878 non
3189 1822 3458 1891 aliunde,

1810 1911 1914 1966 sed
1937 1927 2009 1966 ex
2031 1911 2349 1983 semetipsa
2370 1911 2549 1984 plane
2571 1910 3027 1968 immaculatam
3048 1927 3117 1966 ac
3142 1913 3307 1981 (Deo)
3340 1926 3466 1967 ma-

1811 1998 1968 2055 teria
1992 2000 2217 2070 experti
2238 2005 2668 2069 congruentem
2689 2000 3002 2055 materiam
3041 2000 3463 2072 suppeditans,

1812 2104 1844 2144 e
1872 2103 1996 2160 qua
2021 2088 2230 2143 vivens
2253 2090 2360 2144 Dei
2385 2093 2681 2156 sapientia
2708 2088 3026 2154 aediﬁcavit
3053 2089 3169 2144 sibi
3197 2089 3460 2157 domum,

1813 2178 2106 2234 columnis
2131 2183 2347 2246 septem
2379 2178 2654 2233 innixam
2674 2180 2819 2247 (27);
2854 2176 3100 2232 totidem
3144 2177 3305 2232 enim
3354 2193 3467 2232 nu-

1811 2283 1978 2324 mero
1993 2266 2508 2322 suntcbarismata
2524 2266 2753 2337 (sancti)
2778 2266 3064 2338 Spiritus;
3087 2266 3249 2322 idem
3264 2271 3468 2324 autem

1817 2356 2066 2429 Spiritus
2095 2360 2152 2412 et
2171 2361 2500 2428 assumpta:
2523 2356 2686 2411 carni
2713 2355 2971 2412 formam
3001 2354 3235 2411 indidit.

1887 2447 1948 2500 V.
1984 2444 2195 2500 Verum
2219 2444 2533 2517 quomodo
2553 2445 2745 2500 oratio
2771 2460 2926 2511 mea,
2959 2445 3128 2500 humi
3163 2459 3376 2516 repens
3399 2460 3471 2500 ac

1815 2533 2032 2590 mentis
2056 2533 2244 2590 humo
2265 2532 2471 2588 deﬁxa:
2496 2534 2808 2605 interpres,
2838 2533 2916 2588 ad
2947 2537 3179 2590 tantam
3211 2549 3345 2588 sese
3387 2533 3472 2589 ef.

1815 2624 1966 2680 ferre
1995 2623 2416 2680 celsitudinem
2441 2622 2682 2694 audeat,
2711 2627 2776 2679 ut
2810 2622 2992 2680 simul
3038 2639 3178 2678 cum
3227 2622 3474 2692 angelo-

1815 2729 1951 2768 rum
1983 2712 2272 2785 principe,
2298 2713 2400 2769 Dei
2430 2712 2690 2785 speciem
2717 2711 3002 2780 habente,
3033 2711 3162 2768 alas
3193 2711 3471 2784 explicet,

1818 2807 1874 2859 et
1898 2802 1977 2859 ad
1997 2803 2158 2859 hunc
2181 2807 2469 2874 montem,
2491 2803 2552 2858 in
2575 2818 2698 2874 quo
2722 2803 2876 2858 Deus
2903 2801 3308 2868 deambuleat,
3349 2817 3476 2858 non

1820 2909 1992 2949 secus
2034 2908 2104 2949 ac
2143 2891 2287 2948 olim
2333 2895 2558 2965 Moyses
2609 2892 2671 2948 in
2730 2896 2997 2948 montem
3058 2891 3218 2953 Sina,
3276 2890 3474 2947 subito

1822 2979 2156 3037 ascendat?
2172 2980 2328 3036 Licet
2345 2981 2506 3036 enim
2524 2995 2634 3036 nos
2654 2995 2898 3051 quoque
2923 2977 3327 3051 quadraginta
3355 2978 3476 3034 die-

1821 3085 1957 3125 rum
1976 3069 2273 3140 jejunium
2306 3068 2581 3141 praesenti
2608 3069 2722 3123 hac
2752 3067 2848 3123 die
2887 3067 3282 3123 absolvamus
3334 3068 3470 3137 (28),

106 3183 193 3216 νον
242 3165 394 3235 ἡμεῖς
421 3165 723 3225 νηστευταὶ,
787 3166 876 3213 καὶ
932 3157 1084 3214 ούδεν
1149 3170 1249 3213 τῶν
1299 3159 1710 3233 θαυμαστωσὰν-

1824 3173 1946 3215 non
1979 3157 2260 3214 eamdem
2284 3163 2487 3213 tamen
2511 3174 2578 3213 ac
2603 3156 2698 3213 ille
2715 3161 3034 3230 puritatem
3057 3155 3358 3212 consecuti
3381 3172 3471 3211 su-

107 3273 213 3304 των
243 3251 434 3304 ἐκεῖνον
463 3249 803 3323 πλουτοῦμεν,
851 3252 930 3302 ὅτι
986 3255 1058 3322 μὴ
1118 3255 1210 3309 τὴν
1272 3247 1716 3324 Βραδυγλωσσίαν

102 3345 270 3414 μόνην
336 3346 427 3392 καὶ
483 3344 542 3392 τὸ
596 3340 941 3413 ἰσχνόφωνον,
1000 3339 1067 3392 Ἥ
1125 3349 1234 3402 πῶς
1291 3342 1352 3392 ἄν
1406 3339 1718 3416 ἀπρόσκοπα

105 3435 204 3488 τήν
259 3428 345 3482 ἐπὶ
403 3431 497 3488 τὴν
549 3433 790 3501 Ναζαρέτ
848 3425 1158 3502 βαδισωμεν
1213 3434 1489 3503 φέρουσαν,
1549 3430 1591 3481 εί
1641 3433 1711 3501 μή

105 3523 243 3581 Θεὸς
286 3517 614 3581 ἐξαποστελεῐ
667 3521 752 3570 τόν
805 3518 1022 3591 ἄγγελον
1076 3519 1235 3572 αὐτοῦ
1279 3524 1378 3594 πρό
1430 3525 1716 3592 προσώπου

102 3617 200 3662 τοῦ
249 3612 448 3680 Λόγου,
507 3611 596 3659 καὶ
639 3612 732 3665 τὴν
786 3603 909 3660 ὀδόν
982 3609 1272 3680 ἔμπροσθεν
1343 3608 1502 3660 αὑτοῦ
1560 3627 1718 3661 κατα·

107 3701 360 3750 σκευάσει
436 3692 744 3749 εύδιοίϐοίτον
805 3714 818 3760 ς
913 3695 1036 3749 ’Υπό
1111 3715 1282 3748 τοινυν
1342 3707 1560 3770 προηγῷ
1647 3707 1718 3769 τῷ

100 3782 387 3859 φωτοειδεῖ
461 3787 628 3856 τούτῷ
693 3783 1008 3859 ἀρχαγγέλῷ
1107 3783 1368 3858 ἀγόμενοι,
1428 3782 1482 3839 εὖ
1571 3782 1715 3853 οἶδα,

102 3875 644 3946 κατευθυνθησόμεθα
690 3873 762 3936 εἰς
843 3869 966 3926 ὀδόν
1027 3873 1254 3948 εἰρήνης.
1340 3874 1542 3949 Ὠραῑοι
1615 3878 1716 3950 γὰρ

686 3962 846 4015 αὐτοῦ
939 3963 1394 4036 εὐαγγελιζομένου
1459 3971 1518 4037 τῇ
1583 3983 1719 4016 παν-

100 4059 244 4128 άγνῳ
329 4058 535 4128 εἰρηνην
615 4057 704 4106 καὶ
770 4053 944 4124 ἀγαθά
1005 4075 1018 4088 ι

99 3966 234 4018 εἰσιν
291 3966 341 4016 οἱ
425 3960 585 4025 πόδες

1087 4059 1307 4129 Χριστός
1365 4051 1423 4107 δὲ
1491 4055 1632 4107 ἐστιν
1685 4056 1715 4114 ἡ

102 4146 286 4220 εἰρήνη
321 4147 490 4217 ἡμῶν.
543 4142 692 4196 Ἠκει
744 4146 842 4216 γὰρ
899 4146 963 4195 τὰ
1017 4141 1280 4196 διεστῶτα
1330 4143 1580 4216 συνάψαι,
1630 4149 1720 4197 καὶ

111 4239 176 4288 τὰ
233 4231 612 4306 διαμαχόμενοι
685 4233 1003 4309 εἰρηνεῦσαι,
1050 4231 1245 4305 ἀγαθοί,
1276 4237 1342 4286 τὰ
1389 4233 1446 4285 ἐκ
1511 4242 1606 4296 τῆς
1655 4235 1720 4286 εἰ·

99 4330 266 4397 ρήνης
341 4326 540 4385 ταύτης
634 4318 869 4394 δαψιλῶς
925 4330 994 4390 τῷ
1049 4326 1232 4395 κόσμῳ
1285 4322 1604 4394 πηγάσαντᾶ
1655 4330 1716 4394 τῇ

102 4423 194 4477 τῆς
219 4418 559 4488 Θεομὴτορος
583 4417 845 4485 μεσιτείᾳ.

180 4752 301 4823 (21)
325 4749 468 4807 Cod.
502 4747 898 4825 προσλὴματος.

184 4827 328 4894 (21⁹)
361 4825 474 4894 lsa.
509 4838 636 4893 Lvu,
663 4826 746 4878 19.

183 4895 301 4966 (22)
325 4893 479 4966 Psal.
504 4909 692 4958 cxxxr,
720 4895 778 4949 tt
807 4912 820 4963 ;
845 4897 1061 4966 lsa.1x,
1084 4897 1115 4949 7
1137 4911 1150 4962 ;
1170 4894 1384 4951 Jerem.
1409 4906 1608 4963 xxxvx,
1632 4895 1722 4950 30.

182 4963 306 5036 (23)
340 4963 496 5036 Psal.
514 4981 672 5033 XLVI,
705 4969 758 5022 9.

189 5035 310 5109 (24)
341 5035 787 5109 Ibid._sec._Lxx,
834 5035 940 5109 qui
982 5035 1188 5106 legunt
1235 5035 1564 5089 ἐϐασίλευσα
1615 5037 1731 5107 (re-

123 5106 382 5179 gnavit),
408 5106 511 5162 ubi
527 5106 814 5177 Vulgatus
834 5106 1018 5164 liabet
1048 5109 1340 5179 regnabit.

193 5179 412 5249 (25-25)
435 5180 576 5234 Luct
603 5193 683 5241 ιιι,
707 5179 812 5235 33:
847 5178 1360 5249 Putabaturﬁtius
1380 5178 1618 5248 Joseph.

196 5248 317 5320 (2‘7)
350 5251 520 5304 Prov.
544 5265 622 5320 ix,
655 5253 712 5320 1.
744 5249 914 5315 Quod
943 5249 1162 5306 dicitur
1196 5248 1409 5307 vivens
1435 5248 1736 5319 sapientia

131 5319 316 5393 (σοφία
350 5320 542 5393 ζῶσα),
570 5319 776 5392 palam
805 5320 968 5393 facit,
999 5337 1342 5393 sermonem
1366 5337 1494 5393 esse
1510 5321 1600 5393 ide
1648 5336 1738 5376 sa-

133 5391 363 5463 pientia
391 5391 763 5460 subsistente,
792 5392 1065 5448 videlicet
1092 5391 1166 5447 de
1191 5393 1331 5448 Filio
1364 5391 1484 5463 Dei.
1498 5392 1656 5463 Hinc
1677 5394 1742 5463 ut

135 5461 324 5534 paulo
338 5467 478 5536 ante
493 5463 773 5536 vidimus,
790 5466 1080 5536 viventem
1094 5465 1315 5536 (ζῶντα)
1337 5461 1590 5536 Cyrillus
1601 5462 1745 5519 dicit

140 5533 309 5606 Λόγον
343 5533 674 5606 (Verbum),
694 5542 762 5606 ut
779 5535 1190 5606 subsistentem
1217 5533 1491 5592 fateatur.

233 5606 335 5679 28)
345 5605 491 5679 Hinc
503 5605 666 5679 patet
669 5605 1005 5679 ,h_omi_liai_n
1016 5606 1094 5663 ha
1103 5605 1289 5663 bitam
1299 5621 1430 5663 esse
1441 5609 1747 5679 postremo

144 5676 362 5754 Jejunii
372 5676 920 5752 quadragesimalis
931 5677 1255 5747 die;annus
1267 5676 1493 5750 autem,
1506 5691 1631 5756 quo
1643 5676 1751 5737 Pa-

474 5803 724 5865 ΡΑτιιοι..
763 5803 866 5865 Gn.
906 5803 1066 5866 CXL.

1825 3262 1998 3316 mus;
2029 3247 2321 3320 quoniam
2348 3261 2544 3319 neque
2556 3245 2854 3318 jejunium
2870 3250 3144 3302 nostrum
3165 3260 3303 3300 cum
3320 3244 3477 3316 jeju-

1827 3335 1930 3392 nio
1955 3335 2111 3392 illius
2143 3334 2622 3408 comparandum
2655 3340 2761 3405 est,
2796 3351 3012 3408 neque,
3054 3338 3268 3408 praeter
3288 3348 3477 3389 unam

1823 3426 2044 3498 linguas
2071 3426 2404 3484 tarditatem
2436 3425 2880 3500 exilitatemque
2911 3428 3095 3489 vocis,
3140 3424 3478 3498 quidquam

1825 3532 2035 3575 eorum
2063 3516 2465 3590 possidemus,
2497 3533 2633 3591 quae
2654 3515 2823 3572 illum
2837 3514 3259 3573 admirabilem
3274 3514 3480 3570 effece-

1825 3610 1985 3664 runt.
2001 3611 2111 3662 Aut
2133 3605 2444 3679 quomodo
2464 3606 2759 3662 inoffenso
2778 3605 2933 3679 pede
2954 3605 3138 3670 viam,
3158 3620 3296 3677 quae
3317 3598 3482 3660 ducit

1826 3694 1905 3752 ad
1937 3695 2244 3762 Nazaretb,
2274 3701 2553 3758 teramus,
2593 3695 2705 3751 nisi
2735 3694 2892 3750 Deus
2939 3690 3165 3750 miserit
3198 3692 3482 3760 angelum

1828 3801 2005 3841 suum
2029 3788 2166 3840 ante
2197 3784 2411 3840 faciem
2433 3783 2605 3840 Verbi
2633 3784 2764 3856 (29),
2797 3788 2855 3840 et
2885 3782 3122 3839 facilem
3165 3787 3301 3837 ante
3342 3796 3483 3836 eum

1825 3875 1992 3930 viam
2004 3871 2342 3945 paraverit?
2362 3872 2532 3928 Hunc
2549 3889 2728 3945 porro
2743 3871 3134 3941 refulgentem
3148 3869 3479 3939 archange-

1825 3963 1952 4019 lum
1983 3979 2124 4018 cum
2154 3961 2371 4018 ducem
2401 3961 2762 4029 habeamus,
2790 3964 2848 4018 in
2870 3963 3028 4018 viam
3077 3960 3267 4030 pacis,
3321 3961 3478 4014 certe

1827 4051 1974 4123 scio,
2001 4051 2338 4121 dirigemur
2368 4051 2500 4122 (30).
2527 4051 2789 4121 Speciosi
2815 4051 2976 4106 enim
2996 4057 3136 4105 sunt
3158 4049 3286 4119 ejus
3303 4047 3481 4116 pedes

1829 4139 2299 4211 euangelizantis
2326 4140 2665 4210 purissima:
2705 4138 2975 4210 (Virgini)
3013 4139 3126 4207 (3t)
3169 4151 3376 4206 pacem
3426 4141 3482 4192 et

1831 4230 2146 4299 bona(32);
2162 4244 2294 4298 pax
2315 4245 2454 4284 vero
2484 4235 2692 4285 nostra
2717 4228 2992 4286 Christus
3021 4233 3104 4284 est
3125 4226 3264 4298 (33).
3286 4224 3485 4281 Adve-

1827 4317 1915 4374 nit
1933 4317 2114 4383 enim,
2146 4317 2435 4373 utdissita
2460 4317 2810 4390 conjungat,
2835 4333 2904 4375 ac
2923 4315 3256 4390 pugnantia
3275 4313 3354 4370 ad
3377 4328 3486 4386 pa-

1830 4421 1961 4462 cem
1994 4411 2344 4478 componat,
2375 4421 2514 4478 qua:
2544 4406 2792 4479 quidem
2818 4406 2985 4463 bona
3011 4422 3085 4461 ex
3127 4393 3485 4476 hujusmodl

1829 4510 1979 4568 pace
2010 4495 2391 4567 proﬂuentia,
2419 4495 2768 4552 madiatrice
2797 4496 2894 4552 Dei
2945 4497 3142 4560 Matre,
3189 4491 3490 4549 uberrime

1751 4559 1796 4614 θ
1831 4583 1895 4639 in
1915 4581 2256 4640 universam
2278 4588 2495 4640 terram
2526 4583 2718 4640 effusa
2756 4588 2916 4640 sunt.

1835 4742 1986 4799 scha
2007 4743 2280 4816 sequenti
2308 4743 2403 4800 die
2425 4747 2490 4799 26
2523 4745 2707 4802 Martii
2759 4743 3122 4810 recurrebat,
3176 4737 3291 4797 sul)
3349 4743 3491 4797 Ger-

1835 4827 2022 4887 mano
2052 4815 2413 4887 Ilreperitur
2448 4819 2602 4870 1228.

1911 4885 2024 4965 (29)
2057 4879 2458 4965 Malafch._m_,_l
2492 4888 2666 4965 ;l.uc.
2699 4887 2887 4965 v_u,g27
2911 4902 2923 4952 ;
2948 4887 3120 4965 mare.
3160 4899 3198 4949 ι,
3232 4888 3285 4965 2,
3321 4879 3496 4965 Quod

1768 5005 1774 5010 .
1839 4951 2257 5014 de'incarnato
2291 4951 2394 5012 Dei
2418 4951 2608 5012 Verbo
2636 4951 2923 5028 scriptum
2951 4962 3058 5019 est,
3083 4970 3203 5010 non
3239 4955 3373 5028 sine
3391 4951 3496 5008 ali-

1840 5040 1966 5154 qtg)
1992 5028 2190 5085 abusu
2221 5028 2300 5085 ad
2331 5043 2673 5086 sermonem
2711 5022 2890 5083 suum
2923 5030 3130 5081 auctor
3179 5022 3500 5080 transferre

1843 5115 1898 5154 Vl
1953 5111 2098 5154 etur.

1843 5111 2098 5155 Videtur.

1919 5177 2030 5241 (30)
2067 5173 2182 5226 Luc
2236 5186 2274 5235 ι,
2307 5175 2398 5227 79.
2660 5224 2671 5234 .

1921 5233 2034 5310 (3t)
2052 5243 2224 5297 Vides
2244 5233 2560 5314 Deiparam
2586 5233 2912 5314 indicatam
2931 5235 3212 5314 absoluta
3236 5233 3504 5314 appella:

1848 5308 2027 5369 tio'ne'
2072 5323 2168 5376 τῆς
2237 5308 2522 5385 πανᾶγνου,
2567 5311 2734 5384 quod
2805 5310 3104 5379 signiﬁcat
3153 5308 3310 5380 ἁγνὴν
3373 5308 3509 5359 κατὰ

1856 5386 1980 5457 πᾷ»,
2015 5399 2084 5441 ac
2114 5385 2365 5457 proinde
2391 5385 2554 5440 omni
2589 5398 2664 5439 ex
2698 5390 2873 5452 parte
2900 5397 3122 5451 puram
3153 5386 3510 5438 antonoma~

1862 5452 1937 5511 sti
1948 5474 2006 5514 se
2019 5452 2462 5529 compellatum.

1945 5533 2056 5598 (32)
2081 5523 2320 5598 Ro'm.x,
2356 5529 2566 5582 liizlsa
2586 5541 2661 5598 ιιι,
2693 5523 3101 5596 7:Nahum,1,
3139 5528 3222 5582 15.

1933 5602 2048 5677 (33)
2073 5599 2270 5675 Ephes
2292 5614 2352 5668 ιι,
2380 5601 2471 5656 14.

3206 5786 3278 5858 22
