4020 6310
603 329 709 393 687

1759 320 2074 387 GERMANI
2111 321 2154 383 ll
2195 319 2297 384 ΕΡ.
2346 323 2848 394 PATRIABCHE.

3887 328 3991 388 688

604 459 823 532 didius,
850 456 1191 529 unguentis,
1217 452 1674 525 suaveolentius,
1705 470 1775 512 ac
1793 452 2061 526 virgineo
2079 452 2227 509 indu

2368 459 2458 509 καὶ
2491 460 2765 524 ζωοποιός.
2803 464 2894 523 Τίς
2939 461 2970 519 ἡ
3025 465 3117 513 τοῦ
3145 460 3444 535 μυστηρίοῡ
3484 452 3708 530 δύναμις
3741 458 3988 520 τούτους

605 555 733 605 tum
749 547 1064 622 splendore
1076 547 1337 618 (species,
1352 545 1625 618 inquam,
1637 545 1718 615 (51
1731 543 1985 616 )Jaeob),
2003 541 2258 599 cmlestis

2367 548 2431 597 Τί
2465 550 2524 599 τὸ
2565 546 2726 621 βάθος
2762 553 2821 603 τό
2860 550 3150 621 ὑψοποιόνς
3189 553 3254 603 Τί
3290 552 3350 602 τό
3389 546 3522 620 ὕψος
3559 551 3620 600 τό
3659 566 3795 600 ταπε
3819 550 3936 600 ινδ*
3969 565 3984 615 i

600 638 665 694 iu
696 638 857 693 illam
885 652 954 693 ac
999 635 1309 690 vivilicans
1353 633 1549 690 imber
1568 632 1899 690 descendit.
1942 634 2234 698 Quaenam
2274 629 2414 688 huic
2436 638 2722 708 mysterio
2749 637 2905 696 inest
2931 636 3333 710 signiﬁcatio?
3361 637 3653 704 Quanam
3693 635 3834 692 haec
3868 635 3986 692 huc

600 727 820 783 militas
844 725 905 781 in
930 723 1182 780 sublime
1204 724 1511 780 evehens?
1526 727 1640 780 Aut
1669 721 1864 795 qualis
1891 721 2022 778 haec
2051 719 2340 777 celsitudo
2367 719 2707 784 humillima
2724 728 2754 784 ?

671 818 732 870 Χ.
775 813 1094 871 Israelitico
1117 813 1261 870 olim
1280 813 1504 886 populo
1525 811 1860 870 necessaria
1889 811 1999 868 fuit
2046 810 2249 881 legum

597 903 961 971 constitutio,
990 918 1346 975 quaeeorum
1361 901 1603 958 ruditati
1623 900 2005 974 prospiceret,
2027 913 2251 971 eosque

596 991 978 1064 compelleret
1003 989 1080 1047 ad
1108 991 1382 1047 timorem
1408 989 1780 1062 Domini,qui
1805 989 1972 1062 ipsos
1991 987 2253 1060 plasma-

596 1069 764 1138 verat
787 1085 843 1138 et
871 1081 1028 1138 mira
1057 1096 1306 1153 prorsus
1335 1080 1566 1136 ratione
1597 1083 1960 1136 servaverat.
1991 1079 2251 1149 Repente

596 1189 666 1229 ac
693 1172 888 1246 specie
913 1187 1231 1245 nunquam
1261 1171 1387 1228 visa
1417 1169 1903 1242 intuentibusque
1922 1167 2174 1225 terriﬁca
2191 1167 2252 1223 in

594 1268 798 1319 monte
830 1262 969 1318 Sina
997 1277 1058 1318 se
1099 1261 1249 1317 sistit
1277 1259 1597 1331 legislator.
1629 1257 2038 1316 Personabant
2092 1255 2252 1313 enim

593 1352 800 1410 omnia
816 1350 1348 1423 rnagnistubarnm
1371 1349 1500 1406 clan
1510 1347 1976 1421 goribuszdensa
1988 1351 2254 1402 montem

593 1441 1001 1513 undequaque
1030 1438 1372 1496 involvebat
1402 1438 1630 1508 caligo:
1661 1437 1943 1494 tubarum
1985 1434 2252 1507 clangori

590 1529 998 1602 respondebat
1026 1544 1098 1584 ex
1113 1528 1369 1585 adverso
1393 1527 1570 1584 turbo
1586 1526 1957 1583 horrendum
1971 1524 2247 1592 stridens,

592 1623 648 1674 et
659 1633 1037 1691 quaecunque
1051 1615 1879 1688 circumstabant,multiplicis
1891 1614 2070 1688 plena
2082 1618 2251 1671 erant

593 1707 849 1763 terroris.
881 1706 1189 1777 Ejusmodi
1228 1707 1452 1763 scilicet
1506 1705 2004 1763 terriculamentis
2057 1702 2248 1778 Juqtei

591 1795 810 1852 animis
849 1801 1273 1869 puerascentes
1303 1795 1672 1867 indigebant.

2432 809 2489 866 ι’.
2569 811 2787 876 Ἐδίησε
2855 817 3159 890 νομοθεσίας
3223 817 3347 870 ποτε
3417 821 3526 876 τοῖς
3586 811 3982 887 Ἰσραηλίταις,

2361 899 2806 978 ίπανορθουμίνης
2887 911 2983 966 τὴν
3059 901 3410 960 ἀπαιδευσίαν
3477 901 3667 971 αὐτῶν,
3755 907 3854 955 καί
3911 902 3982 964 εἰς

2361 991 2514 1064 φόϐον
2589 997 2925 1058 συνωθούσης
2983 1003 3074 1050 τοῦ
3155 996 3452 1056 πλάσαντος
3522 998 3614 1047 καὶ
3701 1000 3982 1054 σώσαντος

2363 1087 2628 1158 σωτηρίαν
2719 1083 3038 1161 παράδοξον.
3101 1086 3409 1158 Ἐφίσταται
3461 1085 3488 1137 ὀ
3560 1085 3854 1157 νομοθέτης
3903 1092 3982 1154 τῷ

2361 1172 2466 1246 ὅρει
2539 1176 2660 1226 Σινὰ
2725 1173 2972 1248 ίμφανείᾳ
3036 1175 3146 1249 ξένῃ
3201 1180 3293 1227 καὶ
3341 1183 3440 1226 τῶν
3499 1175 3764 1246 θεωμένων
3809 1193 3982 1226 κοιτα-

2361 1260 2643 1335 πληκτικῇ.
2711 1263 2997 1337 Σάλπιγγες
3038 1266 3136 1338 γὰρ
3185 1264 3357 1336 ἣχουν
3401 1267 3536 1336 μέγα
3560 1281 3574 1296 ο
3627 1266 3825 1334 γνόφος
3880 1259 3984 1334 βα·

2364 1351 2452 1412 θύς
2487 1354 2546 1404 τὸ
2603 1355 2720 1426 ὄρος
2775 1358 3149 1428 περιεκκίχυτο
3199 1372 3212 1386 ο
3268 1351 3451 1405 sonaci
3502 1370 3578 1412 τις
3627 1347 3849 1424 σφοδρά
3891 1370 3984 1423 γε·

2362 1439 2508 1514 ϐερόν
2547 1439 2770 1514 ἀντήχει
2820 1449 2938 1505 ταῖς
2983 1441 3252 1516 σάλπιγξι,
3307 1445 3399 1494 καὶ
3451 1440 3623 1516 πλήρη
3671 1443 3746 1494 τά
3805 1440 3984 1493 ἐκεῖσε

2358 1529 2608 1584 ποικίλων
2688 1527 3111 1604 ἐκδειματώσεων
3154 1551 3168 1566 ο
3231 1530 3461 1604 ἔχρῃζον
3535 1533 3634 1604 γὰρ
3717 1533 3983 1584 τοιούτων

2361 1617 2628 1696 φοϐἠτρων
2666 1622 2714 1674 οἱ
2741 1626 3073 1695 νππιόφρονες
3111 1616 3386 1676 Ἰουδαῖοι.

662 1884 815 1950 Quid
827 1868 1004 1958 porro
1024 1889 1165 1958 post
1186 1884 1316 1941 haec
1335 1885 1628 1958 sequitur?
1654 1885 1770 1942 Lex
1789 1881 2006 1941 tabulis
2029 1879 2227 1938 inscul

2423 1889 2502 1942 Τὰ
2531 1884 2591 1942 δὲ
2638 1891 2770 1962 μετᾶ
2806 1896 2959 1942 τοῦτο
2987 1889 3110 1958 οἵας
3159 1893 3577 1963 Λογογραφεῖται
3615 1887 3643 1939 ό
3682 1888 3846 1959 νόμος
3889 1884 3980 1938 ἐπί

587 1973 764 2047 pitur,
789 1991 924 2048 quae
949 1989 1167 2047 nempe
1201 1974 1372 2030 tacite
1397 1974 1714 2030 innuerent
1737 1988 1839 2030 cor
1865 1971 2242 2029 subditorum

583 2063 914 2137 lapideum,
942 2063 1283 2137 durumque
1306 2063 1480 2134 adeo,
1504 2068 1569 2120 ut
1589 2078 1783 2136 neque
1801 2069 2089 2136 perpetuo
2110 2076 2240 2118 ma-

581 2153 866 2210 nantibus
885 2152 1104 2209 divinaa
1133 2151 1522 2226 providentiae
1550 2152 1733 2225 guttis
1751 2152 2050 2209 ullatenus
2073 2165 2244 2207 exca-

582 2248 808 2311 vatum,
842 2257 1037 2314 neque
1066 2241 1160 2298 vel
1189 2241 1505 2314 paululum
1533 2241 1924 2298 fecundatum
1975 2255 2048 2296 ex
2096 2237 2240 2312 ipsis

582 2347 854 2403 unquam
879 2331 1072 2387 fuerit.
1108 2332 1174 2386 Et
1203 2345 1349 2386 sane
1401 2330 1601 2386 statim
1658 2347 1728 2387 ac
1781 2328 2242 2386 misericorditer

580 2433 719 2475 cum
749 2419 862 2474 illis
877 2425 1076 2476 actum
1089 2419 1614 2484 est,miserationis
1636 2419 1892 2474 imbrem
1920 2416 2239 2490 repellente

579 2507 810 2581 duritie,
842 2509 1033 2579 gratia
1060 2509 1364 2564 incassum
1386 2508 1626 2566 decidit.
1653 2510 1798 2564 Cum
1828 2509 1988 2564 enim
2010 2509 2240 2580 Moyses

579 2603 910 2669 praeceptor
939 2613 971 2652 e
997 2601 1219 2664 monte,
1244 2595 1607 2652 ubiedoctus
1621 2597 1969 2668 fuerat,jam
1992 2596 2239 2652 descen-

578 2684 764 2750 deret,
790 2684 1157 2758 tabellasque
1185 2684 1244 2740 in
1271 2685 1554 2742 manibus
1597 2685 1795 2753 ferret,
1847 2684 2070 2757 quibus
2121 2683 2235 2740 ele-

577 2779 781 2830 menta
805 2773 952 2845 legis
982 2775 1282 2848 insculpta
1299 2775 1532 2832 fuerant
1563 2779 1743 2848 atque
1764 2773 2236 2832 hashominibus

576 2861 690 2920 illis
714 2864 1003 2937 puerilem
1023 2871 1283 2921 mentem
1307 2865 1721 2936 gerentibusin
1745 2881 1964 2921 manus
1985 2863 2234 2922 traditu-

574 2969 677 3009 rus
700 2959 886 3022 esset;
910 2954 1026 3020 isti,
1051 2971 1184 3011 cum
1204 2957 1339 3024 jam
1367 2955 1829 3011 manducassenl
1861 2962 1913 3011 et
1929 2954 2230 3025 bibissent,

571 3051 966 3101 surrexerunt
992 3045 1196 3101 ludere
1218 3046 1350 3115 (55),
1375 3049 1799 3117 praeceptorem
1833 3059 1902 3102 ac
1933 3050 2234 3119 praecepta

571 3132 854 3190 ridentes.
890 3135 1264 3207 Quapropter
1292 3134 1936 3206 divinoruminterpres
1953 3135 2230 3204 gravissi-

2351 1976 2558 2031 πλακῶν
2607 1979 3055 2052 ὑπαινισσομίνων
3115 1981 3175 2030 τὸ
3246 1985 3346 2030 τῶν
3423 1975 3689 2050 ἀκροατῶν
3713 1975 3977 2050 λιθοκοὶρ-

2352 2064 2466 2120 διον
2527 2069 2686 2128 οὕτως
2748 2067 3056 2144 ἀπόκροτον,
3137 2070 3203 2130 ὡς
3247 2063 3496 2120 οὐδέποτε
3537 2064 3972 2138 κοιλανθκσόμι·

2347 2177 2436 2210 νου
2489 2165 2600 2219 ταῖς
2639 2154 3038 2231 ίνδελεχούσαις
3073 2158 3252 2232 ῥανίσι
3299 2165 3389 2218 τῆς
3445 2157 3584 2218 θείας
3635 2153 3974 2224 ἐπισκοπῆς,

2348 2244 2488 2320 μηδε
2553 2248 2663 2320 (5'2)
2722 2247 3166 2320 λιπανθησόμενον
3239 2245 3291 2310 ἐξ
3359 2245 3525 2299 αὐτῶν
3556 2266 3568 2279 ·
3657 2246 3775 2318 οἶμα
3859 2247 3972 2318 γὰρ

2349 2337 2612 2404 ἠλίηνται,
2679 2342 2768 2390 καὶ
2833 2338 2862 2395 ἠ
2925 2339 3090 2413 χάρις
3140 2335 3404 2412 ἐξίρρευσε
3483 2343 3574 2396 τῆς
3647 2333 3971 2395 ἀντιτυπίας

2350 2423 2732 2486 ἁποπτυσάσης
2783 2428 2871 2478 τὸν
2923 2433 3016 2478 τοῦ
3078 2423 3243 2486 ἐλέους
3284 2424 3449 2478 ὑετόν.
3494 2420 3638 2482 Ἤδη
3698 2426 3804 2499 φὰρ
3871 2431 3972 2476 τοῦ

2351 2511 2679 2568 διδασκάλου
2739 2516 2854 2587 (53)
2916 2518 3198 2585 κατιόντος,
3248 2518 3338 2566 καὶ
3383 2515 3472 2574 τὰς
3518 2508 3810 2573 πινακίδας
3884 2512 3973 2564 ἐπὶ

2345 2613 2541 2677 χειρῶν
2573 2609 2828 2679 φέροντος,
2871 2605 3050 2666 αἶςτὰ
3075 2610 3166 2656 τοῦ
3211 2607 3370 2676 νόμου
3428 2608 3672 2674 στοιχεῖα
3719 2599 3972 2673 ἐγκεχεί-

2345 2712 2537 2766 ρακται
2603 2698 2693 2746 καὶ
2769 2691 3034 2766 μέλλοντος
3084 2691 3402 2766 ἐγχειρίζειν
3457 2692 3648 2753 ταύτας
3709 2698 3823 2751 τοῖς
3877 2710 3970 2748 vr;-

2346 2787 2642 2856 πιόφροσιν,
2739 2781 2921 2835 ἐκεῖνοι
2989 2785 3235 2854 φαγόντες
3310 2786 3400 2833 καὶ
3473 2784 3671 2840 πιόντες
3729 2778 3970 2837 ἀνίστη-

2346 2889 2441 2925 σαν
2542 2871 2749 2932 παίζειν
2819 2874 3234 2944 κατορχούμενοι
3309 2875 3398 2923 καὶ
3475 2865 3776 2922 διδασάλου
3871 2873 3969 2921 καί

2341 2963 2688 3034 μαθημάτων.
2738 2961 2848 3032 Ἐφ’
2915 2962 2988 3022 οἷς
3047 2962 3074 3012 ό
3126 2962 3490 3032 μυσταγωγὸς,
3557 2960 3850 3033 περιπαθές
3914 2980 3967 3012 τι

2343 3048 2752 3126 βαρυθυμήσας,
2798 3052 2894 3113 τὰς
2940 3053 3030 3123 μεν
3083 3045 3360 3110 πινακίδας
3425 3047 3571 3102 ἔϐαλε
3634 3051 3775 3102 κατά
3826 3058 3961 3121 γῆς,

2341 3145 2431 3192 καὶ
2502 3139 2775 3215 συνέτριψε
2845 3140 3128 3212 μεθύοντας
3181 3134 3461 3191 διδάσκειν
3529 3135 3956 3209 ἀπαγορεύσας·

572 3238 673 3278 mo
703 3223 908 3279 dolore
941 3222 1120 3278 simul
1145 3228 1200 3278 et
1230 3222 1641 3292 indignatione
1667 3223 1947 3295 percitus,
1980 3223 2227 3280 tabellas

2348 3231 2450 3291 τοῖς
2524 3248 2584 3300 γε
2636 3234 2739 3302 μὴν
2813 3227 3194 3301 φιλοπαίγμοσι
3250 3229 3514 3300 μαθηταῖς
3548 3231 3648 3286 τήν
3694 3223 3960 3280 παιδείαν

572 3313 819 3384 quidem
851 3313 911 3368 in
935 3317 1150 3369 terram
1182 3311 1447 3384 projecit,
1482 3328 1709 3385 easque
1740 3313 2018 3369 contrivit
2047 3313 2227 3370 ebriis

571 3414 633 3455 se
646 3409 932 3472 prmstare
947 3401 1220 3456 abnuens
1233 3406 1659 3474 praeceptorem
1679 3401 2014 3476 ;discipulis
2028 3407 2229 3459 autem

572 3488 815 3544 ludendi
848 3489 1128 3544 studiosis
1152 3505 1484 3560 congruam
1518 3507 1663 3546 sane
1696 3490 1941 3547 adhibet
1967 3491 2229 3565 discipli-

569 3592 735 3646 nam,
755 3592 877 3632 non
903 3577 1148 3648 quidem
1181 3578 1411 3648 virgam
1442 3577 1707 3651 aliquam
1742 3578 2035 3636 ullatenus
2063 3595 2227 3653 quae-

569 3681 702 3722 rens
729 3683 741 3734 ;
767 3665 910 3738 quid
935 3665 1095 3721 enim
1120 3666 1248 3722 haec
1271 3683 1403 3722 cum
1421 3667 1662 3739 lapideo
1689 3683 1761 3723 ac
1783 3667 2108 3726 durissimo
2135 3686 2228 3726 eo-

2339 3320 2522 3389 ίπάγει
2567 3323 2940 3391 προσήκουσαν
2986 3337 3000 3351 ·
3041 3313 3244 3391 ῥάϐδου
3301 3320 3391 3390 μὲν
3437 3312 3586 3369 οὐδὲν
3611 3315 3678 3367 ὦ)
3724 3318 3843 3387 (54)
3898 3322 3956 3368 τὸ

2339 3410 2586 3482 παράπαν
2623 3410 2760 3469 τινὸς
2791 3403 3020 3468 δεηθείςο
3051 3411 3104 3458 τί
3155 3407 3254 3479 γὰρ
3311 3413 3476 3458 ταῦτα
3531 3409 3662 3478 πρὸς
3717 3411 3814 3464 τὴν
3875 3406 3956 3459 λι-

2343 3494 2541 3571 θοκαρὸ
2549 3501 2628 3548 ίαν
2677 3494 2876 3548 ἐκείνων
2902 3498 3072 3548 καὶτὸ
3101 3490 3403 3561 ἀνένδοτονς
3466 3493 3602 3548 Ἀλλ’
3661 3493 3774 3547 ἐπεὶ
3811 3494 3957 3555 λίθος

2342 3583 2550 3662 σιδήρῳ
2591 3583 2944 3660 συντρίϐεται,
2989 3584 3124 3637 οὕτω
3174 3581 3446 3656 μεθοδεύει
3497 3588 3590 3643 τήν
3634 3579 3951 3651 παίδευσιν,

2339 3681 2428 3730 καὶ
2460 3673 2593 3735 ἦσαν
2627 3676 2680 3726 αἱ
2704 3669 3050 3748 παραξιφίδες
3075 3674 3100 3725 ὁ
3134 3669 3373 3747 σίδηρος.

565 3767 702 3811 tum
731 3753 910 3810 corde
940 3754 1304 3827 Promissent
1333 3757 1360 3810 ε’
1411 3755 1526 3811 58d
1572 3756 1862 3828 quoniam
1899 3756 2054 3830 lapis
2101 3757 2256 3817 ἷθΐτο
2311 3764 2730 3831 contunditur,
2763 3763 2846 3817 sic
2883 3762 2996 3819 ista
3024 3761 3272 3819 demum
3303 3761 3616 3818 erudiendi
3648 3763 3948 3820 methodo

567 3845 769 3913 utitur,
803 3860 873 3901 ac
900 3844 1034 3900 ferri
1060 3844 1260 3901 locum
1292 3849 1610 3900 tenuerunt
1632 3846 1921 3917 pugiones
1951 3849 2081 3918 (56).

638 3939 724 3991 XI.
755 3936 936 3992 Porro
961 3935 1212 4008 antiqua
1240 3935 1369 4006 ista,
1396 3939 1528 3991 utut
1546 3935 1724 4008 plena
1752 3939 1974 3993 terrore
2021 3953 2092 3994 ac
2140 3955 2223 3995 se-

565 4026 832 4097 veritate,
849 4031 1093 4099 propter
1107 4025 1660 4082 vecordiamtamen
1683 4026 1837 4082 illius
1866 4029 2079 4101 populi
2101 4045 2228 4084 cer-

566 4115 712 4172 vicis
741 4115 1094 4187 durissimtr,
1130 4121 1186 4172 et
1228 4123 1468 4189 propter
1519 4115 1798 4173 duritiem
1851 4118 2050 4173 cordis
2104 4118 2226 4174 illo-

566 4219 724 4273 rum,
751 4204 896 4260 nihil
918 4221 1129 4261 eorum
1155 4221 1291 4278 quas
1323 4205 1549 4278 sperari
1582 4211 1823 4278 possent
1849 4206 2222 4267 obtinebant.

639 4295 713 4346 At
733 4293 1044 4364 posterior,
1095 4307 1233 4365 qua:
1285 4293 1464 4349 hodie
1514 4293 1863 4361 celebratur,
1913 4295 2223 4354 descensio

567 4380 748 4452 priori
770 4377 870 4437 illa
896 4380 1083 4437 multo
1107 4387 1196 4438 est
1222 4381 1652 4438 admirabilior.
1691 4384 1943 4441 Paciﬁca
1968 4387 2128 4443 enim
2167 4390 2224 4444 et

568 4469 858 4525 tumultus
884 4485 1094 4542 expers
1115 4470 1267 4527 adeo
1310 4470 1436 4542 fuit,
1490 4475 1554 4527 ut
1598 4471 1980 4529 descendisse
2035 4477 2219 4533 Deum

568 4665 814 4746 Mariam
841 4666 1034 4746 lilium
1054 4665 1220 4746 dixit,
1236 4667 1630 4746 liinequidem
1649 4669 1792 4727 illud
1821 4671 2218 4746 niveiquoque

567 4737 903 4814 candidius,
938 4740 1011 4795 ad
1045 4737 1480 4814 excludendum
1509 4737 2014 4814 scilicetcujusvis
2061 4737 2219 4802 nmvi

564 4811 660 4884 vel
694 4807 1065 4884 levissimam
1101 4811 1532 4884 suspicionem,
1565 4807 1844 4884 praedicat
1871 4830 1940 4871 ac
1967 4832 2216 4874 suaveo-

564 4881 984 4957 lentissinium,
1013 4883 1153 4957 inde
1179 4881 1321 4939 vero
1353 4881 1616 4957 virgineo
1663 4892 1949 4957 praetcrea
2002 4886 2218 4946 decore

564 4956 760 5028 nitens
774 4955 931 5011 idem
946 4954 1224 5028 celebrat,
1241 4954 1618 5028 quoinnuat,
1642 4954 2028 5028 purissimum
2047 4959 2215 5016 illum

562 5026 912 5103 candorem,
939 5027 1112 5103 cujus
1142 5024 1675 5103 gratialiliinomen
1691 5029 1879 5103 Mariae
1910 5032 2210 5103 competit,

562 5097 747 5153 alium
778 5115 815 5153 a
841 5098 1188 5170 virginitatis
1207 5097 1466 5154 candore
1491 5097 1943 5170 intelligendum
1973 5097 2122 5157 esse.

635 5171 747 5238 (31)
774 5169 925 5225 Psal.
952 5186 1101 5238 xm,

632 5240 746 5309 (5'2)
769 5239 910 5295 Cod.
942 5237 1119 5312 giras.

631 5304 913 5387 (_53}_Cod.
942 5304 1319 5387 διδασκαλίου,
1352 5329 1488 5384 quae
1517 5329 1634 5370 vox
1674 5328 1820 5369 sane
1872 5316 2074 5370 Graeca
2102 5318 2207 5387 est,

563 5380 669 5435 sed
693 5380 771 5455 ad
791 5397 917 5437 rem
944 5399 1063 5438 non
1097 5385 1366 5455 pertinet.

629 5453 742 5521 (54)
773 5455 849 5508 De
873 5453 1116 5526 mendo,
1140 5455 1306 5526 quod
1330 5455 1444 5511 hoc
1469 5455 1602 5512 loco
1627 5455 1882 5512 occurrit
1901 5455 1958 5512 in
1979 5456 2206 5525 codice,

553 5520 751 5650 placet
775 5539 844 5579 ea
875 5520 1185 5596 subjicere;
1214 5542 1350 5597 quas
1392 5527 1477 5582 vir
1522 5527 1890 5583 clarissimus
1923 5520 2208 5600 Georgius

581 5592 882 5650 'rabinkcr
910 5595 971 5650 in
991 5596 1317 5650 exemplari
1345 5597 1422 5650 ad
1443 5614 1540 5650 me
1568 5599 1926 5650 transmisso
1956 5599 2206 5650 adnota-

581 5592 882 5676 irabingcr
899 5595 971 5676 in
991 5592 1317 5676 exemplari
1345 5597 1422 5676 ad
1443 5599 1926 5676 me_tra_nsmisso
1956 5592 2206 5676 adnota-

548 5665 668 5738 vit;
701 5688 731 5718 «
763 5665 959 5726 Codex
993 5665 1208 5741 (inquit
1233 5667 1294 5724 in
1326 5667 1600 5729 clausula
1626 5669 1799 5727 lineae
1825 5669 2010 5729 habet
2037 5673 2104 5736 ὧς
2148 5676 2205 5730 et

2410 3943 2508 4000 IA'.
2540 3945 2617 3996 Τα
2647 3945 2736 4016 μὲν
2766 3942 2964 3995 παλαιὰ
3008 3948 3242 4008 τοιαῦτα,
3301 3938 3493 4014 φοϐερὰ
3542 3942 3633 4014 μεν
3685 3945 3778 3993 καὶ
3811 3939 3949 3994 ἀπό-

2337 4054 2491 4107 τομα,
2528 4036 2682 4091 ἤνυον
2715 4029 2775 4086 δε
2826 4041 2926 4085 τῶν
2974 4031 3316 4103 ἐλπιζομένων
3368 4026 3521 4082 οὐδὲν
3575 4026 3670 4082 διά
3719 4036 3820 4089 τὴν
3864 4030 3952 4082 αν-

2336 4123 2592 4195 αλγησίαν
2665 4129 2758 4174 τοῦ
2829 4119 3298 4195 σκληροτραχήλου
3350 4118 3478 4171 λαοῦ
3543 4123 3632 4171 καὶ
3715 4123 3777 4172 τό
3847 4130 3950 4183 τῆς

2335 4207 2559 4282 καρδιας
2591 4208 2896 4285 ἀπόκροτον.

2406 4304 2626 4374 Δευτίρα
2677 4297 2966 4359 κατάϐασις
3052 4303 3276 4370 σήμερον
3342 4295 3472 4349 πολὺ
3541 4304 3630 4357 τῆς
3682 4302 3946 4373 προτέρας

2331 4387 2755 4465 παραδοξοτίρα.
2797 4388 3042 4462 Εἰρηνςκὴ
3097 4405 3196 4462 γαρ
3252 4390 3344 4439 καὶ
3399 4384 3676 4459 ἀθόρυϐος,
3736 4390 3813 4451 ὡς
3850 4395 3944 4442 καὶ

2331 4483 2448 4540 τοὺς
2499 4482 2618 4551 περὶ
2665 4477 2820 4531 αὐτὸν
2875 4476 3206 4550 λειτουργοὺς
3253 4479 3344 4528 καὶ
3420 4477 3768 4551 παραστάτας
3847 4485 3943 4530 τοῦ

2330 4673 2494 4733 initio
2506 4673 2822 4746 sequentis
2846 4672 3002 4746 male
3019 4675 3107 4734 τός
3126 4687 3237 4746 pro
3251 4687 3323 4724 τω
3333 4691 3383 4746 ς.Δ
3398 4671 3584 4728 Scribi
3607 4671 3814 4746 potius
3836 4671 3934 4730 de.

2327 4747 2507 4804 bebat
2536 4741 2676 4817 ὡς’θι
2700 4761 2884 4817 supra
2911 4741 3142 4800 lineam
3159 4744 3345 4817 οὕτως,
3367 4741 3452 4798 ita
3478 4749 3543 4817 ut
3572 4741 3713 4817 vera
3755 4745 3935 4802 lectio

2327 4819 2399 4875 sit
2417 4817 2504 4887 ὡς,
2538 4824 2595 4872 et
2622 4813 3094 4888 oﬁmg'tanquam
3116 4813 3320 4888 glossa
3337 4813 3568 4888 voculae
3595 4813 3661 4874 ὣς
3685 4830 3938 4888 compa-

2324 4895 2453 4946 reat
2477 4882 2659 4957 {nam
2683 4885 2902 4947 οὐδὶνῶς
2927 4882 3038 4959 pro
3076 4882 3230 4959 ουᾷεν
3265 4885 3424 4959 οὑτως
3449 4887 3538 4959 (μί
3583 4885 3747 4959 apud
3777 4882 3936 4943 Tﬁu-

2325 4948 2603 5033 cydidem
2627 4963 2684 5016 et
2709 4948 3026 5033 Platonem
3073 4954 3198 5033 οςᾶρέξ
3248 4961 3318 5019 ὥς
3345 4948 3520 5033 ἶμιέδέ
3570 4948 3659 5027 ὢξ,
3706 4963 3800 5010 καὶ
3847 4959 3934 5028 ὣς)

2323 5028 2663 5104 p'onisolet.
2679 5031 2801 5104 Vid.
2817 5031 3022 5085 Astius
3033 5028 3395 5104 ad_Platonis
3421 5028 3844 5098 Protagoram,
3872 5047 3934 5103 p.

2329 5101 2428 5159 H8
2470 5103 2532 5158 in
2557 5102 2703 5174 Plat,
2729 5103 2879 5174 Opp.
2909 5106 3054 5157 tom.
3087 5101 3146 5155 Χ.

2392 5175 2508 5244 (55)
2545 5171 2724 5244 Exod.
2752 5171 2934 5236 lix—xu,
2975 5176 3029 5228 6.

2392 5241 2511 5316 (56)
2534 5243 2716 5300 Exod.
2736 5259 2917 5310 xxxii,
2939 5246 3030 5304 26.
3051 5247 3157 5316 277:
3183 5241 3666 5316 Congregalique
3676 5249 3832 5316 _tt_unl
3853 5243 3932 5316 ad

2320 5312 2453 5372 eum
2465 5312 2587 5386 (M0
2594 5330 2744 5388 ysem
2753 5317 2768 5385 )
2778 5329 2974 5388 omnes
2984 5316 3100 5388 ﬁlii
3110 5315 3254 5388 Levi
3261 5329 3283 5369 .·
3294 5312 3520 5388 quibus
3530 5312 3648 5388 ait:
3667 5314 3813 5370 Hac
3846 5315 3910 5370 di
3918 5343 3931 5352 -

2319 5389 2398 5442 cit
2415 5385 2694 5444 Demihus
2710 5388 2863 5442 Deus
2876 5385 3092 5442 Israel:
3112 5385 3303 5442 Ponat
3333 5385 3428 5441 vir
3451 5385 3728 5455 gladium
3745 5399 3929 5455 super

2311 5460 2698 5527 femursuum
2715 5473 2739 5514 .'
2756 5460 2836 5514 ite
2845 5461 2899 5514 et
2912 5457 3101 5514 redite
3109 5457 3182 5514 de
3190 5461 3370 5526 porta
3384 5455 3664 5526 usquead
3678 5463 3921 5526 portam

2311 5545 2422 5598 per
2431 5530 2690 5587 medium
2702 5534 3116 5597 castrorum,et
3128 5528 3360 5586 occidat
3377 5529 3714 5599 unusquisq
3721 5529 3926 5598 uerru-

2315 5607 2463 5658 trem
2483 5607 2541 5660 et
2561 5602 2815 5658 amicum
2836 5605 2890 5659 et
2917 5600 3263 5673 proximum
3292 5614 3483 5656 suum.
