4020 6310
105 363 237 415 693

1248 369 1318 423 IN
1359 365 1989 425 ANNUNTIATIONEM
2035 369 2094 422 Β.
2141 368 2400 425 ΜΑΒΙᾹῧ.

3395 363 3498 419 694-

109 480 442 540 ὄιανιστῶν.
504 486 707 539 Αὖαλέα
755 489 857 562 γὰρ
914 492 1090 560 γέγονε
1136 494 1226 542 καὶ
1277 498 1464 568 τέφρας
1525 492 1726 562 αὐχμω·

1851 505 2178 564 renamque
2191 497 2468 548 naturam
2482 496 2745 548 nostram
2761 488 2998 560 ecpiose
3013 485 3299 559 irrigavit,
3318 490 3499 558 atque

108 569 380 649 ὃεστέρα,
413 573 464 638 ἐξ
515 577 634 627 ὅτου
693 577 824 647 (73),
879 583 944 637 ὡς
997 575 1240 654 ἀστραπὴ
1304 577 1740 656 πρηστηριώδης,

107 662 414 723 ὁΣατανᾶς
469 670 641 715 πεσὼν
688 668 744 717 εκ
805 672 897 717 τοῦ
953 667 1192 738 οὐρανοῦ,
1261 676 1474 744 καιρίως
1547 672 1741 726 ταύτην

109 749 332 822 βαλὼν,
397 753 756 819 κατηθάλωσε,
837 759 926 807 καὶ
977 758 1192 829 ἄνικμον
1252 758 1604 832 ἀπειργάσατο
1652 763 1741 810 καὶ

107 843 265 913 πρὸς
317 847 676 916 καρποφορίαν
763 845 908 896 Θείων
961 847 1122 920 ἔργων
1177 844 1401 911 ἁδέξιον.
1465 847 1740 916 Ἀνατελεῖ,

110 934 316 999 φησιν,
396 929 444 981 ἐν
524 939 636 992 ταῖς
715 933 928 1005 ἡμέραις
1012 933 1171 988 αὐτοῦ
1255 934 1567 994 δικαιοσύνη
1652 941 1742 989 καὶ

109 1017 328 1079 πλῆθος
401 1019 627 1093 εἰρήνης,
698 1021 790 1083 ἓως
859 1021 919 1074 οὗ
1003 1021 1338 1100 ἁνταναιρεθῇ
1419 1027 1449 1084 ἡ
1531 1026 1736 1084 σελήνη.

108 1107 530 1179 Ἐπεξερχέσθω
581 1111 682 1183 γὰρ
740 1111 765 1160 ὁ
803 1109 955 1181 λόγος
1001 1115 1090 1164 καὶ
1127 1120 1233 1175 τοῖς
1291 1112 1408 1176 ἑξῆς
1464 1121 1554 1166 τοῦ
1611 1114 1741 1186 ψαλ-

104 1203 244 1266 μόῦ,
283 1201 376 1248 καὶ
409 1198 526 1249 καθ’
567 1194 691 1250 ὁδόν
756 1203 1102 1271 προερχέσθω
1160 1199 1243 1254 ἐπὶ
1302 1207 1396 1259 τὴν
1451 1211 1552 1254 τὼν
1607 1223 1740 1277 κρυ-

108 1288 401 1357 πτομένων
452 1292 751 1359 σαφήνειαν.
792 1285 935 1346 Ἤδη
997 1291 1098 1362 γὰρ
1147 1299 1239 1342 τοῦ
1292 1292 1442 1349 ἡλίου
1497 1301 1592 1353 τῆς
1649 1289 1739 1345 δι-

105 1376 420 1434 καιοσύνης
514 1374 796 1427 ἀνατέλλειν

893 1375 1286 1450 ἆπαρχομένου,
1387 1383 1454 1432 τα
1535 1379 1582 1432 ἓν
1669 1389 1740 1452 τῷ

110 1459 357 1514 σκιώδει
416 1471 508 1515 τοῦ

111 1549 506 1623 ἑξαγέσθωσαν
517 1597 528 1609 .

598 1468 909 1539 γράμματος
984 1485 1419 1542 συγκρυπτομενα
1485 1469 1556 1530 εἰς
1635 1477 1739 1541 φῶς

191 1839 308 1893 ΙΔ’.
342 1838 478 1892 Ἀλλ’
527 1841 587 1908 ὦ,
617 1845 748 1901 τίνες
798 1843 847 1894 οἱ
903 1845 1122 1894 κατόπιν
1165 1844 1310 1914 ἡμῶν
1359 1842 1546 1917 ἀρτίως
1605 1842 1735 1916 βαῡ-
1770 1852 1808 1904 Β

114 1927 334 1996 ζοντες,
399 1933 486 1980 καὶ
546 1930 697 2002 Θροῦι
749 1934 911 2001 μέγαν
957 1935 1048 1982 καὶ
1093 1933 1327 2004 τάραχον
1380 1931 1735 2004 ἀνεγείροντες,

112 2021 215 2068 καὶ
243 2018 386 2068 κατὰ
416 2025 505 2069 τοῦ
534 2018 686 2089 λόγου
729 2017 1015 2091 βρύχοντες
1067 2025 1188 2082 τοὺς
1240 2017 1556 2083 κυνόδοντας
1583 2022 1734 2094 (75);

112 2101 394 2158 Ἰουδαῖοι
449 2108 651 2168 πάντως
720 2107 843 2176 εἰσὶ,
930 2111 986 2160 τὸ
1037 2108 1389 2183 φιλοταραχον
1444 2110 1595 2181 φῦλον
1648 2115 1739 2162 καὶ

112 2196 436 2266 κραυγάζον
470 2217 482 2227 ·
533 2196 600 2246 ὧν
661 2216 1048 2270 καρποφορημα
1102 2204 1304 2271 κραυγή
1371 2197 1483 2251 ἀντὶ
1533 2218 1736 2271 σταφυ-

112 2283 240 2348 λῆς,
282 2286 438 2354 φάναι
468 2286 586 2337 καθ’
605 2285 844 2340 Ἠσαίαν.

189 2379 262 2424 Τί
320 2369 408 2424 οὖν
459 2378 744 2446 ποιήσομεν
793 2391 806 2440 ;
858 2377 1106 2447 Ἐάσομεν
1146 2383 1261 2437 ταῖς
1315 2376 1531 2440 ὑλακαῖς
1590 2375 1738 2452 διαρ-

107 2462 446 2533 ῥήγνυσθαι,
499 2459 763 2534 μηδεμίαν
858 2462 1178 2538 ἕπιστροᾳὴν
1262 2474 1362 2517 τῶν
1427 2465 1729 2539 πεφλυαρη-

108 2553 292 2618 ριένων
343 2549 516 2610 αὐτοῖς
568 2554 863 2623 ποιούμενοι
905 2570 917 2619 ;
969 2552 1036 2604 Ἠ
1125 2551 1520 2627 ἐπιστραφέντες
1602 2554 1733 2626 ὀλίγ’

110 2639 259 2689 ἄττα
293 2640 406 2706 (76)
451 2635 655 2691 λιθίδια
696 2648 788 2692 τοῦ
847 2637 1096 2703 ἁναιδοῦς
1145 2642 1312 2693 αὐτῶν
1365 2649 1734 2695 κατακοντίσο-

108 2747 205 2798 μεν
270 2732 568 2800 στόματος;
603 2738 749 2782 Δοκεῖ
805 2751 893 2803 μοι
949 2735 1008 2783 τὸ
1072 2729 1309 2805 δεύτερον
1367 2733 1730 2805 ἰσχυρότερον.

114 2816 228 2868 Κᾶν
285 2820 386 2890 γὰρ
443 2815 779 2891 ὶπιδράμωσι
849 2816 1338 2895 διαρριπτουμένοις
1386 2829 1490 2882 τοίς
1565 2822 1731 2885 λίθοις

112 2904 456 2976 ἐπιχανόντες
515 2911 738 2975 τούτοις,
817 2912 886 2970 ὡς
948 2912 1162 2970 σύνηθες
1197 2932 1208 2942 ·
1293 2909 1396 2962 ἁλλ’
1429 2911 1559 2981 οὐχί
1641 2916 1731 2963 καὶ

114 2991 609 3068 ὃιαριασσὴσασθαι
653 2997 712 3048 ἂν
761 2995 1048 3060 δυνηθεῖεν,
1099 3003 1157 3051 τό
1227 2999 1437 3074 στερρόν
1486 2999 1585 3052 ἀπὸ
1635 3009 1731 3063 τῆς

111 3082 370 3144 ἀληθείας
445 3085 760 3158 αὐχοῦντας.
852 3087 1094 3146 Ἀλήθεια
1166 3084 1225 3140 δὲ
1281 3091 1306 3140 ό
1392 3092 1644 3162 Χριστός,
1701 3092 1725 3141 6

1851 578 1929 635 ad
1951 597 2166 637 suaves
2179 581 2405 638 fructus
2421 581 2676 638 ubertim
2700 578 2980 635 ferendos
2996 576 3290 634 excitavit.
3309 577 3498 648 Squa-

1848 667 1971 724 lida
1995 669 2256 733 enim,et
2277 669 2575 726 cineribus
2605 669 2752 742 ipsis
2809 667 3022 723 siccior
3077 669 3384 730 evaserat,
3425 680 3500 719 ex

1850 774 1972 830 quo
2000 760 2272 822 Satanas,
2303 775 2411 814 ceu
2441 757 2641 828 fulgur
2666 755 3033 813 comburens
3051 770 3082 810 e
3102 752 3252 822 coelo
3265 751 3496 823 lapsus,

1850 863 1988 902 cum
2001 846 2291 904 lethaliter
2310 847 2504 920 ipsam
2519 845 2870 913 sauciasset,
2887 858 3134 900 omnem
3147 843 3200 898 ei
3237 841 3498 896 virorem

1850 934 2110 1001 abstulit,
2130 939 2480 1010 aridamque
2510 941 2565 992 et
2595 935 2672 991 ad
2692 934 3318 1004 divinorumioperum
3360 945 3498 1002 pro-

1849 1021 2159 1080 ducendos
2188 1024 2412 1080 fructus
2455 1025 2720 1096 ineptam
2778 1021 3053 1090 reddidit.
3114 1020 3370 1084 Orietur,
3403 1016 3498 1090 in-

1848 1111 1979 1186 quit
2006 1113 2119 1184 (74)
2139 1159 2153 1180 ,
2179 1115 2241 1169 in
2255 1113 2458 1168 diebus
2472 1116 2598 1182 ejus
2599 1112 2846 1182 justitia
2858 1107 3303 1166 etabundantia
3310 1107 3497 1186 pacis,

1847 1183 2032 1257 donec
2052 1204 2374 1273 auferatur
2390 1203 2557 1258 luna.
2579 1203 2687 1257 Par
2713 1199 2870 1254 enim
2900 1197 3094 1266 fuerit,
3145 1201 3209 1252 ut
3251 1199 3308 1252 et
3358 1183 3496 1268 quae

1847 1288 2077 1368 reliqua
2134 1297 2273 1346 sunt
2319 1291 2501 1360 hujus
2536 1288 2781 1352 Psalmi,
2829 1286 3019 1344 oratio
3075 1288 3496 1358 persequatur,

1847 1385 2126 1451 rectaque
2148 1380 2247 1436 via
2278 1379 2355 1436 ad
2385 1396 2594 1436 eorum
2633 1394 2769 1451 quas
2793 1377 2854 1433 in
2880 1392 2953 1433 eo
2988 1375 3232 1441 lateant,
3274 1372 3498 1446 'expla-

1847 1468 2151 1524 nationem
2184 1469 2620 1541 progrediatur.
2653 1468 2802 1523 Cum
2824 1464 2985 1522 enim
3019 1461 3360 1520 illucescere
3391 1453 3498 1518 εοι

1835 1555 2085 1636 justitim
2124 1557 2256 1628 jam
2298 1556 2545 1628 incipiat
2573 1569 2913 1612 consonum
2939 1552 3113 1609 fuerit
3142 1555 3208 1608 nt
3229 1567 3366 1624 quae
3397 1568 3502 1607 oc-

1846 1645 2146 1704 cultantur
2173 1646 2390 1703 umbra
2416 1646 2646 1722 litterae,
2684 1644 2749 1700 in
2787 1643 2986 1699 lucem
3029 1645 3300 1716 apertam
3355 1639 3498 1696 edu-

1845 1738 2079 1791 cantur.

1920 1845 2030 1898 XIX
2052 1844 2267 1898 Verum
2295 1843 2394 1906 oh,
2417 1842 2669 1915 quinam
2695 1844 2854 1910 sunt,
2884 1838 2991 1912 qui
3039 1837 3219 1894 nobis
3239 1851 3276 1893 a
3327 1840 3496 1906 tergo

1847 1948 2009 1988 nunc
2035 1932 2276 2001 latrant,
2324 1946 2738 2004 magnumque
2775 1928 3088 2000 strepitum
3149 1943 3222 1983 ac
3276 1923 3497 1982 tumul-

1848 2027 1974 2077 tum
2019 2021 2296 2083 excitant,
2330 2026 2387 2076 et
2432 2020 2663 2076 caninis
2713 2015 2994 2074 dentibus
3043 2017 3106 2071 in
3155 2029 3498 2071 sermonem

1846 2108 2168 2178 (nostrum)
2199 2109 2504 2164 frendent?
2538 2107 2790 2162 Prorsus
2833 2104 3022 2162 Judaei
3077 2108 3239 2170 sunt,
3288 2102 3497 2159 turbu-

1844 2197 2075 2254 lentum
2105 2197 2560 2268 clamosumque
2592 2211 2804 2264 genus;
2825 2190 3494 2268 quorumfructiﬁcatio,

1848 2293 1912 2342 ut
1937 2302 2074 2342 cum
2106 2287 2263 2342 Isaia
2291 2285 2508 2358 loquar
2528 2284 2666 2357 (78).
2689 2299 2801 2357 pro
2831 2298 2952 2338 uva
2991 2281 3240 2338 clamor.

1919 2375 2073 2441 Quid
2111 2391 2254 2445 ergo
2292 2374 2610 2430 faciemus?
2652 2372 3030 2437 Sinemusne,
3072 2374 3135 2426 ut
3205 2368 3329 2425 suis
3381 2367 3498 2441 ipsi

1844 2464 2157 2520 latratibus
2193 2464 2668 2536 disrumpantur,
2700 2459 2849 2517 nihil
2885 2459 3180 2516 adversus
3220 2474 3293 2515 ea
3356 2472 3494 2530 qum

1845 2553 2116 2622 garriunt
2189 2552 2448 2608 vicissim
2497 2555 2855 2624 reponentes
2929 2565 3008 2605 an
3071 2563 3213 2604 vero
3273 2561 3497 2621 parvos

1845 2641 2080 2713 aliquos
2107 2640 2342 2714 lapillos
2386 2641 2445 2696 in
2469 2637 2791 2712 impudens
2833 2653 3042 2693 eorum
3072 2652 3140 2692 os
3173 2629 3498 2707 iaciemus?

1844 2730 2153 2808 Eiﬁcacius
2194 2735 2568 2802 postremum
2588 2729 2703 2784 hoc
2734 2726 2879 2784 mihi
2914 2726 3143 2782 videtur
3173 2739 3494 2794 argumen-

1842 2824 1990 2874 tum.
2021 2819 2138 2874 Etsi
2167 2820 2327 2874 enim
2392 2819 2454 2873 in
2483 2818 2786 2888 conjectos
2857 2815 2970 2871 hos
3021 2813 3254 2887 lapides
3292 2812 3496 2869 hiante

1840 2925 1962 2973 ore,
1997 2915 2061 2964 ut
2099 2909 2310 2977 solent,
2336 2912 2671 2974 occurrant,
2696 2905 2860 2961 haud
2890 2909 3091 2960 tamen
3124 2909 3179 2959 et
3206 2901 3493 2958 mandere

1839 3013 1944 3052 eos
1977 2997 2144 3053 facile
2175 3002 2471 3070 poterunt,
2503 3001 2707 3065 utpote
2737 2993 2841 3067 qui
2872 2992 3187 3058 soliditate,
3220 3007 3357 3063 quae
3405 2995 3495 3048 est

1839 3103 1874 3142 a
1905 3087 2164 3153 veritate,
2202 3086 2523 3156 gaudeant.
2568 3087 2795 3141 Veritas
2822 3088 3022 3138 autem
3054 3086 3137 3138 est
3165 3082 3290 3149 ipse
3321 3080 3493 3138 Chri-

105 3178 236 3233 τοὺς
296 3183 396 3223 τῶν
445 3173 759 3248 ἁμαρτωλῶν
845 3176 1130 3249 συντριϐων
1207 3174 1444 3246 ὀδόντας,
1502 3177 1585 3228 ἱνα
1630 3184 1726 3250 μη-

1844 3183 1962 3231 stus
1990 3176 2124 3248 (79),
2155 3178 2258 3247 qui
2275 3161 2492 3231 “dentes
2517 3180 2898 3241 peccatorum
2927 3171 3180 3228 conterit
3221 3169 3360 3240 (80),
3413 3185 3490 3227 ne

105 3266 195 3312 τόν
224 3271 327 3323 τῆς
361 3268 585 3325 πίστεως
625 3266 777 3337 οἰρτον
836 3261 1030 3340 ἀδίκως
1095 3262 1534 3337 διαλυμοίνωνται
1589 3270 1721 3336 (77).

179 3350 289 3403 IE‘.
355 3351 509 3402 Ἀλλὰ
561 3358 611 3403 τί
664 3354 871 3426 κράζεις
937 3356 1149 3406 ὄπισθεν
1198 3375 1318 3426 μου,
1375 3351 1585 3416 ἀναιδὲς
1634 3355 1725 3406 ἀν-

1838 3265 2241 3337 forte.panem
2271 3265 2408 3319 fidei
2442 3263 2622 3335 impie
2657 3263 3020 3333 discerpant.

1910 3355 2020 3409 XV.
2044 3358 2241 3419 Porro,
2266 3353 2412 3426 quid
2434 3358 2572 3426 post
2595 3369 2691 3408 me
2722 3351 2969 3414 clamas,
3009 3348 3233 3413 Iudaee,
3263 3347 3488 3404 eﬂ'rons

1833 3459 1903 3499 ac
1926 3443 2290 3498 contentiose
2351 3441 2679 3498 homuncio
2708 3440 2736 3495 ?
2767 3440 2824 3495 Si
2861 3439 3006 3512 quid
3047 3435 3257 3505 habes,
3321 3433 3488 3510 quod

1830 3548 2090 3601 regeras,
2123 3531 2300 3586 dicto.
2340 3532 2437 3586 Ad
2467 3531 2861 3592 Solomonem,
2901 3526 3115 3600 inquit,
3157 3527 3286 3583 hwc
3322 3525 3487 3583 dicta

1829 3621 2204 3688 referuntur,
2230 3626 2283 3675 et
2313 3620 2422 3676 hoc
2454 3602 2695 3675 verbum
2727 3618 2942 3672 bonum
2969 3632 3000 3672 e
3033 3615 3210 3672 corde
3248 3620 3484 3671 eructat

1830 3709 2024 3765 David
2055 3709 2374 3765 successori
2400 3709 3069 3777 (81)regniejus,quiez
3087 3711 3253 3760 utero
3297 3705 3482 3772 ipsius

1824 3813 2089 3868 egressus
2117 3796 2328 3867 est(82)
2365 3795 3044 3864 ;nonautem,pr0utitu
3101 3791 3480 3847 Christianus

1825 3888 2474 3954 contendis,scmn0ne)n
2489 3886 2562 3940 de
2574 3885 2806 3939 Christo
2820 3883 3095 3938 instituit.
3116 3879 3476 3951 Sine,qua3so

1821 3991 1858 4030 ο
1885 3977 2078 4046 inepte
2091 3991 2389 4040 nugarum
2405 3973 2692 4038 venditor,
2707 3977 2933 4028 rectum
2953 3985 3130 4024 suum
3175 3967 3476 4024 tramitem

1822 4070 2223 4136 prosequatur
2248 4062 2460 4125 oratio,
2489 4077 2635 4116 neve
2657 4076 2789 4116 eam
2815 4058 2893 4115 ad
2916 4062 2970 4114 te
3017 4056 3216 4129 ipsum
3267 4055 3475 4112 nitaris

1821 4151 2130 4206 divertere.
2149 4155 2348 4223 Neque
2361 4151 2517 4206 enim
2532 4166 2694 4206 nunc
2707 4155 2945 4221 tempus
2959 4149 3047 4203 est
3077 4145 3474 4202 contentionis

1820 4239 2092 4306 forensis,
2111 4241 2216 4294 sed
2232 4239 2492 4312 hymnos
2507 4237 2746 4294 alternis
2759 4237 2956 4292 choris
2970 4234 3248 4292 canendi.
3274 4234 3473 4290 Domi-

107 3440 344 3511 θρώπιον
391 3445 481 3491 καὶ
535 3440 908 3514 φιλοτάραχον,
972 3439 1232 3509 ’ἰουδαῐῆ
1295 3443 1354 3496 Ei
1385 3447 1526 3514 ἔχεις
1596 3442 1696 3496 ἀπο

101 3533 336 3602 κρίσεως
391 3528 562 3598 λόγον,
624 3530 748 3584 εἰπέ.
806 3531 894 3592 Εἰς
947 3531 1264 3604 Σολομῶντα,
1353 3537 1534 3604 φησίν,
1597 3532 1722 3585 ἀπο-

102 3622 366 3667 τείνονται
432 3626 593 3669 ταυτα
691 3622 754 3670 τὰ
819 3621 1049 3694 ῥήματα,
1141 3625 1231 3672 καὶ
1306 3621 1456 3692 λόγον
1539 3630 1720 3673 τοῦτον

103 3702 311 3776 ἀγαθον
373 3704 428 3756 ἐκ
479 3714 574 3767 τῆς
640 3703 861 3780 καρδίας
926 3708 1185 3781 ἐρεύγεται
1237 3711 1262 3761 ὁ
1317 3706 1482 3762 Δαυὶδ
1533 3718 1605 3780 τῷ
1665 3710 1718 3762 ἐκ

101 3803 199 3856 τῆς
275 3793 472 3856 κοιλίας
567 3795 728 3847 αὐτοῦ
831 3804 1179 3870 γεγεννημένῳ
1287 3795 1536 3870 διαδόχῳ
1623 3808 1718 3862 τῆς

105 3880 404 3952 βασιλείας,
476 3882 584 3934 ἀλλ’
646 3885 750 3956 οὐχ
818 3888 885 3947 ὼς
951 3891 1016 3938 σὺ
1078 3887 1236 3957 λέγεις
1301 3890 1326 3939 6
1381 3893 1712 3960 Χριστιανὸς,

103 3977 222 4044 περὶ
294 3980 386 4022 του
453 3980 688 4044 Χριστου
754 3979 840 4026 τόν
900 3975 1051 4045 λόγον
1128 3984 1370 4030 ποιεῖται.
1439 3975 1554 4044 Ἔα,
1617 3998 1714 4049 μα-

99 4060 342 4132 ταιολόγε
369 4066 457 4112 καὶ
486 4061 694 4136 φλύαρε,
743 4067 858 4129 κατῖ
926 4065 1210 4138 εὐθυωρίαν
1261 4070 1570 4138 προτρέχειν
1628 4070 1714 4118 τὸν

99 4146 278 4219 λόγον,
346 4155 436 4202 καὶ
483 4157 554 4222 μη
612 4150 960 4226 ἀντιπερίσπα
1018 4157 1148 4228 πρὸς
1222 4155 1418 4208 ἑαυτόν.
1483 4155 1557 4207 Οὐ
1610 4157 1711 4229 γάρ

101 4236 246 4288 ἐστιν
306 4240 425 4310 ἄρτι
529 4236 806 4302 δικανικῆς
883 4240 1226 4306 ἀντιστασίας
1317 4247 1518 4318 καιρός,
1586 4241 1713 4294 ἀλλὰ

94 4323 452 4399 ψαλμῳδικῆς
496 4326 799 4400 ἀντιφωνιας
853 4335 1032 4404 χορός.
1070 4331 1219 4384 Ἤκει
1279 4335 1380 4405 γὰρ
1436 4333 1709 4406 οὐρανόθεν

98 4416 120 4465 ό
174 4417 298 4488 ἐμός
369 4423 627 4478 Δεσπότης
675 4417 759 4470 ἐπὶ
806 4424 895 4477 τὴν
947 4429 1066 4491 γῆν,
1121 4421 1225 4492 οὐχ
1285 4424 1366 4472 ἵνα
1422 4427 1569 4494 κρίνῃ
1625 4426 1711 4473 τόν

1819 4344 1933 4382 nus
1961 4331 2118 4383 enim
2147 4345 2315 4383 meus
2334 4345 2365 4383 e
2387 4328 2535 4383 caelo
2557 4329 2715 4384 venit
2744 4329 2807 4382 in
2837 4331 3064 4381 terram
3098 4340 3217 4380 non
3262 4330 3326 4379 ut
3368 4328 3473 4395 ju-

1819 4418 1973 4473 dicet
1987 4418 2296 4482 mundum,
2312 4417 2413 4472 sed
2432 4424 2494 4471 ut
2518 4417 2808 4472 mundum
2823 4415 3076 4482 viviﬁcet
3088 4414 3216 4485 (83).
3231 4415 3472 4469 Verum-

95 4510 317 4577 κόσμον,
352 4505 459 4557 ἀλλ’
517 4508 598 4558 ἱνα
683 4515 830 4580 σώση
917 4528 1002 4560 τον
1077 4515 1292 4582 κόσμον.
1360 4510 1558 4583 ”()μως,
1631 4511 1713 4561 ἵνα

1845 4522 2020 4560 amen
2041 4522 2112 4560 ne
2142 4504 2503 4579 properandi
2540 4520 2783 4560 cursum
2831 4501 3114 4559 sollicitos
3177 4518 3291 4558 nos
3334 4500 3470 4557 ideo

98 4598 166 4662 μὴ
228 4589 462 4665 δόξωμεν
538 4589 860 4668 δι’ἀποριαν
901 4596 1196 4667 ἀντιλογιας
1251 4601 1310 4649 τό
1351 4606 1443 4660 τῆς
1503 4617 1711 4670 πορειας

97 4683 525 4752 προφασίζεσθαι
577 4687 838 4751 σύντονον,
891 4688 956 4745 ὡς
985 4687 1091 4737 οἷόν
1149 4705 1202 4738 τε
1263 4691 1710 4759 συνεπτυγμένως,

96 4774 188 4827 τὴν
220 4777 315 4827 σὴν
348 4770 608 4843 ἐλεγξομεν
633 4774 830 4830 οἰνοιαν.

169 4859 264 4920 Ις’.
294 4866 354 4910 Ὁ
382 4859 586 4932 ψαλμός
635 4861 786 4924 οὗτος
834 4869 956 4937 τρία
1008 4871 1174 4915 ταῦτα
1224 4866 1290 4916 τὰ
1337 4869 1564 4936 μέγιστα
1603 4865 1706 4917 εἰσ-

102 4956 310 5019 ηγεῖται
338 4953 454 5022 περὶ
513 4958 604 5002 τοῦ
655 4949 703 5002 ἐν
756 4952 896 5022 αὐτῷ
973 4949 1341 5026 διειλημμένου
1416 4960 1706 5026 εἰρηνικοῦ,

102 5143 345 5226 fulcire;
375 5146 682 5226 οῖρξγουσριι,
731 5146 896 5226 quod
941 5162 1077 5226 non
1114 5147 1404 5226 _modo__ir_1
1455 5147 1704 5226 reliquis

99 5215 321 5270 Graecis
352 5215 872 5284 editionibus,'sed
900 5224 957 5274 et
996 5219 1057 5274 in
1106 5224 1270 5275 textu
1296 5215 1602 5276 Hebraico'
1635 5237 1705 5276 ac

101 5285 356 5353 Vulgata
385 5286 660 5356 legimus,

170 5359 288 5424 (73)
311 5357 456 5411 Cod.
489 5357 691 5420 ἐξότου,

170 5427 288 5502 (74)
321 5427 478 5502 Psal.
503 5434 712 5502 Lxxiﬁ.

171 5496 291 5563 (75)
321 5499 462 5556 Cod.
494 5496 820 5563 κυνὶδοντας.

164 5570 281 5642 (76)
313 5570 434 5642 Cod
465 5571 756 5642 ὀλιγαττα..

171 5639 288 5706 (77)
317 5641 459 5698 Cod.
484 5639 933 5706 διαλυμαίνονται.

171 5699 410 5786 (‘78)Isa.
441 5730 474 5770 γ
501 5718 554 5784 4,
587 5699 653 5768 7.“

1819 4594 2045 4665 ﬁnegre
2076 4595 2390 4652 videamur
2415 4594 2576 4667 quod
2598 4593 2772 4649 nobis
2802 4608 2926 4648 non
2956 4593 3279 4664 suppetant
3329 4607 3467 4665 quae

1820 4689 2026 4739 contra
2057 4700 2441 4756 reponamus,
2458 4683 2829 4750 summatim,
2844 4680 3051 4754 quoad
3064 4679 3316 4749 licuerit,
3337 4693 3466 4736 rem

1817 4772 2300 4843 perstringentes.
2320 4771 2614 4828 inscitiam
2651 4776 2818 4827 tuam
2838 4767 3286 4825 convincemus.

1891 4861 2020 4915 XVI.
2049 4866 2157 4915 Isle
2182 4860 2449 4916 Psalmus
2471 4863 2581 4930 (84)
2610 4859 2684 4914 de
2705 4875 2795 4925 eo,
2821 4872 3001 4930 quem
3036 4853 3463 4912 celebrandum

1815 4950 2014 5018 sumit,
2047 4950 2299 5022 paciﬁco
2329 4950 2444 5023 (85)
2487 4950 2568 5020 (id
2620 4949 2780 5006 enim
2834 4945 3132 5019 signiﬁcat
3159 4946 3460 5016 Salomon)

1887 5148 2034 5218 (79)]
2063 5149 2230 5206 Joan.
2261 5165 2295 5200 ν
2325 5151 2378 5201 6.

1885 5223 1999 5289 (80)
2031 5219 2280 5285 Psal.1u,
2309 5222 2358 5273 8.

1886 5294 1996 5362 (81)
2025 5289 2172 5362 Psal.
2205 5295 2388 5356 xuv,t

1887 5361 1992 5432 (82)
2024 5363 2064 5414 Il
2089 5361 2231 5431 Reg.
2250 5375 2351 5430 v11,
2392 5361 2469 5414 t2.

1886 5434 1998 5499 (83)
2023 5434 2192 5487 Joan.
2215 5449 2315 5498 xu,
2345 5435 2433 5499 4-7,

1888 5502 1998 5561 (84)
2028 5502 2255 5558 Scilicet
2277 5502 2546 5557 Psalmus
2579 5515 2725 5556 Lxx1.
3002 5525 3010 5561 ;

1890 5553 2001 5644 '(ss's’)
2030 5553 2550 5630 ῑηόἱίέὲἰτίλὶιῖῖέὲι
2579 5553 2875 5626 Salomon
2905 5553 3096 5630 γνώω
3141 5569 3310 5625 reddi
3355 5584 3461 5696 ga-

1890 5647 2073 5696 ‘icmn:
2100 5645 2383 5696 quocirca
2413 5659 2549 5696 cum
2573 5641 2839 5696 Psalmus
2867 5640 3227 5696 inscribatur
3247 5645 3311 5696 in
3401 5655 3461 5695 a-

3401 5655 3463 5695 α-

1817 5640 2073 5712 ciﬁcum;
2100 5645 2383 5717 quocirca
2413 5659 2549 5717 cum
2573 5641 2839 5717 Psalmus
2867 5640 3227 5717 inscribatur
3247 5645 3311 5717 in

1821 5710 2286 5786 lo'm0nem,’jure
2309 5714 2504 5787 inquit
2524 5711 2832 5780 auctor,de
2853 5713 3115 5780 Paciﬁco
3143 5727 3280 5769 eum
3305 5710 3464 5766 Psal-
