4032 6308
494 306 597 364 69⁸5

1631 301 1948 362 GERMANI
1991 300 2038 361 ll
2080 301 2186 362 CP.
2231 302 2726 368 PATRIARCHIE.

3768 307 3893 365 696

496 429 614 488 tria
648 426 800 491 haec,
825 439 1018 500 eaque
1067 425 1388 500 potissima
1449 427 1754 501 proponit;
1823 431 1965 485 sunt
2016 443 2187 485 vero,

2303 437 2426 484 ὀῡτο
2454 433 2556 507 γὰρ
2588 434 2614 485 ό
2665 431 2903 507 Σαλομών
2927 451 2940 468 ·
2968 434 3060 486 καὶ
3110 429 3209 485 εἰσι
3267 435 3436 484 ταῦτα
3467 448 3481 465 ο
3513 429 3545 489 ἡ
3612 427 3666 496 ἕξ
3712 428 3895 506 οὖρα-

499 519 635 576 ista:
664 515 1043 593 praenuntiati
1075 515 1287 572 illiuse
1327 515 1475 574 caalo
1527 516 1862 583 descensio,
1923 520 1981 574 et
2032 517 2162 574 haec

501 607 756 683 paciﬁca
785 619 930 660 sane
951 603 1144 660 etsine
1157 605 1427 678 strepitu.
1447 606 1794 673 Descendet,
1809 606 2004 680 inquit
2021 605 2160 676 (86),

500 698 651 753 sicut
679 695 891 766 pluvia
916 695 979 748 in
1005 694 1216 764 vellus,
1233 700 1289 750 et
1308 695 1461 750 sicut
1487 695 1870 752 stillicidium
1921 697 2165 752 stillam

499 799 680 856 super
709 790 953 839 terram.
985 781 1183 838 Ethoc
1203 783 1452 857 quidem
1471 785 1738 858 primum
1769 789 1881 852 est;
1912 784 2166 841 alterum

499 889 662 943 vero,
690 870 1025 928 dominatio
1048 886 1118 927 ac
1141 877 1408 946 potestas
1445 873 1802 946 plenissima
1838 874 1900 930 in
1943 874 2170 931 univer-

503 977 635 1020 sam
665 967 882 1018 terram
911 976 982 1016 ac
1022 965 1363 1033 postremos
1413 963 1544 1033 ejus
1593 963 1900 1020 terminos.
1959 961 2170 1022 Subdit

503 1052 684 1108 enim:
718 1053 782 1107 Et
813 1049 1233 1108 dominabitur
1258 1067 1294 1107 (ι
1320 1053 1480 1109 mari
1508 1067 1694 1126 usque
1722 1052 1803 1109 ad
1827 1067 2013 1121 mare,
2045 1057 2101 1109 et
2133 1067 2172 1108 a

499 1141 850 1212 ﬂwninibus
865 1139 977 1208 (88)
989 1139 1268 1213 usquead
1280 1142 1558 1196 terminos
1572 1141 1728 1197 orbis
1745 1147 2042 1198 terrarum
2059 1141 2168 1210 (89)

508 1230 730 1292 scilicet
753 1231 831 1286 ab
861 1228 1086 1285 oriente
1121 1245 1315 1303 usque
1378 1229 1458 1286 ad
1513 1230 1886 1287 occidentem
1944 1246 2015 1286 ac
2064 1244 2174 1303 per

505 1318 1120 1380 oircuitum.’l‘ertium
1151 1324 1256 1390 est,
1318 1317 1484 1392 quod
1537 1318 1771 1376 nullum
1836 1319 1964 1392 ipse
2019 1318 2174 1374 exsi-

506 1410 698 1469 stendi
727 1408 983 1474 initium,
1006 1423 1202 1481 neque
1232 1408 1421 1466 ullum
1452 1409 1637 1465 finem
1689 1423 1938 1483 prorsus
1991 1424 2174 1479 agno-

506 1502 729 1561 scebat.
760 1502 907 1558 Nam
931 1498 1057 1557 etin
1071 1499 1227 1556 hanc
1242 1499 1597 1558 sententiam
1610 1499 1904 1557 inducunt
1949 1497 2175 1557 Psalmi

510 1593 691 1650 dicta.

583 1683 715 1737 XVII
743 1723 753 1733 .
782 1681 958 1734 Porro
981 1676 1265 1734 Salomon
1290 1693 1487 1751 neque
1535 1679 1778 1749 exstitit,
1839 1681 2172 1752 antequam

2268 527 2359 572 νοῦ
2423 521 2718 586 κατάϐασις
2769 530 2860 576 τοῦ
2936 525 3415 594 προφητευομένου,
3473 523 3566 574 καὶ
3621 518 3754 576 αὐτῆ
3806 519 3894 572 εἰ-

2271 614 2464 684 ρηναία
2517 617 2608 666 καὶ
2669 611 2946 686 ἀθόρυϐος.
3039 609 3410 669 Καταϐήσεται
3470 612 3593 685 γὰρ,
3695 613 3888 682 φησὶν.

2274 702 2344 762 ὡς
2407 701 2552 765 ὑετὸς
2606 704 2689 757 επὶ
2772 705 2952 770 πόκον,
3028 704 3119 754 καὶ
3205 701 3331 756 ὡσεὶ
3408 703 3612 771 σταγὼν
3669 700 3699 757 ἡ
3755 699 3898 750 στά-

2277 789 2446 851 ζουσα
2481 791 2598 864 (87)
2665 790 2751 845 ἐπὶ
2809 795 2904 850 τὴν
2959 797 3079 862 γῆν.
3134 793 3236 844 Καὶ
3287 796 3448 843 τοῦτα
3500 791 3590 862 μὶν
3656 794 3892 861 πρῶτον·

2278 875 2518 955 δεύτερον
2567 877 2626 934 δε
2663 881 2693 940 ἠ
2746 883 2876 954 πρὸς
2933 886 3106 934 πᾶσαν
3159 883 3253 940 τὴν
3318 877 3622 952 οἰκουμένην
3670 882 3763 930 καὶ
3816 879 3898 929 τὰ

2278 972 2479 1044 πέρατα
2535 972 2728 1033 ταύτης
2779 974 3183 1045 κατακυρίευσις
3238 973 3328 1022 καὶ
3378 970 3569 1042 κράτος
3605 971 3669 1021 τό
3723 987 3900 1021 παντο

2280 1059 2534 1125 εξούσιον.
2593 1061 2808 1132 Ἐπάσγει
2881 1061 2983 1134 γὰρ
3033 1075 3048 1092 ·
3111 1063 3212 1114 Καὶ
3284 1061 3685 1135 κατακυριεύσει
3752 1056 3900 1112 ἂπόο

2283 1149 2552 1212 Θαλάσσης
2609 1152 2700 1214 ἕως
2791 1149 3080 1221 θαλάσσης,
3172 1153 3264 1202 καὶ
3314 1147 3416 1202 ἀπὸ
3481 1155 3728 1220 ποταμῶν
3797 1148 3902 1207 ἕως

2279 1242 2514 1314 περάτων
2571 1248 2666 1302 τῆς
2721 1239 3049 1314 οἰκουμένης,
3113 1241 3235 1312 ὅπερ
3295 1237 3456 1307 ἔστιν,

2280 1329 2378 1382 λῶν
2445 1332 2532 1392 ἕως
2614 1327 2831 1404 δυσμῶν
2917 1335 3007 1384 καὶ
3065 1338 3164 1383 τῶν
3217 1328 3485 1387 κυκλόθεν.
3546 1335 3758 1402 Τρίτον,
3813 1329 3907 1380 ὅτι

2281 1421 2516 1494 ἄναρχος
2575 1417 2715 1474 ἐστιν
2781 1422 2811 1480 ἡ
2903 1422 3088 1473 τούτου
3159 1419 3404 1495 ὕπαρξις,
3483 1423 3572 1474 καὶ
3625 1417 3907 1478 παντελῶς

2281 1507 2630 1570 ἀτελεύτητος.
2699 1509 2784 1572 Εἰς
2855 1516 3008 1562 τοῦτο
3068 1511 3166 1584 γὰρ
3223 1505 3413 1570 ἑννοίας
3461 1513 3598 1584 φέρει
3643 1509 3714 1561 τὰ
3759 1505 3908 1579 ψαλ-

2281 1601 2411 1670 μικὰ
2438 1599 2676 1672 ῥήματα.

2355 1689 2455 1742 ΙΖ’.
2490 1687 2721 1760 Σολομὼν
2749 1683 2809 1741 δε
2861 1690 2978 1740 οὔτε
3040 1689 3141 1762 πρὸ
3193 1693 3285 1740 τοῦ
3343 1689 3438 1749 τὰς
3482 1683 3682 1748 ὠδῖνας
3734 1685 3908 1738 λῦσαι

3543 1237 3646 1293 ἀπὸ
3707 1236 3901 1290 ἄνατο-

511 1770 711 1847 ipsum
742 1771 920 1840 partu
952 1766 1237 1824 Bersabee
1281 1767 1618 1834 eniteretur,
1673 1783 1870 1842 neque
1921 1783 1953 1823 e
1998 1767 2164 1824 ccelis

2303 1783 2376 1840 ’ἧς
2443 1775 2707 1850 Βηρσαϐεὶ
2796 1783 3161 1852 προϋπῆρχεν,
3247 1776 3356 1828 οὔτ’
3421 1777 3613 1829 ἄνωθεν
3672 1774 3907 1828 καταϐε-

517 1857 847 1916 descendit.
883 1855 1050 1920 Quod
1074 1857 1234 1912 enim
1258 1855 1531 1913 nondum
1571 1857 1818 1928 exsistit,
1863 1872 1976 1914 nec
2032 1857 2174 1914 sub-

519 1947 736 2005 stantia
764 1949 1014 2011 constat,
1047 1944 1107 2000 id
1125 1945 1390 2019 profecto
1420 1961 1612 2020 neque
1635 1945 1924 2018 ascendit,
1979 1958 2176 2019 neque

519 2035 858 2094 descendit.
888 2035 997 2092 Sed
1023 2050 1216 2108 neque
1238 2035 1358 2092 ullo
1381 2041 1558 2108 pacto
1577 2036 1883 2092 Salomoni
1904 2034 2178 2105 congruit

523 2127 693 2186 illud:
716 2127 881 2182 Sicut
898 2127 1111 2196 pluvia
1125 2127 1185 2181 in
1220 2125 1422 2182 vellus.
1451 2119 1597 2182 Nam
1611 2142 1744 2198 quas
1763 2125 1922 2182 facta
1942 2125 2182 2181 fuerunt

523 2216 814 2274 adversus
846 2214 1088 2271 fratrem
1119 2213 1443 2281 Adoniam,
1467 2219 1518 2284 ej
1530 2230 1596 2268 us
1613 2214 1670 2270 in
1683 2230 1939 2285 regnum
1955 2214 2181 2284 ingres-

526 2321 662 2361 sum
739 2303 996 2360 tumultu
1065 2318 1134 2359 ac
1209 2303 1688 2359 consternatione
1760 2302 2178 2376 impleverunt.

526 2397 850 2451 Memorare
897 2396 1097 2447 autem
1128 2406 1336 2464 parco,
1383 2407 1522 2447 eum
1568 2392 1829 2448 fraterno
1869 2391 2182 2462 sanguine,

518 2484 684 2556 quod
705 2481 1000 2537 scelerum
1023 2482 1296 2537 omnium
1331 2481 1698 2538 teterrimum
1727 2486 1834 2548 est,
1859 2478 2186 2552 (thronum)

529 2572 996 2640 contaminasse,
1012 2570 1330 2626 etalterum
1347 2570 1638 2644 postCain
1666 2575 1908 2645 propter
1928 2585 2183 2642 regnum

529 2659 860 2735 temporale
884 2658 1249 2715 fratricidam
1298 2657 1562 2732 reperiri.

598 2755 798 2824 Neque
819 2764 1026 2806 rursus
1058 2749 1339 2816 universi,
1362 2764 1485 2821 qua
1524 2749 1638 2805 late
1672 2752 1851 2822 patet,
1891 2752 2185 2806 terrarum

527 2839 1027 2913 orbisimperium
1059 2838 1339 2907 obtinuit;
1371 2839 1476 2894 sed
1517 2839 1762 2896 ditionis
1807 2839 1938 2912 ejus
1986 2839 2185 2896 termi-

529 2947 641 2990 nos
667 2927 1218 2986 circumscribentia
1244 2927 1366 2984 duo
1381 2927 1522 2985 hinc
1552 2929 1691 2985 inde
1736 2929 1987 2986 ﬂumina
2031 2929 2187 2986 intra

531 3037 593 3077 se
643 3018 1107 3076 concludebant.
1162 3017 1491 3090 Euphrates
1546 3017 1818 3074 videlicet
1870 3023 1925 3075 et
1998 3019 2180 3090 Nilus,

532 3109 775 3184 quaeuti
801 3109 1037 3183 opinor,
1079 3105 1309 3164 Judaici
1373 3106 1541 3176 regni
1629 3106 2074 3164 instabilitatem
2132 3111 2188 3162 et

532 3199 906 3257 celerrimam
919 3198 1138 3253 horum
1152 3195 1366 3252 ﬁnium
1389 3197 1782 3253 mutationem
1817 3197 2188 3253 subobscure

531 3287 902 3346 indicabant.
979 3288 1158 3342 Porro
1253 3285 1424 3356 juxta
1481 3300 1552 3341 ac
1592 3285 1815 3342 Danieli
1881 3290 2190 3342 ostensum

535 3379 646 3436 fuit
693 3378 826 3448 (91),
875 3390 1129 3446 regnum
1174 3373 1383 3431 Christi
1440 3374 1672 3431 nullum
1718 3375 1902 3432 tinem
1950 3375 2189 3432 habitu-

534 3483 670 3524 rum
700 3470 807 3522 est.

615 3567 802 3623 XVIII.
838 3563 1008 3630 Quod
1031 3563 1078 3618 si
1104 3561 1487 3620 Salomonem
1514 3563 1926 3636 praeexstitisse
1997 3578 2194 3637 neque

541 3661 604 3712 tu
624 3656 750 3729 ipse
773 3651 1058 3719 admittis,
1105 3668 1302 3724 neque
1341 3653 1580 3717 asseris,
1631 3669 1771 3710 eum
1821 3668 1852 3708 e
1891 3653 2040 3709 coelo
2096 3653 2195 3709 de-

540 3744 864 3810 scendisse,
897 3747 951 3798 et
979 3746 1177 3799 tamen
1205 3757 1483 3814 perverse
1511 3741 1670 3797 dicta
1700 3742 1958 3810 (Psaltis)
2023 3743 2196 3798 inter-

540 3835 816 3910 pretaris,
851 3837 1028 3906 atque
1050 3848 1120 3888 ea
1149 3847 1282 3904 quae
1317 3831 1547 3904 prolata
1565 3836 1701 3888 sunt
1738 3831 1812 3886 de
1829 3831 2194 3896 exsistentia,

542 3925 761 3999 accipis
791 3923 865 3980 de
888 3923 1282 3998 prtescientia,
1324 3926 1479 3978 adeo
1509 3927 1572 3978 ut
1593 3921 1923 3978 contendas
1944 3922 2201 3979 Salomo-

542 4016 764 4072 nemin
812 4011 1405 4084 incomprehensibili
1451 4028 1520 4067 ac
1599 4013 1806 4069 divina
1862 4011 2200 4082 cognitione

544 4105 856 4166 exstitisse,
884 4108 940 4158 et
970 4102 1047 4157 ab
1074 4117 1144 4157 eo
1193 4100 1297 4173 qui
1385 4106 1599 4156 cuncta
1657 4103 1824 4157 novit
1882 4107 2199 4173 antequam

543 4195 691 4250 ﬂant
721 4195 852 4263 (9'2),
887 4196 943 4247 et
973 4191 1280 4261 cognitum
1315 4195 1372 4245 et
1392 4189 1883 4262 praedestinatum
1909 4190 1967 4246 in
1997 4205 2201 4260 regem

544 4283 746 4354 fuisse;
779 4283 990 4337 iterum
1015 4281 1144 4352 ipse
1181 4279 1468 4334 sciscitor:
1531 4279 1849 4346 Quomodo
1896 4280 2088 4352 potuit
2143 4279 2203 4334 id

543 4371 928 4438 descendere,
957 4370 1121 4441 quod
1148 4385 1267 4423 non
1298 4367 1666 4425 exsistebat?
1697 4369 1985 4424 Caeterum
2045 4370 2199 4425 scias

543 4458 1085 4525 velim,tedemum
1117 4473 1187 4513 ea
1230 4456 1304 4512 de
1364 4457 1684 4513 Salomone
1753 4457 2008 4525 tradere,
2065 4475 2199 4530 (piae

545 4549 849 4624 quispiam
879 4545 972 4601 vel
999 4546 1072 4601 de
1101 4560 1249 4600 rana
1281 4551 1381 4602 aut
1403 4545 1588 4600 culice
1630 4545 1979 4600 aitirmabit.
2043 4549 2200 4612 Quo-

546 4639 714 4696 niam
736 4635 826 4693 vel
855 4649 1006 4691 rana
1037 4633 1336 4707 quaepiam
1374 4639 1554 4706 atque
1587 4635 1696 4689 iste
1727 4633 1904 4688 etiam
1929 4634 2097 4690 culex
2116 4636 2202 4690 in-

543 4728 775 4785 ﬁnitam
802 4730 980 4799 atque
1007 4724 1086 4780 ad
1109 4723 1383 4778 universa
1413 4740 1475 4778 se
1523 4726 1924 4796 porrigentem
1986 4723 2201 4780 divinae

544 4822 775 4876 naturas
808 4814 1118 4872 scientiam
1148 4828 1270 4869 non
1297 4812 1524 4882 effugit.
1559 4816 1706 4869 Nam
1735 4820 1951 4870 cuncta
1981 4829 2205 4884 cogno-

547 4988 714 5030 mum
743 4986 890 5026 esse.
925 4971 1054 5023 Ilaec
1083 4969 1283 5022 autem
1302 4965 1623 5038 appellatio
1644 4965 1688 5020 si
1709 4966 1873 5030 regni
1900 4966 2203 5022 Salomoni

547 5043 843 5101 convenit.
881 5057 916 5096 a
941 5039 1160 5095 fortiori
1186 5037 1466 5109 competit
1495 5038 1745 5097 Christo,
1768 5038 1841 5091 dc
1865 5053 1986 5108 quo
2018 5038 2204 5092 Isaias

549 5126 646 5180 (Ix.
671 5121 722 5179 ϐ)
749 5131 762 5168 :
796 5112 1116 5168 Vocabitur
1141 5125 1347 5165 nomen
1377 5111 1504 5180 ejus
1651 5109 1829 5164 Pater
1848 5111 2052 5180 futuri
2097 5124 2203 5166 εω-

549 5188 689 5252 culi,
726 5186 1004 5251 Princeps
1023 5183 1210 5250 pacis.
1243 5179 1528 5252 Hinciillte
1551 5197 1774 5252 ,xjoces.
1834 5179 2054 5250 quibus
2103 5196 2205 5234 na-

551 5250 813 5312 scentem
837 5250 1151 5310 Dominum
1166 5251 1466 5308 collaudat
1484 5250 1758 5305 Ecclesia:
1778 5252 1898 5306 Rex
1919 5252 2203 5317 paciﬁcus

550 5329 964 5398 magniﬁcatus
987 5331 1092 5390 est,
1124 5326 1299 5394 cujus
1328 5324 1560 5378 vultum
1595 5323 1888 5378 desiderat
1920 5324 2204 5378 universa

553 5406 738 5456 terra.

621 5472 730 5534 (86)
752 5467 903 5523 Psal.
932 5483 1107 5533 Lxxu,
1140 5471 1193 5521 6.

621 5545 735 5606 (87)
757 5538 897 5594 Cod.
921 5539 1203 5598 στάζουσι.

619 5605 734 5681 (88)
767 5613 880 5681 Ista
905 5607 1078 5681 lectio
1103 5606 1476 5681 ﬂuminibus,
1499 5621 1621 5681 non
1654 5605 1837 5681 modo
1869 5621 1931 5681 a_
1951 5605 2203 5681 Vulgata

549 5676 759 5741 Latina
786 5678 1038 5738 discedit
1064 5685 1123 5737 et
1159 5695 1198 5737 a
1222 5678 1468 5736 veritate
1495 5676 1805 5748 Hebraica,
1830 5677 1936 5736 sed
1965 5678 2147 5736 etiam
2165 5693 2203 5736 a

2285 1865 2437 1924 ϐηκε.
2490 1870 2560 1919 Τό
2590 1869 2692 1938 γὰρ
2767 1871 2925 1939 μήπω
3001 1865 3074 1935 ὃν,
3154 1861 3292 1937 μηδὲ
3367 1865 3706 1938 οὗσιωμένον,
3790 1865 3908 1917 οὒτ’

2285 1957 2504 2023 ἄνεισιν,
2555 1959 2672 2008 οὔτε
2711 1955 2959 2010 κάτεισιν.
3034 1953 3172 2010 Ἀλλ’
3202 1951 3326 2007 οὗδέ
3363 1958 3441 2019 τό,
3494 1957 3559 2015 ὡς
3610 1955 3756 2015 ὑετὸς
3820 1952 3911 2005 ἐπὶ

2286 2050 2466 2108 πόκον,
2543 2043 2850 2097 ἀκολουθίαν
2902 2046 3016 2116 ἔχει
3062 2047 3191 2116 πρός
3267 2043 3568 2116 Σολομῶντά
3621 2063 3764 2099 τινα.
3828 2045 3914 2097 Τὰ

2287 2137 2388 2208 γὰρ
2437 2137 2569 2187 κατὰ
2619 2136 2705 2186 τόν
2762 2131 2982 2206 ἀδελφὸν
3038 2129 3295 2186 Ἀδωνίαν
3351 2138 3444 2191 την
3513 2131 3678 2205 βάσιν
3749 2132 3916 2192 εὐθὺς

2288 2231 2376 2284 τῆς
2435 2222 2710 2296 βασιλείας
2774 2221 2964 2275 ἐκείνου
3061 2221 3282 2297 θορύϐου
3345 2226 3436 2274 καὶ
3498 2229 3745 2295 ταραχῆς
3811 2223 3917 2272 ὑπ-

2294 2313 2568 2371 ανέπλησε.
2639 2309 2892 2386 Φείδομαι
2951 2309 3010 2365 δὲ
3045 2312 3223 2379 εἰπεῖν,
3296 2313 3376 2364 ὃτι
3432 2317 3521 2364 καὶ
3606 2308 3918 2384 ἀδελφικοῑς

2293 2410 2610 2478 κατέχρανεν
2666 2405 2878 2476 αἰμασι,
2931 2406 2988 2456 τὸ
3059 2405 3262 2455 πάντων
3321 2407 3590 2476 χείριστον
3649 2400 3760 2461 (90)
3832 2399 3922 2471 ἐγ-

2294 2497 2586 2571 κλημάτων,
2644 2499 2733 2547 καὶ
2785 2496 2916 2567 μετὰ
2974 2499 3101 2548 Καὶν
3169 2488 3408 2566 δεύτερος
3473 2492 3623 2554 οὗτος
3683 2487 3922 2566 ἁδελφός

2295 2589 2470 2648 κτόνος
2504 2586 2800 2658 εὑρίσκεται
2827 2579 2861 2636 δ
2868 2585 2921 2635 ιὰ
2942 2587 3036 2642 τὴν
3061 2585 3385 2655 πρόσκαιρον
3409 2579 3708 2655 βασιλείαν.

2367 2746 2502 2799 Οὒτε
2553 2751 2645 2798 τοῦ
2700 2745 3056 2817 οἰκουριενικοῡ
3119 2745 3314 2803 παντὸς
3367 2741 3757 2813 κατεκράτησεν
3841 2737 3924 2800 ἐξ·

2296 2837 2609 2910 απλώματος
2637 2856 2650 2869 ·
2695 2833 2822 2886 ἀλλὰ
2863 2836 2930 2886 τὰ
2967 2835 3087 2908 ὅρια
3135 2841 3229 2895 τῆς
3281 2830 3516 2895 ἐξουσίας
3566 2828 3727 2882 αὐτοῦ
3793 2827 3926 2880 ἑκα-

2295 2928 2510 3000 τέρωθεν
2583 2931 2930 2998 περισχόντες
3000 2919 3097 2974 δύο
3180 2925 3408 2994 ποταμοί
3475 2917 3768 2973 συνέκλειον
3842 2920 3926 2969 ἓν·

2297 3014 2466 3082 δοθεν,
2509 3015 2777 3090 Εὐφράτης
2815 3009 2958 3066 οὗτοι
3024 3016 3114 3064 καὶ
3151 3010 3353 3082 Νεῖλος,
3407 3013 3468 3062 τό
3522 3007 3778 3074 ἄστατον,
3842 3006 3924 3058 οἶ-

2227 3125 2412 3206 Ομαι,
2481 3111 2577 3166 τῆς
2630 3098 2930 3163 Ἰουδαϊκῆς
2998 3098 3274 3173 βασιλείας
3327 3103 3417 3151 καὶ
3481 3097 3722 3172 ὀξύτερον
3781 3114 3926 3170 παρ-

2413 3200 2421 3206 .
2482 3204 2488 3206 .
2646 3194 2658 3206 ο
2703 3195 2713 3206 ι
2988 3198 3007 3206 -
3110 3191 3121 3201 -
3173 3195 3183 3206 ι
3387 3192 3398 3205 ι
3589 3188 3602 3200 ο
3664 3205 3671 3206 ,
3700 3182 3723 3206 β
3763 3184 3814 3206 Ἴ-
3839 3189 3849 3201 I

2300 3200 2577 3272 ερχόμενον
2633 3194 2888 3268 ῥεύματος
2943 3198 3043 3244 τῶν
3101 3191 3254 3265 ὁρίων
3314 3192 3508 3241 τούτων
3580 3182 3920 3243 ὑποδηλοῦν-

2299 3306 2422 3344 των.
2479 3293 2580 3345 Τῆς
2627 3286 2729 3356 γὰρ
2811 3288 2902 3334 τοῦ
2977 3287 3214 3352 Χριστοῦ
3281 3277 3570 3354 βασιλείας,
3626 3278 3768 3329 κατὰ
3817 3283 3921 3335 τῆν

2301 3378 2487 3450 ὅρασιν
2519 3373 2728 3441 Δανιὴλ,
2753 3371 2892 3434 τέλος
2923 3370 3018 3423 οὐκ
3058 3373 3228 3425 ἔσται.

2375 3555 2482 3611 lli’.
2537 3553 2596 3606 Εἰ
2653 3549 2711 3606 δε
2770 3554 2827 3604 τό
2874 3552 3237 3625 προϋπάρχειν
3283 3551 3370 3601 τὸν
3454 3546 3761 3619 Σολομῶντα
3826 3549 3923 3598 καὶ

2305 3645 2457 3705 αὐτὸς
2514 3643 2572 3696 οὐ
2631 3639 2792 3714 δέχῃ,
2872 3636 2988 3693 οὐδ’
3045 3640 3234 3692 ἄνωθεν
3275 3637 3435 3710 λὲγεις
3478 3634 3920 3703 καταϐεϐηκὲηι,

2304 3734 2571 3809 παρεξηγῆ
2609 3728 2667 3785 δε
2706 3734 2768 3782 τὰ
2814 3731 2968 3804 ῥητὰ,
3029 3733 3118 3780 καὶ
3163 3728 3258 3786 τῆν
3310 3730 3606 3800 πρόγνωσιν
3657 3723 3770 3776 ἀνθ’
3820 3725 3922 3775 υπ-

2306 3823 2500 3898 άρξεως
2557 3818 2910 3892 ἕκλαριϐάνεις,
2971 3823 3060 3869 καὶ
3127 3815 3174 3868 ἓν
3241 3822 3301 3888 τῇ
3398 3813 3755 3885 ἀκαταλήπτῳ
3827 3818 3923 3864 καὶ

2310 3916 2418 3986 θείᾳ
2477 3916 2666 3983 γνώσει
2731 3913 2816 3962 τόν
2888 3906 3190 3979 Σολομῶντα
3249 3906 3508 3978 ὑπάρχειν
3562 3900 3923 3976 διισχυριζῇ,

2309 4023 2398 4054 και
2423 4003 2521 4053 ὑπὸ
2561 4007 2653 4051 τοῦ
2685 4001 2750 4052 τὰ
2797 3998 2970 4050 πάντα
3017 4000 3138 4069 πρὶν
3193 3998 3437 4066 γενέσεως
3495 3992 3665 4057 αὐτῶν
3715 3987 3926 4052 εἰδότος

2311 4091 2622 4163 ἐγνωσμένον
2698 4085 2847 4151 εἶναι,
2926 4091 3016 4138 καὶ
3091 4084 3178 4146 εἰς·
3241 4083 3466 4158 βασιλέα
3541 4081 3922 4154 ἐψηφισμένον·

2310 4181 2462 4234 πάλιν
2503 4180 2654 4239 αὐτὸς
2709 4177 2878 4252 ἐρωτῶ
2936 4198 2948 4210 ·
3000 4182 3114 4237 Πῶς
3166 4179 3224 4227 τό
3279 4179 3350 4247 μὴ
3410 4172 3457 4224 ἐν
3516 4172 3812 4225 ὑποστάσει
3867 4170 3924 4222 ὃν

2311 4269 2633 4327 καταϐέϐηκε
2689 4267 2880 4334 ;Πλὴν
2948 4267 3081 4336 ἴσθι,
3157 4263 3323 4317 ἐκεῖνα
3400 4267 3519 4336 περὶ
3594 4260 3928 4332 Σολομῶντος

2316 4359 2870 4432 ἁποφαινόμενος,ὃσα
2906 4354 2965 4406 ἂν
3019 4373 3098 4414 τις
3149 4352 3250 4417 ἐρεῖ
3304 4357 3422 4426 περὶ
3489 4349 3773 4425 βατράχου
3833 4354 3926 4400 καὶ

2313 4457 2576 4510 κώνωπος.
2604 4455 2726 4499 Ὀτι
2755 4448 2780 4498 ό
2806 4442 2951 4497 δεῖνα
2976 4445 3000 4495 ό
3035 4442 3311 4518 βάτραχος
3363 4445 3452 4493 καὶ
3504 4441 3648 4500 οὗτος
3677 4441 3704 4490 ό
3730 4437 3922 4506 κωνωᾷ

2315 4545 2407 4598 τήν
2474 4542 2836 4612 απεριόριστον
2905 4542 3098 4605 γνῶσιν
3173 4537 3262 4584 καὶ
3339 4525 3753 4605 περιδρακτικὴν
3833 4534 3925 4578 τοῦ

2313 4647 2506 4688 παντος
2535 4635 2630 4688 τῆς
2683 4627 2820 4685 θείας
2870 4623 2928 4675 οὗ
2979 4619 3188 4693 διέφυγε
3245 4623 3464 4693 φύσεως.
3522 4614 3652 4670 Οἵδε
3699 4619 3804 4690 γὰρ
3862 4619 3929 4668 τὰ

2315 4719 2485 4771 πάντα
2531 4720 2651 4790 πρὶν
2717 4717 2961 4785 γενέσεως
3024 4711 3212 4777 αὐτῶν,
3272 4714 3361 4761 καὶ
3411 4707 3458 4760 ἐν
3505 4715 3568 4780 τῆ
3607 4712 3755 4779 χειρὶ
3825 4706 3925 4757 ar)-

2313 4815 2406 4862 τοῦ
2487 4810 2552 4859 τὰ
2611 4809 2812 4880 πέρατα
2893 4801 3346 4875 παλαμηφορεῖται
3418 4808 3512 4861 τῆς
3572 4807 3674 4870 γῆς
3721 4803 3815 4850 καὶ
3860 4800 3928 4849 τὰ

2316 4959 2624 5018 communi
2659 4958 2788 5014 LXX
2821 4955 3279 5026 versione,_quse
3298 4950 3481 5026 habet
3517 4949 3618 5026 ᾁπρ
3649 4957 3741 5002 τοῦ
3763 4970 3927 5002 ποτα-

2319 5040 2436 5087 uo-J:
2478 5029 2916 5086 consentientes
2971 5022 3181 5082 tame‘n'
3229 5025 3411 5080 habet
3471 5022 3766 5078 editiones
3796 5027 3926 5078 tum

2315 5087 2800 5174 Complutensem
2842 5103 2966 5155 tum
2997 5097 3292 5166 Aldinam,
3326 5111 3462 5168 quin
3508 5109 3650 5150 cum
3675 5097 3925 5150 auctore

2316 5172 2550 5246 legunt,
2707 5180 2802 5224 τῶν
2833 5177 3098 5246 ποταμῶν.

2390 5246 2503 5317 (89)
2537 5244 2692 5317 Psal.
2730 5257 2883 5308 LXXI,
2913 5244 2965 5296 8.

2383 5315 2501 5386 (90)
2533 5315 2676 5372 Cod.
2710 5320 3015 5387 χείρηστον.

2389 5383 2497 5458 (91)
2525 5392 2670 5444 Dan.
2696 5383 2900 5458 ἧι(ίῂ
2936 5385 3207 5439 Potestas
3234 5383 3364 5451 ejus
3385 5384 3649 5458 potestas
3672 5386 3922 5458 aeterna,

2314 5451 2448 5531 qua
2473 5451 2593 5515 non
2625 5457 2976 5526 auferetur;
3002 5454 3554 5531 et_regnum___ejgs,_
3591 5451 3756 5522 quod
3799 5467 3925 5507 cor-

2314 5476 2448 5531 qua’
2473 5475 2593 5515 non
2625 5470 2976 5526 auferetur;
3002 5470 3057 5512 et
3090 5470 3336 5580 reiqnum
3392 5470 3542 5521 ejus,
3591 5470 3753 5522 quoa
3799 5470 3920 5507 cor-

2313 5538 2646 5600 rumpetur.
2683 5531 2750 5584 Et
2775 5543 2986 5582 rursus
3016 5525 3120 5597 (ibi
3173 5541 3266 5595 .v,
3288 5525 3402 5595 '27):
3433 5523 3628 5594 Cujus
3645 5537 3920 5593 regnum,

2312 5619 2564 5674 regnum
2594 5601 3020 5674 sempiternum
3049 5603 3150 5655 est.

2381 5673 2499 5747 (9‘2)
2518 5673 2665 5730 Dan.
2687 5687 2808 5739 xm,
2837 5673 2923 5727 42.
