4032 6308
495 376 600 469 699
1632 394 1946 467 GERMANI
1982 406 2029 462 ιι
2067 405 2145 461 cr

2264 400 2688 470 Arnuman
3755 405 3879 460 700

492 534 679 593 latam
716 550 922 592 rursus
950 535 1077 609 ipse
1105 536 1392 593 edoceat:
1429 535 1499 592 Si
1523 549 1839 591 conversus
1855 534 2061 602 justus
2103 545 2141 587 ο

2264 530 2644 611 ὶπόστραφῆναι
2725 538 2837 610 (97)
2920 532 3125 591 δίκαιον
3201 535 3303 589 ἀπὸ
3384 542 3485 587 τῶν
3566 528 3870 588 δικαιοσυ-

483 626 745 697 justitiis
767 627 979 697 fuerit,
1012 631 1065 682 et
1092 625 1304 697 fecerit
1344 627 1741 698 iniquitatem,
1789 626 1852 679 in
1880 622 2141 692 peccatis

2264 630 2341 673 ’ὧν
2390 626 2499 695 (98)
2560 626 2739 693 αὐτοῦ,
2806 629 2890 678 καί
2970 631 3182 683 ποιὴσει
3238 626 3595 698 παράπτωμα,
3649 620 3700 675 ἓν
3750 624 3876 681 ταῖς

493 718 618 771 suis
644 716 948 783 morietur,
997 721 1053 771 et
1094 732 1214 772 non
1262 722 1435 773 erunt
1483 720 1545 770 in
1578 715 1864 770 memoria
1882 712 2140 782 justitz‘z

2264 709 2525 786 ιμαρτίαις
2587 716 2747 767 αὐτοῦ
2820 714 3177 780 ἀποθανεῖται,
3262 718 3352 765 καὶ
3450 712 3567 785 (99)
3646 712 3711 763 οὗ
3789 716 3870 783 μή

494 800 1543 877 ejus,quasfecil(l).Quandoquidem
1560 805 1736 874 igitur
1746 819 1816 858 eo
1831 799 2139 873 impietatis

493 892 783 951 adversus
828 892 1181 949 Altissimum
1204 894 1262 949 in
1284 893 1376 950 his
1395 896 1712 967 provectus
1728 891 2109 947 estSalomon
2124 933 2136 955 ,

493 986 559 1038 ut
590 980 800 1039 abierit
832 987 968 1054 post
996 987 1287 1038 Astartem
1326 987 1383 1038 et
1412 984 1666 1038 Chamos
1709 980 1947 1052 aliaque
1985 978 2138 1049 ejus-

494 1069 663 1126 modi
704 1071 1073 1128 exsecranda
1110 1070 1273 1127 idola
1313 1077 1492 1144 atque
1544 1069 2047 1133 abominationes;
2078 1066 2139 1122 id

493 1174 634 1215 vero
674 1158 1092 1232 propheticum
1145 1159 1388 1217 Davidis
1435 1167 1489 1217 et
1546 1158 2137 1234 perspicacissimum

494 1246 737 1304 oculum
762 1264 884 1304 non
905 1248 1128 1321 effugit,
1143 1256 1323 1323 atque
1341 1247 1492 1306 adeo
1516 1248 1702 1304 multo
1744 1247 1940 1303 minus
1973 1246 2144 1302 latuit

495 1336 1476 1411 przescientiamillius,quiincerta
1499 1344 1551 1395 et
1573 1338 1807 1394 occulta
1836 1337 2143 1403 sapientiae

494 1440 618 1481 sum
641 1425 863 1482 Davidi
888 1427 1377 1495 manifrstaverat
1399 1427 1472 1497 (2)
1506 1444 1519 1483 :
1548 1423 1858 1499 quomodo
1880 1423 2007 1480 ﬁeri
2042 1439 2119 1495 po

496 1514 626 1581 tuit,
658 1520 724 1571 ut
752 1513 904 1571 adeo
956 1514 1235 1571 sublimia
1260 1532 1329 1571 ac
1377 1532 1620 1588 prorsus
1649 1514 1851 1569 divina
1880 1512 1955 1568 de
1984 1511 2143 1567 Salo-

496 1618 679 1660 mone
739 1601 1172 1675 praedicaverit,
1252 1604 1495 1660 homine
1549 1601 1768 1658 scilicet
1817 1598 2140 1665 fratricida,

497 1689 836 1758 idololatra,
854 1690 1171 1748 mulierum
1190 1686 1689 1766 voluptatumque
1706 1690 1984 1765 cupidine
2019 1695 2141 1746 tam

499 1780 672 1836 facile
698 1779 777 1835 ad
801 1780 1099 1838 insaniam
1126 1782 1347 1855 percito
1373 1784 1401 1840 ?

2245 804 2552 872 μνησθώσιν
2616 806 2670 856 αἱ
2748 800 3087 856 δικαιοσύναι
3181 803 3364 871 αὐτοῦ,
3453 802 3517 862 ἃς
3585 800 3870 858 ἐποίησεν.

2248 889 2388 942 Ἐπεὶ
2428 888 2514 943 οὖν
2562 892 2711 945 ταῦθ’
2756 893 2890 944 οὕτω
2945 896 3036 945 καὶ
3092 890 3323 950 ἠσέϐησε
3363 890 3596 962 Σολομὼν
3648 889 3723 951 εἰς
3778 891 3875 939 τόν

2244 976 2518 1048 Ὕψιστον,
2572 982 2841 1054 πορευθεὶς
2927 979 3095 1033 ὀπίσω
3142 987 3233 1041 τῆς
3280 981 3573 1054 Ἀστάρτης
3623 982 3718 1030 καὶ
3767 983 3876 1027 τοῦ

2247 1073 2441 1140 Χαμὼς
2496 1074 2586 1122 καὶ
2649 1069 2829 1144 ἐτέρων
2910 1072 3156 1121 τοιούτων
3232 1065 3611 1141 βδελυγμάτων
3662 1086 3717 1119 τε
3775 1068 3879 1117 καὶ

2247 1160 2729 1230 προσοχθισμοὶτων
2778 1179 2790 1191 ο
2851 1166 3000 1210 τοῦτο
3078 1154 3137 1211 δι
3202 1162 3298 1215 τὴν
3372 1160 3700 1230 προφητικήν
3774 1161 3878 1206 τοῦ

2249 1242 2443 1297 Δαυνὶδ
2488 1245 2547 1298 οὗ
2588 1243 2824 1319 διέφυγεν
2878 1242 3229 1316 ὄξυδέρκειαν,
3283 1244 3472 1318 μᾶλλον
3513 1247 3605 1317 μὲν
3663 1239 3759 1296 οὖν
3812 1243 3879 1293 τό

2249 1339 2635 1407 προγνωστικὸν
2712 1345 2803 1388 του
2886 1336 2951 1387 τὰ
2997 1333 3173 1393 ἄδηλα
3241 1338 3331 1387 καὶ
3387 1336 3453 1386 τὰ
3508 1335 3709 1407 κρύφια
3772 1338 3881 1393 τῆς

2254 1419 2396 1484 ἰδίας
2460 1429 2650 1496 σοφίας
2740 1421 3169 1494 ἀποκαλύψαντος
3231 1432 3304 1494 τῷ
3392 1418 3562 1476 Δαυίδ
3646 1443 3660 1455 ο
3753 1429 3878 1481 πῶς

2252 1511 2420 1583 ἔμελλε
2468 1515 2532 1565 τὰ
2571 1512 2748 1583 ὑψηλὰ
2784 1524 2951 1565 ταυτα
2991 1518 3079 1565 καὶ
3125 1514 3379 1585 θεοπρεπῆ
3427 1516 3545 1585 περὶ
3589 1510 3868 1582 Σολομῶν-

2251 1618 2333 1661 τος
2384 1610 2795 1675 προαγορεῦσαι,
2853 1610 2935 1654 τοῡ
2983 1599 3377 1675 ἀδελφοκτόνον,
3438 1608 3531 1652 τοῦ
3582 1596 3876 1653 εἰδωλολά-

2252 1708 2396 1764 τρου,
2437 1698 2529 1742 τοῦ
2568 1692 2918 1763 κεπφωθέντος
2955 1690 3125 1743 ὀπίσω
3163 1693 3464 1761 γυναικείας
3502 1684 3876 1762 φιληδονίαςς

571 1860 872 1927 Credisne,
905 1860 1093 1917 Deum
1146 1878 1252 1934 per
1274 1861 1558 1919 Davidem
1591 1862 1856 1917 locutum
1909 1861 2087 1916 fuisse
2116 1857 2145 1912 ‘t

2324 1869 2613 1931 Πιστεύεις,
2669 1868 2754 1920 ὃτν
2808 1868 2834 1919 ὁ
2893 1870 3022 1928 Οεὸς
3073 1865 3343 1924 λελάληκεν
3391 1866 3440 1919 ἐν
3495 1862 3670 1918 Δαυίδ
3728 1865 3885 1932 ;Ἐκ

501 1948 779 2016 Omnino,
838 1949 1047 2023 inquit.
1120 1953 1338 2007 Eorum
1393 1951 1589 2022 igitur,
1648 1966 1783 2024 quae
1832 1954 2141 2023 sequntur,

498 2038 901 2111 profesioncm
926 2041 1246 2111 anticipato
1295 2041 1654 2112 praemisisti.
1705 2040 1880 2106 Quid.
1923 2036 2140 2110 inquis,

498 2126 645 2184 illud
677 2129 811 2184 est?
836 2128 1121 2185 Nimirum
1177 2135 1313 2185 ante
1347 2130 1533 2185 solem
1564 2134 1620 2185 et
1671 2130 1878 2185 lunam
1929 2141 2149 2200 praeco-

500 2218 667 2288 gnita
708 2220 827 2273 Deo
857 2217 1058 2289 fuisse,
1102 2235 1238 2291 quae
1284 2219 1360 2274 ad
1393 2236 1530 2275 eum
1556 2219 1983 2288 (Salomonem)
2020 2229 2152 2287 spe-

499 2306 782 2374 ctabant;
816 2310 873 2362 et
897 2322 1018 2363 non
1055 2307 1298 2378 quidem
1347 2309 1563 2379 partim
1612 2308 1869 2375 cognita,
1930 2306 2146 2378 partim

498 2395 824 2465 incognita,
858 2394 961 2449 sed
997 2401 1311 2467 perspecta
1355 2395 1533 2467 plane
1578 2397 1783 2452 omnia
1831 2401 1959 2452 tum
1993 2399 2156 2455 mala

499 2486 629 2540 tum
652 2482 850 2549 bona(
862 2484 977 2537 Deo
1000 2482 1228 2548 fuisse).
1258 2486 1388 2549 Quo
1415 2485 1592 2554 igitur
1606 2490 1783 2557 pacto
1813 2484 2019 2542 Davidi
2051 2503 2157 2559 per

502 2572 785 2645 Spiritum
808 2587 985 2627 suum
1013 2587 1236 2641 magna
1258 2571 1375 2639 illa,
1401 2588 1657 2645 quaeque
1692 2576 1873 2629 Deum
1920 2575 2151 2638 decent,

500 2660 576 2716 de
606 2675 677 2717 eo
729 2659 1104 2732 inspirasset,
1160 2675 1341 2733 quem
1410 2667 1677 2728 noverat,
1736 2679 1900 2718 more
1945 2664 2157 2734 juven-

2251 1959 2465 2023 παντὸς,
2500 1962 2674 2028 φησίν,
2706 1959 2775 2009 Τό
2823 1952 2874 2008 δ’
2928 1955 3105 2029 ἐφεξῆς
3156 1957 3459 2028 προφθάσας
3506 1955 3665 2014 αὐτὸς
3724 1956 3880 2021 ὡμο-

2252 2046 2503 2116 λόγησας.
2531 2044 2756 2106 Ὀποῖον,
2809 2064 2905 2117 φῃς
2936 2063 2950 2109 ς
2982 2050 3101 2096 Ὀτι
3129 2048 3228 2117 πρὸ
3280 2052 3373 2096 τοῦ
3416 2043 3567 2100 ἡλίου
3624 2047 3722 2095 καὶ
3784 2051 3888 2104 τῆς

2259 2134 2471 2195 σελήνης
2521 2132 2569 2186 ἓν
2620 2139 2810 2206 γνώσει
2847 2136 3037 2186 ἔκειντο
3084 2137 3150 2185 τὰ
3200 2133 3316 2185 κατ’
3372 2132 3528 2184 αὐτόν
3576 2140 3651 2201 τῷ
3710 2135 3831 2201 Θεῷ
3868 2152 3882 2163 ·

2260 2221 2319 2275 οὗ
2372 2225 2438 2274 τὰ
2482 2241 2593 2295 μιν,
2650 2224 2717 2274 τὰ
2776 2219 2827 2275 δ’
2883 2221 2963 2290 οὗ,
3009 2221 3118 2272 ἀλλ’
3162 2222 3368 2273 ἅπαντα
3418 2222 3622 2293 πονηρά
3677 2238 3734 2271 τε
3784 2223 3882 2270 καὶ

2264 2313 2457 2382 ἀγαθά.
2488 2318 2603 2372 lla};
2633 2307 2721 2362 οὖν
2761 2312 2827 2362 τὰ
2864 2309 3065 2383 μεγάλα
3100 2318 3268 2362 ταὺτα
3294 2315 3383 2361 καὶ
3428 2316 3544 2379 Θεῷ
3601 2313 3887 2380 πρέποντα

2264 2397 2359 2452 διὰ
2402 2408 2493 2452 τοῦ
2554 2396 2693 2452 ἰδίου
2755 2404 3046 2470 Πνεύματος
3099 2398 3296 2471 ἔμελλεν
3342 2397 3546 2471 ἐμπνεῖν
3572 2404 3647 2466 τῷ
3675 2393 3878 2456 Δαυίδ,

2263 2485 2418 2551 εἰδὼς
2461 2488 2616 2541 αὐτόν
2672 2493 3153 2562 παροιστρήσοντα,
3194 2491 3263 2549 ὡς
3321 2483 3548 2558 δαμαλιν
3586 2489 3731 2537 κατὰ
3789 2491 3884 2538 τόν

2265 2578 2538 2653 Ἐφραῖςλ.;
2590 2577 2925 2649 Βλασφημίας
2964 2578 3116 2629 τοῦτο
3165 2576 3400 2646 ἐσχάτης
3451 2596 3465 2608 -
3521 2579 3767 2649 τρέποιτο
3819 2571 3887 2627 δὲ

2262 2668 2292 2726 ἠ
2332 2666 2647 2740 βλασφημία
2676 2665 2759 2719 ἐπὶ
2791 2672 2877 2725 τὴν
2921 2672 3016 2723 σήν
3050 2664 3292 2738 κεφαλήν,

500 2765 605 2817 cae,
638 2753 703 2805 ut
754 2749 1058 2822 Ephraim,
1127 2749 1527 2807 insaniturum
1559 2750 1587 2808 ‘2
1638 2754 1790 2808 Sane
1842 2746 1906 2809 id
1944 2770 2181 2812 summe
2236 2754 2659 2828 blasphemum
2699 2770 2713 2808 ε
2783 2756 2843 2809 in
2879 2760 3059 2826 caput
3108 2760 3278 2809 tuum
3328 2751 3714 2823 blasphemia
3761 2751 3883 2807 ista

498 2841 785 2896 vertatur.

570 2929 758 2995 Quem
779 2927 979 3001 itaque
996 2927 1195 2984 locum
1217 2928 1311 2985 hic
1326 2929 1510 2986 habet
1546 2929 1773 2987 insulse
1795 2947 1830 2987 a
1852 2938 1905 2988 te
1932 2948 2156 2988 memo-

497 3022 630 3072 rata
650 3017 1024 3090 praescientia
1047 3019 1075 3074 ?
1103 3017 1329 3074 Dictum
1354 3023 1441 3075 est
1463 3020 1623 3075 enim
1655 3034 1777 3075 non
1804 3021 1989 3077 modo
2012 3036 2150 3077 eum

498 3107 792 3163 exstitisse
826 3113 962 3163 ante
995 3107 1179 3163 solem
1208 3112 1261 3164 et
1290 3113 1429 3164 ante
1459 3106 1665 3165 lunam
1691 3129 1706 3180 ;
1764 3109 1865 3165 sed
1901 3115 1958 3165 et
2004 3109 2149 3166 illud

2336 2940 2440 2985 Ποῦ
2479 2938 2648 2985 τοίνυν
2690 2939 2871 3005 χώραν
2902 2930 3125 2984 evrum:
3175 2933 3288 3003 ἔχει
3335 2932 3365 2988 ἡ
3414 2928 3679 3000 ἀγνοήτως
3726 2928 3878 3002 sip-c-

2259 3026 2383 3095 μένη
2417 3041 2499 3074 σοι
2528 3027 2823 3095 πρόγνωσις
2870 3038 2882 3085 ;
2939 3020 3015 3072 Οὐ
3062 3023 3160 3094 γὰρ
3216 3025 3367 3091 μόνον
3426 3022 3524 3091 πρὸ
3570 3026 3663 3068 τον
3717 3018 3876 3075 ἡλίου

2261 3114 2581 3185 εἴρηταικαὶ
2629 3118 2722 3171 τῆς
2774 3109 3012 3174 σελήνης,
3059 3107 3189 3160 ἀλλὰ
3230 3112 3320 3160 καὶ
3371 3111 3451 3172 τό,
3508 3124 3872 3179 συμπαραμε-

498 3194 738 3253 additur
766 3213 778 3251 :
806 3196 1183 3253 Pemzanebit
1206 3212 1335 3253 cum
1360 3198 1483 3254 sole
1505 3200 1587 3269 (δι
1613 3203 1703 3266 ,et
1733 3198 1879 3254 illud
1910 3216 1922 3254 :
1950 3200 2145 3254 Donec

2264 3206 2334 3252 νεῖ
2386 3208 2458 3270 τῷ
2516 3198 2665 3269 ἡλίῳ,
2722 3202 2810 3251 καὶ
2883 3202 2963 3255 τὸ,
3023 3199 3116 3257 ἓως
3171 3196 3231 3249 οὗ
3283 3194 3624 3268 ἀνταναιρεθῇ
3679 3197 3712 3252 ἡ
3790 3214 3873 3246 σε-

497 3286 819 3355 auferatur
850 3288 1096 3359 luna(6).
1133 3290 1256 3343 Stat
1286 3303 1431 3343 sane
1484 3288 1880 3361 praescientia,
1924 3289 1971 3344 si
2003 3287 2150 3344 illud

496 3373 660 3446 quod
696 3375 1022 3445 praevisum
1075 3382 1182 3445 est,
1245 3376 1555 3449 impletum
1617 3378 1789 3433 fuerit
1831 3382 1933 3433 :et
1991 3394 2148 3445 sum,

498 3462 662 3531 quod
696 3462 772 3518 ad
807 3463 862 3518 id
894 3468 1139 3535 spectat,
1174 3465 1394 3521 exitum
1448 3467 1707 3522 sortitur.
1741 3467 1824 3522 Ad
1857 3483 1999 3523 vero
2031 3467 2147 3535 ille,

498 3552 574 3608 de
631 3569 754 3625 quo
783 3554 1312 3626 prophetavithmc
1345 3556 1526 3611 David
1549 3573 1687 3612 cum
1728 3557 1852 3612 sole
1899 3563 1955 3613 et
2008 3558 2150 3613 luna

498 3647 813 3714 permanet
840 3661 853 3709 ;
887 3647 943 3699 et
968 3658 1127 3698 nunc
1153 3642 1402 3715 quidem
1439 3644 1721 3699 Salomon
1752 3661 1872 3700 non
1904 3645 2147 3715 exsistit,

498 3746 570 3788 ac
589 3719 843 3787 thronus
873 3733 1040 3802 regni
1070 3733 1198 3804 ejus
1228 3750 1472 3788 eversus
1504 3751 1749 3805 prorsus
1781 3737 2041 3804 emnuil;
2062 3735 2150 3791 sol

499 3826 699 3877 autem
732 3826 790 3877 et
819 3820 960 3878 luna
992 3828 1312 3879 consuetos
1343 3823 1455 3878 sibi
1487 3840 1698 3879 cursus
1732 3825 1932 3881 adhuc
1974 3825 2146 3897 perfi-

497 3910 677 3966 ciunt.
712 3910 961 3976 Quaerite
990 3910 1188 3981 igitur,
1244 3916 1299 3968 et
1327 3928 1465 3967 eum
1519 3912 1850 3979 invenietis,
1883 3913 1985 3986 qui
2021 3930 2149 3986 per-

496 4006 697 4057 manet
720 4017 861 4057 cum
909 4002 1051 4070 sole,
1087 4002 1385 4075 simulque
1434 4008 1571 4057 ante
1624 4003 1808 4059 solem
1861 4004 2148 4059 eumen-

496 4089 640 4145 tiam
670 4089 870 4146 habet.
915 4093 1144 4146 Etcum
1193 4092 1557 4158 inveneritis,
1592 4094 1853 4149 accedite
1891 4095 1963 4148 ab
1990 4109 2145 4163 eum,

499 4183 552 4233 et
582 4177 1027 4246 illuminamim‘,
1070 4184 1123 4235 et
1157 4182 1345 4250 facies
1385 4188 1595 4237 vestrae
1624 4199 1737 4237 non
1771 4184 2143 4251 confunden-

500 4271 603 4320 tur
624 4266 724 4335 (7).

571 4354 706 4409 XXI.
747 4356 901 4421 Esto,
936 4355 1147 4427 inquit,
1181 4357 1255 4412 de
1279 4358 1506 4413 Christo
1531 4374 1601 4412 ea
1632 4359 1917 4430 prmdicta
1943 4360 2143 4416 fuisse.

499 4440 556 4498 Si
587 4442 849 4499 Christus
902 4444 1082 4499 solari
1114 4447 1311 4500 cursui
1341 4448 1946 4514 commensurahitur,
2003 4466 2145 4513 ergo

498 4528 809 4585 deﬁciente
831 4531 976 4599 sole,
1009 4532 1242 4589 deticiet
1268 4535 1487 4606 pariter
1515 4536 1617 4607 qui
1648 4552 1784 4591 cum
1816 4552 1886 4592 eo
1919 4553 2149 4608 perma-

496 4624 598 4675 net
623 4618 913 4690 Christus,

571 4705 952 4774 Obmutesce,
1013 4724 1082 4764 os
1145 4708 1590 4781 blasphemum.
1660 4714 1851 4767 Virtus
1936 4715 2149 4771 Christi

500 4796 861 4870 sempiterna
893 4800 1026 4862 (est)
1067 4802 1123 4854 et
1174 4798 1541 4855 indeficiens.
1601 4805 1744 4857 Nam
1801 4801 1847 4857 si
1902 4802 1996 4861 (de
2028 4803 2146 4871 illo)

496 4884 722 4941 dictum
750 4892 837 4942 est
882 4888 1099 4943 etiam:
1157 4893 1294 4943 ante
1325 4888 1534 4951 solem,
1561 4890 1689 4961 jam
1742 4898 2146 4963 temporaneae

496 4976 774 5032 eximitur
803 4977 1180 5033 exsistentite.

568 5065 790 5122 Deinde
811 5081 974 5135 vero,
1008 5072 1069 5123 tu
1125 5083 1367 5140 quoque
1421 5067 1565 5123 mihi
1615 5069 1952 5141 responde:
2007 5085 2149 5141 quo-

569 5310 678 5377 (97)
707 5308 964 5366 Discedit
1007 5317 1216 5369 auctor
1245 5329 1280 5368 a
1306 5312 1615 5368 communi
1672 5314 1873 5368 Graeca
1897 5313 2148 5368 lectione

496 5378 829 5456 (Εζβρῇἷιιι,
865 5386 956 5449 20)
982 5381 1334 5456 ἀποστρέφειν.

570 5451 683 5519 (98)
708 5454 792 5506 lta
823 5467 959 5506 cum
988 5451 1383 5508 communiori
1446 5455 1570 5509 LXX
1625 5453 1876 5510 lectione
1911 5471 1923 5508 :
1958 5454 2147 5511 codex

499 5524 699 5577 tamen
723 5522 881 5576 Alex.
906 5522 1087 5577 habet
1111 5532 1206 5585 τῆς
1236 5522 1595 5584 δικαιοσύνης.

571 5592 683 5664 (99)
712 5592 915 5648 Graeca
944 5594 1117 5648 lectio
1173 5596 1515 5652 communis
1574 5594 1754 5651 habet
1805 5592 1966 5663 διότι,
2025 5612 2146 5651 non

498 5679 641 5719 vero
661 5669 769 5719 καί.

571 5735 648 5807 (1)
668 5734 873 5792 Ezech.
894 5751 975 5806 ιιι,
995 5739 1086 5791 20.

2256 3288 2408 3347 ληνη.
2460 3287 2696 3341 Ἰσταται
2754 3290 2856 3359 γὰρ
2912 3290 2940 3344 ἡ
2994 3291 3309 3359 πρόγνωσις,
3340 3293 3455 3363 ⁴τοῦ
3496 3289 3875 3358 προεγνωσμέ-

2256 3396 2344 3430 νου
2375 3378 2776 3449 πεπληρωμένον
2810 3397 2822 3409 ·
2855 3382 2946 3427 καὶ
2998 3394 3056 3427 το
3111 3394 3170 3445 γε
3218 3376 3342 3431 ἧκον
3397 3374 3466 3433 εἰς
3513 3382 3669 3425 τοῦτο
3724 3375 3876 3434 τέλος

2253 3465 2523 3538 λαμϐάνει.
2562 3466 2619 3516 Ὀ
2679 3461 2755 3525 δε,
2798 3470 2915 3535 περί
2967 3464 3026 3515 οὗ
3080 3471 3152 3533 τῷ
3213 3458 3378 3515 Δαυιδ
3438 3466 3874 3535 πεπροφήτευται

2254 3563 2440 3617 ταυτα,
2477 3550 2933 3612 συνδιαιωνίζεται
2955 3564 3027 3622 τῳ
3058 3550 3184 3622 ἡλίῳ
3223 3556 3313 3602 καὶ
3365 3558 3427 3621 τῇ
3491 3550 3679 3622 σελήνῃ
3722 3569 3736 3579 ·
3781 3555 3873 3602 καὶ

2257 3643 2490 3715 Σολομὼν
2522 3646 2610 3714 μὲν
2639 3650 2727 3691 νυν
2753 3641 2846 3693 οὶκ
2875 3643 3009 3705 ἔστι,
3052 3645 3141 3691 καὶ
3180 3640 3204 3690 ὁ
3238 3642 3411 3711 θρόνος
3443 3648 3537 3697 τῆς
3578 3637 3869 3710 βασιλείας

2256 3734 2416 3786 αὐτοῦ
2444 3730 2790 3805 καταρραγεὶς
2828 3731 3105 3801 ἠφαντώθη
3167 3748 3179 3759 ·
3241 3730 3267 3780 ὁ
3326 3725 3385 3780 δὲ
3434 3727 3581 3789 ἣλιος
3630 3733 3722 3780 καὶ
3788 3748 3873 3781 σεο

2253 3821 2381 3880 λήνη
2420 3825 2537 3881 τοὺς
2583 3819 2805 3881 οἰκείους
2871 3816 3096 3892 δρόμους
3144 3816 3381 3872 ἀνύουσι.
3436 3822 3718 3875 Ζπτήσατε
3778 3815 3871 3869 οὖν

2254 3916 2344 3961 καὶ
2376 3910 2621 3980 εὑρήσετε
2653 3913 2732 3975 (3)
2784 3910 2866 3957 τόν
2924 3910 3395 3980 συμπαραμὼοντα
3448 3913 3521 3972 τῷ
3564 3904 3696 3975 ἡλίῳ
3776 3910 3874 3957 καί

2254 4001 2354 4073 πρὸ
2415 4006 2506 4049 του
2558 3995 2707 4053 ἡλίου
2754 4000 2842 4053 τὴν
2910 3994 3130 4067 ὕπαρξιν
3187 3997 3398 4064 ἔχοντα.
3458 3999 3559 4046 Καὶ
3601 3996 3870 4068 εὑρόντες,

2252 4086 2562 4161 προσίλθετε
2646 4089 2771 4156 πρὸς
2844 4083 3019 4141 αὐτόν.
3111 4089 3200 4134 καὶ
3252 4085 3571 4153 saturio-67:71,
3636 4088 3732 4135 καὶ
3804 4099 3881 4137 τοι

2254 4182 2512 4249 πρόσωπα
2543 4174 2683 4246 ὑμῶν
2717 4173 2775 4224 οὐ
2807 4178 2876 4245 μή
2911 4174 3300 4243 καταισχυνθῇ,

2330 4351 2450 4405 ΚΑ’.
2492 4350 2685 4405 Ἔστω.
2728 4354 2879 4419 φησι,
2936 4354 3053 4422 περὶ
3116 4358 3206 4400 τον
3248 4348 3478 4420 Χριστοῦ
3508 4347 3871 4420 πφλελὶχθαι

2255 4446 2342 4493 τόν
2370 4440 2542 4511 λόγον.
2576 4439 2636 4491 Εἰ
2687 4435 2773 4489 οὖν
2801 4440 2825 4488 ό
2884 4444 3111 4509 Χριστός
3150 4446 3221 4506 τῳ
3288 4436 3489 4506 ἡλιακῲ
3552 4456 3869 4513 συμμετρη-

2258 4529 2476 4585 θήσεται
2534 4522 2731 4599 δρόμῳ,
2794 4524 2940 4582 ἡλίου
3007 4523 3331 4593 ἐκλείψαντος
3392 4522 3713 4593 συνεκλείψει
3773 4530 3869 4577 καὶ

2256 4619 2314 4668 τὸ
2338 4619 2805 4687 συμπαραμόνιμον
2828 4622 2917 4664 του
2944 4620 3192 4686 Χριστοῦ.

2327 4706 2618 4777 Φιμώθητι,
2649 4701 2957 4775 βλάσφημον
2990 4707 3176 4773 στόμα.
3219 4698 3419 4755 Ἀίὸιον
3476 4706 3534 4754 τό
3582 4710 3677 4754 τοῦ
3733 4711 3867 4775 Χρι·

2259 4804 2386 4847 στου
2435 4795 2620 4867 κράτος
2675 4797 2765 4843 καὶ
2840 4790 3189 4849 ἀτελεύτητον.
3236 4792 3293 4843 Εἰ
3329 4795 3430 4865 γὰρ
3483 4798 3573 4843 καὶ
3630 4795 3860 4865 εἴρηται,

2255 4887 2355 4956 πρὸ
2387 4891 2477 4934 το.)
2508 4880 2678 4947 ἡλίου,
2710 4884 2802 4967 τῂν
2823 4886 3079 4952 χρονικὴν
3111 4880 3331 4953 ὕπαρξιν
3363 4877 3657 4952 διαφεύγει.

2326 5061 2467 5113 Ἐπεὶ
2509 5064 2598 5110 καὶ
2655 5058 2808 5117 αὖτὸς
2862 5056 3142 5132 ἀπόκριναί
3195 5078 3286 5130 μοι
3350 5079 3363 5091 ·
3424 5067 3528 5119 πῶς
3613 5066 3739 5130 νοεῖ,
3803 5064 3863 5112 τό

2327 5313 2407 5373 (‘2)
2440 5309 2574 5364 Psa.
2613 5307 2670 5361 L.
2716 5309 2745 5359 5

2329 5384 2405 5453 (3)
2448 5379 2587 5435 Cod.
2613 5378 2911 5453 εὑρόσεται.

2329 5449 2406 5519 (4)
2432 5453 2579 5508 Osee
2609 5449 2677 5518 x,’
2700 5449 2760 5502 11
2804 5468 2815 5513 ;
2852 5452 3143 5517 Ephraim
3177 5453 3365 5508 vitula
3399 5451 3575 5512 docta
3605 5451 3867 5523 diligere

2257 5528 2563 5581 trituram.

2328 5602 2402 5657 (ες)
2445 5596 2593 5661 Psal,
2618 5604 2773 5645 uxr.

2330 5669 2405 5737 (ti)
2436 5667 2581 5724 Ibid.
2614 5667 2644 5716 7

2321 5741 2397 5813 (6)
2430 5737 2562 5795 Psal
2588 5753 2791 5805 mm,
2813 5741 2845 5793 6
