4032 6308
199 403 302 484 τοι

206 556 316 627 Πρὸ
369 557 459 605 τοῦ
519 552 616 626 δρη
669 554 972 624 γενηθῆναι,
1027 559 1117 608 καὶ
1169 554 1469 614 πλασθῆναὶ
1538 562 1632 616 την
1705 563 1804 629 γὴν
1840 555 1878 612 Α

201 649 299 695 καὶ
359 647 449 700 τὴν
498 643 806 714 οἰκουμένην
879 649 970 697 καὶ
1034 644 1135 697 ἀπὸ
1179 652 1272 697 τοῦ
1334 652 1514 708 αἰῶνος
1566 652 1656 700 καὶ
1717 649 1806 708 ἕως

203 741 301 785 τοῦ
370 733 551 793 αἰῶνος
603 736 666 786 σύ
734 731 833 800 εἷ;
894 732 1010 806 Ἆρ’
1060 741 1148 786 οὖν
1195 737 1221 787 ὁ
1272 740 1398 798 Θεὸς
1450 744 1562 798 τοῖς
1603 737 1807 798 οἰκείοις

202 826 475 896 ποιήμασι
539 825 835 894 σύγχρονος
894 824 924 882 ἧ
993 829 1084 876 καὶ
1146 824 1316 896 ὀλίγον
1381 846 1434 878 τι
1489 832 1805 902 πρόχρονος,

203 908 491 984 ἐπειδήπερ
551 910 773 985 εἴρηται,
835 915 936 985 πρὸ
1003 919 1095 964 τοῦ
1179 918 1272 986 ὅρη
1359 915 1642 985 γενηθῆναι
1716 922 1806 968 καὶ

199 998 503 1058 αλασθῆναι
568 1004 662 1058 τὴν
726 1007 824 1071 γῆν
891 1007 1070 1054 τοῦτον
1152 1008 1247 1061 τήν
1337 1004 1557 1075 ὕπαρξιν
1625 1007 1803 1076 ἓχιιν;

199 1088 379 1161 οὐχὶ.
427 1092 593 1160 φησί·
647 1091 888 1162 προτεθὲν
935 1086 993 1142 δὲ
1037 1090 1170 1162 ὅμως
1211 1094 1270 1143 τὸ
1314 1089 1404 1144 ἀπ’
1448 1093 1648 1160 αἰῶνος,
1711 1099 1806 1153 τὴν

193 1177 599 1250 πεπλανημένην
684 1173 918 1230 διάνοιαν
985 1177 1370 1233 ἰινωσθὼσατο⁹
1433 1184 1637 1254 εἴρηται
1700 1184 1802 1257 γὰρ

195 1264 409 1328 οὕτως’
445 1267 547 1319 Καὶ
615 1265 716 1320 ἀπό
768 1273 860 1320 τοῦ
922 1267 1107 1330 αἰῶνος
1171 1273 1259 1322 καὶ
1318 1269 1407 1330 ἓως
1463 1278 1556 1323 τοῦ
1623 1271 1803 1335 αἰῶνος

198 1354 270 1406 ἀν
290 1351 358 1411 εἴ.

275 1441 504 1495 Ἐπαινῶ
557 1463 614 1496 σε
663 1453 759 1505 τῆς
815 1450 1154 1519 ἁποκρισεως,
1206 1446 1248 1499 εἰ
1289 1452 1379 1500 καὶ
1428 1457 1523 1510 τῆς
1579 1451 1803 1524 ὑποκρί-

201 1543 338 1595 σεως
371 1535 823 1608 προσοχθίζομαι.
850 1538 927 1588 Τὰ
959 1532 1171 1608 συνῳδὰ
1206 1539 1305 1610 γὰρ
1351 1543 1441 1591 καὶ
1508 1536 1806 1611 ἰσοδυναμα

199 1621 335 1696 ἐρεῖν
403 1618 511 1680 ἤδη
556 1643 656 1694 μου
715 1623 1000 1696 ἐρχομένου
1047 1626 1144 1693 (9),
1195 1622 1436 1696 δέδοικα,
1485 1631 1556 1699 μὴ
1602 1626 1806 1691 ἀποδὺς

196 1713 440 1784 πετάσης
468 1711 638 1778 εὐθὺς,
685 1715 773 1764 καὶ
814 1717 942 1786 πρὸς
1001 1711 1350 1778 ἀδιανοήτους
1392 1715 1545 1768 πάλιν
1593 1722 1802 1793 χωρόἡ-

203 1819 304 1872 mp;
371 1800 712 1872 μωρολογιας.
776 1801 956 1874 Ὅμως
1014 1806 1160 1869 αὐτὸ,
1226 1809 1377 1876 φησὶ,
1445 1809 1504 1858 τὸ
1586 1813 1804 1880 πρᾶγμα

202 1897 373 1961 φανεῖ.
1835 1905 1876 1965 Β

275 1979 534 2053 Εἰρηκας,
594 1981 674 2031 ὅτι
738 1980 819 2048 τὸ,
883 1978 972 2032 ἀπ’
1038 1985 1239 2048 αἰῶνος,
1322 1989 1689 2056 προσκείμενον
1745 1990 1804 2038 τὸ

200 2067 442 2140 ἄναρχον
475 2064 858 2140 διπρανοῖτοῦ
898 2075 1057 2122 Θεοῦ.
1109 2069 1384 2142 Πρόσσχες
1429 2071 1516 2123 οὖν
1563 2092 1652 2124 ποι
1703 2072 1804 2126 λοι-

199 2158 324 2220 πὸν,
385 2158 467 2208 ὁτι
512 2155 780 2209 κάνταῦθα
822 2165 913 2228 τῷ,
952 2158 1053 2230 πρὸ
1100 2167 1188 2220 τῆς
1230 2159 1461 2226 σελήνης,
1525 2163 1804 2234 προστεθὲν

199 2248 263 2296 τὸ
286 2245 462 2316 γενεὰς
505 2254 707 2316 γενεῶν,
767 2247 826 2298 τὸ
877 2249 993 2299 ἴσον
1048 2248 1282 2320 ἄναρχον
1339 2250 1662 2321 ὑπεσήμαινε,
1717 2256 1805 2304 καὶ

201 2335 350 2385 ἔστιν
375 2329 695 2406 ἰσοδυναμον
711 2341 784 2406 τῷ
809 2332 896 2386 ἀπ’
921 2334 1126 2397 αἰῶνος.

279 2511 401 2564 KB'.
436 2510 495 2564 Εἰ
521 2507 580 2564 δί
603 2515 690 2563 ιιαὶ
716 2513 792 2564 ἔτι
829 2515 1132 2588 τρανοτὶρας
1187 2514 1414 2588 χρῄζεις
1474 2523 1571 2577 τῆς
1635 2513 1806 2568 ἐπιλύ-

205 2618 364 2665 σεως,
428 2603 524 2658 τήν
584 2601 747 2659 αὐτὴν
819 2599 1108 2660 Δαυῑδικὴν
1189 2603 1349 2677 λύραν
1431 2603 1810 2678 ἐμμελεστερως

203 2694 510 2760 κινήσομεν,
579 2691 717 2764 εἴπερ
772 2694 843 2762 μὴ
899 2695 989 2742 καί
1038 2695 1168 2766 πρὸς
1205 2695 1400 2750 ταύτην
1458 2696 1576 2755 ὄνος
1632 2702 1806 2766 φανεῐς

200 2776 365 2848 λύρας
441 2781 654 2845 οκούων,
718 2782 776 2830 τό
866 2776 1405 2852 παροιμιῳδούμενον.
1500 2782 1804 2835 Βασιλεύσει

205 2867 405 2938 Κύριος
453 2873 524 2926 εἰς
571 2871 658 2919 τὸν
718 2867 898 2934 αἰῶνα,
961 2869 986 2920 6
1041 2873 1170 2931 Θεὸς
1225 2887 1341 2936 σου,
1383 2875 1530 2939 Σιὼν,
1600 2871 1668 2932 εἰς
1718 2891 1804 2942 γε-

201 2958 323 3007 νεὰν
355 2959 443 3008 καὶ
496 2959 694 3026 γενεάν.
749 2962 812 3008 Τί
877 2959 1064 3009 τούτου
1133 2959 1479 3032 σαφέστερον;
1537 2957 1806 3013 Δέδεικται

199 3046 436 3118 γάρ,ὁτι
470 3049 656 3096 ταυτὸν
687 3044 800 3097 ἐστι
833 3054 905 3116 τῷ
974 3046 1044 3107 εἰς
1101 3050 1187 3098 τὸν
1255 3047 1417 3099 αἰῶνα
1471 3049 1529 3100 τὸ
1583 3048 1654 3111 εἰς
1722 3069 1806 3120 γεο

199 3134 360 3183 νεάνο
420 3137 510 3184 καὶ
556 3137 658 3205 μὴν
707 3133 870 3187 ἐκεῖσε
940 3134 1090 3187 πλέον
1155 3139 1378 3209 εἴρηται.
1441 3136 1807 3202 Πληθυντικῶς

199 3225 308 3298 γὰρ
376 3226 434 3275 τό
503 3227 606 3299 πρὸ
681 3235 778 3286 τῆς
858 3225 1075 3286 σελήνης
1151 3229 1329 3296 γενεὰς
1391 3235 1593 3299 γενεῶν,
1669 3229 1876 3315 τοῦτὈ

202 3312 322 3363 ἔστι
380 3331 480 3385 προ
532 3321 631 3364 τῶν
684 3314 899 3368 αἰώνων.
951 3315 1207 3368 Ἐνταῦθα
1259 3310 1318 3366 δί
1398 3317 1572 3385 γενεὰν
1636 3319 1806 3391 εἴρηκε

202 3404 297 3452 καὶ
327 3402 526 3471 γενεάν.
562 3407 662 3454 Καὶ
703 3402 856 3454 πάλιν
899 3405 924 3454 ὁ
970 3403 1124 3465 αὐτὸς
1161 3408 1432 3477 προφήτης
1482 3410 1647 3476 φησί’
1707 3408 1804 3458 Κύ-

203 3493 308 3564 ρὶε,
361 3492 420 3541 τὸ
464 3489 624 3562 ὄνομα
673 3510 768 3542 σου
826 3491 896 3553 εἰς
952 3495 1037 3543 τὸν
1088 3493 1268 3556 αἰῶνα,
1337 3497 1426 3544 καὶ
1493 3498 1551 3544 τό
1605 3498 1806 3565 μνημό-

1410 3583 1506 3633 Διὰ

205 3670 405 3719 τούτων
436 3668 537 3728 ἑνὸς
560 3665 902 3739 δηλουμένου,
953 3676 1044 3721 τοῦ
1088 3673 1174 3721 τὸν
1216 3674 1344 3722 Θεὸν
1393 3671 1626 3743 ἄναρχον
1679 3669 1807 3723 εἶναι

208 3582 367 3629 συνὸν
432 3595 524 3631 σου
593 3579 664 3640 εἰς
726 3583 897 3650 γενεὰν
955 3585 1044 3632 καὶ
1119 3582 1316 3651 γενεάν.
1410 3583 1506 3633 Διὰ
1603 3585 1806 3634 πάντων

204 3761 300 3808 καὶ
331 3755 681 3820 ἀτελεύτητον,
715 3755 822 3809 ἀλλ’
853 3757 982 3828 οὐχὶ
1007 3765 1079 3827 τῷ
1123 3758 1270 3810 αἰῶνι
1302 3761 1469 3829 τούτῳ
1513 3768 1625 3822 ταῖς
1683 3761 1807 3812 ὑπο-

205 3849 447 3919 χρονίοις
493 3844 681 3906 λενεαῐς
725 3851 1322 3919 συμπαρεκτεινόμενον·
1383 3846 1436 3909 ἐξ
1493 3848 1560 3898 ὧν
1594 3853 1683 3900 καὶ
1747 3851 1806 3900 τὸ

203 3943 303 3996 τῆς
351 3935 517 3997 αὐτῆς
581 3933 709 3987 εἶναι
758 3931 996 3996 διανοίας
1045 3941 1376 4002 συνίσταται,
1436 3938 1495 3988 τὸ
1545 3939 1645 4009 πρὸ
1715 3943 1807 3997 τῆς

206 4024 423 4083 σελήνης
437 4027 613 4094 γενεὰς
631 4033 832 4095 γενεῶν.

1332 431 1404 488 IN
1441 411 2061 491 ANNUNTIATIONEM
2097 431 2162 487 B.
2200 435 2456 492 mrum.

3459 423 3562 481 702

1916 557 2097 614 modo
2117 558 2260 614 illud
2276 559 2569 629 intelligis:
2584 560 2946 630 Priusquam
2957 561 3181 612 montes
3197 556 3432 624 ﬁerent,
3458 555 3565 608 aut

1913 648 2295 717 formaretur
2314 656 2475 705 terra
2490 653 2540 704 et
2556 647 2794 713 orbis,et
2808 662 2843 702 a
2856 646 3076 701 saeculo
3090 651 3142 700 et
3156 658 3340 714 usque
3350 646 3412 696 in
3426 656 3564 698 saec-

1918 737 2042 792 lum
2060 743 2123 792 tu
2147 738 2292 808 es(8)
2319 738 2346 792 ?
2359 741 2506 793 Num
2531 738 2705 807 igitur
2720 739 2870 791 Deus
2884 734 3167 807 operibus
3181 732 3302 786 suis
3325 745 3563 786 coaevus

1916 831 2017 882 aut
2039 827 2220 898 paulo
2244 828 2500 882 anterior
2529 825 3031 898 pronuntiabitur,
3056 825 3373 893 propterea
3398 817 3562 891 quod

1916 913 2142 971 dictum
2178 921 2264 970 est
2305 931 2442 970 eum
2480 915 2887 970 exsistentiam
2928 911 3170 981 habere,
3204 911 3559 979 priusquam

1914 1011 2139 1059 montes
2157 1003 2365 1072 ﬁerent
2393 1010 2496 1059 aut
2507 1005 2885 1072 [armaretur
2908 1008 3072 1056 terra
3086 1001 3113 1054 ?
3163 1001 3558 1070 Nequaquam

1913 1090 2122 1162 inquit:
2135 1098 2536 1147 verumtamen
2553 1092 2695 1146 illud
2709 1086 3167 1159 asceculo,quod
3187 1083 3564 1158 praemittitur

1913 1182 2269 1237 sententiam
2287 1180 2434 1237 forte
2452 1187 2746 1236 errantem
2769 1178 3023 1248 corrigit:
3049 1177 3133 1233 sic
3151 1173 3401 1232 enimibi
3417 1172 3563 1244 legi-

1915 1277 2028 1326 tur:
2051 1273 2130 1326 Et
2151 1287 2187 1326 a
2221 1272 2441 1327 scecuto
2465 1277 2517 1326 et
2551 1286 2732 1342 usque
2761 1271 2820 1325 in
2850 1269 3139 1325 saeculum
3169 1272 3233 1322 tu
3255 1281 3338 1322 es.

1987 1445 2191 1502 Laudo
2218 1461 2573 1518 responsum
2599 1452 2790 1512 tuum,
2835 1444 2939 1501 etsi
2972 1460 3128 1516 aegre
3153 1443 3344 1499 feram
3375 1440 3560 1496 simu-

1913 1535 2452 1592 lationem.Vcreor
2477 1536 2654 1605 enim,
2703 1550 2778 1590 ne
2805 1536 2852 1589 si
2905 1531 3237 1588 consimilia
3282 1527 3562 1603 quaedam

1915 1624 2422 1696 etaequipollentia
2469 1623 2665 1680 dicere
2715 1624 2843 1694 jam
2901 1621 3236 1692 aggrediar,
3291 1619 3562 1692 protinus

1913 1714 2179 1770 resiliens
2206 1713 2483 1781 effugias,
2513 1719 2571 1769 et
2597 1729 2806 1768 rursus
2873 1710 2950 1765 ad
2998 1708 3262 1764 insulsas
3311 1707 3562 1779 ineptias

1911 1804 2242 1861 revertaris.
2261 1801 2490 1866 Idvero,
2513 1802 2723 1874 inquit,
2739 1801 2892 1857 facta
2903 1797 3423 1856 demonstrabant.

1986 1979 2188 2036 Dixisti
2212 1977 2355 2035 illud
2381 1981 2676 2047 asarculo,
2711 1977 2876 2050 quod
2911 1975 3276 2047 adjungitur,
3336 1973 3562 2046 perspi-

1915 2085 2022 2126 cue
2053 2070 2340 2137 evincere,
2375 2072 2558 2125 Deum
2585 2067 2877 2140 principio
2921 2081 3141 2121 carere.
3188 2063 3367 2132 Igitur
3415 2061 3561 2117 mihi

1913 2164 1971 2216 et
1999 2159 2295 2231 reliquum
2317 2158 2601 2225 concede,
2639 2157 2922 2213 nimirum
2960 2153 3106 2210 illud
3157 2149 3561 2226 generationes

1913 2250 2369 2320 generationum
2403 2248 2540 2319 (10),
2571 2245 2734 2319 quod
2760 2245 2843 2300 ibi
2883 2244 3149 2316 sequitur
3206 2241 3354 2297 illud
3417 2246 3561 2297 ante

1914 2339 2146 2403 lunam,
2179 2338 2304 2409 pari
2319 2336 2546 2392 ratione
2562 2333 2898 2404 signiﬁcare
2932 2339 3230 2402 expertem
3250 2329 3557 2401 principii,

1913 2425 2196 2498 idemque
2218 2425 2412 2481 valere
2441 2429 2620 2496 atque
2659 2421 2824 2485 illud.
2854 2437 2892 2480 a
2910 2423 3150 2478 swcuto.

1989 2517 2139 2571 XXII.
2194 2513 2367 2580 Quod
2414 2514 2462 2568 si
2537 2511 2958 2568 evidentiorem
3047 2512 3336 2582 prmterea
3393 2505 3564 2579 cupis

1916 2605 2394 2677 explicationem,
2423 2601 2701 2658 eamdem
2732 2600 2971 2656 Davidis
2987 2599 3180 2672 lyram
3197 2597 3331 2670 (nisi
3356 2601 3560 2652 tamen

1915 2694 2094 2748 etiam
2121 2692 2198 2748 ad
2252 2693 2431 2757 hanc,
2491 2707 2565 2746 ex
2610 2689 2795 2745 veteri
2838 2688 3177 2760 proverbio,
3238 2685 3559 2759 apparebis

1911 2781 2108 2852 lyram
2157 2781 2411 2837 audiens
2462 2780 2688 2846 asinus)
2737 2778 3078 2847 diligentius
3156 2776 3556 2849 pulsabimus:

1914 2871 2224 2941 Regnabit.
2258 2869 2452 2942 inquit
2481 2871 2614 2936 iii),
2644 2869 2930 2923 Dominus
2949 2868 3012 2922 in
3055 2867 3359 2932 saeculum,
3409 2867 3562 2920 Deus

1915 2965 2072 3028 tuus,
2096 2959 2237 3015 Sion
2267 2961 2327 3014 in
2350 2959 2787 3028 generationem
2813 2963 2868 3012 et
2901 2957 3357 3026 generationem.
3409 2951 3561 3018 Quid

1913 3049 2029 3106 hoc
2049 3047 2486 3118 mannifestius,
2517 3047 2660 3120 quid
2688 3047 2801 3101 hoc
2842 3045 3188 3116 praeclarius
3242 3044 3270 3098 ?
3311 3041 3562 3096 Eviden-

1915 3138 2138 3194 tissime
2160 3137 2317 3193 enim
2349 3141 2600 3193 constat.
2634 3135 2793 3190 idem
2810 3148 3058 3206 prorsus
3087 3131 3285 3187 valere
3306 3132 3367 3186 in
3389 3144 3560 3200 gene—

1915 3229 2208 3282 rationem
2239 3227 2501 3298 atquein
2531 3225 2836 3289 surculum;
2863 3221 3009 3294 quin
3039 3222 3161 3276 imo
3185 3217 3264 3274 ibi
3297 3218 3430 3290 plus
3461 3215 3563 3272 ali-

1915 3315 2078 3388 quod
2109 3314 2333 3370 dictum
2365 3315 2675 3369 invenitur.
2708 3311 2852 3368 illud
2880 3309 3061 3378 enim,
3093 3309 3258 3382 quod
3299 3323 3405 3380 per
3447 3321 3559 3361 nu-

1918 3419 2147 3458 merum
2172 3402 2460 3475 pluralem
2480 3401 2712 3468 dicitur,
2735 3404 2874 3457 ante
2902 3401 3105 3456 lunam
3153 3398 3561 3468 generationes

1915 3494 2364 3561 generationum
2392 3491 2550 3546 idem
2582 3497 2670 3546 est
2697 3506 2769 3546 ac
2793 3497 2934 3546 ante
2979 3489 3216 3544 swcula.
3270 3486 3368 3540 Hic
3419 3498 3560 3540 vero

1915 3580 2082 3644 dixit,
2104 3583 2537 3650 generationem
2570 3586 2622 3635 et
2647 3583 3108 3649 generationem.
3135 3579 3199 3630 Et
3217 3591 3428 3630 rursus
3471 3573 3560 3627 in-

1916 3671 2044 3740 quit
2071 3669 2230 3724 idcm
2264 3669 2572 3740 propheta:
2599 3669 2866 3736 Domine,
2894 3672 3279 3722 nomentuum
3304 3666 3367 3718 in
3398 3668 3560 3718 acter-

1916 3773 2059 3813 num
2071 3802 2083 3821 ,
2105 3763 2159 3811 et
2185 3759 2702 3813 memoriatetuum
2717 3761 2777 3811 in
2791 3756 3230 3826 generationem
3246 3759 3299 3807 et
3307 3765 3558 3821 genera-

1918 3848 2133 3900 tionem
2161 3848 2292 3914 (t2).
2324 3848 2401 3900 Ex
2429 3846 2520 3900 his
2539 3845 2823 3899 omuibus
2838 3843 2981 3897 illud
3013 3857 3197 3896 unum
3246 3843 3560 3910 perspicue

1915 3935 2223 3999 evincitur,
2261 3937 2441 3989 Deum
2484 3933 2775 4006 principio
2827 3948 2997 4003 aeque
3042 3946 3112 3986 ac
3170 3929 3288 3984 ﬁne
3337 3940 3555 3997 carere,

1915 4037 2035 4077 non
2068 4029 2268 4078 autem
2299 4024 2493 4094 ipsum
2522 4023 2661 4077 huic
2693 4021 2912 4076 saaculo
2955 4025 3021 4076 'et
3075 4016 3561 4087 generationibus

202 4127 342 4183 qua:
381 4129 518 4168 cum
568 4119 837 4183 tempore
866 4112 1157 4180 deﬂuunt,
1192 4113 1368 4184 quasi
1399 4114 1731 4170 coextendi.
1771 4116 1850 4168 Ex
1898 4111 2118 4181 quibus
2147 4112 2632 4180 exsurgit,etiam
2658 4109 2824 4178 illud,
2865 4116 3004 4166 ante
3051 4111 3257 4165 tunam
3312 4121 3561 4177 genera-

200 4205 391 4256 tiones
420 4200 1179 4270 generationum,eamdem
1202 4215 1448 4272 prorsus
1500 4204 1800 4258 continere
1833 4200 2206 4254 sententiam.

277 4288 360 4342 T6
409 4286 468 4342 δὲ
524 4291 872 4363 προϋπάρχον
938 4300 1037 4341 τῶν
1104 4292 1405 4360 ποιημάτων
1474 4293 1674 4342 πάντων
1742 4290 1799 4341 οὐ

199 4383 408 4449 ποίημα
433 4399 446 4411 ·
479 4378 524 4430 εἰ
554 4375 612 4430 δὲ
638 4379 695 4430 οὗ
734 4383 952 4449 ποὶημα,
998 4377 1246 4430 ἄκτιστον
1271 4400 1282 4410 ·
1329 4385 1387 4430 το
1433 4377 1492 4431 δε
1531 4382 1798 4447 οἴκτιστον,

201 4467 628 4540 ὁμολογουμένως
647 4469 872 4540 ἄχρονον
901 4488 912 4498 ·
936 4469 994 4518 τὸ
1027 4461 1085 4518 δὲ
1125 4467 1374 4540 ἄχρονον,
1427 4467 1756 4526 ἀτελεύτητον
1784 4490 1795 4501 ο

201 4561 262 4609 τὸ
295 4553 354 4610 δε
393 4559 528 4608 κατὰ
584 4557 737 4628 φύσιν
783 4555 1132 4621 ἀτελεύτητον,
1187 4561 1276 4608 καί
1323 4557 1575 4631 ἄναρχον.
1633 4565 1798 4616 Συνῆ-

202 4667 329 4698 κται
360 4654 633 4719 τοιγαροῦν
675 4648 741 4705 ὡς
789 4647 815 4697 6
845 4649 944 4719 πρὸ
992 4653 1085 4696 τοῦ
1130 4645 1277 4702 ηλίου
1323 4651 1530 4706 καὶτῆς
1584 4646 1800 4705 σελήνης

201 4739 381 4807 γενεὰς
436 4743 617 4805 γενεῶν
667 4731 922 4807 διαμενων
973 4739 1064 4786 καὶ
1107 4736 1340 4810 ἄναρχός
1390 4737 1503 4788 ἐστι
1551 4741 1645 4794 τὴν
1696 4735 1797 4788 ἀπὸ

201 4829 406 4897 χρόνου
424 4826 614 4896 ἀρχὴν,
653 4829 744 4875 καὶ
776 4822 1121 4883 ἀτελεύτητος.

1985 4289 2166 4343 Porro
2217 4289 2384 4360 quod
2434 4289 2790 4360 praeexsistit
2847 4287 3138 4343 universis
3196 4303 3334 4360 quae
3405 4287 3561 4341 facta

1913 4381 2073 4445 sunt,
2105 4377 2268 4431 haud
2293 4379 2512 4432 factum
2549 4379 2745 4449 ipsum
2794 4383 2900 4443 est,
2925 4378 2971 4432 si
3020 4382 3220 4432 autem
3272 4393 3392 4431 non
3445 4377 3560 4431 fac-

1911 4467 2544 4536 tum,estincreatum;
2596 4467 2925 4521 increatum
2978 4481 3117 4520 vero
3173 4467 3232 4521 in
3285 4464 3560 4520 confesso

1911 4562 1996 4610 est
2027 4557 2312 4628 temporis
2345 4571 2476 4611 esse
2507 4571 2739 4628 expers;
2789 4554 2958 4627 quod
3005 4559 3205 4610 autem
3263 4560 3349 4610 est
3396 4559 3563 4609 extra

1909 4649 2166 4716 tempus,
2201 4661 2321 4699 non
2348 4645 2512 4701 novit
2538 4644 2740 4709 ﬁnem;
2769 4644 2998 4717 etquod
3032 4661 3106 4700 ex
3179 4649 3392 4699 natura
3452 4659 3562 4700 sua

1908 4749 2028 4788 non
2047 4735 2211 4788 novit
2240 4733 2444 4798 tinem,
2473 4749 2665 4806 neque
2718 4735 3080 4806 principium
3110 4733 3297 4788 ullum
3355 4731 3557 4787 habet.

1908 4823 2287 4894 Exploratum
2329 4823 2611 4894 estigitur
2637 4841 2775 4880 eum
2833 4825 2933 4897 qui
2963 4829 3098 4880 ante
3125 4823 3310 4877 solem
3362 4828 3416 4876 et
3472 4822 3559 4876 lu-

199 4929 352 4970 nam
374 4929 478 4985 per
509 4911 921 4982 generationes
951 4911 1408 4982 generationum
1464 4919 1795 4985 permanet,
1837 4917 1895 4969 et
1923 4913 2217 4990 principio
2249 4914 2412 4984 quod
2437 4920 2664 4986 spectat
2697 4913 2774 4970 ad
2830 4912 3063 4969 initium
3110 4913 3393 4985 temporis
3423 4914 3558 4980 (i3),

202 5017 428 5070 carere,
459 5017 529 5057 ac
557 5000 788 5058 nullum
808 5015 988 5058 nosse
1006 5000 1212 5059 ﬁnem.

273 5179 354 5253 (8)
377 5179 522 5253 Psal.
544 5195 776 5253 Lxxnx,
805 5183 860 5236 εὶ.

275 5248 693 5329 (9).Ουὶἑρίτιω
721 5248 868 5308 ferte
896 5248 1321 5322 suspicabitur,
1354 5250 1675 5320 legendum
1698 5267 1802 5324 po-

204 5322 320 5376 tiu:
353 5322 646 5393 ἀρχομένου
661 5370 671 5379 ,

274 5400 386 5460 (to)
423 5395 567 5448 Psal.
606 5409 753 5459 LXXI,
787 5399 835 5448 5.

278 5464 391 5530 (ii)
421 5464 565 5520 Psal.
603 5481 761 5529 mm,
795 5468 876 5528 t0,
903 5481 1020 5518 sec.
1055 5464 1199 5519 LXX.
1237 5463 1336 5533 qui
1366 5463 1589 5518 habent
1630 5465 1694 5526 εἰς
1716 5468 1802 5516 τὸν

204 5539 386 5590 αἰῶνα.
424 5535 546 5590 nbit
573 5536 851 5592 Vulcatus
883 5534 1041 5596 legit.
1073 5537 1131 5589 in
1163 5535 1401 5590 saecula.

277 5608 388 5658 H2)
419 5605 568 5660 Psal.
603 5622 826 5660 cxxxuv.
853 5611 1068 5660 Auctor
1099 5605 1155 5676 in
1205 5606 1496 5676 principio
1555 5606 1798 5660 secundi

203 5675 474 5731 hemistic
485 5676 560 5731 hii
580 5694 714 5730 cum
735 5693 866 5731 com
879 5695 930 5730 m
943 5677 1132 5732 union
1149 5675 1391 5730 lectione
1407 5680 1444 5730 (ἶ
1455 5693 1608 5731 maca
1625 5677 1803 5732 habet

204 5748 562 5828 particulam
575 5748 793 5814 zai,ubi
809 5749 1092 5816 Vulgatus
1104 5748 1346 5811 Latinus
1357 5764 1417 5802 re
1426 5751 1565 5826 petit
1579 5765 1798 5818 vocem,

1913 5179 2181 5252 Domine.
2213 5183 2407 5252 Neque
2439 5185 2638 5252 tamen
2673 5180 2881 5252 Latina
2914 5179 3085 5234 lectio
3116 5179 3353 5252 penitus
3411 5182 3562 5252 Grae-

1910 5251 1994 5306 cis
2024 5250 2419 5322 imcomperta
2444 5251 2568 5310 fuit:
2603 5267 2743 5306 nam
2764 5250 3190 5319 suﬂ‘ragaturei
3210 5251 3558 5307 Alexandri-

1912 5338 2027 5375 nus
2049 5322 2260 5383 codex.
2293 5322 2396 5391 qui
2427 5322 2646 5376 ibidem
2681 5322 2872 5392 reptit,
2921 5327 3097 5388 Κύριε.

1985 5401 2095 5461 (13)
2119 5398 2261 5447 Cum
2293 5410 2488 5447 sermo
2515 5392 2676 5446 sitde
2713 5393 2852 5446 Filio
2888 5393 3005 5452 Dei.
3034 5394 3175 5449 scite
3234 5395 3561 5448 Germanus

1911 5481 2049 5519 eum
2081 5468 2443 5537 ’ἱναρχονοοη
2479 5464 2725 5537 infinite.
2758 5463 2861 5518 sed
2889 5464 3330 5537 quailanlenus.
3355 5465 3409 5519 id
3453 5471 3559 5531 est,

1911 5533 2294 5619 mam-.336
2335 5539 2527 5619 χρόνῳ
2584 5533 2778 5608 cio/gat
2835 5533 3112 5608 ἂρ’ρθιιίιιο
3172 5536 3269 5592 ubi
3328 5539 3561 5619 ἄναθλος

1910 5608 2068 5662 idem
2101 5607 2252 5661 valet
2286 5603 2575 5665 ίιίίάίὸιος.
2617 5603 2754 5661 llaec
2787 5603 3076 5662 sententia
3135 5615 3190 5663 et
3240 5603 3561 5664 vetustiori-

1914 5679 2023 5730 lius
2059 5678 2329 5750 Patribus
2357 5676 2660 5731 familiaris
2686 5679 2811 5740 fuit;
2846 5695 2875 5732 e
2905 5679 3126 5750 quibus
3158 5684 3211 5734 S.
3244 5680 3559 5747 Gregorius

1911 5749 2178 5810 Nazianz.
2205 5749 2288 5802 sic
2318 5748 2576 5802 breviter
2605 5765 2675 5804 ac
2702 5748 2979 5818 dilucide,
3013 5767 3135 5828 quo
3167 5765 3346 5804 sensu
3387 5750 3561 5805 Filius
