  <div class='ocr_page' id='page_1' title='image "/cluster/home/n/w/nwhite01/storage/ocr_20150623/140/pst.000005714568/393.png"; bbox 0 0 4032 6308; ppageno 0'>
   <div class='ocr_carea' id='block_1_1' title="bbox 451 364 556 422">
    <p class='ocr_par' dir='ltr' id='par_1_1' title="bbox 451 364 556 422">
     <span class='ocr_line' id='line_1_1' title="bbox 451 364 556 422; baseline 0.01 -1"><span class='ocrx_word' id='word_1_1' title='bbox 451 364 556 422; x_wconf 79' lang='grc'>’703</span> 
     </span>
    </p>
   </div>
   <div class='ocr_carea' id='block_1_2' title="bbox 455 577 2110 652">
    <p class='ocr_par' dir='ltr' id='par_1_2' title="bbox 455 577 2110 652">
     <span class='ocr_line' id='line_1_2' title="bbox 455 577 2110 652; baseline -0.002 -16"><span class='ocrx_word' id='word_1_2' title='bbox 455 583 626 636; x_wconf 87' lang='lat' dir='ltr'>tuam</span> <span class='ocrx_word' id='word_1_3' title='bbox 653 579 910 636; x_wconf 90' lang='lat' dir='ltr'>obscuro</span> <span class='ocrx_word' id='word_1_4' title='bbox 921 578 1168 652; x_wconf 89' lang='lat' dir='ltr'>pudoris</span> <span class='ocrx_word' id='word_1_5' title='bbox 1180 579 1308 638; x_wconf 88' lang='lat' dir='ltr'>velo</span> <span class='ocrx_word' id='word_1_6' title='bbox 1321 578 1710 646; x_wconf 77' lang='lat' dir='ltr'>abscondisti,</span> <span class='ocrx_word' id='word_1_7' title='bbox 1724 577 1871 637; x_wconf 89' lang='lat' dir='ltr'>dum</span> <span class='ocrx_word' id='word_1_8' title='bbox 1883 590 2110 652; x_wconf 86' lang='lat' dir='ltr'>magna</span> 
     </span>
    </p>
   </div>
   <div class='ocr_carea' id='block_1_3' title="bbox 454 665 2107 746">
    <p class='ocr_par' dir='ltr' id='par_1_3' title="bbox 454 665 2107 746">
     <span class='ocr_line' id='line_1_3' title="bbox 454 665 2107 746; baseline -0.001 -21"><span class='ocrx_word' id='word_1_9' title='bbox 454 666 1504 746; x_wconf 82' lang='lat' dir='ltr'>haecluminariatibisuumipsorum</span> <span class='ocrx_word' id='word_1_10' title='bbox 1544 669 1918 729; x_wconf 82' lang='lat' dir='ltr'>conditorem</span> <span class='ocrx_word' id='word_1_11' title='bbox 1949 665 2107 725; x_wconf 87' lang='lat' dir='ltr'>clare</span> 
     </span>
    </p>
   </div>
   <div class='ocr_carea' id='block_1_4' title="bbox 455 757 1008 829">
    <p class='ocr_par' dir='ltr' id='par_1_4' title="bbox 455 757 1008 829">
     <span class='ocr_line' id='line_1_4' title="bbox 455 757 1008 829; baseline 0.004 -16"><span class='ocrx_word' id='word_1_12' title='bbox 455 757 845 815; x_wconf 77' lang='lat' dir='ltr'>manifestam</span> <span class='ocrx_word' id='word_1_13' title='bbox 875 758 1008 829; x_wconf 82' lang='grc'><strong>(14).</strong></span> 
     </span>
    </p>
   </div>
   <div class='ocr_carea' id='block_1_5' title="bbox 530 845 2108 924">
    <p class='ocr_par' dir='ltr' id='par_1_5' title="bbox 530 845 2108 924">
     <span class='ocr_line' id='line_1_5' title="bbox 530 845 2108 924; baseline -0.001 -20"><span class='ocrx_word' id='word_1_14' title='bbox 530 845 708 904; x_wconf 80' lang='lat' dir='ltr'>XXIII.</span> <span class='ocrx_word' id='word_1_15' title='bbox 737 847 909 914; x_wconf 88' lang='lat' dir='ltr'>Quod</span> <span class='ocrx_word' id='word_1_16' title='bbox 937 849 987 905; x_wconf 92' lang='lat' dir='ltr'>si</span> <span class='ocrx_word' id='word_1_17' title='bbox 1013 863 1221 907; x_wconf 87' lang='lat' dir='ltr'>rursus</span> <span class='ocrx_word' id='word_1_18' title='bbox 1245 849 1629 924; x_wconf 83' lang='lat' dir='ltr'>supercilium</span> <span class='ocrx_word' id='word_1_19' title='bbox 1673 847 1766 907; x_wconf 86' lang='lat' dir='ltr'>vel</span> <span class='ocrx_word' id='word_1_20' title='bbox 1793 847 1926 921; x_wconf 91' lang='lat' dir='ltr'>ipso</span> <span class='ocrx_word' id='word_1_21' title='bbox 1963 848 2108 904; x_wconf 87' lang='lat' dir='ltr'>tem-</span> 
     </span>
    </p>
   </div>
   <div class='ocr_carea' id='block_1_6' title="bbox 454 934 2106 1013">
    <p class='ocr_par' dir='ltr' id='par_1_6' title="bbox 454 934 2106 1013">
     <span class='ocr_line' id='line_1_6' title="bbox 454 934 2106 1013; baseline 0 -21"><span class='ocrx_word' id='word_1_22' title='bbox 454 934 540 1010; x_wconf 89' lang='lat' dir='ltr'>pli</span> <span class='ocrx_word' id='word_1_23' title='bbox 566 934 893 1010; x_wconf 91' lang='lat' dir='ltr'>pinnaculo</span> <span class='ocrx_word' id='word_1_24' title='bbox 909 937 1088 995; x_wconf 80' lang='lat' dir='ltr'>altius</span> <span class='ocrx_word' id='word_1_25' title='bbox 1133 955 1257 1013; x_wconf 81' lang='lat' dir='ltr'>prae</span> <span class='ocrx_word' id='word_1_26' title='bbox 1281 938 1442 997; x_wconf 82' lang='lat' dir='ltr'>fastu</span> <span class='ocrx_word' id='word_1_27' title='bbox 1455 939 1750 1010; x_wconf 85' lang='lat' dir='ltr'>attollens,</span> <span class='ocrx_word' id='word_1_28' title='bbox 1771 936 1852 996; x_wconf 92' lang='lat' dir='ltr'>ad</span> <span class='ocrx_word' id='word_1_29' title='bbox 1876 935 2106 1008; x_wconf 87' lang='lat' dir='ltr'>jactan-</span> 
     </span>
    </p>
   </div>
   <div class='ocr_carea' id='block_1_7' title="bbox 455 1023 2106 1103">
    <p class='ocr_par' dir='ltr' id='par_1_7' title="bbox 455 1023 2106 1103">
     <span class='ocr_line' id='line_1_7' title="bbox 455 1023 2106 1103; baseline -0.001 -20"><span class='ocrx_word' id='word_1_30' title='bbox 455 1025 600 1083; x_wconf 88' lang='lat' dir='ltr'>tiam</span> <span class='ocrx_word' id='word_1_31' title='bbox 615 1023 997 1084; x_wconf 90' lang='lat' dir='ltr'>Salomonem</span> <span class='ocrx_word' id='word_1_32' title='bbox 1008 1028 1278 1100; x_wconf 88' lang='lat' dir='ltr'>ejusdem</span> <span class='ocrx_word' id='word_1_33' title='bbox 1301 1028 1506 1103; x_wconf 81' lang='lat' dir='ltr'>templi</span> <span class='ocrx_word' id='word_1_34' title='bbox 1523 1031 1956 1086; x_wconf 82' lang='lat' dir='ltr'>exstructorem</span> <span class='ocrx_word' id='word_1_35' title='bbox 1981 1040 2106 1082; x_wconf 89' lang='lat' dir='ltr'>ser-</span> 
     </span>
    </p>
   </div>
   <div class='ocr_carea' id='block_1_8' title="bbox 457 1113 2108 1192">
    <p class='ocr_par' dir='ltr' id='par_1_8' title="bbox 457 1113 2108 1192">
     <span class='ocr_line' id='line_1_8' title="bbox 457 1113 2108 1192; baseline -0.001 -19"><span class='ocrx_word' id='word_1_36' title='bbox 457 1113 622 1173; x_wconf 87' lang='lat' dir='ltr'>moni</span> <span class='ocrx_word' id='word_1_37' title='bbox 650 1113 793 1175; x_wconf 87' lang='lat' dir='ltr'>velis</span> <span class='ocrx_word' id='word_1_38' title='bbox 822 1115 1154 1174; x_wconf 83' lang='lat' dir='ltr'>subinferre</span> <span class='ocrx_word' id='word_1_39' title='bbox 1177 1119 1516 1192; x_wconf 89' lang='lat' dir='ltr'>(enarrans)</span> <span class='ocrx_word' id='word_1_40' title='bbox 1542 1115 1853 1192; x_wconf 89' lang='lat' dir='ltr'>quomodo</span> <span class='ocrx_word' id='word_1_41' title='bbox 1878 1117 2108 1188; x_wconf 59' lang='lat' dir='ltr'>impono</span> 
     </span>
    </p>
   </div>
   <div class='ocr_carea' id='block_1_9' title="bbox 454 1203 2106 1282">
    <p class='ocr_par' dir='ltr' id='par_1_9' title="bbox 454 1203 2106 1282">
     <span class='ocr_line' id='line_1_9' title="bbox 454 1203 2106 1282; baseline 0.002 -24"><span class='ocrx_word' id='word_1_42' title='bbox 454 1203 764 1261; x_wconf 85' lang='lat' dir='ltr'>sisslmum</span> <span class='ocrx_word' id='word_1_43' title='bbox 794 1205 1061 1265; x_wconf 86' lang='lat' dir='ltr'>studium</span> <span class='ocrx_word' id='word_1_44' title='bbox 1085 1206 1164 1267; x_wconf 90' lang='lat' dir='ltr'>ad</span> <span class='ocrx_word' id='word_1_45' title='bbox 1195 1207 1297 1265; x_wconf 88' lang='lat' dir='ltr'>Dei</span> <span class='ocrx_word' id='word_1_46' title='bbox 1325 1207 1578 1282; x_wconf 81' lang='lat' dir='ltr'>gloriam</span> <span class='ocrx_word' id='word_1_47' title='bbox 1610 1205 1941 1272; x_wconf 78' lang='lat' dir='ltr'>contulerit,</span> <span class='ocrx_word' id='word_1_48' title='bbox 1985 1203 2106 1261; x_wconf 85' lang='lat' dir='ltr'>exi-</span> 
     </span>
    </p>
   </div>
   <div class='ocr_carea' id='block_1_10' title="bbox 455 1292 2105 1368">
    <p class='ocr_par' dir='ltr' id='par_1_10' title="bbox 455 1292 2105 1368">
     <span class='ocr_line' id='line_1_10' title="bbox 455 1292 2105 1368; baseline 0.001 -19"><span class='ocrx_word' id='word_1_49' title='bbox 455 1292 579 1350; x_wconf 88' lang='lat' dir='ltr'>mia</span> <span class='ocrx_word' id='word_1_50' title='bbox 595 1308 812 1368; x_wconf 87' lang='lat' dir='ltr'>nempe</span> <span class='ocrx_word' id='word_1_51' title='bbox 837 1298 962 1352; x_wconf 88' lang='lat' dir='ltr'>arte</span> <span class='ocrx_word' id='word_1_52' title='bbox 993 1296 1093 1353; x_wconf 85' lang='lat' dir='ltr'>Dei</span> <span class='ocrx_word' id='word_1_53' title='bbox 1123 1296 1579 1354; x_wconf 80' lang='lat' dir='ltr'>tabernaculum</span> <span class='ocrx_word' id='word_1_54' title='bbox 1594 1295 1754 1353; x_wconf 85' lang='lat' dir='ltr'>varie</span> <span class='ocrx_word' id='word_1_55' title='bbox 1778 1294 1909 1353; x_wconf 89' lang='lat' dir='ltr'>auri</span> <span class='ocrx_word' id='word_1_56' title='bbox 1937 1308 2105 1364; x_wconf 81' lang='lat' dir='ltr'>gem-</span> 
     </span>
    </p>
   </div>
   <div class='ocr_carea' id='block_1_11' title="bbox 455 1383 2103 1458">
    <p class='ocr_par' dir='ltr' id='par_1_11' title="bbox 455 1383 2103 1458">
     <span class='ocr_line' id='line_1_11' title="bbox 455 1383 2103 1458; baseline -0.001 -19"><span class='ocrx_word' id='word_1_57' title='bbox 455 1398 816 1458; x_wconf 90' lang='lat' dir='ltr'>marumque</span> <span class='ocrx_word' id='word_1_58' title='bbox 847 1385 1165 1458; x_wconf 85' lang='lat' dir='ltr'>splendore</span> <span class='ocrx_word' id='word_1_59' title='bbox 1191 1385 1668 1454; x_wconf 76' lang='lat' dir='ltr'>exornans,nihil</span> <span class='ocrx_word' id='word_1_60' title='bbox 1688 1401 1811 1444; x_wconf 91' lang='lat' dir='ltr'>non</span> <span class='ocrx_word' id='word_1_61' title='bbox 1839 1383 2103 1452; x_wconf 77' lang='lat' dir='ltr'>molitus,</span> 
     </span>
    </p>
   </div>
   <div class='ocr_carea' id='block_1_12' title="bbox 455 1471 2105 1545">
    <p class='ocr_par' dir='ltr' id='par_1_12' title="bbox 455 1471 2105 1545">
     <span class='ocr_line' id='line_1_12' title="bbox 455 1471 2105 1545; baseline 0.001 -17"><span class='ocrx_word' id='word_1_62' title='bbox 455 1471 994 1545; x_wconf 90' lang='lat' dir='ltr'>quodintuentium</span> <span class='ocrx_word' id='word_1_63' title='bbox 1039 1475 1248 1533; x_wconf 91' lang='lat' dir='ltr'>oculos</span> <span class='ocrx_word' id='word_1_64' title='bbox 1309 1475 1648 1539; x_wconf 87' lang='lat' dir='ltr'>delectaret.</span> <span class='ocrx_word' id='word_1_65' title='bbox 1705 1479 1763 1532; x_wconf 89' lang='lat' dir='ltr'>et</span> <span class='ocrx_word' id='word_1_66' title='bbox 1811 1487 2105 1532; x_wconf 88' lang='lat' dir='ltr'>manuum</span> 
     </span>
    </p>
   </div>
   <div class='ocr_carea' id='block_1_13' title="bbox 456 1560 2106 1636">
    <p class='ocr_par' dir='ltr' id='par_1_13' title="bbox 456 1560 2106 1636">
     <span class='ocr_line' id='line_1_13' title="bbox 456 1560 2106 1636; baseline 0.001 -19"><span class='ocrx_word' id='word_1_67' title='bbox 456 1560 774 1618; x_wconf 86' lang='lat' dir='ltr'>hominum</span> <span class='ocrx_word' id='word_1_68' title='bbox 800 1563 1083 1634; x_wconf 84' lang='lat' dir='ltr'>operibus</span> <span class='ocrx_word' id='word_1_69' title='bbox 1113 1565 1234 1621; x_wconf 89' lang='lat' dir='ltr'>Deo</span> <span class='ocrx_word' id='word_1_70' title='bbox 1263 1564 1527 1622; x_wconf 72' lang='lat' dir='ltr'>laetitiam</span> <span class='ocrx_word' id='word_1_71' title='bbox 1552 1565 1764 1622; x_wconf 70' lang='lat' dir='ltr'>afferre</span> <span class='ocrx_word' id='word_1_72' title='bbox 1807 1579 1869 1620; x_wconf 90' lang='lat' dir='ltr'>se</span> <span class='ocrx_word' id='word_1_73' title='bbox 1924 1577 2106 1636; x_wconf 91' lang='lat' dir='ltr'>posse</span> 
     </span>
    </p>
   </div>
   <div class='ocr_carea' id='block_1_14' title="bbox 455 1649 2106 1729">
    <p class='ocr_par' dir='ltr' id='par_1_14' title="bbox 455 1649 2106 1729">
     <span class='ocr_line' id='line_1_14' title="bbox 455 1649 2106 1729; baseline 0.002 -23"><span class='ocrx_word' id='word_1_74' title='bbox 455 1649 826 1722; x_wconf 83' lang='lat' dir='ltr'>existimans,</span> <span class='ocrx_word' id='word_1_75' title='bbox 848 1667 988 1709; x_wconf 89' lang='lat' dir='ltr'>cum</span> <span class='ocrx_word' id='word_1_76' title='bbox 1015 1653 1268 1726; x_wconf 87' lang='lat' dir='ltr'>ipsemet</span> <span class='ocrx_word' id='word_1_77' title='bbox 1296 1655 1401 1712; x_wconf 91' lang='lat' dir='ltr'>Dei</span> <span class='ocrx_word' id='word_1_78' title='bbox 1431 1671 1584 1729; x_wconf 88' lang='lat' dir='ltr'>opus</span> <span class='ocrx_word' id='word_1_79' title='bbox 1613 1653 1857 1728; x_wconf 84' lang='lat' dir='ltr'>reliquis</span> <span class='ocrx_word' id='word_1_80' title='bbox 1913 1650 2106 1709; x_wconf 89' lang='lat' dir='ltr'>omni-</span> 
     </span>
    </p>
   </div>
   <div class='ocr_carea' id='block_1_15' title="bbox 459 1740 2103 1813">
    <p class='ocr_par' dir='ltr' id='par_1_15' title="bbox 459 1740 2103 1813">
     <span class='ocr_line' id='line_1_15' title="bbox 459 1740 2103 1813; baseline 0.002 -17"><span class='ocrx_word' id='word_1_81' title='bbox 459 1740 574 1797; x_wconf 87' lang='lat' dir='ltr'>bus</span> <span class='ocrx_word' id='word_1_82' title='bbox 602 1740 947 1813; x_wconf 78' lang='lat' dir='ltr'>praecellens</span> <span class='ocrx_word' id='word_1_83' title='bbox 970 1742 1138 1810; x_wconf 83' lang='lat' dir='ltr'>foret,</span> <span class='ocrx_word' id='word_1_84' title='bbox 1167 1760 1238 1802; x_wconf 91' lang='lat' dir='ltr'>ac</span> <span class='ocrx_word' id='word_1_85' title='bbox 1261 1745 1452 1812; x_wconf 90' lang='lat' dir='ltr'>sciret,</span> <span class='ocrx_word' id='word_1_86' title='bbox 1488 1748 1674 1802; x_wconf 90' lang='lat' dir='ltr'>Deum</span> <span class='ocrx_word' id='word_1_87' title='bbox 1705 1750 1763 1801; x_wconf 90' lang='lat' dir='ltr'>et</span> <span class='ocrx_word' id='word_1_88' title='bbox 1791 1744 1968 1802; x_wconf 72' lang='lat' dir='ltr'>cwlos</span> <span class='ocrx_word' id='word_1_89' title='bbox 1996 1742 2103 1799; x_wconf 90' lang='lat' dir='ltr'>im-</span> 
     </span>
    </p>
   </div>
   <div class='ocr_carea' id='block_1_16' title="bbox 454 1830 1902 1908">
    <p class='ocr_par' dir='ltr' id='par_1_16' title="bbox 454 1830 1902 1908">
     <span class='ocr_line' id='line_1_16' title="bbox 454 1830 1902 1908; baseline 0.003 -22"><span class='ocrx_word' id='word_1_90' title='bbox 454 1830 624 1902; x_wconf 79' lang='lat' dir='ltr'>plere</span> <span class='ocrx_word' id='word_1_91' title='bbox 643 1831 778 1902; x_wconf 85' lang='lat' dir='ltr'>(l7),</span> <span class='ocrx_word' id='word_1_92' title='bbox 796 1846 1159 1907; x_wconf 89' lang='lat' dir='ltr'>omnemque</span> <span class='ocrx_word' id='word_1_93' title='bbox 1188 1839 1409 1892; x_wconf 89' lang='lat' dir='ltr'>terram</span> <span class='ocrx_word' id='word_1_94' title='bbox 1437 1835 1640 1908; x_wconf 90' lang='lat' dir='ltr'>palmo</span> <span class='ocrx_word' id='word_1_95' title='bbox 1669 1833 1862 1892; x_wconf 88' lang='lat' dir='ltr'>metiri</span> <span class='ocrx_word' id='word_1_96' title='bbox 1888 1851 1902 1902; x_wconf 92' lang='lat'><strong>;</strong></span> 
     </span>
    </p>
   </div>
   <div class='ocr_carea' id='block_1_17' title="bbox 531 1920 2100 1998">
    <p class='ocr_par' dir='ltr' id='par_1_17' title="bbox 531 1920 2100 1998">
     <span class='ocr_line' id='line_1_17' title="bbox 531 1920 2100 1998; baseline 0.001 -20"><span class='ocrx_word' id='word_1_97' title='bbox 531 1922 665 1978; x_wconf 72' lang='lat' dir='ltr'>Haec</span> <span class='ocrx_word' id='word_1_98' title='bbox 686 1920 734 1976; x_wconf 90' lang='lat' dir='ltr'>si</span> <span class='ocrx_word' id='word_1_99' title='bbox 753 1920 1178 1980; x_wconf 79' lang='lat' dir='ltr'>fastuoseforte</span> <span class='ocrx_word' id='word_1_100' title='bbox 1194 1924 1404 1996; x_wconf 89' lang='lat' dir='ltr'>jactes,</span> <span class='ocrx_word' id='word_1_101' title='bbox 1433 1927 1945 1998; x_wconf 81' lang='lat' dir='ltr'>CyrusPersarum</span> <span class='ocrx_word' id='word_1_102' title='bbox 1981 1937 2100 1988; x_wconf 84' lang='lat' dir='ltr'>rex,</span> 
     </span>
    </p>
   </div>
   <div class='ocr_carea' id='block_1_18' title="bbox 461 2009 2104 2086">
    <p class='ocr_par' dir='ltr' id='par_1_18' title="bbox 461 2009 2104 2086">
     <span class='ocr_line' id='line_1_18' title="bbox 461 2009 2104 2086; baseline 0.003 -21"><span class='ocrx_word' id='word_1_103' title='bbox 461 2009 552 2066; x_wconf 86' lang='lat' dir='ltr'>vir</span> <span class='ocrx_word' id='word_1_104' title='bbox 568 2009 703 2067; x_wconf 90' lang='lat' dir='ltr'>licet</span> <span class='ocrx_word' id='word_1_105' title='bbox 717 2009 1031 2071; x_wconf 87' lang='lat' dir='ltr'>idololatra</span> <span class='ocrx_word' id='word_1_106' title='bbox 1051 2013 1163 2086; x_wconf 87' lang='grc'><strong>(18)</strong></span> <span class='ocrx_word' id='word_1_107' title='bbox 1188 2019 1245 2070; x_wconf 92' lang='lat' dir='ltr'>et</span> <span class='ocrx_word' id='word_1_108' title='bbox 1264 2015 1738 2085; x_wconf 88' lang='lat' dir='ltr'>incircumcisus,</span> <span class='ocrx_word' id='word_1_109' title='bbox 1757 2029 1982 2071; x_wconf 88' lang='lat' dir='ltr'>vanum</span> <span class='ocrx_word' id='word_1_110' title='bbox 2018 2010 2104 2070; x_wconf 89' lang='lat' dir='ltr'>fa-</span> 
     </span>
    </p>
   </div>
   <div class='ocr_carea' id='block_1_19' title="bbox 460 2101 2108 2178">
    <p class='ocr_par' dir='ltr' id='par_1_19' title="bbox 460 2101 2108 2178">
     <span class='ocr_line' id='line_1_19' title="bbox 460 2101 2108 2178; baseline 0.002 -22"><span class='ocrx_word' id='word_1_111' title='bbox 460 2101 618 2156; x_wconf 84' lang='lat' dir='ltr'>stum</span> <span class='ocrx_word' id='word_1_112' title='bbox 642 2103 814 2157; x_wconf 90' lang='lat' dir='ltr'>tuum</span> <span class='ocrx_word' id='word_1_113' title='bbox 836 2102 1208 2177; x_wconf 87' lang='lat' dir='ltr'>comprimet.</span> <span class='ocrx_word' id='word_1_114' title='bbox 1241 2103 1344 2161; x_wconf 90' lang='lat' dir='ltr'>Hic</span> <span class='ocrx_word' id='word_1_115' title='bbox 1381 2104 1681 2178; x_wconf 86' lang='lat' dir='ltr'>siquidem</span> <span class='ocrx_word' id='word_1_116' title='bbox 1717 2101 2012 2177; x_wconf 90' lang='lat' dir='ltr'>templum</span> <span class='ocrx_word' id='word_1_117' title='bbox 2069 2116 2108 2159; x_wconf 89' lang='lat' dir='ltr'>a</span> 
     </span>
    </p>
   </div>
   <div class='ocr_carea' id='block_1_20' title="bbox 461 2188 2108 2263">
    <p class='ocr_par' dir='ltr' id='par_1_20' title="bbox 461 2188 2108 2263">
     <span class='ocr_line' id='line_1_20' title="bbox 461 2188 2108 2263; baseline 0.001 -17"><span class='ocrx_word' id='word_1_118' title='bbox 461 2188 781 2247; x_wconf 90' lang='lat' dir='ltr'>Salomone</span> <span class='ocrx_word' id='word_1_119' title='bbox 803 2191 1260 2263; x_wconf 83' lang='lat' dir='ltr'>exaediﬁcatum,</span> <span class='ocrx_word' id='word_1_120' title='bbox 1286 2193 1553 2251; x_wconf 88' lang='lat' dir='ltr'>dirutum</span> <span class='ocrx_word' id='word_1_121' title='bbox 1573 2192 1791 2252; x_wconf 89' lang='lat' dir='ltr'>deinde</span> <span class='ocrx_word' id='word_1_122' title='bbox 1813 2207 1883 2251; x_wconf 87' lang='lat' dir='ltr'>ac</span> <span class='ocrx_word' id='word_1_123' title='bbox 1913 2191 2108 2248; x_wconf 84' lang='lat' dir='ltr'>fundi-</span> 
     </span>
    </p>
   </div>
   <div class='ocr_carea' id='block_1_21' title="bbox 460 2281 2106 2358">
    <p class='ocr_par' dir='ltr' id='par_1_21' title="bbox 460 2281 2106 2358">
     <span class='ocr_line' id='line_1_21' title="bbox 460 2281 2106 2358; baseline 0.002 -24"><span class='ocrx_word' id='word_1_124' title='bbox 460 2281 555 2335; x_wconf 89' lang='lat' dir='ltr'>tus</span> <span class='ocrx_word' id='word_1_125' title='bbox 582 2295 878 2350; x_wconf 88' lang='lat' dir='ltr'>eversum,</span> <span class='ocrx_word' id='word_1_126' title='bbox 907 2281 1250 2352; x_wconf 79' lang='lat' dir='ltr'>ingentibus</span> <span class='ocrx_word' id='word_1_127' title='bbox 1278 2284 1410 2342; x_wconf 89' lang='lat' dir='ltr'>auri</span> <span class='ocrx_word' id='word_1_128' title='bbox 1424 2283 1796 2358; x_wconf 89' lang='lat' dir='ltr'>ponderibus</span> <span class='ocrx_word' id='word_1_129' title='bbox 1825 2287 1883 2340; x_wconf 92' lang='lat' dir='ltr'>et</span> <span class='ocrx_word' id='word_1_130' title='bbox 1901 2281 2106 2340; x_wconf 91' lang='lat' dir='ltr'>animo</span> 
     </span>
    </p>
   </div>
   <div class='ocr_carea' id='block_1_22' title="bbox 461 2369 2108 2447">
    <p class='ocr_par' dir='ltr' id='par_1_22' title="bbox 461 2369 2108 2447">
     <span class='ocr_line' id='line_1_22' title="bbox 461 2369 2108 2447; baseline 0.001 -23"><span class='ocrx_word' id='word_1_131' title='bbox 461 2369 724 2425; x_wconf 83' lang='lat' dir='ltr'>maxime</span> <span class='ocrx_word' id='word_1_132' title='bbox 749 2369 953 2440; x_wconf 86' lang='lat' dir='ltr'>alacri,</span> <span class='ocrx_word' id='word_1_133' title='bbox 979 2371 1076 2429; x_wconf 90' lang='lat' dir='ltr'>hic</span> <span class='ocrx_word' id='word_1_134' title='bbox 1100 2372 1372 2446; x_wconf 88' lang='lat' dir='ltr'>inquam,</span> <span class='ocrx_word' id='word_1_135' title='bbox 1404 2373 1592 2431; x_wconf 89' lang='lat' dir='ltr'>multo</span> <span class='ocrx_word' id='word_1_136' title='bbox 1648 2377 1786 2447; x_wconf 92' lang='lat' dir='ltr'>post</span> <span class='ocrx_word' id='word_1_137' title='bbox 1840 2376 2108 2445; x_wconf 90' lang='lat' dir='ltr'>tempore</span> 
     </span>
    </p>
   </div>
   <div class='ocr_carea' id='block_1_23' title="bbox 461 2457 2109 2537">
    <p class='ocr_par' dir='ltr' id='par_1_23' title="bbox 461 2457 2109 2537">
     <span class='ocr_line' id='line_1_23' title="bbox 461 2457 2109 2537; baseline 0.001 -23"><span class='ocrx_word' id='word_1_138' title='bbox 461 2457 662 2514; x_wconf 90' lang='lat' dir='ltr'>denuo</span> <span class='ocrx_word' id='word_1_139' title='bbox 691 2461 749 2516; x_wconf 91' lang='lat' dir='ltr'>et</span> <span class='ocrx_word' id='word_1_140' title='bbox 786 2460 969 2516; x_wconf 85' lang='lat' dir='ltr'>erexit</span> <span class='ocrx_word' id='word_1_141' title='bbox 1005 2465 1184 2534; x_wconf 90' lang='lat' dir='ltr'>atque</span> <span class='ocrx_word' id='word_1_142' title='bbox 1222 2463 1592 2534; x_wconf 78' lang='lat' dir='ltr'>instauravit,</span> <span class='ocrx_word' id='word_1_143' title='bbox 1632 2462 2047 2537; x_wconf 88' lang='lat' dir='ltr'>populumque</span> <span class='ocrx_word' id='word_1_144' title='bbox 2077 2475 2109 2516; x_wconf 88' lang='lat' dir='ltr'>e</span> 
     </span>
    </p>
   </div>
   <div class='ocr_carea' id='block_1_24' title="bbox 463 2545 2110 2622">
    <p class='ocr_par' dir='ltr' id='par_1_24' title="bbox 463 2545 2110 2622">
     <span class='ocr_line' id='line_1_24' title="bbox 463 2545 2110 2622; baseline 0.002 -20"><span class='ocrx_word' id='word_1_145' title='bbox 463 2545 801 2619; x_wconf 85' lang='lat' dir='ltr'>captivitate</span> <span class='ocrx_word' id='word_1_146' title='bbox 831 2547 890 2604; x_wconf 94' lang='lat' dir='ltr'>in</span> <span class='ocrx_word' id='word_1_147' title='bbox 922 2563 1096 2605; x_wconf 89' lang='lat' dir='ltr'>suam</span> <span class='ocrx_word' id='word_1_148' title='bbox 1137 2550 1392 2622; x_wconf 86' lang='lat' dir='ltr'>patriam</span> <span class='ocrx_word' id='word_1_149' title='bbox 1413 2551 1687 2610; x_wconf 88' lang='lat' dir='ltr'>restituit.</span> <span class='ocrx_word' id='word_1_150' title='bbox 1742 2551 2110 2609; x_wconf 75' lang='lat' dir='ltr'>sustinuistis</span> 
     </span>
    </p>
   </div>
   <div class='ocr_carea' id='block_1_25' title="bbox 463 2636 2112 2714">
    <p class='ocr_par' dir='ltr' id='par_1_25' title="bbox 463 2636 2112 2714">
     <span class='ocr_line' id='line_1_25' title="bbox 463 2636 2112 2714; baseline 0.002 -22"><span class='ocrx_word' id='word_1_151' title='bbox 463 2636 624 2692; x_wconf 91' lang='lat' dir='ltr'>enim</span> <span class='ocrx_word' id='word_1_152' title='bbox 652 2638 952 2708; x_wconf 82' lang='lat' dir='ltr'>quisimut</span> <span class='ocrx_word' id='word_1_153' title='bbox 971 2641 1486 2713; x_wconf 78' lang='lat' dir='ltr'>constristaretur,</span> <span class='ocrx_word' id='word_1_154' title='bbox 1526 2647 1584 2700; x_wconf 86' lang='lat' dir='ltr'>et</span> <span class='ocrx_word' id='word_1_155' title='bbox 1612 2659 1731 2699; x_wconf 84' lang='lat' dir='ltr'>non</span> <span class='ocrx_word' id='word_1_156' title='bbox 1764 2643 1912 2713; x_wconf 82' lang='lat' dir='ltr'>fuit;</span> <span class='ocrx_word' id='word_1_157' title='bbox 1929 2647 1985 2699; x_wconf 84' lang='lat' dir='ltr'>et</span> <span class='ocrx_word' id='word_1_158' title='bbox 2009 2643 2112 2714; x_wconf 79' lang='lat' dir='ltr'>qui</span> 
     </span>
    </p>
   </div>
   <div class='ocr_carea' id='block_1_26' title="bbox 463 2726 2112 2803">
    <p class='ocr_par' dir='ltr' id='par_1_26' title="bbox 463 2726 2112 2803">
     <span class='ocr_line' id='line_1_26' title="bbox 463 2726 2112 2803; baseline 0.004 -21"><span class='ocrx_word' id='word_1_159' title='bbox 463 2726 877 2783; x_wconf 81' lang='lat' dir='ltr'>consolaretur</span> <span class='ocrx_word' id='word_1_160' title='bbox 901 2730 1032 2799; x_wconf 90' lang='grc'><strong>(20),</strong></span> <span class='ocrx_word' id='word_1_161' title='bbox 1060 2733 1118 2786; x_wconf 86' lang='lat' dir='ltr'>et</span> <span class='ocrx_word' id='word_1_162' title='bbox 1142 2745 1212 2786; x_wconf 81' lang='lat' dir='ltr'>ex</span> <span class='ocrx_word' id='word_1_163' title='bbox 1244 2729 1521 2788; x_wconf 89' lang='lat' dir='ltr'>tribubus</span> <span class='ocrx_word' id='word_1_164' title='bbox 1542 2735 1749 2790; x_wconf 64' lang='lat' dir='ltr'>vestrae</span> <span class='ocrx_word' id='word_1_165' title='bbox 1778 2730 1970 2803; x_wconf 89' lang='lat' dir='ltr'>gentis</span> <span class='ocrx_word' id='word_1_166' title='bbox 2008 2745 2112 2789; x_wconf 86' lang='lat' dir='ltr'>ne-</span> 
     </span>
    </p>
   </div>
   <div class='ocr_carea' id='block_1_27' title="bbox 463 2818 2109 2894">
    <p class='ocr_par' dir='ltr' id='par_1_27' title="bbox 463 2818 2109 2894">
     <span class='ocr_line' id='line_1_27' title="bbox 463 2818 2109 2894; baseline 0.004 -23"><span class='ocrx_word' id='word_1_167' title='bbox 463 2830 558 2872; x_wconf 92' lang='lat' dir='ltr'>mo</span> <span class='ocrx_word' id='word_1_168' title='bbox 595 2831 752 2872; x_wconf 86' lang='lat' dir='ltr'>unus</span> <span class='ocrx_word' id='word_1_169' title='bbox 788 2818 1064 2876; x_wconf 82' lang='lat' dir='ltr'>inventus</span> <span class='ocrx_word' id='word_1_170' title='bbox 1102 2824 1203 2884; x_wconf 82' lang='lat' dir='ltr'>est;</span> <span class='ocrx_word' id='word_1_171' title='bbox 1244 2819 1340 2877; x_wconf 91' lang='lat' dir='ltr'>hic</span> <span class='ocrx_word' id='word_1_172' title='bbox 1377 2835 1539 2892; x_wconf 87' lang='lat' dir='ltr'>vero,</span> <span class='ocrx_word' id='word_1_173' title='bbox 1595 2821 1683 2878; x_wconf 87' lang='lat' dir='ltr'>vir</span> <span class='ocrx_word' id='word_1_174' title='bbox 1754 2821 2109 2894; x_wconf 81' lang='lat' dir='ltr'>alienigena,</span> 
     </span>
    </p>
   </div>
   <div class='ocr_carea' id='block_1_28' title="bbox 462 2903 1982 2986">
    <p class='ocr_par' dir='ltr' id='par_1_28' title="bbox 462 2903 1982 2986">
     <span class='ocr_line' id='line_1_28' title="bbox 462 2903 1982 2986; baseline 0.005 -25"><span class='ocrx_word' id='word_1_175' title='bbox 462 2903 803 2963; x_wconf 87' lang='lat' dir='ltr'>beneﬁcum</span> <span class='ocrx_word' id='word_1_176' title='bbox 842 2923 904 2965; x_wconf 90' lang='lat' dir='ltr'>se</span> <span class='ocrx_word' id='word_1_177' title='bbox 937 2908 1109 2966; x_wconf 89' lang='lat' dir='ltr'>vobis</span> <span class='ocrx_word' id='word_1_178' title='bbox 1134 2924 1204 2966; x_wconf 90' lang='lat' dir='ltr'>ac</span> <span class='ocrx_word' id='word_1_179' title='bbox 1233 2909 1676 2984; x_wconf 87' lang='lat' dir='ltr'>redemptorem</span> <span class='ocrx_word' id='word_1_180' title='bbox 1709 2910 1982 2986; x_wconf 65' lang='lat' dir='ltr'>prabuit.</span> 
     </span>
    </p>
   </div>
   <div class='ocr_carea' id='block_1_29' title="bbox 538 3085 2114 3164">
    <p class='ocr_par' dir='ltr' id='par_1_29' title="bbox 538 3085 2114 3164">
     <span class='ocr_line' id='line_1_29' title="bbox 538 3085 2114 3164; baseline 0.004 -22"><span class='ocrx_word' id='word_1_181' title='bbox 538 3085 713 3144; x_wconf 79' lang='lat' dir='ltr'>XXIV.</span> <span class='ocrx_word' id='word_1_182' title='bbox 746 3088 812 3143; x_wconf 72' lang='lat' dir='ltr'>Et</span> <span class='ocrx_word' id='word_1_183' title='bbox 862 3101 1009 3145; x_wconf 88' lang='lat' dir='ltr'>sane</span> <span class='ocrx_word' id='word_1_184' title='bbox 1034 3102 1140 3161; x_wconf 91' lang='lat' dir='ltr'>per</span> <span class='ocrx_word' id='word_1_185' title='bbox 1196 3104 1333 3146; x_wconf 90' lang='lat' dir='ltr'>eam</span> <span class='ocrx_word' id='word_1_186' title='bbox 1360 3088 1702 3162; x_wconf 88' lang='lat' dir='ltr'>Ecclesiam,</span> <span class='ocrx_word' id='word_1_187' title='bbox 1752 3105 1889 3164; x_wconf 72' lang='lat' dir='ltr'>quae</span> <span class='ocrx_word' id='word_1_188' title='bbox 1919 3095 2012 3148; x_wconf 86' lang='lat' dir='ltr'>est</span> <span class='ocrx_word' id='word_1_189' title='bbox 2039 3106 2114 3148; x_wconf 82' lang='lat' dir='ltr'>ex</span> 
     </span>
    </p>
   </div>
   <div class='ocr_carea' id='block_1_30' title="bbox 1601 355 2676 427">
    <p class='ocr_par' dir='ltr' id='par_1_30' title="bbox 1601 355 2676 427">
     <span class='ocr_line' id='line_1_30' title="bbox 1601 355 2676 427; baseline -0.011 -1"><span class='ocrx_word' id='word_1_190' title='bbox 1601 358 1914 427; x_wconf 74' lang='lat' dir='ltr'>GERMANI</span> <span class='ocrx_word' id='word_1_191' title='bbox 1949 355 1998 417; x_wconf 88' lang='grc' dir='ltr'>ῙῙ</span> <span class='ocrx_word' id='word_1_192' title='bbox 2037 356 2145 418; x_wconf 85' lang='lat' dir='ltr'>CP.</span> <span class='ocrx_word' id='word_1_193' title='bbox 2183 355 2676 426; x_wconf 65' lang='grc' dir='ltr'>ΡΛΤΒΙΑΒΟΗΕ.</span> 
     </span>
    </p>
   </div>
   <div class='ocr_carea' id='block_1_31' title="bbox 525 483 2184 558">
    <p class='ocr_par' dir='ltr' id='par_1_31' title="bbox 525 483 2184 558">
     <span class='ocr_line' id='line_1_31' title="bbox 525 483 2184 558; baseline -0.002 -14"><span class='ocrx_word' id='word_1_194' title='bbox 525 487 799 555; x_wconf 89' lang='lat' dir='ltr'>Posuisti,</span> <span class='ocrx_word' id='word_1_195' title='bbox 831 502 869 546; x_wconf 94' lang='lat' dir='ltr'>o</span> <span class='ocrx_word' id='word_1_196' title='bbox 905 487 1124 552; x_wconf 68' lang='lat' dir='ltr'>Iudaee.</span> <span class='ocrx_word' id='word_1_197' title='bbox 1171 488 1507 550; x_wconf 87' lang='lat' dir='ltr'>custodiam</span> <span class='ocrx_word' id='word_1_198' title='bbox 1534 488 1623 549; x_wconf 90' lang='lat' dir='ltr'>ori</span> <span class='ocrx_word' id='word_1_199' title='bbox 1667 491 1792 558; x_wconf 90' lang='lat' dir='ltr'>tuo,</span> <span class='ocrx_word' id='word_1_200' title='bbox 1831 484 2108 544; x_wconf 81' lang='lat' dir='ltr'>etfaciem</span> <span class='ocrx_word' id='word_1_201' title='bbox 2135 483 2184 541; x_wconf 78' lang='grc' dir='ltr'><strong>Α</strong></span> 
     </span>
    </p>
   </div>
   <div class='ocr_carea' id='block_1_32' title="bbox 3715 361 3848 418">
    <p class='ocr_par' dir='ltr' id='par_1_32' title="bbox 3715 361 3848 418">
     <span class='ocr_line' id='line_1_32' title="bbox 3715 361 3848 418; baseline 0.008 -1"><span class='ocrx_word' id='word_1_202' title='bbox 3715 361 3848 418; x_wconf 70' lang='grc'>’704</span> 
     </span>
    </p>
   </div>
   <div class='ocr_carea' id='block_1_33' title="bbox 2285 484 3842 563">
    <p class='ocr_par' dir='ltr' id='par_1_33' title="bbox 2285 484 3842 563">
     <span class='ocr_line' id='line_1_33' title="bbox 2285 484 3842 563; baseline 0 -22"><span class='ocrx_word' id='word_1_203' title='bbox 2285 484 2440 542; x_wconf 80' lang='grc' dir='ltr'>Ἐθου</span> <span class='ocrx_word' id='word_1_204' title='bbox 2470 495 2543 560; x_wconf 83' lang='grc' dir='ltr'>τῷ</span> <span class='ocrx_word' id='word_1_205' title='bbox 2572 490 2799 563; x_wconf 83' lang='grc' dir='ltr'>στόματί</span> <span class='ocrx_word' id='word_1_206' title='bbox 2856 506 2952 543; x_wconf 88' lang='grc' dir='ltr'>σου</span> <span class='ocrx_word' id='word_1_207' title='bbox 3016 487 3266 563; x_wconf 73' lang='grc' dir='ltr'>φυλακην,</span> <span class='ocrx_word' id='word_1_208' title='bbox 3324 484 3570 554; x_wconf 78' lang='grc' dir='ltr'>Ἰουδαῖε,</span> <span class='ocrx_word' id='word_1_209' title='bbox 3636 489 3738 541; x_wconf 80' lang='grc' dir='ltr'>καὶ</span> <span class='ocrx_word' id='word_1_210' title='bbox 3773 489 3842 541; x_wconf 86' lang='grc' dir='ltr'>τό</span> 
     </span>
    </p>
   </div>
   <div class='ocr_carea' id='block_1_34' title="bbox 2212 576 3836 654">
    <p class='ocr_par' dir='ltr' id='par_1_34' title="bbox 2212 576 3836 654">
     <span class='ocr_line' id='line_1_34' title="bbox 2212 576 3836 654; baseline -0.001 -24"><span class='ocrx_word' id='word_1_211' title='bbox 2212 579 2491 651; x_wconf 84' lang='grc' dir='ltr'>πρόσωπόν</span> <span class='ocrx_word' id='word_1_212' title='bbox 2550 597 2650 634; x_wconf 89' lang='grc' dir='ltr'>σου</span> <span class='ocrx_word' id='word_1_213' title='bbox 2707 579 2970 652; x_wconf 81' lang='grc' dir='ltr'>αἰσχύνης</span> <span class='ocrx_word' id='word_1_214' title='bbox 3031 582 3326 652; x_wconf 76' lang='grc' dir='ltr'>σκοτομήνῃ</span> <span class='ocrx_word' id='word_1_215' title='bbox 3402 576 3836 654; x_wconf 58' lang='grc' dir='ltr'>περιεκάλυψοις,</span> 
     </span>
    </p>
   </div>
   <div class='ocr_carea' id='block_1_35' title="bbox 2213 666 3833 742">
    <p class='ocr_par' dir='ltr' id='par_1_35' title="bbox 2213 666 3833 742">
     <span class='ocr_line' id='line_1_35' title="bbox 2213 666 3833 742; baseline -0.001 -22"><span class='ocrx_word' id='word_1_216' title='bbox 2213 673 2313 721; x_wconf 80' lang='grc' dir='ltr'>τῶν</span> <span class='ocrx_word' id='word_1_217' title='bbox 2377 673 2662 742; x_wconf 75' lang='grc' dir='ltr'>φωστόρων</span> <span class='ocrx_word' id='word_1_218' title='bbox 2731 676 2831 723; x_wconf 84' lang='grc' dir='ltr'>τῶν</span> <span class='ocrx_word' id='word_1_219' title='bbox 2888 667 3122 742; x_wconf 70' lang='grc' dir='ltr'>μεγάλων</span> <span class='ocrx_word' id='word_1_220' title='bbox 3187 669 3382 722; x_wconf 81' lang='grc' dir='ltr'>τούτων</span> <span class='ocrx_word' id='word_1_221' title='bbox 3445 671 3534 721; x_wconf 90' lang='grc' dir='ltr'>τόν</span> <span class='ocrx_word' id='word_1_222' title='bbox 3619 666 3833 722; x_wconf 79' lang='grc' dir='ltr'>ἑαυτῶν</span> 
     </span>
    </p>
   </div>
   <div class='ocr_carea' id='block_1_36' title="bbox 2215 751 3060 816">
    <p class='ocr_par' dir='ltr' id='par_1_36' title="bbox 2215 751 3060 816">
     <span class='ocr_line' id='line_1_36' title="bbox 2215 751 3060 816; baseline -0.001 -5"><span class='ocrx_word' id='word_1_223' title='bbox 2215 751 2469 816; x_wconf 83' lang='grc' dir='ltr'>δηλοποιη</span> <span class='ocrx_word' id='word_1_224' title='bbox 2479 759 2683 811; x_wconf 80' lang='grc' dir='ltr'>σάντων</span> <span class='ocrx_word' id='word_1_225' title='bbox 2709 777 2794 812; x_wconf 89' lang='grc' dir='ltr'>σοι</span> <span class='ocrx_word' id='word_1_226' title='bbox 2813 761 3060 816; x_wconf 76' lang='grc' dir='ltr'>ποιητήν.</span> 
     </span>
    </p>
   </div>
   <div class='ocr_carea' id='block_1_37' title="bbox 2288 845 3831 923">
    <p class='ocr_par' dir='ltr' id='par_1_37' title="bbox 2288 845 3831 923">
     <span class='ocr_line' id='line_1_37' title="bbox 2288 845 3831 923; baseline -0.001 -22"><span class='ocrx_word' id='word_1_227' title='bbox 2288 845 2401 904; x_wconf 73' lang='grc' dir='ltr'>ΚΓ.</span> <span class='ocrx_word' id='word_1_228' title='bbox 2461 845 2530 902; x_wconf 77' lang='grc' dir='ltr'>’Ἠ</span> <span class='ocrx_word' id='word_1_229' title='bbox 2585 851 2675 902; x_wconf 87' lang='grc' dir='ltr'>καὶ</span> <span class='ocrx_word' id='word_1_230' title='bbox 2708 847 2862 902; x_wconf 79' lang='grc' dir='ltr'>πάλιν</span> <span class='ocrx_word' id='word_1_231' title='bbox 2903 851 2998 907; x_wconf 77' lang='grc' dir='ltr'>τὴν</span> <span class='ocrx_word' id='word_1_232' title='bbox 3054 845 3212 923; x_wconf 74' lang='grc' dir='ltr'>ὀφρὺν</span> <span class='ocrx_word' id='word_1_233' title='bbox 3255 849 3421 923; x_wconf 81' lang='grc' dir='ltr'>αἴρεις</span> <span class='ocrx_word' id='word_1_234' title='bbox 3484 845 3831 920; x_wconf 72' lang='grc' dir='ltr'>ὑψηλοτέραν</span> 
     </span>
    </p>
   </div>
   <div class='ocr_carea' id='block_1_38' title="bbox 2211 933 3830 1012">
    <p class='ocr_par' dir='ltr' id='par_1_38' title="bbox 2211 933 3830 1012">
     <span class='ocr_line' id='line_1_38' title="bbox 2211 933 3830 1012; baseline 0 -24"><span class='ocrx_word' id='word_1_235' title='bbox 2211 941 2304 989; x_wconf 88' lang='grc' dir='ltr'>τοῦ</span> <span class='ocrx_word' id='word_1_236' title='bbox 2337 937 2495 1010; x_wconf 83' lang='grc' dir='ltr'>ἱεροῦ,</span> <span class='ocrx_word' id='word_1_237' title='bbox 2541 937 2628 992; x_wconf 88' lang='grc' dir='ltr'>τόν</span> <span class='ocrx_word' id='word_1_238' title='bbox 2685 933 2964 1012; x_wconf 76' lang='grc' dir='ltr'>οἰκοδόμον</span> <span class='ocrx_word' id='word_1_239' title='bbox 3003 933 3160 991; x_wconf 79' lang='grc' dir='ltr'>τοῦδε</span> <span class='ocrx_word' id='word_1_240' title='bbox 3208 935 3509 1008; x_wconf 83' lang='grc' dir='ltr'>Σολομῶντα</span> <span class='ocrx_word' id='word_1_241' title='bbox 3551 935 3620 996; x_wconf 88' lang='grc' dir='ltr'>εἰς</span> <span class='ocrx_word' id='word_1_242' title='bbox 3681 937 3830 988; x_wconf 82' lang='grc' dir='ltr'>καύ-</span> 
     </span>
    </p>
   </div>
   <div class='ocr_carea' id='block_1_39' title="bbox 2211 1020 3830 1101">
    <p class='ocr_par' dir='ltr' id='par_1_39' title="bbox 2211 1020 3830 1101">
     <span class='ocr_line' id='line_1_39' title="bbox 2211 1020 3830 1101; baseline 0.003 -23"><span class='ocrx_word' id='word_1_243' title='bbox 2211 1044 2371 1099; x_wconf 88' lang='grc' dir='ltr'>χημα</span> <span class='ocrx_word' id='word_1_244' title='bbox 2431 1034 2505 1098; x_wconf 83' lang='grc' dir='ltr'>τῷ</span> <span class='ocrx_word' id='word_1_245' title='bbox 2565 1025 2702 1101; x_wconf 72' lang='grc' dir='ltr'>λόγῳ</span> <span class='ocrx_word' id='word_1_246' title='bbox 2761 1025 3122 1101; x_wconf 82' lang='grc' dir='ltr'>παρεισκυλῶν</span> <span class='ocrx_word' id='word_1_247' title='bbox 3147 1047 3160 1061; x_wconf 75' lang='grc'><strong><em>⁸</em></strong></span> <span class='ocrx_word' id='word_1_248' title='bbox 3230 1025 3368 1090; x_wconf 87' lang='grc' dir='ltr'>ὃπως</span> <span class='ocrx_word' id='word_1_249' title='bbox 3422 1044 3477 1080; x_wconf 87' lang='grc' dir='ltr'>τε</span> <span class='ocrx_word' id='word_1_250' title='bbox 3573 1020 3830 1083; x_wconf 69' lang='grc' dir='ltr'>σπουδήν</span> 
     </span>
    </p>
   </div>
   <div class='ocr_carea' id='block_1_40' title="bbox 2213 1112 3829 1191">
    <p class='ocr_par' dir='ltr' id='par_1_40' title="bbox 2213 1112 3829 1191">
     <span class='ocr_line' id='line_1_40' title="bbox 2213 1112 3829 1191; baseline -0.001 -24"><span class='ocrx_word' id='word_1_251' title='bbox 2213 1114 2530 1191; x_wconf 81' lang='grc' dir='ltr'>ὑπέρθερμον</span> <span class='ocrx_word' id='word_1_252' title='bbox 2589 1115 2924 1172; x_wconf 77' lang='grc' dir='ltr'>κατεϐάλλετο</span> <span class='ocrx_word' id='word_1_253' title='bbox 2979 1115 3047 1178; x_wconf 83' lang='grc' dir='ltr'>εἰς</span> <span class='ocrx_word' id='word_1_254' title='bbox 3104 1112 3262 1180; x_wconf 82' lang='grc' dir='ltr'>δόξαν</span> <span class='ocrx_word' id='word_1_255' title='bbox 3322 1121 3476 1181; x_wconf 90' lang='grc' dir='ltr'>Θεοῦ,</span> <span class='ocrx_word' id='word_1_256' title='bbox 3530 1113 3829 1168; x_wconf 80' lang='grc' dir='ltr'>ποικίλλων</span> 
     </span>
    </p>
   </div>
   <div class='ocr_carea' id='block_1_41' title="bbox 2211 1204 3833 1280">
    <p class='ocr_par' dir='ltr' id='par_1_41' title="bbox 2211 1204 3833 1280">
     <span class='ocr_line' id='line_1_41' title="bbox 2211 1204 3833 1280; baseline -0.001 -23"><span class='ocrx_word' id='word_1_257' title='bbox 2211 1206 2271 1257; x_wconf 92' lang='grc' dir='ltr'>τό</span> <span class='ocrx_word' id='word_1_258' title='bbox 2291 1212 2384 1257; x_wconf 84' lang='grc' dir='ltr'>τοῦ</span> <span class='ocrx_word' id='word_1_259' title='bbox 2437 1212 2570 1260; x_wconf 87' lang='grc' dir='ltr'>Θεοῦ</span> <span class='ocrx_word' id='word_1_260' title='bbox 2621 1210 2874 1280; x_wconf 81' lang='grc' dir='ltr'>σκήνωμα</span> <span class='ocrx_word' id='word_1_261' title='bbox 2913 1205 3318 1278; x_wconf 86' lang='grc' dir='ltr'>καλλιτεχνίαις,</span> <span class='ocrx_word' id='word_1_262' title='bbox 3350 1204 3620 1280; x_wconf 77' lang='grc' dir='ltr'>εὑχροίαις</span> <span class='ocrx_word' id='word_1_263' title='bbox 3667 1223 3833 1277; x_wconf 81' lang='grc' dir='ltr'>χρυ-</span> 
     </span>
    </p>
   </div>
   <div class='ocr_carea' id='block_1_42' title="bbox 2215 1293 3834 1369">
    <p class='ocr_par' dir='ltr' id='par_1_42' title="bbox 2215 1293 3834 1369">
     <span class='ocr_line' id='line_1_42' title="bbox 2215 1293 3834 1369; baseline -0.001 -22"><span class='ocrx_word' id='word_1_264' title='bbox 2215 1300 2334 1365; x_wconf 84' lang='grc' dir='ltr'>σοῦ,</span> <span class='ocrx_word' id='word_1_265' title='bbox 2392 1293 2659 1368; x_wconf 84' lang='grc' dir='ltr'>εὑχροίαις</span> <span class='ocrx_word' id='word_1_266' title='bbox 2707 1293 2884 1364; x_wconf 88' lang='grc' dir='ltr'>λίθων,</span> <span class='ocrx_word' id='word_1_267' title='bbox 2933 1293 3267 1369; x_wconf 68' lang='grc' dir='ltr'>ἀνθρωπίνων</span> <span class='ocrx_word' id='word_1_268' title='bbox 3319 1293 3483 1366; x_wconf 72' lang='grc' dir='ltr'>ὄψεων</span> <span class='ocrx_word' id='word_1_269' title='bbox 3554 1293 3834 1368; x_wconf 67' lang='grc' dir='ltr'>θέλγητρα</span> 
     </span>
    </p>
   </div>
   <div class='ocr_carea' id='block_1_43' title="bbox 2211 1383 3832 1462">
    <p class='ocr_par' dir='ltr' id='par_1_43' title="bbox 2211 1383 3832 1462">
     <span class='ocr_line' id='line_1_43' title="bbox 2211 1383 3832 1462; baseline -0.001 -25"><span class='ocrx_word' id='word_1_270' title='bbox 2211 1386 2382 1438; x_wconf 73' lang='grc' dir='ltr'>πάντα</span> <span class='ocrx_word' id='word_1_271' title='bbox 2440 1383 2869 1459; x_wconf 73' lang='grc' dir='ltr'>ἐπιτεχνώμενος,</span> <span class='ocrx_word' id='word_1_272' title='bbox 2919 1389 3009 1439; x_wconf 81' lang='grc' dir='ltr'>καὶ</span> <span class='ocrx_word' id='word_1_273' title='bbox 3069 1393 3265 1462; x_wconf 81' lang='grc' dir='ltr'>χειρῶν</span> <span class='ocrx_word' id='word_1_274' title='bbox 3329 1383 3664 1458; x_wconf 78' lang='grc' dir='ltr'>ἀνθρωπίνων</span> <span class='ocrx_word' id='word_1_275' title='bbox 3731 1387 3832 1458; x_wconf 81' lang='grc' dir='ltr'>ἕρ-</span> 
     </span>
    </p>
   </div>
   <div class='ocr_carea' id='block_1_44' title="bbox 2211 1471 3830 1549">
    <p class='ocr_par' dir='ltr' id='par_1_44' title="bbox 2211 1471 3830 1549">
     <span class='ocr_line' id='line_1_44' title="bbox 2211 1471 3830 1549; baseline -0.001 -22"><span class='ocrx_word' id='word_1_276' title='bbox 2211 1491 2324 1546; x_wconf 71' lang='grc' dir='ltr'>γοις</span> <span class='ocrx_word' id='word_1_277' title='bbox 2344 1476 2431 1527; x_wconf 85' lang='grc' dir='ltr'>τόν</span> <span class='ocrx_word' id='word_1_278' title='bbox 2459 1477 2586 1528; x_wconf 84' lang='grc' dir='ltr'>Θεὸν</span> <span class='ocrx_word' id='word_1_279' title='bbox 2624 1471 2834 1534; x_wconf 74' lang='grc' dir='ltr'>ἡδύνειν</span> <span class='ocrx_word' id='word_1_280' title='bbox 2890 1474 3141 1548; x_wconf 85' lang='grc' dir='ltr'>οἰόμενος,</span> <span class='ocrx_word' id='word_1_281' title='bbox 3194 1473 3348 1535; x_wconf 82' lang='grc' dir='ltr'>αὐτὸς</span> <span class='ocrx_word' id='word_1_282' title='bbox 3400 1475 3550 1549; x_wconf 69' lang='grc' dir='ltr'>ἔργον</span> <span class='ocrx_word' id='word_1_283' title='bbox 3598 1473 3669 1524; x_wconf 79' lang='grc' dir='ltr'>ὧν</span> <span class='ocrx_word' id='word_1_284' title='bbox 3721 1479 3830 1526; x_wconf 87' lang='grc' dir='ltr'>τοῦ</span> 
     </span>
    </p>
   </div>
   <div class='ocr_carea' id='block_1_45' title="bbox 2212 1559 3834 1639">
    <p class='ocr_par' dir='ltr' id='par_1_45' title="bbox 2212 1559 3834 1639">
     <span class='ocr_line' id='line_1_45' title="bbox 2212 1559 3834 1639; baseline 0 -23"><span class='ocrx_word' id='word_1_285' title='bbox 2212 1569 2347 1618; x_wconf 82' lang='grc' dir='ltr'>Θεοῦ</span> <span class='ocrx_word' id='word_1_286' title='bbox 2376 1566 2435 1618; x_wconf 91' lang='grc' dir='ltr'>τό</span> <span class='ocrx_word' id='word_1_287' title='bbox 2463 1565 2669 1617; x_wconf 82' lang='grc' dir='ltr'>πάντων</span> <span class='ocrx_word' id='word_1_288' title='bbox 2695 1563 2976 1639; x_wconf 71' lang='grc' dir='ltr'>ἐξαίρετον,</span> <span class='ocrx_word' id='word_1_289' title='bbox 3001 1569 3093 1618; x_wconf 82' lang='grc' dir='ltr'>καὶ</span> <span class='ocrx_word' id='word_1_290' title='bbox 3121 1565 3244 1618; x_wconf 88' lang='grc' dir='ltr'>Θεόν</span> <span class='ocrx_word' id='word_1_291' title='bbox 3303 1559 3458 1625; x_wconf 72' lang='grc' dir='ltr'>εἰδὼς</span> <span class='ocrx_word' id='word_1_292' title='bbox 3507 1563 3597 1615; x_wconf 90' lang='grc' dir='ltr'>τόν</span> <span class='ocrx_word' id='word_1_293' title='bbox 3658 1561 3834 1636; x_wconf 76' lang='grc' dir='ltr'>οὐρα·</span> 
     </span>
    </p>
   </div>
   <div class='ocr_carea' id='block_1_46' title="bbox 2211 1651 3830 1728">
    <p class='ocr_par' dir='ltr' id='par_1_46' title="bbox 2211 1651 3830 1728">
     <span class='ocr_line' id='line_1_46' title="bbox 2211 1651 3830 1728; baseline 0.002 -24"><span class='ocrx_word' id='word_1_294' title='bbox 2211 1655 2294 1708; x_wconf 87' lang='grc' dir='ltr'>νόν</span> <span class='ocrx_word' id='word_1_295' title='bbox 2352 1651 2668 1728; x_wconf 83' lang='grc' dir='ltr'>πληροῦντα,</span> <span class='ocrx_word' id='word_1_296' title='bbox 2714 1658 2804 1708; x_wconf 84' lang='grc' dir='ltr'>καὶ</span> <span class='ocrx_word' id='word_1_297' title='bbox 2846 1657 2940 1714; x_wconf 85' lang='grc' dir='ltr'>τὴν</span> <span class='ocrx_word' id='word_1_298' title='bbox 2989 1661 3090 1728; x_wconf 68' lang='grc' dir='ltr'>γῆν</span> <span class='ocrx_word' id='word_1_299' title='bbox 3130 1659 3306 1711; x_wconf 79' lang='grc' dir='ltr'>πᾶσαν</span> <span class='ocrx_word' id='word_1_300' title='bbox 3352 1657 3647 1728; x_wconf 82' lang='grc' dir='ltr'>μετριῶντα</span> <span class='ocrx_word' id='word_1_301' title='bbox 3701 1651 3830 1724; x_wconf 78' lang='grc'><strong>(15)</strong></span> 
     </span>
    </p>
   </div>
   <div class='ocr_carea' id='block_1_47' title="bbox 2210 1743 2701 1821">
    <p class='ocr_par' dir='ltr' id='par_1_47' title="bbox 2210 1743 2701 1821">
     <span class='ocr_line' id='line_1_47' title="bbox 2210 1743 2701 1821; baseline 0.014 -27"><span class='ocrx_word' id='word_1_302' title='bbox 2210 1749 2276 1817; x_wconf 69' lang='grc' dir='ltr'>τῇ</span> <span class='ocrx_word' id='word_1_303' title='bbox 2307 1744 2545 1821; x_wconf 71' lang='grc' dir='ltr'>σπιθαμῇ</span> <span class='ocrx_word' id='word_1_304' title='bbox 2569 1743 2701 1816; x_wconf 85' lang='grc'><strong>(16).</strong></span> 
     </span>
    </p>
   </div>
   <div class='ocr_carea' id='block_1_48' title="bbox 2288 1920 3830 1999">
    <p class='ocr_par' dir='ltr' id='par_1_48' title="bbox 2288 1920 3830 1999">
     <span class='ocr_line' id='line_1_48' title="bbox 2288 1920 3830 1999; baseline -0.003 -23"><span class='ocrx_word' id='word_1_305' title='bbox 2288 1921 2402 1976; x_wconf 79' lang='grc' dir='ltr'>Ἐὰν</span> <span class='ocrx_word' id='word_1_306' title='bbox 2428 1920 2511 1976; x_wconf 83' lang='grc' dir='ltr'>έπὶ</span> <span class='ocrx_word' id='word_1_307' title='bbox 2554 1925 2761 1987; x_wconf 87' lang='grc' dir='ltr'>τοὺτοις</span> <span class='ocrx_word' id='word_1_308' title='bbox 2806 1923 3107 1998; x_wconf 73' lang='grc' dir='ltr'>κομπάζης,</span> <span class='ocrx_word' id='word_1_309' title='bbox 3151 1929 3316 1999; x_wconf 74' lang='grc' dir='ltr'>Κῦρος</span> <span class='ocrx_word' id='word_1_310' title='bbox 3364 1923 3391 1976; x_wconf 97' lang='lat'>6</span> <span class='ocrx_word' id='word_1_311' title='bbox 3444 1927 3546 1975; x_wconf 83' lang='grc' dir='ltr'>τῶν</span> <span class='ocrx_word' id='word_1_312' title='bbox 3597 1926 3830 1997; x_wconf 78' lang='grc' dir='ltr'>Περσῶν</span> 
     </span>
    </p>
   </div>
   <div class='ocr_carea' id='block_1_49' title="bbox 2215 2009 3831 2089">
    <p class='ocr_par' dir='ltr' id='par_1_49' title="bbox 2215 2009 3831 2089">
     <span class='ocr_line' id='line_1_49' title="bbox 2215 2009 3831 2089; baseline -0.001 -26"><span class='ocrx_word' id='word_1_313' title='bbox 2215 2009 2462 2084; x_wconf 74' lang='grc' dir='ltr'>βασιλεὺς</span> <span class='ocrx_word' id='word_1_314' title='bbox 2517 2015 2575 2066; x_wconf 90' lang='grc' dir='ltr'>τό</span> <span class='ocrx_word' id='word_1_315' title='bbox 2651 2015 2899 2089; x_wconf 73' lang='grc' dir='ltr'>φρύαγμα</span> <span class='ocrx_word' id='word_1_316' title='bbox 2961 2011 3276 2067; x_wconf 79' lang='grc' dir='ltr'>κατασϐέσει</span> <span class='ocrx_word' id='word_1_317' title='bbox 3343 2030 3461 2081; x_wconf 88' lang='grc' dir='ltr'>σου,</span> <span class='ocrx_word' id='word_1_318' title='bbox 3543 2011 3831 2086; x_wconf 79' lang='grc' dir='ltr'>ἄνθρωπος</span> 
     </span>
    </p>
   </div>
   <div class='ocr_carea' id='block_1_50' title="bbox 2215 2095 3831 2180">
    <p class='ocr_par' dir='ltr' id='par_1_50' title="bbox 2215 2095 3831 2180">
     <span class='ocr_line' id='line_1_50' title="bbox 2215 2095 3831 2180; baseline -0.001 -26"><span class='ocrx_word' id='word_1_319' title='bbox 2215 2095 2593 2178; x_wconf 75' lang='grc' dir='ltr'>εἰδωλολάτρης</span> <span class='ocrx_word' id='word_1_320' title='bbox 2669 2107 2758 2157; x_wconf 78' lang='grc' dir='ltr'>καὶ</span> <span class='ocrx_word' id='word_1_321' title='bbox 2815 2102 3186 2180; x_wconf 75' lang='grc' dir='ltr'>ἀπερίτμητος.</span> <span class='ocrx_word' id='word_1_322' title='bbox 3235 2103 3307 2156; x_wconf 90' lang='grc' dir='ltr'>Τό</span> <span class='ocrx_word' id='word_1_323' title='bbox 3361 2102 3464 2176; x_wconf 72' lang='grc' dir='ltr'>γὰρ</span> <span class='ocrx_word' id='word_1_324' title='bbox 3510 2101 3614 2154; x_wconf 82' lang='grc' dir='ltr'>ὑπό</span> <span class='ocrx_word' id='word_1_325' title='bbox 3656 2099 3831 2153; x_wconf 75' lang='grc' dir='ltr'>Σολο-</span> 
     </span>
    </p>
   </div>
   <div class='ocr_carea' id='block_1_51' title="bbox 2213 2186 3831 2268">
    <p class='ocr_par' dir='ltr' id='par_1_51' title="bbox 2213 2186 3831 2268">
     <span class='ocr_line' id='line_1_51' title="bbox 2213 2186 3831 2268; baseline 0 -27"><span class='ocrx_word' id='word_1_326' title='bbox 2213 2197 2412 2262; x_wconf 88' lang='grc' dir='ltr'>μῶντος</span> <span class='ocrx_word' id='word_1_327' title='bbox 2464 2188 2725 2268; x_wconf 70' lang='grc' dir='ltr'>ἀνεγερθεν</span> <span class='ocrx_word' id='word_1_328' title='bbox 2777 2194 2929 2267; x_wconf 82' lang='grc' dir='ltr'>ἱερὸν,</span> <span class='ocrx_word' id='word_1_329' title='bbox 2987 2191 3359 2268; x_wconf 73' lang='grc' dir='ltr'>κατερειπωθεν</span> <span class='ocrx_word' id='word_1_330' title='bbox 3414 2193 3506 2242; x_wconf 84' lang='grc' dir='ltr'>καὶ</span> <span class='ocrx_word' id='word_1_331' title='bbox 3577 2186 3831 2262; x_wconf 59' lang='lat' dir='ltr'>inferiaru-</span> 
     </span>
    </p>
   </div>
   <div class='ocr_carea' id='block_1_52' title="bbox 2217 2278 3828 2357">
    <p class='ocr_par' dir='ltr' id='par_1_52' title="bbox 2217 2278 3828 2357">
     <span class='ocr_line' id='line_1_52' title="bbox 2217 2278 3828 2357; baseline -0.002 -25"><span class='ocrx_word' id='word_1_332' title='bbox 2217 2279 2299 2332; x_wconf 70' lang='grc' dir='ltr'>θεν</span> <span class='ocrx_word' id='word_1_333' title='bbox 2346 2279 2417 2342; x_wconf 81' lang='grc' dir='ltr'>εἰς</span> <span class='ocrx_word' id='word_1_334' title='bbox 2459 2282 2517 2332; x_wconf 89' lang='grc' dir='ltr'>τό</span> <span class='ocrx_word' id='word_1_335' title='bbox 2569 2279 2829 2353; x_wconf 61' lang='grc' dir='ltr'>παντελὲς,</span> <span class='ocrx_word' id='word_1_336' title='bbox 2894 2280 3309 2357; x_wconf 83' lang='grc' dir='ltr'>βαρυταλὰντοις</span> <span class='ocrx_word' id='word_1_337' title='bbox 3359 2278 3534 2340; x_wconf 86' lang='grc' dir='ltr'>όλκαῖς</span> <span class='ocrx_word' id='word_1_338' title='bbox 3575 2282 3828 2352; x_wconf 86' lang='grc' dir='ltr'>χρυσίου</span> 
     </span>
    </p>
   </div>
   <div class='ocr_carea' id='block_1_53' title="bbox 2215 2367 3832 2446">
    <p class='ocr_par' dir='ltr' id='par_1_53' title="bbox 2215 2367 3832 2446">
     <span class='ocr_line' id='line_1_53' title="bbox 2215 2367 3832 2446; baseline -0.001 -25"><span class='ocrx_word' id='word_1_339' title='bbox 2215 2367 2484 2443; x_wconf 68' lang='grc' dir='ltr'>καὶψυχῇ</span> <span class='ocrx_word' id='word_1_340' title='bbox 2521 2371 3008 2446; x_wconf 75' lang='grc' dir='ltr'>θερμοτόιτη,οὖτος</span> <span class='ocrx_word' id='word_1_341' title='bbox 3067 2375 3291 2446; x_wconf 79' lang='grc' dir='ltr'>μακροῖς</span> <span class='ocrx_word' id='word_1_342' title='bbox 3335 2370 3551 2444; x_wconf 80' lang='grc' dir='ltr'>ὕστερον</span> <span class='ocrx_word' id='word_1_343' title='bbox 3599 2371 3832 2441; x_wconf 79' lang='grc' dir='ltr'>χρόνοις</span> 
     </span>
    </p>
   </div>
   <div class='ocr_carea' id='block_1_54' title="bbox 2217 2455 3833 2530">
    <p class='ocr_par' dir='ltr' id='par_1_54' title="bbox 2217 2455 3833 2530">
     <span class='ocr_line' id='line_1_54' title="bbox 2217 2455 3833 2530; baseline 0 -21"><span class='ocrx_word' id='word_1_344' title='bbox 2217 2455 2527 2520; x_wconf 82' lang='grc' dir='ltr'>ίξανέστησέ</span> <span class='ocrx_word' id='word_1_345' title='bbox 2567 2479 2621 2512; x_wconf 90' lang='grc' dir='ltr'>τε</span> <span class='ocrx_word' id='word_1_346' title='bbox 2669 2465 2760 2513; x_wconf 85' lang='grc' dir='ltr'>καὶ</span> <span class='ocrx_word' id='word_1_347' title='bbox 2816 2462 3149 2530; x_wconf 78' lang='grc' dir='ltr'>ἀνενεώσατο,</span> <span class='ocrx_word' id='word_1_348' title='bbox 3209 2464 3301 2513; x_wconf 85' lang='grc' dir='ltr'>καὶ</span> <span class='ocrx_word' id='word_1_349' title='bbox 3368 2463 3457 2518; x_wconf 74' lang='grc' dir='ltr'>τὴν</span> <span class='ocrx_word' id='word_1_350' title='bbox 3531 2456 3833 2530; x_wconf 82' lang='grc' dir='ltr'>αἰχμαλω-</span> 
     </span>
    </p>
   </div>
   <div class='ocr_carea' id='block_1_55' title="bbox 2224 2545 3833 2625">
    <p class='ocr_par' dir='ltr' id='par_1_55' title="bbox 2224 2545 3833 2625">
     <span class='ocr_line' id='line_1_55' title="bbox 2224 2545 3833 2625; baseline 0.003 -26"><span class='ocrx_word' id='word_1_351' title='bbox 2224 2550 2342 2600; x_wconf 86' lang='grc' dir='ltr'>σίαν</span> <span class='ocrx_word' id='word_1_352' title='bbox 2405 2555 2497 2604; x_wconf 85' lang='grc' dir='ltr'>τοῦ</span> <span class='ocrx_word' id='word_1_353' title='bbox 2556 2547 2682 2602; x_wconf 86' lang='grc' dir='ltr'>λαοῦ</span> <span class='ocrx_word' id='word_1_354' title='bbox 2744 2557 2805 2622; x_wconf 73' lang='grc' dir='ltr'>τῇ</span> <span class='ocrx_word' id='word_1_355' title='bbox 2864 2549 3030 2623; x_wconf 81' lang='grc' dir='ltr'>οἰκείᾳ</span> <span class='ocrx_word' id='word_1_356' title='bbox 3091 2545 3315 2625; x_wconf 78' lang='grc' dir='ltr'>πατρίδι</span> <span class='ocrx_word' id='word_1_357' title='bbox 3367 2546 3833 2604; x_wconf 76' lang='grc' dir='ltr'>ἀποκατέστησεν.</span> 
     </span>
    </p>
   </div>
   <div class='ocr_carea' id='block_1_56' title="bbox 2222 2633 3832 2714">
    <p class='ocr_par' dir='ltr' id='par_1_56' title="bbox 2222 2633 3832 2714">
     <span class='ocr_line' id='line_1_56' title="bbox 2222 2633 3832 2714; baseline -0.001 -25"><span class='ocrx_word' id='word_1_358' title='bbox 2222 2633 2549 2708; x_wconf 85' lang='grc' dir='ltr'>’Υπεμείνατε</span> <span class='ocrx_word' id='word_1_359' title='bbox 2629 2640 2733 2714; x_wconf 73' lang='grc' dir='ltr'>γὰρ</span> <span class='ocrx_word' id='word_1_360' title='bbox 2827 2638 3259 2713; x_wconf 67' lang='grc' dir='ltr'>ωλλυποὺμενον,</span> <span class='ocrx_word' id='word_1_361' title='bbox 3341 2643 3432 2692; x_wconf 83' lang='grc' dir='ltr'>καὶ</span> <span class='ocrx_word' id='word_1_362' title='bbox 3516 2635 3624 2710; x_wconf 79' lang='grc' dir='ltr'>οὑχ</span> <span class='ocrx_word' id='word_1_363' title='bbox 3722 2637 3832 2688; x_wconf 86' lang='grc' dir='ltr'>ὑπ-</span> 
     </span>
    </p>
   </div>
   <div class='ocr_carea' id='block_1_57' title="bbox 2223 2723 3832 2804">
    <p class='ocr_par' dir='ltr' id='par_1_57' title="bbox 2223 2723 3832 2804">
     <span class='ocr_line' id='line_1_57' title="bbox 2223 2723 3832 2804; baseline -0.001 -26"><span class='ocrx_word' id='word_1_364' title='bbox 2223 2724 2383 2800; x_wconf 76' lang='grc' dir='ltr'>ῆρξε·</span> <span class='ocrx_word' id='word_1_365' title='bbox 2415 2731 2620 2780; x_wconf 80' lang='grc' dir='ltr'>καὶτὸν</span> <span class='ocrx_word' id='word_1_366' title='bbox 2673 2729 3095 2804; x_wconf 75' lang='grc' dir='ltr'>παρακαλοῦντα,</span> <span class='ocrx_word' id='word_1_367' title='bbox 3160 2732 3252 2781; x_wconf 81' lang='grc' dir='ltr'>καὶ</span> <span class='ocrx_word' id='word_1_368' title='bbox 3325 2727 3431 2800; x_wconf 82' lang='grc' dir='ltr'>οὑχ</span> <span class='ocrx_word' id='word_1_369' title='bbox 3507 2726 3685 2800; x_wconf 71' lang='grc' dir='ltr'>εὕρετο</span> <span class='ocrx_word' id='word_1_370' title='bbox 3737 2723 3832 2777; x_wconf 71' lang='grc' dir='ltr'>ἀπ’</span> 
     </span>
    </p>
   </div>
   <div class='ocr_carea' id='block_1_58' title="bbox 2222 2811 3833 2894">
    <p class='ocr_par' dir='ltr' id='par_1_58' title="bbox 2222 2811 3833 2894">
     <span class='ocr_line' id='line_1_58' title="bbox 2222 2811 3833 2894; baseline -0.001 -27"><span class='ocrx_word' id='word_1_371' title='bbox 2222 2811 2469 2888; x_wconf 70' lang='grc' dir='ltr'>οὐδεμιᾶς</span> <span class='ocrx_word' id='word_1_372' title='bbox 2493 2824 2591 2869; x_wconf 84' lang='grc' dir='ltr'>τῶν</span> <span class='ocrx_word' id='word_1_373' title='bbox 2621 2824 2713 2870; x_wconf 86' lang='grc' dir='ltr'>τοῦ</span> <span class='ocrx_word' id='word_1_374' title='bbox 2743 2819 2994 2894; x_wconf 73' lang='grc' dir='ltr'>ἡμετέρου</span> <span class='ocrx_word' id='word_1_375' title='bbox 3023 2821 3198 2890; x_wconf 73' lang='grc' dir='ltr'>γένους</span> <span class='ocrx_word' id='word_1_376' title='bbox 3227 2815 3395 2890; x_wconf 74' lang='grc' dir='ltr'>φυλῶν</span> <span class='ocrx_word' id='word_1_377' title='bbox 3417 2836 3433 2850; x_wconf 88' lang='grc'><strong>·</strong></span> <span class='ocrx_word' id='word_1_378' title='bbox 3484 2816 3513 2868; x_wconf 89' lang='lat'>6</span> <span class='ocrx_word' id='word_1_379' title='bbox 3559 2811 3621 2869; x_wconf 65' lang='grc' dir='ltr'>δε</span> <span class='ocrx_word' id='word_1_380' title='bbox 3669 2811 3833 2866; x_wconf 80' lang='grc' dir='ltr'>ἁλλο-</span> 
     </span>
    </p>
   </div>
   <div class='ocr_carea' id='block_1_59' title="bbox 2220 2903 3828 2983">
    <p class='ocr_par' dir='ltr' id='par_1_59' title="bbox 2220 2903 3828 2983">
     <span class='ocr_line' id='line_1_59' title="bbox 2220 2903 3828 2983; baseline 0.004 -27"><span class='ocrx_word' id='word_1_381' title='bbox 2220 2910 2369 2978; x_wconf 69' lang='grc' dir='ltr'>γενὴς</span> <span class='ocrx_word' id='word_1_382' title='bbox 2425 2905 2571 2968; x_wconf 78' lang='grc' dir='ltr'>οὗτος</span> <span class='ocrx_word' id='word_1_383' title='bbox 2635 2907 2901 2982; x_wconf 76' lang='grc' dir='ltr'>ἄνθρωπος</span> <span class='ocrx_word' id='word_1_384' title='bbox 2972 2907 3240 2983; x_wconf 71' lang='grc' dir='ltr'>εὐεργέτης</span> <span class='ocrx_word' id='word_1_385' title='bbox 3317 2907 3436 2980; x_wconf 79' lang='grc' dir='ltr'>ὑμῖν</span> <span class='ocrx_word' id='word_1_386' title='bbox 3523 2903 3828 2980; x_wconf 74' lang='grc' dir='ltr'>ἐγνωρίσθη</span> 
     </span>
    </p>
   </div>
   <div class='ocr_carea' id='block_1_60' title="bbox 2221 2994 3037 3070">
    <p class='ocr_par' dir='ltr' id='par_1_60' title="bbox 2221 2994 3037 3070">
     <span class='ocr_line' id='line_1_60' title="bbox 2221 2994 3037 3070; baseline 0.005 -22"><span class='ocrx_word' id='word_1_387' title='bbox 2221 2998 2309 3048; x_wconf 86' lang='grc' dir='ltr'>καὶ</span> <span class='ocrx_word' id='word_1_388' title='bbox 2335 2994 2567 3070; x_wconf 83' lang='grc' dir='ltr'>λυτρωτή</span> <span class='ocrx_word' id='word_1_389' title='bbox 2581 3015 2622 3058; x_wconf 90' lang='grc' dir='ltr'>ς.</span> <span class='ocrx_word' id='word_1_390' title='bbox 3030 3013 3037 3019; x_wconf 93' lang='grc'>·</span> 
     </span>
    </p>
   </div>
   <div class='ocr_carea' id='block_1_61' title="bbox 2295 3082 3830 3162">
    <p class='ocr_par' dir='ltr' id='par_1_61' title="bbox 2295 3082 3830 3162">
     <span class='ocr_line' id='line_1_61' title="bbox 2295 3082 3830 3162; baseline -0.004 -22"><span class='ocrx_word' id='word_1_391' title='bbox 2295 3084 2408 3143; x_wconf 80' lang='grc' dir='ltr'>ΚΔ’.</span> <span class='ocrx_word' id='word_1_392' title='bbox 2443 3087 2538 3140; x_wconf 84' lang='grc' dir='ltr'>Διά</span> <span class='ocrx_word' id='word_1_393' title='bbox 2562 3094 2653 3148; x_wconf 80' lang='grc' dir='ltr'>τῆς</span> <span class='ocrx_word' id='word_1_394' title='bbox 2681 3084 2734 3151; x_wconf 78' lang='grc' dir='ltr'>ἐξ</span> <span class='ocrx_word' id='word_1_395' title='bbox 2752 3084 2906 3140; x_wconf 75' lang='grc' dir='ltr'>ἐθνῶν</span> <span class='ocrx_word' id='word_1_396' title='bbox 2964 3087 3067 3162; x_wconf 70' lang='grc' dir='ltr'>γὰρ</span> <span class='ocrx_word' id='word_1_397' title='bbox 3115 3083 3429 3147; x_wconf 86' lang='grc' dir='ltr'>Ἐκκλησίας</span> <span class='ocrx_word' id='word_1_398' title='bbox 3481 3087 3572 3136; x_wconf 84' lang='grc' dir='ltr'>καὶ</span> <span class='ocrx_word' id='word_1_399' title='bbox 3621 3082 3671 3136; x_wconf 85' lang='grc' dir='ltr'>οἱ</span> <span class='ocrx_word' id='word_1_400' title='bbox 3733 3088 3830 3136; x_wconf 84' lang='grc' dir='ltr'>τοῦ</span> 
     </span>
    </p>
   </div>
   <div class='ocr_carea' id='block_1_62' title="bbox 459 3172 2110 3262">
    <p class='ocr_par' dir='ltr' id='par_1_62' title="bbox 459 3173 2110 3253">
     <span class='ocr_line' id='line_1_62' title="bbox 459 3173 2110 3253; baseline 0.005 -23"><span class='ocrx_word' id='word_1_401' title='bbox 459 3173 758 3246; x_wconf 79' lang='lat' dir='ltr'>gentibus,</span> <span class='ocrx_word' id='word_1_402' title='bbox 787 3175 893 3233; x_wconf 87' lang='lat' dir='ltr'>ﬁlii</span> <span class='ocrx_word' id='word_1_403' title='bbox 921 3192 1164 3250; x_wconf 80' lang='lat' dir='ltr'>quoque</span> <span class='ocrx_word' id='word_1_404' title='bbox 1213 3177 1391 3236; x_wconf 86' lang='lat' dir='ltr'>Israel</span> <span class='ocrx_word' id='word_1_405' title='bbox 1445 3180 1713 3252; x_wconf 89' lang='lat' dir='ltr'>quotidie</span> <span class='ocrx_word' id='word_1_406' title='bbox 1777 3178 1857 3236; x_wconf 88' lang='lat' dir='ltr'>ad</span> <span class='ocrx_word' id='word_1_407' title='bbox 1921 3179 2110 3253; x_wconf 89' lang='lat' dir='ltr'>pristi-</span> 
     </span>
    </p>
   </div>
   <div class='ocr_carea' id='block_1_63' title="bbox 2233 3172 3829 3262">
    <p class='ocr_par' dir='ltr' id='par_1_63' title="bbox 2233 3172 3829 3252">
     <span class='ocr_line' id='line_1_63' title="bbox 2233 3172 3829 3252; baseline -0.001 -25"><span class='ocrx_word' id='word_1_408' title='bbox 2233 3174 2438 3248; x_wconf 81' lang='grc' dir='ltr'>Ἰσραὴλ</span> <span class='ocrx_word' id='word_1_409' title='bbox 2474 3172 2660 3238; x_wconf 77' lang='grc' dir='ltr'>παῖδες</span> <span class='ocrx_word' id='word_1_410' title='bbox 2685 3179 2810 3249; x_wconf 86' lang='grc' dir='ltr'>πρός</span> <span class='ocrx_word' id='word_1_411' title='bbox 2865 3180 2960 3236; x_wconf 77' lang='grc' dir='ltr'>τὴν</span> <span class='ocrx_word' id='word_1_412' title='bbox 3019 3179 3273 3252; x_wconf 89' lang='grc' dir='ltr'>προτέραν</span> <span class='ocrx_word' id='word_1_413' title='bbox 3328 3174 3678 3248; x_wconf 85' lang='grc' dir='ltr'>κληρονομίαν</span> <span class='ocrx_word' id='word_1_414' title='bbox 3730 3178 3829 3226; x_wconf 85' lang='grc' dir='ltr'>τοῦ</span> 
     </span>
    </p>
   </div>
   <div class='ocr_carea' id='block_1_64' title="bbox 461 3264 2105 3337">
    <p class='ocr_par' dir='ltr' id='par_1_64' title="bbox 461 3264 2105 3337">
     <span class='ocr_line' id='line_1_64' title="bbox 461 3264 2105 3337; baseline 0.002 -14"><span class='ocrx_word' id='word_1_415' title='bbox 461 3279 606 3323; x_wconf 86' lang='lat' dir='ltr'>nam</span> <span class='ocrx_word' id='word_1_416' title='bbox 634 3264 900 3337; x_wconf 89' lang='lat' dir='ltr'>paradisi</span> <span class='ocrx_word' id='word_1_417' title='bbox 927 3265 1333 3325; x_wconf 83' lang='lat' dir='ltr'>hasreditatem</span> <span class='ocrx_word' id='word_1_418' title='bbox 1359 3274 1652 3328; x_wconf 87' lang='lat' dir='ltr'>vocantur</span> <span class='ocrx_word' id='word_1_419' title='bbox 1663 3269 2105 3328; x_wconf 87' lang='lat' dir='ltr'>etintroducun-</span> 
     </span>
    </p>
   </div>
   <div class='ocr_carea' id='block_1_65' title="bbox 466 3355 2112 3432">
    <p class='ocr_par' dir='ltr' id='par_1_65' title="bbox 466 3355 2112 3432">
     <span class='ocr_line' id='line_1_65' title="bbox 466 3355 2112 3432; baseline 0.003 -21"><span class='ocrx_word' id='word_1_420' title='bbox 466 3357 580 3411; x_wconf 89' lang='lat' dir='ltr'>tur.</span> <span class='ocrx_word' id='word_1_421' title='bbox 614 3359 692 3409; x_wconf 87' lang='lat' dir='ltr'>Ac</span> <span class='ocrx_word' id='word_1_422' title='bbox 721 3355 1008 3427; x_wconf 88' lang='lat' dir='ltr'>templum</span> <span class='ocrx_word' id='word_1_423' title='bbox 1023 3356 1382 3428; x_wconf 88' lang='lat' dir='ltr'>animatum,</span> <span class='ocrx_word' id='word_1_424' title='bbox 1397 3359 1561 3432; x_wconf 91' lang='lat' dir='ltr'>quod</span> <span class='ocrx_word' id='word_1_425' title='bbox 1577 3359 1969 3418; x_wconf 87' lang='lat' dir='ltr'>Nabuzardan</span> <span class='ocrx_word' id='word_1_426' title='bbox 1993 3361 2112 3432; x_wconf 88' lang='grc'><strong>(21)</strong></span> 
     </span>
    </p>
   </div>
   <div class='ocr_carea' id='block_1_66' title="bbox 467 3443 2116 3516">
    <p class='ocr_par' dir='ltr' id='par_1_66' title="bbox 467 3443 2116 3516">
     <span class='ocr_line' id='line_1_66' title="bbox 467 3443 2116 3516; baseline 0.004 -17"><span class='ocrx_word' id='word_1_427' title='bbox 467 3443 802 3500; x_wconf 89' lang='lat' dir='ltr'>accendens</span> <span class='ocrx_word' id='word_1_428' title='bbox 823 3445 1218 3516; x_wconf 90' lang='lat' dir='ltr'>cupiditatum</span> <span class='ocrx_word' id='word_1_429' title='bbox 1245 3447 1557 3507; x_wconf 87' lang='lat' dir='ltr'>ﬂammam</span> <span class='ocrx_word' id='word_1_430' title='bbox 1587 3450 1824 3507; x_wconf 86' lang='lat' dir='ltr'>animas</span> <span class='ocrx_word' id='word_1_431' title='bbox 1852 3450 1978 3516; x_wconf 80' lang='lat' dir='ltr'>dire</span> <span class='ocrx_word' id='word_1_432' title='bbox 2009 3450 2116 3507; x_wconf 77' lang='lat' dir='ltr'>fce-</span> 
     </span>
    </p>
   </div>
   <div class='ocr_carea' id='block_1_67' title="bbox 466 3531 2116 3610">
    <p class='ocr_par' dir='ltr' id='par_1_67' title="bbox 466 3531 2116 3610">
     <span class='ocr_line' id='line_1_67' title="bbox 466 3531 2116 3610; baseline 0.007 -23"><span class='ocrx_word' id='word_1_433' title='bbox 466 3531 735 3602; x_wconf 86' lang='lat' dir='ltr'>dantem,</span> <span class='ocrx_word' id='word_1_434' title='bbox 756 3533 1034 3590; x_wconf 90' lang='lat' dir='ltr'>incendio</span> <span class='ocrx_word' id='word_1_435' title='bbox 1073 3535 1518 3610; x_wconf 87' lang='lat' dir='ltr'>absumpserat,</span> <span class='ocrx_word' id='word_1_436' title='bbox 1553 3539 1812 3596; x_wconf 89' lang='lat' dir='ltr'>Verbum</span> <span class='ocrx_word' id='word_1_437' title='bbox 1841 3540 2116 3599; x_wconf 89' lang='lat' dir='ltr'>omnium</span> 
     </span>
    </p>
   </div>
   <div class='ocr_carea' id='block_1_68' title="bbox 466 3621 2118 3699">
    <p class='ocr_par' dir='ltr' id='par_1_68' title="bbox 466 3621 2118 3699">
     <span class='ocr_line' id='line_1_68' title="bbox 466 3621 2118 3699; baseline 0.005 -22"><span class='ocrx_word' id='word_1_438' title='bbox 466 3621 740 3678; x_wconf 90' lang='lat' dir='ltr'>conditor</span> <span class='ocrx_word' id='word_1_439' title='bbox 775 3625 954 3695; x_wconf 89' lang='lat' dir='ltr'>atque</span> <span class='ocrx_word' id='word_1_440' title='bbox 983 3623 1213 3688; x_wconf 83' lang='lat' dir='ltr'>artifex,</span> <span class='ocrx_word' id='word_1_441' title='bbox 1252 3631 1522 3690; x_wconf 89' lang='lat' dir='ltr'>renovat,</span> <span class='ocrx_word' id='word_1_442' title='bbox 1592 3629 1650 3683; x_wconf 86' lang='lat' dir='ltr'>et</span> <span class='ocrx_word' id='word_1_443' title='bbox 1681 3628 2118 3699; x_wconf 90' lang='lat' dir='ltr'>jucundissime</span> 
     </span>
    </p>
   </div>
   <div class='ocr_carea' id='block_1_69' title="bbox 467 3709 2116 3790">
    <p class='ocr_par' dir='ltr' id='par_1_69' title="bbox 467 3709 2116 3790">
     <span class='ocr_line' id='line_1_69' title="bbox 467 3709 2116 3790; baseline 0.006 -24"><span class='ocrx_word' id='word_1_444' title='bbox 467 3713 733 3782; x_wconf 84' lang='lat' dir='ltr'>exornat,</span> <span class='ocrx_word' id='word_1_445' title='bbox 766 3709 911 3767; x_wconf 91' lang='lat' dir='ltr'>illud</span> <span class='ocrx_word' id='word_1_446' title='bbox 939 3712 1000 3768; x_wconf 91' lang='lat' dir='ltr'>in</span> <span class='ocrx_word' id='word_1_447' title='bbox 1031 3714 1352 3787; x_wconf 90' lang='lat' dir='ltr'>semetipso</span> <span class='ocrx_word' id='word_1_448' title='bbox 1377 3716 1642 3773; x_wconf 86' lang='lat' dir='ltr'>excitans</span> <span class='ocrx_word' id='word_1_449' title='bbox 1697 3717 2116 3790; x_wconf 85' lang='lat' dir='ltr'>purissimum,</span> 
     </span>
    </p>
   </div>
   <div class='ocr_carea' id='block_1_70' title="bbox 469 3799 2119 3880">
    <p class='ocr_par' dir='ltr' id='par_1_70' title="bbox 469 3799 2119 3880">
     <span class='ocr_line' id='line_1_70' title="bbox 469 3799 2119 3880; baseline 0.005 -24"><span class='ocrx_word' id='word_1_450' title='bbox 469 3799 936 3871; x_wconf 87' lang='lat' dir='ltr'>sanctissimum,</span> <span class='ocrx_word' id='word_1_451' title='bbox 969 3800 1499 3873; x_wconf 87' lang='lat' dir='ltr'>fulgentissimum.</span> <span class='ocrx_word' id='word_1_452' title='bbox 1530 3807 1758 3880; x_wconf 89' lang='lat' dir='ltr'>Ecquid</span> <span class='ocrx_word' id='word_1_453' title='bbox 1774 3807 1934 3864; x_wconf 91' lang='lat' dir='ltr'>enim</span> <span class='ocrx_word' id='word_1_454' title='bbox 1955 3807 2119 3866; x_wconf 90' lang='lat' dir='ltr'>aliud</span> 
     </span>
    </p>
   </div>
   <div class='ocr_carea' id='block_1_71' title="bbox 469 3889 2118 3970">
    <p class='ocr_par' dir='ltr' id='par_1_71' title="bbox 469 3889 2118 3970">
     <span class='ocr_line' id='line_1_71' title="bbox 469 3889 2118 3970; baseline 0.005 -25"><span class='ocrx_word' id='word_1_455' title='bbox 469 3894 557 3946; x_wconf 89' lang='lat' dir='ltr'>est</span> <span class='ocrx_word' id='word_1_456' title='bbox 580 3889 872 3962; x_wconf 89' lang='lat' dir='ltr'>templum</span> <span class='ocrx_word' id='word_1_457' title='bbox 901 3889 1016 3947; x_wconf 92' lang='lat' dir='ltr'>hoc</span> <span class='ocrx_word' id='word_1_458' title='bbox 1041 3892 1359 3963; x_wconf 85' lang='lat' dir='ltr'>excitasse,</span> <span class='ocrx_word' id='word_1_459' title='bbox 1389 3909 1576 3968; x_wconf 87' lang='lat' dir='ltr'>quam</span> <span class='ocrx_word' id='word_1_460' title='bbox 1594 3895 1971 3954; x_wconf 83' lang='lat' dir='ltr'>deiﬁcatione</span> <span class='ocrx_word' id='word_1_461' title='bbox 2002 3897 2118 3970; x_wconf 86' lang='grc'><strong>(22)</strong></span> 
     </span>
    </p>
   </div>
   <div class='ocr_carea' id='block_1_72' title="bbox 467 3978 2120 4060">
    <p class='ocr_par' dir='ltr' id='par_1_72' title="bbox 467 3978 2120 4060">
     <span class='ocr_line' id='line_1_72' title="bbox 467 3978 2120 4060; baseline 0.007 -25"><span class='ocrx_word' id='word_1_462' title='bbox 467 3978 692 4037; x_wconf 85' lang='lat' dir='ltr'>factum</span> <span class='ocrx_word' id='word_1_463' title='bbox 722 3980 905 4037; x_wconf 85' lang='lat' dir='ltr'>fuisse</span> <span class='ocrx_word' id='word_1_464' title='bbox 935 3983 1122 4040; x_wconf 90' lang='lat' dir='ltr'>Deum</span> <span class='ocrx_word' id='word_1_465' title='bbox 1151 3988 1209 4040; x_wconf 89' lang='lat' dir='ltr'>et</span> <span class='ocrx_word' id='word_1_466' title='bbox 1252 3983 1522 4042; x_wconf 87' lang='lat' dir='ltr'>divinam</span> <span class='ocrx_word' id='word_1_467' title='bbox 1579 3985 1832 4058; x_wconf 86' lang='lat' dir='ltr'>gloriam</span> <span class='ocrx_word' id='word_1_468' title='bbox 1884 3988 2120 4060; x_wconf 62' lang='lat' dir='ltr'>perﬁcio</span> 
     </span>
    </p>
   </div>
   <div class='ocr_carea' id='block_1_73' title="bbox 467 4073 2115 4150">
    <p class='ocr_par' dir='ltr' id='par_1_73' title="bbox 467 4073 2115 4150">
     <span class='ocr_line' id='line_1_73' title="bbox 467 4073 2115 4150; baseline 0.007 -26"><span class='ocrx_word' id='word_1_469' title='bbox 467 4073 691 4143; x_wconf 85' lang='lat' dir='ltr'>passe?</span> <span class='ocrx_word' id='word_1_470' title='bbox 720 4073 862 4138; x_wconf 79' lang='lat' dir='ltr'>Quae</span> <span class='ocrx_word' id='word_1_471' title='bbox 893 4076 1094 4130; x_wconf 91' lang='lat' dir='ltr'>autem</span> <span class='ocrx_word' id='word_1_472' title='bbox 1164 4074 1325 4146; x_wconf 91' lang='lat' dir='ltr'>(huic</span> <span class='ocrx_word' id='word_1_473' title='bbox 1384 4074 1608 4148; x_wconf 84' lang='lat' dir='ltr'>templo</span> <span class='ocrx_word' id='word_1_474' title='bbox 1659 4076 2115 4150; x_wconf 66' lang='lat' dir='ltr'>exmdiﬁcando)</span> 
     </span>
    </p>
   </div>
   <div class='ocr_carea' id='block_1_74' title="bbox 467 4159 2117 4238">
    <p class='ocr_par' dir='ltr' id='par_1_74' title="bbox 467 4159 2117 4238">
     <span class='ocr_line' id='line_1_74' title="bbox 467 4159 2117 4238; baseline 0.005 -22"><span class='ocrx_word' id='word_1_475' title='bbox 467 4159 842 4232; x_wconf 89' lang='lat' dir='ltr'>purissimam</span> <span class='ocrx_word' id='word_1_476' title='bbox 852 4163 1166 4220; x_wconf 85' lang='lat' dir='ltr'>materiam</span> <span class='ocrx_word' id='word_1_477' title='bbox 1179 4164 1522 4238; x_wconf 90' lang='lat' dir='ltr'>suppeditat</span> <span class='ocrx_word' id='word_1_478' title='bbox 1544 4166 2117 4238; x_wconf 72' lang='lat' dir='ltr'>,prasstantissimum</span> 
     </span>
    </p>
   </div>
   <div class='ocr_carea' id='block_1_75' title="bbox 470 4340 2113 4414">
    <p class='ocr_par' dir='ltr' id='par_1_75' title="bbox 470 4340 2113 4414">
     <span class='ocr_line' id='line_1_75' title="bbox 470 4340 2113 4414; baseline 0.007 -21"><span class='ocrx_word' id='word_1_479' title='bbox 470 4340 704 4414; x_wconf 75' lang='grc' dir='ltr'>ἄναρχος</span> <span class='ocrx_word' id='word_1_480' title='bbox 722 4340 1010 4414; x_wconf 84' lang='lat' dir='ltr'>dicendus</span> <span class='ocrx_word' id='word_1_481' title='bbox 1033 4342 1107 4397; x_wconf 88' lang='lat' dir='ltr'>sit</span> <span class='ocrx_word' id='word_1_482' title='bbox 1133 4344 1238 4397; x_wconf 88' lang='lat' dir='ltr'>aut</span> <span class='ocrx_word' id='word_1_483' title='bbox 1261 4357 1382 4398; x_wconf 92' lang='lat' dir='ltr'>non</span> <span class='ocrx_word' id='word_1_484' title='bbox 1407 4342 1720 4413; x_wconf 89' lang='lat' dir='ltr'>dicendus,</span> <span class='ocrx_word' id='word_1_485' title='bbox 1739 4345 1918 4402; x_wconf 89' lang='lat' dir='ltr'>tradit</span> <span class='ocrx_word' id='word_1_486' title='bbox 1940 4349 2113 4414; x_wconf 91' lang='lat' dir='ltr'>(orat.</span> 
     </span>
    </p>
   </div>
   <div class='ocr_carea' id='block_1_76' title="bbox 471 4412 2118 4502">
    <p class='ocr_par' dir='ltr' id='par_1_76' title="bbox 471 4412 2118 4502">
     <span class='ocr_line' id='line_1_76' title="bbox 471 4412 2118 4502; baseline 0.026 -35"><span class='ocrx_word' id='word_1_487' title='bbox 471 4412 618 4496; x_wconf 63' lang='grc' dir='ltr'>δονζὲ</span> <span class='ocrx_word' id='word_1_488' title='bbox 659 4412 744 4502; x_wconf 67' lang='lat'>1.2.?</span> <span class='ocrx_word' id='word_1_489' title='bbox 787 4417 988 4502; x_wconf 55' lang='grc' dir='ltr'>εῐῖοξῖῆρ</span> <span class='ocrx_word' id='word_1_490' title='bbox 1015 4415 1040 4464; x_wconf 73' lang='grc' dir='ltr'><strong><em>ὁ</em></strong></span> <span class='ocrx_word' id='word_1_491' title='bbox 1081 4417 1284 4500; x_wconf 61' lang='grc' dir='ltr'>Πατὴρ»</span> <span class='ocrx_word' id='word_1_492' title='bbox 1323 4413 1412 4498; x_wconf 53' lang='lat' dir='ltr'>xei</span> <span class='ocrx_word' id='word_1_493' title='bbox 1450 4412 1715 4502; x_wconf 70' lang='grc' dir='ltr'>ἄναρχος,⁴</span> <span class='ocrx_word' id='word_1_494' title='bbox 1757 4416 1851 4502; x_wconf 38' lang='grc' dir='ltr'>οὔ-</span> <span class='ocrx_word' id='word_1_495' title='bbox 1893 4412 1994 4502; x_wconf 63' lang='grc' dir='ltr'>γὲρ</span> <span class='ocrx_word' id='word_1_496' title='bbox 2061 4417 2118 4502; x_wconf 64' lang='grc' dir='ltr'>ἐκ</span> 
     </span>
    </p>
   </div>
   <div class='ocr_carea' id='block_1_77' title="bbox 470 4489 2118 4568">
    <p class='ocr_par' dir='ltr' id='par_1_77' title="bbox 470 4489 2118 4568">
     <span class='ocr_line' id='line_1_77' title="bbox 470 4489 2118 4568; baseline 0.005 -34"><span class='ocrx_word' id='word_1_497' title='bbox 470 4489 625 4568; x_wconf 72' lang='grc' dir='ltr'>τινός.</span> <span class='ocrx_word' id='word_1_498' title='bbox 659 4489 830 4568; x_wconf 43' lang='grc' dir='ltr'>Υιόςὼὸ</span> <span class='ocrx_word' id='word_1_499' title='bbox 869 4489 1006 4568; x_wconf 75' lang='grc' dir='ltr'>Υἱός,</span> <span class='ocrx_word' id='word_1_500' title='bbox 1039 4489 1123 4536; x_wconf 80' lang='grc' dir='ltr'>καὶ</span> <span class='ocrx_word' id='word_1_501' title='bbox 1183 4489 1276 4536; x_wconf 76' lang='grc' dir='ltr'>οῦκ</span> <span class='ocrx_word' id='word_1_502' title='bbox 1347 4489 1575 4568; x_wconf 73' lang='grc' dir='ltr'>ἄναρχος</span> <span class='ocrx_word' id='word_1_503' title='bbox 1616 4508 1629 4520; x_wconf 79' lang='grc' dir='ltr'>ο</span> <span class='ocrx_word' id='word_1_504' title='bbox 1673 4489 1726 4540; x_wconf 82' lang='grc' dir='ltr'>ἐκ</span> <span class='ocrx_word' id='word_1_505' title='bbox 1762 4495 1852 4540; x_wconf 84' lang='grc' dir='ltr'>τοῦ</span> <span class='ocrx_word' id='word_1_506' title='bbox 1916 4489 2118 4565; x_wconf 77' lang='grc' dir='ltr'>Πατρός</span> 
     </span>
    </p>
   </div>
   <div class='ocr_carea' id='block_1_78' title="bbox 2223 3261 3831 3340">
    <p class='ocr_par' dir='ltr' id='par_1_78' title="bbox 2223 3261 3831 3340">
     <span class='ocr_line' id='line_1_78' title="bbox 2223 3261 3831 3340; baseline -0.001 -24"><span class='ocrx_word' id='word_1_507' title='bbox 2223 3261 2546 3338; x_wconf 75' lang='grc' dir='ltr'>παραδείσου</span> <span class='ocrx_word' id='word_1_508' title='bbox 2577 3269 2634 3318; x_wconf 91' lang='grc' dir='ltr'>τό</span> <span class='ocrx_word' id='word_1_509' title='bbox 2663 3266 2780 3320; x_wconf 86' lang='grc' dir='ltr'>καθ’</span> <span class='ocrx_word' id='word_1_510' title='bbox 2836 3268 3032 3340; x_wconf 56' lang='grc' dir='ltr'>ἠμραν</span> <span class='ocrx_word' id='word_1_511' title='bbox 3087 3263 3506 3340; x_wconf 83' lang='grc' dir='ltr'>προσκαλοῦνται</span> <span class='ocrx_word' id='word_1_512' title='bbox 3555 3267 3648 3316; x_wconf 86' lang='grc' dir='ltr'>ταὶ</span> <span class='ocrx_word' id='word_1_513' title='bbox 3719 3261 3831 3314; x_wconf 79' lang='grc' dir='ltr'>εἰσ·</span> 
     </span>
    </p>
   </div>
   <div class='ocr_carea' id='block_1_79' title="bbox 2226 3349 3834 3428">
    <p class='ocr_par' dir='ltr' id='par_1_79' title="bbox 2226 3349 3834 3428">
     <span class='ocr_line' id='line_1_79' title="bbox 2226 3349 3834 3428; baseline -0.001 -23"><span class='ocrx_word' id='word_1_514' title='bbox 2226 3354 2530 3415; x_wconf 80' lang='grc' dir='ltr'>οικίζονται.</span> <span class='ocrx_word' id='word_1_515' title='bbox 2565 3359 2666 3408; x_wconf 79' lang='grc' dir='ltr'>Καὶ</span> <span class='ocrx_word' id='word_1_516' title='bbox 2707 3358 2794 3409; x_wconf 92' lang='grc' dir='ltr'>τόν</span> <span class='ocrx_word' id='word_1_517' title='bbox 2847 3358 2967 3409; x_wconf 89' lang='grc' dir='ltr'>ναὸν</span> <span class='ocrx_word' id='word_1_518' title='bbox 2989 3357 3076 3409; x_wconf 89' lang='grc' dir='ltr'>τόν</span> <span class='ocrx_word' id='word_1_519' title='bbox 3125 3353 3389 3428; x_wconf 73' lang='grc' dir='ltr'>ἔμψυχον,</span> <span class='ocrx_word' id='word_1_520' title='bbox 3448 3353 3502 3406; x_wconf 88' lang='grc' dir='ltr'>ὃν</span> <span class='ocrx_word' id='word_1_521' title='bbox 3546 3353 3574 3405; x_wconf 84' lang='grc' dir='ltr'><strong><em>ὁ</em></strong></span> <span class='ocrx_word' id='word_1_522' title='bbox 3618 3349 3834 3406; x_wconf 61' lang='lat' dir='ltr'>N23011-</span> 
     </span>
    </p>
   </div>
   <div class='ocr_carea' id='block_1_80' title="bbox 2228 3439 3836 3521">
    <p class='ocr_par' dir='ltr' id='par_1_80' title="bbox 2228 3439 3836 3521">
     <span class='ocr_line' id='line_1_80' title="bbox 2228 3439 3836 3521; baseline -0.003 -24"><span class='ocrx_word' id='word_1_523' title='bbox 2228 3439 2431 3521; x_wconf 80' lang='grc' dir='ltr'>ζαρδόιν</span> <span class='ocrx_word' id='word_1_524' title='bbox 2485 3443 2770 3519; x_wconf 77' lang='grc' dir='ltr'>ἐνεπύρισε,</span> <span class='ocrx_word' id='word_1_525' title='bbox 2836 3448 2931 3504; x_wconf 73' lang='grc' dir='ltr'>τὴν</span> <span class='ocrx_word' id='word_1_526' title='bbox 2995 3443 3327 3520; x_wconf 74' lang='grc' dir='ltr'>ψυχόλεθρον</span> <span class='ocrx_word' id='word_1_527' title='bbox 3386 3443 3502 3514; x_wconf 83' lang='grc'><strong>(19)</strong></span> <span class='ocrx_word' id='word_1_528' title='bbox 3557 3440 3836 3502; x_wconf 80' lang='grc' dir='ltr'>έκκαὺσας</span> 
     </span>
    </p>
   </div>
   <div class='ocr_carea' id='block_1_81' title="bbox 2226 3532 3836 3606">
    <p class='ocr_par' dir='ltr' id='par_1_81' title="bbox 2226 3532 3836 3606">
     <span class='ocr_line' id='line_1_81' title="bbox 2226 3532 3836 3606; baseline -0.005 -16"><span class='ocrx_word' id='word_1_529' title='bbox 2226 3539 2441 3606; x_wconf 76' lang='grc' dir='ltr'>κάμινον</span> <span class='ocrx_word' id='word_1_530' title='bbox 2470 3543 2570 3588; x_wconf 84' lang='grc' dir='ltr'>τῶν</span> <span class='ocrx_word' id='word_1_531' title='bbox 2596 3536 2794 3606; x_wconf 84' lang='grc' dir='ltr'>παθῶν⁹</span> <span class='ocrx_word' id='word_1_532' title='bbox 2828 3536 2855 3587; x_wconf 89' lang='lat'>6</span> <span class='ocrx_word' id='word_1_533' title='bbox 2915 3541 3008 3588; x_wconf 84' lang='grc' dir='ltr'>τοῦ</span> <span class='ocrx_word' id='word_1_534' title='bbox 3058 3537 3246 3596; x_wconf 88' lang='grc' dir='ltr'>παντός</span> <span class='ocrx_word' id='word_1_535' title='bbox 3281 3532 3607 3606; x_wconf 74' lang='grc' dir='ltr'>ἀρχιτέκτων</span> <span class='ocrx_word' id='word_1_536' title='bbox 3657 3535 3836 3602; x_wconf 66' lang='grc' dir='ltr'>Λόγος</span> 
     </span>
    </p>
   </div>
   <div class='ocr_carea' id='block_1_82' title="bbox 2227 3622 3834 3698">
    <p class='ocr_par' dir='ltr' id='par_1_82' title="bbox 2227 3622 3834 3698">
     <span class='ocr_line' id='line_1_82' title="bbox 2227 3622 3834 3698; baseline -0.006 -17"><span class='ocrx_word' id='word_1_537' title='bbox 2227 3631 2316 3681; x_wconf 86' lang='grc' dir='ltr'>καὶ</span> <span class='ocrx_word' id='word_1_538' title='bbox 2361 3630 2733 3698; x_wconf 74' lang='grc' dir='ltr'>παντεχνήμων</span> <span class='ocrx_word' id='word_1_539' title='bbox 2791 3623 2992 3678; x_wconf 82' lang='grc' dir='ltr'>ἁνανεοῖ</span> <span class='ocrx_word' id='word_1_540' title='bbox 3057 3630 3148 3678; x_wconf 80' lang='grc' dir='ltr'>καὶ</span> <span class='ocrx_word' id='word_1_541' title='bbox 3187 3622 3599 3697; x_wconf 71' lang='grc' dir='ltr'>ἓπιτιρπέστατα</span> <span class='ocrx_word' id='word_1_542' title='bbox 3654 3622 3834 3674; x_wconf 83' lang='grc' dir='ltr'>καθω-</span> 
     </span>
    </p>
   </div>
   <div class='ocr_carea' id='block_1_83' title="bbox 2225 3711 3835 3791">
    <p class='ocr_par' dir='ltr' id='par_1_83' title="bbox 2225 3711 3835 3791">
     <span class='ocr_line' id='line_1_83' title="bbox 2225 3711 3835 3791; baseline -0.004 -23"><span class='ocrx_word' id='word_1_543' title='bbox 2225 3715 2418 3791; x_wconf 80' lang='grc' dir='ltr'>ραίζει,</span> <span class='ocrx_word' id='word_1_544' title='bbox 2447 3718 2496 3768; x_wconf 73' lang='grc' dir='ltr'>ἓν</span> <span class='ocrx_word' id='word_1_545' title='bbox 2544 3715 2707 3786; x_wconf 83' lang='grc' dir='ltr'>ἐαυτῷ</span> <span class='ocrx_word' id='word_1_546' title='bbox 2747 3715 3052 3776; x_wconf 75' lang='grc' dir='ltr'>ὑποστήσας</span> <span class='ocrx_word' id='word_1_547' title='bbox 3093 3714 3484 3786; x_wconf 81' lang='grc' dir='ltr'>πανάχραντον,</span> <span class='ocrx_word' id='word_1_548' title='bbox 3540 3711 3835 3781; x_wconf 61' lang='grc' dir='ltr'>ποι-δάνιον,</span> 
     </span>
    </p>
   </div>
   <div class='ocr_carea' id='block_1_84' title="bbox 2226 3803 3836 3880">
    <p class='ocr_par' dir='ltr' id='par_1_84' title="bbox 2226 3803 3836 3880">
     <span class='ocr_line' id='line_1_84' title="bbox 2226 3803 3836 3880; baseline -0.007 -18"><span class='ocrx_word' id='word_1_549' title='bbox 2226 3810 2651 3880; x_wconf 72' lang='grc' dir='ltr'>πανυπέρφωτον.</span> <span class='ocrx_word' id='word_1_550' title='bbox 2677 3810 2778 3859; x_wconf 77' lang='grc' dir='ltr'>Καὶ</span> <span class='ocrx_word' id='word_1_551' title='bbox 2817 3808 2869 3858; x_wconf 85' lang='grc' dir='ltr'>τί</span> <span class='ocrx_word' id='word_1_552' title='bbox 2894 3807 2996 3880; x_wconf 76' lang='grc' dir='ltr'>γὰρ</span> <span class='ocrx_word' id='word_1_553' title='bbox 3035 3805 3222 3880; x_wconf 79' lang='grc' dir='ltr'>ἕτερον,</span> <span class='ocrx_word' id='word_1_554' title='bbox 3277 3804 3307 3863; x_wconf 76' lang='grc' dir='ltr'><strong>ἣ</strong></span> <span class='ocrx_word' id='word_1_555' title='bbox 3340 3811 3402 3876; x_wconf 75' lang='grc' dir='ltr'>τῇ</span> <span class='ocrx_word' id='word_1_556' title='bbox 3452 3804 3634 3855; x_wconf 82' lang='grc' dir='ltr'>θεὼσει</span> <span class='ocrx_word' id='word_1_557' title='bbox 3694 3803 3836 3853; x_wconf 82' lang='grc' dir='ltr'>Θεὸν</span> 
     </span>
    </p>
   </div>
   <div class='ocr_carea' id='block_1_85' title="bbox 2226 3894 3836 3968">
    <p class='ocr_par' dir='ltr' id='par_1_85' title="bbox 2226 3894 3836 3968">
     <span class='ocr_line' id='line_1_85' title="bbox 2226 3894 3836 3968; baseline -0.005 -18"><span class='ocrx_word' id='word_1_558' title='bbox 2226 3900 2317 3951; x_wconf 83' lang='grc' dir='ltr'>καὶ</span> <span class='ocrx_word' id='word_1_559' title='bbox 2372 3904 2470 3950; x_wconf 87' lang='grc' dir='ltr'>τῶν</span> <span class='ocrx_word' id='word_1_560' title='bbox 2523 3897 2670 3950; x_wconf 90' lang='grc' dir='ltr'>θείων</span> <span class='ocrx_word' id='word_1_561' title='bbox 2722 3894 3049 3968; x_wconf 73' lang='grc' dir='ltr'>αὐχημάτων</span> <span class='ocrx_word' id='word_1_562' title='bbox 3099 3896 3469 3967; x_wconf 84' lang='grc' dir='ltr'>μετεσχηκότα</span> <span class='ocrx_word' id='word_1_563' title='bbox 3523 3895 3614 3944; x_wconf 78' lang='grc' dir='ltr'>καὶ</span> <span class='ocrx_word' id='word_1_564' title='bbox 3670 3908 3836 3962; x_wconf 72' lang='lat'>7:70-</span> 
     </span>
    </p>
   </div>
   <div class='ocr_carea' id='block_1_86' title="bbox 2225 3979 3839 4060">
    <p class='ocr_par' dir='ltr' id='par_1_86' title="bbox 2225 3979 3839 4060">
     <span class='ocr_line' id='line_1_86' title="bbox 2225 3979 3839 4060; baseline -0.006 -20"><span class='ocrx_word' id='word_1_565' title='bbox 2225 3992 2368 4058; x_wconf 82' lang='grc' dir='ltr'>νότα,</span> <span class='ocrx_word' id='word_1_566' title='bbox 2399 3987 2520 4060; x_wconf 86' lang='grc' dir='ltr'>ὅπερ</span> <span class='ocrx_word' id='word_1_567' title='bbox 2538 3988 2596 4038; x_wconf 89' lang='grc' dir='ltr'>τό</span> <span class='ocrx_word' id='word_1_568' title='bbox 2623 3987 2925 4044; x_wconf 77' lang='grc' dir='ltr'>ὑποστῆσαι</span> <span class='ocrx_word' id='word_1_569' title='bbox 2957 4002 2971 4054; x_wconf 87' lang='grc'><strong>;</strong></span> <span class='ocrx_word' id='word_1_570' title='bbox 3019 3983 3079 4037; x_wconf 81' lang='grc' dir='ltr'>Ἡ</span> <span class='ocrx_word' id='word_1_571' title='bbox 3108 3979 3167 4038; x_wconf 68' lang='grc' dir='ltr'><strong>δί</strong></span> <span class='ocrx_word' id='word_1_572' title='bbox 3218 3985 3458 4056; x_wconf 70' lang='grc' dir='ltr'>χορηγός</span> <span class='ocrx_word' id='word_1_573' title='bbox 3501 3988 3600 4034; x_wconf 83' lang='grc' dir='ltr'>τῶν</span> <span class='ocrx_word' id='word_1_574' title='bbox 3663 3981 3839 4032; x_wconf 85' lang='grc' dir='ltr'>πανοί-</span> 
     </span>
    </p>
   </div>
   <div class='ocr_carea' id='block_1_87' title="bbox 2225 4068 3839 4150">
    <p class='ocr_par' dir='ltr' id='par_1_87' title="bbox 2225 4068 3839 4150">
     <span class='ocr_line' id='line_1_87' title="bbox 2225 4068 3839 4150; baseline -0.005 -22"><span class='ocrx_word' id='word_1_575' title='bbox 2225 4096 2357 4150; x_wconf 70' lang='grc' dir='ltr'>γνων</span> <span class='ocrx_word' id='word_1_576' title='bbox 2404 4078 2597 4129; x_wconf 85' lang='grc' dir='ltr'>τούτων</span> <span class='ocrx_word' id='word_1_577' title='bbox 2653 4073 2805 4144; x_wconf 84' lang='grc' dir='ltr'>ὑλῶν,</span> <span class='ocrx_word' id='word_1_578' title='bbox 2859 4076 2919 4126; x_wconf 91' lang='grc' dir='ltr'>τό</span> <span class='ocrx_word' id='word_1_579' title='bbox 2974 4081 3036 4132; x_wconf 79' lang='grc' dir='ltr'>τῆ</span> <span class='ocrx_word' id='word_1_580' title='bbox 3047 4094 3068 4136; x_wconf 89' lang='grc' dir='ltr'>ς</span> <span class='ocrx_word' id='word_1_581' title='bbox 3118 4075 3413 4145; x_wconf 73' lang='grc' dir='ltr'>γυναικείας</span> <span class='ocrx_word' id='word_1_582' title='bbox 3470 4072 3670 4142; x_wconf 74' lang='grc' dir='ltr'>φύσεως</span> <span class='ocrx_word' id='word_1_583' title='bbox 3724 4068 3839 4132; x_wconf 84' lang='grc' dir='ltr'>έξο-</span> 
     </span>
    </p>
   </div>
   <div class='ocr_carea' id='block_1_88' title="bbox 2226 4158 3838 4238">
    <p class='ocr_par' dir='ltr' id='par_1_88' title="bbox 2226 4158 3838 4238">
     <span class='ocr_line' id='line_1_88' title="bbox 2226 4158 3838 4238; baseline -0.003 -21"><span class='ocrx_word' id='word_1_584' title='bbox 2226 4170 2461 4238; x_wconf 89' lang='grc' dir='ltr'>χώτατον</span> <span class='ocrx_word' id='word_1_585' title='bbox 2486 4166 2766 4237; x_wconf 85' lang='grc' dir='ltr'>καύχημα,</span> <span class='ocrx_word' id='word_1_586' title='bbox 2797 4166 2892 4223; x_wconf 79' lang='grc' dir='ltr'>τὴν</span> <span class='ocrx_word' id='word_1_587' title='bbox 2931 4169 3030 4216; x_wconf 84' lang='grc' dir='ltr'>τῶν</span> <span class='ocrx_word' id='word_1_588' title='bbox 3077 4161 3328 4236; x_wconf 74' lang='grc' dir='ltr'>οὐρανίων</span> <span class='ocrx_word' id='word_1_589' title='bbox 3386 4158 3614 4232; x_wconf 72' lang='grc' dir='ltr'>ἀγγέλων</span> <span class='ocrx_word' id='word_1_590' title='bbox 3672 4159 3838 4231; x_wconf 77' lang='grc' dir='ltr'>ὑπέρ-</span> 
     </span>
    </p>
   </div>
   <div class='ocr_carea' id='block_1_89' title="bbox 2297 4337 3837 4414">
    <p class='ocr_par' dir='ltr' id='par_1_89' title="bbox 2297 4337 3837 4414">
     <span class='ocr_line' id='line_1_89' title="bbox 2297 4337 3837 4414; baseline -0.003 -15"><span class='ocrx_word' id='word_1_591' title='bbox 2297 4345 2627 4414; x_wconf 82' lang='lat' dir='ltr'>(l7)Jerem.</span> <span class='ocrx_word' id='word_1_592' title='bbox 2661 4357 2818 4410; x_wconf 84' lang='lat' dir='ltr'>xxm,</span> <span class='ocrx_word' id='word_1_593' title='bbox 2849 4345 2933 4414; x_wconf 56' lang='lat' dir='ltr'>ll:</span> <span class='ocrx_word' id='word_1_594' title='bbox 2965 4339 3276 4413; x_wconf 83' lang='lat' dir='ltr'>Numquid</span> <span class='ocrx_word' id='word_1_595' title='bbox 3337 4353 3462 4414; x_wconf 70' lang='grc' dir='ltr'>ῃοη</span> <span class='ocrx_word' id='word_1_596' title='bbox 3523 4337 3747 4395; x_wconf 76' lang='lat' dir='ltr'>calum</span> <span class='ocrx_word' id='word_1_597' title='bbox 3777 4342 3837 4394; x_wconf 82' lang='lat' dir='ltr'>et</span> 
     </span>
    </p>
   </div>
   <div class='ocr_carea' id='block_1_90' title="bbox 2204 4411 3360 4486">
    <p class='ocr_par' dir='ltr' id='par_1_90' title="bbox 2204 4411 3360 4486">
     <span class='ocr_line' id='line_1_90' title="bbox 2204 4411 3360 4486; baseline -0.005 -13"><span class='ocrx_word' id='word_1_598' title='bbox 2204 4411 2452 4486; x_wconf 61' lang='lat' dir='ltr'>Jefrdm</span> <span class='ocrx_word' id='word_1_599' title='bbox 2479 4430 2585 4486; x_wconf 85' lang='lat' dir='ltr'>ego</span> <span class='ocrx_word' id='word_1_600' title='bbox 2603 4416 2822 4486; x_wconf 70' lang='lat' dir='ltr'>impleo</span> <span class='ocrx_word' id='word_1_601' title='bbox 2850 4413 2992 4470; x_wconf 75' lang='lat' dir='ltr'>dicit</span> <span class='ocrx_word' id='word_1_602' title='bbox 3015 4411 3360 4486; x_wconf 67' lang='lat' dir='ltr'>Dominus?</span> 
     </span>
    </p>
   </div>
   <div class='ocr_carea' id='block_1_91' title="bbox 2297 4479 3836 4560">
    <p class='ocr_par' dir='ltr' id='par_1_91' title="bbox 2297 4479 3836 4560">
     <span class='ocr_line' id='line_1_91' title="bbox 2297 4479 3836 4560; baseline -0.006 -16"><span class='ocrx_word' id='word_1_603' title='bbox 2297 4487 2409 4558; x_wconf 85' lang='lat' dir='ltr'>(l8)</span> <span class='ocrx_word' id='word_1_604' title='bbox 2436 4479 2644 4560; x_wconf 78' lang='lat' dir='ltr'>Utique</span> <span class='ocrx_word' id='word_1_605' title='bbox 2671 4479 2970 4542; x_wconf 80' lang='lat' dir='ltr'>idolorum</span> <span class='ocrx_word' id='word_1_606' title='bbox 2993 4481 3177 4560; x_wconf 83' lang='lat' dir='ltr'>cultui</span> <span class='ocrx_word' id='word_1_607' title='bbox 3190 4482 3479 4560; x_wconf 74' lang='lat' dir='ltr'>addictus</span> <span class='ocrx_word' id='word_1_608' title='bbox 3505 4479 3704 4537; x_wconf 85' lang='lat' dir='ltr'>fuerat</span> <span class='ocrx_word' id='word_1_609' title='bbox 3719 4482 3836 4554; x_wconf 82' lang='lat' dir='ltr'>Cy-</span> 
     </span>
    </p>
   </div>
   <div class='ocr_carea' id='block_1_92' title="bbox 469 4549 2110 4638">
    <p class='ocr_par' dir='ltr' id='par_1_92' title="bbox 469 4549 2110 4638">
     <span class='ocr_line' id='line_1_92' title="bbox 469 4549 2110 4638; baseline 0.006 -35"><span class='ocrx_word' id='word_1_610' title='bbox 469 4556 571 4638; x_wconf 60' lang='grc' dir='ltr'>χάρ</span> <span class='ocrx_word' id='word_1_611' title='bbox 615 4574 628 4587; x_wconf 91' lang='grc'><strong>·</strong></span> <span class='ocrx_word' id='word_1_612' title='bbox 671 4553 714 4604; x_wconf 88' lang='grc' dir='ltr'>εἰ</span> <span class='ocrx_word' id='word_1_613' title='bbox 753 4549 812 4604; x_wconf 76' lang='grc' dir='ltr'>δε</span> <span class='ocrx_word' id='word_1_614' title='bbox 848 4558 942 4611; x_wconf 83' lang='grc' dir='ltr'>τὴν</span> <span class='ocrx_word' id='word_1_615' title='bbox 982 4553 1082 4607; x_wconf 81' lang='grc' dir='ltr'>ἀπό</span> <span class='ocrx_word' id='word_1_616' title='bbox 1155 4561 1353 4628; x_wconf 85' lang='grc' dir='ltr'>χρόνου</span> <span class='ocrx_word' id='word_1_617' title='bbox 1427 4549 1706 4629; x_wconf 71' lang='grc' dir='ltr'>λαμϐάνοις</span> <span class='ocrx_word' id='word_1_618' title='bbox 1782 4558 1955 4633; x_wconf 74' lang='grc' dir='ltr'>ἀρχὴν</span> <span class='ocrx_word' id='word_1_619' title='bbox 2027 4549 2110 4613; x_wconf 56' lang='grc' dir='ltr'>καί</span> 
     </span>
    </p>
   </div>
   <div class='ocr_carea' id='block_1_93' title="bbox 2233 4549 3837 4638">
    <p class='ocr_par' dir='ltr' id='par_1_93' title="bbox 2233 4549 3837 4638">
     <span class='ocr_line' id='line_1_93' title="bbox 2233 4549 3837 4638; baseline -0.003 -24"><span class='ocrx_word' id='word_1_620' title='bbox 2233 4549 2350 4627; x_wconf 81' lang='lat' dir='ltr'>rus;</span> <span class='ocrx_word' id='word_1_621' title='bbox 2379 4549 2450 4638; x_wconf 68' lang='lat' dir='ltr'>ac</span> <span class='ocrx_word' id='word_1_622' title='bbox 2479 4549 2601 4614; x_wconf 71' lang='lat' dir='ltr'>non</span> <span class='ocrx_word' id='word_1_623' title='bbox 2614 4573 2784 4638; x_wconf 76' lang='lat' dir='ltr'>seque</span> <span class='ocrx_word' id='word_1_624' title='bbox 2797 4561 3024 4638; x_wconf 67' lang='lat' dir='ltr'>eertum</span> <span class='ocrx_word' id='word_1_625' title='bbox 3041 4559 3130 4612; x_wconf 90' lang='lat' dir='ltr'>est</span> <span class='ocrx_word' id='word_1_626' title='bbox 3149 4553 3687 4638; x_wconf 61' lang='lat' dir='ltr'>idololatrameum</span> <span class='ocrx_word' id='word_1_627' title='bbox 3700 4549 3837 4638; x_wconf 79' lang='lat' dir='ltr'>per-</span> 
     </span>
    </p>
   </div>
   <div class='ocr_carea' id='block_1_94' title="bbox 471 4628 2118 4703">
    <p class='ocr_par' dir='ltr' id='par_1_94' title="bbox 471 4628 2118 4703">
     <span class='ocr_line' id='line_1_94' title="bbox 471 4628 2118 4703; baseline 0.003 -26"><span class='ocrx_word' id='word_1_628' title='bbox 471 4628 724 4703; x_wconf 57' lang='lat' dir='ltr'>ivupzog.</span> <span class='ocrx_word' id='word_1_629' title='bbox 755 4629 976 4703; x_wconf 77' lang='grc' dir='ltr'>ποιητής</span> <span class='ocrx_word' id='word_1_630' title='bbox 1002 4628 1103 4703; x_wconf 68' lang='grc' dir='ltr'>γαρ</span> <span class='ocrx_word' id='word_1_631' title='bbox 1141 4632 1346 4703; x_wconf 69' lang='grc' dir='ltr'>χρόνων</span> <span class='ocrx_word' id='word_1_632' title='bbox 1397 4628 1502 4700; x_wconf 77' lang='grc' dir='ltr'>οὐχ</span> <span class='ocrx_word' id='word_1_633' title='bbox 1559 4631 1658 4682; x_wconf 86' lang='grc' dir='ltr'>ὑπό</span> <span class='ocrx_word' id='word_1_634' title='bbox 1723 4628 1932 4703; x_wconf 77' lang='grc' dir='ltr'>χρόνον,</span> <span class='ocrx_word' id='word_1_635' title='bbox 2001 4632 2118 4687; x_wconf 88' lang='grc' dir='ltr'>Ρα-</span> 
     </span>
    </p>
   </div>
   <div class='ocr_carea' id='block_1_95' title="bbox 473 4699 2117 4772">
    <p class='ocr_par' dir='ltr' id='par_1_95' title="bbox 473 4699 2117 4772">
     <span class='ocr_line' id='line_1_95' title="bbox 473 4699 2117 4772; baseline 0.004 -20"><span class='ocrx_word' id='word_1_636' title='bbox 473 4703 560 4752; x_wconf 78' lang='lat' dir='ltr'>ter</span> <span class='ocrx_word' id='word_1_637' title='bbox 588 4699 768 4772; x_wconf 20' lang='lat' dir='ltr'>P_aAt‘er</span> <span class='ocrx_word' id='word_1_638' title='bbox 790 4702 874 4772; x_wconf 57' lang='lat' dir='ltr'>est</span> <span class='ocrx_word' id='word_1_639' title='bbox 885 4703 940 4772; x_wconf 73' lang='lat' dir='ltr'>et</span> <span class='ocrx_word' id='word_1_640' title='bbox 951 4699 1240 4767; x_wconf 79' lang='lat' dir='ltr'>principii</span> <span class='ocrx_word' id='word_1_641' title='bbox 1251 4699 1685 4772; x_wconf 40' lang='lat' dir='ltr'>expers;’neque</span> <span class='ocrx_word' id='word_1_642' title='bbox 1696 4699 1850 4758; x_wconf 65' lang='lat' dir='ltr'>enim</span> <span class='ocrx_word' id='word_1_643' title='bbox 1873 4717 1948 4759; x_wconf 79' lang='lat' dir='ltr'>ea:</span> <span class='ocrx_word' id='word_1_644' title='bbox 1986 4704 2117 4758; x_wconf 82' lang='lat' dir='ltr'>ullo</span> 
     </span>
    </p>
   </div>
   <div class='ocr_carea' id='block_1_96' title="bbox 471 4767 2117 4842">
    <p class='ocr_par' dir='ltr' id='par_1_96' title="bbox 471 4767 2117 4842">
     <span class='ocr_line' id='line_1_96' title="bbox 471 4767 2117 4842; baseline 0.002 -17"><span class='ocrx_word' id='word_1_645' title='bbox 471 4773 575 4825; x_wconf 82' lang='lat' dir='ltr'>est.</span> <span class='ocrx_word' id='word_1_646' title='bbox 603 4767 789 4842; x_wconf 74' lang='lat' dir='ltr'>Filius</span> <span class='ocrx_word' id='word_1_647' title='bbox 801 4768 993 4842; x_wconf 73' lang='lat' dir='ltr'>Filius</span> <span class='ocrx_word' id='word_1_648' title='bbox 1018 4775 1121 4842; x_wconf 81' lang='lat' dir='ltr'>est,</span> <span class='ocrx_word' id='word_1_649' title='bbox 1147 4785 1218 4825; x_wconf 85' lang='lat' dir='ltr'>ac</span> <span class='ocrx_word' id='word_1_650' title='bbox 1233 4786 1352 4826; x_wconf 83' lang='lat' dir='ltr'>non</span> <span class='ocrx_word' id='word_1_651' title='bbox 1369 4767 1900 4842; x_wconf 64' lang='lat' dir='ltr'>principiiexpers;</span> <span class='ocrx_word' id='word_1_652' title='bbox 1926 4774 2117 4829; x_wconf 76' lang='lat' dir='ltr'>exPa-</span> 
     </span>
    </p>
   </div>
   <div class='ocr_carea' id='block_1_97' title="bbox 472 4838 2114 4915">
    <p class='ocr_par' dir='ltr' id='par_1_97' title="bbox 472 4838 2114 4915">
     <span class='ocr_line' id='line_1_97' title="bbox 472 4838 2114 4915; baseline 0.003 -20"><span class='ocrx_word' id='word_1_653' title='bbox 472 4846 562 4915; x_wconf 82' lang='lat' dir='ltr'>tre</span> <span class='ocrx_word' id='word_1_654' title='bbox 589 4838 868 4915; x_wconf 70' lang='lat' dir='ltr'>siqudem.</span> <span class='ocrx_word' id='word_1_655' title='bbox 897 4839 1067 4907; x_wconf 81' lang='lat' dir='ltr'>Quod</span> <span class='ocrx_word' id='word_1_656' title='bbox 1094 4838 1438 4910; x_wconf 68' lang='lat' dir='ltr'>sitemporis</span> <span class='ocrx_word' id='word_1_657' title='bbox 1460 4838 1824 4915; x_wconf 71' lang='lat' dir='ltr'>prihcipium</span> <span class='ocrx_word' id='word_1_658' title='bbox 1869 4838 2114 4914; x_wconf 78' lang='lat' dir='ltr'>accipis,</span> 
     </span>
    </p>
   </div>
   <div class='ocr_carea' id='block_1_98' title="bbox 470 4912 2118 5043">
    <p class='ocr_par' dir='ltr' id='par_1_98' title="bbox 470 4912 2118 5043">
     <span class='ocr_line' id='line_1_98' title="bbox 470 4912 2118 5043; baseline 0.003 -76"><span class='ocrx_word' id='word_1_659' title='bbox 470 4912 650 4967; x_wconf 84' lang='lat' dir='ltr'>etiam</span> <span class='ocrx_word' id='word_1_660' title='bbox 661 4913 962 4981; x_wconf 82' lang='lat' dir='ltr'>principio</span> <span class='ocrx_word' id='word_1_661' title='bbox 971 4919 1148 4980; x_wconf 82' lang='lat' dir='ltr'>caret;</span> <span class='ocrx_word' id='word_1_662' title='bbox 1169 4927 1356 4984; x_wconf 84' lang='lat' dir='ltr'>neque</span> <span class='ocrx_word' id='word_1_663' title='bbox 1367 4915 1519 4971; x_wconf 85' lang='lat' dir='ltr'>enim</span> <span class='ocrx_word' id='word_1_664' title='bbox 1537 4920 1648 4970; x_wconf 84' lang='lat' dir='ltr'>tem</span> <span class='ocrx_word' id='word_1_665' title='bbox 1653 4912 1865 4984; x_wconf 67' lang='lat' dir='ltr'>porum</span> <span class='ocrx_word' id='word_1_666' title='bbox 1878 4912 2118 5043; x_wconf 64' lang='lat' dir='ltr'>e/{eetor</span> 
     </span>
     <span class='ocr_line' id='line_1_99' title="bbox 471 4982 2115 5043; baseline 0.003 -5"><span class='ocrx_word' id='word_1_667' title='bbox 471 4983 724 5043; x_wconf 78' lang='lat' dir='ltr'>tempori</span> <span class='ocrx_word' id='word_1_668' title='bbox 738 4982 953 5039; x_wconf 82' lang='lat' dir='ltr'>subest.</span> <span class='ocrx_word' id='word_1_669' title='bbox 978 4983 1079 5040; x_wconf 87' lang='lat' dir='ltr'>Hic</span> <span class='ocrx_word' id='word_1_670' title='bbox 1096 4986 1336 5043; x_wconf 70' lang='lat' dir='ltr'>gemina</span> <span class='ocrx_word' id='word_1_671' title='bbox 1348 5000 1533 5043; x_wconf 82' lang='lat' dir='ltr'>prone</span> <span class='ocrx_word' id='word_1_672' title='bbox 1550 4987 1630 5042; x_wconf 88' lang='lat' dir='ltr'>ad</span> <span class='ocrx_word' id='word_1_673' title='bbox 1643 4986 1891 5043; x_wconf 86' lang='lat' dir='ltr'>verbum</span> <span class='ocrx_word' id='word_1_674' title='bbox 1941 5001 2115 5043; x_wconf 70' lang='lat' dir='ltr'>egere</span> 
     </span>
    </p>
   </div>
   <div class='ocr_carea' id='block_1_99' title="bbox 471 4982 2115 5058">
    <p class='ocr_par' dir='ltr' id='par_1_99' title="bbox 471 4982 2115 5058">
     <span class='ocr_line' id='line_1_100' title="bbox 471 4982 2115 5058; baseline 0.004 -20"><span class='ocrx_word' id='word_1_675' title='bbox 471 4983 724 5058; x_wconf 79' lang='lat' dir='ltr'>tempori</span> <span class='ocrx_word' id='word_1_676' title='bbox 738 4982 953 5058; x_wconf 62' lang='lat' dir='ltr'>suoest.</span> <span class='ocrx_word' id='word_1_677' title='bbox 978 4983 1079 5058; x_wconf 74' lang='lat' dir='ltr'>llic</span> <span class='ocrx_word' id='word_1_678' title='bbox 1096 4982 1336 5058; x_wconf 80' lang='lat' dir='ltr'>gemina</span> <span class='ocrx_word' id='word_1_679' title='bbox 1348 5000 1533 5057; x_wconf 88' lang='lat' dir='ltr'>prope</span> <span class='ocrx_word' id='word_1_680' title='bbox 1550 4987 1630 5058; x_wconf 82' lang='lat' dir='ltr'>ad</span> <span class='ocrx_word' id='word_1_681' title='bbox 1643 4982 1891 5058; x_wconf 79' lang='lat' dir='ltr'>verbum</span> <span class='ocrx_word' id='word_1_682' title='bbox 1903 4982 2115 5058; x_wconf 31' lang='lat' dir='ltr'>’legere</span> 
     </span>
    </p>
   </div>
   <div class='ocr_carea' id='block_1_100' title="bbox 471 5054 1872 5129">
    <p class='ocr_par' dir='ltr' id='par_1_100' title="bbox 471 5054 1872 5129">
     <span class='ocr_line' id='line_1_101' title="bbox 471 5054 1872 5129; baseline 0.001 -19"><span class='ocrx_word' id='word_1_683' title='bbox 471 5059 560 5129; x_wconf 87' lang='lat' dir='ltr'>est</span> <span class='ocrx_word' id='word_1_684' title='bbox 587 5054 1403 5129; x_wconf 70' lang='lat' dir='ltr'>in-ejusdemGregoriiorat,</span> <span class='ocrx_word' id='word_1_685' title='bbox 1437 5054 1524 5113; x_wconf 56' lang='grc'><strong>2⁷0.</strong></span> <span class='ocrx_word' id='word_1_686' title='bbox 1557 5057 1614 5113; x_wconf 89' lang='lat' dir='ltr'>al</span> <span class='ocrx_word' id='word_1_687' title='bbox 1642 5061 1732 5125; x_wconf 84' lang='lat'>29,</span> <span class='ocrx_word' id='word_1_688' title='bbox 1763 5057 1790 5129; x_wconf 63' lang='grc' dir='ltr'><strong>ἓ</strong></span> <span class='ocrx_word' id='word_1_689' title='bbox 1818 5061 1872 5115; x_wconf 91' lang='grc'>7.</span> 
     </span>
    </p>
   </div>
   <div class='ocr_carea' id='block_1_101' title="bbox 540 5125 2115 5195">
    <p class='ocr_par' dir='ltr' id='par_1_101' title="bbox 540 5125 2115 5195">
     <span class='ocr_line' id='line_1_102' title="bbox 540 5125 2115 5195; baseline 0.001 -13"><span class='ocrx_word' id='word_1_690' title='bbox 540 5128 652 5195; x_wconf 77' lang='grc'><strong>(14)</strong></span> <span class='ocrx_word' id='word_1_691' title='bbox 676 5125 1018 5183; x_wconf 87' lang='lat' dir='ltr'>Luminaria</span> <span class='ocrx_word' id='word_1_692' title='bbox 1039 5125 1248 5184; x_wconf 82' lang='lat' dir='ltr'>auctor</span> <span class='ocrx_word' id='word_1_693' title='bbox 1287 5126 1430 5184; x_wconf 91' lang='lat' dir='ltr'>dicit</span> <span class='ocrx_word' id='word_1_694' title='bbox 1477 5129 1652 5186; x_wconf 86' lang='lat' dir='ltr'>solem</span> <span class='ocrx_word' id='word_1_695' title='bbox 1698 5125 2115 5195; x_wconf 60' lang='lat' dir='ltr'>et&#39;lunam,de</span> 
     </span>
    </p>
   </div>
   <div class='ocr_carea' id='block_1_102' title="bbox 468 5196 2109 5271">
    <p class='ocr_par' dir='ltr' id='par_1_102' title="bbox 468 5196 2109 5271">
     <span class='ocr_line' id='line_1_103' title="bbox 468 5196 2109 5271; baseline 0.002 -19"><span class='ocrx_word' id='word_1_696' title='bbox 468 5196 1025 5271; x_wconf 69' lang='lat' dir='ltr'>quibusinPsalmi</span> <span class='ocrx_word' id='word_1_697' title='bbox 1053 5196 1208 5263; x_wconf 92' lang='lat' dir='ltr'>loco,</span> <span class='ocrx_word' id='word_1_698' title='bbox 1240 5198 1314 5254; x_wconf 91' lang='lat' dir='ltr'>de</span> <span class='ocrx_word' id='word_1_699' title='bbox 1339 5214 1462 5271; x_wconf 85' lang='lat' dir='ltr'>quo</span> <span class='ocrx_word' id='word_1_700' title='bbox 1491 5198 1745 5269; x_wconf 90' lang='lat' dir='ltr'>disserit,</span> <span class='ocrx_word' id='word_1_701' title='bbox 1777 5215 1976 5256; x_wconf 90' lang='lat' dir='ltr'>sermo</span> <span class='ocrx_word' id='word_1_702' title='bbox 2003 5205 2109 5256; x_wconf 91' lang='lat' dir='ltr'>est.</span> 
     </span>
    </p>
   </div>
   <div class='ocr_carea' id='block_1_103' title="bbox 542 5267 2115 5353">
    <p class='ocr_par' dir='ltr' id='par_1_103' title="bbox 542 5267 2115 5353">
     <span class='ocr_line' id='line_1_104' title="bbox 542 5267 2115 5353; baseline 0 -30"><span class='ocrx_word' id='word_1_703' title='bbox 542 5267 819 5353; x_wconf 50' lang='lat' dir='ltr'>(l5)‘CQd..</span> <span class='ocrx_word' id='word_1_704' title='bbox 852 5277 1161 5352; x_wconf 74' lang='grc' dir='ltr'>μετριοῦντα</span> <span class='ocrx_word' id='word_1_705' title='bbox 1456 5267 1812 5353; x_wconf 53' lang='grc' dir='ltr'>μετριοῶταα</span> <span class='ocrx_word' id='word_1_706' title='bbox 1886 5274 2115 5353; x_wconf 66' lang='grc' dir='ltr'>μετριάω</span> 
     </span>
    </p>
   </div>
   <div class='ocr_carea' id='block_1_104' title="bbox 470 5339 2115 5399">
    <p class='ocr_par' dir='ltr' id='par_1_104' title="bbox 470 5339 2115 5399">
     <span class='ocr_line' id='line_1_105' title="bbox 470 5339 2115 5399; baseline 0.001 -4"><span class='ocrx_word' id='word_1_707' title='bbox 470 5339 919 5395; x_wconf 84' lang='lat' dir='ltr'>emendandum</span> <span class='ocrx_word' id='word_1_708' title='bbox 942 5339 1169 5396; x_wconf 78' lang='lat' dir='ltr'>censui:</span> <span class='ocrx_word' id='word_1_709' title='bbox 1195 5339 1466 5398; x_wconf 61' lang='lat' dir='ltr'>at&#39;aliter&#39;</span> <span class='ocrx_word' id='word_1_710' title='bbox 1495 5339 1696 5399; x_wconf 65' lang='lat' dir='ltr'>Grieca</span> <span class='ocrx_word' id='word_1_711' title='bbox 1749 5339 1946 5399; x_wconf 88' lang='lat' dir='ltr'>versio</span> <span class='ocrx_word' id='word_1_712' title='bbox 1982 5339 2115 5399; x_wconf 73' lang='lat' dir='ltr'>&#39;loci</span> 
     </span>
    </p>
   </div>
   <div class='ocr_carea' id='block_1_105' title="bbox 469 5410 2116 5486">
    <p class='ocr_par' dir='ltr' id='par_1_105' title="bbox 469 5410 2116 5486">
     <span class='ocr_line' id='line_1_106' title="bbox 469 5410 2116 5486; baseline 0.002 -21"><span class='ocrx_word' id='word_1_713' title='bbox 469 5410 656 5486; x_wconf 72' lang='lat' dir='ltr'>Isaite.</span> <span class='ocrx_word' id='word_1_714' title='bbox 680 5426 712 5466; x_wconf 92' lang='lat' dir='ltr'>e</span> <span class='ocrx_word' id='word_1_715' title='bbox 735 5423 858 5480; x_wconf 87' lang='lat' dir='ltr'>quo</span> <span class='ocrx_word' id='word_1_716' title='bbox 889 5413 1176 5470; x_wconf 87' lang='lat' dir='ltr'>sententia</span> <span class='ocrx_word' id='word_1_717' title='bbox 1198 5411 1526 5486; x_wconf 82' lang='lat' dir='ltr'>desumpta</span> <span class='ocrx_word' id='word_1_718' title='bbox 1555 5419 1642 5470; x_wconf 90' lang='lat' dir='ltr'>est</span> <span class='ocrx_word' id='word_1_719' title='bbox 1663 5417 1796 5481; x_wconf 85' lang='lat' dir='ltr'>(lsa.</span> <span class='ocrx_word' id='word_1_720' title='bbox 1848 5430 1942 5470; x_wconf 72' lang='grc' dir='ltr'>κε..</span> <span class='ocrx_word' id='word_1_721' title='bbox 2027 5413 2116 5486; x_wconf 90' lang='grc'>12)</span> 
     </span>
    </p>
   </div>
   <div class='ocr_carea' id='block_1_106' title="bbox 469 5479 2114 5559">
    <p class='ocr_par' dir='ltr' id='par_1_106' title="bbox 469 5479 2114 5559">
     <span class='ocr_line' id='line_1_107' title="bbox 469 5479 2114 5559; baseline 0.002 -25"><span class='ocrx_word' id='word_1_722' title='bbox 469 5485 557 5542; x_wconf 84' lang='grc' dir='ltr'>Τίς</span> <span class='ocrx_word' id='word_1_723' title='bbox 624 5479 938 5559; x_wconf 45' lang='lat' dir='ltr'>gygen”...</span> <span class='ocrx_word' id='word_1_724' title='bbox 998 5487 1086 5535; x_wconf 89' lang='grc' dir='ltr'>τόν</span> <span class='ocrx_word' id='word_1_725' title='bbox 1153 5483 1371 5558; x_wconf 73' lang='grc' dir='ltr'>οὐρανόν</span> <span class='ocrx_word' id='word_1_726' title='bbox 1423 5479 1710 5559; x_wconf 49' lang='grc' dir='ltr'>’σπιθαμῇ</span> <span class='ocrx_word' id='word_1_727' title='bbox 1744 5490 1836 5538; x_wconf 79' lang='grc' dir='ltr'>καὶ</span> <span class='ocrx_word' id='word_1_728' title='bbox 1938 5479 2114 5538; x_wconf 77' lang='grc' dir='ltr'>πᾶσαν</span> 
     </span>
    </p>
   </div>
   <div class='ocr_carea' id='block_1_107' title="bbox 469 5531 906 5626">
    <p class='ocr_par' dir='ltr' id='par_1_107' title="bbox 469 5531 906 5626">
     <span class='ocr_line' id='line_1_108' title="bbox 469 5531 906 5626; baseline -0.005 -20"><span class='ocrx_word' id='word_1_729' title='bbox 469 5531 563 5626; x_wconf 52' lang='grc' dir='ltr'><strong><em>ὦ</em></strong></span> <span class='ocrx_word' id='word_1_730' title='bbox 585 5531 873 5626; x_wconf 37' lang='lat' dir='ltr'>erat;</span> <span class='ocrx_word' id='word_1_731' title='bbox 894 5572 906 5617; x_wconf 84' lang='lat'><strong>;</strong></span> 
     </span>
    </p>
   </div>
   <div class='ocr_carea' id='block_1_108' title="bbox 515 5623 2118 5753">
    <p class='ocr_par' dir='ltr' id='par_1_108' title="bbox 515 5623 2118 5753">
     <span class='ocr_line' id='line_1_109' title="bbox 515 5623 2118 5753; baseline -0.013 -47"><span class='ocrx_word' id='word_1_732' title='bbox 515 5623 652 5753; x_wconf 53' lang='grc' dir='ltr'>η(ςῦ</span> <span class='ocrx_word' id='word_1_733' title='bbox 685 5623 829 5683; x_wconf 72' lang='grc' dir='ltr'>Οόάο</span> <span class='ocrx_word' id='word_1_734' title='bbox 874 5625 1153 5699; x_wconf 70' lang='grc' dir='ltr'>σπηθαμῆ,</span> <span class='ocrx_word' id='word_1_735' title='bbox 1212 5625 1433 5688; x_wconf 61' lang='lat' dir='ltr'>scilicet</span> <span class='ocrx_word' id='word_1_736' title='bbox 1471 5631 1767 5690; x_wconf 72' lang='lat' dir='ltr'>consueto</span> <span class='ocrx_word' id='word_1_737' title='bbox 1823 5627 2118 5687; x_wconf 85' lang='lat' dir='ltr'>iotacismi</span> 
     </span>
    </p>
   </div>
   <div class='ocr_carea' id='block_1_109' title="bbox 471 5710 1498 5753">
    <p class='ocr_par' dir='ltr' id='par_1_109' title="bbox 471 5710 1498 5753">
     <span class='ocr_line' id='line_1_110' title="bbox 471 5710 1498 5753; baseline -0.002 -1"><span class='ocrx_word' id='word_1_738' title='bbox 471 5710 529 5752; x_wconf 69' lang='grc' dir='ltr'>τι</span> <span class='ocrx_word' id='word_1_739' title='bbox 537 5710 632 5753; x_wconf 72' lang='lat' dir='ltr'>uo.</span> <span class='ocrx_word' id='word_1_740' title='bbox 1495 5736 1498 5738; x_wconf 98' lang='lat'><strong><em>-</em></strong></span> 
     </span>
    </p>
   </div>
   <div class='ocr_carea' id='block_1_110' title="bbox 2226 4625 3835 4697">
    <p class='ocr_par' dir='ltr' id='par_1_110' title="bbox 2226 4625 3835 4697">
     <span class='ocr_line' id='line_1_111' title="bbox 2226 4625 3835 4697; baseline -0.002 -12"><span class='ocrx_word' id='word_1_741' title='bbox 2226 4625 2544 4697; x_wconf 87' lang='lat' dir='ltr'>mansisse,</span> <span class='ocrx_word' id='word_1_742' title='bbox 2575 4625 2873 4684; x_wconf 65' lang='lat' dir='ltr'>aut&#39;talem</span> <span class='ocrx_word' id='word_1_743' title='bbox 2905 4627 3126 4694; x_wconf 84' lang='lat' dir='ltr'>adhuc,</span> <span class='ocrx_word' id='word_1_744' title='bbox 3157 4625 3341 4697; x_wconf 81' lang='lat' dir='ltr'>fuisse</span> <span class='ocrx_word' id='word_1_745' title='bbox 3363 4639 3504 4681; x_wconf 89' lang='lat' dir='ltr'>cum</span> <span class='ocrx_word' id='word_1_746' title='bbox 3523 4625 3835 4697; x_wconf 82' lang='lat' dir='ltr'>templum</span> 
     </span>
    </p>
   </div>
   <div class='ocr_carea' id='block_1_111' title="bbox 2227 4696 3584 4772">
    <p class='ocr_par' dir='ltr' id='par_1_111' title="bbox 2227 4696 3584 4772">
     <span class='ocr_line' id='line_1_112' title="bbox 2227 4696 3584 4772; baseline -0.003 -16"><span class='ocrx_word' id='word_1_747' title='bbox 2227 4700 2836 4772; x_wconf 84' lang='lat' dir='ltr'>Hierosolymitanum</span> <span class='ocrx_word' id='word_1_748' title='bbox 2865 4696 3358 4756; x_wconf 81' lang='lat' dir='ltr'>reasdiﬁcandum</span> <span class='ocrx_word' id='word_1_749' title='bbox 3383 4696 3584 4769; x_wconf 85' lang='lat' dir='ltr'>jussit.</span> 
     </span>
    </p>
   </div>
   <div class='ocr_carea' id='block_1_112' title="bbox 2302 4770 2974 4896">
    <p class='ocr_par' dir='ltr' id='par_1_112' title="bbox 2302 4770 2974 4896">
     <span class='ocr_line' id='line_1_113' title="bbox 2302 4770 2974 4896; baseline 0.001 -70"><span class='ocrx_word' id='word_1_750' title='bbox 2302 4775 2408 4843; x_wconf 84' lang='lat' dir='ltr'>(l6)</span> <span class='ocrx_word' id='word_1_751' title='bbox 2437 4770 2584 4828; x_wconf 72' lang='lat' dir='ltr'>Cdd.</span> <span class='ocrx_word' id='word_1_752' title='bbox 2613 4770 2974 4896; x_wconf 66' lang='grc' dir='ltr'>ψυχόλυθρον.</span> 
     </span>
     <span class='ocr_line' id='line_1_114' title="bbox 2302 4841 2912 4896; baseline 0 0"><span class='ocrx_word' id='word_1_753' title='bbox 2302 4843 2407 4896; x_wconf 71' lang='grc'><strong>(20)</strong></span> <span class='ocrx_word' id='word_1_754' title='bbox 2435 4841 2588 4896; x_wconf 88' lang='lat' dir='ltr'>Psal.</span> <span class='ocrx_word' id='word_1_755' title='bbox 2614 4858 2800 4896; x_wconf 85' lang='lat' dir='ltr'>vam.</span> <span class='ocrx_word' id='word_1_756' title='bbox 2825 4846 2857 4896; x_wconf 83' lang='lat'><strong>2</strong></span> <span class='ocrx_word' id='word_1_757' title='bbox 2899 4883 2912 4896; x_wconf 91' lang='lat'>.</span> 
     </span>
    </p>
   </div>
   <div class='ocr_carea' id='block_1_113' title="bbox 2297 4841 2912 4915">
    <p class='ocr_par' dir='ltr' id='par_1_113' title="bbox 2297 4841 2912 4915">
     <span class='ocr_line' id='line_1_115' title="bbox 2297 4841 2912 4915; baseline -0.007 -15"><span class='ocrx_word' id='word_1_758' title='bbox 2297 4841 2407 4915; x_wconf 60' lang='grc'><strong>(⁷20)</strong></span> <span class='ocrx_word' id='word_1_759' title='bbox 2435 4841 2588 4898; x_wconf 87' lang='lat' dir='ltr'>Psal.</span> <span class='ocrx_word' id='word_1_760' title='bbox 2614 4841 2800 4915; x_wconf 61' lang='lat' dir='ltr'>ixvin,</span> <span class='ocrx_word' id='word_1_761' title='bbox 2825 4841 2912 4899; x_wconf 80' lang='grc'>21.</span> 
     </span>
    </p>
   </div>
   <div class='ocr_carea' id='block_1_114' title="bbox 2296 4908 3831 4986">
    <p class='ocr_par' dir='ltr' id='par_1_114' title="bbox 2296 4908 3831 4986">
     <span class='ocr_line' id='line_1_116' title="bbox 2296 4908 3831 4986; baseline -0.003 -16"><span class='ocrx_word' id='word_1_762' title='bbox 2296 4908 2422 4986; x_wconf 15' lang='grc'><strong>(21),</strong></span> <span class='ocrx_word' id='word_1_763' title='bbox 2443 4913 2969 4986; x_wconf 79' lang='lat' dir='ltr'>Quemadmodum</span> <span class='ocrx_word' id='word_1_764' title='bbox 2991 4913 3202 4986; x_wconf 69' lang='lat' dir='ltr'>Cyrus,</span> <span class='ocrx_word' id='word_1_765' title='bbox 3225 4909 3332 4985; x_wconf 87' lang='lat' dir='ltr'>qui</span> <span class='ocrx_word' id='word_1_766' title='bbox 3356 4908 3831 4986; x_wconf 68' lang='lat' dir='ltr'>restaurandum</span> 
     </span>
    </p>
   </div>
   <div class='ocr_carea' id='block_1_115' title="bbox 2224 4981 3834 5056">
    <p class='ocr_par' dir='ltr' id='par_1_115' title="bbox 2224 4981 3834 5056">
     <span class='ocr_line' id='line_1_117' title="bbox 2224 4981 3834 5056; baseline -0.002 -15"><span class='ocrx_word' id='word_1_767' title='bbox 2224 4981 2453 5042; x_wconf 82' lang='lat' dir='ltr'>curavit</span> <span class='ocrx_word' id='word_1_768' title='bbox 2464 4983 2754 5056; x_wconf 89' lang='lat' dir='ltr'>templum</span> <span class='ocrx_word' id='word_1_769' title='bbox 2769 4981 3294 5056; x_wconf 71' lang='lat' dir='ltr'>Domini,&#39;hahittis</span> <span class='ocrx_word' id='word_1_770' title='bbox 3305 4986 3397 5056; x_wconf 83' lang='lat' dir='ltr'>est</span> <span class='ocrx_word' id='word_1_771' title='bbox 3407 4998 3444 5038; x_wconf 90' lang='lat' dir='ltr'>a</span> <span class='ocrx_word' id='word_1_772' title='bbox 3454 4982 3561 5040; x_wconf 88' lang='lat' dir='ltr'>SS.</span> <span class='ocrx_word' id='word_1_773' title='bbox 3574 4981 3834 5056; x_wconf 64' lang='lat' dir='ltr'>Patrhus</span> 
     </span>
    </p>
   </div>
   <div class='ocr_carea' id='block_1_116' title="bbox 2223 5052 3831 5128">
    <p class='ocr_par' dir='ltr' id='par_1_116' title="bbox 2223 5052 3831 5128">
     <span class='ocr_line' id='line_1_118' title="bbox 2223 5052 3831 5128; baseline -0.003 -15"><span class='ocrx_word' id='word_1_774' title='bbox 2223 5073 2333 5114; x_wconf 90' lang='lat' dir='ltr'>ceu</span> <span class='ocrx_word' id='word_1_775' title='bbox 2354 5061 2536 5128; x_wconf 86' lang='lat' dir='ltr'>typus</span> <span class='ocrx_word' id='word_1_776' title='bbox 2568 5052 2782 5113; x_wconf 87' lang='lat' dir='ltr'>Christi</span> <span class='ocrx_word' id='word_1_777' title='bbox 2809 5055 3152 5128; x_wconf 76' lang='lat' dir='ltr'>Salvatoris;</span> <span class='ocrx_word' id='word_1_778' title='bbox 3183 5055 3266 5110; x_wconf 88' lang='lat' dir='ltr'>ita</span> <span class='ocrx_word' id='word_1_779' title='bbox 3295 5052 3831 5128; x_wconf 81' lang='lat' dir='ltr'>Nabuzardan,qui</span> 
     </span>
    </p>
   </div>
   <div class='ocr_carea' id='block_1_117' title="bbox 2225 5125 3835 5200">
    <p class='ocr_par' dir='ltr' id='par_1_117' title="bbox 2225 5125 3835 5200">
     <span class='ocr_line' id='line_1_119' title="bbox 2225 5125 3835 5200; baseline -0.003 -16"><span class='ocrx_word' id='word_1_780' title='bbox 2225 5131 2314 5193; x_wconf 86' lang='grc' dir='ltr'>(ιν</span> <span class='ocrx_word' id='word_1_781' title='bbox 2341 5125 2478 5200; x_wconf 70' lang='lat' dir='ltr'>Reg.</span> <span class='ocrx_word' id='word_1_782' title='bbox 2503 5143 2634 5191; x_wconf 84' lang='lat' dir='ltr'>xxv,</span> <span class='ocrx_word' id='word_1_783' title='bbox 2661 5131 2693 5183; x_wconf 91' lang='lat'><strong><em>8</em></strong></span> <span class='ocrx_word' id='word_1_784' title='bbox 2724 5142 2892 5200; x_wconf 83' lang='lat' dir='ltr'>seqq.</span> <span class='ocrx_word' id='word_1_785' title='bbox 2924 5143 2939 5196; x_wconf 93' lang='lat'><strong>;</strong></span> <span class='ocrx_word' id='word_1_786' title='bbox 2965 5130 3023 5183; x_wconf 93' lang='lat' dir='ltr'>et</span> <span class='ocrx_word' id='word_1_787' title='bbox 3042 5125 3262 5200; x_wconf 78' lang='lat' dir='ltr'>Jerem.</span> <span class='ocrx_word' id='word_1_788' title='bbox 3294 5197 3305 5200; x_wconf 90' lang='lat'><em>_</em></span> <span class='ocrx_word' id='word_1_789' title='bbox 3337 5141 3434 5194; x_wconf 79' lang='grc' dir='ltr'>ιιι,</span> <span class='ocrx_word' id='word_1_790' title='bbox 3486 5126 3570 5200; x_wconf 32' lang='grc'><strong>’12</strong></span> <span class='ocrx_word' id='word_1_791' title='bbox 3619 5125 3835 5200; x_wconf 83' lang='lat' dir='ltr'>seqq.)</span> 
     </span>
    </p>
   </div>
   <div class='ocr_carea' id='block_1_118' title="bbox 2222 5141 3834 5278">
    <p class='ocr_par' dir='ltr' id='par_1_118' title="bbox 2222 5141 3834 5278">
     <span class='ocr_line' id='line_1_120' title="bbox 2225 5141 3834 5254; baseline -0.003 -70"><span class='ocrx_word' id='word_1_792' title='bbox 2225 5141 2310 5193; x_wconf 87' lang='lat' dir='ltr'>(IV</span> <span class='ocrx_word' id='word_1_793' title='bbox 2341 5141 2478 5197; x_wconf 73' lang='lat' dir='ltr'>Heg.</span> <span class='ocrx_word' id='word_1_794' title='bbox 2503 5143 2634 5191; x_wconf 83' lang='lat' dir='ltr'>xxv,</span> <span class='ocrx_word' id='word_1_795' title='bbox 2661 5141 2693 5183; x_wconf 76' lang='grc' dir='ltr'>δ</span> <span class='ocrx_word' id='word_1_796' title='bbox 2724 5142 2892 5200; x_wconf 88' lang='lat' dir='ltr'>seqq.</span> <span class='ocrx_word' id='word_1_797' title='bbox 2924 5143 2939 5196; x_wconf 93' lang='lat'><strong>;</strong></span> <span class='ocrx_word' id='word_1_798' title='bbox 2965 5141 3262 5186; x_wconf 66' lang='lat' dir='ltr'>emerem.</span> <span class='ocrx_word' id='word_1_799' title='bbox 3293 5197 3305 5209; x_wconf 43' lang='lat'>.</span> <span class='ocrx_word' id='word_1_800' title='bbox 3337 5141 3434 5194; x_wconf 80' lang='grc' dir='ltr'>ιιι,</span> <span class='ocrx_word' id='word_1_801' title='bbox 3505 5141 3570 5180; x_wconf 71' lang='grc' dir='ltr'>εκ</span> <span class='ocrx_word' id='word_1_802' title='bbox 3619 5141 3834 5254; x_wconf 61' lang='lat' dir='ltr'>seqq.)</span> 
     </span>
     <span class='ocr_line' id='line_1_121' title="bbox 2222 5195 3834 5278; baseline -0.002 -22"><span class='ocrx_word' id='word_1_803' title='bbox 2222 5198 2515 5278; x_wconf 83' lang='lat' dir='ltr'>templum</span> <span class='ocrx_word' id='word_1_804' title='bbox 2525 5203 2706 5278; x_wconf 79' lang='lat' dir='ltr'>atque</span> <span class='ocrx_word' id='word_1_805' title='bbox 2719 5199 2934 5278; x_wconf 79' lang='lat' dir='ltr'>urbem</span> <span class='ocrx_word' id='word_1_806' title='bbox 2949 5195 3640 5278; x_wconf 69' lang='lat' dir='ltr'>Jerusalemmcenderat</span> <span class='ocrx_word' id='word_1_807' title='bbox 3653 5205 3712 5254; x_wconf 89' lang='lat' dir='ltr'>et</span> <span class='ocrx_word' id='word_1_808' title='bbox 3777 5213 3834 5253; x_wconf 89' lang='lat' dir='ltr'>e-</span> 
     </span>
    </p>
   </div>
   <div class='ocr_carea' id='block_1_119' title="bbox 2225 5268 3834 5342">
    <p class='ocr_par' dir='ltr' id='par_1_119' title="bbox 2225 5268 3834 5342">
     <span class='ocr_line' id='line_1_122' title="bbox 2225 5268 3834 5342; baseline 0.001 -16"><span class='ocrx_word' id='word_1_809' title='bbox 2225 5268 2541 5327; x_wconf 53' lang='lat' dir='ltr'>stru‘xerat.</span> <span class='ocrx_word' id='word_1_810' title='bbox 2565 5268 2808 5342; x_wconf 74' lang='lat' dir='ltr'>habitus</span> <span class='ocrx_word' id='word_1_811' title='bbox 2835 5273 2920 5342; x_wconf 88' lang='lat' dir='ltr'>est</span> <span class='ocrx_word' id='word_1_812' title='bbox 2946 5273 3008 5325; x_wconf 93' lang='lat' dir='ltr'>ut</span> <span class='ocrx_word' id='word_1_813' title='bbox 3035 5273 3217 5342; x_wconf 85' lang='lat' dir='ltr'>typus</span> <span class='ocrx_word' id='word_1_814' title='bbox 3237 5268 3596 5342; x_wconf 87' lang='lat' dir='ltr'>diaboli,qui</span> <span class='ocrx_word' id='word_1_815' title='bbox 3615 5268 3834 5327; x_wconf 83' lang='lat' dir='ltr'>huma-</span> 
     </span>
    </p>
   </div>
   <div class='ocr_carea' id='block_1_120' title="bbox 2223 5340 3222 5424">
    <p class='ocr_par' dir='ltr' id='par_1_120' title="bbox 2223 5340 3222 5424">
     <span class='ocr_line' id='line_1_123' title="bbox 2223 5340 3222 5424; baseline 0 0"><span class='ocrx_word' id='word_1_816' title='bbox 2223 5357 2384 5424; x_wconf 50' lang='lat' dir='ltr'>nus-1</span> <span class='ocrx_word' id='word_1_817' title='bbox 2405 5357 2605 5424; x_wconf 53' lang='lat' dir='ltr'>seras</span> <span class='ocrx_word' id='word_1_818' title='bbox 2624 5340 2945 5424; x_wconf 59' lang='lat' dir='ltr'>impulitin</span> <span class='ocrx_word' id='word_1_819' title='bbox 2965 5340 3222 5424; x_wconf 58' lang='lat' dir='ltr'>raise!!!-</span> 
     </span>
    </p>
   </div>
   <div class='ocr_carea' id='block_1_121' title="bbox 2294 5411 3838 5486">
    <p class='ocr_par' dir='ltr' id='par_1_121' title="bbox 2294 5411 3838 5486">
     <span class='ocr_line' id='line_1_124' title="bbox 2294 5411 3838 5486; baseline 0 -16"><span class='ocrx_word' id='word_1_820' title='bbox 2294 5413 2438 5486; x_wconf 80' lang='grc'><strong>(22)</strong></span> <span class='ocrx_word' id='word_1_821' title='bbox 2470 5411 2768 5486; x_wconf 73' lang='lat' dir='ltr'>Deilicatio</span> <span class='ocrx_word' id='word_1_822' title='bbox 2795 5412 3029 5483; x_wconf 77' lang='grc' dir='ltr'>(θέωσις)</span> <span class='ocrx_word' id='word_1_823' title='bbox 3050 5411 3540 5486; x_wconf 77' lang='lat' dir='ltr'>diciturtumea,</span> <span class='ocrx_word' id='word_1_824' title='bbox 3577 5426 3701 5486; x_wconf 85' lang='lat' dir='ltr'>qua</span> <span class='ocrx_word' id='word_1_825' title='bbox 3729 5427 3838 5470; x_wconf 86' lang='lat' dir='ltr'>na-</span> 
     </span>
    </p>
   </div>
   <div class='ocr_carea' id='block_1_122' title="bbox 2226 5483 3836 5558">
    <p class='ocr_par' dir='ltr' id='par_1_122' title="bbox 2226 5483 3836 5558">
     <span class='ocr_line' id='line_1_125' title="bbox 2226 5483 3836 5558; baseline 0.001 -18"><span class='ocrx_word' id='word_1_826' title='bbox 2226 5483 2360 5541; x_wconf 85' lang='lat' dir='ltr'>tura</span> <span class='ocrx_word' id='word_1_827' title='bbox 2381 5483 2593 5540; x_wconf 88' lang='lat' dir='ltr'>Christi</span> <span class='ocrx_word' id='word_1_828' title='bbox 2623 5484 2893 5541; x_wconf 85' lang='lat' dir='ltr'>humana</span> <span class='ocrx_word' id='word_1_829' title='bbox 2922 5489 3239 5558; x_wconf 78' lang='lat' dir='ltr'>assumpta</span> <span class='ocrx_word' id='word_1_830' title='bbox 3269 5483 3477 5558; x_wconf 64' lang='lat' dir='ltr'>fuitin</span> <span class='ocrx_word' id='word_1_831' title='bbox 3524 5483 3836 5558; x_wconf 75' lang='lat' dir='ltr'>unitatem</span> 
     </span>
    </p>
   </div>
   <div class='ocr_carea' id='block_1_123' title="bbox 2303 5555 3836 5630">
    <p class='ocr_par' dir='ltr' id='par_1_123' title="bbox 2303 5555 3836 5630">
     <span class='ocr_line' id='line_1_126' title="bbox 2303 5555 3836 5630; baseline 0.001 -18"><span class='ocrx_word' id='word_1_832' title='bbox 2303 5571 2525 5630; x_wconf 58' lang='lat' dir='ltr'>rsonae,</span> <span class='ocrx_word' id='word_1_833' title='bbox 2543 5560 2775 5630; x_wconf 76' lang='lat' dir='ltr'>tumea,</span> <span class='ocrx_word' id='word_1_834' title='bbox 2804 5555 3331 5630; x_wconf 83' lang='lat' dir='ltr'>qua_homines,_in</span> <span class='ocrx_word' id='word_1_835' title='bbox 3351 5555 3507 5630; x_wconf 84' lang='lat' dir='ltr'>ﬁlio_s</span> <span class='ocrx_word' id='word_1_836' title='bbox 3521 5555 3625 5612; x_wconf 88' lang='lat' dir='ltr'>Dei</span> <span class='ocrx_word' id='word_1_837' title='bbox 3645 5555 3836 5630; x_wconf 87' lang='lat' dir='ltr'>adop-</span> 
     </span>
    </p>
   </div>
   <div class='ocr_carea' id='block_1_124' title="bbox 2225 5570 3630 5701">
    <p class='ocr_par' dir='ltr' id='par_1_124' title="bbox 2225 5570 3630 5701">
     <span class='ocr_line' id='line_1_127' title="bbox 2303 5570 3625 5628; baseline 0 -16"><span class='ocrx_word' id='word_1_838' title='bbox 2303 5571 2525 5619; x_wconf 83' lang='lat' dir='ltr'>rsonee,</span> <span class='ocrx_word' id='word_1_839' title='bbox 2543 5570 2668 5612; x_wconf 77' lang='lat' dir='ltr'>tum</span> <span class='ocrx_word' id='word_1_840' title='bbox 2681 5571 2775 5623; x_wconf 88' lang='lat' dir='ltr'>ea,</span> <span class='ocrx_word' id='word_1_841' title='bbox 2804 5571 2930 5628; x_wconf 86' lang='lat' dir='ltr'>qua</span> <span class='ocrx_word' id='word_1_842' title='bbox 2947 5570 3243 5623; x_wconf 75' lang='lat' dir='ltr'>nomines,</span> <span class='ocrx_word' id='word_1_843' title='bbox 3267 5570 3331 5611; x_wconf 84' lang='lat' dir='ltr'>1n</span> <span class='ocrx_word' id='word_1_844' title='bbox 3351 5570 3507 5611; x_wconf 81' lang='lat' dir='ltr'>unos</span> <span class='ocrx_word' id='word_1_845' title='bbox 3521 5570 3625 5612; x_wconf 72' lang='lat' dir='ltr'>uel</span> 
     </span>
     <span class='ocr_line' id='line_1_128' title="bbox 2225 5570 3630 5701; baseline -0.001 -15"><span class='ocrx_word' id='word_1_846' title='bbox 2225 5570 2352 5701; x_wconf 55' lang='lat' dir='ltr'>mi,</span> <span class='ocrx_word' id='word_1_847' title='bbox 2383 5627 2604 5685; x_wconf 81' lang='lat' dir='ltr'>divinae</span> <span class='ocrx_word' id='word_1_848' title='bbox 2632 5625 3086 5688; x_wconf 82' lang='lat' dir='ltr'>illuminationis</span> <span class='ocrx_word' id='word_1_849' title='bbox 3113 5625 3436 5701; x_wconf 84' lang='lat' dir='ltr'>participes</span> <span class='ocrx_word' id='word_1_850' title='bbox 3455 5626 3630 5684; x_wconf 79' lang='lat' dir='ltr'>ﬁunt.</span> 
     </span>
    </p>
   </div>
  </div>
